4134 6400
434 324 540 380 665

1922 321 2249 379 ORIGEMS

3586 317 3691 374 6M

432 447 828 505 consequamur
854 446 914 486 ea
942 446 1061 501 qum
1091 446 1154 486 ex
1189 432 1301 487 Deo
1338 441 1482 487 sunt.
1520 432 1651 487 Cum
1679 434 1822 487 enim
1856 434 2013 490 ﬁdem
2042 442 2088 496 Α
2121 436 2495 491 Transibimus
2526 446 2621 505 per
2649 442 2849 489 terram
2893 441 3061 501 tuam,
3110 448 3211 505 per
3241 434 3381 489 viam
3427 434 3689 490 transihio

434 536 677 583 nostram
705 533 761 578 et
812 523 1062 579 affectum
1113 525 1472 579 obtulerimus
1507 527 1578 587 ei,
1620 533 1750 580 tunc
1793 536 1847 580 et
1898 526 2012 596 ipse

431 620 664 690 largitur
690 619 847 672 nobis
875 618 1089 671 diversa
1127 618 1269 671 dona
1298 616 1534 686 Spiritus
1560 619 1757 683 sancti,
1788 621 1853 673 de
1887 621 2010 688 qni-

430 710 533 766 bns
553 710 684 765 dicit
710 708 1003 777 Apostolus
1026 708 1072 739 ⁸⁸
1106 726 1149 761 ει
1184 707 1374 763 Omnia
1390 716 1570 762 autem
1594 722 1657 762 ex
1692 708 1797 762 Deo
1824 718 2003 763 sunt.)

430 804 498 858 Et
529 819 558 858 a
596 801 843 856 Nahaliel
873 802 1122 856 venimus
1151 800 1205 854 in
1236 800 1489 864 Bamoth,
1509 800 1653 869 quod
1686 800 2010 870 interpreta-

427 904 516 949 tur
554 895 814 948 adventus
846 893 1027 945 mortis
1063 890 1199 961 (54).
1240 888 1407 957 Cujus
1438 890 1632 943 mortis
1682 890 1769 945 hic
1814 890 2010 944 intelli-

427 987 609 1053 gimns
646 986 967 1041 adventum.
1001 983 1101 1037 nisi
1143 982 1310 1046 illius,
1334 995 1441 1050 qua
1465 981 1683 1036 Christo
1710 982 2009 1036 commori-

426 1092 552 1131 mur
578 1078 642 1141 ιθ,
678 1087 813 1131 utet
838 1075 1186 1130 convivamus
1214 1073 1284 1139 ei,
1319 1084 1492 1144 etqua
1522 1072 1781 1128 debemus
1823 1072 2010 1127 morti-

429 1166 594 1221 ﬁeare
628 1168 874 1221 membra
920 1174 1126 1229 nostra,
1160 1179 1279 1234 qua:
1312 1173 1438 1220 sunt
1480 1178 1642 1233 super
1693 1174 1892 1219 terram
1923 1163 2010 1217 9°?

426 1260 495 1313 Et
520 1262 715 1313 iterum
745 1259 788 1289 ⁹¹
831 1273 841 1305 :
888 1275 906 1308 ι
938 1256 1252 1325 Consepulti
1280 1258 1427 1309 enim
1460 1257 1536 1310 illi
1571 1271 1758 1311 sumus
1793 1270 1889 1324 per
1915 1256 2009 1309 ba-

430 1351 688 1417 ptismnm
723 1350 777 1403 in
820 1360 1015 1403 morte.
1050 1367 1068 1400 ι
1107 1347 1164 1402 Si
1221 1347 1345 1417 quis
1382 1361 1510 1417 ergo
1548 1348 1804 1402 salutaris
1849 1348 2007 1413 hujus

424 1444 527 1498 viae
552 1444 797 1499 ordinem
841 1452 1009 1507 tenet,
1046 1456 1141 1510 per
1178 1441 1294 1495 haec
1325 1440 1533 1509 singula
1567 1455 1688 1510 quae
1733 1454 2005 1493 memora-

427 1536 609 1590 vimus
649 1536 751 1589 iter
786 1548 945 1604 agere
985 1533 1161 1595 debet,
1211 1542 1267 1585 et
1316 1533 1503 1586 venire
1544 1541 1667 1600 post
1720 1532 1889 1585 multa
1938 1531 2005 1585 ad

430 1628 575 1681 hunc
610 1625 811 1688 locum,
845 1638 1006 1692 quem
1063 1623 1299 1677 diximus
1342 1622 1653 1689 signiﬁcare
1685 1622 1875 1677 mortis
1909 1623 2006 1676 ad-

424 1728 674 1774 ventum.
705 1716 771 1772 Ut
800 1724 977 1771 autem
1008 1729 1074 1770 ex
1107 1713 1406 1782 Scripturis
1434 1714 1718 1777 docemur,
1754 1721 1835 1768 est
1859 1728 2001 1782 quae-

2117 543 2259 593 mus,
2286 542 2391 582 non
2426 526 2822 581 declinahimus
2853 540 3025 594 neque
3058 527 3109 580 in
3153 541 3365 595 agrum,
3414 539 3588 595 neque
3635 526 3688 579 in

2113 620 2347 673 vineam.
2391 618 2506 672 Non
2538 619 2783 672 bibemus
2813 632 3008 687 aquam
3041 619 3106 673 de
3135 618 3251 675 lacu
3280 626 3394 683 tuo,
3422 618 3505 671 via
3542 618 3689 687 regia

2113 710 2450 775 incedemus,
2481 722 2760 777 usquequo
2792 719 3130 763 transeamus
3150 708 3283 762 ﬁnes
3315 718 3454 762 tuos.
3489 707 3555 761 Et
3581 722 3688 762 non

2111 799 2381 855 concessit
2413 799 2555 853 Seon
2584 807 2641 852 ut
2672 798 2834 852 lsrael
2869 798 3125 851 transiret
3158 811 3255 867 per
3274 797 3407 851 lines
3436 811 3586 851 suos.
3624 796 3691 850 Et

2112 892 2334 961 collegit
2362 890 2507 945 Seon
2546 904 2763 946 omnem
2806 887 3068 958 populum
3103 902 3285 954 suum,
3323 896 3378 942 et
3407 887 3542 941 exiit
3570 887 3689 941 bel-

2112 984 2344 1054 ligerare
2396 982 2682 1037 adversum
2737 980 2905 1035 lsrael
2949 980 3002 1033 in
3044 981 3286 1044 deserto,
3343 986 3399 1033 et
3445 979 3595 1032 venit
3635 979 3686 1032 in

2110 1079 2336 1138 Assaar,
2371 1083 2426 1129 et
2454 1088 2783 1142 congressus
2815 1082 2899 1127 est
2940 1087 3061 1126 cum
3106 1070 3295 1137 Israel,
3327 1080 3381 1125 et
3419 1069 3688 1138 percussit

2110 1185 2231 1223 cum
2260 1167 2424 1227 lsrael
2445 1180 2577 1221 nece
2602 1165 2786 1235 gladii,
2811 1174 2866 1219 et
2894 1165 3155 1220 dominati
3176 1174 3303 1220 sunt
3329 1172 3486 1218 terra:
3511 1163 3681 1233 ejus.»

2110 1259 2344 1313 Historia
2374 1258 2594 1327 quidem
2630 1254 2913 1309 manifesta
2947 1256 3163 1320 est,sed
3189 1256 3546 1323 deprecemur
3578 1256 3686 1309 Do-

2109 1349 2343 1412 minum,
2380 1358 2437 1401 ut
2483 1346 2683 1415 aliquid
2736 1345 2961 1415 dignum
3017 1344 3293 1412 possimus
3332 1344 3686 1399 interioribus

2108 1438 2227 1508 ejus
2251 1438 2502 1493 sensibus
2528 1436 2833 1506 pervidere.
2862 1433 3003 1488 Seon
3030 1433 3296 1504 duplicem
3332 1434 3497 1488 habet
3519 1435 3686 1488 inter-

2106 1530 2488 1597 pretationem,
2544 1528 2659 1581 sive
2711 1529 2871 1579 arbor
2924 1525 3286 1592 infructuosa,
3330 1525 3445 1580 sive
3491 1526 3682 1580 elatus.

2106 1619 2269 1674 Mittit
2297 1620 2467 1689 igitur
2498 1616 2660 1672 lsrael
2691 1617 2896 1688 legatos
2933 1616 3000 1671 ad
3026 1616 3192 1683 Seon,
3222 1615 3387 1670 mittit
3421 1617 3486 1671 ad
3522 1618 3685 1671 arbo-

2108 1723 2221 1762 rem
2248 1709 2669 1771 infructuosam,
2700 1708 2866 1761 mittit
2898 1705 2965 1759 ad
3003 1706 3231 1773 elatum,
3272 1716 3329 1760 et
3367 1706 3679 1775 superbum.

425 1807 551 1861 dam
587 1822 734 1861 mors
769 1807 989 1861 inimica
1027 1805 1248 1871 Christi,
1281 1815 1337 1859 et
1374 1806 1619 1873 quaedam
1660 1807 1834 1859 amica
1864 1806 1999 1875 ejus.
2035 1789 2076 1843 Β
2108 1799 2205 1853 Hic
2232 1807 2411 1853 autem
2437 1798 2601 1863 Seon,
2630 1812 2723 1851 rex
2757 1806 2839 1852 est
2863 1796 3330 1860 Autorrhaeorum,
3355 1797 3446 1865 qui
3490 1805 3542 1850 et
3579 1796 3681 1867 ipsi

422 1896 537 1952 Non
569 1911 703 1965 ergo
737 1896 879 1950 illius
906 1895 1098 1950 mortis
1122 1895 1251 1949 dicit
1276 1894 1512 1949 inimicae
1548 1894 1774 1961 Christi,
1806 1895 1871 1949 de
1899 1909 2003 1965 qua

422 1988 625 2043 dicitur
654 1987 723 2051 '9,
762 2006 781 2038 ι
815 1985 1155 2042 Novissimus
1183 1986 1433 2040 inimicus
1454 1986 1771 2041 destruetur
1798 2001 1996 2048 mors,»

421 2079 513 2147 qui
545 2086 630 2133 est
664 2077 916 2133 diabolus
946 2091 960 2129 :
997 2077 1093 2131 sed
1127 2076 1285 2144 hujus
1325 2076 1523 2130 mortis
1572 2090 1677 2143 qua
1712 2075 2003 2129 commori-

420 2183 542 2221 mur
563 2167 612 2221 ei
640 2176 698 2219 ut
726 2175 781 2219 et
802 2164 1155 2219 convivamus
1181 2164 1230 2218 ei
1269 2180 1282 2216 :
1324 2164 1624 2218 secundum
1660 2177 1821 2233 quam
1860 2178 2003 2219 mor-

423 2268 530 2310 tem
566 2256 698 2311 dicit
736 2256 875 2309 Deus
906 2254 953 2287 ”
987 2270 1001 2307 :
1042 2273 1062 2306 ι
1110 2252 1225 2323 Ego
1275 2253 1542 2319 occidam,
1593 2262 1650 2309 et
1688 2254 1871 2309 vivere
1915 2254 2001 2309 fa-

419 2343 587 2398 ciam.
630 2362 652 2396 »
682 2342 896 2398 Occidit
926 2344 1069 2398 enim
1117 2351 1178 2398 ut
1212 2344 1636 2399 commoriamur
1671 2342 1911 2411 Christo,
1948 2353 2002 2400 et

420 2433 607 2488 vivere
641 2432 774 2488 facit
802 2441 860 2487 ut
895 2435 1250 2489 convivamus
1279 2434 1352 2487 ei.
1398 2432 1707 2502 Optandum
1738 2449 1869 2503 ergo
1898 2449 1999 2489 nov

419 2525 504 2580 bis
528 2532 632 2589 est,
678 2534 735 2579 ut
764 2525 1047 2580 veniamus
1104 2525 1156 2579 in
1201 2524 1451 2588 Bamoth,
1495 2534 1549 2577 et
1596 2525 1999 2594 promptissime

418 2616 778 2684 suscipiamus
805 2616 975 2670 beatae
1004 2615 1163 2683 hujus
1194 2614 1384 2669 mortis
1407 2614 1723 2679 adventum,
1751 2623 1809 2668 nt
1838 2623 1891 2670 et
1919 2614 1999 2668 vi-

417 2706 624 2760 viﬁcari
679 2720 803 2761 cum
846 2705 1063 2760 Christo
1098 2719 1424 2759 mereamur.
1484 2722 1501 2755 ι
1544 2703 1611 2759 Et
1643 2721 1708 2759 ex
1748 2705 1995 2771 Bamoth,

419 2796 614 2866 inquit,
655 2797 706 2851 in
742 2812 952 2861 nemus,
988 2797 1131 2866 quod
1162 2804 1246 2851 est
1282 2795 1335 2850 in
1368 2810 1559 2865 campo
1585 2794 1762 2860 Moab,
1805 2811 1833 2849 a
1875 2810 1997 2850 ver-

414 2890 527 2947 tice
550 2891 748 2945 montis
781 2890 1007 2954 excelsi,
1046 2888 1137 2957 qui
1182 2888 1407 2959 respicit
1436 2889 1501 2943 ad
1534 2889 1836 2944 desertum.
1871 2908 1889 2941 ι
1937 2888 1993 2944 Si

422 2982 527 3037 hoc
558 2981 752 3037 itinere
783 2981 1101 3037 incedamus
1135 2981 1277 3050 quod
1304 2994 1410 3034 non
1452 2989 1557 3034 tam
1594 2979 1837 3035 locorum
1895 2996 1992 3034 vo-

415 3076 646 3143 cabulis,
693 3092 855 3145 quam
913 3079 1106 3131 animze
1165 3074 1500 3145 profectibus
1548 3081 1800 3129 constare
1850 3074 1991 3129 ratio

414 3168 818 3237 explanationis
845 3169 1103 3235 asseruit,
1128 3176 1249 3238 post
1279 3168 1462 3222 omnia
1507 3167 1609 3223 ista
1656 3167 1903 3222 venimus
1934 3169 1988 3221 in

416 3275 630 3325 nemus,
656 3262 770 3317 sive
802 3260 885 3331 (ut
925 3261 981 3314 in
1032 3260 1154 3314 aliis
1202 3258 1433 3314 habetur
1483 3258 1903 3329 exemplaribus)
1935 3259 1987 3313 in

412 3348 629 3415 lanam,
685 3352 827 3421 quod
886 3352 1272 3419 interpretatur
1320 3365 1590 3413 ascensus,
1647 3348 1761 3404 sive
1812 3359 1989 3403 vertex

415 3442 608 3495 montis
640 3440 772 3513 ('55).
804 3441 907 3497 Per
937 3442 1051 3496 haec
1076 3456 1208 3511 ergo
1238 3440 1453 3495 venitur
1478 3440 1543 3495 ad
1567 3439 1699 3494 illud
1739 3440 1988 3494 famosis-

415 3532 614 3587 simum
646 3532 809 3586 divini
858 3531 1097 3602 paradisi
1148 3545 1364 3596 nemus,
1395 3538 1450 3585 et
1487 3545 1730 3585 ammnas
1764 3530 1987 3586 delicias

415 3622 771 3678 habitationis
797 3623 1053 3691 antiquae,
1088 3621 1172 3677 vel
1213 3631 1360 3677 certe
1406 3623 1474 3676 ad
1509 3622 1773 3677 verticem
1805 3622 1987 3691 perfe-

413 3713 612 3769 ctionis
665 3723 721 3768 et
770 3713 1118 3769 beatitudinis
1173 3714 1539 3768 summitatem
1572 3730 1586 3768 :
1615 3713 1686 3767 ita
1729 3724 1787 3768 ut
1817 3715 1989 3784 possit

411 3802 577 3857 etiam
605 3803 720 3870 ipse
750 3804 954 3867 dicere,
983 3802 1109 3871 quia
1148 3820 1167 3854 ι
1195 3802 1539 3857 resuscitavit
1574 3817 1671 3857 nos
1698 3816 1818 3857 cum
1849 3805 1984 3873 ipso,

411 3900 468 3948 et
500 3892 691 3948 sedere
729 3893 859 3949 fecit
896 3894 949 3949 in
993 3892 1305 3949 caelestibus
1333 3894 1386 3946 in
1415 3890 1632 3947 Christo
1666 3893 1731 3946 σε.
1766 3912 1785 3946 )
1824 3892 1986 3950 Vides

410 3998 693 4055 quousque
715 3984 1031 4054 pervenitur
1056 3998 1086 4038 a
1113 3983 1311 4052 puteo?
1345 3982 1507 4038 Vides
1528 3983 1725 4051 quibus
1748 3984 1985 4039 mansio-

412 4077 595 4141 nibus,
629 4078 737 4133 imo
775 4078 973 4146 quibus
995 4074 1354 4146 profectibus,
1386 4074 1489 4128 iter
1527 4074 1721 4130 animae
1758 4085 1983 4144 paratur

412 4168 476 4222 ad
503 4168 739 4223 ccelum?
769 4167 898 4234 Quae
949 4168 994 4222 si
1033 4165 1320 4236 diligenter
1363 4165 1642 4236 inspicias,
1687 4164 1799 4235 ipse
1841 4166 1982 4234 apud

411 4261 755 4330 temetipsum
805 4260 1154 4330 quotidianus
1199 4258 1477 4329 profectus
1509 4267 1630 4312 tuos
1663 4257 1976 4324 discutiens,

408 4353 606 4420 quibus
633 4356 684 4408 in
709 4354 844 4409 locis
871 4354 968 4418 sis,
996 4361 1050 4407 et
1071 4367 1233 4423 quam
1268 4352 1544 4421 proximus
1566 4349 1635 4404 ad
1669 4364 1831 4419 regna
1868 4366 1981 4407 caa-

2108 1890 2543 1957 iuterpretantur
2577 1892 2629 1942 in
2659 1889 3063 1943 amaritudinem
3108 1890 3444 1952 adducentes,
3484 1888 3569 1941 vel
3602 1888 3681 1941 lo-

2106 1990 2317 2051 quentes
2353 1980 2488 2050 (56).
2516 1979 2681 2034 Mittit
2708 1994 2838 2049 ergo
2863 1980 2929 2033 ad
2960 1977 3102 2033 Seon
3128 1992 3310 2047 regem
3339 1979 3684 2032 Amorrhzeo-

2105 2088 2222 2126 rum
2249 2071 2460 2141 Moyses
2492 2072 2674 2126 verbis
2712 2069 2955 2141 pacificis
2983 2070 3170 2125 dicens
3199 2086 3213 2124 :
3243 2087 3262 2121 ι
3305 2068 3682 2125 Transibimus

2102 2181 2200 2236 per
2230 2175 2426 2221 terram
2460 2174 2628 2219 tuam.
2662 2183 2681 2216 ι
2715 2163 2771 2219 Si
2815 2163 3111 2219 secundum
3148 2162 3448 2232 spiritalem
3482 2163 3682 2217 intelli-

2102 2256 2341 2328 gentiam
2372 2256 2672 2311 dixerimus
2702 2254 2843 2310 Seon
2872 2269 3052 2324 regem
3082 2253 3310 2322 ﬁguram
3348 2262 3532 2309 tenere
3565 2252 3681 2307 dia-

2102 2348 2230 2413 boli,
2260 2349 2386 2417 quia
2430 2348 2546 2417 ipse
2598 2357 2683 2402 est
2739 2346 2915 2401 elatus
2976 2354 3031 2400 et
3081 2345 3451 2400 infructuosus
3505 2352 3679 2414 :puto

2100 2437 2241 2504 quod
2272 2452 2376 2492 non
2404 2436 2601 2492 debeas
2642 2436 2853 2499 mirari,
2880 2437 3027 2505 quod
3052 2449 3174 2490 eum
3202 2434 3431 2489 dixerim
3472 2448 3677 2503 regem,

2101 2543 2226 2584 cum
2266 2528 2455 2583 audias
2495 2529 2661 2581 etiam
2711 2528 2887 2596 ipsum
2923 2526 3207 2580 Dominum
3242 2535 3297 2579 et
3333 2524 3674 2579 Salvatorem

2100 2629 2345 2675 nostrum
2381 2620 2433 2674 in
2466 2618 2772 2688 Evangeliis
2827 2619 2895 2673 de
2937 2632 3003 2672 eo
3047 2617 3313 2672 dicentem
3341 2617 3385 2648 ""
3422 2636 3435 2670 :
3468 2634 3486 2666 ο
3539 2616 3676 2670 Ecce

2098 2728 2243 2767 nunc
2268 2712 2415 2767 venit
2448 2711 2698 2782 princeps
2726 2708 2887 2778 hujus
2918 2709 3127 2776 mundi,
3169 2718 3224 2762 et
3264 2708 3314 2762 in
3350 2722 3435 2762 me
3458 2722 3562 2761 non
3588 2706 3674 2760 in-

2096 2806 2243 2860 venit
2275 2803 2594 2874 quidquam.
2634 2821 2653 2853 ι
2685 2802 2751 2855 Ει
2780 2803 2978 2855 iterum
3010 2800 3055 2832 ³⁸
3082 2819 3093 2853 :
3133 2817 3151 2851 ι
3185 2799 3323 2854 Ecce
3349 2814 3490 2853 nunc
3524 2799 3671 2868 prin-

2095 2911 2225 2967 ceps
2262 2897 2422 2966 hujus
2471 2894 2659 2948 mundi
2700 2893 2947 2947 mittetur
2985 2892 3152 2945 foras.
3189 2907 3208 2942 ι
3258 2888 3312 2944 Si
3342 2905 3475 2960 ergo
3508 2890 3673 2944 totius

2096 2988 2280 3041 mundi
2312 2988 2567 3056 princeps
2600 3000 2720 3042 esse
2758 2985 2811 3038 in
2855 2981 3162 3051 Evangeliis
3186 2982 3406 3048 dicitur,
3437 2995 3542 3035 non
3575 2979 3672 3034 de-

2094 3078 2185 3133 bet
2218 3080 2513 3134 absurdum
2564 3076 2733 3131 videri
2779 3074 2823 3129 si
2872 3074 3014 3129 Seon
3062 3073 3172 3143 regi
3206 3073 3671 3135 Amorrhteorum,

2095 3170 2183 3225 vel
2215 3173 2380 3226 etiam
2410 3171 2533 3225 aliis
2556 3167 2889 3240 quibuslibet
2929 3166 3171 3235 gentium
3208 3165 3426 3235 regibus
3456 3178 3671 3233 compa-

2092 3271 2269 3319 retur.
2320 3262 2583 3331 Princeps
2638 3270 2823 3315 autem
2877 3259 3076 3315 dicitur
3130 3259 3339 3325 mundi,
3390 3272 3498 3312 non
3545 3257 3671 3325 quia

2091 3354 2361 3410 creaverit
2417 3354 2699 3417 mundum,
2747 3352 2841 3406 sed
2890 3353 3018 3421 quia
3070 3350 3219 3404 multi
3268 3358 3397 3404 sunt
3455 3348 3507 3403 in
3570 3347 3671 3401 hoc

2092 3446 2292 3500 mundo
2318 3456 2664 3515 peccatores.
2716 3445 2929 3502 Peccati
2964 3453 3141 3497 autem
3189 3442 3314 3511 quia
3364 3441 3481 3508 ipse
3520 3439 3671 3508 prin-

2089 3551 2219 3606 ceps
2239 3547 2344 3601 est,
2372 3535 2493 3591 ideo
2515 3536 2681 3591 etiam
2717 3536 2903 3591 mundi
2937 3535 3195 3606 princeps
3225 3531 3522 3601 appellatus
3544 3539 3625 3584 est
3649 3544 3664 3580 :

2091 3627 2146 3681 in
2191 3626 2257 3681 iis
2300 3627 2575 3695 videlicet,
2608 3629 2699 3698 qui
2735 3628 2973 3683 nondum
3014 3628 3380 3697 relinquentes
3411 3624 3667 3678 mundum

2089 3728 2480 3775 convertuntur
2503 3722 2569 3776 ad
2602 3732 2833 3792 patrem.
2871 3720 3182 3776 Secundum
3206 3720 3308 3774 hoc
3336 3717 3478 3772 enim
3509 3716 3670 3770 etiam

2090 3807 2220 3864 illud
2244 3808 2447 3865 dicitur
2480 3806 2561 3869 9'.
2618 3812 2745 3880 quia
2785 3830 2803 3864 ι
2849 3810 3028 3867 omnis
3054 3810 3287 3864 mundus
3324 3809 3376 3862 in
3431 3807 3665 3876 maligno

2087 3900 2299 3967 Positus
2331 3900 2623 3968 esthuid
2656 3903 2803 3957 enim
2855 3902 3011 3957 nobis
3060 3900 3283 3971 prodest
3319 3900 3502 3953 dicere
3539 3897 3663 3965 quia

2087 3992 2347 4061 princeps
2398 4000 2583 4048 noster
2615 3993 2868 4049 Christus
2902 4002 3007 4059 est,
3041 3994 3085 4047 si
3135 3989 3298 4047 rebus
3326 4001 3378 4046 et
3409 3985 3664 4059 operibus

2087 4095 2401 4152 arguamur,
2434 4084 2559 4153 quia
2596 4085 2845 4140 diabolus
2886 4083 3252 4154 principatum
3284 4089 3429 4136 tenet
3463 4080 3515 4134 in
3568 4094 3664 4133 no-

2086 4171 2210 4227 bis?
2235 4173 2344 4226 Aut
2375 4188 2480 4227 non
2510 4173 2688 4242 palam
2717 4183 2801 4229 est
2839 4175 2938 4230 sub
2983 4189 3092 4243 quo
3140 4173 3380 4242 principe
3407 4180 3530 4239 agat
3560 4172 3663 4223 im-

2085 4263 2333 4332 pudicus,
2357 4263 2591 4319 incestus
2617 4274 2671 4319 et
2694 4264 2959 4334 injustus?
2992 4263 3243 4333 Nunquid
3273 4269 3448 4331 potest
3473 4258 3663 4327 hujus-

2084 4353 2229 4407 modi
2294 4355 2456 4410 homo
2490 4355 2687 4421 dicere,
2724 4356 2849 4425 quia
2883 4356 2984 4410 sub
3034 4354 3251 4408 Christo
3292 4353 3498 4422 positus
3548 4354 3661 4405 haec

409 4444 585 4499 lorum
621 4444 876 4500 habearis
907 4445 1157 4498 advertes
1190 4459 1205 4497 :
1235 4444 1376 4498 sicut
1412 4451 1466 4497 et
1499 4442 1607 4506 ille,
1649 4441 1712 4494 de
1734 4456 1843 4509 quo
1875 4440 1979 4497 Do-
2011 4460 2054 4516 ι)
2084 4457 2208 4514 ago,
2246 4445 2458 4501 etiamsi
2502 4448 2604 4501 sub
2634 4447 2835 4502 Christi
2872 4445 3088 4500 nomine
3117 4446 3327 4499 censeri
3374 4443 3661 4499 videatur?

406 4535 588 4588 minus
613 4535 749 4589 dixit
776 4536 843 4599 ’³,
881 4535 1005 4603 quia
1050 4552 1068 4585 ι
1101 4547 1207 4587 non
1236 4534 1392 4601 longe
1430 4547 1490 4586 es
1519 4546 1546 4583 a
1584 4543 1759 4597 regno
1793 4530 1909 4584 Dei.
1947 4547 1968 4583 ι

475 4627 531 4678 ι.
573 4625 940 4693 Subsequitur
987 4633 1109 4694 post
1156 4625 1272 4678 hare
1324 4632 1379 4678 et
1428 4622 1532 4675 alia
1577 4619 1832 4675 historia.
1885 4621 1977 4675 Ait

406 4721 551 4773 enim
574 4719 619 4750 9°
651 4734 664 4768 :
696 4736 715 4769 ι
777 4718 843 4771 Ει
893 4716 1039 4770 misit
1072 4715 1305 4785 Moyses,
1339 4732 1358 4765 ι
1406 4720 1498 4766 aut
1532 4713 1612 4781 (ut
1657 4711 1887 4766 habetur
1921 4714 1974 4767 in

405 4807 678 4863 nonnullis
710 4806 1176 4876 exemplaribus),c
1210 4812 1265 4859 et
1296 4801 1441 4857 misit
1468 4800 1634 4855 lsrael
1669 4800 1871 4870 legatos
1908 4804 1975 4857 ad

406 4899 549 4956 Seon
584 4916 761 4969 regem
792 4898 1229 4955 Amorrhaeorum
1252 4894 1432 4950 verbis
1450 4893 1711 4964 pacificis,
1740 4894 1927 4951 dicens
1956 4915 1968 4951 :

475 5018 520 5048 ⁸⁸
548 5017 565 5071 l
597 5016 724 5073 Cor.
758 5031 874 5081 Vlll,
903 5015 957 5069 6.

405 5103 576 5149 χχχιι,
622 5087 712 5141 59.
815 5086 862 5117 ’⁵
908 5084 1119 5153 Ephes._
1164 5099 1222 5148 ιι,
1274 5083 1326 5137 6.
1422 5083 1486 5153 γ⁹⁸
1514 5080 1681 5137 Marc.
1723 5098 1819 5149 xu,
1857 5083 1945 5139 54.

402 5158 447 5189 ³⁸
478 5157 637 5213 Joan.
665 5172 764 5222 xu,
801 5155 890 5209 51.
957 5151 1010 5187 ’⁸9
1045 5154 1059 5207 l
1090 5151 1243 5208 Joan.
1288 5169 1340 5218 v,
1377 5152 1465 5206 19.

473 5292 586 5363 (51)
621 5289 687 5345 1η
713 5290 963 5355 ΒιιηιοιΙι,
992 5290 1132 5363 quod
1163 5290 1535 5363 interpretatur
1552 5299 1828 5363 ADvENTus
1849 5304 1975 5343 tton-

402 5359 792 5443 τιέᾚίιιιὶτιιηι
844 5376 873 5414 a
931 5361 1114 5414 radice
1153 5368 1287 5425 ma,
1323 5378 1341 5410 ι
1380 5359 1551 5424 venit,
1583 5360 1830 5445 advenit,
1871 5378 1890 5412 ι
1923 5369 1978 5416 et

402 5433 622 5485 nomine
658 5440 775 5491 mn
813 5449 831 5481 ι
862 5445 1059 5485 mors.»

474 5500 586 5566 (55)
624 5502 689 5552 In
724 5499 944 5562 Janam,
970 5498 1110 5566 quod
1141 5500 1518 5565 interpretatur
1552 5506 1832 5559 ASCENSUS,
1872 5499 1979 5551 sive

404 5583 614 5625 νιῖιιτιῖχ
638 5583 854 5622 ιιοχτιε.
893 5569 947 5622 In
996 5567 1271 5621 hodiernis
1308 5566 1417 5618 τῶν
1465 5569 1520 5619 0¹
1577 5566 1979 5634 exemplaribus

404 5639 560 5691 Nutu.
593 5656 704 5703 χχι,
725 5641 815 5700 20,
846 5639 1039 5702 legitur
1070 5638 1163 5690 καὶ
1180 5636 1285 5689 ἀπὸ
1304 5636 1501 5706 Βαμὼθ
1527 5638 1607 5697 εἰς
1635 5636 1833 5703 νάπην,
1851 5636 1977 5688 olim

402 5708 521 5764 loco
562 5709 641 5767 εἰς
698 5708 876 5767 νάπην
923 5708 1080 5763 modo
1122 5708 1401 5768 legebatur
1444 5708 1524 5764 εἰς
1581 5707 1774 5764 Ἰάννη.
1820 5707 1980 5761 modo

1034 5014 1079 5045 ‘9
1119 5011 1403 5067 lTbessal.
1439 5027 1492 5073 v,
1528 5012 1614 5065 10.
1692 5011 1736 5043 ⁹⁰
1771 5010 1975 5069 Coloss.
2011 5031 2093 5076 ιιι,
2123 5019 2177 5074 5.
2278 5020 2319 5051 ⁹¹
2348 5021 2508 5073 Rom.
2535 5035 2607 5086 vI,
2639 5021 2696 5075 4.
2802 5018 2897 5073 "l
2933 5018 2987 5073 Ct

1034 5098 1107 5140 es.
1164 5099 1222 5145 ιι,
1274 5083 1326 5137 6.
1440 5080 1681 5137 “Marc.
1723 5098 1819 5145 xu,
1857 5083 1945 5139 54.
2024 5087 2069 5119 ⁹⁶
2104 5088 2268 5142 Νιιηι.
2321 5106 2439 5145 xxi.
2494 5090 2586 5145 2|.
2646 5090 2739 5145 22.
2790 5091 2882 5145 25.
2919 5089 2987 5143 24

2157 5104 2268 5142 um.
2321 5106 2439 5156 xxi,
2494 5104 2586 5157 τι,
2646 5104 2739 5158 zz,
2790 5104 2882 5155 τι),
2919 5104 3009 5143 24.

2085 4533 2140 4588 ln
2169 4552 2276 4605 quo
2297 4535 2549 4593 Christus
2575 4540 2933 4609 principatum
2964 4539 3123 4607 gerit,
3148 4538 3297 4592 nulla
3326 4537 3398 4592 ibi
3423 4536 3659 4590 immun-

2087 4626 2240 4691 ditia,
2265 4628 2409 4681 nulla
2444 4629 2703 4698 iniquitas
2725 4622 3047 4695 admittitur,
3065 4643 3163 4684 nec
3190 4629 3393 4685 habere
3422 4627 3657 4695 aliquem

2087 4717 2262 4772 locum
2299 4728 2475 4787 potest
2502 4720 2697 4789 injusta
2733 4720 3020 4788 cupiditas.
3044 4720 3351 4775 Secundum
3377 4719 3521 4773 hunc
3552 4718 3658 4771 ita-

2086 4824 2191 4879 que
2236 4813 2453 4867 modum
2507 4820 2657 4867 recte
2691 4821 2745 4867 et
2780 4813 3032 4868 Christus
3070 4813 3331 4867 virtutum
3380 4812 3655 4880 princeps,

2057 4911 2137 4955 oet
2189 4902 2438 4958 diabolus
2481 4903 2703 4958 malitia:
2760 4919 2825 4959 ac
2879 4904 3042 4959 totius
3089 4904 3394 4974 iniquitatis
3427 4903 3655 4958 dicetur.

2802 5022 2848 5052 ¹³²
2877 5018 2897 5073 l
2933 5018 3059 5073 Cor.
3109 5035 3199 5083 xv,
3228 5018 3321 5073 26.
3426 5019 3470 5049 "
3501 5016 3656 5070 Dent.

2278 5020 2319 5051 ⁹¹
2348 5021 2508 5073 Rom.
2535 5035 2607 5086 vI,
2639 5021 2696 5075 4.
2802 5022 2848 5052 ¹³²
2877 5020 2897 5073 l
2933 5020 3059 5073 Cor.
3109 5035 3199 5083 xv,
3228 5020 3321 5073 26.
3426 5020 3470 5049 "
3501 5020 3654 5070 Dent.

2321 5106 2439 5151 χχι,
2494 5090 2586 5151 2|,
2646 5090 2739 5151 22,
2790 5091 2882 5151 25,
2919 5089 3009 5143 24.
3120 5090 3164 5121 "
3197 5087 3354 5144 Joan.
3402 5103 3514 5151 xiv,
3563 5086 3654 5139 50.

2078 5298 2157 5358 εἰς
2182 5296 2368 5369 Α’ῐὰννη
2396 5298 2592 5369 νάπην.
2625 5299 2680 5352 ln
2716 5299 2943 5354 Hebraeo
2972 5306 3149 5354 autem
3188 5299 3337 5354 fonte
3380 5296 3513 5354 nihil
3550 5312 3652 5369 _t_'e-

2079 5367 2289 5440 pet-itur
2318 5370 2459 5421 unde
2488 5367 2682 5423 numen
2727 5369 2898 5440 Ἰάννη
2935 5371 3050 5423 erui
3088 5370 3275 5439 possit,
3308 5369 3411 5424 nisi
3444 5370 3497 5423 in
3548 5367 3651 5421 lle~

2077 5437 2227 5507 hrzca
2250 5452 2379 5490 voce
2407 5445 2536 5497 nun
2570 5452 2665 5506 pro
2697 5437 2897 5506 ghimel'
2926 5437 3149 5507 legerint
3176 5456 3303 5493 nun.

2149 5505 2735 5573 (56)Αιιιονι·1ιαιὸγιιηι,
2777 5509 2866 5573 qui
2898 5520 2942 5559 et
2983 5505 3089 5575 ipsi
3128 5510 3546 5572 interpretantur
3596 5523 3646 5562 IN

2082 5590 2484 5630 auxmwomeu
2527 5592 2870 5635 ADDICENTES
2944 5579 3016 5633 tet
3088 5578 3483 5645 LOQUENTES.A
3519 5585 3653 5635 ’ΠΕ

2085 5659 2103 5693 1
2135 5656 2375 5697 amarum
2408 5657 2546 5699 €850.
2582 5662 2600 5696 ι
