4134 6434
432 412 542 470 665
1623 401 1690 457 ΙΝ
1726 400 2060 457 NUMEROS

2048 400 2060 453 ἱ
2082 400 2365 458 ΙΙΟΜΙΙᾸᾹ
2389 401 2523 458 XIII.
3579 412 3680 465 666

430 528 599 584 Mittit
629 527 789 603 igitur
814 524 977 580 Israel
1010 524 1214 593 legatos
1238 522 1301 577 ad
1340 538 1517 593 regem
1538 522 2000 588 Amorrhmornm,
2032 528 2077 583 Λ
2108 524 2193 578 da.
2230 544 2247 576 ι
2286 526 2379 579 Via
2396 541 2524 596 ergo
2552 525 2719 594 regali
2757 527 3110 581 incedendum
3139 534 3241 590 est,
3277 541 3378 581 nec
3403 525 3673 579 (ICCIIIIml-

431 632 616 686 regem
656 603 712 669 in
741 613 1111 668 amaritudine
1147 614 1578 682 provocantium,
1610 629 1790 682 regem
1836 612 2003 667 infru-
2106 616 2234 669 dum
2259 632 2486 686 usquam
2519 630 2692 684 neque
2719 615 2770 670 in
2792 631 2977 683 agrum
3008 616 3147 686 ejus,
3180 633 3355 686 neque
3385 618 3435 669 in
3467 616 3678 668 vineam

426 717 699 772 ctuosum,
739 721 920 774 regem
950 705 1122 775 316
1153 705 1465 775 superbum.
1513 704 1792 769 Quomodo
1819 722 2003 775 super-
2105 708 2222 775 ejus
2251 725 2263 760 :
2294 707 2345 761 id
2379 715 2463 760 est
2500 721 2673 775 neque
2703 706 2771 759 ad
2802 721 2988 774 opera,
3028 722 3203 775 neque
3237 709 3302 761 ad
3339 723 3529 761 sensus
3566 708 3651 758 dia

426 799 547 865 bus,
586 798 859 869 quomodo
889 798 1064 851 elatus
1113 794 1395 849 docebitur
1439 796 1722 850 diabolus?
1764 799 1882 867 Ipse
1921 810 2003 853 est
2106 801 2314 856 bolicos
2338 801 2615 855 declinare
2665 800 2806 853 ultra
2849 816 3005 855 mens
3045 801 3278 854 ﬁdelium
3320 801 3495 854 debet.
3532 799 3679 865 Quo-

425 889 517 956 ιιιιὶ
556 888 691 943 dixit
718 886 737 919 ¹
780 906 795 942 :
832 905 851 939 ι
886 887 1098 941 Virtute
1128 901 1245 940 mea
1274 886 1492 951 faciam,
1522 896 1576 941 et
1619 888 1884 956 sapientia
1920 891 2002 943 in-
2104 892 2265 945 modo
2302 906 2429 959 ergo
2465 891 2710 945 volumus
2740 888 2873 943 ﬁnes
2903 891 3345 943 Amorrhzrorum
3376 904 3499 944 cum
3543 904 3677 958 pace

431 983 676 1038 tellectus
710 982 817 1037 mei
863 981 1112 1035 auferam
1145 981 1281 1035 lines
1324 981 1591 1050 gentium,
1622 991 1676 1035 et
1718 982 1998 1037 fortitudi-
2105 984 2381 1039 transire?
2438 983 2766 1047 Amorrlttei,
2814 982 3110 1036 inﬁdelium
3164 983 3253 1049 qui
3298 989 3424 1035 sunt
3470 982 3521 1035 in
3575 983 3676 1035 hoc

427 1089 551 1129 nem
583 1089 772 1129 eorum
815 1074 1192 1144 depraedabor,
1246 1081 1302 1127 et
1350 1075 1704 1129 commovebo
1748 1075 1999 1131 civitates
2102 1076 2304 1130 mundo
2350 1089 2455 1143 pax
2501 1074 2667 1143 accipi
2707 1083 2921 1142 potest:
2950 1075 3045 1127 sed
3086 1074 3170 1127 isti
3226 1074 3672 1141 interpretantur,

424 1180 547 1233 quae
582 1166 980 1231 inhabitantur,
1014 1174 1067 1220 et
1111 1166 1422 1220 universum
1476 1166 1664 1219 orbem
1717 1173 1872 1220 teme
1905 1183 1996 1220 ca-
2101 1176 2159 1221 nt
2187 1182 2349 1237 supra
2388 1166 2642 1232 diximus,
2675 1168 2753 1221 vel
2799 1168 2852 1220 in
2883 1167 3296 1219 amaritudinem
3332 1166 3673 1227 adducentes,

422 1256 566 1323 piam
596 1272 756 1311 manu
790 1272 904 1311 mea
937 1256 1078 1312 sicut
1102 1256 1308 1311 nidum.
1344 1275 1362 1308 ι
1400 1256 1463 1310 Ει
1492 1256 1686 1310 iterum
1727 1250 1857 1310 dicit
1883 1256 1997 1310 ela-
2099 1255 2182 1309 vel
2219 1255 2508 1325 loquentes.
2537 1255 2601 1308 Et
2622 1254 2890 1324 quomodo
2919 1254 3134 1321 quidem
3164 1256 3215 1307 in
3254 1255 3671 1308 amaritudinem

424 1356 511 1401 tus
534 1347 620 1401 hic
649 1356 703 1400 et
738 1348 1005 1415 superbus
1037 1349 1057 1379 ¹
1099 1364 1112 1400 :
1147 1365 1164 1398 ι
1203 1345 1508 1401 Ascendam
1548 1346 1600 1400 in
1634 1347 1852 1412 coelum,
1903 1361 1996 1399 su-
2098 1346 2371 1400 adducant
2401 1346 2565 1400 Deum
2600 1346 2849 1401 inﬁdeles
2897 1355 2952 1399 et
2995 1346 3287 1410 increduli,
3331 1345 3674 1415 expositione

420 1452 518 1507 pra
549 1437 727 1492 sidera
753 1439 877 1492 (εωιὶ
912 1452 1105 1504 ponam
1136 1438 1388 1491 thronum
1422 1452 1622 1492 meum.
1672 1436 1881 1492 Sedebo
1941 1437 1993 1490 in
2099 1456 2203 1494 non
2252 1441 2457 1509 indiget
2495 1457 2508 1492 :
2541 1442 2683 1508 quod
2740 1447 2918 1492 autem
2973 1442 3050 1493 ait
3093 1439 3385 1509 loquentes,
3424 1442 3489 1495 ad
3526 1441 3671 1494 illam

420 1536 603 1584 monte
628 1529 863 1593 excelso,
892 1543 1055 1598 supra
1078 1536 1288 1583 montes
1318 1528 1456 1582 altos
1480 1527 1572 1595 qui
1597 1536 1722 1581 sunt
1746 1526 1812 1580 ad
1844 1527 1994 1595 aqui-
2096 1542 2305 1602 partem
2337 1535 2478 1588 trahi
2507 1541 2685 1603 potest
2701 1531 3067 1600 quainﬁdeles
3093 1533 3291 1601 quique
3319 1540 3373 1587 et
3400 1533 3500 1587 sub
3525 1534 3675 1601 prin—

418 1616 621 1685 Ionem,
649 1622 937 1675 ascendam
972 1634 1137 1687 supra
1168 1620 1367 1684 nubes,
1398 1628 1453 1672 et
1478 1634 1577 1673 ero
1611 1604 1804 1673 similis
1828 1619 1992 1674 Altis-
2095 1627 2214 1695 cipe
2244 1624 2463 1679 diabolo
2491 1634 2717 1695 agentes
2740 1623 2884 1691 loqui
2918 1634 3118 1677 norunt
3143 1624 3541 1690 tantummodo,
3575 1625 3670 1677 sed

414 1709 577 1764 simo.
621 1729 641 1763 ι
672 1711 863 1766 Adhuc
892 1710 1123 1780 requiris
1154 1710 1199 1765 si
1240 1710 1355 1779 ipse
1385 1709 1459 1764 sit
1481 1709 1654 1765 elatus
1708 1719 1763 1765 et
1800 1726 1992 1781 super—
2095 1718 2390 1787 loquuntur
2416 1716 2619 1771 inania.
2648 1716 2811 1771 Verbi
2842 1731 3029 1779 causa,
3064 1723 3123 1767 ut
3155 1725 3326 1784 poetae
3367 1731 3578 1780 eorum,
3616 1725 3674 1769 ut

412 1801 554 1857 bus?
582 1802 693 1859 Imo
722 1804 901 1873 potius
932 1810 987 1858 et
1035 1803 1149 1872 ipse
1182 1803 1452 1871 superbus
1480 1813 1563 1858 est
1606 1812 1660 1858 et
1699 1804 1899 1869 elatus,
1937 1816 1990 1860 et
2024 1860 2063 1879 ﬁ
2094 1809 2378 1879 astrologi,
2404 1817 2462 1862 at
2484 1806 2725 1861 nonnulli
2755 1808 2918 1861 etiam
2952 1806 3411 1875 phiiosophorum.
3440 1806 3530 1873 qni
3559 1806 3667 1859 ina-

412 1895 507 1951 ille
540 1896 632 1965 qui
662 1897 814 1966 quasi
858 1898 1170 1966 unigenitus
1200 1896 1317 1965 ejus
1356 1906 1458 1963 est,
1485 1898 1553 1952 de
1595 1912 1701 1967 quo
1730 1888 1989 1967 scriptum
2024 1860 2066 1917 Β
2095 1902 2185 1956 nia
2245 1860 2537 1969 loquuntur
2578 1910 2633 1955 et
2670 1912 2826 1954 vana.
2888 1896 3156 1952 Fidelium
3212 1905 3393 1949 autem
3446 1910 3671 1963 regnum

409 1996 497 2042 est
537 1986 579 2054 ³,
611 1987 737 2056 quia
772 2006 791 2040 ι
841 1987 1122 2043 extollitur
1168 2002 1334 2056 super
1381 2002 1541 2042 omne
1592 1989 1737 2057 quod
1790 1990 1991 2044 dicitur
2093 1994 2237 2062 quod
2267 2009 2295 2045 a
2327 1994 2435 2048 Deo
2459 2004 2561 2057 est,
2592 2007 2696 2046 non
2731 1990 2782 2043 in
2816 2003 3069 2042 sermone
3097 1995 3200 2052 est,
3227 1986 3320 2041 sed
3357 1985 3409 2038 in
3445 1986 3670 2041 virtute.

413 2076 577 2143 Deus,
611 2080 866 2148 autquod
897 2079 1131 2134 colitur:
1158 2080 1229 2134 ita
1258 2089 1315 2134 ut
1346 2081 1399 2133 in
1427 2080 1628 2149 templo
1653 2080 1745 2135 Dei
1782 2082 1986 2147 sedeat,
2093 2086 2355 2141 Volumus
2384 2098 2515 2153 ergo
2555 2095 2655 2136 nos
2700 2077 2928 2148 paciﬁce
2967 2078 3203 2131 transire
3251 2090 3346 2144 per
3390 2077 3669 2137 mundum,

410 2176 698 2230 ostentans
745 2185 803 2224 se
851 2177 1107 2239 tanquam
1139 2170 1209 2225 sit
1246 2169 1407 2225 Deus.
1454 2190 1473 2222 ι
1509 2170 1701 2226 Omnis
1735 2186 1867 2242 ergo
1894 2175 1986 2242 qui
2092 2177 2185 2233 sed
2217 2178 2318 2232 hoc
2342 2176 2519 2244 ipsum
2548 2172 2721 2242 magis
2750 2169 3259 2238 incitatprincipcm
3287 2168 3495 2232 mundi,
3524 2168 3670 2235 quod

411 2261 588 2316 elatus
615 2270 701 2317 est
722 2271 778 2318 et
811 2263 1097 2331 superbus,
1126 2263 1210 2318 vel
1252 2262 1393 2318 ﬁlius
1427 2273 1509 2319 est
1535 2264 1658 2319 elati
1690 2264 1870 2331 hujus,
1902 2267 1986 2321 vel
2090 2270 2321 2325 dicimus
2344 2281 2443 2320 nos
2472 2263 2617 2318 nolle
2643 2276 2962 2332 permanere
2994 2274 3116 2313 cum
3151 2258 3286 2327 ipso,
3306 2272 3407 2312 nec
3443 2258 3667 2325 morari,

409 2353 709 2421 discipulus
734 2362 787 2409 et
825 2353 1089 2408 imitator.
1116 2355 1180 2408 Et
1217 2362 1504 2423 propterea
1525 2357 1659 2411 dicit
1692 2356 1987 2424 Apostolus
2091 2374 2188 2414 nec
2211 2358 2416 2428 aliquid
2450 2355 2566 2425 ejus
2590 2352 2726 2407 velle
2749 2354 3065 2421 contingere
3097 2368 3110 2403 :
3148 2350 3270 2403 inde
3315 2348 3487 2417 magis
3535 2363 3669 2402 exa—

408 2442 474 2498 de
503 2445 734 2513 quodam
775 2444 797 2477 ‘
830 2461 843 2498 :
876 2463 894 2495 ‹
929 2445 1008 2499 Ne
1038 2445 1177 2500 forte
1202 2445 1382 2500 elatus
1413 2445 1615 2503 incidat
1640 2450 1689 2503 in
1721 2448 1983 2517 judicium
2089 2453 2360 2517 cerbatur,
2394 2448 2517 2503 inde
2540 2447 2838 2511 extollitur,
2881 2453 2936 2498 et
2966 2444 3242 2507 irascitur,
3275 2451 3325 2495 et
3354 2454 3661 2495 commovet

407 2534 644 2602 diaboli;
682 2555 702 2588 ι
739 2540 1036 2593 ostendens
1057 2552 1154 2607 per
1181 2538 1305 2607 hoc,
1338 2542 1462 2610 quia
1495 2542 1674 2597 omnis
1701 2541 1878 2597 elatus
1911 2542 1985 2595 si-
2088 2543 2243 2599 nobis
2266 2543 2691 2613 persecutiones,
2731 2536 2969 2609 pericula
3000 2534 3246 2599 suscitat,
3277 2532 3552 2587 cruciatus
3580 2531 3666 2584 in-

410 2626 521 2681 mili
559 2636 617 2680 ut
648 2629 894 2685 diabolus
931 2630 1137 2699 judicio
1171 2633 1649 2688 condemnabitur.
1711 2632 1816 2689 Nos
1852 2649 1983 2704 ergo
2090 2644 2281 2691 tentat.
2317 2635 2381 2688 Et
2429 2635 2549 2688 ideo
2601 2632 2756 2687 dicit:
2780 2652 2795 2680 ε
2820 2627 3205 2698 CengrcgaVil,
3237 2625 3413 2695 inquit
3445 2624 3488 2691 ⁷,
3520 2624 3663 2678 50°“

408 2731 593 2773 sumus
620 2720 711 2788 qui
748 2722 981 2776 transire
1013 2723 1264 2780 volumus
1296 2740 1394 2795 per
1419 2725 1561 2781 hunc
1603 2730 1883 2793 mundum,
1926 2736 1983 2781 ut
2084 2741 2303 2784 omnem
2327 2725 2583 2795 populum
2616 2738 2798 2787 suum,
2837 2732 2891 2775 et
2916 2720 3049 2774 exiit
3076 2716 3366 2785 conﬂigere
3401 2716 3666 2770 adversus

406 2808 690 2877 pervenire
713 2812 984 2880 possimus
1017 2813 1083 2867 ad
1117 2822 1319 2868 terram
1345 2824 1612 2879 sanctam,
1642 2830 1761 2885 quae
1796 2831 1981 2885 repro-
2084 2818 2270 2875 Israel.
2316 2838 2334 2869 ι
2374 2815 2505 2882 Quis
2537 2826 2619 2869 est
2656 2814 2834 2868 omnis
2874 2810 3103 2881 p0pulus
3140 2808 3308 2874 Seon,
3345 2821 3503 2877 quem
3535 2821 3662 2860 con-

403 2900 567 2955 missa
596 2910 678 2955 est
707 2904 910 2959 sanctis
956 2923 969 2957 :
1016 2913 1070 2958 et
1103 2907 1368 2962 mittimus
1403 2908 1587 2962 verbis
1625 2907 1865 2977 paciﬁcis
1913 2912 1978 2963 ad
2081 2913 2219 2965 citat
2261 2917 2454 2963 contra
2503 2907 2707 2961 Israel?
2765 2903 3047 2971 Principes
3095 2917 3158 2956 ac
3201 2900 3413 2969 jndices
3452 2901 3663 2964 mundi,

402 2991 573 3060 Seon,
621 2996 1000 3064 promittentes
1048 3012 1155 3052 non
1206 3014 1305 3054 nos
1346 2999 1685 3055 habitaturos
1735 3002 1787 3055 in
1830 3010 1976 3057 terra
2082 3000 2378 3067 cunctique
2404 2998 2661 3067 nequitiae
2686 2993 3056 3060 ministri,qui
3085 2993 3659 3061 impugnantsemper,

397 3084 539 3155 ejus,
581 3102 683 3144 nec
715 3097 1022 3143 moraturos
1051 3102 1172 3142 cum
1205 3104 1294 3154 eo,
1343 3091 1435 3145 sed
1483 3091 1813 3145 transituros
1857 3101 1979 3144 tan-
2082 3100 2136 3145 et
2162 3097 2565 3158 persequuntur
2593 3086 2845 3154 populum
2867 3083 3106 3136 Dci.Sed
3130 3082 3260 3149 quid
3294 3080 3429 3134 facit
3458 3082 3663 3136 Israel?

399 3179 699 3245 tummodo,
727 3188 783 3234 et
809 3180 1123 3241 incessuros
1146 3183 1230 3235 via
1255 3181 1445 3251 regali,
1481 3196 1582 3236 nec
1607 3181 1975 3236 declinaturos
2003 3196 2045 3253 ο
2087 3197 2106 3231 ι
2150 3178 2327 3241 Venit,
2364 3177 2537 3245 inquit
2584 3177 2640 3239 ⁸,
2700 3175 2752 3228 in
2786 3173 2982 3229 lssaar.
3014 3191 3035 3224 ι
3071 3170 3250 3225 Issaar
3274 3172 3664 3239 interpretatur

395 3283 648 3337 usquam,
677 3284 853 3338 neque
873 3270 925 3323 in
956 3285 1359 3341 agrum,neque
1393 3270 1447 3324 in
1480 3270 1713 3333 vineam,
1741 3270 1834 3324 sed
1874 3285 1976 3325 nec
2081 3271 2321 3326 mandati
2355 3267 2658 3337 adimpletio
2690 3267 2825 3338 (57).
2877 3266 2935 3320 Si
2980 3278 3112 3332 ergo
3154 3263 3438 3319 veniamus
3477 3272 3531 3318 et
3562 3277 3662 3318 nos

396 3360 463 3414 de
489 3359 612 3415 lacu
640 3359 756 3430 ejus
779 3376 973 3429 aquam
1000 3361 1588 3418 bibituros.Videamus
1605 3376 1735 3431 ergo
1759 3361 1976 3431 quando
2079 3364 2144 3418 ad
2176 3364 2352 3416 locum
2401 3362 2586 3424 istum,
2653 3361 2703 3415 id
2757 3371 2842 3415 est
2887 3358 2954 3411 ad
2986 3358 3348 3429 cxplctionem
3383 3357 3661 3411 mandato—

397 3465 495 3504 nos
525 3450 625 3505 ista
656 3452 1026 3519 promisimus,
1053 3453 1269 3520 quando
1303 3454 1417 3508 lucc
1445 3453 1607 3509 verba
1645 3452 1864 3507 diabolo
1888 3453 1975 3507 de-
2078 3471 2221 3517 rum,
2254 3453 2470 3508 etiamsi
2509 3468 2631 3507 cum
2664 3452 2811 3521 omni
2849 3452 3093 3505 exercitu
3140 3450 3328 3502 veniat
3372 3450 3657 3502 adversum

392 3541 782 3597 nuntiavimus.
812 3543 1149 3599 Recordetur
1171 3546 1542 3614 unusquisque
1561 3544 1819 3610 ﬁdelium,
1848 3560 1971 3599 cum
2076 3562 2174 3601 nos
2216 3544 2357 3599 Seon
2394 3545 2496 3598 iste
2525 3547 2721 3608 elatus,
2750 3552 2810 3596 et
2849 3543 3117 3610 superbus
3141 3540 3404 3604 diabolus,
3444 3550 3501 3595 et
3523 3556 3656 3595 (ξοιιο

392 3632 628 3701 primum
656 3634 805 3690 venit
834 3634 902 3689 ad
926 3650 1095 3704 aquas
1117 3633 1399 3704 baptismi,
1430 3650 1551 3690 cum
1596 3636 1874 3705 signacula
1910 3637 1972 3691 ﬁ-
2074 3638 2223 3709 Iligat
2244 3638 2533 3691 adversum
2563 3650 2680 3701 nos,
2728 3635 2772 3691 si
2809 3649 3001 3689 onmes
3032 3648 3161 3688 suos
3188 3640 3378 3687 contra
3411 3648 3508 3688 nos
3540 3632 3653 3687 da:-

391 3722 477 3777 dei
508 3725 685 3793 prima
721 3728 984 3797 suscepit,
1016 3735 1071 3784 et
1099 3729 1163 3782 ad
1194 3729 1399 3784 fontem
1430 3728 1686 3795 salutaris
1714 3730 1968 3796 accessit,
2074 3744 2262 3785 mones
2309 3728 2570 3792 concitet,
2622 3741 2940 3797 superamus
2986 3740 3109 3780 eum
3163 3724 3206 3778 si
3262 3724 3355 3778 Dei
3404 3725 3651 3780 mandata

390 3815 587 3883 quibus
620 3817 692 3872 ibi
728 3827 854 3874 tunc
885 3834 1013 3874 usus
1046 3819 1118 3873 sit
1150 3821 1349 3886 verbis,
1374 3828 1428 3875 et
1455 3821 1581 3889 quid
1612 3823 1969 3877 renuntiave-
2072 3819 2429 3890 complemus.
2454 3810 2736 3888 Complere
2760 3814 2901 3871 enim
2930 3815 3202 3877 mandata,
3227 3814 3329 3867 hoc
3360 3823 3442 3867 est
3467 3814 3654 3867 diabo-

390 3907 461 3961 rit
512 3907 772 3963 diabolo:
818 3924 922 3964 non
967 3925 1027 3965 se
1077 3927 1302 3965 usurum
1352 3913 1563 3981 pompis
1609 3912 1745 3981 ejus,
1793 3928 1969 3982 neque
2072 3911 2182 3964 Ium
2213 3920 2267 3964 et
2295 3925 2510 3965 omnem
2560 3908 2678 3976 eius
2719 3905 3021 3962 exercitum
3079 3920 3361 3974 superare.
3415 3905 3480 3957 Et
3529 3915 3654 3959 tunc

389 4003 643 4072 operibus
674 4006 813 4075 ejus,
845 4020 1021 4075 neque
1065 4005 1190 4061 ullis
1226 4009 1453 4063 omnino
1476 4010 1719 4065 servitiis
1748 4009 1869 4079 ejus
1904 4025 1968 4065 ac
2071 4000 2440 4068 complebitur‘
2488 4001 2541 4054 in
2582 4000 2740 4056 nobis
2776 3998 3078 4068 apostolica
3117 3997 3292 4051 oratio
3323 4011 3426 4064 qua
3471 3994 3597 4049 ait’
3632 4011 3647 4049 :

389 4096 760 4167 voluptatibus
790 4100 1120 4167 paritur-um,
1150 4100 1216 4156 Et
1247 4100 1351 4156 hoc
1380 4111 1463 4156 est
1503 4102 1645 4169 quod
1696 4102 1780 4156 his
1832 4102 1968 4170 legis
2076 4110 2094 4143 ι
2133 4093 2273 4147 Deus
2295 4102 2475 4146 autem
2504 4101 2746 4147 conteret
2796 4092 3054 4145 Satanam
3096 4087 3198 4144 sub
3233 4088 3396 4157 pedes
3433 4096 3652 4141 nostros

389 4190 729 4244 sermonibus
775 4189 1151 4255 adumhratur,
1182 4192 1309 4259 quia
1356 4206 1461 4246 non
1502 4192 1737 4247 declinet
1779 4193 1961 4257 Israel,

2070 4182 2345 4236 velociter.
2384 4202 2403 4234 ι
2442 4182 2505 4236 Ει
2552 4182 2680 4237 illud
2737 4183 2883 4251 quod
2917 4180 3174 4235 Dominus
3218 4181 3293 4232 ait
3322 4180 3406 4233 “'2
3445 4197 3464 4229 ι
3509 4178 3650 4232 Ecce

390 4295 562 4349 neque
600 4280 653 4334 in
686 4295 877 4348 agrum
916 4280 1056 4349 ejus,
1101 4296 1278 4351 neque
1328 4282 1381 4334 in
1416 4282 1628 4337 vineam
1672 4282 1804 4351 ejus,
1856 4284 1963 4339 sed
2068 4273 2189 4327 dedi
2226 4274 2384 4328 vobis
2431 4281 2757 4343 potestatem
2809 4273 3052 4328 calcandi
3086 4286 3253 4341 super
3287 4279 3569 4341 serpentes
3595 4282 3649 4324 et

390 4386 562 4441 neque
592 4388 790 4441 aquam
832 4372 899 4427 de
933 4372 1053 4428 lacu
1086 4373 1203 4441 ejus
1240 4373 1531 4443 pollicetur
1560 4391 1617 4430 se
1650 4391 1773 4431 esse
1814 4387 1964 4447 pata-

2067 4366 2403 4436 scorpiones,
2446 4376 2501 4422 et
2548 4381 2713 4436 super
2744 4381 2961 4421 omnem
2997 4367 3251 4422 virtutem
3307 4365 3537 4430 inimici,
3593 4375 3648 4419 et

390 4470 586 4514 turum.
621 4460 734 4516 Non
770 4463 915 4516 enim
970 4462 1111 4517 ultra
1159 4463 1458 4534 disciplina:
1506 4464 1808 4535 diabolicre,
1856 4483 1958 4521 non
1995 4526 2033 4535 _
2070 4460 2207 4513 nihil
2231 4460 2383 4514 vobis
2411 4461 2645 4515 nocebit.
2679 4478 2697 4510 ›
2734 4460 2878 4513 Nihil
2914 4460 3056 4514 enim
3084 4475 3282 4514 nocere
3315 4459 3467 4513 vobis
3492 4466 3646 4527 pote-

385 4552 707 4621 astrologiaa,
749 4567 853 4606 non
885 4553 1128 4621 magicae,
1160 4570 1262 4608 non
1294 4554 1455 4609 ullius
1485 4557 1708 4612 omnino
1754 4559 1955 4613 docui-
1992 4526 2041 4586 υ
2072 4560 2197 4606 runt
2232 4552 2331 4606 ista
2363 4552 2545 4607 omnia
2596 4553 2639 4608 si
2686 4554 2969 4607 veniamus
3019 4553 3070 4607 in
3126 4552 3322 4617 Issaar,
3355 4554 3407 4607 id
3441 4560 3545 4616 est,
3596 4552 3641 4605 si

385 4658 485 4710 nae,
511 4657 632 4712 quae
671 4653 858 4697 contra
892 4643 983 4698 Dei
1024 4644 1280 4713 pietatem
1322 4646 1527 4716 aliquid
1554 4648 1765 4715 doceat,
1794 4665 1959 4720 pocu-
2068 4644 2322 4696 mandata
2358 4653 2412 4696 et
2454 4652 2721 4713 prmcepta
2773 4644 2985 4699 Domini
3039 4647 3209 4701 nostri
3260 4645 3384 4702 Jesu
3432 4645 3637 4701 Christi

386 4736 489 4790 lum
527 4745 705 4788 sumet
734 4735 926 4790 ﬁdelis.
956 4736 1130 4792 Habet
1154 4739 1297 4791 enim
1334 4754 1462 4795 suos
1497 4740 1697 4805 l‘ontes,
1723 4753 1777 4796 et
1822 4744 1957 4799 bibit
2063 4747 2368 4799 servemus.
2395 4735 2479 4788 οιιῖ
2520 4747 2603 4790 εει
2639 4737 2807 4806 εΙοΓῙίὶ
2836 4745 2888 4792 οι
2916 4738 3198 4809 imperium
3232 4739 3284 4794 in
3316 4738 3512 4795 53901113
3539 4754 3642 4795 δω-

383 4827 444 4879 de
469 4824 709 4880 fontibus
744 4826 928 4893 Israel,
971 4828 1104 4881 bibit
1140 4828 1207 4883 de
1236 4831 1474 4885 fontibus
1516 4832 1812 4888 salutaris:
1848 4852 1952 4890 non
2063 4826 2330 4882 ουῙοΙύιηο
2373 4828 2569 4885 Amen.

383 4914 510 4970 bibit
538 4930 732 4986 aquam
788 4919 856 4973 de
905 4919 1025 4974 lacu
1072 4920 1243 4987 Scon,
1276 4937 1374 4976 nec
1408 4922 1717 4992 relinquens
1748 4924 1948 4981 fontem
2629 4920 2911 4977 IIOMILIA
2952 4923 3091 4978 XIII-

381 5021 527 5076 aqua:
559 5010 693 5061 vivae
727 5020 1021 5079 congregat
1048 5014 1149 5066 sibi
1186 5014 1337 5068 lacus
1361 5014 1687 5070 contractos.
1743 5015 1849 5071 Sed
1894 5030 1947 5074 et

2062 5005 2138 5061 De
2177 5009 2243 5063 iis
2283 5025 2400 5078 qua:
2429 5012 2801 5078 superfuerunt
2842 5016 3009 5081 priori
3041 5016 3313 5081 tractatui,
3352 5026 3399 5070 et
3439 5017 3502 5071 de
3530 5016 3635 5071 Btt-

379 5096 459 5148 via
500 5096 664 5164 regali
694 5097 1030 5155 incessurum
1054 5116 1111 5154 se
1142 5102 1447 5171 proﬁtetur.
1483 5105 1613 5171 Qua:
1635 5115 1718 5160 est
1754 5107 1835 5159 via
1867 5124 1952 5162 re-
2518 5081 2658 5134 (“am
2716 5095 2869 5152 ""7""
2891 5087 3041 5138 “‘5'”
3080 5087 3216 5155 ej“-

380 5188 546 5257 galis?
596 5188 688 5244 Illa
721 5192 841 5247 sine
891 5195 1055 5249 dubio
1090 5209 1207 5263 qua:
1249 5196 1379 5250 dicit
1418 5198 1459 5261 ⁸,
1494 5218 1510 5247 ι
1542 5196 1653 5271 Ego
1687 5216 1803 5254 sum
1836 5203 1946 5265 via,
2138 5196 2189 5250 I.
2224 5196 2484 5253 llesterna
2542 5201 2630 5253 die
2684 5201 2996 5256 dixeramus
3045 5205 3314 5273 quomodo
3358 5204 3499 5260 Seon
3544 5219 3636 5259 rex

379 5279 597 5345 veritas,
627 5289 681 5333 ct
704 5282 832 5339 vita.
882 5301 901 5335 ι
938 5285 1002 5338 Ει
1038 5287 1230 5340 merito
1262 5287 1459 5355 regalis
1493 5303 1507 5340 :
1536 5290 1649 5357 ipse
1678 5293 1950 5355 estenim,
2061 5290 2528 5357 AIIIOII‘IHBOI'IIIII,
2564 5295 2654 5363 qui
2694 5306 2779 5349 est
2825 5297 3024 5361 elatus,
3062 5308 3116 5351 et
3158 5297 3320 5367 317
3355 5299 3519 5351 arbor
3555 5298 3637 5350 ἰη-

380 5367 438 5423 de
470 5382 578 5439 quo
618 5368 890 5439 Propheta
927 5374 1043 5428 aito
1075 5389 1091 5429 :
1123 5394 1141 5426 ι
1175 5374 1617 5447 Deus,judicium
1654 5389 1800 5433 tutum
1840 5383 1948 5451 regi
2064 5382 2364 5449 fructuosa,
2394 5400 2724 5456 congressus
2758 5403 2879 5443 cum
2935 5389 3095 5444 Israel
3142 5392 3317 5443 vietus
3353 5389 3534 5456 fuerit,
3566 5390 3635 5445 de

441 5562 591 5651 :Isa.
628 5566 952 5651 ξιξ-14⁵
981 5567 1126 5651 fisa.
1161 5585 1281 5651 xliv;
1305 5572 1395 5637 15,
1429 5573 1514 5627 Id.
1578 5572 1675 5651 ill
1712 5573 1904 5651 Thess.
1927 5592 1986 5640 ιι,
2017 5577 2071 5630 4.

2017 5577 2071 5630 4.
2120 5579 2168 5651 7‘
2213 5579 2228 5633 I
2259 5580 2399 5635 Tim.
2432 5597 2512 5647 ιιι,
2542 5584 2594 5637 6.
2672 5581 2867 5638 ⁵]οιιιι.
2899 5598 3010 5648 xw,
3041 5582 3094 5636 6.
3170 5584 3191 5613 ⁶
3221 5581 3538 5651 PsaLLuI,
3584 5597 3624 5641 t.

377 5633 393 5663 '
423 5632 580 5690 Num.
618 5650 736 5701 ut,
764 5636 855 5691 25.
932 5636 953 5666 ⁸
984 5637 1114 5692 ibid.
1192 5642 1211 5670 υ
1243 5632 1401 5694 Βοιιί⁸
1432 5659 1546 5709 xvr,
1576 5644 1665 5698 ‘20.
1747 5646 1786 5677 ¹⁰
1811 5645 1944 5702 Luc.
1974 5632 2032 5711 ιι,
2075 5650 2158 5704 I9.

440 5797 549 5866 (57)
579 5796 764 5851 Issaar
810 5799 1181 5868 interpretatur
1233 5803 1468 5858 mandati
1521 5806 1839 5874 adimplctio.
1876 5808 1911 5863 Λ
1953 5818 2051 5867 aut
2084 5829 2118 5883 γι
2148 5812 2445 5881 mandavit,
2485 5832 2503 5864 ι
2531 5823 2581 5868 et
2606 5830 2631 5867 a
2671 5824 2789 5871 i'i‘N
2836 5830 2852 5865 ‹
2886 5811 3105 5883 carpsit,
3140 5815 3298 5884 cepit,
3334 5816 3561 5887 accepit.
3592 5838 3609 5867 ι
