4134 6438
465 371 568 426 667

1917 362 2239 418 ORIGENIS

3633 363 3737 418 668

467 504 578 561 quo
605 495 659 541 et
707 491 1060 544 ob:crvanter
1083 483 1364 553 Scriptura
1421 483 1580 550 dicit,
1603 484 1730 552 quia
1777 483 1976 538 cecidit
2001 485 2052 537 in
2088 489 2128 544 Α
2163 483 2313 552 quia,
2351 501 2367 532 ι
2410 481 2476 536 dc
2507 480 2670 535 corde
2701 483 3001 549 procedunt
3042 481 3400 554 cogitationes
3437 481 3611 545 make,
3639 484 3739 539 ho-

467 593 602 634 nece
635 575 818 647 gladii,
851 575 954 641 vel,
983 586 1040 628 ut
1065 575 1194 628 alibi
1241 574 1496 644 legimus,
1524 575 1578 628 in
1615 589 1709 630 ore
1736 574 1917 642 gladii.
1946 574 2050 630 Sed

467 670 512 724 si
559 669 640 722 vis
681 666 996 733 diligentius
1046 666 1229 730 scire,
1280 681 1390 733 quo
1436 664 1614 735 gladio
1673 664 2050 721 infructuosus

469 761 595 828 iste,
626 769 678 813 et
703 758 878 812 elatus
900 757 1038 811 sicut
1079 757 1279 811 cedrus
1323 756 1515 810 Libani
1551 757 1833 824 ceciderit,
1868 758 2049 811 disca-

469 866 590 904 mus
610 851 678 903 ab
713 847 963 916 apostolo
993 847 1159 901 Paulo
1179 847 1401 902 dicente
1426 848 1504 900 “:
1545 865 1562 898 ι
1603 847 1768 902 Vivus
1796 847 1940 901 enim
1967 856 2052 901 est

468 957 652 996 sermo
688 940 801 1006 Dei,
829 949 884 993 et
907 938 1123 1002 efﬁcax,
1145 947 1200 993 et
1234 938 1625 1008 penetrabilior
1641 939 1790 992 oumi
1812 937 2046 1008 gladio.»

466 1033 537 1089 Et
569 1034 698 1088 item
731 1034 784 1087 in
823 1031 986 1086 aliis:
1029 1047 1048 1080 ι
1088 1029 1150 1084 Ει
1196 1031 1460 1100 gladium,
1496 1029 1676 1101 inquit
1701 1030 1766 1095 “,
1808 1030 2050 1100 spiritus,

467 1125 613 1194 quod
637 1133 719 1178 est
748 1125 971 1176 verbum
995 1121 1108 1176 Dei.
1141 1139 1160 1174 ι
1190 1120 1244 1174 In
1271 1121 1430 1190 hujus
1461 1136 1591 1188 ergo
1615 1121 1777 1192 gladii
1807 1136 1938 1176 nece
1960 1136 2051 1175 ce-

470 1215 604 1268 cidit
629 1213 896 1284 spiritalis
921 1212 1089 1278 Seon,
1120 1215 1216 1281 qui
1249 1220 1335 1267 est
1359 1212 1633 1267 diabolus.
1675 1211 1907 1266 Additur
1933 1221 2054 1280 post

472 1305 589 1359 haec
615 1305 658 1335 ¹³
692 1321 704 1356 :
735 1321 754 1354 ‹
792 1303 857 1356 Ει
892 1303 1155 1358 dominati
1189 1312 1337 1368 sunt,
1361 1302 1556 1372 inquit,
1593 1301 1684 1355 lilii
1715 1300 1879 1355 Israel
1903 1301 2050 1355 omni

469 1404 632 1449 terrae
681 1393 817 1460 ejus.
875 1412 894 1445 ι
935 1393 1126 1449 Omnis
1163 1393 1383 1462 quidem
1445 1395 1594 1463 regio
1653 1392 1769 1446 haec
1814 1401 2050 1455 terrena,

472 1494 618 1539 terra
656 1485 858 1538 dicitur
914 1484 1055 1540 Seon
1087 1502 1100 1538 :
1132 1485 1227 1539 sed
1255 1483 1510 1539 Christus
1557 1493 1612 1540 et
1659 1483 1902 1538 Ecclesia
1935 1481 2052 1550 ejus

470 1577 780 1631 dominatur
809 1576 862 1630 in
885 1579 1033 1630 omni
1095 1586 1238 1629 terra
1278 1575 1443 1630 Seon.
1483 1593 1502 1626 ι
1534 1575 1600 1628 Ει
1628 1573 1888 1630 dominati
1925 1581 2054 1628 sunt

469 1667 538 1719 ab
560 1667 741 1720 Arnon
779 1682 948 1735 usque
979 1665 1225 1720 Jaboc”.
1258 1685 1276 1718 ι
1308 1667 1493 1720 Arnon
1524 1675 1578 1721 et
1601 1664 1774 1720 Jaboc
1803 1665 2053 1720 civitates

469 1768 629 1814 erant
675 1760 816 1829 regis
869 1759 1009 1813 Seon
1036 1758 1171 1830 (58),
1203 1760 1297 1815 sed
1334 1759 1547 1813 initium
1588 1759 1739 1828 regni
1774 1759 1894 1828 ejus
1934 1766 2054 1812 erat

466 1855 678 1918 Arnon,
707 1862 761 1908 et
797 1852 920 1908 finis
939 1851 1136 1918 Jaboc,
1166 1862 1222 1906 et
1255 1851 1377 1908 ideo
1410 1851 1610 1906 dicitur
1635 1851 1762 1920 quia
1793 1850 2054 1906 dominati

469 1957 594 2002 sunt
629 1947 697 2002 ab
751 1948 936 2000 Arnon
991 1959 1160 2015 usque
1190 1943 1380 1999 Jaboc.
1427 1944 1820 2013 Interpretatur
1871 1954 2052 1999 autem

467 2043 655 2094 Arnon
683 2038 1077 2092 maledictiones
1100 2053 1280 2091 eorum
1308 2035 1445 2106 (59).
1475 2035 1691 2090 Initium
1727 2037 1871 2092 enim
1905 2037 2054 2108 regni

471 2132 614 2185 Seon
647 2129 809 2198 hujus
842 2128 971 2183 elati
1001 2138 1055 2182 et
1086 2127 1436 2193 infructuosi,
1478 2127 1884 2182 maledictiones
1901 2136 2052 2183 sunt.

470 2221 623 2274 Finis
662 2235 793 2275 vero
870 2227 954 2274 est
1004 2217 1196 2284 Jahoc,
1247 2220 1391 2288 quod
1437 2220 1827 2288 interpretatur
1880 2218 2055 2272 lucta-

471 2326 590 2365 men
620 2309 754 2380 (40).
787 2308 1017 2363 Necesse
1051 2317 1134 2360 est
1171 2309 1316 2361 enim
1347 2317 1403 2362 ut
1426 2310 1602 2362 omnis
1625 2309 1714 2377 qui
1763 2308 1875 2363 vult
1905 2309 2056 2363 exire

471 2401 538 2453 de
595 2415 763 2470 regno
816 2399 1019 2454 diaboli
1075 2409 1129 2455 et
1166 2399 1301 2454 fines
1347 2397 1463 2467 ejus
1493 2398 1745 2462 evadere,
1781 2400 2054 2455 luctamen

473 2491 737 2556 inveniat,
768 2500 821 2544 et
853 2491 1156 2545 certamina
1179 2491 1228 2545 oi
1259 2506 1287 2545 a
1317 2489 1583 2544 ministris
1623 2489 1745 2560 ejus
1787 2500 1843 2544 et
1888 2490 2054 2545 satel-

470 2583 660 2638 litibus
688 2583 1038 2637 suscitentur.
1081 2582 1185 2637 Sed
1220 2583 1264 2637 si
1293 2581 1528 2636 luctatus
1555 2582 1721 2636 fuerit
1745 2590 1802 2636 et
1836 2582 2055 2648 vicerit,

468 2673 581 2741 jam
629 2689 733 2730 non
775 2675 878 2727 erit
909 2674 1078 2730 Jahoc
1121 2675 1311 2728 civitas
1351 2673 1514 2738 Seon,
1567 2674 1664 2728 sed
1710 2675 1815 2727 erit
1866 2674 2059 2728 civitas

475 2763 664 2819 Israel.
699 2764 811 2818 Iloc
852 2766 1099 2819 estenim
1147 2765 1427 2834 nimirum,
1470 2765 1611 2832 quod
1649 2765 1880 2835 legimus
1915 2767 2059 2821 etde

472 2855 784 2924 patriarcha
818 2857 987 2911 Jacob
1025 2858 1090 2922 η,
1118 2859 1375 2927 quoniam
1429 2873 1548 2912 cum
1598 2858 1840 2913 venisset
1883 2858 1946 2912 ad
1978 2859 2060 2913 lo-

476 2961 599 2998 cum
635 2948 945 3014 quemdam,
994 2949 1269 3003 Iuctamen
1324 2949 1374 3002 ei
1435 2956 1799 3018 praeparatum
1853 2958 2061 3003 estzet

476 3037 550 3091 ibi
587 3045 695 3091 tota
731 3047 889 3092 nocte
915 3039 1151 3094 luctatus
1188 3055 1310 3094 cum
1345 3041 1676 3096 obtinuisset
1706 3051 1763 3095 et
1803 3041 2061 3097 invaluis-

475 3136 560 3182 set
591 3130 658 3181 ad
707 3129 897 3194 Deum,
953 3131 1248 3184 vocitatum
1316 3138 1404 3184 est
1455 3145 1650 3184 nomen
1698 3129 1816 3197 ejus
1874 3130 2055 3185 Israel.

483 3240 501 3272 ι
535 3220 598 3274 Et
618 3222 850 3288 accepit,
883 3221 1059 3290 inquit
1095 3223 1158 3287 ¹⁶,
1195 3221 1359 3277 Israel
1382 3237 1574 3276 omnes
1617 3223 1865 3278 civitates
1898 3225 2056 3286 istas,

477 3320 532 3366 et
563 3312 830 3365 habitavit
861 3312 912 3364 in
936 3314 1188 3368 omnibus
1209 3313 1520 3370 civitatibus
1553 3315 2050 3374 Αιιιοιϊιιςροιιιηι.»

481 3401 583 3458 Ηἰο
634 3404 822 3465 Israel,
875 3405 966 3473 qui
1023 3405 1075 3458 in
1124 3405 1344 3461 Christo
1379 3407 1546 3462 Israel
1595 3415 1698 3472 est,
1730 3407 1820 3475 qui
1869 3422 1970 3460 non
2005 3406 2057 3458 in

483 3509 646 3550 carne
672 3493 860 3560 Israel,
894 3511 994 3549 nee
1029 3496 1082 3550 in
1116 3497 1404 3552 manifesto
1447 3497 1662 3554 Judzcus
1685 3506 1786 3563 est,
1820 3499 1933 3565 ipse
1965 3498 2061 3550 ha-

483 3584 621 3638 bitat
649 3585 702 3638 in
729 3587 981 3640 omnibus
1008 3587 1326 3642 civitatibus
1362 3589 1827 3654 Amorrlncorum,
1854 3604 1974 3643 cum
2007 3586 2060 3640 in

482 3678 630 3730 omni
660 3677 790 3731 orbe
827 3686 1089 3732 terrarum
1126 3679 1327 3733 Christi
1370 3679 1625 3733 Ecclesia:
1668 3690 2058 3748 propagantur.

486 3764 591 3817 Sed
622 3771 674 3816 et
711 3765 1080 3833 unusquisque
1113 3773 1357 3818 nostrum
1407 3766 1554 3833 prius
1606 3763 1797 3818 civitas
1833 3765 1931 3818 fuit
1975 3780 2064 3819 re-

483 3856 563 3922 gis
592 3855 716 3908 elati
752 3873 765 3908 :
794 3857 1054 3926 regnabat
1087 3856 1230 3910 enim
1257 3857 1308 3908 in
1334 3855 1485 3908 nobis
1507 3855 1752 3921 stultitia,
1783 3857 2060 3923 superbia,

485 3945 754 4014 impietas,
781 3956 833 3999 ct
865 3948 1043 3998 omnia
1073 3961 1191 4014 qum
1225 3957 1350 4000 sunt
1389 3962 1453 3999 ex
1497 3957 1650 4016 parte
1692 3946 1890 4000 diaboli
1924 3969 1934 4001 :
1968 3947 2061 4000 sed

485 4035 573 4088 ubi
603 4046 944 4104 expugnatus
984 4045 1036 4088 et
1085 4037 1330 4091 devictus
1362 4047 1443 4091 est
1489 4037 1662 4103 fortis,
1696 4047 1749 4092 et
1789 4053 1913 4091 Vasa
1947 4039 2064 4107 ejus

483 4127 691 4194 direpta
723 4137 867 4192 sunt,
902 4126 1074 4182 effecti
1141 4144 1326 4183 sumus
1380 4129 1571 4183 civitas
1600 4129 1760 4183 Israel
1803 4141 1854 4184 et
1893 4133 2061 4185 haere-

486 4218 626 4271 ditas
649 4228 996 4284 sanctorum;
1031 4220 1075 4273 si
1105 4229 1284 4272 tamen
1320 4221 1532 4289 penitus
1566 4222 1747 4276 excisa
1775 4234 1855 4276 est
1887 4225 1936 4277 in
1969 4240 2065 4278 no-

486 4310 568 4362 bis
593 4320 834 4375 potestas
878 4311 991 4376 illa,
1027 4327 1146 4381 qum
1193 4311 1341 4380 prius
1369 4312 1752 4367 dominabatur
1804 4315 1980 4379 nobis,
2012 4326 2066 4370 et

482 4403 663 4456 excisa
705 4411 788 4457 est
820 4404 983 4456 arbor
1042 4402 1402 4465 infructuosa,
1456 4411 1509 4456 et
1570 4404 1809 4471 dejectns
1842 4416 1924 4460 est
1970 4421 2064 4460 rex

485 4492 679 4556 elatus,
708 4503 966 4545 etsnmus
989 4494 1086 4546 sub
1111 4508 1176 4546 eo
1202 4507 1344 4561 rege,
1377 4493 1468 4562 qui
1499 4493 1630 4546 dicit
1655 4495 1697 4524 ¹⁷
1725 4517 1735 4550 ;
1770 4514 1787 4545 ι
1816 4496 2014 4550 Discite
2034 4513 2063 4549 a

487 4600 572 4636 me
599 4588 721 4654 quia
785 4584 931 4638 mitis
982 4600 1122 4649 sum,
1175 4593 1226 4638 et
1270 4585 1490 4638 humilis
1530 4587 1712 4641 corde.
1751 4606 1769 4638 ›
1800 4587 1928 4643 Post
1955 4590 2066 4643 Ιιῖεη

485 4673 759 4742 sigillatim
787 4673 896 4742 jam
929 4674 1183 4727 civitates
1223 4674 1441 4740 superbi
1471 4687 1523 4728 et
1568 4676 1889 4731 infructuosi
1925 4679 2068 4748 regis

485 4772 791 4830 enumerat,
837 4775 891 4818 et
939 4765 1070 4818 dicit
1101 4765 1142 4795 ¹⁸
1181 4781 1194 4816 :
1230 4782 1246 4814 ‹
1285 4765 1339 4818 In
1389 4767 1598 4822 Esebon
1635 4779 1687 4822 et
1729 4770 1781 4823 in
1816 4772 2066 4825 omnibus

485 4857 685 4911 finibus
715 4857 850 4923 ejus.
892 4877 909 4909 ι
956 4859 1092 4923 Quid
1137 4870 1220 4914 est
1259 4861 1383 4929 hoc,
1424 4863 1567 4931 quod
1611 4864 1938 4931 pra‘eipuam
1974 4880 2067 4918 ur-

491 4949 611 5001 bem
645 4949 711 5002 de
749 4965 910 5020 regno
935 4949 1074 5003 Seon
1104 4953 1403 5005 nominavit
1444 4953 1696 5010 Esehon?
1724 4955 1935 5009 Esebon
1979 4955 2061 5007 in-

493 5051 822 5111 terpretatur
845 5044 1184 5112 cogitationes
1226 5044 1359 5114 (II).
1403 5045 1593 5102 Merito
1630 5063 1760 5115 ergo
1787 5063 1915 5117 pars
1949 5063 2061 5101 ma-

489 5133 635 5185 xima
673 5133 823 5202 regni
883 5134 1159 5204 diabolici,
1217 5147 1272 5191 et
1312 5149 1550 5207 po'estas
1594 5139 1712 5210 ejus
1739 5139 1969 5210 plurima
2011 5141 2062 5192 in

487 5225 908 5295 cogitationibus
941 5237 1147 5297 regnat.
1185 5229 1276 5284 Sic
1305 5233 1447 5286 enim
1471 5232 1674 5286 dixitet
1702 5231 1962 5284 Dominus
2001 5233 2066 5295 ιθ,

562 5323 601 5353 ¹¹
639 5321 801 5395 Ilebr.
833 5338 903 5385 tv,
936 5322 1020 5377 12.
1100 5326 1359 5395 "Ephcs.
1382 5344 1454 5390 γι,
1485 5328 1570 5382 I7.

487 5394 579 5450 29.
659 5395 702 5425 ⁸⁸
741 5392 898 5446 Νιιηι.
945 5410 1052 5458 xxi,
1101 5395 1191 5449 25.

491 5479 681 5526 utin,
713 5463 766 5517 2.
843 5463 888 5493 ³³
921 5463 1042 5520 Isai.
1086 5482 1236 5529 χχιι,
1293 5468 1377 5531 Il,
1411 5469 1496 5523 ιθ.

564 5553 676 5626 (.38)
707 5554 888 5626 Codex
925 5551 983 5605 S.
1011 5553 1246 5617 Theod.,
1281 5574 1298 5606 ι
1346 5555 1584 5621 regionis
1616 5554 1776 5608 Seon.
1816 5575 1830 5602 ι

566 5624 673 5691 (59)
715 5624 1096 5687 Interpretatur
1142 5637 1314 5678 autem
1347 5627 2066 5681 Arno"uthibtt.;'t‘toxt;SEt)—

508 5692 704 5774 Illill.‘f\
730 5694 908 5774 radice
934 5700 1054 5774 7px
1087 5715 1102 5745 ι
1143 5696 1439 5748 maledixit.
1478 5715 1493 5744 ι

569 5763 682 5826 ΗΟ)
715 5759 902 5825 anoc,
942 5757 1087 5829 'cjuod
1141 5767 1512 5831 interpretatur
1549 5778 1844 5819 LUC'IMILV.
1878 5767 1912 5817 Λ

1650 5327 1691 5357 ’³
1714 5325 1874 5379 Num.
1897 5342 2008 5389 xxi,
2038 5327 2125 5380 2-4.

1289 5397 1329 5427 ¹⁹
1371 5397 1539 5453 Marc.
1577 5413 1672 5463 vn,
1700 5397 1792 5462 2f,
1831 5397 1902 5450 2‘2.
1937 5398 2100 5450 etQS.

2161 574 2398 633 mieidia,
2432 573 2719 636 adulteria,
2751 573 2916 637 furta,
2945 572 3080 628 falsa
3105 574 3440 635 testimonia,
3481 573 3734 644 blasphe—

2159 664 2304 728 mize,
2328 671 2382 716 et
2410 662 2508 716 ista
2549 673 2674 715 sunt
2723 677 2842 731 qua:
2892 663 3248 732 coinquinant
3279 664 3576 721 hominem.
3611 683 3629 716 ι
3671 663 3740 718 Ει

2161 756 2282 809 ideo
2348 755 2660 808 necessario
2724 754 3034 808 incenditur
3089 753 3188 809 ista
3248 755 3464 820 civitas,
3515 764 3572 810 et
3613 756 3740 826 igne

2160 844 2428 899 exuritur.
2461 844 2577 909 Quo
2618 844 2780 913 igne?
2814 844 2907 898 Illo
2937 844 3187 914 profecto
3215 845 3282 901 de
3321 860 3428 914 quo
3453 846 3583 900 dicit
3614 845 3738 900 Sal-

2157 941 2314 984 valor
2342 931 2387 961 ²⁶
2417 950 2429 984 :
2463 948 2482 982 ι
2521 929 2702 1000 Ignem
2735 932 2857 985 veni
2890 932 3110 988 mittere
3153 933 3208 988 in
3239 942 3464 1000 terram,
3491 944 3546 990 et
3575 949 3736 1004 quam

2158 1021 2281 1076 volo
2305 1030 2362 1073 ut
2393 1021 2742 1076 accendatur.
2785 1039 2803 1073 ι

2226 1111 2282 1165 2.
2316 1111 2446 1166 Post
2495 1127 2667 1180 pauca
2703 1121 2882 1167 autem
2941 1112 3180 1169 refertur
3209 1115 3275 1171 de
3329 1116 3443 1186 ipsa
3479 1117 3735 1175 civitate.

2161 1220 2179 1253 ι
2207 1201 2437 1272 Propter
2461 1205 2584 1269 hoc,
2617 1203 2794 1271 inquit
2823 1205 2892 1270 ",
2941 1205 3128 1260 dicent
3170 1207 3545 1276 aenigmatista:
3577 1225 3590 1263 :
3633 1207 3738 1263 Ve-

2158 1296 2272 1349 nite
2303 1295 2355 1350 in
2390 1295 2622 1361 Esebon,
2662 1304 2720 1350 ut
2742 1295 3041 1350 aedificetur
3071 1304 3125 1349 et
3169 1307 3517 1353 construatur
3544 1298 3739 1353 civitas

2159 1386 2643 1456 Seonzquoniam
2706 1387 2848 1457 ignis
2905 1387 3172 1455 processit
3245 1389 3311 1443 dc
3381 1388 3618 1454 Esebon,
3683 1401 3738 1446 et

2160 1475 2376 1530 flamma
2409 1475 2475 1530 de
2509 1475 2731 1533 civitate
2765 1474 2909 1532 Seon
2966 1478 3248 1534 devoravit
3279 1494 3450 1549 usque
3497 1479 3675 1534 Moab.
3711 1498 3731 1532 ι

2161 1565 2326 1629 Seon,
2351 1573 2408 1618 ut
2431 1564 2689 1629 diximus,
2717 1575 2834 1618 erat
2875 1581 2995 1630 rex,
3028 1567 3181 1636 cujus
3219 1580 3335 1624 erat
3375 1570 3572 1624 civitas
3602 1570 3737 1625 Esc-

2160 1655 2287 1709 bon.
2338 1653 2430 1708 Sic
2485 1669 2616 1723 crgo
2663 1653 3044 1725 intelligendus
3091 1666 3174 1712 est
3231 1659 3368 1714 ordo
3424 1659 3736 1724 verborum,

2159 1746 2312 1816 quasi
2344 1745 2528 1802 dicant
2562 1744 2650 1799 isti
2693 1746 3073 1816 :enigmatista:
3103 1766 3115 1802 :
3155 1749 3342 1804 Venite
3369 1758 3426 1803 ut
3451 1759 3738 1804 construa-

2087 1841 2130 1894 B
2163 1849 2250 1892 tur
2277 1848 2332 1892 ct
2374 1836 2676 1892 aedificetur
2735 1837 2974 1902 Esebon,
3024 1855 3143 1909 quae
3190 1840 3292 1894 fuit
3330 1841 3520 1896 civitas
3568 1840 3734 1896 Seon.

2157 1931 2261 1985 Sed
2311 1930 2654 1999 requiramus
2712 1945 2853 1983 nunc
2902 1930 2993 2000 qui
3051 1931 3161 1986 sint
3205 1932 3292 1986 isti
3338 1933 3734 2002 aenigmatista“

2156 2022 2408 2090 Enigma
2445 2023 2642 2075 dicitur
2662 2037 2840 2076 sermo
2867 2019 3152 2090 figuratus.
3181 2021 3585 2092 Enigmatistm
3605 2040 3738 2096 ergo

2155 2114 2448 2176 dicuntur,
2494 2113 2582 2181 qni
2649 2113 2956 2183 figuraliter
3018 2114 3337 2184 loquuntur.
3403 2115 3466 2168 Et
3496 2116 3617 2186 quis
3655 2126 3739 2171 est

2156 2204 2315 2268 alius,
2367 2204 2457 2272 qui
2517 2205 2568 2257 in
2609 2204 2795 2274 figuris
2847 2205 3060 2260 locutus
3100 2206 3190 2270 sit,
3223 2207 3321 2260 nisi
3374 2205 3459 2262 lex
3511 2217 3565 2262 et
3612 2222 3739 2278 pro-

2156 2294 2370 2365 phetae?
2394 2294 2530 2347 Audi
2560 2295 2703 2349 enim
2729 2295 3000 2364 quomodo
3047 2297 3213 2352 David
3265 2298 3394 2352 dicit
3420 2299 3505 2352 ηε
3539 2315 3558 2349 ‹
3600 2299 3740 2367 Ape-

2159 2388 2294 2441 riam
2322 2388 2374 2440 in
2425 2388 2704 2459 parabolis
2752 2404 2813 2443 os
2864 2406 3066 2458 meum,
3113 2392 3302 2462 loquar
3342 2393 3739 2463 propositiones

2160 2482 2228 2536 ab
2288 2483 2443 2537 initio
2488 2479 2692 2535 saeculi.
2729 2499 2747 2531 ι
2783 2480 2889 2537 Sed
2945 2494 3000 2537 et
3046 2483 3236 2550 Isaias,
3281 2484 3407 2554 quia
3449 2485 3737 2554 aenigmata

2160 2577 2270 2630 sint
2304 2591 2422 2644 quin
2479 2576 2716 2644 scripsit,
2749 2578 2852 2630 huc
2893 2577 3052 2630 modo
3079 2575 3321 2630 declarat
3361 2593 3375 2629 :
3407 2594 3426 2626 ι
3466 2576 3527 2630 Ει
3553 2585 3736 2634 erunt.

2163 2668 2338 2736 inquit
2369 2668 2436 2734 ’³,
2461 2667 2627 2720 verba
2659 2667 2782 2721 libri
2817 2666 2978 2735 hujus
3008 2667 3146 2720 sicut
3168 2666 3330 2720 verba
3349 2665 3470 2719 libri
3504 2667 3737 2736 signati;

2162 2775 2324 2830 quem
2357 2761 2400 2815 si
2435 2757 2693 2814 dederint
2729 2759 2780 2811 iu
2837 2774 3030 2813 manus
3064 2758 3304 2812 hominis
3327 2758 3619 2813 nescientis
3654 2758 3743 2811 lit-

2165 2865 2328 2921 teras,
2357 2866 2410 2910 ct
2447 2857 2685 2911 dixerint
2719 2857 2767 2910 ei
2805 2873 2818 2910 :
2859 2855 3021 2922 Lege,
3070 2853 3211 2906 dicet
3265 2869 3279 2904 :
3335 2848 3452 2906 Non
3493 2852 3618 2905 novi
3650 2851 3740 2906 Iit-

2165 2959 2332 3004 teras.
2378 2949 2434 3004 Si
2481 2959 2662 3005 autem
2723 2950 2974 3005 dederint
3009 2948 3205 3004 scienti
3259 2949 3493 3011 litteras,
3551 2948 3736 3002 dicet:

2163 3040 2279 3094 Non
2315 3057 2533 3110 possum
2590 3041 2792 3110 legere,
2824 3040 3075 3110 signatus
3109 3048 3191 3091 est
3221 3040 3390 3092 enim.
3425 3057 3442 3087 ι
3480 3037 3742 3108 Signatus

2165 3141 2349 3185 autem
2377 3131 2577 3184 dicitur
2614 3132 2749 3186 liber
2780 3147 2878 3202 pro
2913 3145 2999 3192 eo,
3039 3128 3179 3197 quod
3225 3129 3409 3198 figuris
3446 3130 3738 3200 perplexas

2164 3231 2269 3285 est,
2297 3230 2349 3273 et
2375 3221 2754 3293 aenigmatibus
2787 3221 3082 3276 involutus.
3112 3219 3307 3274 Dicunt
3333 3235 3466 3290 ergo
3493 3221 3579 3276 isti
3609 3221 3744 3276 aeni-

2165 3313 2434 3384 gmatista:
2473 3331 2486 3364 :
2527 3338 2546 3362 ι
2572 3311 2767 3368 Venite
2798 3313 2848 3367 iu
2881 3311 3116 3370 Escbon.
3146 3319 3202 3363 ut
3228 3310 3544 3366 aedificetur.
3588 3330 3608 3363 ι
3637 3312 3740 3366 Ce—

2163 3405 2294 3460 cidit
2330 3404 2418 3459 illa
2447 3405 2620 3474 prima
2662 3405 2914 3468 Esebon,
2964 3404 3072 3456 imo
3123 3404 3382 3458 subversa
3437 3411 3520 3458 est
3572 3413 3627 3459 et
3661 3405 3745 3456 in-

2164 3511 2353 3561 censa,
2409 3496 2789 3550 remdifieanda
2856 3505 2936 3550 cst
2981 3497 3104 3552 alia.
3162 3495 3268 3550 Sed
3325 3494 3593 3564 quomodo
3639 3494 3743 3550 hoc

2166 3589 2282 3653 liat,
2323 3596 2603 3657 assumpto
2643 3589 2994 3642 ostendamus
3017 3587 3286 3656 exemplo.
3330 3588 3385 3642 Si
3414 3587 3598 3641 videas
3620 3602 3745 3656 gen-

2166 3679 2312 3734 tilcm
2368 3679 2421 3732 in
2479 3680 2745 3732 dedecore
2808 3680 2929 3733 vitae
2969 3681 3202 3748 positum
3233 3695 3296 3734 ac
3329 3679 3602 3747 religionis
3651 3693 3743 3732 er~

2167 3785 2309 3832 rore,
2344 3770 2693 3824 non'dubites
2728 3774 2793 3824 de
2826 3786 2889 3824 eo
2917 3771 3124 3832 dicere,
3150 3771 3293 3839 quod
3313 3771 3384 3824 sit
3421 3771 3508 3824 hic
3531 3769 3743 3824 Esebon

2165 3860 2361 3912 civitas
2388 3859 2439 3912 in
2471 3875 2635 3928 regno
2673 3861 2814 3929 regis
2874 3860 3040 3913 Seon.
3083 3860 3292 3930 liegnat
3330 3862 3477 3913 enim
3516 3860 3567 3912 in
3596 3859 3748 3926 cogi-

2167 3951 2462 4006 tationibus
2496 3952 2612 4021 ejus
2645 3969 2739 4006 rex
2774 3952 3140 4006 infructuosus
3164 3962 3213 4004 el
3239 3952 3434 4007 elatus.
3476 3951 3554 4007 Ad
3602 3951 3748 4004 hunc

2167 4043 2210 4096 si
2243 4044 2462 4097 accedat
2510 4045 2694 4108 Israel,
2739 4045 2842 4098 hoc
2881 4057 2964 4099 est
2999 4046 3260 4100 Ecclesia:
3299 4045 3462 4108 filius,
3501 4054 3555 4098 et
3601 4042 3750 4096 aditi-

2167 4134 2290 4189 beat
2310 4135 2492 4203 jacnla
2523 4137 2672 4190 verbi
2710 4137 2823 4202 Dei,
2853 4148 2908 4191 et
2935 4138 3228 4208 distringat
3259 4149 3450 4192 contra
3486 4152 3608 4190 eum
3635 4136 3750 4205 gla-

2167 4228 2312 4282 dium
2364 4229 2610 4298 spiritus,
2665 4230 2910 4283 destruat
2965 4230 3016 4283 in
3074 4248 3139 4288 eo
3184 4245 3370 4285 omnes
3421 4228 3750 4282 munitiones

2167 4321 2446 4388 gentilium
2494 4323 2827 4391 dogmatum,
2891 4333 2938 4376 et
2982 4323 3248 4377 elationes
3302 4329 3748 4390 argumentorum

2168 4411 2284 4479 ejus
2311 4412 2432 4482 igne
2467 4413 2712 4467 veritatis
2754 4423 2967 4476 exiu'at,
3002 4414 3168 4467 dicito
3205 4414 3269 4465 dc
3301 4416 3427 4476 hoc,
3464 4411 3587 4479 quia
3624 4410 3752 4461 sub-

2171 4519 2330 4559 versa
2376 4511 2460 4556 est
2511 4501 2726 4556 Escbon
2759 4503 2951 4556 civitas
2996 4501 3160 4556 Seon.
3196 4502 3300 4555 Sed
3347 4518 3452 4556 non
3490 4498 3752 4554 continuo

2174 4594 2420 4646 desertus
2448 4601 2500 4645 et
2541 4592 2834 4646 destitutus
2868 4591 3192 4657 relinquitur
3227 4592 3351 4654 iste,
3391 4592 3443 4644 in
3483 4605 3588 4659 quo
3621 4588 3751 4642 sub-

2175 4699 2328 4738 versa
2372 4693 2497 4737 sunt
2531 4683 2814 4752 gentilium
2843 4685 3117 4753 dogmata.
3150 4683 3264 4738 Non
3295 4683 3438 4737 enim
3465 4679 3748 4747 disciplina

2174 4785 2254 4828 est
2281 4775 2405 4829 filiis
2426 4773 2592 4829 Israel
2620 4774 2923 4829 destructas
2955 4776 3268 4844 relinquere
3298 4789 3433 4843 quas
3468 4772 3753 4826 destruxe-

2174 4869 2282 4922 rint
2313 4869 2563 4922 civitates
2592 4883 2605 4920 :
2632 4868 2724 4921 sed
2754 4881 2876 4920 cum
2915 4869 3226 4921 subruerint
3282 4876 3335 4922 et
3364 4862 3658 4919 everterint
3693 4862 3749 4915 in

2169 4957 2386 5011 homine
2423 4955 2590 5010 malas
2627 4957 2981 5028 cogitationes
3040 4965 3095 5012 et
3153 4955 3350 5025 impios
3387 4969 3599 5018 sensus,
3627 4967 3755 5006 rew-

2175 5049 2475 5102 dificabunt
2508 5061 2694 5101 rursus
2727 5049 2777 5101 in
2804 5052 2968 5104 corde
3025 5050 3145 5120 ejus
3169 5063 3330 5118 quem
3380 5045 3754 5102 dcstrnxerint

2173 5142 2342 5196 bonas
2361 5144 2736 5211 cogitationes,
2773 5143 2889 5212 pios
2919 5156 3130 5204 sensus,
3163 5139 3469 5194 doetrinam
3507 5137 3754 5192 veritatis

2175 5232 2440 5294 inserent,
2478 5233 2753 5302 religiOnis
2785 5234 2946 5286 ritum
2985 5232 3215 5290 tradent,
3262 5231 3505 5286 ordinem
3537 5229 3752 5282 vivendi

2207 5330 2248 5356 “
2277 5329 2404 5381 ibid.
2488 5329 2528 5359 ¹⁵
2551 5327 2872 5383 Gemitu".
2955 5326 2996 5356 ιθ
3044 5325 3173 5379 ibid.
3208 5323 3297 5378 25.
3377 5324 3416 5354 ¹⁷
3455 5323 3642 5376 Matth.
3677 5337 3751 5384 ιιι,

2181 5399 2225 5430 ²⁰
2262 5398 2392 5451 Luc.
2458 5415 2553 5464 xtl,
2620 5398 2705 5451 49.
2786 5399 2827 5429 ²¹
2859 5397 3016 5450 Num.
3054 5411 3169 5461 XXI,
3213 5395 3304 5460 27,
3352 5393 3442 5448 9.8.
3521 5393 3565 5422 "
3607 5391 3749 5447 Psal.

2193 5574 2207 5602 ι
2242 5555 2513 5614 (εχιιιιιιεῐι,
2545 5550 2855 5612 cvacnavit,
2898 5569 2914 5602 ι
2955 5547 3097 5618 quod
3133 5546 3184 5601 in
3211 5545 3354 5602 lucta
3383 5545 3527 5601 vires
3546 5545 3753 5602 exhau-

2211 5629 2407 5675 iuttlttt‘.

2180 5642 2407 5678 rlilllllll'.

2249 5693 2360 5759 (il)
2399 5691 2617 5749 Iiscbon.
2687 5693 3480 5761 ἔπιθι-μνααῖαι·αοιητιιτῑοκιεδυ
3510 5686 3590 5740 Ab
3625 5693 3755 5745 :th

2182 5784 2196 5816 ι
2241 5770 2510 5828 cogitavit.
2548 5780 2563 5809 ι
3100 5770 3101 5773 ‘
