4134 6390
355 398 459 455 669

1559 380 1628 435 IN
1667 370 2002 433 NUMEROS
2037 367 2320 424 IIOMILIA
2347 365 2483 420 XIII.

3509 363 3614 416 670

356 518 652 583 docebunt,
699 515 864 588 318
910 515 1250 568 honestatem
1301 519 1540 568 morum,
1577 495 1933 555 observantia:
1963 495 2008 550 Α
2039 501 2255 558 gemas:
2289 485 2530 552 alioquin
2547 483 2920 538 debuissentus
2944 483 3012 538 de
3037 484 3141 538 hoc
3169 481 3372 536 mundo
3391 482 3610 537 exiisse.

354 615 559 661 statuta
592 586 993 660 monstrabunt.
1023 603 1086 655 Et
1109 613 1238 654 tunc
1271 611 1396 652 vere
1426 595 1608 648 dicent
1656 588 1744 642 isti
1797 586 1927 638 teni-

356 694 620 764 gmatista:
645 697 712 749 ad
737 693 1056 761 semetipsos
1079 689 1311 742 invicem
1341 702 1354 737 :
1385 681 1598 742 Venite,
1626 673 1932 731 etaedil‘tce-

357 802 478 841 mus
505 786 739 850 Esebon,
787 799 911 855 qua:
959 783 1061 837 fuit
1087 778 1281 834 civitas
1332 775 1499 829 Seon.
1531 772 1595 825 Et
1623 769 1724 837 ipsi
1759 765 1926 826 enim,

357 883 457 935 hoc
485 889 566 934 est
599 880 689 933 filii
711 879 991 942 Ecclesiae,
1025 863 1389 946 quia'figuras
1413 869 1545 938 legis
1569 874 1622 920 et
1641 863 1928 930 mnigmata

354 971 674 1038 spiritaliter
731 970 1076 1039 intelligunt,
1132 961 1514 1033 aenigmatista:
1568 953 1925 1025 appellantur.

356 1059 466 1114 lloe
491 1069 574 1115 est
597 1060 738 1129 quod
772 1069 826 1115 et
869 1058 1133 1114 Jerentias
1187 1052 1396 1124 ligurali
1441 1046 1792 1103 nihilominus
1813 1055 1932 1096 ser-

353 1169 510 1208 mone
557 1155 830 1224 designat,
881 1152 972 1208 ubi
1008 1151 1076 1205 ad
1121 1163 1245 1203 eum
1285 1144 1490 1200 dicitur
1519 1157 1548 1194 a
1576 1137 1806 1194 Domino
1837 1134 1924 1188 ’δε

356 1263 376 1297 ι
407 1246 548 1300 Ecce
606 1245 726 1300 dedi
759 1244 926 1300 verba
964 1257 1082 1295 mea
1119 1241 1170 1294 in
1205 1253 1266 1292 os
1297 1245 1467 1296 tuum,
1500 1245 1628 1286 ecce
1673 1225 1925 1282 constitui

352 1349 405 1393 te
433 1337 594 1392 hodie
624 1351 786 1406 super
839 1344 1025 1404 gentes
1050 1340 1106 1387 et
1153 1343 1347 1398 regna,
1373 1324 1675 1385 eradicare,
1713 1329 1766 1375 et
1799 1319 1928 1374 sub-

351 1437 583 1492 vertere,
612 1436 666 1480 et
695 1425 1036 1487 reaedilicare,
1085 1430 1142 1477 et
1183 1419 1515 1488 replantare.
1555 1433 1573 1467 ι
1611 1413 1751 1480 Quid
1800 1425 1923 1467 era-

348 1519 493 1573 dicat
544 1529 598 1574 et
643 1519 771 1588 quid
819 1514 1123 1572 subvertit?
1179 1513 1467 1568 Civitatem
1513 1508 1747 1572 Esebon,
1807 1520 1927 1575 quae

346 1615 467 1660 erat
492 1607 636 1676 regis
668 1605 832 1661 Seon.
884 1604 1025 1671 Quid
1068 1603 1312 1659 eradicat
1353 1602 1406 1656 in
1449 1615 1510 1655 ea
1537 1599 1750 1668 etquid
1798 1597 1926 1652 sub-

347 1696 546 1750 vertit?
575 1696 950 1766 Cogitationes
981 1694 1176 1764 impias
1216 1701 1270 1747 et
1306 1693 1570 1761 impuras.
1608 1689 1748 1757 Quid
1785 1702 1924 1742 rem-

348 1787 533 1841 diﬁcat
575 1789 628 1840 in
653 1803 714 1841 ea
744 1795 797 1842 et
848 1786 978 1856 quid
1030 1781 1342 1853 replantat?
1388 1782 1762 1854 Cogitationes
1808 1780 1926 1850 pias

347 1885 403 1931 et
425 1887 626 1941 castas,
662 1885 723 1931 ut
772 1875 1036 1931 elliciatur
1072 1874 1285 1930 Esebon
1339 1874 1531 1930 civitas
1583 1887 1688 1928 non
1729 1873 1930 1927 Antor-

349 1964 642 2029 rltzeorum,
684 1963 776 2020 sed
807 1964 1038 2019 filiorum
1063 1961 1250 2018 Israel.

415 2053 469 2106 ὅ.
499 2053 605 2108 Sed
641 2054 687 2110 si
737 2055 995 2110 volumus
1019 2055 1231 2125 singula
1268 2051 1544 2124 persequi,
1571 2051 1926 2107 excludentur

345 2167 375 2205 a
427 2151 750 2208 dissertione
803 2164 994 2207 eorum
1051 2165 1172 2221 quae
1223 2150 1380 2206 nobis
1429 2149 1654 2203 recitata
1690 2155 1813 2202 sunt
1855 2147 1923 2201 de

348 2242 566 2296 Balaam
600 2261 614 2296 :
645 2242 799 2314 cujus
852 2243 1102 2299 lectionis
1150 2233 1296 2295 tanta
1360 2238 1651 2294 difﬁcultas
1701 2247 1808 2300 est,
1864 2245 1923 2288 ut

345 2336 437 2390 vix
467 2337 533 2390 ad
580 2336 820 2391 historiae
856 2336 1028 2406 ipsius
1075 2337 1344 2390 rationem
1393 2341 1448 2386 et
1480 2330 1920 2399 consequentiam

342 2425 734 2495 eXplanandam
767 2428 1050 2496 pervenire
1079 2426 1371 2496 possimus.
1403 2423 1615 2490 Quanta
1660 2436 1792 2491 ergo
1810 2420 1920 2489 jam

343 2511 632 2569 difﬁcultas
661 2515 817 2570 nobis
833 2516 937 2570 erit
959 2515 1012 2569 in
1032 2514 1418 2585 explanatione
1448 2511 1770 2581 spiritalium
1794 2525 1920 2565 sen-

345 2618 524 2667 suum,
553 2603 597 2658 si
631 2605 802 2674 prima
833 2603 949 2670 ipsa
987 2604 1186 2658 litterae
1243 2602 1415 2656 facies
1443 2600 1612 2655 tantis
1635 2595 1921 2654 diﬂiculta-

347 2694 487 2749 tibus
511 2693 748 2749 involuta
781 2696 907 2750 est?
943 2694 1048 2750 Sed
1080 2693 1334 2765 quamvis
1367 2691 1547 2764 rapiat
1578 2705 1677 2745 nos
1707 2688 1923 2744 deside-

346 2785 483 2838 rium
509 2785 574 2839 ad
599 2799 661 2840 ea
686 2800 804 2853 quae
840 2787 1012 2854 magis
1055 2787 1285 2841 obseura
1311 2793 1436 2839 sunt
1465 2783 1804 2846 disserenda,
1843 2789 1922 2834 ta-

346 2888 466 2926 men
499 2887 607 2928 non
653 2882 781 2927 sunt
837 2875 1049 2943 penitus
1080 2873 1376 2930 omittenda
1427 2873 1594 2927 etiam
1651 2873 1768 2926 haec
1799 2885 1922 2940 quas

345 2964 516 3017 media
567 2964 896 3018 referuntur.
928 2965 1116 3018 Postea
1173 2964 1322 3018 enim
1353 2978 1515 3032 quant
1563 2963 1948 3017 obtinuerunt

343 3051 438 3106 filii
496 3053 660 3107 Israel
704 3053 957 3106 civitates
1004 3053 1490 3116 Amorrltaeorum,
1555 3053 1921 3107 ascenderunt

339 3148 508 3197 etiam
545 3145 711 3210 viam,
743 3158 863 3213 qute
893 3144 1044 3197 ducit
1082 3143 1133 3196 itt
1189 3143 1388 3210 Basan,
1424 3144 1513 3198 ubi
1550 3154 1669 3199 erat
1690 3142 1768 3213 Og
1821 3159 1913 3199 rex
1945 3175 1986 3232 ρ

345 3236 517 3289 Basan
553 3250 566 3286 :
595 3235 688 3289 sed
713 3236 778 3288 ad
817 3237 959 3288 hunc
985 3247 1160 3301 neque
1197 3234 1408 3304 legatos
1443 3235 1656 3289 mittere
1685 3235 1918 3304 dignan-

343 3336 449 3388 tur,
491 3340 668 3395 neque
707 3333 892 3394 petere
925 3326 992 3380 ab
1019 3340 1107 3388 eo,
1135 3334 1196 3379 ut
1253 3341 1352 3396 per
1388 3334 1589 3379 terram
1615 3325 1919 3395 ejustrans-

347 3425 503 3482 eant,
545 3418 636 3472 sed
657 3419 913 3473 continuo
963 3419 1406 3488 conﬂiguntcum
1451 3432 1516 3472 eo
1575 3426 1630 3471 et
1659 3426 1920 3487 superant

342 3522 450 3565 tant
485 3512 658 3580 ipsum
715 3525 876 3579 quam
931 3509 1188 3580 p0pulum
1243 3509 1432 3579 ipsius.
1466 3507 1758 3563 Videamus
1789 3523 1918 3577 ergo

339 3610 558 3671 quaeest
591 3600 789 3655 Basan.
817 3600 992 3655 Basan
1027 3601 1421 3670 interpretatur
1459 3600 1734 3668 turpitudo
1761 3599 1872 3670 (ΛΞ)
1899 3618 1912 3652 :

339 3693 536 3747 merito
561 3709 691 3764 ergo
724 3707 821 3748 nec
855 3691 1017 3761 legati
1045 3691 1336 3746 mittuntur
1374 3695 1441 3748 ad
1469 3695 1634 3748 istam
1665 3703 1904 3765 gentem,

340 3800 438 3841 nec
471 3787 733 3841 transitus
776 3801 870 3856 per
893 3796 1092 3841 terram
1125 3790 1241 3855 ejus
1259 3787 1522 3857 poscitur.
1554 3788 1747 3846 Nullus
1771 3794 1915 3847 enim

340 3879 494 3932 nobis
530 3882 797 3934 transitus
833 3880 993 3934 debet
1021 3894 1162 3946 esse,
1213 3880 1390 3935 nullus
1420 3896 1674 3937 accessus
1705 3884 1769 3936 ad
1803 3893 1917 3937 tur-

336 3968 640 4037 pitudinem
675 3984 687 4021 :
724 3971 816 4024 sed
876 3971 944 4023 ab
1005 3969 1165 4023 initio
1218 3971 1400 4024 statim
1434 3973 1815 4042 expugnanda,
1864 3983 1917 4029 et

337 4060 648 4115 omnintode
679 4062 917 4115 cavenda
959 4074 1061 4116 est.
1116 4061 1194 4132 Og
1229 4073 1409 4116 autem
1451 4064 1542 4130 qui
1590 4079 1683 4118 rex
1719 4066 1918 4121 dicitur

339 4164 459 4205 esse
486 4151 994 4217 Basan,interctusio
1030 4152 1418 4221 interpretatur
1445 4153 1578 4224 (45).
1613 4154 1796 4208 Potest
1831 4158 1917 4211 hic

337 4243 570 4313 ﬁgurant
634 4252 819 4296 tenere
844 4242 1085 4295 omnium
1122 4243 1422 4296 carnalium
1451 4254 1504 4296 et
1553 4246 1915 4299 materialium

339 4350 540 4396 rerum,
587 4349 818 4403 quarum
876 4350 1058 4389 amore
1103 4344 1157 4387 et
1194 4334 1469 4388 desiderio
1491 4334 1709 4387 detenta
1735 4337 1913 4391 anima

335 4425 648 4478 excluditur
671 4433 720 4476 ct
765 4435 1051 4492 separatur
1085 4440 1113 4478 a
1147 4427 1276 4480 Deo.
1331 4426 1606 4481 Adversus
1657 4427 1735 4496 0g
1787 4444 1917 4498 ergo

2041 581 2112 632 De
2170 579 2346 631 Basan
2397 587 2600 638 tamen,
2671 573 2778 626 hoc
2816 582 2916 636 est,
2953 576 3020 626 de
3071 573 3426 642 turpitudine,
3469 572 3614 626 nullo

2036 671 2252 738 penitus
2289 668 2621 737 indigemus,
2664 663 2801 717 nihil
2835 679 2900 718 ex
2945 679 3008 717 ea
3049 665 3470 731 relinquamus;
3519 679 3613 716 ex-

2033 763 2258 815 cidenda
2305 760 2529 822 omnia,
2585 765 2778 812 cuncta
2834 754 3195 809 subvertenda
3250 766 3379 809 sunt
3445 770 3610 825 opera

2037 851 2411 922 turpitudinis.
2440 851 2494 902 In
2551 847 2697 901 nullo
2739 848 2886 900 enim
2942 854 3121 913 potest
3171 845 3458 900 honestum
3490 861 3612 902 esse

2032 943 2177 1013 quod
2206 951 2362 1009 turpe
2393 949 2497 995 est.

2100 1033 2156 1087 4.
2191 1053 2210 1084 ι
2246 1033 2313 1086 Et
2362 1031 2587 1101 profecti
2653 1029 2781 1082 inde
2837 1027 2931 1081 filii
2993 1023 3160 1081 Israel
3211 1025 3613 1080 collocaverunt

2030 1134 2209 1181 castra
2262 1124 2332 1179 ab
2392 1123 2681 1178 occidente
2725 1119 2881 1174 Moab
2917 1117 3070 1187 juxta
3099 1116 3392 1172 Jordanem
3421 1125 3609 1171 contra

2028 1216 2268 1272 Iericho.
2329 1216 2396 1270 Et
2446 1224 2504 1269 ut
2542 1215 2683 1268 vidit
2741 1211 2938 1265 Balach
2998 1209 3144 1264 filius
3170 1207 3468 1279 Scpltor",
3508 1227 3525 1260 t
3556 1219 3613 1262 et

2030 1308 2258 1377 reliqua.
2313 1306 2507 1362 Omnia
2561 1304 2677 1373 jam
2703 1317 2824 1372 quat
2854 1302 2922 1357 de
2968 1301 3192 1354 Balaam
3222 1310 3279 1355 et
3312 1300 3464 1354 asina
3493 1299 3611 1366 ejus

2029 1401 2352 1456 scribuntur
2403 1397 2636 1452 historia
2683 1394 2842 1465 plena
2877 1392 3108 1464 negotiis
3145 1409 3160 1446 :
3209 1391 3439 1446 interior
3478 1403 3610 1443 vero

2033 1488 2341 1544 intellectus
2386 1485 2556 1540 multo
2614 1482 2970 1552 negotiosior,
3002 1491 3056 1535 et
3103 1479 3292 1534 nescio
3341 1493 3408 1534 an
3451 1477 3610 1532 facile

2029 1583 2120 1646 sit,
2153 1579 2235 1634 vel
2299 1579 2448 1648 ipsas
2473 1583 2684 1630 tantum
2727 1574 3020 1628 historicas
3049 1573 3346 1642 explanare
3389 1581 3610 1626 senten-

2032 1671 2156 1727 tias.
2183 1671 2292 1725 Deo
2351 1679 2528 1722 tamen
2582 1665 2842 1729 donante,
2879 1662 3117 1718 breviter
3163 1677 3284 1730 qua:
3321 1675 3609 1730 possumus

2031 1760 2479 1832 perstringcmus.
2540 1753 2744 1808 Bellum
2801 1753 2898 1808 tibi
2959 1753 3228 1819 imminet,
3270 1766 3302 1806 ο
3340 1767 3434 1806 rex
3494 1751 3600 1804 Ba-

1957 1840 1997 1894 Β
2027 1851 2169 1917 laclt,
2207 1849 2283 1902 lili
2316 1842 2570 1917 Sephor‘:
2603 1852 2863 1900 sexcenta
2900 1842 3066 1896 millia
3108 1851 3442 1894 armatorum
3473 1838 3606 1892 fines

2027 1951 2148 1996 tuos
2190 1942 2426 1996 irruunt.
2459 1937 2765 2006 Oportebat
2821 1943 2878 1989 et
2929 1942 2980 1988 te
3025 1947 3222 2003 parare
3247 1945 3418 1996 arma,
3447 1943 3606 1984 exer-

2025 2035 2190 2090 citum
2219 2047 2516 2104 congerere
2549 2031 2684 2100 (4-5),
2720 2029 2787 2083 de
2822 2026 3234 2083 constructione
3263 2024 3428 2093 praelii
3457 2021 3607 2091 cogi-

2027 2137 2160 2191 tare,
2196 2134 2252 2181 ut
2275 2126 2415 2180 hosti
2448 2124 2626 2177 adhuc
2654 2119 3057 2190 procnlposito,
3096 2117 3265 2170 armis
3301 2115 3605 2169 instructus

2023 2234 2365 2276 occurreres.
2401 2217 2480 2270 Tu
2509 2230 2638 2269 vero
2687 2214 2858 2268 mittis
2894 2212 2960 2266 ad
2997 2211 3215 2265 Balaam
3257 2209 3522 2268 divinum,
3550 2213 3607 2259 et

2026 2314 2197 2368 mittis
2239 2311 2406 2365 multa
2460 2324 2707 2371 munera,
2765 2321 2829 2360 ac
2870 2305 3077 2374 majora
3122 2300 3420 2373 promittis,
3445 2306 3500 2352 et
3522 2296 3606 2350 di-

2024 2406 2104 2460 eis
2139 2405 2182 2436 ³⁷
2209 2418 2222 2457 :
2259 2421 2277 2455 ι
2328 2401 2480 2468 Veni,
2503 2403 2732 2456 maledic
2763 2399 2895 2452 mihi
2921 2396 3198 2467 populum,
3226 2395 3317 2463 qui
3342 2391 3513 2447 exivit
3539 2391 3606 2445 de

2024 2498 2280 2567 Egypto.
2322 2517 2340 2548 ι
2379 2495 2483 2550 Sed
2520 2495 2767 2556 Balaam,
2806 2502 2865 2545 ιιι
2894 2489 3178 2558 Scriptura
3209 2487 3386 2549 docet,
3421 2482 3608 2538 retulit.

2024 2588 2139 2644 haec
2169 2587 2235 2642 ad
2292 2587 2481 2651 Deum,
2524 2601 2551 2638 a
2585 2600 2694 2654 quo
2721 2593 2774 2639 et
2815 2582 3003 2636 venire
3027 2578 3366 2650 prohibetur.
3412 2574 3518 2630 Sed
3550 2583 3608 2628 et

2023 2683 2220 2737 iterum
2261 2696 2353 2735 rex
2383 2681 2552 2733 mittit
2605 2678 2831 2747 legatos,
2859 2684 2914 2731 et
2961 2675 3226 2745 neglectis
3255 2670 3423 2725 armis
3453 2683 3604 2737 spem

2021 2790 2235 2830 omnem
2279 2773 2430 2842 ponit
2469 2772 2519 2825 in
2569 2771 2786 2824 Balaam
2828 2777 2888 2821 ut
2925 2766 3128 2830 veniat,
3171 2773 3225 2819 et
3269 2763 3433 2818 verba
3465 2759 3608 2816 defe-

2024 2875 2139 2930 rat,
2193 2875 2355 2933 atque
2402 2865 2454 2916 in
2501 2861 2754 2930 populum
2817 2858 3094 2926 iaculetur
3148 2855 3440 2910 maledicta
3504 2867 3606 2922 pro

2024 2956 2168 3022 telis,
2218 2957 2263 3010 si
2306 2956 2444 3009 forte
2493 2953 2678 3006 verbis
2741 2949 2961 3003 Balaam
3012 2948 3267 3001 vincatur
3329 2945 3605 3015 populus,

2022 3064 2182 3116 quem
2217 3047 2356 3116 regis
2412 3047 2688 3099 exercitus
2718 3045 3000 3108 superare
3049 3054 3156 3092 non
3189 3047 3428 3108 poterat.
3481 3037 3607 3092 llaec

2023 3139 2249 3194 historia
2278 3137 2408 3207 quid
2443 3135 2850 3206 consequentia:
2880 3132 3086 3187 habet?
3117 3129 3248 3199 quid
3285 3127 3497 3182 consilii
3531 3140 3609 3184 te-

2021 3231 2098 3300 git
2128 3229 2283 3300 (45)?
2323 3228 2424 3283 Ubi
2483 3228 2563 3282 vel
2623 3225 2843 3297 quando
2904 3225 3146 3278 auditum
3180 3231 3284 3288 est,
3315 3221 3459 3290 quod
3481 3219 3605 3289 quis

2022 3336 2238 3391 regunt,
2270 3321 2587 3375 imminente
2638 3321 2740 3374 sibi
2767 3319 2974 3388 prazlio,
3013 3314 3230 3371 omissis
3256 3313 3424 3366 armis
3443 3325 3604 3365 exer-

2021 3413 2240 3482 cituque
2279 3413 2542 3481 neglecto,
2601 3411 2665 3463 ad
2718 3411 2884 3463 divini
2926 3406 3155 3476 alicujus
3192 3407 3276 3460 vel
3331 3402 3603 3471 aruspicis

2020 3507 2182 3559 verba
2234 3504 2572 3574 confugerit?
2626 3503 2782 3560 Unde
2835 3504 3028 3556 iterum
3083 3510 3246 3568 atque
3275 3499 3470 3552 iterum
3506 3495 3602 3549 Dei

2021 3598 2177 3652 nobis
2198 3597 2473 3651 exoranda
2497 3605 2579 3651 est
2607 3595 2802 3665 gratia,
2830 3595 3017 3647 utltzec
3041 3607 3144 3645 non
3161 3589 3418 3644 fabulosis
3437 3598 3490 3642 et
3514 3585 3613 3640 .Iu—

2020 3688 2189 3744 daicis
2208 3687 2632 3751 narrationibus,
2653 3685 2745 3740 sed
2770 3683 3128 3738 rationalibus
3149 3691 3203 3736 et
3221 3681 3400 3752 dignis
3421 3680 3601 3734 divina

2020 3781 2140 3851 lege
2159 3783 2425 3852 possimus
2438 3781 2686 3834 sensibus
2706 3775 3193 3847 explicare.Primo
3210 3790 3340 3845 ergo
3357 3772 3604 3828 omnium

2022 3871 2302 3927 fatendum
2336 3879 2421 3927 est
2449 3873 2501 3925 in
2526 3869 2850 3940 quibusdam
2870 3868 2989 3937 plus
3008 3881 3170 3938 posse
3193 3875 3244 3920 et
3270 3866 3388 3936 plus
3422 3863 3605 3918 valere

2020 3967 2185 4020 verba
2220 3979 2384 4034 quam
2422 3978 2648 4031 corpora
2683 3979 2695 4014 :
2732 3959 2859 4027 quia
2902 3961 3048 4028 quod
3093 3959 3370 4014 exercitus
3407 3955 3606 4010 multa-

2021 4073 2141 4111 runt
2172 4057 2414 4124 gentium
2445 4053 2703 4122 nequiret
2733 4053 2967 4118 eﬂicere,
3003 4051 3145 4117 quod
3187 4048 3332 4103 ferro
3363 4057 3416 4102 et
3436 4049 3608 4102 armis

2020 4165 2126 4202 non
2165 4155 2346 4216 posset
2369 4143 2627 4208 obtineri,
2648 4145 2749 4198 hoc
2773 4144 2956 4198 verbis
2988 4142 3245 4206 edicitur;
3279 4149 3333 4193 ct
3359 4139 3605 4192 noudico

2021 4239 2225 4295 sanctis
2253 4234 2553 4298 verltis,vcl
2573 4235 2664 4287 Dei
2695 4235 2897 4300 verbis,
2929 4235 3022 4287 sed
3052 4231 3231 4285 verbis
3253 4230 3599 4299 quihusdam,

2021 4348 2140 4403 quae
2167 4331 2310 4384 inter
2334 4327 2582 4381 homines
2634 4327 2932 4392 habentur,
2967 4340 3084 4394 quae
3117 4323 3389 4392 quomodo
3419 4319 3598 4374 nomi-

2022 4439 2143 4478 nent
2214 4421 2438 4484 neseio;
2499 4406 2848 4471 sunt-tamen
2893 4416 2946 4469 in
2979 4414 3095 4468 utili
3139 4423 3254 4466 arte
3279 4410 3600 4479 composita,

337 4519 407 4570 ita
436 4517 745 4585 praecipitur
780 4516 980 4569 bellum
1010 4521 1328 4584 gerendum,
1365 4537 1381 4567 α
1414 4527 1470 4570 ut
1503 4532 1606 4570 non
1641 4521 1913 4587 rclinqua-
1947 4514 1990 4571 1)
2024 4519 2176 4587 cujus
2201 4516 2335 4569 artis
2365 4510 2684 4564 vocabulum
2717 4509 2849 4563 illud
2887 4509 2981 4572 sit,
3008 4507 3152 4576 quod
3181 4505 3476 4572 unicuique
3507 4518 3601 4571 ap-

339 4610 432 4670 tis,
475 4609 652 4676 inquit
691 4607 761 4669 ",
810 4621 873 4658 ex
931 4621 995 4661 eo
1040 4609 1336 4663 viventem.
1377 4625 1393 4656 ι
1432 4606 1649 4682 Nullum
1705 4611 1850 4664 enim
1881 4629 1908 4664 a

335 4700 462 4754 filiis
492 4700 659 4755 Israel
704 4711 917 4769 oportet
951 4701 1182 4770 relinqui
1234 4702 1284 4755 in
1349 4715 1517 4769 regno
1562 4702 1912 4771 turpitudinis

334 4803 388 4846 et
437 4793 720 4848 dedecoris
772 4794 1063 4847 viventem.
1118 4792 1222 4846 Sed
1270 4801 1324 4847 et
1371 4797 1526 4848 decet
1557 4789 1910 4845 lsraeliticam

335 4883 596 4937 virtutem
630 4883 884 4938 excidere
931 4894 984 4938 et
1019 4898 1266 4938 resecare
1298 4885 1500 4954 turpia,
1553 4893 1608 4939 et
1656 4883 1738 4953 pia
1767 4899 1913 4952 qum-

333 4988 437 5042 que
462 4974 512 5026 in
541 4974 719 5028 anima
749 4974 1099 5042 rcacditicare,
1125 4985 1286 5045 atque
1314 4975 1540 5030 honesta
1567 4992 1630 5030 ac
1662 4975 1908 5045 religiosa

333 5064 601 5134 plantare.
656 5067 729 5120 De
780 5081 947 5136 regno
1015 5067 1156 5122 Scon
1209 5081 1312 5120 non
1368 5077 1450 5121 est
1509 5067 1796 5136 scriptum,
1853 5079 1911 5122 ut

333 5155 512 5210 nullus
535 5157 689 5211 vivus
721 5157 1078 5226 relinquatur,
1112 5173 1212 5212 nec
1242 5160 1306 5212 de
1337 5174 1504 5227 regno
1547 5157 1723 5213 Moab.
1751 5159 1911 5214 Forte

333 5247 477 5301 enim
509 5262 574 5302 ex
605 5248 712 5304 illis
751 5264 886 5319 opus
921 5252 1182 5305 habemus
1213 5251 1509 5320 aliquibus,
1545 5261 1598 5305 ct
1640 5251 1911 5306 nonnullis

332 5353 518 5392 coruttt
554 5357 650 5410 pro
685 5342 806 5397 vitae
852 5343 1017 5414 hujus
1071 5343 1336 5414 agonibus
1365 5353 1417 5396 et
1463 5344 1741 5398 exercitiis
1771 5345 1912 5398 indi-

400 5453 716 5518 "'Jcrem.t,
740 5455 892 5526 9,10.
976 5460 1022 5490 ’⁵
1057 5457 1214 5515 Nunt.
1251 5476 1365 5524 xxI,

405 5577 518 5646 (fit!)
554 5577 730 5630 Busan
755 5580 1128 5648 interpretatur
1158 5591 1480 5632 TL‘RPETUDO.
1510 5580 1551 5633 Λ
1580 5589 1692 5638 tm:
1730 5599 1746 5630 ι
1783 5596 1909 5638 con-

333 5645 484 5699 fusus
515 5660 617 5700 est.
653 5667 670 5699 ι

405 5717 514 5783 (ίίῦ)
549 5718 628 5797 Ως]
661 5721 832 5772 autem
864 5720 951 5786 qui
993 5737 1084 5797 ira:
1131 5721 1325 5797 dicitur
1366 5737 1474 5772 csse
1507 5719 1706 5783 Basnn,
1735 5732 1915 5770 INTtstt-

337 5804 522 5842 ct.tfstu
546 5790 938 5852 interpretatur.
980 5792 1057 5844 Al)
1103 5801 1190 5850 ξιτ]
1236 5790 1429 5846 Cital-l.
1471 5791 1552 5844 vel
1600 5798 1687 5849 .11.“!
1733 5790 1897 5844 llebr.

1575 5460 1617 5490 ’θ
1647 5462 1803 5513 Nunt.
1846 5475 1977 5524 xxtt,
2012 5461 2059 5522 l,
2088 5460 2144 5515 2.

2019 4611 2207 4680 pellari
2245 4609 2395 4662 libet.
2455 4606 2549 4659 Est
2578 4618 2730 4673 ergo,
2764 4611 2821 4654 ttt
2853 4600 2988 4664 dixi,
3021 4601 3161 4668 apud
3196 4597 3440 4650 homines
3466 4609 3602 4663 opus

2023 4696 2241 4766 aliquod
2280 4735 2294 4759 ,
2372 4694 2515 4763 quod
2607 4689 2792 4745 verbis
2870 4688 3123 4742 ellicitnr.
3199 4685 3340 4750 Quid
3417 4692 3599 4737 tamen

2021 4805 2152 4858 opus
2204 4788 2308 4842 tale
2366 4793 2482 4848 est,
2541 4795 2600 4836 ut
2643 4781 2892 4851 quamvis
2959 4779 3169 4848 magnis
3222 4776 3470 4846 corporis
3523 4778 3604 4829 vi-

2023 4882 2173 4935 ribus
2214 4896 2318 4934 non
2379 4877 2549 4949 possit
2601 4873 2852 4944 impleri?
2897 4871 3081 4936 Verbi,
3108 4871 3316 4938 gratia,
3355 4880 3510 4924 erant
3548 4872 3599 4924 itt

2022 4973 2257 5042 [Egypto
2310 4971 2679 5024 incantatores
2719 4975 2774 5019 et
2821 4965 2984 5032 magi.
3032 4961 3166 5029 Quis
3200 4973 3376 5032 potest
3421 4962 3602 5015 homi-

2023 5083 2146 5119 num
2192 5064 2511 5119 fortitudine
2542 5058 2791 5128 corporis
2841 5058 3048 5125 virgam
3111 5067 3326 5109 mutare
3383 5055 3436 5108 in
3478 5070 3602 5108 ser—

2021 5168 2266 5225 pentem,
2327 5157 2472 5226 quod
2510 5154 2578 5206 ab
2613 5153 2720 5205 illis
2772 5151 2978 5206 factum
3002 5150 3278 5206 refertur?
3326 5150 3432 5202 Aut
3477 5148 3602 5217 quis

2021 5261 2193 5318 petcst
2272 5251 2474 5303 viribus
2548 5249 2794 5318 corporis
2866 5262 3064 5316 aquam
3139 5246 3192 5298 in
3275 5241 3596 5312 sanguinem

2019 5341 2181 5412 319
2226 5342 2477 5396 vertere?
2526 5341 2788 5396 Fecerunt
2839 5349 3022 5394 tamen
3077 5337 3178 5392 hoc
3217 5333 3595 5403 Egyptiorum

2224 5461 2265 5491 ’⁷
2302 5459 2428 5513 ibid.
2455 5459 2506 5511 6.

2026 5599 2041 5628 ‹
2091 5579 2290 5634 circulo
2321 5579 2654 5642 describere,
2705 5594 2721 5626 ι
2758 5585 2810 5630 et
2851 5575 2991 5629 forte
3034 5588 3052 5620 ι
3098 5564 3392 5633 includere,
3423 5563 3599 5618 inter-

2019 5651 2253 5703 tjltttlet'c.
2293 5669 2308 5698 ι

2091 5721 2404 5790 (ΗΜίοιΙυχ
2452 5716 2824 5790 (Iarnotcnsis.
2873 5733 2889 5764 ‹
2937 5722 3150 5777 cogere.
3189 5723 3205 5754 ι

2091 5784 2199 5850 (ίὶὸ)
2235 5789 2399 5848 Ideni,
2445 5807 2460 5838 ι
2498 5784 2750 5840 ostendit.
2799 5801 2817 5835 ›
