4134 6378
563 341 661 393 671

2039 327 2366 386 OBICENIS

3714 329 3819 382 679.

564 453 928 507 incantatores
953 460 1007 505 et
1031 451 1193 521 magi.
1230 451 1460 506 Fecerat
1487 451 1633 502 enim
1664 449 1778 503 hzec
1812 447 1963 516 prius
1995 444 2142 514 Moy-
2173 443 2219 500 Α
2248 441 2328 496 vis
2375 455 2688 504 armorum,
2744 450 3011 508 quantum
3047 442 3249 514 Moysis
3289 442 3458 497 valuit
3501 443 3697 497 oratio.
3752 444 3821 499 Ut

563 557 652 598 ses
698 559 712 596 :
760 543 853 596 sed
895 543 1019 611 quia
1065 544 1271 596 sciebat
1310 557 1402 595 rex
1469 540 1687 610 ZEgypti
1733 539 1872 607 quod
1925 545 2143 606 possent

567 632 679 684 bazc
705 641 822 685 arte
851 632 1082 699 quadam
1121 632 1234 683 fieri
1265 631 1571 690 verborum,
1596 643 1714 696 qua:
1748 627 1974 679 habetur
2005 623 2144 675 inter

566 721 835 785 homines,
886 721 1091 788 putavit
1123 731 1176 774 et
1231 719 1446 789 Moysen
1487 734 1592 772 non
1644 719 1756 770 lucc
1794 715 1883 768 Dei
1919 715 2139 772 virtute,

562 812 658 866 sed
691 813 896 879 magica
934 819 1048 864 arte
1076 809 1292 871 fecisse,
1327 820 1375 863 et
1403 811 1544 878 quod
1573 811 1809 862 humana
1847 814 1960 858 arte
1999 803 2143 857 fece-

561 911 673 964 rat,
707 903 757 955 id
797 902 885 954 Dei
929 902 1126 955 factum
1166 903 1362 954 virtute
1389 901 1671 954 simulare.
1705 901 1977 954 Convocat
2011 912 2142 950 con-

561 993 714 1046 tinuo
735 991 1108 1060 .Egyptiorum
1142 993 1510 1046 im-antatorcs
1537 1003 1590 1046 et
1620 1007 1821 1061 magos.
1850 991 1995 1044 luter
2017 1004 2140 1043 eum

560 1084 650 1151 qui
691 1079 893 1136 virtute
937 1083 1028 1136 Dei
1082 1085 1434 1151 operabatur,
1477 1093 1532 1138 et
1567 1099 1660 1137 eos
1713 1083 1805 1151 qui
1871 1082 2142 1135 daemones

565 1177 907 1238 invocabant,
940 1174 1067 1228 facit
1100 1190 1221 1230 esse
1251 1186 1549 1230 certamen.
1589 1175 1758 1229 Ellicit
1789 1186 1964 1229 tamen
1991 1174 2142 1226 siliti-

565 1263 690 1318 liter
719 1274 774 1318 et
805 1265 1080 1319 contraria
1116 1266 1289 1320 virtus
1324 1267 1526 1335 virgam
1559 1275 1864 1334 serpentem
1894 1267 2028 1318 sicut
2059 1262 2138 1315 fe-

563 1365 714 1409 cerat
744 1356 912 1410 virtus
941 1355 1034 1411 Dei
1069 1370 1087 1410 ‘.
1124 1358 1216 1413 sed
1246 1373 1471 1428 serpens
1515 1358 1605 1426 qui
1637 1372 1733 1426 per
1764 1358 2011 1410 virtutem
2047 1356 2137 1409 Dei

567 1443 743 1497 factus
792 1443 987 1509 fuerat,
1040 1446 1323 1499 absorbuit
1359 1456 1414 1500 et
1460 1447 1739 1499 devoravit
1786 1459 1974 1499 omnes
2021 1445 2139 1499 illos

559 1543 864 1603 serpentes,
910 1536 1000 1604 qui
1033 1545 1149 1591 arte
1189 1537 1392 1606 magica
1434 1553 1497 1590 ex
1530 1536 1695 1606 virgis
1734 1536 1873 1590 versi
1922 1535 2140 1589 fuerant

563 1625 614 1676 in
660 1635 957 1694 serpentes.
1004 1625 1119 1680 Non
1166 1627 1310 1679 enim
1365 1627 1536 1696 potuit
1591 1627 1764 1679 virtus
1811 1625 2135 1678 dzemoniaca

562 1715 761 1768 malum
801 1716 943 1784 quod
971 1732 1035 1769 ex
1078 1717 1218 1770 bono
1247 1716 1454 1770 fecerat
1495 1716 1783 1772 restituere
1819 1717 1870 1770 in
1911 1717 2132 1771 bonum.

562 1803 738 1858 Potuit
769 1820 832 1860 ev
863 1805 1014 1874 virga
1039 1806 1217 1860 facere
1239 1817 1567 1876 serpentem,
1611 1808 1817 1876 virgam
1851 1823 1981 1862 vero
2014 1809 2138 1862 red-

559 1894 688 1948 dere
715 1910 777 1948 ex
811 1905 1064 1964 serpente
1094 1914 1201 1950 non
1248 1899 1463 1967 potuit:
1495 1909 1548 1952 et
1587 1899 1706 1952 ideo
1748 1909 2141 1952 consumuntur

558 1997 754 2036 omnes
791 1999 858 2037 ex
893 2000 952 2038 ca
995 1986 1141 2056 virga
1166 2003 1285 2056 qua:
1319 1988 1409 2041 Dei
1449 1989 1651 2042 virtute
1683 2003 1838 2041 versa
1880 1987 2060 2042 fuerat
2085 1989 2137 2042 in

559 2083 888 2142 serpentem.
914 2076 1108 2132 l’ostea
1140 2094 1266 2133 vero
1299 2096 1394 2148 per
1422 2080 1662 2133 divinam
1701 2081 1955 2135 virtutem
1984 2091 2140 2134 natu-

559 2178 636 2216 ra:
660 2179 771 2218 sua:
808 2168 1068 2234 redditur,
1099 2179 1155 2223 ut
1179 2182 1389 2224 natura:
1420 2171 1704 2225 Dominum
1729 2169 2014 2225 fateretur.
2039 2170 2140 2224 Fe-

560 2265 751 2308 cerunt
783 2258 1150 2317 incantatores
1182 2263 1584 2331 Egyptiorum,
1633 2273 1691 2317 ut
1749 2273 1802 2318 et
1837 2253 2140 2332 aqumver-

562 2354 806 2402 terentur
847 2351 898 2404 in
952 2354 1298 2424 sanguinem,
1337 2354 1430 2409 sed
1481 2368 1583 2408 non
1616 2362 1904 2423 potuerunt
1944 2356 2136 2410 iterum

557 2442 872 2510 sanguinem
900 2453 1114 2500 vertere
1149 2447 1202 2500 in
1229 2464 1420 2517 aquam
1447 2466 1461 2508 ς
1491 2448 1580 2502 Dei
1611 2457 1791 2502 autem
1821 2449 1994 2503 virtus
2028 2465 2136 2503 non

556 2545 776 2599 aquatn,
801 2535 892 2588 sed
925 2544 1094 2590 totum
1141 2537 1361 2592 fluvium
1411 2542 1574 2594 vertit
1603 2543 1654 2595 in
1689 2543 2005 2612 sanguinem
2040 2560 2053 2594 :
2083 2550 2138 2596 et

559 2636 771 2676 rursum
804 2638 996 2681 orante
1027 2626 1231 2697 Moyse,
1269 2629 1505 2699 limpidis
1553 2647 1673 2685 cum
1709 2648 1773 2688 ac
1801 2632 2138 2688 naturalibus

563 2715 796 2770 reddidit
851 2719 1088 2774 ﬂuentis.
1171 2721 1236 2774 Et
1305 2722 1498 2776 iterum
1561 2725 1938 2792 produxerunt
1993 2725 2138 2796 magi

561 2802 936 2876 Egyptiorum
983 2812 1222 2880 scnipes,
1261 2813 1354 2866 sed
1401 2829 1506 2868 non
1552 2825 1844 2882 potuerunt
1877 2814 2138 2883 repellere

554 2914 671 2956 eas.
707 2901 916 2973 Moyses
949 2921 1078 2959 vero
1112 2907 1367 2974 produxit
1399 2907 1634 2976 scnipes,
1663 2915 1718 2960 et
1746 2907 1962 2976 repulit.
1995 2908 2138 2963 Deus

556 2991 698 3044 enim
735 3003 918 3048 noster
945 2995 1124 3048 delere
1159 2997 1317 3060 facit,
1370 3005 1424 3051 et
1465 2997 1660 3050 iterutn
1702 2997 1973 3065 restituit;
2005 3013 2138 3054 con-

2246 533 2390 586 enitn
2419 533 2684 587 elevassct
2717 532 2927 603 Moyses
2951 537 3231 602 manusad
3271 536 3460 598 Deum,
3493 536 3819 590 vincebatur

2244 624 2497 684 Amalec;
2529 626 2765 680 remissa:
2796 640 2924 680 vero
2968 633 3021 678 et
3070 624 3306 692 dejectre,
3352 625 3496 679 vinci
3545 625 3821 680 faciebant

2245 714 2432 768 lsracl.
2487 716 2610 770 l-lzec
2653 716 2894 784 profecto
2937 718 3180 771 audierat
3252 716 3449 770 Balacb
3495 733 3589 772 rex
3636 717 3817 772 Meab.

2245 808 2522 875 Scriptum
2554 817 2637 862 est
2661 809 2803 862 enim
2835 809 2882 840 ³ο
2914 827 2928 863 :
2966 827 2984 860 ι
3022 807 3327 861 Audiernnt
3374 817 3580 878 gentes,
3624 817 3680 863 et
3707 808 3815 861 ira-

2249 910 2314 952 ta:
2345 910 2472 952 sunt
2504 916 2516 950 :
2563 900 2778 954 dolores
2796 900 3328 968 comprehenderunt
3354 901 3663 956 habitantes
3691 900 3821 955 Phi-

2245 990 2449 1043 listiitn.
2493 991 2646 1046 'l‘unc
2679 990 3076 1046 festinaverunt
3117 993 3282 1049 duces
3320 994 3588 1057 Edom,et
3613 991 3818 1062 princi-

2242 1096 2336 1150 pes
2357 1081 2730 1146 Moabitarurn,
2767 1085 3126 1152 apprehendit
3167 1100 3260 1138 eos
3319 1094 3542 1139 tremor.
3599 1104 3618 1137 ι
3649 1082 3815 1138 Vides

2243 1175 2553 1242 pervenisse
2580 1174 2645 1226 ad
2674 1189 2769 1228 eos
2797 1175 2939 1241 quod
2973 1175 3024 1228 in
3053 1175 3266 1229 cantico
3313 1176 3637 1244 praedixerat
3679 1173 3820 1244 Moy-

2243 1278 2330 1318 ses
2373 1263 2590 1332 quando
2645 1265 2974 1319 transierant
3021 1280 3171 1319 mare
3234 1265 3500 1320 Rubrum.
3558 1265 3818 1318 Audierat

2240 1371 2368 1425 ergo
2395 1371 2489 1408 rex
2516 1353 2692 1419 Moab,
2721 1355 2846 1423 quia
2882 1356 3108 1424 pepulus
3139 1357 3230 1411 hic
3261 1357 3602 1412 orationibus
3627 1354 3816 1417 vineit,

2240 1457 2296 1501 et
2331 1455 2533 1515 pugnat
2561 1446 2852 1499 adversum
2895 1447 3081 1501 hostes
3109 1462 3228 1513 ore,
3277 1463 3381 1502 non
3432 1447 3634 1518 gladio,
3669 1456 3724 1502 et
3747 1447 3817 1502 ob

2240 1535 2342 1589 hoc
2369 1534 2486 1589 sine
2523 1535 2685 1589 dubio
2711 1534 2849 1603 apud
2883 1537 3234 1604 semetipsum
3271 1538 3547 1606 cogitavit,
3581 1538 3765 1592 dicens
3797 1551 3813 1588 :

2236 1624 2508 1688 Quoniam
2534 1625 2754 1692 quidem
2821 1626 3158 1682 orationibus
3195 1627 3372 1697 populi
3421 1629 3579 1698 hujus
3610 1636 3666 1682 et
3697 1642 3818 1695 pre-

2239 1715 2392 1770 cibus
2421 1716 2564 1769 nulla
2595 1723 2822 1785 possunt
2849 1732 3000 1770 arma
3035 1719 3265 1772 conferri
3291 1760 3306 1784 ,
3344 1718 3462 1773 ideo
3490 1719 3652 1772 etiam
3687 1716 3816 1771 mihi

2243 1807 2372 1862 tales
2403 1806 2595 1876 aliquae
2619 1821 2825 1876 preces,
2860 1816 2916 1861 et
2957 1807 3086 1861 talia
3128 1811 3451 1878 requirenda
3492 1817 3620 1863 sunt
3654 1823 3808 1863 arma

2243 1898 2552 1962 verborum,
2585 1907 2638 1953 et
2665 1897 2943 1954 orationes
2977 1897 3111 1954 tales
3149 1914 3270 1968 quae
3314 1913 3571 1967 superare
3609 1895 3820 1967 possint

2240 1989 2520 2043 orationes
2553 1989 2803 2044 istorum.

2309 2102 2363 2157 5.
2407 2102 2477 2158 Ut
2524 2112 2702 2156 autem
2751 2103 2893 2157 scias
2934 2103 3038 2156 tale
3069 2102 3270 2173 aliquid
3319 2102 3584 2171 cogitasse
3613 2117 3816 2172 regem,

2239 2207 2305 2249 ex
2342 2193 2638 2264 Scriptura:
2672 2194 2851 2248 verbis
2903 2194 3137 2263 intellige
3159 2233 3173 2257 ,
3221 2209 3340 2263 quae
3365 2208 3466 2263 ego
3496 2208 3525 2246 a
3557 2193 3817 2264 magistro

2241 2288 2497 2355 quodam,
2538 2287 2629 2356 qui
2661 2302 2725 2340 ex
2758 2285 3000 2340 llebrreis
3025 2285 3350 2349 crediderat,
3405 2285 3650 2354 exposita
3679 2283 3813 2336 didi-

2239 2381 2310 2436 ci.
2342 2380 2614 2450 Scriptum
2644 2388 2880 2451 estergo
2904 2381 2945 2411 ³¹
2984 2399 2996 2434 :
3033 2398 3050 2430 ι
3091 2379 3156 2434 Ει
3192 2379 3328 2434 dixit
3364 2377 3518 2432 Moab
3543 2378 3608 2431 ad
3637 2376 3817 2431 senio-

2240 2485 2329 2526 res
2381 2469 2590 2524 Madian
2624 2487 2637 2524 :
2671 2471 2824 2526 Nune
2880 2472 3119 2539 ablinget
3165 2485 3435 2539 synagoga
3478 2469 3592 2523 haze
3629 2483 3816 2522 omnes

2240 2561 2331 2630 qtti
2376 2562 2426 2614 in
2474 2561 2702 2614 circuitu
2755 2572 2940 2616 nostro
2984 2569 3134 2626 sunt,
3182 2560 3321 2613 sicut
3362 2557 3816 2626 ablingitvitulus

2241 2651 2466 2706 herbam
2501 2653 2702 2720 campi.
2746 2670 2766 2704 ι
2805 2652 3002 2707 Aiebat
3024 2666 3154 2720 ergo
3189 2651 3448 2720 magister
3479 2650 3587 2713 ille,
3613 2651 3703 2718 qui
3743 2665 3809 2703 ex

2241 2737 2484 2795 Hebraeis
2529 2740 2835 2795 crediderat
2882 2753 2898 2793 :
2942 2739 3072 2804 Cur,
3135 2739 3345 2808 inquit,
3403 2739 3494 2794 tali
3547 2753 3675 2793 usus
3725 2749 3815 2794 est

2239 2829 2486 2900 exemplo
2535 2829 2754 2894 dicens,
2805 2849 2825 2882 ο
2875 2831 3019 2885 sicut
3071 2830 3298 2900 ablingit
3349 2829 3548 2884 vitulus
3586 2830 3812 2884 herbam

2240 2921 2506 2990 campi?»
2549 2919 2630 2975 οι)
2686 2921 2788 2981 hoc
2851 2922 2970 2976 sine
3018 2921 3206 2986 dubio,
3264 2922 3390 2990 quia
3447 2920 3650 2974 vitulus
3713 2934 3811 2975 ore

2237 3013 2510 3082 abrumpit
2531 3013 2756 3068 herbam
2785 3013 2852 3066 de
2877 3027 3068 3081 campo
3100 3020 3152 3067 et
3181 3013 3359 3083 lingua
3393 3021 3644 3082 tanquam
3675 3012 3810 3067 falce

561 3084 728 3138 traria
764 3097 940 3140 autem
973 3087 1142 3142 virtus
1171 3089 1309 3144 male
1343 3090 1558 3159 quidem
1593 3091 1776 3147 facere
1809 3091 2009 3163 aliquid
2039 3107 2134 3159 ρο·
2162 3103 2204 3161 c
2238 3119 2576 3174 qumcunque
2611 3104 2880 3159 invenerit
2906 3113 3079 3159 secat.
3113 3103 3191 3158 Ita
3219 3119 3348 3174 ergo
3369 3112 3425 3159 et
3454 3104 3679 3174 populus
3700 3105 3810 3171 hic,

558 3185 686 3240 test,
717 3178 809 3232 sed
859 3178 1148 3234 restituere
1189 3182 1242 3234 in
1292 3180 1562 3252 integrum
1609 3199 1714 3238 non
1771 3193 1969 3253 potest.
2009 3183 2134 3240 llaec

555 3277 737 3320 autem
775 3267 956 3322 omnia
1001 3271 1382 3338 pnemisimus,
1426 3281 1483 3328 ut
1531 3289 1694 3343 opera
1748 3273 1993 3340 Balaam,
2050 3275 2134 3329 vel

555 3361 720 3413 verba
766 3359 882 3428 ejus
914 3363 1183 3430 possimus
1227 3365 1534 3420 advertere.
1566 3366 1705 3420 Sunt
1737 3367 1880 3420 enim
1912 3376 1968 3420 et
2017 3381 2136 3420 ma-

555 3464 745 3519 gorum
794 3453 1066 3507 nonnulla:
1119 3452 1438 3510 differentiae
1485 3470 1500 3509 :
1545 3455 1633 3510 alii
1686 3456 1831 3510 enim
1865 3456 2005 3524 plus,
2041 3457 2132 3510 alii

559 3540 736 3596 minus
759 3543 958 3597 valent.
993 3544 1092 3600 llic
1122 3544 1338 3600 Balaam
1364 3537 1761 3601 famosissiinus
1786 3559 1907 3602 erat
1934 3549 1987 3601 in
2016 3556 2135 3602 arte

555 3633 761 3701 magica
815 3644 868 3689 et
914 3637 968 3690 in
1019 3638 1359 3692 carminibus
1409 3639 1588 3693 noxiis
1635 3648 1962 3708 praepotens.
2013 3639 2131 3694 Non

554 3724 698 3776 enim
742 3725 975 3780 habebat
1012 3738 1368 3796 potestatem,
1418 3730 1503 3784 vel
1545 3739 1718 3784 artem
1753 3732 2040 3784 verborum
2065 3730 2132 3783 ad

555 3817 1009 3886 benedicendum,
1045 3824 1139 3876 sed
1165 3823 1398 3878 habebat
1423 3825 1490 3878 ad
1538 3824 1983 3880 maledicendum.
2016 3827 2132 3880 Dae-

556 3923 743 3963 rnoues
780 3911 925 3966 enim
971 3915 1038 3967 ad
1083 3914 1514 3969 maledicendum
1561 3916 1880 3982 invitantur,
1931 3932 2035 3972 non
2063 3917 2129 3971 ad

555 3999 1002 4061 benedicendum.
1059 4006 1126 4061 Et
1171 4007 1295 4062 ideo
1339 4006 1492 4076 quasi
1528 4019 1785 4079 expertus
1814 4010 1866 4064 in
1910 4010 2128 4076 talibus,

554 4090 608 4144 in
652 4092 905 4161 opinione
951 4104 1068 4150 erat
1113 4096 1387 4163 omnibus,
1437 4099 1530 4168 qui
1581 4107 1737 4154 erant
1785 4100 1836 4153 in
1885 4098 2126 4154 Oriente.

555 4185 669 4241 Nisi
700 4188 842 4241 enim
873 4189 1243 4258 experimenta
1275 4192 1391 4259 ejus
1434 4191 1667 4261 plurima
1700 4189 2126 4259 prtecessissent,

551 4279 692 4346 quod
715 4278 1026 4348 frequenter
1074 4281 1380 4336 maledictis
1425 4284 1636 4338 hostem
1667 4282 1923 4336 vertisset
1946 4296 2128 4335 arma-

553 4379 687 4434 ttnn,
715 4387 820 4426 non
853 4373 1040 4442 utique
1069 4375 1507 4443 prresumpsisset
1542 4390 1636 4429 rex
1666 4373 1768 4428 hoc
1808 4388 1970 4442 posse
2009 4373 2126 4426 lieri

2234 3195 2387 3265 quasi
2419 3194 2618 3249 vitulus
2647 3209 2741 3250 ore
2770 3203 2822 3248 et
2852 3194 3013 3249 labiis
3035 3203 3259 3265 pugnat,
3295 3203 3351 3250 et
3382 3210 3532 3249 arma
3564 3195 3728 3250 habet
3755 3195 3808 3250 in

2234 3289 2416 3344 verbis
2448 3304 2511 3344 ac
2540 3289 2811 3356 precibus.
2848 3286 2978 3343 Haec
3000 3288 3167 3358 igitur
3198 3288 3385 3343 sciens
3424 3303 3519 3344 rex
3552 3289 3714 3342 mittit
3740 3288 3808 3341 ad

2234 3380 2476 3446 Balaam,
2504 3390 2642 3436 utet
2676 3381 2790 3450 ipse
2835 3379 3042 3434 deferat
3081 3379 3261 3434 verbis
3296 3379 3460 3434 verba
3511 3377 3809 3442 contraria,

2234 3483 2289 3528 et
2312 3472 2563 3542 precibus
2605 3485 2817 3538 preces.
2866 3467 2977 3524 Nec
3031 3468 3248 3524 mireris
3284 3469 3327 3524 si
3370 3479 3455 3522 est
3497 3469 3559 3521 in.
3600 3465 3810 3532 magica

2234 3570 2353 3616 arte
2390 3561 2496 3616 tale
2529 3560 2759 3630 aliquid;
2798 3574 2920 3615 esse
2964 3559 3109 3614 enim
3157 3559 3296 3613 hanc
3344 3566 3528 3611 artem.
3565 3558 3814 3626 designat

2233 3653 2397 3707 etiam
2427 3652 2738 3720 Scriptura,
2784 3651 2878 3704 sed
2915 3649 2990 3704 uti
3019 3664 3082 3703 ea
3124 3649 3392 3719 prohibet.
3437 3646 3569 3700 Nam
3613 3656 3670 3704 ct
3698 3648 3811 3700 da:-

2233 3757 2421 3796 mones
2463 3741 2741 3812 Scriptura
2775 3755 2894 3795 esse
2919 3739 3191 3808 designat,
3223 3739 3316 3793 sed
3345 3737 3447 3792 coli
3471 3753 3564 3792 eos
3593 3747 3646 3792 et
3677 3752 3811 3792 exo-

2233 3829 2342 3883 rari
2377 3838 2549 3884 vetat.
2593 3829 2759 3883 Recte
2788 3843 2921 3899 ergo
2945 3828 3111 3884 etiam
3160 3828 3367 3896 magica
3427 3828 3502 3882 uti
3537 3829 3808 3898 prohibet,

2232 3921 2358 3991 quia
2394 3937 2669 3991 magorum
2701 3922 2936 3975 ministri
2973 3919 3087 3992 (46)
3119 3921 3294 3990 angeli
3327 3927 3457 3974 sunt
3494 3919 3715 3991 refugae,
3755 3931 3811 3976 et

2232 4013 2457 4082 spiritus
2489 4011 3087 4081 maligni,etd;emonia
3119 4011 3422 4066 immunda.
3459 4011 3644 4066 Nullus
3665 4011 3810 4066 enim

2233 4113 2548 4160 sanctorum
2580 4105 2867 4171 spirituum
2901 4104 3244 4174 obtemperat
3270 4118 3451 4173 mago.
3481 4102 3595 4156 Non
3629 4113 3806 4172 potest

2233 4194 2487 4248 invocare
2535 4209 2726 4264 magus
2791 4192 3129 4258 Michaelem,
3191 4208 3296 4248 non
3339 4201 3515 4260 potest
3559 4193 3811 4246 invocare

2233 4285 2589 4356 Raphaelcm,
2624 4301 2798 4354 neque
2845 4283 3188 4348 Gabrielcm;
3223 4283 3391 4336 multo
3419 4283 3589 4352 magis
3622 4298 3810 4351 magns

2233 4378 2485 4433 invocare
2521 4393 2627 4431 non
2676 4385 2852 4446 potest
2894 4375 3314 4442 omnipotentem
3370 4373 3558 4436 Demn,
3599 4389 3696 4426 nec
3722 4371 3813 4425 Fi-

550 4463 912 4526 sermonibus,
953 4465 1095 4533 quod
1132 4465 1277 4520 ferro
1307 4476 1361 4520 et
1391 4467 1509 4520 acie
1553 4467 1637 4520 vix
1671 4474 1853 4534 posset
1893 4465 2124 4534 impleri.
2162 4462 2204 4518 D
2231 4469 2362 4522 lium
2391 4469 2506 4535 ejus
2538 4467 2824 4520 Dominum
2866 4476 3112 4519 nostrum
3153 4461 3334 4516 Jesum
3382 4463 3683 4528 Christum,
3712 4479 3811 4520 nec

551 4555 744 4608 Certus
772 4571 902 4623 ergo
927 4555 1125 4610 Balach
1165 4557 1232 4610 de
1259 4557 1381 4620 hoc,
1423 4567 1476 4611 et
1503 4556 1818 4626 frequenter
1847 4568 2123 4625 expertus,

551 4641 768 4695 omissis
810 4643 1059 4697 omnibus
1113 4645 1489 4701 instrumentis
1531 4654 1585 4700 ct
1635 4647 1852 4700 auxiliis
1897 4648 2122 4712 bellicis,

553 4732 717 4786 mittit
746 4735 812 4787 ad
844 4749 964 4788 eum
999 4735 1201 4805 legatos
1235 4739 1424 4792 dicens
1513 4738 1559 4770 ³⁸
1595 4755 1609 4792 :
1649 4757 1668 4791 ι
1703 4739 1843 4794 Ecce
1894 4741 2125 4810 populus

550 4825 719 4882 exivit
747 4827 814 4881 de
843 4827 1076 4898 Egypto
1107 4839 1160 4884 et
1184 4831 1467 4900 cooperuit
1498 4831 1691 4886 faciem
1737 4841 1913 4899 teme,
1951 4841 2005 4887 et
2039 4833 2126 4886 hic

550 4917 866 4984 seditjuxla
895 4935 998 4974 me.
1036 4940 1054 4973 ι
1083 4921 1188 4977 Sed
1215 4931 1270 4976 et
1292 4923 1528 4992 amplius
1555 4923 1764 4992 aliquid
1802 4935 1932 4993 puto
1980 4923 2124 4993 quod

549 5010 781 5064 moverit
835 5027 1014 5081 regem
1057 5031 1070 5067 :
1123 5015 1337 5069 videtur
1377 5016 1525 5070 enim
1573 5014 1814 5080 audisse,
1865 5016 1990 5085 quia
2030 5015 2123 5069 ﬁlii

549 5101 714 5156 Israel
740 5103 916 5159 solent
978 5105 1160 5162 hostes
1201 5108 1422 5164 vincere
1469 5109 1737 5174 oratione,
1789 5124 1894 5162 non
1934 5110 2124 5174 armis,

550 5200 796 5247 nectam
847 5193 993 5249 ferro
1021 5212 1179 5265 quam
1223 5198 1494 5268 precibus.
1549 5197 1704 5252 Nulla
1767 5200 1911 5253 enim
1959 5199 2124 5254 lsrael

549 5285 836 5341 adversum
874 5287 1210 5345 Pharaonem
1237 5307 1387 5345 arma
1424 5293 1744 5359 commovit,
1791 5293 1884 5347 sed
1916 5292 2121 5346 dictum

546 5389 631 5434 cst
655 5380 704 5434 ei
752 5379 774 5411 ⁹
807 5397 820 5434 :
859 5398 880 5433 ε
919 5379 1180 5436 Dominus
1209 5383 1468 5453 pugnabit
1496 5399 1591 5453 pro
1621 5385 1792 5446 vobis,
1825 5396 1876 5438 et
1911 5401 2006 5439 vos
2038 5396 2120 5440 ta-

547 5468 759 5524 cebitis.
797 5489 817 5524 ι
843 5470 948 5525 Sed
979 5488 1078 5527 nec
1098 5483 1291 5528 contra
1315 5473 1642 5528 Amalecitas
1665 5474 1883 5544 quidem
1912 5486 2120 5532 tantum

2232 4568 2484 4615 sanctum
2519 4558 2780 4628 Spiritum
2804 4558 2941 4623 ejus.
2970 4553 3078 4607 Nos
3107 4552 3204 4607 soli
3243 4555 3546 4623 accepirnns
3570 4563 3810 4622 potesta-

2235 4660 2342 4707 tem
2397 4650 2684 4705 invocandi
2723 4649 2889 4703 Deum
2940 4645 3181 4699 Patrem.
3244 4642 3352 4697 Nos
3395 4645 3494 4698 soli
3547 4645 3808 4698 habemus

2233 4753 2554 4813 potestatem
2613 4738 2897 4795 invocandi
2965 4736 3300 4805 unigenitum
3345 4733 3460 4802 ejus
3508 4734 3806 4789 Christum.

2234 4837 2340 4892 Sed
2376 4835 2502 4890 illud
2536 4842 2618 4888 est
2648 4833 2790 4901 quod
2825 4830 2947 4884 dico
2981 4846 2995 4884 :
3023 4828 3114 4897 qui
3159 4826 3266 4895 iam
3296 4834 3620 4896 potestatem
3651 4840 3806 4880 acce-

2233 4928 2312 4996 pit
2346 4924 2626 4980 invocandi
2655 4922 2954 4986 Christum,
2984 4935 3087 4974 non
3117 4926 3292 4986 potest
3317 4918 3509 4971 iterum
3535 4919 3807 4972 daemones

2235 5021 2488 5075 invocare
2521 5033 2534 5069 :
2566 5023 2621 5070 et
2667 5016 2760 5084 qui
2806 5013 2977 5068 sancti
3023 5011 3259 5079 Spiritus
3305 5009 3576 5078 particeps
3629 5008 3806 5063 factus

2231 5119 2335 5174 est,
2369 5112 2434 5163 ad
2465 5108 2772 5162 immundos
2796 5107 2936 5161 ultra
2971 5103 3192 5174 spiritus
3217 5103 3471 5158 accedere
3494 5117 3596 5155 non
3627 5102 3806 5158 debet.

2233 5204 2290 5258 Si
2321 5204 2463 5258 enim
2499 5200 2834 5256 invocaverit
2865 5197 3173 5254 immundos
3202 5197 3450 5266 spiritus,
3489 5195 3653 5269 320
3680 5211 3806 5249 san-

2230 5303 2350 5349 ctus
2375 5293 2443 5346 ab
2477 5306 2542 5346 eo
2574 5290 2812 5360 Spiritus
2838 5288 3034 5358 refugit
3060 5287 3195 5357 (47).
3259 5286 3395 5356 Magi
3433 5296 3560 5342 sunt
3595 5286 3683 5352 qui
3722 5285 3806 5338 in-

2230 5393 2425 5440 vocant
2451 5381 2773 5437 Beclzebub.
2803 5383 3042 5449 Denique
3065 5378 3271 5434 sciebat
3304 5378 3406 5432 hoc
3435 5376 3661 5446 populus
3695 5376 3804 5444 ille,

2231 5489 2285 5534 et
2321 5477 2439 5531 ideo
2463 5476 2788 5528 mentientes
2817 5484 3010 5527 contra
3053 5469 3340 5527 Dominum
3391 5483 3566 5522 meum
3591 5465 3800 5535 Jesum,

615 5564 663 5596 ⁸⁸
685 5565 842 5620 Νιιιιι.
877 5584 1009 5633 xxII,
1040 5569 1094 5624 5.
1167 5568 1211 5599 ”
1239 5568 1406 5623 Exod.
1438 5585 1548 5636 xlv,
1580 5570 1666 5628 M.
1739 5571 1784 5604 ³⁰
1817 5573 1984 5628 Exod.
2022 5591 2110 5642 xv,

2271 5574 2357 5628 15.
2433 5573 2475 5603 ³¹
2507 5571 2664 5625 Num.
2697 5587 2828 5638 χχιι,
2856 5570 2911 5624 4.

625 5651 738 5727 (lli)
772 5655 934 5727 l_dern,
971 5675 988 5708 ι
1022 5659 1287 5727 magistri.
1323 5679 1340 5710 ι

624 5725 738 5792 (47)
772 5725 998 5782 Sanctus
1030 5730 1092 5782 ab
1116 5725 1183 5783 eo
1211 5729 1679 5807 Spiritusrcfugit.
1706 5734 1880 5790 Codex
1917 5735 2118 5790 Carno-

2239 5663 2428 5725 tensis.
2464 5681 2480 5712 ι
2513 5660 2746 5734 Spiritus
2779 5669 3000 5718 sanctus
3043 5661 3110 5716 ab
3138 5674 3201 5716 eo
3232 5658 3494 5715 violenter
3526 5653 3803 5712 abstrahi-

2230 5743 2339 5788 tur.
2379 5753 2396 5784 ι
