4134 6434
353 363 462 420 673

1521 365 1587 419 ΙΝ
1624 364 1954 420 NUMEROS
1997 365 2284 420 llOMlLIA
2323 366 2458 422 XII].

3517 375 3616 430 674

357 491 411 536 et
441 481 571 536 falsa
616 483 878 546 dicentes,
925 482 1143 537 aiebant
1178 483 1222 514 ³³
1257 501 1270 536 :
1309 501 1328 534 ι
1376 483 1476 540 Hic
1520 485 1572 538 in
1627 484 1931 538 Beelzebub
1960 491 2006 545 Α
2038 485 2275 549 Balaam,
2315 501 2422 540 non
2479 484 2619 554 quod
2667 484 2864 556 dignus
2905 496 3049 543 esset
3097 490 3165 542 ad
3215 504 3376 560 quem
3405 491 3616 545 veniret

355 576 602 646 principe
645 573 1032 630 daemoniorum
1078 574 1226 642 cjicit
1270 574 1557 629 daemonia.
1624 593 1642 626 ι
1683 573 1932 628 Salvator

351 678 538 722 autem
563 666 740 721 sciens
761 664 886 734 quia
920 679 1107 719 verum
1145 675 1228 718 est
1259 665 1478 732 quidem
1511 665 1654 733 quod
1681 665 1933 733 princeps

350 757 570 827 quidem
605 756 991 810 daemoniorum
1028 755 1335 810 Beelzebub
1359 757 1454 820 sil,
1486 757 1537 810 in
1564 757 1666 810 hoc
1694 772 1786 811 eos
1821 771 1928 810 non

352 847 530 918 arguit
567 846 859 907 mendacii,
910 845 1006 898 sed
1046 844 1329 910 respondit
1375 844 1454 898 eis
1480 844 1527 875 ³³
1568 860 1581 896 :
1616 863 1632 894 ι
1668 843 1721 897 Si
1749 859 1849 913 ego
1877 845 1928 896 in

353 937 651 992 Bcclrebub
691 933 850 1002 ejicio
893 934 1180 998 daemonia,
1228 934 1322 987 lilii
1366 934 1534 988 vestri
1580 935 1632 988 in
1677 949 1784 1002 quo
1820 933 1920 1000 eji-

351 1027 542 1082 ciunt?
576 1045 596 1077 ι
631 1025 782 1081 Unde
805 1035 1017 1081 constat
1056 1041 1176 1079 esse
1206 1025 1467 1094 quosdam
1507 1026 1780 1080 daemones
1819 1041 1930 1080 ma-

353 1117 455 1182 los,
496 1117 586 1185 qui
627 1116 859 1172 invocati
901 1131 930 1168 a
976 1115 1171 1184 magis,
1226 1117 1421 1169 adsunt
1467 1116 1549 1171 eis
1587 1116 1652 1170 ad
1702 1116 1926 1183 malum,

352 1223 462 1264 non
490 1209 556 1263 ad
577 1208 798 1262 bonum.
828 1206 1011 1261 Parati
1041 1207 1186 1259 enim
1214 1215 1336 1260 sunt
1359 1208 1424 1261 ad
1451 1207 1926 1272 malefaciendum,

347 1302 490 1356 bene
512 1310 694 1355 autem
729 1301 910 1354 facere
945 1299 1210 1352 nesciunt.
1243 1299 1331 1352 Isti
1358 1314 1487 1369 ergo
1512 1301 1784 1355 dmmones
1813 1309 1929 1355 arte

349 1393 583 1461 quadam
610 1399 663 1445 et
699 1392 1088 1460 compositione
1123 1390 1411 1443 verborum
1443 1390 1494 1443 in
1545 1391 1836 1455 amicitias,
1871 1399 1928 1444 ut

350 1484 427 1536 ita
482 1484 679 1548 dicam,
733 1493 1010 1538 cesserant
1059 1480 1327 1536 Balaam:
1372 1495 1605 1547 quorum
1668 1484 1926 1538 amicitiis

350 1573 543 1640 fretus,
596 1590 818 1645 magnus
868 1576 1008 1644 apud
1059 1576 1307 1631 homines
1342 1574 1648 1628 videbatur.
1697 1574 1778 1630 Ob
1825 1576 1927 1630 hoc

347 1683 482 1738 ergo
515 1667 676 1721 mittit
703 1667 768 1721 ad
799 1683 920 1722 eum
954 1683 1070 1732 rex,
1118 1678 1174 1722 et
1203 1667 1279 1720 ait
1323 1667 1369 1696 ”
1403 1682 1415 1717 :
1447 1684 1464 1715 ‹
1500 1665 1632 1721 Veni
1675 1684 1839 1730 nunc,
1871 1676 1926 1720 et

349 1759 577 1814 maledic
609 1759 734 1813 mihi
772 1759 1024 1829 populum
1083 1761 1248 1824 hunc,
1303 1762 1428 1831 quia
1463 1762 1658 1816 fortior
1691 1769 1772 1816 est
1837 1761 1923 1814 hic

2039 573 2202 639 Deus;
2236 577 2329 629 sed
2359 586 2416 629 ut
2451 575 2770 646 fugarentur
2817 577 2892 633 illi
2939 579 3031 649 qui
3074 581 3140 635 ad
3186 582 3612 638 maledicendum

2034 675 2086 721 et
2117 669 2568 724 malefaciendum
2603 673 2794 727 adesse
2833 685 3255 731 consueverant.
3314 677 3434 732 Jam
3467 679 3613 732 enim

2036 758 2160 812 hinc
2218 761 2531 828 providebat
2577 763 2719 817 Deus
2775 765 2969 834 p0pulo
3014 782 3132 823 suo.
3184 771 3350 824 Adest
3381 785 3534 840 ergo,
3559 778 3618 825 et.

2033 851 2169 904 dicit
2209 853 2349 906 Deus
2380 853 2444 906 ad
2467 870 2586 908 eum
2606 855 2650 884 ³⁸
2681 872 2694 909 ;
2730 875 2746 905 ι
2786 855 2924 922 Quid
2958 857 3202 913 homines
3230 860 3316 914 isti
3352 868 3615 916 venerunt

2038 940 2105 994 ad
2137 941 2230 993 te?
2256 942 2321 994 Et
2344 942 2479 996 dixit
2517 943 2734 996 Balaam
2775 945 2842 997 ad
2873 945 3036 998 Deum
3069 965 3083 1000 :
3114 947 3309 1002 Balach
3342 951 3482 1006 filius
3513 952 3614 1007 Se-

2033 1033 2168 1100 pbor
2196 1048 2289 1086 rex
2320 1032 2474 1086 Moab
2499 1034 2646 1088 misit
2672 1051 2766 1090 eos
2795 1036 2861 1089 ad
2889 1052 2994 1100 me,
3028 1037 3219 1092 dicens
3243 1057 3256 1092 :
3290 1040 3423 1095 Ecce
3449 1057 3616 1112 popu-

2031 1119 2113 1174 lus
2143 1121 2278 1174 exiit
2307 1123 2372 1176 de
2399 1121 2658 1192 Egypto,
2692 1135 2749 1179 et
2773 1128 3064 1194 cooperuit
3103 1127 3294 1182 faciem
3336 1139 3518 1198 terrae,
3554 1141 3612 1190 et

2033 1213 2121 1267 hic
2151 1214 2304 1268 sedet
2325 1215 2482 1284 juxta
2513 1231 2616 1270 me.
2653 1217 2786 1271 Veni
2815 1233 2945 1286 ergo
2973 1234 3142 1281 nunc,
3169 1229 3221 1272 et
3247 1219 3474 1274 maledic
3509 1222 3611 1275 mi—

2034 1304 2086 1356 hi
2118 1319 2261 1367 eum,
2304 1306 2346 1358 si
2387 1304 2528 1360 forte
2559 1308 2856 1376 poterimus
2905 1320 3190 1376 percutere
3240 1325 3386 1374 ctnn,
3431 1321 3484 1363 et
3508 1309 3609 1376 eji-

2032 1409 2178 1448 cere.
2215 1395 2281 1448 Et
2322 1396 2464 1449 dixit
2497 1398 2645 1450 Deus
2686 1399 2750 1451 ad
2780 1398 2999 1452 Balaam
3035 1417 3048 1452 :
3085 1399 3198 1452 Non
3230 1415 3321 1453 eas
3351 1415 3474 1454 cum
3505 1401 3607 1466 eis,

2033 1499 2207 1554 neque
2242 1485 2532 1542 maledicas
2556 1489 2815 1557 populum
2857 1508 2872 1543 :
2906 1498 2990 1543 est
3017 1488 3164 1542 enim
3207 1491 3542 1546 benedictus.
3583 1509 3605 1544 ι

2101 1577 2153 1629 7.
2192 1576 2368 1631 Altior
2399 1578 2487 1632 hic
2518 1581 2758 1634 exoritur
2801 1580 3049 1650 quaestio,
3096 1590 3146 1634 el
3211 1582 3392 1636 nescio
3427 1592 3606 1636 utrum

2031 1669 2314 1722 conveniat
2353 1685 2462 1723 rem
2492 1680 2601 1723 tam
2635 1671 2884 1739 profundi
2932 1673 3177 1742 mysterii
3223 1673 3518 1738 denudare,
3553 1684 3608 1728 et

2031 1761 2278 1828 proferre
2313 1761 2377 1814 ad
2421 1761 2625 1826 turbas,
2681 1773 2735 1816 et
2779 1777 2870 1816 eas
2918 1763 3107 1837 turbas
3147 1778 3266 1830 quae
3297 1764 3362 1817 ad
3394 1765 3608 1817 audito-

347 1865 512 1921 quam
547 1865 664 1917 nos,
699 1851 742 1904 si
789 1851 927 1906 forte
975 1852 1247 1921 possimus
1304 1865 1585 1922 percutere
1623 1853 1833 1921 aliquos
1856 1866 1919 1906 ex
1959 1833 1999 1890 Β
2033 1850 2166 1902 rium
2192 1851 2344 1904 verbi
2391 1851 2482 1904 Dei
2521 1867 2624 1905 non
2655 1853 2759 1906 nisi
2799 1835 2985 1921 peneis
3033 1851 3225 1906 diebus
3286 1852 3607 1918 adveniunt,

346 1946 450 2008 eis,
480 1952 535 1998 et
571 1943 770 2014 ejicere
797 1958 890 1999 eos
919 1944 984 1998 de
1009 1955 1174 1999 terra.
1223 1964 1241 1997 ι
1280 1947 1504 2000 Videtur
1531 1945 1660 1998 mihi
1700 1960 1788 1998 rex
1830 1944 1920 1997 hic

349 2051 455 2091 non
486 2049 553 2090 ex
597 2035 806 2105 integro
843 2036 1121 2092 conlidere
1149 2038 1203 2092 in
1238 2037 1454 2090 Balaam
1485 2038 1688 2102 divino,
1723 2037 1924 2105 ingenti

344 2127 510 2182 credo
543 2127 610 2181 de
632 2127 943 2193 virtutibus,
979 2143 1098 2197 qua:
1123 2130 1175 2183 in
1208 2131 1404 2199 populo
1435 2129 1529 2184 Dei
1578 2129 1735 2185 facta:
1770 2137 1916 2191 sunt,

345 2219 621 2273 auditione
665 2219 987 2287 perterritus
1021 2234 1037 2272 :
1077 2229 1131 2274 et
1167 2220 1287 2275 ideo
1329 2221 1500 2286 dicit,
1557 2222 1600 2275 si
1659 2220 1799 2275 forte
1835 2219 1922 2274 vel

345 2322 588 2378 eousque
628 2310 957 2377 praevaleant
987 2311 1395 2365 maledictiones
1440 2311 1680 2374 Balaam,
1719 2321 1778 2365 ut
1817 2311 1922 2364 ali-

347 2413 484 2467 quos
513 2413 580 2453 ex
614 2397 744 2466 ipsis
784 2400 954 2469 possit
984 2407 1288 2468 percutere,
1320 2410 1546 2455 caeteros
1580 2416 1708 2456 vero
1737 2401 1924 2470 fugare

347 2487 692 2555 perterritos,
722 2498 775 2544 et
802 2491 1020 2558 propria
1058 2500 1202 2546 terra
1243 2491 1532 2561 depellere.

419 2578 473 2634 6.
507 2579 669 2634 Addit
699 2589 962 2648 prmterea
995 2599 1009 2634 :
1047 2601 1066 2634 ‹
1105 2583 1241 2650 Quia
1294 2584 1429 2646 scio,
1476 2581 1651 2650 inquit
1686 2582 1751 2647 ³³,
1780 2581 1923 2649 quod

343 2682 484 2736 quos
512 2667 882 2735 benedixeris,
925 2671 1194 2726 benedicti
1242 2681 1427 2736 erunt,
1456 2683 1511 2726 et
1535 2686 1670 2740 quos
1695 2670 1922 2724 maledi-

346 2757 513 2821 xeris,
545 2758 815 2813 maledicti
844 2770 1025 2815 erunt.
1059 2781 1078 2814 ι
1113 2761 1224 2832 Ego
1248 2776 1350 2815 non
1384 2761 1551 2815 credo
1592 2760 1717 2828 quia
1755 2760 1923 2813 sciret

344 2862 462 2914 rex,
494 2850 636 2918 quod
679 2850 1094 2921 quibuscunque
1121 2853 1492 2908 benedixisset
1536 2851 1780 2915 Balaam,
1824 2851 1920 2906 be-

343 2939 544 2996 nedicti
587 2952 769 2997 essent
817 2960 830 2997 :
877 2943 974 2998 sed
1015 2943 1232 2998 videtur
1281 2943 1414 2998 mihi
1460 2942 1716 2998 adulandi
1747 2944 1920 3012 gratia

345 3030 462 3088 haec
499 3033 700 3097 dicere,
754 3042 812 3088 ut
866 3043 1036 3088 artem
1084 3034 1201 3102 ejus
1245 3035 1478 3089 efferens
1519 3043 1574 3087 et
1625 3033 1921 3100 extollens,

344 3125 732 3192 promptiorem
756 3140 878 3179 eum
909 3125 1010 3180 sibi
1038 3126 1227 3180 reddat
1256 3127 1324 3180 ad
1372 3126 1603 3179 facinus.
1638 3128 1744 3178 Ars
1777 3127 1919 3179 enim

345 3214 550 3282 magica
579 3216 754 3270 nescit
781 3215 1124 3284 benedicere,
1151 3219 1274 3286 quia
1320 3234 1418 3272 nec
1441 3217 1712 3271 dannones
1744 3218 1924 3270 sciunt

346 3303 683 3362 benefacere.
739 3305 924 3362 Nescit
967 3309 1291 3364 benedicere
1328 3309 1479 3362 Isaac
1521 3319 1576 3361 et
1622 3307 1825 3372 Jacob,
1871 3317 1924 3362 et

343 3409 534 3450 omnes
572 3398 791 3453 sancti:
843 3399 1129 3468 impiorum
1189 3401 1364 3454 nullus
1413 3399 1518 3454 scit
1572 3399 1916 3453 benedicere.

345 3483 451 3538 Sed
485 3487 696 3542 tandem
747 3491 963 3545 veniunt
992 3491 1060 3544 ad
1109 3490 1324 3544 Balaam
1363 3489 1540 3558 legati.
1579 3506 1597 3539 ι
1647 3489 1922 3544 Venerunt

343 3593 494 3649 ergo,
524 3581 698 3652 inquit
723 3583 789 3649 '°,
823 3583 1066 3639 seniores
1099 3582 1277 3650 Moab,
1319 3593 1374 3638 et
1399 3584 1642 3638 seniores
1680 3583 1917 3648 Madian,

343 3684 401 3727 et
429 3671 732 3728 divinacula
779 3675 830 3729 in
861 3675 1114 3729 manibus
1153 3688 1362 3728 eorum.
1406 3692 1423 3725 ›
1455 3672 1512 3727 In
1571 3674 1675 3726 illis
1703 3673 1916 3726 divina—

347 3767 505 3820 tionis
534 3767 763 3830 artibus,
795 3782 931 3836 quas
984 3768 1276 3823 curiositas
1318 3767 1551 3820 humana
1594 3766 1917 3835 composuit,

343 3865 470 3910 sunt
501 3859 746 3926 quaedam
779 3874 899 3928 qua:
932 3857 1212 3928 Scriptura
1246 3859 1462 3928 quidem
1488 3857 1785 3911 diviuacula
1818 3873 1917 3911 noo

346 3949 607 4003 minavit:
651 3951 867 4020 gentilis
905 3961 1086 4006 autem
1130 3949 1496 4012 consuetudo,
1531 3949 1612 4004 vel
1655 3951 1916 4019 tripodas,

345 4040 428 4094 vel
467 4042 725 4105 cortinas,
764 4040 850 4095 vel
895 4041 1016 4095 aliis
1070 4040 1373 4109 hujusmodi
1417 4039 1694 4094 vocabulis
1736 4041 1919 4108 appel-

346 4133 452 4197 lat;
495 4148 614 4202 quze
644 4137 799 4203 quasi
841 4133 909 4187 ad
938 4133 1042 4186 hoc
1085 4133 1256 4200 ipsum
1311 4140 1652 4195 consecrata,
1711 4133 1914 4185 moveri

346 4225 412 4278 ab
445 4225 525 4279 eis
553 4233 605 4279 et
643 4223 970 4278 contrectari
1007 4223 1204 4278 solent.
1238 4223 1519 4290 Scriptura
1571 4237 1702 4276 sane
1735 4224 1915 4276 divina

342 4315 794 4386 ephodquoddam
819 4315 1112 4370 vernaculo
1137 4329 1385 4368 sermone
1418 4314 1662 4366 nominat
1691 4314 1740 4366 in
1796 4331 1918 4382 pro-

344 4410 539 4477 phetis,
577 4410 719 4480 quod
751 4409 1127 4463 indumentum
1182 4405 1408 4460 tradunt
1439 4421 1558 4461 esse
1590 4407 1916 4474 prophetau-

2028 1949 2082 1995 et
2111 1943 2368 1995 continuo
2393 1943 2698 2008 discedunt,
2730 1959 2827 1998 nec
2857 1945 2908 1998 in
2948 1944 3304 1999 meditatione
3334 1943 3481 1997 verbi
3510 1944 3604 1998 Dei

2028 2029 2232 2085 diutius
2275 2031 2639 2086 immorantur
2675 2050 2689 2086 :
2727 2042 2908 2088 tamen
2963 2050 3062 2103 pro
3124 2035 3190 2088 iis
3229 2035 3320 2103 qui
3373 2034 3601 2088 studiosi

2027 2132 2174 2190 sunt,
2210 2132 2265 2178 et
2291 2125 2468 2178 sciunt
2491 2125 2700 2188 audire,
2727 2135 3062 2194 possuntque
3082 2141 3274 2196 capere
3304 2126 3600 2196 spiritalem

2027 2229 2266 2278 sensum,
2311 2230 2480 2283 pauca
2539 2215 2720 2284 aliqua
2769 2218 3012 2271 dicemus
3058 2233 3124 2270 ex
3174 2217 3377 2272 multis.
3425 2216 3606 2272 Potest

2025 2322 2156 2376 ergo
2185 2305 2348 2374 objici
2385 2304 2490 2360 tale
2516 2306 2722 2376 aliquid
2746 2307 2995 2362 :lnvoeet
3037 2308 3164 2362 licet
3190 2309 3466 2362 daemones
3499 2308 3602 2361 Ba-

2033 2397 2196 2462 laam,
2228 2397 2519 2452 maledicat
2551 2399 2769 2467 populo,
2812 2399 3048 2454 invocati
3096 2401 3366 2454 daemones
3408 2398 3607 2454 faciant

2024 2489 2166 2557 quod
2204 2499 2430 2556 possunt
2463 2505 2476 2540 :
2511 2491 2749 2558 nunquid
2785 2506 2889 2545 non
2919 2499 3096 2560 potest
3130 2492 3272 2546 Deus
3311 2491 3602 2545 defendere

2025 2593 2054 2630 a
2092 2579 2424 2634 dannonihus
2473 2581 2750 2648 populum,
2787 2583 3006 2652 vimque
3044 2597 3233 2638 eorum
3283 2585 3333 2638 in
3383 2583 3606 2638 malefa-

2025 2670 2216 2725 ciendo
2243 2671 2560 2726 destruere?
2605 2672 2745 2739 Quid
2782 2689 2913 2741 ergo
2951 2690 3086 2742 opus
3111 2686 3251 2739 erat,
3286 2686 3343 2730 ut
3366 2677 3480 2746 ipse
3509 2691 3606 2731 ve-

2025 2760 2165 2815 niret
2198 2761 2260 2814 ad
2295 2761 2513 2816 Balaam
2571 2775 2625 2817 et
2663 2774 2956 2820 consuetos
2988 2765 3259 2822 daemones
3291 2769 3607 2837 prohiberet

2025 2852 2301 2917 accedere,
2351 2868 2421 2907 ne
2464 2855 2547 2906 vel
2594 2864 2873 2910 tentarent
2915 2867 3009 2911 aut
3039 2869 3374 2914 conarentur
3413 2861 3607 2916 laedere

2023 2942 2277 3010 pepulum
2303 2944 2500 2997 suum?
2535 2944 2614 2997 Ad
2648 2945 2762 2999 haec
2795 2960 2926 3016 ergo
2971 2948 3098 3001 licet
3135 2965 3241 3002 non
3269 2952 3452 3004 omnia
3485 2966 3606 3020 quae

2025 3043 2252 3100 possunt
2287 3049 2598 3098 occurrere,
2630 3035 2952 3104 proferenda
2980 3049 3124 3104 sunt,
3147 3048 3322 3094 tamen
3359 3041 3607 3098 dicen-ius

2025 3134 2091 3174 ex
2121 3133 2293 3190 parte,
2329 3123 2455 3189 quia
2491 3139 2595 3175 non
2631 3123 2742 3175 vult
2766 3108 3246 3177 Deusidmmonnm
3276 3140 3449 3194 genus
3481 3137 3607 3180 ante

2030 3222 2239 3282 tempus
2262 3215 2520 3268 damnare
2550 3214 2686 3284 (48).
2723 3213 2914 3269 Scittnt
2940 3214 3084 3268 enim
3115 3225 3172 3269 et
3192 3215 3292 3284 ipsi
3325 3216 3605 3272 daemones

2026 3305 2150 3373 quia
2190 3315 2400 3374 tempus
2429 3319 2615 3358 eorum
2647 3320 2886 3374 praesens
2913 3305 3014 3358 hoc
3047 3305 3304 3359 saeculum
3332 3306 3600 3361 continet.

2025 3397 2318 3467 Pr0pterea
2367 3396 2600 3466 denique
2647 3405 2702 3450 et
2751 3395 3037 3450 Dominum
3092 3397 3378 3466 rogabant,
3409 3407 3465 3451 ut
3494 3414 3600 3453 non

2024 3497 2302 3556 torqueret
2330 3503 2423 3541 eos
2453 3497 2581 3540 ante
2625 3494 2861 3556 tempus,
2898 3502 3071 3554 neque
3097 3487 3148 3539 in
3182 3487 3438 3557 abyssum
3471 3489 3604 3542 mit-

2025 3587 2165 3632 teret
2199 3578 2263 3632 ³⁸.
2307 3578 2372 3632 Ει
2401 3579 2472 3631 ob
2497 3579 2599 3632 hoc
2634 3593 2811 3647 neque
2843 3578 3113 3631 diabolum
3142 3579 3374 3632 removit
3397 3594 3424 3632 a
3453 3581 3600 3647 prin"

2023 3673 2204 3740 cipatu
2246 3668 2427 3724 saeculi
2490 3665 2675 3736 hujus,
2732 3668 2856 3736 quia
2907 3668 3083 3722 adhuc
3134 3684 3269 3738 opus
3315 3678 3398 3722 est
3439 3685 3604 3738 opera

2021 3761 2144 3829 ejus
2203 3760 2267 3813 ad
2311 3757 2701 3830 perfectionen't
2755 3773 2942 3811 eorum
2993 3759 3081 3826 qui
3125 3759 3418 3812 coronandi
3456 3774 3602 3829 sunt,

2021 3869 2156 3922 opus
2185 3861 2267 3904 est
2289 3851 2465 3904 adhue
2498 3864 2661 3919 opera
2685 3848 2798 3916 ejus
2826 3850 2890 3902 ad
2919 3851 3181 3904 exercitia
3237 3852 3603 3907 certaminum

2021 3954 2075 3998 et
2108 3943 2367 3997 victorias
2400 3943 2709 3998 beatorum.
2743 3941 2836 3996 Sic
2876 3957 3005 4011 ergo
3036 3951 3090 3995 et
3115 3943 3357 4010 reliquos
3390 3945 3600 3998 dmino-

2023 4051 2118 4089 nes
2151 4051 2255 4090 nou
2283 4033 2394 4087 vult
2431 4045 2556 4088 ante
2594 4043 2802 4101 tempus
2829 4049 2857 4086 a
2890 4033 3152 4102 propositi
3192 4049 3271 4086 sui
3301 4033 3603 4089 intentione

2023 4127 2286 4182 violenter
2312 4125 2658 4186 abstrahere,
2725 4135 2778 4178 et
2823 4125 2940 4178 ideo
2972 4140 3038 4179 ex
3085 4125 3240 4179 initio
3273 4141 3376 4180 non
3405 4126 3487 4179 eis
3521 4127 3603 4179 in-

2021 4219 2189 4274 dulsit
2249 4218 2488 4270 invocari
2552 4233 2649 4286 per
2721 4215 2983 4283 Balaam,
3054 4231 3120 4271 ne
3172 4217 3313 4270 forte
3367 4217 3600 4272 invocati

2022 4315 2432 4367 destruereutur
2467 4318 2593 4363 ante
2641 4321 2874 4376 tempus,
2948 4317 3000 4362 et
3059 4309 3456 4378 perimerentur
3507 4311 3603 4362 de-

2021 4403 2272 4456 fendente
2322 4400 2575 4469 pupulum
2623 4414 2780 4454 suum
2834 4401 2961 4452 Deo.
3009 4399 3167 4453 Aliud
3210 4399 3358 4454 enim
3399 4409 3502 4462 est,
3555 4399 3599 4455 si

345 4501 499 4555 tium.
539 4499 693 4554 Aliud
729 4508 907 4555 tamen
932 4499 1071 4570 apud
1113 4498 1423 4568 Seripturas
1470 4497 1651 4549 divina
1692 4495 1918 4564 pr0phe-
1952 4509 1994 4563 ι)
2024 4498 2305 4562 exspectat
2351 4491 2562 4543 daemon
2622 4503 2649 4542 a
2703 4488 2810 4541 Deo
2863 4487 3095 4556 aliquem
3151 4489 3216 4540 ad
3283 4490 3598 4543 tentandum

347 4589 440 4654 tia,
472 4589 614 4643 aliud
639 4589 897 4644 divinatio
920 4590 1171 4643 habetur.
1197 4589 1289 4642 Ait
1315 4587 1460 4642 enim
1488 4586 1531 4617 ³⁷
1561 4603 1574 4639 :
1612 4604 1630 4636 ‹
1664 4585 1777 4638 Non
1814 4585 1920 4638 erit

345 4683 622 4750 anguratio
663 4682 714 4736 in
759 4681 946 4748 Jacob,
992 4696 1168 4752 neque
1215 4681 1480 4736 divinatio
1521 4679 1573 4733 in
1623 4678 1810 4734 Israel.
1859 4679 1914 4732 In

347 4782 588 4843 tempore
624 4774 835 4829 dicetur
877 4775 942 4828 ad
992 4773 1159 4828 Jacob
1198 4783 1250 4828 et
1281 4771 1469 4839 Israel,
1517 4771 1645 4840 quid
1679 4770 1918 4824 facturus

344 4866 413 4919 sit
438 4867 600 4923 Dens.
640 4885 659 4919 ι
696 4865 1000 4920 Abdicatur
1040 4879 1172 4934 ergo
1205 4865 1423 4934 penitus
1446 4862 1708 4918 divinatio
1745 4875 1916 4928 :Ope-

345 4973 400 5013 re
444 4959 587 5013 enim
641 4967 697 5012 et
751 4957 1053 5012 ministerio
1097 4957 1434 5019 daemonum,
1477 4964 1535 5008 ut
1591 4969 1752 5023 supra
1802 4953 1915 5023 jam

343 5052 601 5116 diximus,
628 5049 973 5118 adimpletur.
1009 5047 1174 5116 Igitur
1203 5046 1448 5110 Balaam,
1476 5045 1798 5100 divinaculis
1828 5060 1917 5099 ac-

343 5143 532 5212 ceptis,
566 5157 687 5195 cum
711 5140 954 5196 solerent
981 5139 1258 5194 daemones
1281 5139 1347 5192 ad
1389 5139 1560 5206 ipsum
1591 5137 1798 5200 venire,
1828 5135 1912 5189 fu-

343 5243 494 5303 gatos
517 5231 735 5302 quidem
767 5233 1038 5284 daemones
1067 5229 1231 5293 videt,
1268 5229 1364 5282 sed
1392 5227 1581 5282 adesse
1617 5227 1804 5280 Deum.
1849 5226 1912 5280 Et

346 5327 464 5381 ideo
487 5326 616 5380 dicit
642 5325 980 5391 interrogare
1011 5338 1072 5378 se
1110 5323 1304 5384 Deum,
1329 5320 1451 5388 quia
1492 5329 1787 5375 consuetos
1808 5318 1911 5372 sibi

344 5433 529 5489 parere
557 5431 825 5488 nusquam
861 5415 1133 5469 daemones
1159 5413 1325 5467 videt.
1362 5411 1519 5465 Venit
1549 5426 1678 5480 ergo
1713 5410 1828 5477 ipse
1848 5409 1914 5462 ad

433 5557 633 5613 "Luc.
675 5571 751 5619 ιιι,
778 5553 864 5609 15.
977 5552 1022 5585 ³³
1047 5553 1202 5613 ibid.,
1242 5551 1326 5605 l9.

355 5623 399 5656 ⁸⁸
415 5623 575 5682 Nunt.
596 5644 729 5695 xxn,
747 5619 1114 5689 9,10,11,12.

410 5747 519 5817 (ιε)
554 5745 672 5798 Non
699 5739 983 5817 vuILDeus
1007 5739 1300 5817 dqm_onum
1331 5752 1491 5817 genus
1535 5745 1660 5817 ante
1703 5743 1906 5814 tempus

343 5803 609 5877 dainnure,
639 5825 742 5870 etc.
781 5811 916 5868 Vide
940 5810 1300 5866 clarissimum
1331 5803 1583 5861 lluetium
1619 5803 1902 5872 Orig-nin-

1430 5550 1474 5580 ³⁸
1498 5549 1651 5601 Num.
1685 5561 1822 5608 χχιι,
1854 5545 1912 5598 6.

2010 5544 2054 5575 ⁸⁸
2088 5543 2216 5596 ibid.

1216 5622 1259 5653 ³³
1281 5621 1474 5674 Matth.
1505 5635 1625 5683 vm,
1659 5617 1764 5683 99;
1796 5617 1927 5670 Luc.
1963 5631 2082 5699 vui,
2123 5615 2212 5669 5|.

2025 4587 2165 4642 sicut
2209 4582 2329 4647 Job,
2383 4589 2438 4632 ct
2489 4595 2615 4635 cum
2667 4587 2814 4633 certa
2871 4579 3222 4632 distinctione
3274 4589 3598 4648 potestatem

2025 4679 2142 4748 ejus
2167 4676 2417 4744 accipiat.
2457 4672 2615 4727 Verbi
2669 4672 2866 4740 gratia,
2915 4679 2972 4725 ut
3012 4672 3224 4725 dicatur
3265 4675 3338 4738 ei,
3381 4669 3458 4726 Do
3504 4674 3600 4728 tibi

2025 4763 2204 4818 omnia
2233 4762 2353 4831 ejus
2381 4763 2431 4813 in
2459 4768 2748 4829 potestate,
2799 4759 2891 4813 sed
2942 4758 3113 4828 ipsum
3141 4775 3244 4813 non
3293 4762 3598 4832 contingas.

2024 4856 2182 4926 321
2219 4853 2327 4906 Aut
2373 4853 2592 4918 iterum,
2624 4849 2695 4904 Do
2730 4851 2824 4904 tibi
2860 4850 2911 4903 in
2957 4865 3080 4903 eum
3119 4861 3462 4919 potestatem,
3494 4856 3591 4907 sed

2025 4925 2260 5002 animam
2313 4945 2430 5016 ejus
2477 4944 2712 5000 custodi.
2766 4942 2833 4996 Et
2874 4942 3017 4996 aliud
3067 4953 3148 4997 est
3184 4943 3226 4996 si
3269 4958 3424 5012 mago
3478 4945 3600 4998 exi-

2025 5047 2215 5108 gente,
2274 5047 2327 5091 et
2381 5032 2776 5102 adjuramentis
2828 5032 3155 5100 quibusdam
3216 5043 3598 5102 extorquente,

2022 5132 2296 5186 daemones
2322 5129 2439 5182 sine
2477 5127 2581 5180 ulla
2615 5125 2998 5179 observatione
3025 5124 3323 5180 desaeviant
3359 5127 3496 5195 (49).
3542 5127 3596 5180 In

2021 5239 2128 5292 quo
2160 5222 2347 5291 utique
2391 5221 2435 5274 si
2480 5221 2558 5274 eis
2590 5219 2813 5273 libertas
2848 5227 3097 5272 servetur
3147 5219 3379 5282 arbitrii,
3429 5233 3598 5286 popu-

2023 5315 2132 5369 lum
2169 5314 2259 5368 Dei
2317 5312 2584 5381 perditum
2620 5311 2847 5366 dabunt.
2887 5308 2944 5364 Si
2993 5325 3120 5364 vero
3169 5310 3393 5364 libertas
3443 5308 3590 5359 aufe-

2027 5416 2178 5460 ratur
2225 5404 2472 5469 arbitrii,
2532 5401 2639 5457 hoc
2696 5412 2815 5457 erat
2875 5403 3162 5456 damnasse
3215 5397 3592 5454 rationabilem

2323 5540 2368 5573 ³⁸
2399 5539 2558 5595 Num.
2591 5555 2728 5604 xxii,
2767 5537 2816 5590 7.
3022 5528 3064 5559 ³⁷
3095 5526 3261 5580 Num.
3303 5536 3457 5583 χχιιι,
3495 5519 3585 5576 25.

2021 5745 2206 5782 norum
2236 5727 2328 5780 iib.
2367 5741 2426 5788 ll,
2458 5735 2650 5794 quaest.
2681 5723 2731 5787 5,
2764 5720 3004 5794 numeris
3042 5718 3114 5794 9.2
3135 5727 3188 5772 et
3211 5717 3301 5774 25.

2088 5799 2201 5868 (49)
2241 5799 2417 5855 Codex
2454 5791 2824 5860 Cantutcnsis,
2849 5812 2865 5843 ι
2890 5791 3222 5847 deserviant.
3255 5807 3273 5840 ι
