4134 6382
537 341 644 396 675

2015 333 2339 389 ORIGENIS

3691 338 3793 394 67G

537 466 862 516 creaturam.
903 463 958 506 et
1001 463 1127 507 ante
1172 459 1385 520 tempus
1432 450 1681 506 intulisse
1713 451 2016 521 judicium,
2053 462 2108 506 et
2139 459 2184 513 Λ
2214 451 2414 513 Israel,
2461 450 2528 502 de
2576 462 2682 516 quo
2728 449 2988 517 scriptum
3040 460 3153 515 est,
3188 451 3405 506 dicente
3457 451 3685 508 Domino
3726 457 3792 509 ad

539 549 824 617 impedisse
882 546 1134 600 omnibus
1195 544 1285 612 qui
1348 544 1634 596 adversum
1686 558 1779 598 eos
1835 544 1886 597 in
1940 559 2112 613 agone

537 644 809 690 certantes
841 641 1088 701 poterant
1125 630 1394 684 coronari.
1432 629 1488 683 Si
1519 631 1664 684 enim
1697 632 1982 687 daemoniis
2017 649 2112 685 au-

538 722 748 778 feratur
789 722 1011 776 libertas
1056 722 1300 784 arbitrii,
1346 721 1520 776 nulhts
1568 723 1708 775 ultra
1772 723 2111 792 impugnabit

538 815 768 868 athletas
815 813 1019 868 Christi
1067 830 1080 867 :
1122 814 1268 866 nullo
1327 824 1505 867 autem
1564 814 1952 883 impugnante,
2010 829 2110 868 ncc

535 911 814 958 certamen
851 902 1070 970 aliquod
1107 903 1252 955 erit:
1291 912 1342 957 et
1385 903 1600 956 sublato
1645 903 1960 966 certamine,
1996 903 2112 955 nul-

537 996 644 1050 lum
690 999 794 1051 erit
845 997 1159 1065 prmmium,
1219 997 1361 1050 nulla
1399 999 1650 1052 victoria.
1703 995 1909 1052 Idcirco
1948 998 2112 1067 igitur

538 1089 631 1142 tali
664 1090 744 1142 via
783 1089 952 1142 utitur
987 1091 1147 1152 Dcus,
1180 1098 1238 1142 ut
1269 1100 1323 1142 et
1354 1089 1583 1158 populus
1634 1090 1810 1142 adhuc
1855 1090 2029 1152 rudis,
2057 1073 2120 1142 eti

537 1181 630 1248 qui
688 1194 858 1246 nuper
907 1181 1149 1234 abstrahi
1206 1191 1453 1250 cmperat
1495 1197 1523 1233 a
1563 1180 1708 1233 cultu
1767 1181 2108 1244 datmonum,

535 1275 874 1329 daemonibus
909 1289 1012 1327 nou
1065 1274 1338 1338 tradatur,
1400 1285 1453 1328 et
1507 1275 1788 1330 invocaute
1839 1289 1992 1344 mago
2028 1289 2112 1328 re-

538 1380 736 1430 sponsa
757 1364 1093 1431 deferantur,
1122 1375 1173 1417 et
1207 1381 1380 1435 genus
1400 1367 1702 1419 daemonum
1735 1382 1840 1419 non
1883 1368 2112 1419 nudetur

535 1455 747 1506 arbitrii
797 1462 1086 1523 poteSIate.
1133 1453 1200 1507 Et
1250 1454 1369 1508 ideo
1406 1456 1666 1522 praevenit
1722 1455 1866 1507 Deus
1935 1463 1988 1507 et
2033 1455 2112 1506 ire

537 1546 780 1613 Balaam,
810 1557 970 1616 atque
1001 1549 1252 1600 invocare
1286 1548 1553 1601 dmmones
1587 1546 1649 1599 ad
1680 1547 2110 1600 maledicendum

536 1640 808 1707 prohibet,
836 1640 880 1692 si
921 1649 1097 1692 tamen
1130 1652 1159 1691 a
1190 1639 1490 1706 cupiditate
1521 1647 1812 1692 cessasset.
1845 1637 1949 1692 Sed
1984 1635 2109 1704 quia

537 1731 774 1799 persistit
808 1731 858 1784 in
898 1731 1165 1784 desiderio
1205 1731 1466 1798 pecuniae,
1499 1730 1785 1797 indulgens
1835 1731 1972 1783 Deus
2018 1744 2110 1782 ar-

2214 542 2433 611 Moysen
2461 540 2500 570 “
2533 557 2546 593 :
2589 555 2608 588 ι
2641 537 2877 606 Angelus
2928 555 3077 594 meus
3115 542 3212 595 ibit
3264 553 3464 596 tecum.
3503 562 3520 594 ι
3578 542 3791 600 Petenti

2213 649 2342 701 ergo
2374 634 2474 696 ire,
2517 631 2836 685 conceditur
2879 650 2892 684 :
2933 633 2983 686 in
3018 633 3103 685 via
3147 635 3446 688 conteritur
3478 637 3546 688 ab
3589 636 3790 692 asina:

2214 727 2306 780 sed
2345 740 2532 792 magus
2583 724 2853 778 daemones
2905 724 3085 788 videt,
3139 725 3388 792 angelum
3445 741 3551 779 non
3601 728 3792 794 videt,

2214 821 2367 873 asina
2422 828 2600 870 tamen
2654 817 2819 871 videt.
2869 813 2984 868 Non
3024 817 3164 882 quod
3214 818 3372 884 digna
3424 829 3566 872 esset
3608 819 3793 875 videre

2214 912 2484 981 angelum,
2516 912 2656 965 sicut
2693 923 2792 963 nec
2827 906 2972 974 loqui
3005 907 3164 973 digna
3200 919 3340 973 erat,
3379 912 3470 962 sed
3503 919 3559 962 ut
3601 911 3794 964 confu-

2217 1015 2425 1058 laretur
2475 1003 2691 1056 Balaam
2733 1020 2746 1055 :
2787 1009 2840 1054 et
2880 1008 2939 1051 ut
2981 999 3055 1052 ait
3100 1000 3332 1066 quodam
3386 1001 3436 1053 in
3481 1001 3600 1055 loco
3641 1003 3791 1056 Scri-

2215 1109 2370 1167 ptura
2397 1098 2440 1134 δ¹
2481 1115 2492 1150 :
2548 1115 2566 1147 ι
2600 1095 2801 1148 Mutum
2849 1092 3049 1145 animal
3103 1093 3334 1145 humana
3381 1109 3512 1147 voce
3563 1110 3790 1164 respon-

2214 1188 2366 1249 dens,
2418 1186 2595 1253 arguit
2640 1182 2916 1252 prOphetae
2967 1181 3362 1235 dementiam.»
3404 1182 3603 1236 Verum
3655 1198 3791 1251 quo-

2216 1276 2358 1328 niam
2406 1277 2472 1329 de
2527 1275 2754 1328 historia
2819 1272 2988 1325 multa
3037 1273 3150 1339 jam
3200 1273 3342 1326 dicta
3401 1282 3558 1338 sunt,
3610 1273 3787 1343 aliqua

2212 1366 2374 1419 etiam
2405 1364 2473 1418 de
2504 1365 2759 1431 allegoria
2796 1362 3230 1432 perstringamus
3261 1363 3311 1414 in
3360 1363 3484 1416 fine.
3520 1363 3574 1416 Si
3607 1364 3790 1418 videas

2214 1457 2542 1510 contrariam
2582 1463 2904 1520 potestatem
2940 1455 3344 1523 impugnantem
3378 1453 3633 1522 populum
3666 1455 3786 1514 Dei,

2216 1548 2474 1616 intelligis
2521 1547 2640 1615 quis
2675 1546 2745 1599 sit
2787 1545 2876 1612 qui
2923 1545 3109 1597 sedeat
3155 1559 3320 1611 super
3365 1545 3596 1598 asinam.
3630 1546 3698 1599 Et
3741 1547 3784 1600 si

2213 1642 2526 1696 consideres
2560 1641 2802 1694 homines
2833 1641 3104 1708 quomodo
3147 1654 3174 1690 a
3208 1639 3544 1695 daemonibus
3592 1641 3786 1710 praeci-

2215 1735 2478 1803 pitantur,
2527 1732 2783 1799 intelligis
2835 1747 2954 1800 qua:
2990 1731 3060 1783 sit
3102 1731 3272 1783 asina.
3325 1730 3415 1784 Sic
3456 1734 3596 1785 enim
3645 1734 3785 1786 etin

535 1822 679 1876 bitrii
727 1822 1000 1886 libertati,
1036 1837 1224 1877 rursus
1275 1823 1352 1876 ire
1394 1822 1680 1891 permittit.
1737 1821 1976 1875 Verbum
2029 1831 2109 1874 ta-
2140 1812 2182 1866 Β
2215 1821 2504 1890 Evangelio
2561 1821 2830 1890 intelliges
2883 1817 3065 1873 Jesum
3125 1821 3430 1874 mittentem
3491 1823 3787 1892 discipulos

535 1927 655 1966 men
686 1927 840 1965 suum
876 1913 1044 1979 injicit
1075 1914 1128 1966 in
1164 1928 1226 1967 os
1262 1913 1400 1980 ejus,
1440 1914 1736 1982 prohibens
1779 1912 2109 1965 maledictio-

535 2019 655 2056 nem
693 2001 809 2057 ﬁeri
844 2017 940 2070 per
990 2004 1281 2069 daemones,
1326 2013 1382 2056 ut
1414 2004 1887 2057 benedictionibus
1931 2003 2106 2057 locum

536 2096 721 2152 daret.
755 2105 806 2149 et
851 2110 949 2162 pro
985 2096 1288 2151 maledictis
1332 2096 1573 2165 proferat
1621 2097 1836 2150 Balaam
1889 2097 2109 2150 benedi-

531 2184 739 2237 ctiones
776 2200 839 2237 ac
878 2187 1213 2253 prophetias,
1277 2202 1395 2254 qua:
1428 2196 1652 2256 possunt
1693 2185 1963 2241 aediﬁcare
2001 2203 2107 2240 non

532 2270 706 2324 solum
744 2270 932 2334 Israel,
961 2273 1054 2326 sed
1083 2285 1143 2326 et-
1171 2275 1409 2345 reliquas
1435 2284 1644 2344 gentes.

603 2361 742 2418 Φασὶ
772 2363 882 2434 (51)
920 2365 1011 2418 τὸν
1054 2367 1285 2437 Βαλαὰμ

532 2454 675 2524 ἔχειν
709 2454 967 2526 φοιτητὰς
1002 2458 1066 2526 τῇ
1118 2458 1284 2528 τέχνῃ

535 2551 978 2622 μαθητεύσαντας
1029 2553 1176 2623 αὐτῷ
1217 2557 1280 2624 τῇ

534 2645 778 2712 μαγικῇ,
813 2643 907 2695 καὶ¹
953 2642 1108 2708 δόξαν
1157 2645 1284 2714 περὶ

532 2734 597 2786 αὑ
606 2734 701 2786 τοῦ
755 2734 977 2804 ἔχοντας
1036 2735 1280 2806 ἀναγρά-

529 2824 735 2893 ψασθαι
788 2828 888 2889 τὰς
947 2827 1283 2897 προφητείας

531 2917 732 2983 αὐτοῦ,
782 2920 876 2971 καί
942 2919 1278 2984 καταλιπεῖν,

529 3010 591 3063 ἓν
624 3005 712 3074 αἷς
758 3012 853 3064 καὶ
887 3011 970 3063 τό·
1007 3031 1025 3062 ι
1070 3012 1284 3064 Ἀνατε-

527 3103 614 3157 lsi
669 3105 900 3174 ἄστρον·
940 3124 958 3155 ›
1009 3104 1037 3155 ὂ
1080 3105 1170 3157 καὶ
1220 3107 1284 3156 ὲκ

531 3196 804 3266 πατρικῆς
934 3196 1285 3265 παραδόσεως

530 3286 626 3340 καὶ
663 3285 881 3355 διδαχῆς
942 3303 1016 3338 πα
1025 3286 1284 3356 ραλαϐόν-

530 3397 621 3442 τες
650 3383 698 3432 οἱ
737 3382 899 3450 μάγοι
927 3382 1016 3433 ἐπὶ
1051 3381 1149 3451 τὴν
1180 3383 1286 3453 Βη-

531 3472 699 3544 θλεὲμ
726 3474 1104 3544 παρεγένοντο.

1425 2369 1466 2438 -ι-
1489 2367 1704 2422 Sienim
1743 2385 1771 2422 a
1799 2369 1977 2439 Moyse
1996 2369 2106 2437 (50)

1358 2460 1658 2528 prophetiae
1733 2461 1849 2529 ejus
1929 2462 2104 2515 sacris

1359 2557 1576 2610 inscrlte
1639 2565 1763 2609 Sunt
1820 2557 2108 2610 volumini-

1358 2646 1488 2710 bus,
1530 2656 1732 2715 quanto
1784 2648 1954 2716 magis
2013 2648 2108 2700 de—

1356 2737 1574 2806 scripta:
1617 2747 1741 2791 sunt
1785 2737 1852 2790 ab
1900 2737 1966 2790 iis
2015 2739 2107 2806 qui

1359 2828 1674 2883 habitabant
1705 2840 1829 2883 tunc
1867 2829 2112 2899 Mesopo-

1358 2923 1600 2988 tamiam,
1643 2923 1780 2992 apml
1811 2939 1947 2992 quos
1997 2939 2108 2976 ma-

1357 3017 1586 3086 gniﬁcus
1637 3018 1939 3072 habebatur
2003 3018 2107 3072 Ba-

1359 3108 1520 3175 laam,
1551 3124 1794 3177 quosque
1821 3111 1956 3163 artis
1991 3110 2109 3177 ejus
2137 3143 2180 3202 ε

1357 3210 1570 3256 constat
1593 3203 1759 3257 fuisse
1779 3203 2110 3274 discipulos?

1357 3294 1436 3348 Ex
1490 3294 1580 3347 illo
1638 3296 1870 3363 denique
1937 3296 2110 3350 fertur

1359 3400 1635 3456 magorum
1662 3401 1850 3452 genus,
1884 3397 1934 3439 et
1963 3387 2110 3440 iusti-

1360 3477 1494 3529 tutio
1522 3478 1574 3530 in
1605 3477 1846 3544 partibus
1871 3477 2109 3531 Orientis

532 3565 754 3634 vigere:
791 3565 880 3633 qui
909 3567 1178 3632 descripta
1212 3567 1473 3621 habentes
1508 3569 1647 3636 apud
1689 3583 1747 3621 se
1781 3569 1963 3621 omnia
1992 3583 2111 3637 quae

530 3656 945 3726 prophetaverat
981 3657 1234 3720 Balaam,
1277 3660 1438 3714 etiam
1501 3661 1603 3714 hoc
1638 3661 1943 3714 habuerunt
1975 3661 2106 3713 scri-

529 3755 679 3817 ptum
703 3748 770 3815 ⁸ο,
800 3749 944 3816 quod
977 3768 994 3800 ι
1025 3749 1236 3803 orietur
1259 3749 1415 3804 stella
1449 3765 1512 3802 ex
1543 3749 1732 3814 Jacob,
1762 3761 1811 3804 et
1849 3763 2110 3822 exsurget

532 3840 695 3893 homo
728 3855 792 3894 cx
823 3839 1009 3894 Israel.
1037 3860 1055 3891 ι
1091 3841 1214 3894 Ιίωο
1243 3841 1446 3908 scripta
1483 3841 1756 3894 habebant
1793 3843 1932 3912 magi
1967 3845 2107 3912 apud

534 3929 878 3998 semetipsos,
904 3939 958 3983 et
989 3929 1109 3984 ideo
1147 3931 1364 3999 quando
1405 3939 1566 3985 natus
1601 3940 1684 3985 est
1726 3929 1902 4000 Jesus,
1940 3949 2109 4002 agno-

529 4030 726 4073 verunt
761 4019 1000 4084 stellam,
1029 4031 1082 4074 et
1120 4019 1510 4073 intellexerunt
1552 4020 1832 4088 adimpleri
1877 4023 2108 4092 prephe-

533 4109 684 4175 tiam,
716 4110 888 4179 magis
920 4110 1018 4179 ipsi
1056 4123 1218 4178 quam
1265 4110 1494 4180 populus
1527 4109 1714 4175 Israel,
1744 4112 1832 4179 qui
1887 4123 2107 4166 saneto-

530 4213 647 4252 rum
662 4198 1047 4269 prophetarum
1067 4199 1263 4254 audire
1294 4202 1457 4254 verba
1487 4201 1839 4267 contempsit.
1874 4202 1947 4255 llli
1977 4218 2106 4274 ergo

527 4285 690 4343 ex'iis
731 4299 940 4344 tantum
965 4305 1084 4359 qua:
1117 4291 1334 4345 Balaam
1375 4291 1577 4358 scripta
1623 4291 1914 4360 reliquerat
1942 4308 2108 4362 agno-

527 4389 746 4434 scentes
794 4380 990 4433 adesse
1040 4388 1276 4448 tempus,
1325 4387 1626 4442 venerunt,
1664 4389 1717 4432 et
1765 4381 2104 4449 requirentes

2212 1929 2342 1967 suos
2374 1915 2440 1967 ad
2497 1915 2737 1976 asinam,
2787 1930 2908 1982 qua:
2955 1914 3172 1981 alligata
3204 1923 3356 1979 erat,
3401 1922 3452 1967 et
3483 1915 3550 1967 ad
3581 1915 3785 1982 pullutn

2212 1999 2326 2067 ejus
2367 2019 2380 2054 :
2417 2011 2474 2055 ut
2513 2001 2763 2070 discipuli
2824 2017 2942 2055 eam
2994 2004 3245 2067 solvant,
3290 2013 3343 2056 et
3395 2003 3694 2066 adducant,
3730 2015 3788 2056 ut

2214 2091 2331 2154 ipse
2367 2092 2550 2144 redeat
2587 2105 2750 2158 super
2786 2105 2925 2144 eam.
2962 2093 3024 2146 Et
3057 2094 3194 2147 forte
3231 2093 3345 2147 hare
3374 2095 3549 2156 asina,
3604 2095 3654 2146 id
3699 2105 3784 2148 est

2213 2183 2474 2246 Ecclesia,
2511 2183 2658 2250 prius
2687 2184 2937 2251 portabat
2966 2185 3209 2250 Balaam,
3241 2202 3387 2238 nttnc
3421 2197 3600 2238 autem
3628 2186 3786 2239 Chri-

2211 2285 2380 2337 stum,
2409 2289 2474 2326 ex
2505 2290 2613 2342 quo
2642 2274 2817 2327 soluta
2841 2285 2924 2328 est
2950 2291 2979 2328 a
3006 2277 3289 2344 discipulis
3319 2287 3374 2331 et
3403 2293 3431 2330 a
3477 2278 3670 2345 quibus
3705 2279 3785 2331 in-

2211 2379 2352 2419 nexa
2393 2376 2508 2419 erat
2544 2367 2777 2421 vinculis
2826 2367 3091 2428 relaxata,
3128 2377 3186 2420 ut
3227 2367 3395 2425 Filius
3431 2369 3522 2422 Dei
3572 2371 3786 2424 sederet

2211 2472 2374 2522 super
2405 2473 2546 2522 eam,
2578 2471 2630 2510 et
2671 2474 2792 2510 cum
2835 2459 2948 2524 ipsa
3003 2460 3378 2528 ingrederetur
3418 2472 3664 2514 sanctam
3709 2461 3784 2514 ci-

2213 2549 2434 2602 vitalem
2472 2548 2768 2603 Jerusalem
2806 2553 3110 2610 ccelestem.
3136 2561 3192 2604 et
3232 2551 3600 2618 eompleretur
3635 2551 3787 2607 Scri-

2210 2648 2393 2708 ptura,
2421 2654 2540 2706 quae
2569 2639 2698 2692 dicit
2723 2639 2808 2692 “z
2844 2659 2862 2690 ι
2893 2640 3124 2703 Laztare,
3164 2641 3268 2693 lilia
3311 2641 3476 2703 Sion,
3520 2644 3781 2709 praediea,

2214 2729 2319 2782 lilia
2361 2727 2696 2794 Jerusalem,
2744 2747 2872 2786 ecce
2921 2748 3013 2787 rex
3050 2745 3172 2786 tuus
3217 2733 3362 2786 venit
3397 2733 3491 2786 tibi
3545 2735 3689 2787 ruitis
3733 2744 3787 2788 et

2211 2820 2407 2874 sedens
2456 2837 2620 2887 super
2665 2821 2962 2893 subjugale.
3009 2843 3026 2875 ι
3071 2823 3384 2892 Subjngale,
3442 2823 3494 2878 id
3538 2835 3625 2878 est
3677 2827 3785 2877 asi-

2214 2925 2373 2977 ttam,
2420 2911 2704 2968 credentes
2752 2915 2871 2968 sine
2925 2913 3088 2968 dubio
3136 2929 3202 2968 ex
3249 2913 3450 2969 Judais
3496 2915 3629 2969 dicit
3671 2934 3682 2968 :
3729 2926 3784 2969 et

2210 3003 2412 3072 pullum
2459 3005 2758 3068 novellum,
2800 3020 2892 3059 eos
2939 3008 3184 3074 profecto
3225 3007 3313 3075 qui
3362 3016 3488 3062 sunt
3532 3022 3598 3060 ex
3648 3020 3782 3073 gen-

2213 3093 2355 3147 tibus
2408 3095 2693 3148 credentes
2742 3095 2794 3148 in
2845 3097 3063 3150 Christo
3109 3094 3238 3151 lesu
3291 3098 3518 3150 Domino
3571 3108 3782 3172 nostro.

2212 3185 2296 3237 cui
2327 3193 2413 3238 est
2442 3184 2613 3254 gloria
2651 3192 2703 3239 et
2751 3187 3040 3256 imperium
3085 3187 3141 3241 in
3189 3188 3392 3243 saecula
3435 3188 3779 3244 saeculorum.

2211 3279 2404 3328 Amen.

2768 3365 3046 3421 llOMlLIA
3089 3363 3228 3422 XIV.

2670 3457 2781 3529 (5|)
2808 3458 2939 3513 Item
2982 3461 3048 3513 de
3078 3459 3326 3516 Balaam.

2282 3555 2334 3609 Ι.
2364 3551 2523 3605 Plura
2547 3559 2694 3615 sunt,
2721 3566 2839 3619 quze
2862 3551 3018 3606 nobis
3051 3552 3370 3606 resederunt
3392 3551 3784 3618 exponentibus

2212 3645 2496 3700 lectionem
2549 3644 2614 3698 de
2655 3641 2874 3695 Balaam
2920 3653 3087 3712 atque
3135 3643 3288 3698 asina
3335 3641 3456 3709 ejus
3496 3659 3508 3694 :
3557 3651 3612 3696 et
3646 3657 3784 3710 quo-

2211 3739 2357 3792 niam
2392 3745 2474 3791 est
2511 3734 2825 3805 temporalis
2856 3744 3140 3801 tractatus,
3169 3735 3258 3804 qui
3291 3735 3341 3787 in
3376 3733 3616 3788 Ecclesia
3655 3734 3786 3787 aedi-

2212 3831 2406 3886 ﬁcandi
2443 3831 2614 3899 gratia
2647 3828 2896 3895 habetur,
2933 3845 3038 3883 non
3084 3829 3372 3883 habuimus
3411 3837 3618 3880 tantum
3658 3840 3785 3894 spa-

2213 3923 2294 3987 tii,
2330 3931 2389 3975 ut
2423 3935 2705 3990 possemus
2743 3921 2953 3989 singula
2997 3933 3225 3988 qumque
3273 3917 3572 3986 Scriptura:
3617 3919 3782 3970 verba

2209 4027 2530 4084 proponere,
2557 4021 2611 4066 et
2642 4013 2713 4064 ita
2745 4021 2801 4064 ut
2830 4011 2962 4064 nihil
2990 4010 3211 4064 omnino
3235 4009 3594 4062 indiscussum
3620 4005 3782 4075 322

2209 4113 2540 4166 remaneret,
2584 4101 3020 4172 explanationem
3057 4099 3286 4170 singulis
3331 4100 3610 4162 adhibere,
3651 4113 3786 4166 quu-

2211 4198 2354 4251 niam
2406 4195 2624 4265 quidem
2675 4192 2976 4263 hujusmodi
3025 4196 3199 4260 stylus
3267 4189 3781 4243 commentariorum

2209 4290 2382 4360 magis
2409 4297 2512 4342 est.
2539 4285 2746 4343 Idcirco
2784 4298 2904 4353 quae
2941 4282 3289 4352 inquisitione
3317 4281 3476 4350 digna
3512 4280 3780 4343 videntur,

2212 4381 2544 4449 repetimus,
2595 4391 2827 4445 eamque
2891 4376 3286 4438 discutientes,
3337 4388 3446 4442 qua
3499 4385 3784 4441 possumus

527 4485 652 4522 eum
702 4472 884 4525 statim
938 4471 1333 4536 adoraveruut,
1379 4483 1433 4525 et
1470 4479 1529 4524 ut
1568 4468 1725 4523 [idem
1775 4485 1927 4524 suam
1984 4484 2100 4523 ma-
2135 4483 2178 4537 ι)
2209 4473 2589 4543 explanatione
2622 4470 2887 4524 disserere
2940 4476 2994 4520 et
3037 4467 3089 4520 in
3125 4465 3359 4519 medium
3394 4462 3636 4532 proferre
3667 4471 3784 4516 ten-

527 4577 690 4630 gnam
712 4576 834 4617 esse
861 4563 1464 4632 declararent,parvum
1494 4577 1718 4632 puerum
1739 4563 1891 4630 quasi
1925 4576 2102 4632 regem

528 4651 770 4704 venerati
799 4660 948 4705 sunt.

598 4739 653 4793 8.
695 4739 802 4794 Sed
848 4742 1132 4797 redeamus
1178 4744 1244 4797 ad
1297 4745 1656 4814 propositttm.
1713 4742 1972 4797 Molestus
2020 4749 2102 4795 est

527 4829 745 4889 Balaam
805 4835 916 4890 Deo
982 4848 1037 4889 et
1078 4847 1363 4906 extorquet
1417 4838 1806 4907 propemodum
1863 4833 2103 4902 permitti

527 4924 629 4977 sibi
666 4934 722 4978 nt
756 4936 845 4980 eat
895 4926 1220 4984 maledicere
1260 4930 1386 4984 (iliis
1436 4929 1639 4993 Israel,
1688 4939 1742 4981 et
1794 4937 1854 4980 ut
1887 4929 2102 4979 invocet

527 5016 823 5084 daemones,
865 5021 934 5074 ad
989 5037 1148 5090 quem
1195 5021 1307 5091 jam
1349 5032 1576 5077 venerat
1626 5022 1788 5075 Deus.
1842 5019 2102 5074 Ascendit

530 5111 772 5178 asinam,
821 5115 1060 5166 occurrit
1104 5116 1150 5168 ci
1209 5115 1468 5185 angelus,
1513 5115 1602 5184 qui
1645 5112 1952 5167 excubabat
2003 5124 2099 5178 pro

1135 5232 1174 5300 -ι-
1213 5246 1362 5286 vrtus.
1400 5247 1519 5285 uov.

597 5297 808 5352 Dicitur
835 5298 1059 5352 Balaam
1108 5296 1354 5354 habuisse
1401 5299 1683 5365 discipulos
1713 5299 1802 5365 qui
1835 5296 2095 5364 magicam

524 5372 639 5438 ejus
679 5383 844 5422 artem
878 5371 1182 5434 didicerint,
1212 5388 1404 5440 quique
1440 5387 1631 5439 magna
1667 5371 1731 5421 de
1760 5383 1818 5420 eo
1846 5380 2095 5440 concepta

525 5435 771 5505 opinione
811 5441 998 5494 litteris
1055 5435 1454 5506 mandaverint,
1501 5435 1654 5511 alque
1693 5439 1916 5506 posteris
1972 5435 2095 5486 reli-

596 5555 642 5586 ’⁵⁸
683 5557 838 5610 Num.
885 5575 1034 5624 xxiv,
1070 5559 1154 5612 l7.
1232 5558 1272 5588 “
1318 5558 1485 5611 Exod.
1536 5573 1716 5621 χχιιι,
1759 5555 1847 5609 54.

600 5668 710 5742 (50)
751 5670 807 5724 Si
843 5674 978 5725 enim
1013 5692 1042 5742 ιι
1078 5671 1277 5742 Moyse,
1312 5685 1417 5726 etc.
1449 5671 1578 5742 Vide
1610 5685 1765 5724 notas
1797 5671 1861 5723 ad
1899 5669 2092 5722 librum

529 5741 759 5803 primum
790 5753 970 5797 contra
1004 5741 1232 5806 Celsum,
1280 5761 1426 5798 ltlllll.
1457 5741 1545 5795 60.

1924 5555 1967 5584 “
2009 5553 2048 5605 ll
2091 5552 2234 5607 l‘etr.
2265 5568 2324 5615 ιι,
2355 5550 2444 5603 16.

2213 4565 2463 4617 labimus.
2497 4560 2594 4614 Est
2635 4569 2817 4613 autem
2850 4558 3027 4611 adhuc
3058 4553 3271 4610 diﬂicile
3313 4556 3364 4608 in
3403 4552 3782 4622 explanatione

2211 4653 2454 4707 historiae
2485 4651 2678 4719 ipsius,
2707 4649 2978 4718 quomodo
3001 4662 3127 4701 cum
3164 4646 3374 4700 dicatur
3401 4645 3611 4699 venisse
3640 4642 3782 4697 Deus

2213 4755 2374 4798 noctu
2413 4744 2478 4797 ad
2516 4742 2735 4796 Balaam
2775 4743 2973 4811 primo,
3001 4747 3057 4792 et
3087 4737 3453 4804 interrogasse
3479 4735 3570 4803 qui
3599 4740 3784 4789 essent

2212 4832 2460 4886 homines
2504 4831 2596 4900 qui
2647 4830 2928 4884 venissent
2972 4829 3040 4883 ad
3083 4842 3207 4881 eum
3235 4843 3249 4879 :
3281 4841 3347 4880 ac
3381 4824 3781 4894 reSpondisset,

2210 4927 2333 4995 quia
2374 4925 2520 4978 missi
2558 4931 2740 4978 essent
2771 4937 2799 4975 a
2835 4922 3032 4976 Balach
3068 4921 3178 4976 tilio
3209 4919 3422 4987 Sephor
3452 4920 3666 4972 dicente
3688 4915 3735 4947 “
3763 4932 3778 4969 :

2215 5035 2232 5069 ι
2268 5016 2433 5079 Veni,
2473 5023 2526 5068 et
2559 5015 2788 5069 maledic
2835 5013 2964 5067 mibi
3000 5011 3281 5082 populum;
3310 5029 3329 5062 ι
3365 5005 3702 5078 responderit
3729 5005 3778 5058 ei

2208 5106 2394 5161 Deus:
2432 5124 2450 5158 ι
2479 5105 2594 5159 Νοη
2629 5106 2732 5160 ibis
2762 5120 2884 5160 cum
2920 5104 3024 5167 eis,
3069 5115 3244 5169 neque
3279 5099 3569 5154 maledices
3611 5109 3781 5164 popu-

2204 5222 2410 5293 querint
2458 5223 2575 5293 ejus
2635 5221 2917 5281 vaticinia,
2975 5221 3029 5273 iu
3085 5220 3271 5293 quibus
3325 5217 3566 5270 exstabat
3617 5201 3816 5293 etin-ut-

2203 5284 2336 5344 i'llud
2363 5308 2381 5345 :
2416 5312 2436 5342 ι
2467 5291 2682 5344 Orietur
2711 5293 2900 5354 stella;
2923 5310 2939 5342 ι
2982 5284 3122 5356 quod
3157 5305 3272 5340 cum
3303 5305 3330 5340 e
3356 5299 3570 5355 paterna
3609 5284 3779 5356 tragi-

2204 5363 2344 5484 tjqne
2375 5379 2438 5415 ac
2478 5362 2760 5430 disciplina
2808 5351 3124 5430 accepissent
3159 5360 3330 5426 magi,
3356 5351 3627 5414 'venerunt
3677 5351 3780 5406 Bc-

2205 5445 2220 5484 l
2245 5452 2256 5484 ι
2285 5449 2412 5484 cent.

2205 5445 2390 5486 tltteem
2401 5475 2412 5488 .

2520 5550 2563 5580 ⁸³
2605 5549 2769 5604 Zach.
2797 5565 2872 5615 Ix,
2895 5549 2949 5605 9.
3025 5546 3070 5578 “
3107 5544 3270 5598 Num.
3303 5557 3434 5605 xxtt,
3466 5541 3551 5604 ll,
3581 5539 3666 5595 12.

2275 5665 2386 5733 (5|)
2433 5663 2540 5716 lloe
2577 5663 2935 5732 fragmentum
2988 5660 3328 5726 desumptutn
3365 5662 3446 5709 est
3490 5669 3520 5708 e
3561 5651 3776 5706 Catenis

2206 5736 2611 5804 manuscriptis.
