4134 6374
346 318 446 372 677

1512 307 1578 361 IN
1614 305 1947 362 NUMEROS
1985 304 2268 361 llOMlLl.-\
2302 308 2442 362 XIV.

3493 322 3595 377 678

338 437 480 496 tum,
506 436 590 484 est
621 426 766 480 enim
800 421 1134 478 benedictus.
1167 440 1182 472 ι
1224 419 1418 475 lterum
1454 421 1692 474 secundo
1723 420 1920 473 dicitur
1947 422 1994 477 A
2028 418 2250 472 tutihus.
2288 420 2472 472 Virtus
2507 428 2683 474 autem
2731 437 2834 474 non
2875 424 3086 480 habens
3126 427 3326 495 aliquid
3370 444 3593 489 contra-

341 524 411 578 ad
440 533 562 575 eum
594 525 753 571 noctu
788 512 1000 566 venisse
1045 513 1205 575 Deus,
1233 521 1287 565 et
1321 510 1544 576 dixisse,
1577 522 1634 564 ut
1667 512 1770 564 iret
1797 528 1916 565 cum

346 616 447 680 eis,
473 610 564 666 sed
604 611 705 663 hoc
735 611 1049 662 observaret
1079 614 1135 657 ut
1167 605 1388 658 verbum
1417 604 1560 672 quod
1594 605 1746 656 daret
1780 604 1921 658 Deus

348 709 400 760 in
429 719 532 764 ,ore
559 700 695 769 ejus,
730 700 828 753 hoc
859 698 1192 766 loqueretur.
1221 697 1282 748 Et
1321 711 1536 750 rursum
1573 699 1736 750 tertio
1765 698 1917 750 eunti

343 798 395 853 ei
428 793 732 851 occurrisse
766 790 1014 860 angelum
1060 788 1185 854 Dei,
1224 788 1310 841 cui
1346 789 1397 842 in
1437 797 1640 841 tanttnn
1673 788 1755 840 via
1805 787 1922 857 ejus

345 902 449 942 non
483 883 704 952 elegans
741 895 840 934 nec
872 890 1175 949 opportuna
1209 881 1506 942 videretur,
1545 888 1602 932 ut.
1641 879 1802 932 etiam
1840 881 1922 931 in-

340 979 595 1033 terficere
640 987 764 1027 eum
802 972 992 1037 vellet,
1042 971 1150 1026 nisi
1197 971 1348 1025 asina
1395 971 1585 1024 videns
1635 970 1920 1038 angelum,

342 1083 499 1140 quem
548 1068 768 1122 Balaam
808 1066 991 1122 videre
1042 1081 1148 1120 non
1202 1064 1414 1134 potuit,
1459 1060 1924 1131 declinasset..Et

346 1175 522 1217 tamen
568 1171 922 1232 posteaquam
964 1161 1212 1230 culpatur
1241 1158 1310 1212 ab
1348 1157 1540 1227 angelo
1586 1171 1684 1209 cur
1712 1155 1792 1208 ire
1831 1171 1923 1210 vo-

345 1255 552 1320 luisset,
586 1268 779 1306 rnrsus
815 1253 976 1307 etiam
1003 1253 1073 1306 ab
1107 1252 1224 1321 ipso
1261 1250 1340 1303 ire
1380 1249 1718 1319 permittitur
1755 1266 1767 1301 :
1811 1258 1923 1300 tau-

339 1359 456 1401 -tum
504 1355 563 1400 ut
607 1345 881 1400 custodiat
915 1345 1172 1407 verbum,
1225 1343 1367 1411 quod
1420 1342 1563 1396 Deus
1604 1341 1815 1395 dederit
1865 1341 1918 1394 in

341 1454 437 1494 ore
465 1440 606 1510 ejus,
638 1447 697 1493 ut
731 1438 836 1492 hoc
873 1437 1047 1491 solum
1092 1435 1364 1506 proferat,
1409 1450 1509 1488 nec
1553 1433 1786 1503 amplius
1824 1432 1920 1487 ali-

339 1531 490 1601 quiti.
529 1528 654 1585 Hiec
695 1541 824 1600 ergo
869 1529 1056 1582 omnia
1089 1527 1359 1581 difficilem
1407 1527 1610 1579 habent
1658 1525 1917 1594 explana-

341 1626 582 1679 tionem:
619 1622 805 1690 paucis
845 1629 1046 1686 tamcn,
1079 1629 1135 1672 ut
1180 1633 1342 1688 supra
1380 1618 1492 1689 jam
1536 1618 1794 1683 diximus,
1825 1632 1919 1671 oc-

339 1716 614 1772 casionem
665 1713 1034 1782 intelligentia:
1085 1711 1236 1766 vobis
1283 1711 1555 1774 dabimus,
1605 1720 1789 1778 quoet
1821 1724 1916 1763 vos

2026 512 2186 576 rium,
2235 529 2340 566 non
2387 513 2744 579 claresceret,
2787 531 2885 571 nec
2920 520 3252 586 splendidior
3284 532 3336 577 et
3383 527 3596 580 exami-

2027 605 2200 657 natior
2229 607 2403 659 fieret.
2436 605 2551 659 Non
2587 609 2814 675 probata
2845 625 2969 663 vero
3000 626 3100 665 nec
3140 616 3446 670 examinata
3485 620 3596 672 vir-

2028 705 2132 758 tus,
2165 711 2264 749 nec
2291 696 2461 751 virtus
2494 708 2575 753 est
2615 700 2747 768 (52).
2799 701 2904 754 Sed
2940 702 3054 756 ιιωο
3097 706 3142 758 si
3191 707 3440 760 diciintur
3475 703 3593 763 sin'e

2025 787 2330 840 divinorum
2369 791 2658 844 verborum
2707 792 3060 858 testimoniis,
3101 797 3370 865 exquisita
3421 815 3595 869 magts

2024 888 2078 931 et
2117 879 2349 933 lnnnana
2397 893 2513 935 arte
2553 885 2893 952 composita,
2929 902 3088 954 quam
3134 904 3258 942 vera
3309 901 3470 959 atque
3510 893 3594 946 in-

2027 971 2270 1024 dubitata
2325 973 2672 1028 videbuntur.
2720 975 3085 1045 Requiramus
3154 996 3282 1050 ergo
3320 984 3363 1034 si
3405 981 3596 1050 hujus-

2028 1063 2168 1115 modi
2220 1079 2440 1117 sensum
2483 1067 2648 1119 etiam
2696 1071 2970 1124 volumina
3024 1072 3206 1124 divina
3257 1076 3594 1127 contineant.

2030 1155 2322 1210 Veniamus
2375 1159 2439 1210 ad
2489 1157 2781 1229 Joseph”.
2836 1161 2986 1217 Tolle
3051 1164 3306 1218 malitiam
3367 1165 3595 1220 fratrum

2026 1247 2162 1313 ejus,
2197 1248 2320 1302 tolle
2374 1251 2668 1314 invidiam,
2715 1253 2850 1306 tolle
2898 1253 3027 1307 illud
3072 1270 3230 1308 omne
3276 1259 3599 1324 parricidale

2025 1345 2388 1390 commentum
2426 1338 2537 1409 (55)
2572 1356 2679 1407 quo
2710 1344 3005 1397 smvicrunt
3035 1344 3088 1398 in
3131 1345 3353 1400 fratrem
3397 1363 3599 1415 usque-

2026 1443 2134 1496 quo
2183 1432 2471 1485 venderent
2518 1449 2664 1488 eum.
2715 1435 2772 1489 Si
2821 1438 2934 1492 lucc
2979 1440 3220 1506 auferas,
3267 1443 3387 1496 vide
3427 1459 3597 1512 quan-

2027 1533 2132 1579 tam
2180 1526 2337 1579 simul
2397 1533 2691 1596 peremcris
2747 1533 3200 1600 dispensationem
3255 1536 3369 1589 Dei.
3427 1538 3598 1591 Simul

2025 1615 2168 1670 enim
2217 1619 2508 1674 abscindes
2550 1631 2746 1676 cuncta
2798 1623 2918 1687 illa,
2958 1639 3080 1692 quae
3121 1628 3263 1694 apud
3306 1628 3599 1696 IEgyptum

2025 1721 2120 1774 per
2163 1707 2357 1779 Joseph
2395 1727 2490 1777 pro
2536 1712 2714 1766 salute
2758 1716 2998 1769 omnium
3042 1727 3195 1785 gesta
3231 1718 3446 1772 sunt”.
3481 1717 3599 1771 Non

341 1807 556 1861 faciatis
595 1804 738 1874 quod
777 1803 1037 1871 scriptum
1087 1812 1170 1856 est
1190 1802 1275 1854 ’δε
1315 1819 1334 1851 ι
1371 1801 1436 1856 Ut
1476 1801 1541 1856 iis
1577 1801 1776 1854 auditis
1821 1817 1912 1855 sa-
1953 1775 1992 1827 Β
2024 1799 2218 1854 fuisset
2251 1775 2630 1870 interpretatio
2664 1808 2860 1859 somnii
2895 1775 3218 1872 Pharaonis,
3255 1809 3298 1862 si
3339 1825 3432 1877 per
3461 1811 3600 1862 invi-

339 1899 492 1964 piens
520 1893 818 1964 sapientior
866 1893 959 1947 fiat
982 1917 992 1948 ;
1015 1911 1033 1945 ι
1081 1902 1134 1946 et
1157 1892 1202 1923 “
1233 1909 1246 1945 :
1284 1909 1301 1943 ι
1338 1879 1415 1945 Da
1456 1892 1796 1945 occasionem
1833 1907 1923 1945 sa-

337 1990 528 2059 pienti,
569 1995 624 2044 et
663 1987 966 2057 sapientior
997 1987 1121 2040 erit.
1147 2004 1165 2037 ι
1219 1984 1324 2039 Sed
1371 1983 1690 2053 priusquam
1726 1999 1922 2052 perve~

340 2081 548 2134 niamus
576 2081 643 2134 ad
679 2093 815 2143 rem,
857 2094 924 2134 ne
962 2077 1093 2132 illud
1139 2075 1356 2146 quidem
1402 2076 1744 2139 omittemus,
1777 2074 1921 2143 quod

333 2174 606 2230 curiosius
648 2173 992 2228 intendentes
1025 2173 1078 2225 in
1111 2170 1212 2224 hoc
1243 2170 1361 2224 loro
1396 2168 1828 2223 observavimus.
1864 2168 1917 2218 in

337 2265 688 2320 Hebraeorum
721 2263 917 2318 litteris
962 2273 1155 2315 nomen
1200 2260 1331 2328 Dei,
1378 2259 1480 2312 hoc
1520 2269 1603 2312 est
1640 2257 1799 2323 Deus,
1835 2257 1919 2310 vel

335 2357 618 2420 Dominus,
669 2355 882 2408 diverse
929 2351 1097 2408 scribi
1141 2351 1362 2404 dicitur.
1404 2349 1578 2403 Aliter
1611 2349 1754 2401 enim
1785 2348 1920 2400 seri-

334 2448 482 2502 bitur
515 2445 678 2510 Deus,
729 2444 1042 2514 quicunque
1079 2442 1263 2496 Deus:
1297 2441 1456 2494 aliter
1501 2440 1644 2493 Deus
1682 2439 1816 2506 ipse,
1853 2439 1919 2491 de

331 2553 443 2608 quo
473 2536 674 2591 dicitur
696 2535 741 2568 "
772 2553 784 2589 :
825 2553 844 2586 ι
877 2535 1036 2600 Audi,
1069 2532 1257 2594 Israel.
1293 2532 1554 2586 Dominus
1582 2530 1722 2585 Deus
1770 2537 1914 2592 tuus,

336 2631 480 2687 Deus
507 2645 649 2684 unus
701 2637 803 2684 est.
833 2647 852 2680 ι
901 2628 1004 2684 Iste
1047 2643 1178 2698 ergo
1214 2628 1353 2681 Deus
1389 2624 1573 2690 Israel,
1603 2625 1746 2678 Deus
1778 2637 1917 2676 unus

332 2732 386 2778 et
417 2732 637 2777 creator
665 2719 931 2785 omnium,
959 2729 1114 2775 certo
1142 2719 1378 2788 quodam
1412 2717 1716 2772 litterarum
1759 2713 1917 2784 signo

335 2815 621 2878 scribitur,
649 2813 793 2884 quod
830 2815 972 2882 apud
1006 2812 1128 2866 illos
1159 2818 1650 2880 tetragrammaton
1691 2807 1912 2860 dicitur.

333 2906 390 2962 Si
435 2909 654 2978 quando
689 2919 817 2975 ergo
847 2903 949 2959 sub
987 2904 1089 2957 hoc
1117 2903 1274 2972 signo
1309 2902 1366 2955 in
1414 2899 1723 2968 Scripturis
1769 2896 1914 2952 scri-

333 3001 478 3054 bitur
518 3000 690 3064 Deus,
736 2993 881 3049 nulla
913 3002 998 3048 est
1045 2992 1313 3046 dubitatio
1360 2991 1492 3060 quin
1536 2992 1600 3043 de
1635 2989 1745 3043 Deo
1785 3001 1916 3042 vero

2025 1890 2167 1943 diam
2217 1892 2445 1946 fratrum
2505 1910 2609 1948 non
2669 1896 2868 1952 fuisset
2926 1897 3124 1967 Joseph
3177 1901 3504 1963 distractus,
3545 1910 3600 1954 et

2024 1982 2261 2034 venisset
2294 1984 2342 2035 in
2369 1981 2703 2054 ngyptum:
2735 2004 2895 2044 nemo
2929 1991 3290 2047 intellexisset
3315 2010 3432 2062 qua:
3456 1995 3602 2049 Deus

2023 2075 2356 2127 revelaverat
2389 2077 2531 2145 regi,
2582 2094 2742 2133 nemo
2790 2080 3061 2136 frumenta
3109 2096 3495 2152 congregasset
3545 2085 3600 2138 in

2022 2163 2278 2234 Aﬂgypto,
2321 2181 2480 2220 nemo
2512 2172 2893 2225 necessitatem
2940 2174 3098 2226 famis
3134 2175 3370 2243 sapienti
3421 2177 3603 2245 provi-

2021 2256 2176 2312 sione
2218 2268 2463 2311 curasset
2500 2276 2515 2313 :
2554 2263 2807 2328 periisset
2861 2264 3163 2334 Egyptus,
3208 2269 3504 2336 periissent
3547 2280 3602 2325 et

2023 2347 2264 2399 finitimae
2311 2347 2560 2415 regiones
2605 2351 2769 2407 fame.
2801 2353 3109 2410 lnteriisset
3155 2359 3320 2411 etiam
3361 2357 3477 2427 ipse
3527 2360 3604 2414 ls-

2023 2440 2156 2502 rael,
2186 2449 2240 2493 et
2295 2454 2481 2494 semen
2521 2440 2637 2508 ejus
2689 2458 2940 2514 quaerens
2977 2463 3196 2515 panem,
3227 2451 3273 2504 si
3306 2451 3599 2522 IEgyptum

2021 2549 2126 2586 non
2154 2532 2342 2586 fuisset
2369 2533 2696 2603 ingressum,
2726 2553 2824 2590 nec
2844 2541 3050 2607 egressi
3074 2541 3305 2596 fuissent
3329 2557 3394 2596 ex
3417 2559 3479 2596 ea
3508 2545 3604 2598 ﬁlii

2019 2623 2185 2676 Israel
2225 2637 2348 2676 cum
2397 2624 2734 2680 mirabilibus
2771 2627 3004 2682 Domini.
3036 2629 3314 2699 Nusquam
3347 2632 3514 2701 plaga:
3546 2634 3598 2686 in

2018 2713 2325 2783 Aagyptios,
2364 2729 2538 2782 neque
2566 2720 2795 2771 virtutes
2827 2720 2950 2786 illae,
2981 2737 3118 2790 quas
3151 2723 3279 2776 fecit
3323 2722 3462 2777 Deus
3497 2738 3596 2792 per

2020 2809 2240 2874 Moysen
2267 2815 2320 2859 et
2352 2805 2556 2859 Aaron.
2603 2806 2771 2862 Nemo
2805 2811 3050 2864 Rubrum
3111 2826 3258 2866 mare
3301 2814 3462 2867 siccis
3506 2829 3604 2868 ve-

2019 2898 2192 2966 stigiis
2258 2898 2600 2953 incessisset.
2644 2900 2838 2953 Cibum
2906 2917 3120 2956 manna:
3179 2904 3422 2958 mortalis
3491 2905 3600 2958 vita

2019 2990 2304 3044 nescisset.
2331 2987 2485 3042 Nulla
2520 2990 2586 3040 de
2622 2990 2866 3055 sequenti
2903 3001 3052 3056 petra
3083 3005 3347 3058 aquarum
3398 2992 3599 3044 fluenta

333 3103 390 3150 et
425 3093 612 3148 mundi
664 3097 914 3145 creatore
956 3089 1198 3143 dicatur.
1236 3084 1294 3137 Si
1343 3084 1561 3150 quando
1600 3095 1730 3134 vero
1771 3079 1913 3141 aliis,
1943 3106 1985 3163 ρ
2021 3083 2419 3152 prorupisseut.
2463 3079 2574 3132 Lex
2604 3094 2633 3131 a
2671 3078 2779 3132 Deo
2808 3079 3118 3134 hominibus
3159 3082 3284 3134 data
3318 3097 3425 3135 non
3468 3083 3604 3136 fuis-

337 3189 390 3242 id
419 3194 502 3240 est
531 3180 912 3238 communibus
952 3176 1151 3232 litteris
1185 3173 1464 3236 scribitur,
1508 3173 1772 3226 incertum
1819 3169 1916 3222 ha-

335 3280 494 3333 betur
521 3285 703 3331 utrum
735 3273 800 3327 de
835 3273 944 3327 Deo
973 3283 1126 3333 vero,
1165 3283 1234 3320 an
1269 3267 1336 3320 dc
1369 3265 1553 3334 aliquo
1588 3276 1654 3316 ex
1688 3259 1797 3314 i'llis
1837 3258 1918 3312 di-

335 3375 511 3434 catur,
539 3358 844 3435 de'qtiibus
875 3359 1167 3433 Apostolus
1197 3356 1329 3412 dicit
1351 3353 1395 3386 ⁸⁸
1421 3370 1437 3408 :
1473 3371 1490 3404 ι
1519 3347 1758 3405 Tametsi
1792 3354 1918 3403 sunt

289 3525 296 3531 _
334 3458 428 3529 qui
471 3459 725 3512 dicantur
757 3455 854 3520 dii,
885 3454 1002 3509 sive
1045 3451 1099 3504 in
1130 3449 1270 3504 caelo
1311 3447 1426 3502 sive
1466 3445 1517 3498 in
1557 3453 1742 3497 terra:
1779 3441 1920 3495 sicut

334 3559 458 3607 sunt
493 3549 565 3604 dii
603 3546 779 3614 inulti,
808 3555 864 3601 et
893 3543 1101 3600 domini
1133 3540 1287 3596 multi
1315 3553 1329 3592 :
1360 3537 1518 3593 nobis
1553 3545 1733 3590 tanien
1777 3549 1918 3588 unus

337 3643 479 3698 Dens
524 3639 710 3707 Pater,
749 3654 818 3694 ex
857 3651 966 3706 quo
1004 3635 1220 3698 omnia,
1267 3639 1320 3685 et
1369 3643 1470 3684 nos
1521 3643 1618 3698 per
1663 3627 1862 3694 ipsum.
1891 3643 1910 3677 ι

332 3735 499 3789 Aiunt
532 3747 664 3794 ergo
708 3730 801 3800 qui
853 3726 1150 3783 Hebraicas
1199 3724 1412 3778 litteras
1455 3721 1670 3790 legunt,
1719 3719 1771 3772 in
1814 3718 1918 3771 hoc

334 3831 452 3886 loco
484 3828 644 3894 Deus,
677 3840 781 3878 non
816 3825 916 3878 sub
944 3820 1102 3888 signo
1132 3814 1562 3886 tetragrammati
1593 3826 1717 3867 esse
1768 3812 1914 3882 posi-

334 3935 467 3987 tum,
494 3921 560 3976 de
588 3933 699 3990 quo
731 3916 821 3987 qui
854 3922 1054 3986 potest,
1091 3910 1359 3981 requirat.
1395 3908 1501 3963 Sed
1533 3913 1586 3961 et
1613 3905 1756 3974 quod
1784 3902 1920 3958 dixit

334 4018 476 4074 Deus
523 4015 591 4070 ad
645 4013 866 4066 Balaam
919 4007 1076 4079 quasi
1130 4005 1474 4074 interrogans
1509 4001 1600 4071 qui
1653 4007 1778 4054 sunt
1823 3998 1918 4053 isti

336 4107 604 4174 homines,
638 4102 942 4174 requiritur
975 4112 1075 4153 cur
1106 4096 1365 4166 ignorare
1396 4093 1689 4147 videatur:
1727 4097 1780 4144 et
1815 4090 1919 4143 ite-

334 4216 454 4255 rum
517 4199 662 4269 quod
709 4195 840 4250 ait:
898 4209 916 4244 ι
952 4188 1070 4244 Non
1146 4187 1436 4241 maledicos
1491 4183 1784 4254 p0pulum,
1838 4187 1920 4234 est

336 4291 484 4348 enim
521 4287 860 4346 benedictus.
886 4303 906 4337 ›
937 4281 1029 4338 Sic
1060 4281 1244 4348 itaque
1276 4282 1455 4346 potest
1485 4273 1736 4342 intelligi,
1763 4269 1916 4341 quasi

333 4382 570 4440 dixerit:
599 4379 717 4438 Non
738 4377 1033 4434 maledices
1065 4370 1323 4442 populum
1361 4382 1564 4422 meum.

401 4483 460 4539 2.
500 4481 610 4538 Nos
663 4480 880 4536 interim
921 4441 1155 4532 dicimus
1203 4469 1615 4542 dispensatione
1677 4463 1914 4535 quadam
1947 4441 1996 4500 D

333 4586 390 4634 et
425 4573 698 4646 sapientia
724 4569 840 4634 Dei,
871 4567 947 4622 ita
971 4566 1156 4621 omnia
1189 4564 1243 4618 in
1275 4562 1378 4616 hoc
1409 4559 1610 4614 mundo
1640 4571 1763 4612 esse
1803 4555 1916 4609 dis-

334 4670 538 4740 posita,
577 4675 635 4721 ut
679 4664 818 4720 nihil
853 4673 1078 4732 prorsus
1121 4655 1355 4711 otiosum
1391 4655 1464 4708 sit
1510 4650 1653 4721 apud
1707 4649 1910 4711 Deum,

332 4738 545 4818 etiamsi
588 4757 791 4814 malum
835 4753 966 4810 illud
1000 4751 1094 4816 sit,
1134 4745 1348 4802 etiamsi
1397 4746 1622 4800 bonum.
1654 4740 1758 4794 Sed
1799 4738 1915 4806 pla-

333 4856 458 4911 nius
492 4853 636 4923 quod
683 4851 880 4906 dicitur
913 4844 1267 4914 explicemus.
1305 4837 1567 4894 Malitiam
1615 4834 1754 4887 Deus
1807 4843 1915 4884 non

333 4949 508 5004 fecit:
545 4955 730 5000 tamen
758 4955 882 4998 cum
919 4937 1041 4993 aliis
1080 4937 1363 4990 inventam
1398 4929 1571 5001 possit
1600 4925 1913 4997 prohibere,

337 5057 444 5096 non
498 5039 750 5109 prohibet
789 5052 803 5088 :
845 5033 936 5087 sed
983 5043 1108 5085 cum
1158 5026 1292 5097 ipsis
1335 5039 1364 5077 a
1398 5017 1598 5092 quibus
1656 5019 1910 5080 habetur,

334 5135 505 5189 utitur
548 5147 612 5187 ea
664 5131 730 5183 ad
777 5123 1116 5180 necessarias
1162 5133 1380 5175 causas.
1420 5114 1525 5170 Per
1565 5113 1714 5182 ipsos
1766 5109 1910 5164 enim

325 5223 391 5281 in
422 5224 625 5295 quibus
656 5231 740 5276 est
771 5216 994 5280 malitia,
1030 5213 1210 5268 claros
1239 5218 1293 5266 et
1325 5209 1582 5280 probatos
1606 5203 1770 5259 efficit
1824 5216 1919 5256 eos

336 5317 428 5386 qui
465 5315 532 5370 ad
563 5313 829 5367 virtutum
867 5308 1094 5379 gloriam
1125 5303 1375 5358 tendunt.
1424 5300 1557 5354 Nam
1591 5299 1634 5351 si
1680 5297 1918 5366 perime-

335 5416 488 5462 retur
518 5404 748 5468 mal-ilia,
780 5417 884 5456 non
921 5406 1071 5452 esset
1114 5395 1302 5466 utique
1336 5393 1425 5463 qui
1469 5389 1770 5445 contrairet
1812 5387 1918 5438 vir-

402 5546 446 5576 ⁸⁵
487 5549 650 5606 Prov.
691 5566 743 5614 ι,
786 5544 839 5601 5.
913 5542 959 5573 ⁶⁶
997 5539 1156 5612 Prov.
1191 5551 1268 5601 ix,
1301 5535 1356 5590 9.
1435 5533 1476 5562 ‘7
1523 5533 1676 5584 Deut.
1721 5541 1805 5588 Vl,
1839 5525 1894 5578 4.

2057 5521 2233 5576 lCor.
2279 5533 2404 5581 vni,
2443 5516 2496 5579 ὃ,
2538 5514 2593 5568 6.
2689 5509 2733 5541 ⁸³
2771 5508 2909 5560 Cen.
2943 5518 3146 5556 xxxvii.

405 5690 519 5763 (52)
562 5688 672 5745 Nec
707 5691 882 5763 _vir_lus
933 5692 1029 5737 est.
1060 5678 1184 5763 _Pro
1242 5677 1328 5763 liis
1382 5665 1912 5763 it‘tucodicensnimct'i

334 5735 668 5819 Theoderici
707 5735 902 5829 legitur
929 5735 997 5809 ἶ(
1026 5753 1205 5807 claros
1230 5757 1284 5803 et
1314 5745 1575 5817 probatos
1607 5755 1712 5796 non
1748 5735 1910 5792 efficit

2021 3187 2124 3228 set.
2155 3173 2284 3240 Quae
2315 3173 2366 3224 in
2400 3171 2610 3232 Exodo,
2656 3187 2778 3236 qua:
2828 3170 2882 3224 in
2929 3169 3196 3239 Levitico,
3245 3175 3295 3226 in
3343 3173 3598 3228 Numeris

2020 3267 2183 3320 etiam
2223 3277 2274 3319 et
2310 3265 2722 3318 Deuterouomio
2751 3265 3086 3327 referuntur,
3130 3267 3195 3320 ad
3229 3267 3453 3320 humani
3509 3283 3604 3336 ge-

2021 3361 2167 3415 neris
2205 3359 2492 3414 scientiam
2538 3374 2646 3412 non
2688 3361 2989 3414 venissent.
3037 3359 3418 3415 Hazrcditatem
3448 3372 3599 3415 certe

2021 3463 2326 3523 paternam,
2359 3463 2414 3506 et
2453 3460 2654 3507 terram
2688 3451 3134 3518 repromissionis
3173 3453 3353 3507 nullus
3396 3453 3599 3507 intras-

2021 3553 2123 3598 set.
2156 3543 2222 3596 Et
2251 3553 2307 3596 ut
2350 3543 2418 3595 ad
2466 3546 2583 3598 haec
2623 3557 2746 3612 qua:
2791 3542 3066 3596 habentur
3107 3542 3161 3596 ln
3197 3542 3472 3606 manibus,
3511 3559 3604 3596 ve-

2021 3635 2266 3697 niamus,
2324 3635 2452 3689 tolle
2518 3633 2715 3688 Balach
2770 3632 2930 3702 hujus
2977 3633 3122 3703 regis
3173 3634 3394 3703 pessimi
3445 3635 3603 3689 ntali-

2023 3728 2175 3792 tiam.
2208 3743 2312 3797 ftua
2348 3727 2596 3782 maledici
2633 3727 2912 3783 desiderat
2959 3725 3210 3782 lsraelem
3235 3767 3250 3792 ,
3291 3728 3448 3782 aufer
3482 3727 3603 3797 ejus

2021 3819 2314 3884 astutiam,
2365 3835 2470 3889 qua
2525 3818 2792 3873 invitabat
2830 3817 3051 3871 Balaam
3102 3817 3172 3871 ad
3226 3818 3596 3872 devorandum

2021 3910 2281 3981 p0pulum
2329 3928 2342 3964 :
2401 3911 2608 3980 pariter
2672 3909 2968 3964 abstuleris
3025 3925 3154 3980 erga
3222 3910 3365 3965 ﬁlios
3434 3911 3602 3965 Israel

2021 4003 2484 4074 dispensationem
2530 4003 2658 4069 Dei,
2693 4010 2748 4058 et
2793 4003 3148 4073 providentia)
3178 4002 3298 4072 ejus
3328 4002 3565 4055 favorem
3587 4043 3603 4064 ,

2021 4112 2288 4166 nusquam
2339 4096 2639 4166 prophetiae
2694 4096 2798 4150 illae
2851 4105 3044 4158 erunt,
3087 4111 3208 4165 quae
3260 4111 3357 4164 per
3392 4110 3454 4149 os
3495 4095 3602 4148 Ba-

2023 4189 2162 4242 laam
2215 4197 2270 4242 et
2335 4187 2461 4240 filiis
2534 4184 2703 4240 lsracl
2761 4195 2817 4239 et
2873 4185 3128 4254 gentibus
3186 4182 3595 4253 propltetantur.

2020 4278 2182 4350 323
2221 4277 2373 4345 Quod
2424 4277 2467 4330 si
2519 4278 2684 4330 etiam
2717 4275 2851 4330 Novi
2909 4274 3240 4328 Testamenti
3289 4275 3442 4344 cupis
3480 4273 3600 4328 hinc

2022 4367 2350 4425 testimoniis
2388 4364 2740 4430 confirmari,
2775 4364 2818 4419 si
2863 4362 3085 4418 auferas
3128 4360 3387 4415 malitiam
3423 4358 3596 4421 Judae,

2024 4461 2498 4532 proditionemque
2564 4456 2686 4526 ejus
2741 4455 3000 4526 perimas,
3054 4453 3348 4508 abstuleris
3399 4451 3603 4522 pariter

2023 4570 2238 4610 crucem
2258 4552 2462 4607 Christi
2488 4559 2540 4605 et
2562 4549 2869 4621 passionem
2898 4547 3014 4616 ejus
3039 4566 3050 4600 :
3073 4555 3122 4601 et
3152 4546 3318 4600 sinon
3349 4543 3421 4597 sit
3444 4557 3601 4607 crux,

2025 4661 2130 4700 non
2152 4650 2427 4698 exuuntur
2457 4639 2796 4710 principatus
2824 4646 2875 4691 et
2901 4644 3200 4708 potestates
3223 4675 3239 4700 ,
3267 4647 3368 4688 nec
3404 4633 3599 4687 trium-

2024 4738 2258 4805 phantur
2334 4735 2387 4789 in
2460 4734 2606 4804 ligno
2666 4730 2868 4786 crucis.
2949 4729 3148 4783 Sinon
3203 4726 3394 4780 fuisset
3454 4741 3602 4778 mors

2024 4827 2247 4891 Christi,
2306 4825 2494 4896 utique
2529 4839 2628 4880 nec
2655 4819 2986 4878 resurrectio
3026 4818 3251 4880 fuisset,
3297 4829 3399 4868 nec
3428 4815 3600 4868 exsti-

2026 4919 2180 4974 tisset
2243 4919 2441 4989 aliquis
2473 4914 2864 4986 primugenitus
2904 4926 2970 4964 ex
3040 4908 3290 4962 mortuis.
3355 4907 3508 4972 Quod
3552 4903 3600 4959 si

2025 5026 2130 5064 non
2194 5009 2384 5064 fuisset
2437 5006 2832 5078 primogenitus
2867 5018 2936 5057 ex
2990 4998 3264 5061 mortuis,
3334 5012 3432 5051 nec
3479 5010 3606 5064 spes

2024 5101 2181 5156 nobis
2236 5099 2650 5156 resurrectionis
2694 5097 2906 5151 fuisset.
2942 5092 3118 5147 Simili
3162 5104 3289 5159 ergo
3334 5089 3493 5141 modo
3546 5096 3601 5140 et

2021 5194 2087 5248 de
2120 5193 2237 5263 ipso
2267 5190 2483 5245 diabolo
2525 5202 2810 5258 ponamus,
2847 5184 2998 5240 verbi
3030 5182 3228 5254 gratia,
3275 5177 3600 5232 necessitate

2024 5288 2205 5356 aliqua
2228 5284 2588 5340 constrictum
2616 5281 2784 5333 fuisse
2819 5295 2884 5334 ne
2909 5283 3178 5344 peccaret,
3216 5270 3298 5323 vel
3327 5276 3447 5336 post
3475 5279 3604 5355 pec:

2023 5391 2207 5436 catum
2243 5379 2481 5432 ablatam
2539 5373 2714 5428 fuisse
2745 5371 2812 5425 ab
2846 5385 2915 5424 eo
2967 5368 3188 5422 malitiae
3228 5362 3558 5414 voluntatem
3588 5377 3602 5411 δ

3223 5500 3268 5528 ⁵ο
3304 5495 3445 5550 Gen.
3489 5509 3598 5548 xu.

2024 5675 2117 5716 eos
2145 5657 2234 5726 qui
2265 5658 2331 5709 ad
2365 5655 2629 5726 virtutum
2655 5645 2880 5726 gloriam
2917 5638 3217 5726 ιειιιιὶιιηξῖλι⁸

2088 5718 2202 5800 (55)
2245 5728 2423 5783 Codex
2462 5718 2837 5778 Caruotensis,
2879 5732 2894 5762 ι
2927 5718 3334 5763 commercmm.
3367 5721 3382 5754 ι
