4134 6410
492 329 598 384 679

1977 307 2299 366 ORIGENIS
2529 301 2560 312 ’“

3648 301 3753 362 680

492 439 652 498 simul
685 439 870 508 utique
897 437 1136 491 ablatum
1173 433 1365 488 fuisset
1385 431 1542 486 nobis
1571 438 1848 486 certamen
1883 426 2076 481 advcr-
2106 427 2148 481 A
2179 423 2408 488 suimus,
2439 422 2580 478 Deus
2609 421 2826 492 quidem
2854 420 3112 476 malitiam
3137 433 3242 474 non
3274 415 3436 481 fecit,
3471 416 3750 475 inventam

495 552 616 590 sum
667 533 890 588 insidias
944 530 1188 592 diaboli,
1251 541 1358 581 nec
1403 530 1818 593 exspectaretur
1867 534 2070 574 corona

499 625 734 680 victoriae
760 625 808 678 ei
841 623 931 692 qui
971 620 1208 691 legitime
1234 615 1582 673 certasset“.
1619 613 1674 668 Si
1709 629 1814 668 non
1847 613 2073 667 habere-

497 732 614 772 mus
653 717 744 786 qui
795 715 1080 768 adversum
1127 725 1229 764 nos
1285 707 1642 768 obsisterent,
1710 719 1912 774 agones
1963 718 2070 758 non

493 817 720 872 essent,
777 820 878 860 nec
928 803 1227 858 victoribus
1275 814 1502 854 munera
1557 805 1912 866 ponerentur,
1973 809 2074 850 nec

497 915 718 970 regnum
777 897 1041 953 ccelorum
1082 893 1432 947 vincentibus
1483 897 1774 958 pararetur
1819 905 1832 940 :
1895 899 2072 954 neque

496 999 938 1046 momentaneum
989 988 1094 1042 hoc
1157 993 1212 1039 et
1271 983 1390 1037 leve
1445 979 1812 1034 tribulationis
1871 986 2072 1032 nostrae

495 1097 658 1150 supra
711 1081 930 1135 modum
975 1078 1186 1148 pondus
1241 1073 1424 1145 gloria:
1471 1081 1790 1141 oneraretur
1830 1069 2072 1124 nobisin

500 1172 679 1226 futuro
699 1169 747 1202 "
781 1187 794 1222 :
831 1185 934 1224 nec
973 1167 1173 1236 aliquis
1225 1174 1474 1220 nostrum
1509 1177 1608 1233 pro
1657 1159 2070 1215 tribulationum

499 1263 758 1332 patientia
810 1269 1054 1332 speraret
1105 1261 1426 1312 immensam
1479 1253 1703 1324 gloriam
1743 1253 2069 1306 futurorum.

501 1355 575 1408 Ex
607 1355 804 1424 quibus
837 1353 1089 1408 omnibus
1119 1349 1414 1418 colligitur,
1443 1347 1566 1416 quia
1605 1346 1744 1400 Deus
1769 1361 1874 1400 non
1897 1343 2070 1399 solum

498 1447 656 1502 bonis
693 1455 874 1500 utatur
904 1444 970 1498 ad
1001 1458 1139 1512 opus
1169 1443 1368 1496 bonum
1397 1479 1411 1504 ,
1437 1439 1531 1492 sed
1563 1447 1617 1491 ct
1641 1438 1816 1491 malis.
1855 1437 1918 1490 Et
1969 1437 2073 1489 hoc

499 1549 625 1586 vere
653 1533 899 1586 mirabile
942 1541 1044 1592 est,
1065 1531 1208 1597 quod
1235 1529 1380 1584 vasis
1423 1529 1578 1582 malis
1615 1527 1784 1580 utitur
1837 1525 1974 1580 Deus
2003 1524 2071 1580 ad

499 1641 632 1694 opus
662 1627 884 1680 bonum.
921 1622 974 1676 In
1007 1637 1198 1692 magna
1223 1623 1366 1676 enim
1395 1623 1496 1676 hac
1523 1617 1708 1674 mundi
1731 1617 1886 1687 hujus
1909 1619 2070 1672 domo

501 1732 604 1771 non
629 1725 752 1770 sunt
789 1716 1166 1769 tantummodo
1196 1729 1324 1768 vasa
1361 1727 1548 1776 aurea,
1573 1719 1626 1765 et
1657 1719 1908 1780 argentea
1931 1749 1946 1776 ,
1975 1710 2070 1764 sed

496 1817 550 1860 et
577 1807 773 1877 lignea,
828 1817 884 1860 et
916 1806 1123 1872 ﬁctilia,
1171 1815 1228 1860 et
1253 1804 1360 1858 alia
1411 1803 1632 1873 quidem
1679 1803 1742 1856 ad
1784 1803 2072 1868 honorem,
2105 1801 2147 1856 Β
2177 1797 2278 1851 bus
2333 1794 2462 1848 dicit
2527 1793 2804 1862 apostolus
2857 1789 3053 1845 Paulus
3110 1789 3158 1820 ἰ
3203 1804 3218 1842 :

495 1899 598 1952 alia
623 1909 802 1952 autem
827 1899 892 1952 ad
920 1897 1304 1953 contumeliam
1327 1897 1398 1960 ³³,
1427 1904 1854 1965 utraquetamen
1887 1909 2076 1948 neces-

499 1989 664 2044 saria.
716 1987 916 2043 Verum
961 1988 1220 2058 quoniam
1284 2001 1412 2041 vasa
1475 1987 1591 2040 haec
1643 1999 1762 2053 qum
1821 1984 2073 2046 dicimus,

497 2078 842 2132 rationabilia
895 2077 1244 2145 intelligenda
1294 2083 1443 2141 sunt,
1499 2088 1552 2130 et
1603 2075 1758 2129 liberi
1812 2073 2076 2127 arbitrii:

500 2185 604 2224 non
657 2185 806 2232 casu,
869 2183 1044 2238 neque
1099 2168 1346 2232 fortuitu,
1405 2167 1784 2235 unusquisque
1835 2174 1924 2218 aut
1981 2180 2078 2219 vas

501 2262 724 2316 honoris
753 2260 1002 2324 etlicitur,
1057 2268 1150 2314 aut
1178 2274 1273 2313 vas
1305 2257 1677 2321 contumeliae,
1741 2257 1836 2310 sed
1881 2257 1970 2326 qui
2019 2270 2080 2310 se

503 2349 608 2405 tale
634 2349 945 2420 praebuerit,
978 2358 1034 2403 ut
1069 2349 1275 2403 electus
1321 2361 1442 2403 esse
1497 2355 1794 2409 mereatur,
1832 2361 1928 2400 vas
1963 2343 2075 2400 ele-

505 2453 654 2496 ctum
695 2453 750 2496 et
787 2457 878 2496 vas
909 2441 1133 2496 honoris
1167 2437 1422 2494 edicitur.
1454 2437 1557 2504 Qui
1605 2452 1734 2491 vero
1763 2435 1998 2508 indignis
2024 2449 2080 2492 et

504 2533 810 2588 deterrimis
842 2531 1093 2586 sensibus
1119 2529 1274 2596 vivit,
1317 2529 1422 2582 iste
1453 2526 1720 2581 formatur
1763 2541 1860 2582 vas
1887 2538 2082 2584 contu-

507 2625 700 2688 meliae,
757 2639 864 2678 non
931 2639 960 2675 a
1000 2621 1314 2686 Conditore,
1358 2620 1451 2674 sed
1488 2632 1519 2672 a
1566 2619 1858 2689 semetipso
1897 2622 2082 2678 causis

505 2715 850 2770 contumelire
891 2730 1001 2769 sua:
1055 2713 1217 2768 datis.
1269 2710 1390 2767 Non
1439 2726 1574 2780 ergo
1619 2727 1715 2768 eos
1773 2710 1909 2768 tales
1961 2729 2082 2770 esse

507 2807 768 2862 Conditor
823 2806 980 2871 fecit,
1013 2805 1106 2860 sed
1163 2801 1471 2871 huiusmodi
1528 2813 1738 2858 mentes
1781 2804 2081 2859 secundum

507 2897 843 2966 propositum
873 2909 1062 2950 eorum
1084 2933 1099 2958 ,
1123 2893 1475 2964 providentia:
1503 2907 1612 2948 suae
1629 2895 1778 2963 justa
1809 2902 1867 2949 ct
1888 2891 2081 2948 ineffa-

511 2987 600 3041 biii
634 2987 866 3056 quadam
900 2987 1112 3038 ratione
1143 2983 1448 3053 dispensat.
1485 2983 1658 3050 Sicut,
1690 2985 1842 3040 verbi
1877 2985 2082 3053 gratia,

509 3080 560 3132 in
613 3079 834 3133 urbibus
895 3075 1128 3146 magnis,
1167 3075 1238 3129 vsi
1293 3073 1382 3143 qui
1435 3073 1770 3144 indigniorcs
1827 3085 1974 3140 sunt,
2031 3086 2086 3132 et

2179 527 2354 570 tamen
2385 530 2449 568 ex
2479 514 2740 584 propositi
2793 514 3098 568 intentione
3149 525 3336 566 eorum
3369 511 3462 581 qui
3505 511 3755 566 declina-

2175 615 2302 659 runt
2325 619 2354 656 a
2377 603 2462 658 via
2491 613 2660 668 recta,
2696 601 2910 657 auferre
2941 602 3159 672 penitus
3190 601 3364 657 noluit
3397 618 3410 654 :
3451 600 3751 669 providens

2175 699 2297 762 hoc,
2327 699 2468 766 quod
2497 696 2708 751 etiamsi
2752 695 2824 750 illi
2859 705 3004 751 esset
3035 695 3241 750 inutilis
3266 695 3360 764 qui
3385 711 3447 750 ea
3473 695 3750 757 utebatur,

2177 787 2380 843 faceret
2409 803 2528 843 eam
2563 797 2743 840 tamen
2777 787 2961 840 utilem
3007 786 3076 840 iis
3117 786 3406 840 adversum
3429 799 3568 854 quos
3597 799 3760 840 exer-

2175 883 2418 936 cebatur.
2469 879 2534 933 Et
2583 878 2705 933 ideo
2737 877 2982 948 refugere
3017 877 3238 947 quidem
3286 877 3544 932 omnibus
3575 876 3754 932 modis

2175 977 2454 1036 debemus,
2485 985 2552 1026 ne
2581 985 2816 1040 unquam
2853 969 3060 1024 malitia
3099 969 3410 1022 inveniatur
3448 968 3502 1022 in
3539 969 3698 1024 nobis
3734 987 3750 1024 :

2177 1066 2230 1120 in
2255 1063 2380 1117 aliis
2403 1076 2532 1116 vero
2554 1061 2775 1116 vincere
2803 1075 2924 1114 eam
2946 1099 2960 1124 ,
2989 1075 3094 1113 non
3125 1057 3396 1128 perimere
3423 1057 3754 1113 studendum

2175 1164 2280 1218 est;
2315 1152 2438 1223 quia
2497 1161 2552 1206 et
2608 1150 2708 1216 illi,
2755 1150 2808 1204 in
2863 1151 3064 1220 quibus
3117 1159 3202 1204 est
3251 1147 3481 1210 malitia,
3545 1148 3754 1218 aliquid

2177 1243 2468 1302 necessarii
2494 1242 2678 1312 operis
2707 1241 2998 1297 conferunt
3032 1239 3398 1294 universitati.
3433 1239 3574 1294 Nihil
3604 1240 3751 1294 enim

2175 1336 2432 1398 Otiosum,
2464 1333 2598 1386 nihil
2628 1333 2786 1386 inane
2817 1338 2897 1384 est
2924 1329 3064 1399 apud
3091 1329 3278 1395 Deum,
3311 1329 3438 1400 quia
3471 1329 3585 1384 sive
3611 1331 3756 1384 bono

2175 1426 2454 1495 proposito
2487 1423 2725 1479 hominis
2749 1425 2919 1478 utitur
2947 1424 3014 1478 ad
3050 1423 3221 1488 bona,
3261 1421 3376 1476 sive
3409 1420 3552 1477 malo
3583 1422 3755 1475 utitur

2177 1517 2244 1572 ad
2270 1515 2600 1572 necessaria.
2627 1511 2732 1569 Sed
2763 1514 2972 1569 beatior
2996 1512 3126 1577 eris,
3159 1511 3203 1565 si
3237 1512 3407 1581 magis
3433 1525 3500 1566 ex
3535 1512 3756 1566 virtuti-

2177 1609 2279 1663 bus
2305 1623 2424 1678 qua:
2455 1607 2508 1661 in
2555 1615 2608 1660 te
2653 1613 2801 1672 sunt,
2857 1603 3164 1659 inveniatur
3190 1603 3316 1656 boni
3352 1603 3556 1672 aliquid
3583 1619 3650 1658 ex
3701 1613 3756 1659 te

2178 1701 2302 1756 vitat
2333 1699 2494 1768 hujus
2517 1697 2847 1753 universitas
2875 1695 3134 1765 consequi
3166 1711 3180 1748 :
3215 1695 3356 1752 sicut
3381 1695 3457 1749 illi
3483 1735 3497 1760 ,
3529 1697 3596 1748 de
3631 1695 3755 1764 qui-

3274 1808 3293 1841 ι
3327 1788 3400 1843 Ut
3451 1789 3572 1844 sitis
3613 1792 3757 1845 sicut

2178 1887 2466 1943 luminaria
2491 1887 2542 1940 in
2563 1887 2666 1940 hoc
2689 1885 2910 1948 mundo,
2935 1883 3162 1938 verbum
3199 1881 3325 1936 vitae
3355 1883 3748 1937 continentes.»

2177 1982 2257 2033 Ad
2283 1977 2507 2050 gloriam
2540 1986 2666 2030 sunt
2705 1989 2836 2046 ergo
2867 1972 3178 2028 necessaria
3212 1970 3499 2025 luminaria
3548 1972 3752 2026 mundo

2177 2071 2326 2124 huic.
2381 2068 2446 2122 Et
2501 2067 2628 2136 quid
2661 2075 2770 2120 tam
2802 2065 3146 2128 delectabile,
3191 2063 3320 2132 quid
3353 2070 3460 2115 tam
3504 2061 3756 2130 magnifi-

2179 2176 2326 2225 cum,
2381 2175 2542 2230 quam
2573 2173 2710 2228 opus
2736 2157 2890 2224 solis,
2920 2157 3005 2211 vel
3041 2158 3202 2222 lunae,
3246 2171 3276 2208 a
3327 2155 3524 2225 quibus
3553 2155 3756 2209 illumi-

2181 2261 2340 2305 natur
2391 2249 2667 2304 mundus?
2695 2249 2842 2318 Opus
2885 2258 2970 2302 est
3004 2257 3180 2301 tamen
3213 2246 3313 2315 ipsi
3350 2247 3548 2302 mundo
3587 2247 3754 2302 etiam

2180 2343 2385 2414 angelis
2413 2342 2505 2411 qui
2543 2343 2651 2396 sint
2686 2355 2847 2410 super
2889 2339 3094 2395 bestias
3143 2335 3277 2410 (54),
3325 2346 3382 2392 et
3431 2337 3636 2407 angelis
3659 2341 3752 2408 qui

2180 2432 2402 2503 prwsint
2427 2431 2755 2486 exercitibus
2781 2428 3034 2484 terrenis.
3077 2425 3226 2496 Opus
3264 2434 3349 2480 est
3409 2425 3616 2497 angelis
3661 2429 3758 2496 qui

2179 2525 2408 2596 pratsint
2439 2522 2754 2578 animalium
2781 2519 3052 2575 nativitati
3078 2561 3094 2586 ,
3126 2519 3506 2588 virgultorum,
3541 2519 3756 2589 planta-

2185 2619 2518 2685 tiouumque,
2566 2623 2624 2668 et.
2647 2611 2862 2668 cmteris
2911 2609 3212 2680 pluralibus
3260 2611 3630 2664 incrementis.
3689 2609 3760 2664 Et

2184 2723 2398 2762 rursum
2457 2703 2668 2774 angelis
2717 2719 2852 2773 opus
2911 2713 3015 2770 est,
3069 2703 3162 2773 qui
3225 2705 3450 2773 praesint
3503 2707 3759 2774 operibus

2183 2797 2408 2863 sanctis,
2435 2798 2526 2868 qui
2573 2805 2790 2852 teternae
2813 2797 2948 2852 lucis
2977 2795 3308 2852 intellectum
3339 2807 3392 2850 et
3417 2799 3758 2854 occultorum

2185 2889 2280 2945 Dei
2335 2889 2703 2961 agnitionem,
2747 2904 2810 2944 ac
2861 2904 3046 2944 rerum
3097 2889 3405 2948 divinarum
3469 2893 3756 2948 scientiam

2187 2987 2434 3041 doceant.
2465 2985 2600 3041 Vide
2625 2999 2760 3056 ergo
2783 3000 2852 3039 ne
2885 2992 2936 3040 te
2965 2985 3081 3055 ipse
3107 2984 3278 3040 facias
3305 2986 3446 3040 inter
3473 3003 3566 3045 eos
3602 2999 3762 3054 ange-

2187 3080 2268 3135 los
2294 3080 2548 3146 inveniri,
2579 3080 2672 3150 qui
2705 3079 2892 3135 bestiis
2927 3089 3192 3160 pratsunt,
3246 3081 3290 3136 si
3338 3081 3630 3136 belluinam
3661 3085 3763 3133 du-

507 3172 770 3226 abstrustn
793 3171 918 3224 vita:
949 3184 1013 3224 ac
1037 3167 1347 3223 deterrima:
1377 3169 1626 3223 homines
1651 3207 1665 3234 ,
1705 3167 1898 3223 ultima
1930 3183 2082 3237 qum-
2111 3147 2154 3204 θ
2191 3173 2336 3228 xeris
2375 3173 2541 3226 vitam
2570 3147 2713 3226 :vaut
2747 3172 2892 3227 inter
2913 3147 3030 3240 eos,
3071 3157 3174 3242 qui
3219 3173 3456 3228 terrenis
3511 3173 3766 3242 Operibus

507 3279 612 3334 que
638 3278 825 3332 opera,
877 3271 931 3317 et
956 3263 1228 3316 laboriosa
1273 3263 1710 3317 condemnamur
1747 3262 1989 3331 operari,
2031 3270 2088 3316 et

510 3367 687 3410 tamen
739 3353 1044 3410 necessaria
1103 3362 1233 3408 sunt
1285 3353 1492 3408 civitati
1537 3353 1844 3422 huiusmodi
1893 3369 2082 3423 opera.

516 3447 671 3502 Verbi
703 3463 864 3502 causa
891 3488 906 3513 ,
939 3456 1034 3500 aut
1063 3446 1387 3502 fornacibus
1414 3446 1620 3500 lavacri
1652 3447 1716 3500 ad
1747 3449 2086 3502 succenden-

513 3541 610 3593 dos
639 3540 790 3608 ignes
816 3538 1152 3600 deserviunt,
1211 3545 1270 3590 ut
1319 3547 1375 3590 tu
1419 3537 1498 3590 vel
1541 3537 1946 3600 commoditate,
2005 3539 2084 3592 vel

515 3632 722 3685 deliciis
747 3629 1088 3699 perfruaris;
1123 3636 1216 3682 aut
1245 3629 1526 3682 cuniculos
1551 3637 1824 3698 purgant,
1858 3639 1950 3682 aut
1981 3630 2086 3684 alia

519 3719 825 3790 hujusmudi
855 3729 1068 3783 gerunt,
1109 3728 1166 3772 ut
1212 3718 1307 3770 tihi
1363 3719 1414 3771 itt
1457 3720 1592 3772 urbe
1635 3719 1727 3772 liat
1759 3729 1814 3773 et
1851 3721 2092 3790 delegta-

517 3813 638 3864 hilis
671 3811 954 3866 habitatio.
1001 3809 1068 3864 Et
1107 3810 1182 3864 illi
1215 3809 1432 3877 quidem
1469 3809 1550 3864 vel
1581 3821 1748 3880 agunt
1787 3827 1854 3866 cx
1895 3827 2092 3880 propo-

515 3907 642 3962 sito,
681 3904 764 3956 vel
794 3919 858 3958 ex
887 3903 1081 3956 merito
1109 3903 1388 3970 patiuntur
1418 3920 1430 3956 :
1462 3917 1595 3972 opus
1629 3913 1806 3958 tamen
1847 3904 2088 3972 ipsorum

517 3994 731 4064 proficit
785 3995 851 4048 ad
902 3993 1190 4048 utilitatem
1230 4007 1418 4048 eorum
1469 3994 1665 4062 quibus
1697 4011 1816 4063 quae
1864 3997 2004 4052 bona
2033 4009 2090 4050 et

521 4089 669 4142 utilia
703 4099 848 4152 sunt,
893 4095 1174 4156 parantur.
1210 4087 1283 4138 Ita
1313 4095 1366 4140 et
1389 4087 1502 4140 haec
1547 4087 1614 4141 de
1645 4087 1840 4154 quibus
1889 4107 2090 4162 pr0po-

588 4207 632 4238 ⁵¹
675 4205 716 4259 ll
757 4203 898 4257 Tim.
943 4219 1004 4265 ιι,
1048 4202 1105 4258 5.
1179 4202 1224 4233 "
1266 4199 1308 4254 Il
1347 4200 1468 4255 Cor.
1508 4217 1581 4264 tv,
1627 4203 1712 4254 l7.

1789 4203 1832 4234 ⁵³
1871 4205 1912 4258 ll
1953 4205 2159 4274 Tim.tt,
2201 4209 2291 4263 90.

2192 3275 2453 3336 praesunt,
2534 3263 2578 3319 si
2639 3279 2900 3334 corporea
2948 3273 3003 3318 et
3052 3273 3266 3320 terrena
3326 3266 3603 3320 dilexeris.
3661 3265 3766 3321 Sed

2195 3369 2384 3426 satage
2431 3355 2700 3426 quomodo
2752 3354 2924 3424 magis
2971 3355 3266 3409 assumaris
3317 3355 3383 3410 ad
3437 3354 3765 3410 societatem

2194 3447 2472 3502 Michaelis
2497 3443 2833 3513 archangeli,
2853 3445 2943 3512 qui
2966 3443 3240 3498 orationes
3259 3444 3424 3516 324
3453 3453 3764 3500 sanctorum

2193 3555 2413 3608 semper
2433 3537 2588 3592 offert
2615 3537 2746 3590 Deo.
2779 3536 3090 3589 Assumeris
3119 3543 3300 3588 autem
3327 3537 3379 3588 in
3405 3537 3546 3590 hunc
3578 3551 3769 3590 nume-

2197 3635 2318 3686 rum
2353 3631 2436 3684 vel
2471 3631 2522 3684 in
2559 3630 2701 3684 istud
2753 3629 2987 3682 ofﬁcium
3013 3667 3028 3692 ,
3077 3627 3118 3680 si
3147 3627 3367 3680 insistas
3397 3640 3614 3695 semper
3645 3641 3772 3680 ora-

2199 3723 2352 3784 tioni,
2387 3730 2439 3774 et
2463 3719 2648 3789 vigiles
2701 3718 2752 3770 in
2800 3731 2892 3781 ea,
2947 3728 3000 3770 et
3055 3716 3279 3784 impleas
3307 3717 3447 3784 quod
3479 3714 3772 3782 Apostolus

2199 3817 2382 3869 ait”:
2423 3813 2599 3868 «Sine
2646 3809 2954 3865 cessatione
3008 3817 3249 3864 orantes.
3281 3827 3300 3860 ι
3363 3806 3457 3861 Vel
3510 3817 3660 3861 certe
3711 3816 3772 3859 ut

2198 3909 2498 3964 assamaris
2533 3907 2584 3960 in
2612 3905 2931 3959 societatem
2965 3910 3020 3954 ct
3049 3898 3282 3954 ofﬁcium
3315 3897 3643 3966 Raphaelis,
3677 3897 3772 3966 qui

2197 3999 2481 4056 ntedicina:
2509 4005 2702 4068 praeest
2735 4012 2749 4048 :
2777 3995 2820 4049 si
2859 4009 2980 4048 cum
3011 3991 3210 4046 videris
3247 3991 3480 4060 aliquem
3519 3989 3773 4042 vulnera-

2205 4105 2312 4148 tum
2343 4090 2600 4162 peccatis,
2631 4099 2684 4144 et
2713 4086 2923 4156 sagittis
2949 4083 3144 4140 diaboli
3181 4083 3488 4146 confixum,
3510 4081 3772 4135 adhibue-

2369 4206 2416 4238 "’
2457 4205 2688 4273 Philipp.
2733 4217 2796 4266 tt,
2831 4201 2918 4267 15,
2957 4199 3046 4254 16.
3122 4197 3214 4250 ³³⁵1
3254 4197 3446 4250 Thess.
3487 4212 3538 4262 γ,
3581 4197 3664 4248 i7.

590 4319 702 4390 (54)
753 4319 896 4386 Opus
928 4327 1004 4372 est
1039 4329 1208 4372 tanien
1237 4319 1338 4387 ipsi
1365 4319 1558 4371 mundo
1587 4319 1744 4370 etiam
1777 4321 1976 4388 angelis
1999 4325 2089 4388 qui
2124 4331 2164 4383 D
2197 4325 2369 4378 currit
2393 4319 2768 4392 providentia,
2815 4317 2894 4392 sic
2923 4317 2976 4369 in
3009 4313 3222 4368 caeteris
3249 4310 3582 4392 animalibus
3615 4327 3776 4380 gene-

511 4393 614 4444 sint
640 4409 794 4460 super
822 4395 1032 4450 bestius,
1062 4405 1166 4444 etc.
1193 4393 1426 4445 Consule
1453 4393 1810 4446 clarissimum
1839 4393 2093 4448 lluctium

511 4461 950 4531 Origenianorum
975 4463 1066 4514 lib.
1099 4479 1160 4526 ιι,
1191 4471 1380 4530 quaest.
1411 4479 1463 4522 v,
1499 4479 1652 4516 num.
1685 4465 1774 4518 “29.
1820 4463 2094 4518 Caeterum

515 4532 656 4601 hanc
710 4547 862 4584 suam
905 4531 1162 4601 Origenes
1210 4533 1532 4586 sententiam
1589 4534 1831 4587 hausisse
1881 4533 2096 4588 videtur

515 4615 578 4652 ex
619 4599 784 4666 Apoc.
829 4617 901 4660 Ix,
949 4599 1084 4670 ΗΞ(
1125 4601 1188 4654 Ει
1225 4602 1561 4670 habebant)
1611 4603 2096 4670 locustzecsuper

529 4679 588 4716 se
645 4663 824 4730 regem
848 4663 1134 4732 _angelum
1187 4665 1394 4732 abyssi.
1446 4666 1531 4718 cui
1593 4681 1788 4718 nomen
1823 4663 2088 4722 llehraice

527 4733 808 4804 Abaddon,
837 4729 1024 4804 Graece
1047 4743 1224 4804 autem
1250 4729 1532 4804 Apollyon,
1555 4754 1574 4786 ι
1605 4745 1658 4788 et
1679 4749 1744 4788 cx
1773 4735 1866 4790 lib.
1899 4734 2090 4789 Pasto-

529 4803 598 4874 ris
629 4801 832 4857 llermre
867 4802 1070 4874 visione
1104 4803 1160 4868 4,
1185 4801 1311 4873 cap.
1339 4805 1374 4856 Ξ
1397 4801 1446 4856 ε’(
1472 4805 1610 4858 Misit
1639 4805 1895 4858 Dominus
1921 4822 2086 4874 augt--

529 4873 636 4944 lum
665 4887 820 4944 suum
857 4871 947 4944 qui
1005 4881 1088 4944 est
1139 4871 1302 4944 super
1364 4875 1601 4938 bestias,
1660 4878 1746 4927 cui
1781 4871 2091 4928 nomen'est

529 4941 747 5014 llegriu.
780 4961 801 5014 ι
838 4941 1174 5014 Animalibus
1205 4941 1260 4996 et
1284 4944 1723 5014 plantisangelos
1759 4945 1882 4996 item
1921 4947 2092 5013 pt'atli-

525 5013 677 5066 ciunt
705 5013 1076 5083 Athenagoras
1105 5011 1298 5083 Legatf
1325 5029 1418 5079 pro
1467 5011 1784 5066 Christianis
1827 5011 1946 5083 pag.
1997 5017 2089 5078 27,

527 5083 730 5136 citatus
759 5099 786 5134 a
813 5081 1085 5136 Methodio
1115 5081 1253 5150 apud
1295 5085 1654 5152 Epiphanium
1703 5081 1915 5136 lnrrcsf
1939 5101 2088 5148 LXIV,

527 5169 676 5208 num.
738 5154 827 5214 2|,
875 5163 928 5208 et
975 5155 1112 5220 apml
1157 5154 1402 5206 l’hotium
1452 5155 1640 5206 codice
1682 5168 1912 5206 ccxvxtv
1953 5159 2092 5218 ,διώ

527 5224 778 5288 initium;
835 5223 1168 5292 Epiphanius
1219 5225 1357 5278 libro
1407 5222 1478 5275 De
1519 5224 1778 5275 mensuris
1811 5237 1858 5276 et
1891 5227 2090 5289 ponde-

527 5293 694 5358 ribus,
733 5309 852 5361 cap.
900 5297 998 5354 ἠς
1038 5293 1408 5346 'l‘heodoretns
1433 5304 1630 5361 quaest.
1681 5293 1748 5344 5').
1789 5294 1840 5344 in
1897 5293 2088 5346 Geues.

529 5365 724 5418 Eadem
753 5373 834 5417 est
861 5365 1128 5417 sententia
1160 5362 1556 5416 Platonicorum
1593 5365 1642 5414 in
1679 5361 2092 5433 Porpherlep‘t

525 5433 1036 5506 dnoxﬁgﬂépdltixwv
1075 5434 1262 5506 lib.rt_:_,
1299 5437 1392 5486 sed
1428 5433 1708 5506 tilsplit'llll
1731 5431 1954 5506 inultum
1979 5431 2093 5485 uec

526 5501 708 5573 opinio
743 5501 1069 5576 Hieronymo
1097 5503 1319 5576 qui_l_il).4
1347 5518 1361 5554 ι
1391 5501 1704 5576 Comment.
1737 5501 1787 5553 in
1821 5501 2092 5576 Habesne.

529 5570 594 5626 ιιῖι
631 5592 772 5631 vers.
825 5575 889 5627 Μ
924 5570 1044 5642 cap.
1075 5570 1160 5627 If:
1195 5570 1260 5624 Et
1295 5574 1455 5640 facies
1491 5571 1712 5624 hominis
1747 5573 1898 5642 qtmsi
1930 5573 2092 5638 pisces

529 5647 686 5697 muris
732 5655 778 5697 et
809 5647 960 5712 quasi
992 5641 1194 5711 reptile
1237 5661 1340 5696 non
1387 5644 1582 5694 habens
1629 5641 1937 5712 principem,
1973 5643 2089 5694 ait:

534 5730 552 5761 ι
586 5715 736 5768 Sicut
778 5711 942 5785 igitur
973 5715 1024 5770 in
1071 5715 1380 5768 hominibus
1411 5714 1576 5766 etiam
1605 5729 1696 5782 per
1728 5711 1970 5782 singulos
2003 5714 2094 5766 Dei

2195 4397 2364 4448 ralem
2395 4382 2618 4458 quidem
2653 4387 3060 4455 dispositionem
3089 4393 3142 4435 et
3171 4382 3415 4458 ordinem
3447 4395 3776 4458 cursumque

2193 4478 2372 4517 rerum
2415 4450 2717 4528 intelligere
2740 4450 3056 4528 possumus;
3091 4452 3242 4504 verbi
3273 4450 3776 4528 gratia,_quomodo

2191 4543 2447 4588 nascatur
2505 4521 3231 4598 piscium'multitmlo,__et
3277 4523 3428 4598 vivat
3473 4521 3525 4598 in
3577 4521 3771 4586 aquis;

2190 4603 2460 4665 quomodo
2487 4591 2694 4665 r'eptilia
2733 4606 2788 4650 et
2818 4591 3188 4665 quadrupcdia
3229 4592 3478 4665 oriantur
3508 4591 3561 4644 in
3601 4599 3776 4665 terra,

2193 4661 2248 4724 et
2275 4672 2473 4740 quibus
2497 4661 2716 4720 alantur
2747 4661 2906 4740 cibis.
2951 4663 3223 4715 Castorum
3265 4661 3563 4740 absurdum
3591 4670 3674 4713 est
3704 4663 3774 4712 ad

2193 4731 2304 4794 hoc.
2325 4741 2412 4794 Dei
2439 4741 2704 4792 deducere
2738 4734 3096 4800 maiestatem,
3126 4741 3182 4782 ut
3211 4731 3347 4784 sciat
3371 4745 3466 4798 per
3498 4741 3774 4782 momenta

2193 4813 2402 4880 singula
2434 4817 2564 4874 quot
2595 4815 2893 4880 nascantur
2922 4803 3124 4856 culices
3146 4842 3160 4864 ,
3195 4811 3399 4869 quotve
3443 4801 3770 4880 moriantur;

2193 4869 2311 4947 (μιςῆ
2339 4869 2589 4932 cimicnm
2632 4887 2685 4926 ct
2723 4873 2954 4942 pulicutn
2987 4883 3043 4947 et
3095 4885 3403 4924 muscarum
3435 4869 3506 4922 sit
3541 4871 3592 4921 itt
3627 4879 3774 4947 terra

2196 4939 2524 5010 multitudo;
2557 4939 2742 5013 quanti
2775 4947 2951 5014 pisces
2985 4945 3036 4994 in
3069 4957 3208 5010 aqua
3243 4949 3463 5014 natent,
3491 4949 3542 4992 et
3575 4939 3773 5014 qui__de

2197 5007 2521 5072 minoribus
2562 5007 2824 5080 titajoruin
2863 5015 3059 5081 praeda?
3106 5007 3602 5081 cederedebeant.
3656 5007 3774 5081 Non

2195 5091 2367 5141 simus
2405 5098 2511 5138 tam
2551 5078 2679 5138 fauit
2723 5078 3034 5138 adulatores
3064 5081 3176 5142 Dei,
3217 5091 3272 5132 ut
3304 5079 3426 5132 dum
3479 5078 3776 5140 potentiam

2195 5158 2311 5224 ejus
2343 5157 2506 5209 etiam
2568 5157 2633 5206 ad
2694 5157 2799 5207 ima
2839 5151 3289 5224 detrahinn_ts,in
3331 5162 3428 5202 nos
3463 5151 3606 5224 ipsos
3637 5147 3780 5224 itqu-

2200 5221 2325 5281 riosi
2367 5229 2573 5290 simus;
2607 5227 2856 5277 cmmlem
2911 5221 3313 5275 rationabiliutn
3357 5233 3518 5290 quam
3553 5221 3776 5290 irratio-

2197 5299 2458 5350 nabilium
2495 5287 2898 5363 providentiam
2927 5309 3048 5346 esse
3071 5293 3343 5363 dicentes._
3375 5287 3450 5338 Ex
3489 5303 3599 5363 qtto
3639 5287 3780 5341 liber

2199 5369 2284 5420 ille
2321 5357 2662 5435 apocryphus
2691 5364 2938 5418 stultitia:
2965 5360 3412 5435 condemnandus
3444 5357 3779 5435 e_.~_t,_in'quo

2197 5421 2462 5504 scripium
2487 5421 2592 5500 L-‘n,
2623 5435 2911 5504 quenulam
2937 5433 3188 5502 angelum
3225 5429 3443 5504 nomine
3466 5427 3578 5504 'l‘iri
3613 5421 3776 5504 (fort.

2199 5497 2414 5576 θηρῖου)
2462 5497 2691 5572 pra-esse
2755 5497 3065 5572 reptilibus,
3097 5501 3279 5576 cluin
3337 5499 3480 5576 hanc
3525 5497 3786 5576 similitu-

2198 5567 2658 5643 dtiieiri'piscibus
2683 5567 2902 5644 quoque
2933 5583 2986 5627 et
3028 5571 3316 5644 arboribus
3359 5581 3414 5620 et
3455 5568 3643 5644 hostiis
3673 5567 3790 5619 uni—

2199 5647 2376 5701 versis
2405 5638 2660 5721 proprios
2695 5638 2748 5701 in
2785 5638 3090 5700 custodiam
3131 5641 3350 5712 angelos
3391 5638 3720 5709 assignatas.
3761 5653 3780 5687 ι
