4134 6404
460 330 567 387 683
994 364 1004 399 ι

1904 332 2225 389 ORIGENIS

3611 356 3716 411 684

459 445 585 500 disti
622 443 736 497 haec
765 442 1102 512 sapientibus
1128 454 1182 498 et
1211 442 1590 514 prudentibus,
1612 455 1668 501 et
1693 446 1943 502 revelain
1972 463 2033 501 ea
2068 453 2108 507 Α
2142 450 2378 507 advequ
2423 454 2626 511 Christi
2673 462 2930 527 mysteria
2975 464 3157 520 futura
3194 468 3507 536 pronuntiat
3536 509 3551 533 ,
3589 486 3711 525 cum

459 535 728 608 parvulis.
764 552 784 586 ι
821 534 1026 590 Scriba:
1055 544 1235 589 autem
1265 544 1320 591 et
1352 535 1609 591 Pbariszci
1634 547 1788 592 erant
1827 540 1917 608 qui
1950 554 2032 592 sc-

458 631 665 687 tlebant
700 644 867 699 super
901 629 1113 684 asinam
1163 628 1323 691 hanc.
1370 640 1424 683 et
1460 631 1717 685 tenebant
1769 646 1886 685 eam
1919 633 2036 686 vin-

458 734 628 781 ctam.
666 721 805 792 lpsis
829 736 960 791 ergo
997 720 1257 775 irascitur
1285 722 1527 791 angelus,
1553 730 1609 777 et
1651 722 1752 777 nisi
1798 723 2030 791 quodam

460 816 765 872 futurorum
794 822 1105 885 prospectu,
1143 814 1265 869 illos
1292 814 1509 882 quidem
1542 814 1891 884 peremisset,
1926 814 2035 869 asi-

460 925 584 964 nam
616 917 798 964 autem
825 915 1122 970 servasset,
1144 920 1266 976 qua:
1285 906 1442 973 vidit,
1470 914 1525 960 et
1546 908 1775 965 reverita
1802 916 1884 961 est
1908 922 2030 961 eum

455 998 547 1070 qui
573 998 721 1053 venit
758 996 811 1051 in
847 995 1091 1058 vineam,
1115 1004 1171 1049 et
1191 1004 1301 1050 stat
1332 995 1473 1050 inter
1505 996 1711 1051 vineas.
1746 995 2033 1066 Compres-

454 1091 526 1145 sit
562 1098 742 1145 tamen
797 1089 963 1158 pedes
1010 1085 1257 1142 sedentis
1290 1100 1454 1156 super
1474 1102 1556 1141 .se
1601 1088 1655 1141 in
1692 1088 2026 1142 maceriam:

452 1189 508 1236 et
536 1180 657 1237 ideo
690 1178 829 1234 forte
855 1191 961 1232 non
1000 1184 1173 1247 potest
1228 1176 1511 1231 ambulare
1558 1176 1646 1232 ille
1692 1176 1809 1246 eius
1849 1194 2029 1234 sessor

454 1272 736 1342 antiquus,
771 1284 874 1328 nec
902 1269 1090 1327 venire
1119 1269 1184 1325 ad
1214 1282 1358 1334 eum,
1392 1271 1481 1339 qui
1512 1269 1645 1325 dicit
1669 1270 1713 1301 ⁸⁸
1741 1289 1752 1323 :
1789 1289 1806 1321 ι
1844 1269 2030 1327 Venite

455 1364 523 1418 ad
553 1377 660 1428 me,
703 1375 896 1417 omnes
926 1360 1018 1430 qui
1044 1359 1309 1417 laboratis
1330 1368 1384 1414 et
1410 1361 1617 1414 onerati
1645 1361 1796 1415 estis.
1819 1380 1836 1412 ›
1861 1362 2027 1416 Asina

455 1466 632 1511 tamen
664 1453 837 1519 venit,
878 1453 1113 1508 adducta
1145 1465 1175 1507 a
1208 1451 1486 1521 discipulis
1512 1494 1525 1519 ,
1557 1461 1611 1507 et
1647 1453 1731 1508 cui
1771 1462 1900 1508 tunc
1942 1467 2027 1509 se-

452 1547 614 1603 debat
646 1545 868 1601 Balaam
925 1542 1196 1599 mercedis
1231 1542 1503 1611 cupidus,
1556 1557 1701 1598 nunc
1757 1542 1805 1597 ei
1874 1543 2027 1600 sedet

451 1636 625 1693 Jesus.
658 1635 770 1691 Nec
800 1634 1013 1694 mireris
1035 1633 1079 1689 si
1110 1647 1231 1687 eum
1260 1647 1418 1701 quem
1452 1632 1687 1687 diximus
1717 1633 2023 1689 scribarum

450 1738 506 1784 et
532 1728 819 1784 doctorum
864 1725 1046 1796 populi
1087 1723 1319 1780 formam
1356 1734 1541 1780 tenere
1571 1725 1756 1781 videas
1786 1725 2021 1793 prophe-

452 1830 653 1876 tantem
689 1819 756 1875 de
789 1817 1034 1875 Christo.
1072 1816 1188 1872 Hoc
1240 1817 1384 1872 cnim
1443 1816 1671 1887 legimus
1720 1816 1915 1873 fecisse
1967 1825 2021 1871 et
2053 1804 2095 1859 Β

446 1911 706 1981 Caipham
737 1949 753 1976 ,
806 1909 899 1979 qui
955 1909 1091 1965 dixit
1115 1908 1199 1962 ’τε
1237 1927 1255 1960 ι
1292 1907 1523 1978 Expedit
1559 1907 1734 1973 vobis,
1775 1918 1835 1965 ut
1884 1923 2023 1963 unus

448 2000 610 2052 homo
636 2006 822 2067 pereat
848 2010 947 2067 pro
983 1996 1131 2055 omni
1174 1997 1390 2067 populo.
1420 2016 1438 2048 ι
1474 1997 1583 2052 Sed
1635 1999 1766 2060 hoc,
1825 1998 2019 2067 inquit,

445 2090 535 2159 qui
587 2098 707 2146 erat
741 2088 984 2158 pontifex
1019 2088 1145 2144 anni
1193 2087 1338 2145 illius
1370 2089 1731 2158 prophetarit.
1782 2088 2022 2157 Prophe-

447 2192 525 2236 tat
557 2196 690 2252 ergo
715 2191 773 2236 et
808 2180 1027 2237 Balaam
1064 2180 1131 2236 de
1164 2180 1387 2235 Christo
1426 2198 1438 2232 :
1494 2189 1548 2234 et
1583 2179 1704 2235 ideo
1738 2195 1898 2235 nemo
1928 2195 2023 2236 ex-

448 2274 669 2328 tollatur
714 2272 933 2327 etiamsi
991 2272 1309 2342 prophetet,
1358 2270 1571 2326 etiamsi
1620 2271 2018 2341 prmscientiam

446 2372 759 2429 mereatur;
795 2362 889 2419 sed
928 2364 1116 2418 redeat
1148 2364 1214 2417 ad
1247 2362 1487 2432 Apostoli
1523 2363 1765 2431 dictum,
1796 2379 1903 2434 quo
1953 2366 2020 2420 ad

449 2461 550 2516 ista
578 2459 901 2530 respiciens,
941 2460 1015 2514 ait
1044 2458 1089 2491 “
1120 2477 1132 2512 :
1175 2478 1193 2511 ι
1234 2460 1359 2516 Sive
1390 2461 1692 2531 prophetim
1720 2462 2021 2519 abolebun-

446 2562 556 2616 tur,
581 2551 697 2607 sive
720 2551 918 2623 linguae
944 2553 1257 2617 cessabunt,
1272 2552 1386 2606 sive
1406 2553 1635 2608 scicntia
1655 2553 2015 2608 destruetur.)

448 2644 516 2699 Ει
542 2643 675 2714 Quid
697 2652 779 2699 εει
804 2658 934 2713 ergo
959 2645 1101 2714 quod
1125 2645 1450 2714 permanet?
1490 2663 1508 2697 ι
1542 2644 1725 2709 Fides,
1758 2645 1930 2715 inquit
1952 2646 2021 2712 θ’,

445 2749 596 2803 spes,
627 2744 679 2789 et
714 2734 955 2790 charitas
990 2756 1001 2789 :
1030 2735 1203 2806 major
1235 2743 1416 2790 autem
1457 2736 1671 2803 horum,
1699 2736 1955 2792 charitas.
1998 2755 2016 2787 ι

450 2827 515 2880 Et
559 2827 697 2893 sola,
742 2826 935 2896 inquit,
970 2844 989 2877 σ
1027 2827 1267 2883 charitas
1291 2837 1395 2896 est,
1435 2844 1553 2900 qua:
1584 2845 1851 2899 nunquam
1876 2832 2021 2888 exci-

445 2916 542 2972 dit.
571 2932 591 2968 ι
616 2915 739 2973 Ideo
765 2930 929 2989 super
950 2918 1311 2989 prophetiam,
1338 2933 1500 2988 super
1524 2920 1834 2985 scientiam,
1856 2936 2023 2990 super

444 3008 604 3063 fidem
631 3046 647 3073 ,
692 3022 855 3077 super
897 3008 1072 3077 ipsum
1116 3010 1281 3065 etiam
1333 3011 1677 3082 martyrium,
1718 3023 1776 3066 ut
1820 3012 2021 3070 Paulus

2140 554 2238 607 pro
2267 543 2742 604 maledictionibus
2783 552 3192 611 benedictiones
3224 559 3422 627 populo
3457 560 3710 629 largitur,

2137 639 2189 685 et
2230 648 2425 689 nomen
2468 635 2633 693 Israel
2665 655 2829 710 supra
2875 644 3145 702 visibilem
3187 650 3412 719 gloriam
3468 652 3715 723 mys1icis

2135 727 2346 782 extollit
2372 728 2623 801 eloquiis.
2652 734 2786 790 Cum
2819 752 2949 808 ergo
2977 741 3092 795 haec
3135 752 3242 796 tam
3280 743 3491 798 diversa
3537 744 3605 799 de
3648 761 3715 799 eo

2135 826 2190 869 et
2221 827 2328 873 tam
2362 824 2512 879 varia
2554 826 2758 884 indicet
2790 832 3076 900 Scriptura
3126 834 3331 899 divina,
3390 835 3548 890 valde
3577 836 3710 891 mihi

2135 908 2353 968 difIicile
2388 914 2604 972 videtur
2631 934 2698 974 ex
2733 921 2955 978 definito
2989 934 3234 982 statuere
3255 927 3374 996 ejus
3395 940 3711 996 personam,

2136 1001 2221 1053 cui
2256 1016 2359 1056 non
2399 1005 2573 1060 solum
2610 1012 2901 1066 conveniat
2935 1013 3038 1067 ista
3092 1013 3403 1082 diversitas,
3436 1031 3623 1071 verum
3656 1026 3712 1071 et

2136 1092 2263 1148 illud
2309 1098 2481 1164 aptari
2540 1101 2734 1168 possit,
2778 1104 2919 1173 quod
2953 1104 3070 1174 ipse
3105 1107 3172 1161 de
3219 1109 3512 1178 semetipso
3561 1109 3707 1165 velut

2132 1187 2466 1257 prephctans
2507 1190 2643 1247 dicit
2671 1195 2713 1225 “
2750 1213 2763 1248 :
2813 1213 2831 1246 ι
2862 1194 3125 1252 Moriatur
3165 1200 3345 1253 anima
3397 1214 3513 1255 mea
3570 1200 3711 1256 inter

2133 1280 2345 1335 animas
2369 1281 2663 1349 iustorum,
2702 1294 2756 1341 et
2793 1286 2886 1342 fiat
2910 1302 3097 1345 semen
3132 1306 3308 1344 meum
3340 1292 3481 1348 sicut
3520 1306 3707 1348 semen

2125 1367 2417 1437 iustorum.
2444 1393 2463 1425 ι
2506 1374 2610 1429 Sed
2642 1385 2695 1429 et
2724 1393 2821 1446 per
2844 1380 3125 1436 Michzeam
3158 1384 3479 1452 prephetam
3512 1384 3618 1438 tale
3639 1387 3707 1441 de

2129 1475 2194 1517 eo
2250 1462 2509 1520 Dominus
2550 1468 2917 1524 testimoniqu
2957 1472 3248 1541 perhibet,
3303 1475 3396 1529 ubi
3444 1475 3576 1530 dicit
3608 1475 3700 1530 τέ

2136 1574 2153 1607 t
2184 1556 2416 1627 Populus
2436 1576 2611 1628 meus,
2639 1563 2767 1632 quid
2794 1563 2892 1619 feci
2923 1566 3015 1620 tibi
3041 1567 3063 1621 ?
3100 1570 3365 1638 responde
3396 1570 3551 1635 mihi,
3578 1572 3703 1639 quia

2130 1651 2375 1705 revocavi
2407 1652 2473 1707 de
2520 1663 2661 1707 terra
2697 1653 2920 1726 IEgypti
2950 1697 2965 1722 ,
3014 1667 3069 1712 et
3102 1673 3167 1713 ex
3209 1660 3373 1714 domo
3406 1661 3697 1716 servitutis

2128 1741 2352 1797 liberavi
2392 1754 2464 1809 te,
2500 1754 2553 1800 et
2590 1747 2710 1801 misi
2743 1759 2867 1803 ante
2903 1748 3099 1805 faciem
3146 1761 3292 1806 tuam
3322 1752 3565 1823 Moysen,
3597 1756 3705 1809 Aa-

2128 1849 2250 1900 ron,
2280 1846 2335 1892 et
2373 1834 2621 1892 Mariam.
2656 1838 2891 1909 Populus
2920 1857 3094 1909 meus,
3142 1854 3417 1899 memento
3448 1846 3576 1914 quid
3608 1860 3702 1901 co-

2126 1926 2379 1995 gitaverit
2413 1930 2701 1985 adversum
2751 1942 2802 1987 te
2842 1933 3040 1990 Balach
3095 1950 3191 1991 rex
3236 1937 3423 2005 Moab,
3470 1950 3525 1992 et
3571 1939 3703 2008 quid

2126 2022 2469 2089 responderit
2496 2024 2544 2079 ei
2576 2023 2794 2079 Balaam
2835 2026 2979 2082 [ilius
3008 2026 3167 2095 Beor,
3196 2044 3225 2083 a
3249 2028 3505 2085 funiculis
3532 2046 3702 2101 usque

2127 2112 2178 2167 in
2217 2111 2406 2180 Galgal
2440 2124 2495 2168 ut
2526 2117 3147 2187 agnoscereturjustitia
3179 2120 3410 2177 Domini.
3454 2141 3472 2173 ι
3508 2122 3704 2179 Osten-

2126 2202 2204 2256 dit
2233 2216 2364 2271 ergo
2408 2218 2506 2272 per
2542 2206 2656 2259 haec
2686 2208 2814 2275 quia
2850 2218 2907 2262 ut
2941 2208 3157 2278 justitia
3192 2211 3406 2266 Domini
3439 2227 3700 2283 agnosce-

2126 2301 2306 2356 retur,
2333 2304 2617 2364 pr0pterea
2645 2296 2734 2351 illa
2769 2298 2950 2353 omnia
2984 2301 3266 2369 respondit
3293 2301 3511 2357 Balaam
3556 2304 3699 2358 ﬁlius

2125 2382 2263 2439 Beor
2289 2385 2356 2440 ad
2391 2401 2569 2455 regem
2598 2387 2821 2456 Balach,
2866 2406 2990 2460 qua:
3037 2392 3238 2461 scripta
3289 2394 3600 2450 referuntur
3644 2397 3697 2450 in

2125 2476 2300 2532 libris.
2337 2477 2403 2531 Et
2436 2479 2559 2547 quis
2593 2488 2750 2548 putas
2776 2481 3087 2537 invenietur
3120 2485 3243 2541 talis
3264 2526 3280 2552 ,
3311 2486 3405 2555 qui
3434 2489 3606 2557 possit
3631 2504 3694 2542 ex

2125 2570 2255 2639 ipsis
2280 2572 2554 2639 reSponsis
2583 2571 2802 2626 Balaam
2832 2576 3118 2631 ostendere
3157 2579 3301 2647 quod
3345 2579 3439 2633 Dei
3484 2578 3697 2647 justitia

2124 2659 2505 2717 manifestetur
2539 2663 2594 2716 in
2625 2663 2742 2717 eis?
2776 2664 2983 2720 Revera
3013 2666 3156 2721 enim
3185 2668 3229 2722 si
3257 2682 3441 2724 sermo
3474 2670 3569 2725 Dei
3600 2687 3697 2741 po-

2124 2751 2260 2808 situs
2300 2754 2459 2808 estin
2497 2769 2593 2809 ore
2624 2754 2761 2823 ejus,
2791 2765 2847 2811 et
2880 2756 3120 2828 Spiritus
3166 2760 3257 2815 Dei
3294 2761 3471 2817 factus
3494 2771 3580 2818 est
3605 2779 3697 2818 su-

2123 2856 2219 2911 per
2250 2842 2425 2907 illum,
2456 2855 2511 2899 et
2536 2844 2751 2913 justitia
2782 2847 2876 2904 Dei
2906 2864 2973 2905 ex
3005 2854 3283 2922 responsis
3305 2856 3425 2924 ejus
3448 2856 3697 2925 agnosci-

2126 2942 2212 2988 tur
2235 2944 2290 2989 et
2317 2937 2709 3001 manifestatur,
2734 2941 3048 2998 omnimode
3083 2958 3203 3012 quae
3235 2947 3301 3000 ab
3328 2960 3392 3000 eo
3417 2946 3695 3013 dicuntur,

2125 3026 2338 3081 nonnisi
2392 3028 2710 3097 prophetica
2751 3039 2805 3086 et
2854 3032 3033 3087 divina
3089 3049 3211 3091 esse
3247 3037 3514 3091 credenda
3544 3047 3692 3093 sunt.

440 3102 637 3169 docet.
700 3103 938 3163 Charitas
1002 3103 1251 3158 habenda
1284 3114 1389 3168 εει,
1411 3115 1465 3159 ει
1490 3105 1732 3162 Charitas
1756 3107 2013 3163 excolen-
2044 3154 2087 3218 ς
2123 3118 2381 3187 Quamvis
2417 3121 2631 3177 ditIicile
2662 3122 2857 3179 alicubi
2891 3126 3154 3196 scriptum
3200 3127 3446 3198 legamus
3475 3130 3543 3195 ⁷³,
3570 3130 3693 3200 quia

446 3195 504 3218 λ-
535 3210 551 3218 -
583 3195 701 3218 -..ε-
732 3205 777 3218 -.
820 3213 834 3218 _
865 3196 1002 3218 π---
1039 3197 1270 3218 _L-_,._-
1441 3216 1449 3218 _
1498 3207 1542 3218 _.
2125 3208 2145 3218 -
2445 3210 2474 3218 -
2520 3212 2582 3218 .-
2707 3214 2735 3218 _
2786 3214 2795 3218 -
3045 3216 3072 3218 κ.

442 3195 508 3253 da
535 3210 551 3249 :
580 3195 704 3266 quia
729 3205 785 3250 et
817 3213 834 3247 ι
865 3196 1006 3254 Deus
1032 3197 1274 3253 charitas
1304 3210 1406 3264 est,
1439 3216 1456 3249 ι
1490 3207 1546 3253 et
1574 3198 1824 3257 Christus
1847 3200 2017 3257 Filius

442 3288 561 3357 ejus
591 3290 1001 3361 charitasest",
1021 3295 1112 3362 qui
1131 3291 1288 3347 nobis
1315 3292 1700 3361 perfectionem
1728 3294 2015 3351 charitatis

440 3383 644 3441 donare
672 3383 946 3453 dignetur.
972 3382 1079 3451 ipsi
1111 3383 1284 3454 gloria
1312 3395 1368 3438 et
1410 3385 1693 3454 imperium
1728 3387 1780 3441 in
1812 3388 2009 3442 saecula

441 3475 780 3532 saeculorum.
810 3475 1009 3531 Amen.

1012 3564 1303 3622 IIOMILIA
1341 3565 1457 3622 XV.

901 3656 972 3712 De
998 3656 1269 3727 prophetia
1298 3654 1541 3711 Balaam.

507 3752 560 3805 1.
593 3749 748 3809 Licet
775 3763 879 3805 nos
911 3747 1048 3803 ordo
1086 3747 1381 3803 lectionum
1424 3763 1547 3819 qua:
1596 3748 1913 3817 recitantur,
1949 3752 2015 3806 de

438 3839 545 3894 illis
580 3839 764 3894 dicere
802 3838 975 3911 magis
1007 3838 1193 3907 exigat
1253 3852 1375 3907 quae
1420 3838 1593 3894 lector
1620 3840 1903 3913 explicuit,
1936 3850 2016 3895 ta-

438 3945 560 3985 men
584 3928 841 4001 quoniam
876 3928 1120 3984 nonnulli
1157 3927 1390 3983 fratrum
1416 3930 1719 4000 deposcunt
1742 3946 1804 3987 ea
1835 3934 2016 4003 potius

436 4036 556 4091 quae
588 4022 656 4077 de
691 4021 973 4092 prophetia
1012 4022 1233 4078 Balaam
1264 4024 1465 4093 scripta
1496 4033 1659 4089 sunt,
1697 4024 1763 4079 ad
1808 4038 2015 4081 sermo-

436 4130 560 4172 nem
595 4114 981 4186 disputationis
1004 4116 1223 4182 adduci,
1269 4131 1375 4172 non
1408 4117 1481 4172 ita
1507 4119 1686 4173 ordini
1718 4120 2010 4174 lectionum

433 4204 755 4263 satisfacere
808 4221 1024 4277 equum
1060 4206 1309 4273 credidi,
1358 4217 1419 4263 ut
1454 4209 1745 4267 desideriis
1804 4211 2015 4267 audito-

436 4313 576 4353 rum.
608 4298 793 4356 Primo
829 4314 962 4371 ergo
991 4302 1239 4357 omnium
1278 4303 1345 4357 de
1378 4302 1494 4372 ipso
1520 4300 1740 4356 Balaam
1773 4304 2015 4373 requira-

434 4406 593 4457 mus,
650 4407 749 4447 cur
793 4392 847 4447 in
896 4392 1198 4463 Scripturis
1236 4408 1383 4450 nunc
1416 4394 1815 4464 vituperabilis,
1869 4411 2011 4451 nunc

2122 3208 2299 3267 factus
2332 3219 2412 3266 est
2442 3210 2678 3281 Spiritus
2704 3214 2797 3269 Dei
2820 3229 2987 3285 super
3007 3216 3240 3287 aliquem
3267 3221 3691 3290 prophetarum:

2119 3302 2215 3356 sed
2249 3310 2343 3356 aut
2375 3303 2510 3359 visio
2536 3319 2704 3375 quam
2742 3305 2896 3373 vidit,
2928 3314 3023 3363 aut
3072 3311 3373 3380 assumptio
3399 3311 3548 3367 verbi
3575 3312 3691 3379 Dei,

2119 3401 2213 3447 aut
2245 3392 2339 3446 Dei
2371 3393 2604 3448 verbum
2640 3393 2842 3449 factum
2871 3405 2956 3451 est
2987 3397 3052 3451 ad
3087 3397 3261 3466 illum,
3294 3401 3377 3456 vel
3420 3402 3487 3457 ad
3520 3402 3694 3470 illum,

2119 3492 2172 3536 et
2204 3484 2309 3537 alia
2336 3485 2581 3553 quaidam
2617 3487 2683 3541 de
2707 3487 2991 3557 prophetis
3017 3490 3267 3557 legimus.
3307 3492 3535 3548 Factum
3567 3511 3697 3551 vero

2118 3586 2239 3627 esse
2288 3572 2551 3643 Spiritum
2606 3575 2698 3629 Dei
2750 3590 2917 3645 super
2971 3577 3209 3646 aliquem
3261 3586 3694 3653 prophetarum,

2121 3662 2315 3732 legisse
2350 3664 2413 3719 ad
2447 3679 2694 3735 praesens
2731 3667 2952 3721 interim
3005 3683 3114 3724 non
3171 3673 3449 3741 recordor,
3489 3673 3592 3729 nisi
3628 3675 3696 3730 de

2120 3753 2286 3807 David
2321 3754 2394 3808 ita
2431 3755 2696 3825 scriptum
2734 3758 2955 3811 memini
2987 3759 3033 3790 ⁷⁸
3065 3778 3078 3814 :
3119 3777 3137 3813 ι
3169 3760 3233 3816 Ει
3264 3765 3696 3830 θρρειιυίιρεὶνο

2118 3843 2571 3919 «ἰιιυχὶιερὶιίιιιε
2603 3849 2695 3904 Dei
2730 3864 2895 3919 super
2940 3850 3109 3907 David
3140 3868 3171 3907 a
3199 3853 3288 3910 die
3316 3854 3429 3921 illa,
3455 3865 3511 3912 et
3540 3857 3694 3915 dein-

2117 3955 2276 4010 ceps;
2310 3960 2326 3993 ι
2385 3957 2493 3996 non
2541 3950 2720 3997 tamen
2770 3942 2951 4000 factus
2986 3953 3067 4000 est
3116 3943 3357 4016 Spiritus
3403 3946 3497 4003 Dei
3531 3964 3694 4019 super

2116 4030 2307 4085 David.
2360 4032 2431 4086 De
2462 4031 2595 4087 Saul
2624 4049 2755 4089 vero
2788 4034 2863 4090 ita
2900 4036 3127 4091 memini
3156 4037 3418 4108 scriptum
3449 4039 3496 4072 ⁷⁸
3527 4058 3539 4095 :
3570 4059 3590 4096 ι
3628 4040 3693 4098 Ει

2116 4118 2332 4173 decidet
2367 4119 2605 4189 Spiritus
2644 4120 2861 4176 Domini
2905 4137 3075 4193 super
3115 4135 3165 4180 te
3190 4166 3206 4194 ,
3250 4136 3306 4181 et
3345 4129 3695 4201 prophetabis

2115 4223 2236 4261 cum
2290 4209 2443 4279 ipsis,
2496 4218 2553 4263 et
2589 4210 2929 4266 converteris
2972 4211 3025 4265 in
3064 4213 3239 4267 virum
3273 4213 3525 4268 alterum.
3550 4232 3570 4266 ι
3628 4214 3694 4269 Et

2120 4299 2315 4354 iterum
2369 4299 2434 4354 de
2480 4300 2668 4355 eodem
2716 4302 2917 4356 dicitur
2947 4303 3035 4357 7°:
3074 4303 3239 4376 326
3278 4323 3297 4357 ‹
3341 4305 3409 4360 Et
3456 4304 3694 4376 Spiritus

2116 4389 2329 4444 Domini
2366 4389 2615 4446 discessit
2643 4407 2669 4445 a
2715 4392 2863 4458 Saul,
2899 4394 3261 4464 obstupefecit
3301 4410 3424 4453 eum
3464 4398 3690 4466 spiritus

434 4483 723 4540 laudabilis
756 4486 994 4555 ponitur.
1027 4485 1161 4541 Nam
1192 4487 1571 4557 vituperabilis
1600 4496 1706 4553 est,
1735 4502 1855 4541 cum
1884 4503 2009 4557 pro-
2043 4513 2085 4567 Β
2115 4480 2380 4550 malignus
2408 4496 2437 4535 a
2464 4481 2711 4538 Domino.
2741 4502 2758 4534 1
2792 4483 2857 4537 Ει
2891 4484 3086 4539 iterum
3110 4486 3156 4517 ⁷⁷
3184 4503 3198 4541 2
3230 4505 3249 4540 1
3284 4488 3349 4543 ΕΙ.
3378 4488 3580 4546 factum
3608 4500 3695 4549 est

436 4576 641 4630 hibitus
680 4592 709 4630 a
744 4577 855 4632 Deo
886 4577 1075 4633 venire
1102 4580 1169 4634 ad
1201 4594 1408 4650 regem,
1436 4578 1685 4649 persistit
1712 4587 1770 4633 ut
1798 4581 2007 4649 veniat,

432 4676 487 4720 et
522 4666 791 4723 mercedis
818 4666 1049 4737 cupidus
1090 4668 1286 4724 iterum
1335 4669 1613 4737 consulit,
1665 4670 1862 4725 iterum
1917 4685 2007 4725 re-

432 4761 598 4831 quirit
632 4776 661 4816 a
698 4762 828 4829 Deo,
864 4761 1038 4818 donec
1066 4761 1407 4833 relinquatur
1441 4764 1837 4834 cupiditatibus
1869 4765 2003 4828 suis.

430 4863 486 4909 et
513 4862 601 4909 eat
634 4854 687 4909 in
717 4854 1085 4911 voluntatibus
1113 4856 1248 4911 suis.
1279 4855 1573 4926 Culpabilis
1599 4868 1705 4924 est,
1726 4873 1847 4913 cum
1873 4858 2004 4914 aedi-

432 4947 559 5001 fleat
597 4961 744 5013 aras,
772 4956 827 5004 et
859 4947 1112 5004 victimas
1152 4949 1386 5020 imponit
1409 4949 1715 5018 daemoniis,
1751 4958 1810 5033 et
1839 4964 2004 5020 appa-

430 5048 550 5095 ratu
592 5040 804 5113 magico
830 5040 1009 5112 poscit
1036 5042 1217 5097 divina
1255 5041 1527 5098 consulta.
1560 5041 1865 5109 Culpabilis
1900 5052 2006 5111 est,

425 5146 549 5186 cum
566 5132 855 5189 consilium
879 5132 1171 5201 pessimum
1200 5133 1317 5199 dat,
1351 5142 1411 5189 ut
1434 5134 1667 5204 populus
1697 5134 2007 5204 decipiatur

428 5240 522 5293 per
552 5226 806 5283 mulieres
831 5225 1212 5281 Madiauitidas
1241 5236 1292 5282 et
1315 5228 1518 5283 cultum
1544 5228 1833 5284 idolorum.
1860 5228 2004 5284 Rur-

426 5333 517 5375 sus
545 5320 833 5376 laudabilis
860 5321 1186 5387 ostenditur,
1227 5337 1352 5377 cum
1386 5324 1609 5377 verbum
1661 5323 1753 5377 Dei
1787 5323 2007 5392 ponitur

428 5411 481 5465 in
518 5428 614 5468 ore
644 5428 782 5480 ejus,
838 5428 961 5468 cum
1007 5413 1244 5482 Spiritus
1279 5414 1373 5468 Dei
1411 5414 1470 5468 fit
1501 5430 1664 5485 super
1698 5430 1841 5481 eum,
1877 5432 1999 5469 cum

428 5500 494 5554 de
521 5500 738 5559 Christo
770 5505 1079 5573 prophetat,
1131 5519 1253 5558 cum
1300 5502 1504 5562 Iudaeis
1538 5517 1593 5561 et
1650 5507 1906 5577 gentibus
1935 5508 2001 5564 de

514 5614 559 5646 “
592 5616 839 5671 Matth.“
871 5620 961 5673 ‘28.
1059 5621 1101 5651 ⁸⁷
1130 5620 1287 5675 Joan.
1321 5638 1474 5685 xvtu,
1513 5625 1596 5677 M.

428 5687 738 5764 Eant-“toi.”
772 5689 815 5719 "
852 5689 1012 5764 dficit.
1047 5700 1118 5753 vt,
1145 5693 1199 5751 5.
1229 5692 1285 5753 4,
1321 5692 1374 5745 5.
1452 5696 1496 5725 ⁷³
1530 5695 1547 5748 l
1581 5696 1709 5764 Reg.
1747 5712 1860 5764 XIX,
1883 5698 1974 5750 25.

430 5748 472 5779 ‘"
506 5751 635 5806 ibid.
668 5753 762 5808 23.
860 5758 904 5787 ⁷⁸
928 5748 1283 5829 Numani”,
1313 5764 1367 5815 6.

1707 5625 1794 5678 “l
1828 5626 1951 5687 Cor.
1989 5642 2107 5689 xm,
2140 5626 2193 5679 8.

2055 5696 2151 5749 ⁷³1
2188 5697 2321 5766 Reg.
2354 5713 2465 5763 xvi,
2511 5698 2595 5751 15.
2675 5700 2721 5730 ⁷⁵
2745 5698 2761 5753 l
2786 5698 2916 5769 Reg.
2953 5716 3006 5763 κ,
3032 5700 3085 5753 6.
3138 5700 3183 5730 "
3223 5699 3239 5753 l
3272 5698 3403 5768 Reg.
3438 5713 3550 5767 xvr,
3588 5694 3675 5775 id.

2119 4588 2239 4626 cum
2266 4582 2411 4627 esset
2437 4573 2663 4643 spiritus
2699 4574 2872 4629 malus
2901 4576 2967 4629 ad
3003 4574 3157 4641 Saul,
3200 4580 3495 4650 assumpsit
3521 4580 3689 4635 David

2118 4664 2434 4734 psalterium
2473 4676 2526 4720 et
2564 4665 2831 4732 psallebat
2860 4667 2912 4719 in
2961 4668 3212 4725 manibus
3245 4674 3382 4737 suis,
3415 4681 3470 4727 et
3496 4687 3692 4743 percu-

2120 4752 2306 4816 tiebat,
2341 4762 2395 4807 et
2421 4763 2538 4808 erat
2570 4754 2772 4808 bonum
2799 4756 2873 4823 ei,
2909 4764 2964 4811 et
2991 4758 3305 4815 discedebat
3333 4762 3398 4817 ab
3432 4775 3497 4817 eo
3531 4764 3690 4833 spiric

2114 4852 2198 4896 tus
2232 4844 2518 4915 malignus.
2553 4864 2572 4896 ι
2610 4845 2738 4900 ιιειιε
2768 4862 2867 4916 pro
2910 4862 2995 4913 eo,
3044 4849 3186 4915 quod
3238 4851 3472 4905 medium
3513 4863 3691 4922 potest

2112 4934 2283 4989 videri
2338 4938 2441 4992 hoc
2489 4939 2633 5006 quod
2675 4939 2941 5009 scriptunt
2991 4950 3075 4994 est
3102 4940 3189 4996 ⁷⁸ε
3234 4961 3252 4994 ι
3286 4942 3353 4997 Et
3386 4941 3558 4999 factus
3608 4956 3690 5000 est

2110 5026 2349 5098 Spiritus
2379 5027 2592 5083 Domini
2626 5044 2791 5100 super
2821 5045 2968 5086 cum.
3009 5051 3027 5082 ι
3068 5032 3302 5104 Propter
3330 5038 3474 5105 quod
3502 5045 3556 5092 et
3590 5053 3689 5092 nos

2108 5122 2403 5174 secundum
2443 5135 2507 5176 ea
2557 5136 2677 5192 qua:
2716 5122 3004 5193 superiore
3038 5134 3276 5181 tractatu
3316 5142 3686 5195 senseramus,

2105 5212 2268 5267 etiam
2305 5228 2448 5269 nunc
2485 5212 2538 5268 itt
2581 5213 2983 5270 Pharisaeorum
3018 5225 3074 5271 et
3117 5218 3451 5284 scribarum,
3495 5219 3686 5288 eisque

2107 5312 2362 5367 similium
2386 5328 2613 5381 persona
2639 5315 2784 5370 hunc
2811 5317 2984 5386 ipsum
3015 5316 3236 5373 Balaam
3276 5318 3554 5389 explicare
3594 5333 3687 5373 co-

2112 5415 2380 5470 nabimur.
2420 5417 2525 5471 Sed
2562 5433 2660 5487 age
2705 5418 2816 5489 jam
2848 5421 3145 5490 prophetiae
3184 5424 3302 5493 ejus
3346 5424 3535 5487 verba,
3565 5438 3684 5491 qum

2112 5518 2387 5576 assumpta
2420 5510 2677 5579 parabola
2710 5526 2809 5565 sua
2842 5510 3045 5567 dixisse
3071 5513 3348 5576 scribitur,
3380 5512 3678 5566 videamus.

2286 5626 2330 5657 ⁶⁹
2368 5626 2500 5681 ibid.
2530 5628 2595 5682 15
2622 5639 2675 5682 et
2703 5628 2757 5682 8.
2857 5627 3208 5692 '°lJoan.iv,
3246 5628 3334 5682 16.
3444 5628 3489 5659 τι
3516 5625 3677 5680 Num.
