4134 6368
362 395 466 449 685

1538 388 1602 442 IN
1643 383 1975 442 NUMEROS
2007 383 2294 441 IIOMILIA
2333 387 2445 440 XV.

3527 396 3630 449 686

366 530 385 564 ι
420 511 494 566 Ex
523 510 936 581 Mesopotamia,
965 511 1135 579 inquit
1164 512 1231 575 7°,
1266 510 1477 563 vocavit
1513 523 1596 561 mc
1623 507 1821 560 Balaeb
1848 521 1940 559 rex
1974 509 2015 563 Α
2049 503 2230 560 dinem
2279 507 2554 578 ﬁngimus,
2585 518 2643 562 ut
2675 524 2898 564 sensqu
2941 527 3005 565 ex
3046 513 3260 584 integro
3291 515 3632 586 colligamus.

368 604 543 669 Moab,
578 620 645 659 ex
675 604 953 658 montibus
985 603 1236 658 orientis.
1282 622 1300 654 ι
1337 600 1782 671 Mesopotamiam
1810 599 1943 654 dicit

360 705 563 751 terram
622 712 744 765 quae
802 696 947 750 inter
996 696 1221 749 Ilurnina
1274 693 1589 765 Babylonia.-
1638 690 1819 757 jacet,
1876 690 1943 743 de

358 787 558 856 quibus
588 789 853 855 scriptum
886 796 968 842 est
992 787 1037 818 ⁸ο
1069 806 1084 842 :
1122 806 1139 838 ι
1182 787 1357 855 Super
1405 783 1624 837 ﬂumina
1655 780 1944 851 Babylonis

363 879 473 934 illic
506 881 769 945 sedimus,
788 887 841 934 et
865 878 1136 945 Ilevimus,
1156 879 1283 933 dum
1305 878 1726 933 recordaremur
1753 874 1936 930 Sion»

363 971 420 1026 Si
452 970 573 1039 quis
602 985 734 1041 ergo
768 971 911 1026 inter
944 970 1045 1024 ista
1081 969 1301 1023 ﬂumina
1344 968 1508 1022 fuerit
1534 965 1847 1037 Babylonis,
1898 965 1942 1019 si

360 1064 483 1131 quis
521 1064 896 1118 rbeumatibns
949 1062 1193 1117 libidinis
1254 1061 1571 1126 inundatur,
1624 1070 1680 1117 et
1717 1060 1944 1114 luxuria:

362 1152 584 1207 testibus
609 1153 994 1208 circumluitur
1023 1192 1039 1217 ,
1089 1152 1192 1207 iste
1245 1168 1352 1207 non
1405 1152 1607 1207 dicitur
1643 1162 1814 1215 stare,
1848 1153 1942 1207 sed

363 1246 586 1311 sedere;
619 1254 672 1298 et
712 1244 831 1298 ideo
864 1245 955 1314 qui
985 1243 1059 1299 ibi
1088 1245 1467 1313 comprehensi
1499 1254 1624 1299 sunt
1650 1245 1939 1299 dicebant:

368 1356 386 1388 ι
425 1337 599 1406 Super
622 1336 840 1392 Ilumina
866 1337 1156 1408 Babylonis
1175 1337 1284 1391 illic
1307 1337 1572 1399 sedimus,
1597 1349 1650 1391 et
1672 1336 1940 1401 Ilevimus,

359 1427 489 1481 dum
542 1427 961 1482 recordaremur
1003 1428 1160 1483 Sion.
1190 1447 1210 1481 ι
1252 1429 1359 1483 Sed
1416 1445 1516 1483 nec
1559 1429 1689 1484 ﬂere
1725 1430 1940 1498 quidem

363 1528 493 1571 ante
530 1528 783 1587 possunt,
807 1519 913 1573 nisi
944 1534 1066 1573 cum
1108 1519 1386 1574 recordati
1426 1520 1626 1575 fuerint
1658 1522 1808 1577 Sion.
1841 1522 1945 1577 Bo-

364 1625 557 1663 norum
598 1626 833 1680 namque
863 1612 1170 1666 recordatio
1221 1613 1484 1667 malorum
1514 1629 1706 1669 causas
1737 1614 1945 1668 lamen-

362 1700 554 1754 tabiles
588 1701 734 1756 facit.
765 1701 880 1756 Nisi
925 1704 1069 1757 enim
1102 1705 1223 1772 quis
1260 1705 1577 1759 recordetur
1612 1706 1744 1760 Sion
1774 1745 1789 1771 ,
1841 1707 1944 1761 nisi

363 1794 537 1862 legem
566 1793 659 1847 Dei
692 1803 745 1849 ct
777 1795 1195 1865 Scripturarum
1252 1807 1465 1853 montes
1513 1800 1769 1868 aspiciat,
1803 1800 1943 1855 mala

2049 597 2233 653 Potest
2268 615 2399 668 ergo
2449 602 2556 655 dici
2597 616 2613 653 :
2655 621 2672 653 ι
2708 604 2865 664 Veni,
2916 604 3144 661 maledic
3191 608 3323 662 mibi
3354 608 3545 675 Iacob,
3574 623 3633 666 et

2049 689 2206 753 veni,
2257 691 2659 757 supermaledic
2693 693 2825 746 mihi
2875 693 3063 748 Israel.
3099 713 3118 746 ι
3153 693 3258 750 Per
3278 702 3420 767 quod
3444 708 3632 755 osten-

2050 779 2199 831 ditur
2224 778 2427 833 idcirco
2455 794 2637 835 sermo
2670 783 2955 851 repetitus,
2990 794 3047 839 ut
3065 787 3328 855 ampliore
3349 792 3398 842 vi
3426 800 3476 843 et
3509 806 3629 845 ma-

2040 869 2164 938 jore
2220 873 2522 928 intentione
2569 877 3010 931 maledictionem
3049 880 3101 932 in
3155 880 3319 934 Israel
3366 897 3528 951 quam
3571 883 3627 939 in

2045 964 2216 1019 Iacob
2275 966 2481 1023 Balacb
2535 969 2816 1025 videretur
2870 987 3189 1041 exposcere.
3253 973 3435 1030 Donec
3481 979 3627 1031 enim

2050 1058 2177 1127 quis
2227 1068 2436 1113 tantum
2478 1060 2648 1117 Jacob
2687 1072 2793 1128 est,
2838 1064 2941 1119 boc
2980 1075 3063 1119 est
3110 1066 3160 1119 In
3207 1068 3422 1122 actibus
3453 1070 3627 1124 solum

2047 1161 2103 1205 et
2156 1153 2413 1221 operibus
2472 1156 2721 1221 positus,
2764 1156 3119 1214 inferioribus
3156 1160 3631 1217 maledictionibus

2050 1243 2415 1313 impugnatur.
2478 1245 2577 1299 Ubi
2628 1258 2811 1302 autem
2864 1249 3179 1318 profecerit,
3217 1263 3272 1306 et
3312 1254 3627 1309 interiorem

2049 1334 2325 1388 hominem
2360 1335 2426 1388 ad
2453 1338 2743 1392 videndum
2772 1340 2942 1395 Deum
2978 1343 3216 1398 revelato
3248 1347 3448 1400 mentis
3471 1348 3631 1403 oculo

2049 1440 2317 1481 exacuere
2352 1427 2465 1498 (59)
2498 1439 2551 1483 et
2585 1447 2886 1500 provocare
2930 1433 3041 1500 jam
3072 1437 3321 1505 cmperit,
3364 1448 3491 1493 tunc
3523 1456 3628 1493 non

2050 1517 2225 1572 solum
2258 1519 2561 1575 maledictis
2586 1524 2654 1577 ab
2679 1523 2923 1590 inimico,
2952 1528 3116 1582 sedet
3136 1531 3630 1597 supermaledictis,

2051 1613 2153 1666 hoc
2194 1622 2273 1667 est
2324 1614 2828 1671 vehementioribus
2863 1617 3275 1675 maledictorum
3303 1622 3501 1690 jaculis
3532 1626 3634 1680 im-

2050 1702 2396 1772 pugnabitur.
2424 1704 2529 1758 Sed
2559 1715 2686 1759 tunc
2710 1706 2929 1773 quidem
2959 1722 3021 1762 os
3045 1708 3261 1763 Balaam
3292 1712 3632 1768 maledictio-

2052 1811 2118 1849 ne
2144 1807 2197 1849 et
2224 1797 2588 1850 amaritudine
2630 1797 2851 1867 plenum
2887 1811 3029 1865 erat,
3063 1812 3118 1855 et
3166 1804 3268 1857 sub
3299 1805 3480 1873 lingua
3512 1806 3634 1874 ejus

362 1899 460 1937 sua
488 1882 621 1938 ﬂere
652 1900 756 1940 ηοιι
786 1863 999 1956 incipit,
1032 1886 1109 1941 Ex
1134 1888 1255 1941 istis
1284 1902 1417 1957 ergo
1444 1863 1759 1943 ﬂuminibus
1784 1903 1946 1944 voca-
1981 1863 2020 1916 Β
2051 1882 2200 1936 labor
2226 1892 2281 1937 et
2312 1883 2489 1949 dolor,
2520 1895 2572 1938 et
2608 1863 2838 1941 sedebat
2872 1887 2922 1941 in
2956 1863 3166 1946 insidiis
3196 1909 3317 1947 cum
3348 1863 3633 1952 divitibirs.

366 1987 453 2029 tur
484 1975 730 2041 Balaam,
763 1985 819 2031 et
840 1977 910 2031 ab
940 1977 1061 2032 istis
1098 1977 1329 2032 orientis
1361 1979 1636 2033 montibus
1665 1979 1943 2033 invitatur.

365 2066 573 2123 Montes
609 2068 698 2122 isti
727 2083 833 2123 non
861 2079 987 2123 sunt
1018 2070 1195 2126 sancti
1235 2082 1446 2125 montes
1496 2070 1594 2134 illi,
1638 2070 1706 2125 de
1749 2070 1945 2140 quibus

363 2163 625 2230 scriptum
667 2162 868 2217 est“:
919 2180 937 2214 ‹
989 2162 1365 2219 Fundamenta
1414 2162 1535 2232 ejus
1574 2165 1626 2219 in
1673 2166 1948 2221 montibus

366 2256 592 2309 sanctis.
626 2274 648 2308 ι
684 2255 745 2309 Et
779 2256 974 2310 iterum
1002 2255 1048 2287 ⁸²
1080 2274 1092 2310 :
1126 2277 1142 2307 ι
1173 2255 1471 2311 Jerusalem
1493 2272 1613 2326 qua:
1644 2257 1947 2311 :ediIiCatur

365 2362 424 2404 ut
446 2351 662 2415 civitas,
700 2351 857 2420 cujus
886 2350 1237 2421 participatio
1270 2350 1389 2420 ejus
1414 2351 1469 2403 in
1510 2350 1767 2419 idipsum.
1796 2350 1947 2405 Mon-

366 2453 448 2498 tes
485 2443 536 2496 iu
574 2443 806 2498 circuitu
836 2442 977 2513 ejus,
1007 2454 1064 2499 et
1088 2443 1350 2499 Dominus
1389 2442 1440 2497 in
1476 2442 1712 2498 circuitu
1761 2442 1942 2513 populi

365 2533 446 2587 sui
474 2534 539 2588 ⁸³.
583 2552 602 2586 ι
639 2532 755 2588 Non
783 2544 911 2589 sunt
934 2548 1063 2601 ergo
1099 2533 1236 2588 tales
1265 2533 1665 2601 Mesoriotamire
1696 2544 1907 2588 montes
1930 2575 1945 2599 ,

366 2627 459 2681 sed
489 2626 584 2690 illi,
621 2626 687 2682 de
717 2627 917 2697 quibus
947 2627 1152 2683 dicitur
1174 2626 1222 2658 ⁸³
1250 2646 1263 2682 :
1304 2645 1323 2678 ι
1354 2624 1566 2681 Montes
1603 2626 1900 2692 tenebrosi,
1921 2646 1941 2678 ι

366 2733 421 2776 et
454 2724 653 2778 iterum
696 2723 763 2777 de
807 2737 915 2793 quo
956 2721 1157 2777 dicitur
1193 2722 1238 2753 ⁸⁸
1276 2739 1289 2776 :
1352 2739 1369 2771 ι
1407 2721 1547 2775 Ecce
1601 2735 1701 2789 ego
1751 2721 1817 2773 ad
1872 2730 1945 2787 te,

368 2830 525 2869 mons
548 2822 829 2884 corrupte.
867 2832 886 2868 ι
926 2814 1023 2869 Isti
1078 2822 1207 2868 sunt
1254 2822 1466 2867 montes
1505 2812 1560 2865 in
1613 2812 1811 2881 quibus
1865 2822 1949 2867 cst

366 2907 546 2961 onmis
598 2906 827 2961 altitudo
874 2905 1145 2961 extollens
1192 2919 1251 2959 se
1304 2905 1594 2959 adversum
1660 2904 1947 2957 scientiam

370 2999 462 3053 Dei
494 2998 560 3054 ⁸⁸.
608 2999 691 3053 Ab
722 2998 841 3053 istis
887 3013 1019 3068 ergo
1052 2998 1331 3052 montibus
1371 2995 1674 3051 accersitur
1728 2993 1945 3048 Balaam

372 3090 477 3146 hic.
508 3089 713 3156 Quales
736 3099 919 3143 autem
950 3089 1039 3143 isti
1066 3098 1196 3143 sunt
1222 3096 1455 3149 montes.
1485 3084 1643 3140 talem
1672 3084 1873 3139 habent
1896 3097 1949 3139 et

2048 1976 2417 2044 Exspectabat
2441 1977 2587 2031 enim
2619 1982 2898 2034 mercedes
2928 1997 2956 2035 a
2984 1984 3150 2038 divite
3176 2001 3320 2054 rege,
3360 1998 3417 2041 ut
3450 1989 3505 2041 iu
3536 2006 3631 2045 oc-

2048 2067 2211 2121 cultis
2268 2067 2604 2121 interﬁeeret
2662 2068 3006 2124 innocentes.
3046 2071 3149 2127 Sed
3188 2075 3327 2129 Deus
3364 2076 3456 2144 qui
3502 2076 3633 2132 facit

2050 2174 2267 2227 semper
2296 2160 2571 2215 mirabilia
2617 2163 2785 2229 solus,
2819 2180 2884 2218 ex
2924 2164 3166 2219 inimicis
3191 2176 3450 2236 operatur
3481 2168 3629 2223 salu-

2052 2261 2180 2307 tem.
2218 2253 2411 2322 lnjecit
2438 2256 2588 2309 enim
2625 2257 2847 2311 verbum
2880 2260 2930 2312 in
2964 2275 3025 2314 os
3051 2259 3187 2326 ejus,
3217 2262 3466 2329 quamvis
3499 2279 3635 2318 non-

2049 2344 2177 2398 dum
2215 2361 2311 2399 cor
2350 2347 2466 2416 ejus
2504 2363 2701 2413 capere
2757 2362 2938 2417 posset
2985 2353 3211 2407 verbum
3274 2353 3387 2409 Dei.
3439 2355 3636 2410 Adhuc

2050 2437 2195 2491 enim
2224 2448 2348 2492 erat
2374 2439 2425 2492 in
2453 2441 2620 2495 corde
2643 2441 2761 2509 ejus
2793 2445 3061 2499 mercedis
3086 2446 3381 2513 cupiditas,
3413 2457 3635 2517 propter

2049 2531 2192 2601 quod
2228 2532 2393 2587 etiam
2428 2542 2551 2601 post
2607 2535 2833 2589 verbum
2879 2536 2999 2601 Dei,
3046 2540 3189 2606 quod
3222 2540 3415 2593 habuit
3453 2542 3503 2594 in
3538 2558 3635 2596 ore

2050 2638 2169 2688 suo,
2195 2624 2412 2681 dicebat
2446 2625 2511 2679 ad
2548 2626 2881 2681 Balach’atr
2923 2628 3077 2694 Veni,
3104 2640 3161 2683 et
3204 2630 3346 2684 dabo
3376 2632 3477 2686 tibi
3510 2648 3635 2687 con-

2052 2715 2254 2781 silium,
2294 2734 2315 2769 ο
2366 2726 2422 2771 et
2458 2718 2690 2774 docebat
2729 2735 2851 2773 eum
2889 2722 3165 2790 quomodo
3195 2724 3439 2778 mitteret
3472 2740 3636 2779 scau—

2051 2809 2231 2863 dalum
2280 2810 2335 2864 in
2385 2823 2681 2880 conspectu
2726 2812 2962 2867 liliorum
3013 2814 3202 2879 Israel,
3246 2826 3303 2869 ut
3339 2819 3637 2873 manduca-

2051 2911 2179 2955 rent
2224 2901 2382 2955 idolis
2419 2902 2695 2957 immolata
2729 2914 2782 2957 et
2822 2913 2878 2958 ut
2926 2906 3350 2961 fornicarentur.
3402 2909 3637 2980 Propter

2050 2992 2196 3059 quod
2220 3001 2271 3045 et
2295 2992 2490 3047 cecidit
2516 2992 2765 3059 populus,
2790 3002 2841 3048 et
2874 2994 3028 3063 plaga
3064 3011 3259 3065 magna
3292 2998 3431 3053 facta
3463 3011 3546 3054 est
3578 3004 3633 3056 in

2052 3094 2140 3144 eo,
2178 3080 2351 3135 donec
2386 3080 2620 3135 Pbinees
2654 3092 2935 3153 perempto
2965 3083 3235 3152 lsraelita,
3266 3089 3358 3156 qui
3394 3089 3634 3146 fonticu-

367 3183 658 3238 orientem.
694 3181 868 3237 Habet
906 3180 1051 3235 enim
1097 3190 1152 3235 et
1194 3189 1379 3233 ortum
1421 3177 1640 3233 luminis
1694 3178 1775 3232 sui
1824 3175 1945 3240 ille,
1979 3201 2018 3256 ρ
2056 3172 2212 3227 batur
2258 3188 2380 3228 cum
2418 3172 2809 3237 Madianitide,
2849 3176 3059 3230 sedavit
3108 3177 3349 3234 furorem
3402 3183 3633 3239 Domini.

373 3272 464 3344 qui
495 3273 767 3328 convertit
799 3288 860 3328 se
887 3273 1028 3327 sicut
1055 3271 1304 3340 angelum
1332 3271 1469 3326 lucis
1495 3270 1561 3324 ⁸⁷.
1590 3269 1765 3324 liabet
1803 3268 1947 3323 illam

371 3368 544 3417 lucem
572 3402 588 3427 ,
640 3363 706 3417 de
750 3378 856 3433 qua
899 3363 1161 3432 scriptum
1198 3372 1284 3417 est
1308 3361 1395 3414 8'z
1431 3378 1449 3413 ι
1485 3360 1599 3415 Lux
1649 3360 1941 3429 impiorum

367 3454 766 3525 exstinguetur.
807 3473 824 3505 ι
860 3453 926 3507 Et
965 3456 1109 3507 sicut
1150 3453 1251 3507 ista
1299 3451 1385 3506 lux
1423 3452 1747 3521 impiorum,
1775 3459 1831 3504 ct
1860 3451 1948 3505 illa

367 3562 489 3616 quae
509 3548 777 3602 convertit
826 3562 884 3600 se
918 3547 1060 3601 sicut
1097 3545 1349 3615 angelum
1379 3544 1537 3609 lucis,
1564 3544 1838 3599 contraria
1866 3554 1951 3598 est

370 3637 443 3691 illi
482 3636 622 3703 luci,
657 3652 780 3707 qua:
805 3637 1023 3690 dicebat
1046 3636 1090 3668 θ’
1119 3654 1131 3689 :
1159 3656 1175 3686 ι
1211 3636 1320 3705 Ego
1360 3650 1482 3690 sum
1514 3635 1601 3691 lux
1650 3636 1831 3689 ruundi
1865 3652 1879 3699 ;
1926 3655 1943 3687 ι

371 3731 443 3784 ita
481 3739 535 3786 et
573 3731 675 3786 iste
705 3730 891 3786 oriens
920 3730 1237 3784 contrarius
1268 3741 1355 3783 est
1384 3728 1459 3781 illi
1498 3728 1718 3791 orienti,
1750 3730 1815 3782 de
1840 3744 1949 3797 quo

371 3822 639 3891 scriptum
690 3831 774 3875 est
814 3821 865 3875 in
920 3820 1186 3876 Zacbaria
1227 3820 1313 3873 9"z
1353 3838 1370 3873 ι
1408 3819 1546 3874 Ecce
1593 3820 1703 3883 vir,
1751 3819 1950 3876 Oriens

373 3929 571 3967 nomen
598 3914 715 3983 ejus
740 3924 877 3967 est.»
908 3912 984 3966 Ex
1015 3912 1158 3966 illius
1185 3926 1337 3981 ergo,
1384 3927 1489 3965 non
1532 3910 1691 3978 lmjus
1722 3911 1951 3965 orientis

373 4006 572 4059 Iiuibus
603 4006 853 4059 veniebat
884 4003 1131 4068 Balaam,
1169 4003 1505 4057 illuminatus
1547 4004 1665 4058 sine
1694 4003 1859 4057 dubio
1884 4002 1952 4056 ab

375 4098 462 4151 illo
486 4097 764 4161 Lucifero,
798 4100 863 4152 de
895 4112 1003 4166 quo
1035 4096 1233 4150 dicitur
1257 4095 1298 4125 ⁹¹
1330 4113 1342 4148 :
1377 4112 1394 4145 ι
1428 4095 1714 4160 Quomodo
1753 4094 1955 4148 cecidit

372 4193 438 4245 de
464 4192 601 4249 cu‘lo
634 4191 869 4255 Lucifer,
900 4191 993 4259 qui
1023 4204 1183 4243 mane
1210 4187 1536 4241 oriebatur?
1566 4208 1583 4239 ι

440 4283 494 4337 2.
528 4283 633 4338 Sed
663 4284 949 4337 videamus
973 4281 1101 4349 quid
1129 4280 1265 4333 dicit
1291 4279 1363 4332 illi
1396 4278 1591 4331 Balaeb
1636 4292 1728 4330 rex
1774 4275 1952 4339 Moab,

372 4374 463 4443 qui
499 4374 785 4429 accersivit
821 4388 945 4426 eum
986 4387 1017 4427 e
1049 4370 1226 4423 medio
1265 4368 1545 4423 Ilundmnn
1583 4370 1649 4420 de
1681 4367 1953 4420 rmmtibus

373 4468 623 4522 orientis.
662 4484 681 4518 ι
716 4465 873 4530 Veni,
908 4464 1083 4534 inquit
1125 4463 1196 4525 ",
1231 4472 1286 4516 et
1331 4460 1563 4515 maledic
1608 4460 1737 4514 mibi
1762 4458 1953 4526 Iacob,

2054 3263 2121 3319 Et
2153 3274 2271 3333 post
2317 3265 2455 3331 brec,
2512 3266 2710 3335 inquit,
2754 3268 3011 3335 produxit
3043 3269 3277 3327 I’binees
3329 3275 3631 3344 exercitum

2053 3367 2246 3410 contra
2288 3356 2633 3424 Madianitas,
2678 3371 2733 3413 ct
2776 3359 3167 3417 interfecerunt
3199 3365 3482 3420 duodecim
3514 3369 3637 3422 mil-

2056 3448 2421 3512 lia'virorum,
2469 3459 2524 3503 et
2568 3449 2787 3503 Balaam
2842 3451 3013 3505 lilium
3052 3452 3195 3510 Beor
3238 3456 3290 3510 in
3340 3458 3522 3527 gladio
3567 3460 3634 3514 ".

2056 3539 2163 3593 Sed
2196 3549 2253 3594 et
2299 3541 2413 3595 haec
2449 3550 2578 3595 aute
2608 3551 2822 3611 tempus
2874 3558 2971 3612 per
3021 3559 3306 3600 excessum
3345 3550 3636 3618 quemdam

2057 3631 2488 3695 introduximus,
2532 3644 2593 3684 ut
2638 3632 3052 3690 ostenderemus
3101 3639 3224 3704 quia
3266 3638 3479 3693 Balaam
3531 3658 3636 3694 non

2058 3724 2110 3777 in
2145 3725 2331 3787 corde,
2390 3726 2487 3779 sed
2548 3725 2598 3779 in
2654 3729 3159 3783 ore'tautummodo
3194 3730 3382 3808 habuit
3414 3734 3636 3786 verbum

2062 3818 2174 3871 Dei.
2222 3816 2444 3871 Interim
2482 3832 2602 3885 quae
2638 3818 2879 3886 profert,
2915 3834 3038 3888 quae
3082 3820 3343 3889 loquitur,
3380 3838 3445 3878 ex
3479 3824 3642 3878 verbo

2062 3911 2152 3964 Dei
2182 3910 2424 3978 loquitur
2444 3950 2460 3975 ,
2489 3919 2545 3963 et
2582 3909 2705 3963 ideo
2732 3925 2853 3978 qua:
2888 3911 3045 3976 dicit,
3080 3914 3304 3967 verbum
3343 3912 3435 3967 Dei
3463 3923 3568 3969 est.

2129 4000 2182 4054 5.
2234 4002 2329 4055 Ait
2383 4016 2515 4069 ergo
2550 4018 2563 4053 :
2599 4002 2645 4033 95
2684 4020 2701 4054 r
2742 4001 2880 4067 Quid
2937 4003 3253 4057 maledicam
3288 4044 3304 4068 ,
3340 4020 3498 4073 quem
3530 4022 3639 4060 non

2063 4093 2338 4147 maledicit
2394 4092 2697 4147 Dominus?
2764 4092 2873 4145 Aut
2920 4094 3049 4162 quid
3107 4097 3637 4163 supermaledicam.

2060 4196 2220 4251 quem
2256 4197 2358 4236 non
2404 4181 2849 4251 supermaledicit
2897 4182 3197 4238 Dominus?
3230 4201 3250 4236 ι
3300 4186 3644 4254 Supermale-

2060 4275 2187 4328 dicit
2220 4312 2235 4338 ,
2292 4289 2391 4329 nos
2448 4274 2829 4342 prmsumimus
2897 4276 3195 4329 secundum
3249 4275 3411 4346 327
3464 4274 3639 4330 Graaci

2060 4366 2327 4420 sermonis
2363 4366 2647 4431 rationem,
2679 4366 2782 4419 vim
2799 4367 2958 4437 .verbi
2995 4366 3288 4421 ostendere
3318 4382 3382 4421 ex
3417 4382 3631 4436 priapo-

2061 4457 2277 4512 sitionis
2308 4465 2600 4526 augmento
2643 4457 2947 4526 cupientes.
3001 4457 3140 4524 Quid
3186 4474 3317 4529 ergo
3352 4460 3640 4514 dicemus?

372 4571 428 4613 οι
462 4560 605 4623 γρηὶ,
653 4558 887 4615 maledic
916 4558 1046 4612 mihi
1080 4554 1266 4611 Israel.
1290 4573 1307 4605 ι
1351 4553 1407 4607 In
1442 4553 1654 4606 Latinis
1683 4554 1953 4607 sermoni—
1988 4541 2033 4600 Ι)
2059 4547 2227 4604 Jacob
2253 4550 2472 4618 quidem
2522 4564 2625 4604 non
2676 4549 2955 4605 maledicit
3007 4550 3268 4605 Dominus
3311 4566 3410 4607 nec
3454 4551 3642 4618 Israel,

376 4654 474 4707 bus
499 4669 637 4722 pene
682 4652 953 4720 superﬂua
990 4650 1201 4705 videtur
1231 4662 1354 4702 esse
1385 4646 1659 4715 repetitio,
1691 4662 1809 4715 qua:
1835 4646 1909 4699 ait
1937 4663 1952 4699 :

378 4764 397 4797 ι
438 4745 668 4800 Maledic
720 4744 849 4798 mibi
893 4742 1066 4797 Jacob
1090 4783 1106 4807 ,
1141 4739 1372 4795 maledic
1417 4740 1547 4793 mihi
1584 4738 1768 4792 Israel.
1797 4758 1813 4788 ι
1849 4738 1952 4791 Sed

374 4848 457 4890 est
492 4838 545 4891 in
582 4836 790 4892 Graecis
821 4834 1022 4888 litteris
1049 4834 1151 4886 sub
1188 4830 1405 4885 nomine
1445 4827 1607 4883 Israel
1642 4829 1694 4883 in
1732 4828 1959 4883 maledi-

374 4929 534 4982 ccudi
561 4928 725 4982 verbo
748 4925 860 4997 (58)
892 4922 1298 4994 praepositionis
1322 4920 1575 4989 adjectio,
1601 4936 1762 4989 quam
1786 4922 1956 4975 nostri

378 5020 461 5074 vel
494 5020 674 5073 minus
697 5020 953 5072 decenter
988 5015 1091 5068 dici
1125 5013 1440 5076 credentes,
1475 5012 1557 5065 vel
1603 5011 1803 5065 nullam
1847 5013 1953 5066 vim

377 5112 635 5166 dictionis
679 5111 799 5164 addi
854 5125 920 5163 ex
964 5109 1064 5162 hoc
1103 5121 1260 5176 posse
1310 5105 1720 5167 existimantes,
1751 5104 1954 5158 omise-

381 5216 525 5258 runt.
560 5202 665 5258 Nos
692 5212 873 5256 autem
908 5214 1217 5255 sermonem
1244 5196 1372 5251 licet
1433 5206 1623 5250 contra
1660 5208 1955 5251 consuetu-

996 5315 1044 5347 ⁸⁸
1073 5315 1212 5369 Psal.
1231 5329 1451 5374 cxxxvr,
1483 5314 1531 5365 I.

1218 5388 1263 5417 ³⁸
1291 5384 1331 5437 Il
1366 5385 1494 5439 Cor.
1525 5400 1579 5446 κ,
1607 5382 1659 5435 5.

448 5321 492 5352 ⁷⁸
516 5320 674 5374 Num.
695 5318 921 5381 xxru,7.

381 5407 499 5454 χιιι,
539 5391 626 5443 16.
700 5390 744 5422 ⁸⁸
784 5387 892 5444 Jer.
949 5401 1021 5452 ιι,
1049 5386 1139 5441 25.

380 5462 467 5515 12.
545 5460 588 5489 ⁹¹
615 5460 715 5513 lsa.
748 5459 975 5518 “v.12.
1055 5456 1099 5488 ⁸³
1134 5455 1291 5509 Num.
1338 5471 1495 5515 χχιιι,
1532 5453 1577 5504 7.

380 5547 459 5591 ιιι,
492 5531 575 5585 14.

450 5627 563 5697 (58)
610 5625 675 5679 In
727 5624 1071 5677 maledicendi
1123 5623 1297 5675 verba.
1347 5620 1533 5678 Codex
1583 5619 1950 5683 Corbeicnsis,

385 5717 403 5751 t
440 5699 491 5751 in
528 5699 835 5751 maledicto.
858 5714 879 5746 ι

453 5768 563 5837 (59)
593 5768 733 5821 Idem
768 5766 957 5830 codex,
997 5784 1012 5815 ι
1044 5777 1330 5819 exacuere.
1357 5782 1378 5837 ι
1420 5760 1574 5837 Alias.
1598 5800 1611 5823 ,
1649 5779 1664 5810 ι
1693 5774 1957 5814 exercue-

381 5833 470 5895 rit.
516 5833 731 5893 i'Paulo
769 5838 908 5890 Inl'ra
944 5839 1107 5901 idem,
1147 5854 1163 5886 ι
1206 5834 1533 5887 interﬁceret
1566 5833 1906 5886 innocentes.
1935 5848 1951 5879 ι

1608 5311 1649 5343 ⁸¹
1675 5311 1819 5367 Psal.
1856 5328 2108 5373 Lxxxvu,
2146 5311 2196 5364 ι.

1753 5383 1795 5413 ⁸⁷
1834 5381 1872 5436 ιι
1908 5385 2033 5438 Cor.
2065 5398 2141 5436 xl.

1658 5454 1703 5483 ’³
1733 5453 2045 5517 Num.xx1v,
2084 5453 2167 5506 I4.

652 5532 693 5563 "
725 5530 850 5584 ibid.
880 5529 966 5580 I7.
1029 5528 1076 5557 ”
1100 5526 1236 5581 Gen.
1263 5542 1335 5590 tv,
1366 5526 1445 5578 Il.
1510 5526 1556 5555 ⁹⁹
1578 5523 1889 5576 Deut.xxvtt
1912 5562 1927 5588 ,
1965 5525 2052 5577 15.

2060 4644 2154 4698 sed
2184 4643 2275 4698 alii
2317 4651 2476 4712 putas
2506 4642 2666 4697 alicui
2704 4644 3020 4698 maledicit?
3066 4643 3321 4714 Legimus
3354 4647 3641 4715 scriptum,

2060 4736 2187 4804 quia
2222 4735 2353 4790 dicit
2385 4733 2647 4790 Dominus
2697 4736 2763 4788 ad
2814 4736 3229 4804 serpentem)“:
3268 4754 3287 4787 ι
3326 4734 3645 4791 Maledictns

2061 4836 2119 4881 tu
2152 4828 2204 4881 in
2237 4826 2487 4881 omnibus
2516 4826 2703 4881 bestiis
2726 4834 2906 4881 terrae.
2938 4844 2956 4876 ι
2985 4825 3264 4880 Etiterum
3293 4826 3357 4881 ad
3377 4825 3642 4880 Adam":

2069 4938 2087 4969 ι
2129 4918 2411 4973 Maledicta
2464 4926 2606 4971 terra
2654 4918 2706 4971 iu
2758 4917 3013 4985 operibus
3062 4918 3167 4971 tuis
3192 4914 3328 4987 (60).
3388 4934 3405 4967 ι
3441 4916 3549 4971 Sed
3592 4927 3647 4972 et

2061 5011 2196 5064 Cain
2224 5010 2269 5041 ⁸³
2298 5029 2309 5063 :
2346 5028 2365 5061 ι
2416 5010 2479 5063 Et
2505 5024 2647 5062 tmne
2678 5008 2998 5064 maledictus
3026 5022 3079 5062 tu
3129 5025 3158 5061 a
3194 5019 3335 5063 terra
3366 5023 3484 5077 qme
3511 5024 3643 5078 ape-

2067 5104 2176 5155 ruit
2201 5116 2263 5155 os
2293 5116 2489 5164 suum,
2520 5109 2578 5153 ut
2605 5100 2869 5169 reciperet
2902 5100 3221 5172 sanguinem
3253 5098 3439 5155 fratris
3470 5102 3545 5154 tui
3578 5101 3649 5153 de

2067 5194 2318 5248 manibus
2346 5193 2483 5257 tuis;
2524 5211 2542 5243 ι
2574 5202 2629 5246 et
2653 5192 2697 5223 ⁸³
2729 5210 2743 5246 :
2781 5211 2797 5244 ι
2837 5192 3157 5249 Maledictus
3189 5193 3367 5249 omnis
3392 5194 3484 5261 qui
3518 5192 3650 5246 facit

2275 5310 2320 5342 ³³
2340 5308 2484 5363 Psal.
2511 5324 2680 5374 cxxu,
2701 5309 2752 5362 5.
2823 5308 2868 5340 ⁸³
2883 5308 3024 5364 Psal.
3042 5324 3228 5373 cxxlv,
3247 5309 3300 5361 Ξ.
3378 5303 3641 5360 “Jerern.

2216 5382 2261 5413 ⁸⁸
2290 5378 2389 5446 Job
2424 5395 2577 5442 xvm,
2601 5379 2656 5432 5.
2732 5379 2776 5411 ⁸³
2806 5377 2962 5434 Joan.
2995 5395 3113 5444 vnt,
3147 5378 3232 5433 12.
3310 5376 3356 5410 ’⁸
3374 5376 3537 5446 Ζτιοιι.
3569 5391 3641 5437 γι,

2243 5454 2288 5485 ’⁵
2318 5445 2481 5505 Num.
2518 5466 2673 5515 xxxi,
2699 5448 2753 5504 8.
2831 5449 2877 5484 "
2916 5448 3075 5505 Num.
3108 5464 3265 5514 xxnr,
3297 5447 3351 5501 8.
3434 5445 3636 5500 "Gen.

2063 5619 2233 5679 Alias,
2266 5638 2283 5670 ι
2318 5617 2611 5673 iuterliciat
2642 5617 2981 5670 innocentes.
3007 5632 3026 5664 ι

2141 5690 2279 5758 (60)
2332 5690 2471 5744 Idem
2499 5727 2513 5753 ,
2569 5706 2587 5740 ι
2634 5687 2889 5756 operibus
2933 5684 3059 5739 tuis.
3103 5700 3121 5734 ι
3168 5680 3314 5737 Alias
3343 5720 3358 5749 ,
3425 5698 3443 5733 ι
3485 5690 3649 5749 opere

2071 5772 2177 5814 tuo.
2220 5780 2235 5811 ι
