4134 6394
480 401 579 456 687

1927 396 2249 453 OI‘tiG'Ii‘n‘iS

3648 404 3751 460 683

481 517 745 587 sculptile,
781 524 875 569 aut
906 512 1089 568 fusile.
1128 529 1147 563 ›
1194 512 1390 567 Verum
1422 526 1489 568 ne
1522 525 1680 582 putes
1714 513 1828 568 haec
1862 514 2066 568 veteri-
2092 518 2135 575 Α
2168 515 2499 574 conferatur.
2532 519 2637 574 Aut
2663 519 2707 574 si
2732 518 2796 574 ad
2826 518 3069 575 futurum
3104 520 3360 577 saeculum
3395 520 3496 577 ista
3525 537 3751 579 convcr-

481 613 580 665 bus
612 606 984 664 tantummodo
1029 605 1228 663 litteris
1260 605 1565 671 contineri,
1604 607 1768 660 etiam
1801 605 1853 659 in
1890 605 2065 659 Evan-

480 702 636 770 geliis
684 698 884 755 similia
931 696 1202 751 invenies.
1255 693 1530 762 Scriptum
1588 705 1670 750 est
1723 696 1867 750 enim
1919 697 2062 764 quod

478 792 727 846 dicturus
788 791 860 845 sit
912 789 1169 844 Dominus
1224 788 1291 842 iis
1333 789 1423 856 qui
1473 804 1501 841 a
1548 788 1786 841 sinistris
1831 796 1953 841 sunt
1998 788 2059 840 ¹ε

483 902 502 934 ε
543 882 818 938 Discedite
845 897 873 933 a
912 897 1013 944 me,
1062 879 1377 943 maledicti,
1424 879 1477 932 in
1509 878 1684 947 ignem
1710 887 1997 935 :eternum.
2036 897 2055 928 ο

479 976 586 1032 Sed
612 984 669 1029 et
702 990 824 1029 cum
856 974 987 1029 dicit
1010 977 1027 1004 ²
1057 991 1070 1027 :
1113 991 1133 1024 ι
1168 971 1259 1028 Vae
1284 975 1461 1038 vobis,
1492 974 1686 1028 scribae
1714 984 1767 1027 et
1800 971 2059 1027 Pharisaei

477 1068 814 1140 hypocritm;
855 1086 872 1118 ι
911 1067 1048 1123 et’:
1087 1086 1105 1119 ι
1142 1068 1233 1122 γαν
1282 1067 1436 1121 vobis
1470 1066 1748 1132 divitibus,
1804 1085 1822 1118 ι
1861 1074 1915 1120 ει
1956 1067 2063 1120 sin-

477 1159 601 1226 gula
627 1159 958 1230 hujusmodi,
986 1159 1114 1229 quid
1149 1158 1294 1212 aliud
1327 1157 1427 1211 nisi
1461 1158 1767 1212 maledictis
1796 1172 1889 1212 eos
1913 1158 2059 1211 vide-

480 1265 567 1309 tur
598 1252 833 1321 urgere?
864 1252 969 1307 Sed
1004 1252 1132 1321 quid
1164 1252 1412 1307 dicemus
1448 1252 1588 1319 quod
1623 1252 1936 1306 mandatum
1967 1265 2061 1319 per

476 1345 794 1413 Apostolum
820 1346 1003 1407 datur,
1036 1343 1125 1397 ubi
1152 1343 1283 1397 dicit
1304 1341 1364 1393 δε
1400 1358 1416 1390 ι
1445 1338 1777 1406 Bcnedicite,
1810 1352 1864 1396 et
1897 1342 2060 1397 nolite

478 1437 804 1491 maledicere
844 1436 865 1488 ?
900 1455 918 1487 ι
955 1434 1107 1501 Quod
1143 1449 1274 1503 ergo
1321 1434 1387 1487 ab
1434 1433 1747 1489 hominibus
1789 1449 1893 1488 non
1947 1434 2061 1488 vult

477 1529 617 1592 fieri,
658 1527 761 1581 hoc
790 1528 901 1596 ipse
931 1526 1094 1588 facit,
1122 1526 1211 1593 qui
1249 1526 1557 1594 exemplum
1591 1524 1713 1579 vita:
1745 1524 2058 1581 hominibus

476 1620 812 1689 ponitiNon
863 1620 939 1673 ita
993 1630 1097 1674 εει.
1150 1618 1293 1673 Deus
1329 1619 1471 1673 enim
1506 1619 1707 1688 quibus
1759 1619 2052 1682 maledicit,

477 1713 725 1767 meritum
757 1713 1010 1782 designat
1038 1711 1155 1781 ejus
1186 1711 1270 1764 cui
1306 1712 1653 1765 Inaledieitur
1678 1752 1693 1777 ,
1738 1721 1793 1766 et
1836 1719 2058 1767 senten-

472 1807 603 1860 tiam
632 1807 849 1875 promit,
886 1813 1071 1875 utpote
1105 1819 1266 1874 quem
1298 1821 1404 1859 non
1445 1804 1619 1869 fallat,
1649 1819 1821 1873 neque
1844 1805 2051 1874 peccati

470 1897 723 1968 qualitas,
753 1912 931 1967 neque
952 1898 1227 1967 peccantis
1250 1895 1499 1951 affectus.
1526 1895 1699 1950 Ilomo
1722 1904 1901 1951 autem
1924 1897 2050 1965 quia

472 1991 585 2045 hzec
613 2005 718 2045 non
748 1989 1089 2059 potestscire
1115 2007 1128 2043 :
1160 2004 1333 2058 neque
1360 1988 1506 2043 enim
1533 1988 1870 2057 propositum
1896 2001 2051 2042 men-

471 2092 690 2151 temque
717 2080 943 2135 alterius
977 2079 1158 2133 videre
1190 2078 1327 2133 alius
1359 2085 1451 2131 aut
1483 2091 1814 2143 cognoscere
1841 2086 2048 2145 potest:

472 2174 675 2229 ideirco
702 2172 915 2227 etiamsi
940 2172 1261 2239 judicautis,
1290 2169 1372 2224 vel
1402 2168 1728 2222 sententiam
1749 2168 2054 2237 promentis

472 2265 667 2319 intuitu
706 2262 947 2333 proferat
991 2262 1374 2326 maledictum,
1411 2275 1516 2314 non
1554 2268 1733 2327 potest
1761 2258 2051 2327 essejusta

471 2356 824 2413 maledicendi
852 2368 1041 2419 causa,
1067 2353 1153 2408 ubi
1182 2355 1464 2424 ignoratur
1483 2352 1761 2422 peccantis
1787 2350 2047 2416 affectus;

471 2450 706 2506 maxime
727 2464 849 2503 cum
885 2448 1179 2502 lmmanum
1214 2444 1403 2499 vitium
1440 2452 1569 2497 tunc
1600 2442 1737 2496 sciat
1764 2441 2049 2496 maledicta

468 2540 735 2613 proferre,
761 2554 887 2595 cum
912 2537 1050 2594 forte
1067 2537 1331 2593 conviciis
1349 2545 1442 2590 aut
1466 2534 1685 2606 injuriis
1700 2524 2046 2605 provocatur.

468 2634 625 2704 Quod
657 2634 843 2688 vitiutn
872 2646 1122 2687 resecare
1151 2628 1447 2699 Apostolus
1483 2627 1690 2694 volens,
1724 2643 1793 2683 ne
1824 2626 2052 2684 maledi-

467 2728 572 2783 ctis
626 2725 916 2781 maledicta
963 2733 1019 2779 et
1062 2720 1329 2778 conviciis
1379 2718 1624 2775 convicia
1672 2732 2049 2788 provocemus,

469 2818 779 2874 mandatum
813 2814 1178 2871 necessarium
1212 2812 1399 2883 ponit,
1428 2820 1489 2865 ut
1519 2811 1906 2865 benedicamus
1934 2852 1948 2877 ,
1996 2818 2052 2865 et

468 2928 575 2967 non
623 2908 1008 2966 maledicamus
1058 2920 1216 2975 :quo
1258 2903 1601 2959 conviciandi
1656 2902 1850 2957 vitium
1910 2915 2052 2956 rese-

464 3012 644 3071 cetur,
694 3008 748 3058 et
793 3015 900 3057 non
951 3013 1061 3070 quo
1108 2995 1389 3067 judicandi
1422 2994 1626 3052 veritas
1653 3009 1774 3065 quae
1803 2994 2051 3050 homines

465 3097 678 3161 latet,et
710 3092 1100 3165 pronuntiandi
1147 3090 1444 3146 auctoritas
1486 3089 1812 3160 perimatur.
1864 3087 1931 3143 Et
1970 3096 2049 3141 ta-

465 3200 587 3239 nton
616 3183 745 3254 quid
773 3195 953 3237 causa:
979 3180 1049 3235 sit
1077 3219 1092 3244 ,
1121 3180 1265 3249 quod
1301 3192 1408 3234 non
1451 3177 1744 3234 maledicat
1784 3177 2046 3233 Dominus
2073 3210 2117 3270 ο

462 3274 652 3341 Jacob,
697 3288 876 3343 neque
924 3270 1123 3336 Israel,
1156 3272 1225 3326 ab
1271 3271 1388 3340 ipso
1414 3268 1765 3324 nihilominus
1798 3267 2045 3336 Balaam,

465 3369 573 3423 imo
599 3381 630 3421 a
664 3364 831 3422 verbo
858 3363 999 3434 quod
1027 3363 1205 3434 posuit
1236 3362 1377 3417 Deus
1424 3361 1476 3416 in
1509 3374 1605 3416 ore
1629 3360 1777 3431 ejus,
1813 3360 2048 3430 diligen-

466 3463 573 3515 tius
608 3458 936 3513 audiamus:
984 3474 1002 3508 ι
1037 3454 1303 3522 Quoniam
1353 3454 1419 3509 de
1443 3454 1768 3520 verticibus,
1800 3453 2043 3523 inquit“,

466 3550 730 3606 montium
778 3548 1027 3603 intuebor
1068 3560 1233 3612 eum,
1281 3553 1335 3600 et
1381 3559 1410 3599 a
1462 3544 1693 3601 collibus
1746 3544 2044 3615 intelligam

462 3657 608 3698 eum.
649 3660 667 3694 ι
714 3639 884 3707 Quia,
923 3639 1133 3708 inquit,
1164 3638 1217 3693 in
1249 3636 1480 3693 excelsis
1512 3637 1788 3692 montibus
1819 3644 1875 3690 et
1919 3634 2045 3689 altis

461 3733 691 3789 collibus
720 3731 933 3801 positus
963 3738 1045 3784 est
1071 3727 1267 3795 Israel,
1301 3727 1404 3784 hoc
1439 3737 1555 3793 est,
1586 3729 1641 3782 in
1675 3727 1821 3782 edita
1854 3726 1964 3781 vita
1988 3732 2045 3780 et

462 3826 634 3881 ardua
656 3866 670 3891 ,
707 3825 774 3879 ad
814 3836 976 3892 quam
1011 3820 1374 3876 contuendam
1404 3826 1457 3874 et
1492 3818 1903 3889 intelligendam
1934 3830 2042 3871 non

463 3918 623 3975 facile
645 3917 766 3988 quis
794 3915 1019 3970 idoneus
1038 3913 1150 3977 fiat,
1184 3912 1287 3968 nisi
1321 3910 1584 3968 ascendat
1611 3911 1678 3965 ad
1707 3911 2042 3966 eminentem

462 4022 517 4070 et
541 4011 811 4068 excelsam
847 4007 1175 4073 scientiam;
1212 4005 1442 4071 ideirco,
1478 4005 1673 4076 inquit,
1712 4019 1818 4060 non
1849 4003 1901 4058 ei
1929 4018 2043 4057 ma-

462 4105 644 4162 ledicit
682 4103 847 4158 Deus.
897 4099 994 4155 Est
1025 4099 1170 4154 enim
1206 4098 1318 4153 vita
1347 4096 1468 4167 ejus
1506 4097 1615 4151 alta
1659 4105 1714 4152 et
1756 4096 2039 4166 praecelsa,

461 4215 567 4256 non
596 4195 819 4254 humilis
845 4202 901 4250 et
928 4192 1161 4265 dejecta.
1195 4190 1353 4258 Quod
1385 4201 1566 4246 tamen
1593 4205 1701 4245 non
1733 4189 1865 4244 mihi
1894 4189 2045 4244 vide-

462 4302 549 4348 tur
582 4292 708 4360 quia
745 4289 814 4345 de
840 4288 934 4344 illo
963 4286 1152 4349 Israel,
1176 4285 1268 4356 qui
1299 4284 1603 4340 secundum
1631 4296 1852 4339 carnem
1875 4279 2042 4337 Israel

460 4397 566 4452 est,
595 4384 795 4440 dixerit
828 4401 842 4437 :
875 4382 969 4438 sed
998 4382 1067 4437 de
1098 4382 1212 4445 illo,
1238 4382 1395 4452 cujus
1426 4393 1591 4447 super
1616 4389 1819 4434 terram
1851 4379 2045 4433 ambu-

460 4478 620 4533 lantis
651 4474 1000 4532 conversatio
1029 4475 1084 4529 in
1107 4475 1247 4530 ccelo
1271 4482 1376 4529 est.
1411 4473 1516 4527 Aut
1542 4471 1587 4528 si
1607 4471 1771 4527 etiam
1800 4471 1868 4529 ad
1891 4470 2041 4525 illum

2167 606 2331 661 timus
2354 648 2367 672 ,
2406 609 2456 662 id
2486 618 2571 664 est
2591 651 2606 677 ,
2643 610 2708 664 ad
2740 612 3159 666 resurrectionis
3191 622 3399 682 tempus
3427 633 3442 668 :
3466 612 3633 669 Iacob
3660 617 3745 669 vi-

2165 702 2334 765 debo,
2368 714 2546 771 potest
2575 704 2643 760 de
2671 708 2991 775 corporibus
3019 709 3222 763 dictum
3270 708 3499 778 intelligi
3529 728 3541 762 :
3576 710 3745 765 Israel

2165 805 2345 847 autem
2376 794 2693 865 intelligam,
2729 799 2979 868 spiritum
3024 808 3079 853 et
3114 800 3353 852 animam
3388 800 3500 870 (6f)
3530 802 3744 871 signifi-

2162 901 2287 940 care
2314 888 2734 955 resurgentium.
2782 907 2802 940 ‹
2830 890 2987 957 Ecce,
3027 890 3201 960 inquit
3235 890 3276 955 ⁸,
3322 892 3553 960 popqus
3597 892 3747 947 solus

2164 976 2465 1041 habitabit,
2498 987 2552 1030 et
2603 979 2652 1032 in
2702 981 3013 1034 nationibus
3045 998 3149 1034 non
3183 984 3541 1050 reputabitur.
3581 1001 3600 1035 ι
3644 983 3748 1039 Po-

2165 1078 2269 1121 test
2297 1069 2514 1136 qnidem
2541 1081 2591 1124 et
2621 1072 2916 1125 secundum
2950 1071 3185 1125 litteram
3216 1084 3381 1127 stare.
3415 1073 3575 1129 Solus
3598 1077 3743 1130 enim

2161 1160 2393 1231 populus
2412 1159 2584 1215 Jacob
2614 1177 2717 1216 non
2746 1172 2827 1216 est
2851 1164 3141 1232 permistus
3165 1166 3378 1219 caeteris
3406 1166 3742 1234 hominibus,

2161 1266 2262 1307 nec
2288 1252 2429 1305 inter
2451 1261 2677 1307 caeteras
2695 1263 2887 1323 gentes
2921 1264 3200 1323 reputatus
3231 1267 3335 1310 est,
3365 1254 3565 1311 llabuit
3596 1260 3741 1314 enim

2160 1354 2308 1401 certa
2352 1360 2580 1416 quasque
2625 1347 2903 1417 privilegia
2938 1349 2988 1401 in
3037 1349 3545 1419 observationibus,
3579 1362 3634 1406 et
3687 1354 3739 1407 iu

2161 1436 2414 1508 legitimis
2462 1441 2618 1503 suis,
2676 1455 2744 1494 ex
2788 1441 2987 1510 quibus
3029 1451 3407 1511 sequestratus
3450 1460 3478 1498 a
3528 1447 3744 1500 czeteris

2158 1531 2409 1598 gentibus
2436 1529 2752 1585 haberetur.
2789 1532 2941 1587 Sicut
2970 1533 3116 1588 enim
3155 1535 3329 1592 tribus
3356 1535 3482 1590 Levi
3520 1553 3627 1592 non
3656 1549 3745 1593 est

2160 1622 2417 1691 permista
2471 1623 2618 1678 inter
2668 1634 2895 1681 cteteras
2927 1626 3144 1691 tribus,
3199 1643 3301 1684 nec
3351 1629 3741 1685 adnumeratur

2159 1712 2301 1766 inter
2325 1728 2418 1769 eas
2448 1730 2461 1766 :
2495 1714 2596 1770 hoc
2628 1724 2787 1786 pacto
2821 1726 2877 1771 et
2907 1718 3084 1772 omnis
3116 1716 3322 1787 Israel,
3350 1734 3449 1775 nec
3481 1720 3744 1776 miscetur

2157 1808 2368 1863 cmteris
2396 1809 2668 1879 gentibus,
2704 1825 2803 1864 nec
2837 1819 3121 1879 reputatur
3154 1812 3294 1867 inter
3326 1828 3440 1868 cas.
3474 1811 3597 1869 Ilaec
3622 1815 3743 1883 qui-

2156 1900 2278 1955 dem
2311 1901 2362 1953 in
2403 1900 2494 1955 illo
2519 1902 2716 1972 popqu
2756 1902 2961 1957 fuerint
2991 1906 3289 1958 secundum
3329 1905 3558 1959 formam
3592 1906 3739 1960 futu-

2155 2001 2339 2039 rorum
2368 1986 2672 2051 bonorum,
2717 2003 2876 2042 verus
2932 1998 3112 2044 autent
3163 1990 3332 2045 Jacob
3381 2001 3435 2046 et
3480 1994 3739 2062 spiritalis

2154 2076 2318 2131 Israel
2364 2091 2491 2132 vere
2543 2078 2689 2133 solus
2739 2079 3006 2135 habitabit
3056 2081 3111 2135 in
3164 2082 3435 2152 gentibus.
3501 2082 3555 2139 Si
3592 2088 3736 2140 enim

2156 2170 2486 2225 accessimus
2529 2171 2594 2224 ad
2637 2171 2767 2226 Sion
2802 2184 3040 2228 montem
3066 2214 3079 2237 ,
3110 2183 3164 2229 et
3223 2175 3496 2230 civitatem
3532 2178 3623 2232 Dei
3661 2179 3739 2231 vi-

2156 2262 2331 2316 ventis
2359 2261 2659 2317 Jerusalem
2695 2262 3043 2328 caelestem",
3077 2273 3130 2318 et
3170 2266 3420 2321 venimus
3468 2267 3534 2319 ad
3574 2268 3736 2336 spiri-

2156 2352 2317 2407 talem
2347 2353 2614 2420 Judream,
2652 2371 2773 2425 qua:
2804 2364 2885 2411 est
2920 2357 3096 2426 portio
3126 2357 3257 2421 Dei,
3293 2366 3347 2411 et
3378 2358 3429 2412 in
3460 2360 3618 2413 terris
3646 2375 3738 2428 po-

2154 2445 2243 2499 siti
2289 2445 2363 2499 ibi
2398 2446 2666 2502 habemus
2698 2448 3190 2515 conversationem,
3221 2465 3351 2505 vere
3380 2466 3487 2505 non
3520 2462 3739 2521 reputa-

2155 2551 2277 2590 mur
2301 2536 2442 2591 inter
2467 2546 2693 2593 carteras
2721 2547 2932 2609 gentes,
2958 2554 3059 2595 nec
3089 2540 3425 2610 reliquarum
3455 2545 3735 2597 nationum

2155 2626 2290 2681 fines
2324 2642 2445 2681 cum
2478 2629 2679 2683 nostris
2716 2628 2910 2684 finibus
2942 2631 3349 2697 admiscentur,
3395 2633 3609 2688 etiamsi
3646 2649 3733 2688 re-

2154 2719 2410 2773 stituatur
2436 2719 2673 2775 Sodoma
2706 2721 2759 2775 in
2790 2722 3071 2791 antiquum
3092 2763 3106 2788 ,
3140 2733 3194 2777 et
3219 2722 3485 2794 Egyptus
3518 2726 3573 2780 in
3619 2737 3733 2780 sta-

2154 2818 2268 2865 tum
2303 2827 2460 2866 suum
2497 2813 2704 2880 redeat,
2735 2823 2789 2869 et
2819 2815 2862 2869 si
2892 2815 3020 2884 quid
3065 2815 3209 2870 aliud
3244 2817 3348 2871 tale
3378 2820 3430 2871 in
3456 2817 3737 2888 prophetis

2152 2903 2415 2971 scriptum
2468 2916 2571 2960 est.
2619 2905 3003 2962 Verumtamen
3062 2908 3138 2962 illi
3184 2906 3351 2964 Jacob
3397 2918 3453 2965 et
3503 2910 3733 2978 spiritali

2151 2993 2339 3062 Israel,
2363 3012 2487 3052 cum
2516 2998 2582 3053 ad
2609 2998 2907 3056 Eeclesiam
2936 3001 3336 3072 primitivorum
3361 3004 3733 3066 ascenderint,

2151 3088 2330 3145 nullus
2382 3093 2786 3163 exaequabitur,
2834 3093 3017 3151 nullus
3049 3095 3444 3152 admiscebitur
3468 3137 3482 3162 ,
3518 3096 3733 3152 etiamsi

2153 3182 2269 3240 istae
2309 3194 2499 3255 gentes
2529 3187 2827 3242 secundum
2870 3188 3010 3244 dicta
3046 3191 3367 3261 prophetica
3406 3192 3607 3247 fuerint
3652 3206 3735 3247 re-

2154 3277 2381 3334 stitutae.
2417 3277 2533 3334 Nisi
2563 3280 2706 3335 enim
2742 3279 2979 3336 insertus
3006 3282 3175 3338 fuerit
3204 3300 3388 3340 ramus
3410 3285 3657 3349 oleasui,
3680 3294 3735 3339 et

2153 3370 2335 3427 socius
2372 3369 2546 3426 factus
2577 3370 2740 3427 fuerit
2770 3373 2941 3429 radici
2973 3374 3320 3445 pinguedinis
3345 3376 3504 3430 olivae
3526 3377 3569 3439 ⁸,
3600 3393 3737 3446 quo-

2153 3464 2313 3521 modo
2338 3473 2516 3535 potest
2545 3464 2744 3520 sociari
2770 3475 2825 3520 et
2849 3466 3102 3536 conjungi
3133 3473 3201 3521 ad
3219 3467 3410 3533 Jacob,
3436 3468 3522 3523 vel
3543 3467 3731 3531 Israel,

2152 3570 2277 3611 cum
2313 3558 2431 3611 sine
2478 3556 2578 3611 ista
2626 3556 2810 3610 radice
2860 3571 2961 3612 nec
3010 3555 3178 3613 Jacob
3223 3559 3507 3629 quisquam
3563 3562 3737 3629 possit

2114 3708 2117 3713 ν
2152 3647 2431 3717 appellari,
2458 3661 2555 3701 nec
2582 3646 2749 3702 Israel
2774 3647 2796 3701 ?
2821 3645 3007 3717 Neque
3032 3663 3162 3719 ergo
3184 3663 3250 3703 ex
3271 3649 3438 3705 Jacob
3456 3651 3539 3704 vel
3568 3651 3730 3704 Israel

2151 3739 2198 3794 si
2223 3740 2347 3809 quis
2373 3750 2601 3806 peccat,
2631 3736 2797 3795 .Iacob
2825 3739 2932 3795 dici
2967 3741 3052 3795 vel
3086 3740 3251 3796 Israel
3296 3750 3473 3813 potest
3501 3784 3515 3808 ,
3558 3758 3733 3812 neque

2150 3845 2218 3886 ex
2245 3830 2497 3901 gentibus
2521 3829 2566 3886 si
2599 3831 2722 3900 quis
2759 3832 3037 3901 ingressus
3077 3832 3245 3888 fuerit
3286 3835 3583 3890 Ecclesiam
3628 3836 3735 3890 Do-

2151 3923 2327 3987 mini,
2357 3923 2500 3979 inter
2549 3934 2737 3994 gentes
2768 3925 2906 3979 ultra
2940 3926 3280 3996 reputabitur
3303 3929 3324 3961 ⁰
3354 3944 3368 3981 :
3406 3945 3427 3979 ε
3468 3928 3599 3996 Quis
3651 3930 3733 3984 in-

2150 4016 2441 4087 vestigabit
2467 4031 2651 4071 semen
2668 4016 2882 4073 Jacobi
2911 4028 2963 4074 et
2983 4020 3104 4089 quis
3131 4019 3497 4077 dinumerabit
3520 4024 3728 4093 plebem

2150 4105 2315 4163 Israel
2356 4107 2378 4161 ἲ
2420 4124 2440 4159 ι
2478 4106 2667 4163 Simile
2697 4119 2780 4163 est
2812 4109 2915 4165 hoc
2944 4109 3016 4164 illi
3062 4113 3205 4181 quod
3252 4114 3513 4183 scriptum
3547 4128 3632 4170 est
3664 4118 3727 4183 η,

2150 4200 2280 4271 quia
2310 4216 2330 4251 ι
2366 4199 2556 4255 eduxit
2602 4199 2745 4256 Deus
2773 4200 3049 4257 Abraham
3090 4201 3259 4269 foras,
3291 4213 3346 4259 et
3391 4204 3539 4259 aitei
3571 4222 3585 4259 :
3620 4205 3729 4260 Re-

2150 4289 2301 4360 spice
2327 4289 2393 4345 ad
2421 4289 2643 4357 cmlum,
2671 4299 2727 4346 et
2756 4291 3039 4347 dinumera
3067 4292 3278 4359 stellas,
3308 4294 3352 4350 si
3382 4305 3537 4364 potes
3573 4296 3731 4350 dinu-

2151 4397 2369 4440 merare
2390 4398 2505 4451 eas,
2541 4393 2597 4439 et
2629 4383 2744 4437 ait:
2775 4384 2850 4437 Ita
2879 4386 2982 4439 erit
3022 4399 3208 4441 semen
3253 4395 3426 4441 tuum.
3458 4387 3526 4443 Et
3555 4391 3731 4444 credi-

2151 4476 2230 4530 dit
2257 4476 2532 4530 Abraham
2560 4475 2728 4546 328
2762 4476 2911 4543 Deo,
2945 4486 2999 4529 et
3048 4487 3356 4547 reputatum
3406 4491 3490 4537 est
3538 4482 3611 4537 illi
3660 4484 3728 4538 ad

462 4568 714 4641 populum
744 4567 889 4623 dicta
924 4568 1037 4622 htec
1067 4566 1355 4622 referenda
1393 4572 1540 4630 sunt,
1586 4572 1737 4620 recte
1774 4577 1897 4618 cum
1928 4562 2042 4618 dis-
2070 4566 2426 4636 Djustitiam.
2471 4586 2490 4619 ›
2524 4568 2593 4623 Ει
2624 4568 2899 4622 Abraham
2932 4566 3150 4636 quidem
3174 4608 3189 4633 ,
3222 4578 3277 4624 et
3326 4571 3466 4627 alius
3496 4573 3729 4641 quilibet

466 4662 722 4718 tinctione
766 4660 932 4725 dicit,
976 4676 995 4710 ι
1031 4659 1285 4714 intuebor
1308 4669 1363 4713 et
1394 4656 1730 4727 intelligam;
1767 4673 1785 4708 ›
1813 4664 1874 4711 ιιι
1899 4653 2047 4709 futu-

464 4765 585 4807 rum
608 4759 820 4822 tempus
844 4749 1135 4820 significet,
1170 4748 1301 4803 illud
1332 4748 1452 4803 sine
1477 4748 1642 4804 dubio
1672 4746 1891 4817 quando
1924 4762 2047 4802 om-

464 4846 549 4901 nis
580 4844 741 4900 Israel
776 4843 844 4898 ad
899 4842 1058 4897 fidem
1089 4840 1292 4897 Christi
1320 4840 1542 4895 veniens
1579 4838 1882 4895 salvabitur
1931 4847 1985 4893 et
2014 4853 2044 4893 a

463 4937 738 4995 montibus
768 4944 821 4992 et
845 4950 876 4990 a
899 4934 1127 4991 collibus
1157 4933 1493 4989 intuebitur:
1526 4931 1683 4987 abiis
1709 4932 1827 4987 sine
1850 4930 2043 4997 dubio,

462 5032 554 5102 qui
582 5032 851 5087 excelsam
879 5038 934 5084 et
967 5029 1245 5085 caelestem
1280 5030 1449 5082 vitam
1486 5034 1881 5096 consurgentes
1912 5040 2039 5079 cum

462 5124 681 5179 Christo
711 5121 1059 5178 exercuerim
1083 5135 1247 5191 super
1281 5128 1480 5174 terras.
1510 5116 1617 5173 Sed
1642 5126 1699 5171 ει
1731 5115 1878 5187 quod
1907 5116 2044 5172 dixit

463 5216 528 5270 de
573 5213 744 5271 Jacob
789 5213 1010 5283 quidem
1037 5252 1052 5278 ,
1094 5230 1114 5265 ι
1154 5211 1347 5266 videbo
1385 5227 1401 5277 ;
1450 5229 1469 5263 ι
1522 5209 1588 5265 de
1627 5208 1795 5263 Israel
1837 5215 2041 5275 autem,

468 5326 484 5360 ι
523 5305 865 5376 intelligam,
916 5322 935 5356 ι
984 5302 1148 5357 etiam
1206 5302 1309 5356 hoc
1363 5299 1643 5369 aptissima
1692 5297 2043 5352 distinctione

462 5398 861 5471 suscipiendum
889 5405 1013 5451 est:
1046 5402 1105 5448 ut
1135 5392 1280 5448 aliud
1316 5394 1383 5447 ad
1420 5401 1575 5446 actus
1602 5389 1862 5458 visibiles,
1896 5391 2040 5446 aliud

463 5492 527 5546 ad
556 5490 882 5546 iIIvisibi'Iem
914 5487 1072 5542 fidem
1105 5495 1268 5553 atque
1316 5480 1708 5550 iutelligibilem
1754 5481 2038 5536 scientiam

523 5586 539 5615 ¹
572 5584 763 5639 Matth.
795 5599 901 5639 xxv
923 5623 939 5649 ,
972 5581 1062 5636 41.

468 5655 482 5684 ⁷
508 5652 667 5709 Hebr.
700 5669 799 5719 xIt,
832 5653 923 5707 22.
1024 5652 1046 5683 ⁸
1084 5651 1239 5705 Rom.
1276 5663 1364 5715 XI,
1398 5649 1486 5701 17.

467 5738 585 5788 xnv,
615 5726 703 5778 12.

536 5842 644 5914 (fil)
676 5842 840 5907 Idem,
875 5860 892 5893 ι
929 5842 1148 5911 spiritus
1176 5852 1227 5898 et
1257 5846 1483 5899 animas.
1522 5863 1541 5897 ι

1138 5581 1158 5611 ⁸
1191 5577 1381 5633 Matth.
1410 5592 1575 5644 χχιιι,
1609 5576 1702 5635 29.
1773 5576 1792 5607 ³
1825 5576 1952 5630 Luc.
1986 5594 2038 5633 vI
2064 5619 2079 5645 ,
2127 5579 2216 5634 Ἦ.
2293 5581 2313 5612 ⁸
2348 5581 2505 5636 Rom.
2567 5599 2687 5648 XII,
2737 5585 2825 5639 M.

1138 5666 1239 5704 om.
1276 5663 1364 5715 XI,
1398 5649 1486 5701 I7.
1581 5649 1601 5679 ο
1629 5646 1785 5703 Num.
1818 5662 1982 5715 XXIII,
2028 5652 2109 5705 ιυ.
2229 5651 2271 5683 ¹⁰
2299 5650 2437 5708 Gen.
2478 5668 2579 5715 xv,
2610 5654 2665 5715 5,
2696 5653 2749 5709 6.

2148 4658 2450 4724 hominum,
2478 4666 2570 4712 aut
2594 4658 2759 4713 etiam
2786 4658 3099 4728 angelorum
3126 4679 3141 4716 :
3173 4672 3229 4718 et
3260 4661 3511 4719 fortassis
3545 4678 3724 4721 autem

2147 4759 2204 4805 et
2252 4750 2592 4821 superiorum
2646 4750 2910 4805 virtutum
2961 4767 3065 4807 non
3128 4763 3381 4823 poterant
3439 4770 3728 4811 numerare

2147 4842 2361 4910 stellas,
2391 4858 2494 4900 nec
2522 4858 2709 4900 semen
2740 4844 3036 4911 Abraham,
3075 4848 3140 4902 de
3169 4862 3277 4917 quo
3308 4850 3573 4919 scriptum
3604 4860 3724 4905 est:

2152 4954 2171 4989 ι
2219 4935 2309 4992 Sic
2339 4937 2444 4992 erit
2475 4952 2659 4993 semen
2693 4947 2864 4994 tuum.
2897 4958 2916 4991 ι
2954 4940 3096 4995 Deus
3129 4949 3330 5007 autem,
3366 4944 3430 4998 de
3457 4957 3563 5012 quo
3594 4944 3729 4999 scri-

2103 5062 2107 5067 -
2149 5036 2299 5096 ptum
2322 5035 2405 5080 est
2427 5026 2469 5058 “
2498 5043 2512 5080 :
2550 5046 2568 5078 ι
2599 5028 2699 5093 Qui
2719 5038 2969 5084 numerat
2996 5029 3393 5087 multitudinem
3418 5033 3723 5100 stellarum,

2146 5127 2202 5172 et
2243 5118 2495 5173 omnibus
2544 5119 2624 5175 eis
2673 5122 2893 5176 nomina
2938 5131 3135 5187 vocat,
3176 5142 3197 5175 ι
3245 5134 3299 5178 ει
3350 5126 3440 5194 qui
3479 5128 3612 5181 dixit
3638 5128 3726 5182 ηε

2152 5227 2173 5260 ι
2205 5209 2316 5278 Ego
2344 5210 2516 5265 stellis
2542 5212 2799 5267 omnibus
2822 5214 3095 5281 mandavi,
3129 5233 3149 5267 ι
3182 5225 3359 5285 potest
3390 5219 3727 5290 investigare

2147 5316 2328 5357 semen
2374 5299 2582 5367 Jacob,
2631 5312 2686 5359 et
2731 5304 3077 5360 dinumerare
3126 5306 3339 5377 plebem
3389 5310 3574 5365 Israel.
3606 5312 3725 5381 Ipse

2143 5393 2288 5448 enim
2322 5393 2424 5448 scit
2451 5394 2600 5449 solus
2626 5396 2745 5464 quis
2774 5412 2901 5452 vere
2928 5400 2999 5454 sit
3026 5398 3214 5466 Jacob,
3247 5412 3302 5456 ει
3336 5406 3460 5474 quis
3499 5419 3625 5459 vere
3654 5407 3728 5460 sit

2146 5484 2325 5539 Israel.
2359 5484 2475 5541 Non
2527 5488 2670 5542 enim
2708 5491 2774 5544 ad
2818 5505 2941 5544 eum
2984 5493 3074 5562 qui
3103 5493 3156 5547 in
3191 5495 3478 5550 manifesto
3503 5495 3726 5552 Judaeus

2906 5586 2924 5617 ⁸
2958 5585 3113 5640 Num.
3182 5603 3352 5651 XXIII,
3404 5588 3456 5643 9.
3536 5590 3721 5645 ‘ibid.

2229 5651 2271 5683 ⁸ο
2299 5650 2447 5724 Gen.~
2478 5668 2579 5722 xv,
2610 5654 2665 5721 5,
2696 5653 2749 5709 6.
2846 5657 2884 5686 ¹¹
2921 5656 3062 5711 Psal.
3117 5672 3291 5711 chvn
3318 5650 3347 5724 ,⁷
3383 5660 3433 5711 II.
3545 5660 3588 5690 ¹²
3622 5662 3720 5719 lsa.
