4134 6412
489 366 589 422 689

1648 360 1714 415 IN
1753 356 2086 413 ΝωιΕιιΟδ
2128 349 2409 407 IIOMILIA
2451 347 2586 403 XVI.

3641 347 3744 401 690

486 495 590 547 est,
626 485 1080 555 respicit;ueque
1104 484 1169 538 ad
1193 499 1336 550 eain,
1365 498 1483 553 qua:
1508 481 1796 537 manifeste
1821 480 1872 534 in
1897 491 2063 534 carne
2095 480 2137 534 Λ
2169 482 2346 526 tamen
2416 480 2471 526 et
2528 469 2725 540 populo
2785 468 2860 524 illi
2920 466 3218 522 secundum
3279 480 3341 520 ca
3398 480 3520 535 quae
3583 479 3745 534 supra

486 590 571 634 est
600 579 975 644 circumcisio;
1014 578 1106 632 sed
1136 578 1283 632 videt
1309 578 1480 641 illum,
1506 573 1600 645 qui
1638 575 1687 628 in
1719 573 1937 630 occulto
1966 571 2058 627 Ju-

488 671 636 723 daeus
669 678 755 722 est
785 676 839 722 et
867 667 958 737 qui
991 668 1346 723 circumcisus
1379 678 1464 721 est
1500 666 1659 719 corde
1680 705 1694 729 ,
1731 679 1835 718 non
1872 679 2057 718 carne.

487 759 604 829 Ipse
634 775 762 829 ergo
796 769 878 814 est
903 760 1073 823 solus,
1106 759 1198 828 qui
1229 759 1573 813 dinumerare
1611 763 1787 824 potest
1822 762 1878 811 et
1909 755 2061 809 inve~

489 852 709 917 stigare,
752 860 807 905 et
832 851 948 920 ipse
994 849 1292 904 secundum
1323 846 1646 902 ineffabilem
1673 854 1728 901 et
1757 846 2061 914 incompre-

490 940 812 997 hensibilem
838 941 1157 1010 sapientiam
1186 953 1340 995 suam
1369 938 1435 993 ad
1467 937 1611 994 illam
1641 936 1918 993 caelestem
1951 935 2063 989 for-

489 1046 629 1085 mam
655 1070 671 1096 ,
707 1047 868 1102 quam
904 1032 1017 1101 ipse
1065 1030 1214 1086 solus
1255 1030 1398 1086 seire
1446 1036 1662 1098 potest,
1692 1028 1871 1098 posuit
1898 1027 2060 1081 etiam

488 1123 621 1177 istos
648 1137 932 1187 numeros,
972 1137 1106 1191 quos
1151 1110 1413 1176 habemus
1445 1121 1498 1176 in
1534 1119 1824 1174 manibus:
1855 1119 1909 1172 in
1936 1118 2060 1187 qui-

487 1214 586 1268 bus
615 1212 881 1283 praecipit,
910 1221 970 1265 ut
998 1211 1292 1266 secundum
1320 1210 1677 1279 cognationes
1707 1224 1857 1273 suas,
1903 1217 1957 1263 et
1981 1223 2064 1262 sc-

486 1305 723 1360 cundum
757 1304 946 1358 domos
974 1302 1302 1357 familiarum
1326 1317 1572 1368 suarum,
1596 1317 1663 1357 ex
1698 1301 1923 1356 nomine
1953 1316 2063 1355 om-

490 1413 587 1452 nes
618 1396 839 1451 masculi
874 1412 970 1464 per
1000 1395 1175 1465 capita
1216 1402 1573 1450 numerentur
1602 1408 1631 1449 a
1673 1394 1863 1465 viginti
1903 1392 2063 1449 annis

488 1493 545 1542 ct
573 1501 759 1555 supra,
790 1486 967 1540 omnis
1011 1486 1099 1554 qui
1136 1485 1433 1555 ingreditur
1464 1485 1517 1538 in
1545 1484 1745 1538 virtute
1771 1482 1933 1539 Israel
1962 1502 1975 1551 ;
2008 1491 2066 1539 et

485 1580 756 1650 colligitur
779 1591 965 1632 eorum
1001 1577 1223 1647 quidam
1254 1587 1499 1633 sacratus
1531 1591 1790 1633 numerus
1837 1578 1903 1632 de
1955 1590 2064 1645 quo

477 1672 592 1739 jam
623 1670 892 1737 superius,
925 1676 1085 1739 prout
1115 1666 1338 1723 donavit
1368 1668 1645 1733 Dominus,
1670 1668 1926 1724 diximus.
1958 1667 2065 1723 Sed

484 1762 585 1815 iste
614 1775 872 1816 numerus
904 1772 1028 1816 tunc
1056 1761 1272 1816 demum
1309 1770 1559 1817 sacratus
1588 1769 1672 1815 est
1725 1769 1782 1816 et
1828 1761 2062 1831 placitus

2162 563 2415 617 diximus.
2472 559 2586 614 Non
2634 559 2779 613 enim
2832 567 2938 613 tam
2985 557 3126 624 ipsi,
3183 573 3345 626 quam
3406 572 3597 614 semen
3632 572 3744 613 eo-

2163 670 2281 708 rum
2323 652 2586 708 cllicietur
2638 650 2779 705 sicut
2818 662 3001 704 semen
3050 648 3349 714 justorum.
3402 664 3590 705 eorum
3640 649 3745 704 sci-

2162 745 2323 811 licet,
2380 744 2471 813 qui
2517 742 2801 797 credentes
2853 756 2918 796 ex
2969 742 3216 811 gentibus
3261 743 3373 812 (62)
3424 743 3478 797 in
3520 741 3743 797 Christo

2158 833 2444 903 justilicati
2490 841 2639 888 sunt.
2676 831 2829 888 Unde
2878 830 3227 887 manifestum
3279 842 3401 899 est,
3431 833 3557 902 quia
3605 834 3743 889 sicut

2162 925 2453 997 Apostolus
2484 924 2613 979 dicit
2640 923 2715 990 ιδ,
2755 941 2775 974 ι
2816 937 2991 992 neque
3015 923 3361 978 circumcisio
3393 924 3598 995 aliquid
3635 934 3742 988 est,

2164 1032 2341 1087 neque
2366 1015 2693 1087 praeputium
2721 1054 2737 1081 ,
2767 1016 2861 1072 sed
2910 1014 3043 1070 fides
3068 1054 3084 1080 ,
3127 1031 3247 1086 quae
3296 1031 3391 1086 per
3421 1017 3742 1072 cbaritatem

2163 1118 2441 1180 operatur.
2483 1126 2502 1161 ι
2536 1108 2605 1162 Ει
2635 1107 2754 1163 ideo
2794 1121 2955 1163 nemo
2989 1116 3085 1162 aut
3117 1108 3554 1163 circumcisionis
3599 1110 3743 1164 auti-

2164 1203 2373 1274 quitate
2408 1217 2470 1258 se
2496 1200 2687 1270 jactet,
2718 1210 2811 1255 aut
2838 1201 2890 1257 in
2920 1201 3168 1273 prmputii
3190 1202 3432 1259 novitate
3459 1200 3741 1273 glorietur.

2165 1291 2272 1349 Sed
2303 1301 2363 1349 ut
2381 1292 2677 1363 Apostolus
2700 1292 2832 1348 dicit
2859 1293 2922 1361 ι’,
2957 1312 2975 1346 ι
3008 1295 3202 1364 probet
3221 1295 3591 1365 unusquisque
3610 1310 3745 1363 opus

2166 1400 2324 1440 suum
2350 1424 2367 1450 ,
2398 1393 2454 1439 et
2486 1392 2615 1440 tunc
2648 1383 2703 1438 in
2749 1385 3040 1455 semetipso
3079 1392 3290 1437 tantum
3317 1383 3543 1453 gloriam
3578 1384 3743 1439 habe-

2163 1475 2263 1531 bit.
2305 1495 2325 1528 ι
2358 1474 2450 1530 Sic
2476 1477 2709 1547 denique
2742 1476 3006 1547 propheta
3032 1475 3165 1529 dicit
3187 1475 3233 1507 ²⁰
3262 1494 3276 1530 :
3308 1474 3449 1531 Ecce
3479 1477 3660 1543 homo,
3690 1487 3744 1530 et

2166 1583 2299 1637 opus
2336 1566 2487 1637 ejus,
2522 1579 2577 1621 et
2614 1583 2824 1624 merces
2856 1569 2907 1622 in
2938 1576 3229 1639 conspectu
3261 1567 3473 1624 Domini
3505 1584 3625 1625 esse
3663 1569 3745 1624 di-

2166 1658 2327 1725 citur,
2360 1668 2418 1715 ut
2448 1660 2639 1716 reddat
2673 1662 2967 1732 unicuique
3003 1661 3300 1717 secundum
3332 1677 3495 1731 opera
3532 1678 3653 1728 sua,
3687 1663 3742 1717 in

2165 1748 2384 1806 Christo
2414 1750 2544 1807 Jesu
2578 1752 2805 1808 Domino
2837 1761 3023 1807 nostro
3049 1791 3065 1818 ,
3104 1753 3190 1808 cui
3223 1762 3309 1810 est
3339 1753 3510 1824 gloria
3539 1763 3593 1809 et
3636 1754 3741 1809 im-

484 1850 615 1915 Deo,
658 1867 778 1905 cum
823 1851 937 1921 ipso
985 1852 1337 1921 praecipiente
1383 1858 1722 1906 numeratur.
1773 1851 1830 1905 Si
1876 1861 2058 1905 autem
2093 1820 2135 1875 Β
2166 1844 2374 1914 perium
2404 1844 2458 1900 in
2483 1844 2681 1901 saecula
2707 1845 3055 1901 saeculorum.
3086 1846 3278 1899 Amen.

481 1953 670 1996 contra
695 1952 1021 2011 praeceptum
1043 1942 1256 1996 Domini
1273 1942 1499 1997 voluerit
1523 1942 1720 2011 aliquis
1744 1956 2058 2006 numerare,

483 2035 609 2090 licet
642 2034 730 2089 ille
766 2035 929 2089 David
977 2036 1091 2100 sit,
1130 2033 1256 2088 licet
1286 2049 1513 2104 magnus
1546 2033 1830 2104 propheta,
1865 2041 2057 2087 contra

480 2128 652 2197 legem
679 2128 790 2198 agit
816 2168 832 2196 ,
862 2136 916 2182 et
958 2129 1207 2198 arguitur
1249 2144 1344 2197 per
1386 2128 1701 2197 prophetam
1728 2171 1741 2195 ,
1768 2136 1822 2182 et
1853 2128 2060 2197 patitur

484 2222 571 2275 illa
604 2239 722 2291 qua:
769 2223 823 2276 in
870 2223 1111 2277 secundo
1159 2221 1299 2276 libro
1330 2220 1635 2290 Regnorum
1668 2220 1898 2287 legimus
1924 2220 2059 2275 scri-

483 2325 571 2384 pta
601 2315 664 2368 ¹³.
696 2314 855 2371 Solus
899 2330 1030 2385 ergo
1059 2316 1173 2384 ipse
1215 2313 1308 2383 qui
1356 2321 1605 2367 numerat
1654 2311 2057 2366 multitudinem

483 2406 786 2470 stellarum,
815 2416 868 2460 et
893 2407 984 2475 qui
1015 2408 1197 2462 omnia
1226 2422 1475 2464 mensura
1503 2415 1559 2461 et
1589 2420 1815 2460 numero
1842 2412 1895 2460 et
1925 2419 2059 2474 pon-

481 2501 611 2556 dere
649 2501 924 2569 proJuxit,
969 2501 1257 2572 investigat
1310 2516 1495 2557 semen
1524 2499 1692 2557 Iacob
1720 2510 1775 2556 et
1811 2500 2061 2557 dinume-

483 2601 567 2645 rat
596 2590 805 2660 plebem
839 2590 1026 2647 Israel.

549 2684 602 2737 4.
643 2682 772 2738 Post
829 2684 943 2739 haec
988 2685 1145 2755 quasi
1191 2686 1258 2742 de
1297 2686 1595 2756 semetipso
1642 2686 1889 2755 quaedam
1926 2702 2056 2757 pro-

483 2772 704 2841 phetare
767 2773 996 2837 videtur,
1064 2790 1190 2830 cum
1232 2775 1364 2830 dicit
1401 2776 1496 2830 1”:
1544 2795 1564 2829 ι
1630 2776 1893 2832 Moriatur
1942 2777 2059 2833 ani-

485 2880 567 2917 ma
596 2880 713 2920 mea
744 2867 887 2920 inter
912 2868 1122 2921 animas
1145 2867 1506 2935 justorum,et
1537 2869 1630 2924 fiat
1659 2883 1842 2925 semen
1875 2884 2057 2925 meum

480 2957 622 3011 sicut
684 2974 868 3013 semen
924 2960 1215 3028 justorum.
1263 2977 1282 3010 ι
1347 2957 1457 3013 Sed
1510 2960 1614 3016 hoc
1667 2970 1930 3030 quantum
1989 2960 2059 3017 ad

481 3066 765 3119 personam
802 3060 1014 3121 spectat
1071 3053 1220 3108 illius
1258 3053 1478 3109 Balaam
1508 3092 1523 3119 ,
1560 3062 1618 3109 et
1672 3054 1815 3110 illius
1864 3054 2054 3119 Israel,

2731 1956 3012 2015 IIOMILIA
3050 1957 3190 2013 XVI.

2555 2060 2632 2115 De
2657 2060 2931 2129 praphetia
2958 2059 3067 2113 alia
3096 2059 3344 2114 Balaam.

2233 2154 2287 2208 1.
2316 2152 2500 2207 Priore
2529 2160 2792 2218 tractatu,
2822 2152 3145 2222 inquantum
3179 2151 3443 2222 possibile
3478 2152 3598 2217 fuit,
3632 2154 3744 2222 pri-

2162 2260 2278 2300 mas
2308 2253 2492 2313 partes
2515 2244 2817 2315 prophetiae
2846 2244 3066 2299 Balaam
3094 2243 3366 2314 explicare
3387 2247 3742 2301 tentavimus.

2161 2334 2468 2391 Secundum
2498 2352 2648 2392 nunc
2676 2336 2978 2406 prophetiae
3010 2335 3225 2390 initium
3251 2335 3583 2405 sumpsimus
3605 2336 3740 2406 (65),

2161 2434 2219 2480 ιιι
2254 2426 2297 2481 si
2329 2426 2588 2481 Dominus
2616 2427 2867 2497 aspirare
2906 2425 3156 2498 dignetur
3178 2466 3193 2491 ,
3220 2425 3383 2480 etiam
3416 2426 3483 2481 de
3517 2426 3615 2481 hac
3646 2442 3745 2497 pro

2161 2517 2389 2583 viribus,
2425 2533 2545 2588 qua:
2573 2533 2869 2575 occurrere
2900 2519 3201 2589 potuerint,
3247 2518 3301 2573 in
3338 2518 3575 2574 medium
3612 2535 3743 2589 pro-

2161 2606 2417 2664 feramus.
2448 2608 2845 2667 Inconveniens
2872 2610 3017 2666 enim
3048 2609 3182 2664 mihi
3212 2610 3384 2665 visum
3411 2620 3515 2675 est,
3548 2626 3742 2678 quam-

2160 2699 2242 2756 vis
2274 2699 2389 2756 [nec
2420 2700 2656 2756 difﬁcilia
2676 2701 2988 2768 videantur,
3021 2700 3427 2769 interrumpere
3452 2709 3741 2756 tractatum

2160 2808 2366 2859 eorum,
2417 2795 2709 2864 quominus
2757 2794 2825 2849 de
2857 2792 3086 2864 singulis
3131 2808 3252 2863 quae
3280 2795 3745 2864 comprehendere

2160 2899 2468 2953 possumus,
2503 2885 2861 2955 explicemus.
2894 2884 3064 2957 Igitur
3094 2883 3291 2940 Balach
3323 2899 3439 2952 rex,
3466 2887 3631 2940 veluti
3660 2897 3736 2941 at-

2163 2974 2364 3028 tonitus
2389 3013 2405 3039 ,
2452 2983 2508 3029 et
2549 2988 2839 3043 percussus
2864 2988 2928 3029 ex
2962 2974 3029 3029 iis
3067 2989 3187 3043 quae
3218 2983 3407 3029 contra
3455 2989 3604 3045 spem
3635 2976 3743 3032 dici

2158 3062 2381 3117 videbat
2415 3079 2444 3117 a
2474 3062 2718 3127 Balaam,
2747 3062 3155 3119 benedictiones
3176 3064 3290 3138 (64)
3322 3065 3464 3119 enim
3496 3081 3598 3135 pro
3620 3081 3741 3121 ma-

482 3158 584 3197 nee
623 3142 823 3197 factum
862 3152 976 3207 est,
1018 3159 1121 3199 nee
1160 3145 1275 3199 ﬁeri
1315 3147 1536 3216 potuit:
1580 3161 1685 3201 non
1726 3148 1872 3203 enim
1912 3148 2056 3202 inter
2084 3170 2128 3229 ο
2162 3150 2537 3207 ledictionihus
2568 3151 2846 3218 audiebat,
2874 3152 3018 3206 ultra
3053 3168 3161 3207 non
3192 3152 3410 3216 ferens,
3449 3154 3743 3225 interrupit.

483 3232 668 3300 ipsos,
710 3233 801 3287 sed
834 3233 902 3288 ab
936 3234 1068 3303 ipsis
1107 3246 1352 3291 mortuus
1390 3244 1493 3291 est.
1544 3235 1712 3306 Magis
1768 3238 1912 3292 enim
1939 3277 1955 3303 ,
1997 3248 2056 3292 ut

484 3324 739 3388 diximus,
780 3325 1018 3393 ipsorum
1060 3341 1304 3396 persona:
1340 3326 1664 3383 conveniet:
1697 3331 1787 3399 qui
1831 3329 1959 3386 licet
2000 3330 2055 3386 in

483 3417 734 3484 praesenti
770 3416 965 3471 szcculo
994 3432 1167 3473 vanus
1205 3418 1433 3488 populus
1461 3419 1748 3483 habeatur,
1779 3421 1904 3489 quia
1939 3422 2057 3477 sine

482 3508 657 3573 gratia
717 3516 800 3562 est
840 3506 1077 3577 Spiritus
1137 3511 1347 3574 sancti,
1392 3510 1445 3565 in
1492 3511 1596 3565 fine
1648 3520 1825 3566 tamen
1873 3513 2061 3569 saeculi

480 3614 605 3652 cum
646 3599 922 3668 plenitudo
960 3602 1200 3671 gentium
1261 3602 1566 3669 introierit,
1606 3612 1664 3658 et
1724 3605 1902 3660 omnis
1954 3607 2059 3663 ista

483 3692 760 3761 prophetia
804 3708 924 3763 qum
977 3693 1044 3749 de
1092 3694 1260 3750 Israel
1313 3696 1547 3761 dicitur,
1590 3696 1644 3751 in
1698 3698 1930 3766 spiritali
1981 3700 2060 3757 Is-

484 3784 628 3840 raele
662 3784 825 3839 fuerit
854 3785 1097 3855 impleta,
1140 3795 1267 3841 tunc
1296 3790 1474 3842 anima
1501 3788 1620 3858 ejus
1646 3788 1909 3859 morietur
1933 3806 2056 3846 cum

485 3876 768 3931 animabus
805 3877 1102 3947 justorum.
1163 3878 1432 3949 Suscipiet
1477 3880 1622 3935 enim
1679 3881 1732 3935 in
1778 3897 1838 3937 se
1898 3882 2061 3941 fidem

480 3965 715 4030 Christi,
769 3967 840 4022 ita
872 3975 928 4021 ut
960 3975 1015 4022 et
1064 3968 1166 4037 ipsi
1196 3969 1490 4026 dicant“:
1541 3989 1560 4023 ι
1599 3970 1700 4037 Qui
1748 3971 1803 4026 in
1841 3971 2061 4029 Christo

482 4055 736 4126 baptizati
775 4071 963 4112 sumus
989 4096 1004 4123 ,
1059 4057 1114 4112 in
1144 4066 1319 4115 morte
1363 4058 1533 4130 ipsius
1566 4060 1826 4129 baptizati
1853 4076 2060 4118 sumus.

481 4148 787 4214 Censepulti
805 4148 948 4203 enim
971 4164 1162 4204 smnus
1186 4149 1258 4203 illi
1283 4166 1380 4219 per
1401 4151 1727 4220 baptismum
1752 4153 1805 4207 in
1831 4164 2057 4211 morte.»

483 4238 549 4293 Et
576 4240 771 4293 iterum
802 4240 844 4271 ¹⁶
870 4256 885 4293 :
920 4258 939 4291 ι
976 4238 1032 4293 Si
1063 4239 1208 4294 enim
1234 4243 1645 4310 commorimur,
1675 4253 1729 4299 et
1757 4259 2061 4315 conregna-

484 4330 681 4386 bimus.
714 4350 734 4383 ι
760 4330 825 4385 Ει
842 4331 924 4386 sic
950 4346 1078 4387 vere
1096 4332 1458 4402 complebitur
1475 4334 1798 4407 intelligibili
1819 4338 2061 4406 Balaam,

483 4432 542 4475 ut
587 4424 855 4477 moriatur
901 4425 1084 4477 anima
1144 4425 1259 4492 ejus
1308 4427 1456 4481 inter
1504 4428 1718 4485 animas
1762 4428 2058 4498 justorum.

2158 3244 2326 3296 verba
2356 3241 2492 3311 ejus,
2529 3251 2585 3298 et
2619 3243 2695 3297 ait
2723 3244 2766 3274 ἰ
2795 3261 2808 3298 :
2847 3261 2865 3295 ‹
2896 3243 3037 3310 Quid
3068 3244 3245 3300 fecisti
3282 3245 3415 3299 mihi
3452 3245 3476 3299 ἲ
3508 3247 3588 3301 Ad
3622 3262 3741 3302 ma-

2159 3333 2472 3390 ledicendos
2518 3335 2767 3391 inimicos
2799 3351 2948 3391 meos
2985 3336 3173 3391 vocavi
3207 3346 3293 3404 te,
3330 3344 3384 3391 et
3411 3351 3540 3392 ecce
3576 3337 3742 3393 bene-

2160 3421 2346 3476 dixisti
2376 3421 2776 3477 benedictione.
2816 3438 2835 3474 ι
2872 3419 2989 3476 Non
3024 3420 3147 3476 tulit
3188 3438 3283 3477 rex
3320 3437 3538 3477 amarus
3581 3424 3744 3480 bene-

2160 3514 2461 3569 dictionum
2534 3513 2911 3578 dulcedinem,
2976 3514 3069 3570 sed
3152 3514 3441 3570 maledicta
3512 3517 3741 3584 quaerit,

2161 3602 2447 3658 maledicta
2503 3601 2778 3671 deposcit.
2820 3602 2915 3657 Est
2976 3602 3123 3658 enim
3180 3617 3247 3657 ex
3300 3602 3628 3672 cognatione
3679 3603 3745 3657 il-

2161 3693 2310 3760 lius,
2363 3692 2427 3747 ad
2488 3707 2648 3762 quem
2708 3692 2849 3747 dixit
2901 3692 3159 3748 Dominus
3195 3693 3239 3723 “
3286 3708 3300 3747 :
3365 3708 3385 3744 ι
3431 3690 3745 3748 Maledictus

2164 3793 2219 3839 tu
2263 3785 2333 3839 ab
2380 3783 2638 3839 omnibus
2689 3782 2883 3843 bestiis
2930 3792 3107 3838 terrm.
3146 3800 3164 3834 ι
3211 3781 3317 3838 Sed
3347 3781 3477 3851 quid
3507 3782 3574 3836 ad
3627 3783 3743 3836 luce

2160 3874 2327 3947 329
2357 3874 2634 3945 reSpondit
2666 3874 2714 3928 ei
2742 3873 2853 3941 ille,
2890 3872 2976 3929 cui
3010 3873 3234 3927 verbum
3264 3870 3404 3926 Deus
3434 3870 3486 3925 in
3520 3886 3615 3927 ore
3645 3885 3740 3940 po-

2162 3971 2382 4029 suerat?
2410 3989 2428 4023 ι
2462 3970 2649 4025 Nonne
2681 3983 3043 4038 quaecunque,
3083 3967 3282 4037 inquit,
3318 3966 3567 4036 iniecerit
3599 3967 3744 4022 Deus

2164 4062 2216 4116 in
2246 4076 2307 4117 os
2336 4076 2537 4127 meum,
2569 4060 2684 4116 haec
2705 4059 3012 4116 observabo
3038 4058 3184 4128 loqui
3215 4057 3300 4111 ’³1
3327 4076 3346 4110 ι
3377 4058 3463 4112 Ad
3489 4058 3604 4113 haec
3637 4057 3742 4112 Ba-

2163 4152 2283 4207 lach
2315 4160 2509 4222 putans
2552 4150 2680 4221 quia
2729 4150 3051 4221 perterritus
3095 4157 3243 4204 esset
3294 4148 3532 4203 Balaam.
3560 4148 3747 4219 populi

2162 4240 2447 4297 Israelitici
2474 4240 2844 4307 multitudine,
2876 4249 2932 4295 et
2969 4239 3172 4295 idcirco
3216 4254 3322 4294 non
3354 4238 3549 4294 fuisset
3575 4254 3747 4293 ausus

2162 4332 2410 4405 proferre
2465 4332 2774 4401 maledicta,
2824 4332 3180 4387 mutationem
3232 4332 3333 4387 sibi
3376 4331 3477 4386 loci
3510 4331 3744 4387 credidit

2164 4424 2530 4495 profuturam,
2582 4433 2638 4479 et
2680 4424 2765 4479 ait
2799 4423 2867 4478 ad
2903 4436 3026 4478 eum
3057 4439 3073 4478 :
3107 4439 3125 4474 ι
3158 4420 3293 4478 Veni
3329 4423 3741 4479 adhuemectun

483 4512 633 4579 Quod
679 4524 857 4569 autem
892 4516 1024 4571 dicit
1065 4518 1106 4549 "
1134 4558 1150 4585 ,
1184 4536 1203 4569 ‹
1245 4526 1308 4571 ιιι
1341 4517 1437 4571 ﬁat
1467 4533 1650 4573 semen
1690 4535 1869 4575 meum
1917 4522 2059 4578 sicut
2091 4531 2134 4586 ι)
2167 4516 2220 4571 in
2262 4516 2641 4571 locumsalium
2669 4516 2735 4571 de
2766 4529 2874 4585 quo
2914 4522 3083 4569 totum
3113 4530 3221 4570 non
3257 4514 3443 4569 videas
3469 4515 3745 4580 etnn,sed

482 4618 664 4658 semen
689 4604 983 4675 iustorum,
1026 4627 1044 4661 ι
1085 4618 1266 4677 posset
1287 4608 1507 4678 quidem
1537 4617 1592 4664 et
1620 4610 1687 4665 de
1717 4610 1807 4667 illo
1838 4610 2060 4670 Balaam

484 4694 705 4764 intelligi
734 4737 748 4761 ,
778 4698 1090 4753 secundum.
1110 4702 1212 4755 hoc
1240 4700 1383 4770 quod
1413 4700 1550 4771 magi
1583 4699 1659 4755 illi
1685 4742 1698 4766 ,
1728 4703 1820 4772 qui
1846 4702 1915 4758 de
1941 4704 2059 4758 ori-

483 4799 606 4843 ente
636 4791 913 4846 venientes
959 4792 1116 4860 primi
1170 4794 1402 4849 adorare
1438 4803 1700 4850 venerunt
1739 4794 1956 4861 Iesum,
1993 4797 2061 4854 de

485 4879 689 4935 semine
716 4882 834 4951 ejus
865 4896 985 4937 esse
1015 4883 1301 4938 videantur
1323 4924 1338 4948 ,
1371 4885 1485 4940 sive
1527 4902 1623 4955 per
1652 4888 2055 4943 successionem

484 4972 720 5042 generis,
748 4973 863 5027 sive
891 4989 986 5042 per
1015 4974 1314 5043 disciplinae
1357 4977 1726 5032 traditionem.
1762 4977 2061 5033 Evidentcr

485 5063 629 5118 enim
666 5074 880 5119 constat
910 5065 1028 5121 illos
1055 5067 1341 5135 agnovisse
1367 5068 1618 5136 stellam,
1654 5085 1817 5139 quam
1865 5071 2062 5139 pra-di-

485 5164 640 5208 xerat
671 5154 885 5209 Balaam
918 5155 1178 5209 orituram
1212 5156 1263 5209 in
1303 5154 1491 5220 Israel,
1525 5165 1579 5210 et
1608 5159 1688 5214 sic
1723 5160 1935 5214 venisse
1964 5199 1979 5222 ,
2008 5169 2063 5215 et

488 5245 746 5301 adorasse
778 5261 959 5315 regem
1003 5246 1095 5315 qui
1130 5256 1289 5303 natus
1322 5257 1408 5303 est
1438 5248 1492 5304 in
1536 5248 1728 5304 Israel.
1762 5250 2064 5306 Conveniet

554 5384 601 5417 ³³
625 5382 662 5439 II
688 5383 816 5453 Reg.
846 5401 991 5438 xxrv.
1067 5387 1109 5417 “
1140 5386 1274 5439 Num
1319 5403 1473 5453 χχιιι,
1500 5386 1586 5441 10.
1654 5389 1696 5419 ’⁸
1726 5389 1882 5445 Rom.
1915 5405 1988 5454 vr,
2022 5390 2077 5455 '5,
2112 5391 2167 5444 4.

704 5457 893 5527 ¹⁹ῌϐιι1.
927 5472 1002 5519 vi,
1030 5456 1101 5527 4.7
1160 5458 1205 5487 ²⁰
1236 5457 1336 5511 lsa.
1371 5473 1502 5514 Lm.
1535 5459 1616 5512 II.
1669 5461 1711 5490 “
1751 5459 1908 5513 Num.
1942 5476 2094 5527 χχιιι,
2130 5462 2217 5516 II.

486 5471 541 5516 ν,
569 5455 625 5507 6.
704 5457 743 5485 ¹⁹
776 5457 893 5509 Gal.
927 5472 1002 5519 vi,
1030 5456 1083 5509 4.

490 5524 579 5580 13.
654 5524 701 5555 ⁸⁸
738 5524 926 5578 Matth.
956 5541 1009 5589 ν,
1048 5526 1134 5579 II.

558 5639 669 5717 (62)
698 5640 753 5693 In
789 5642 1129 5717 antcaeditjs
1158 5643 1360 5717 deestr
1400 5658 1475 5698 ex.
1512 5646 1804 5713 gentibus,
1847 5665 1864 5699 ι
1912 5647 2055 5717 quod

488 5710 765 5775 tuppletur
789 5727 818 5765 e
843 5715 1029 5765 codice
1052 5712 1384 5766 Corlieiensi.

560 5782 672 5851 εδδ)
709 5781 781 5837 Ms
835 5783 1145 5839 Corheicns.
1204 5802 1220 5835 ι
1245 5798 1543 5851 sumemus,
1579 5804 1597 5838 ι
1636 5795 1686 5841 ct
1721 5786 1877 5854 paulo
1912 5796 2061 5857 post,

2169 4614 2382 4677 partem
2415 4606 2653 4677 aliquam
2694 4606 2813 4677 ejus
2839 4605 3048 4673 videas,
3085 4620 3282 4662 omnes
3307 4616 3622 4661 autemnon
3668 4606 3749 4661 vi-

2168 4700 2319 4765 deas,
2352 4709 2409 4756 et
2460 4700 2690 4757 maledic
2731 4700 2862 4755 mihi
2900 4713 3024 4755 eum
3066 4700 3191 4757 inde
3220 4701 3288 4759 “.
3335 4720 3354 4754 ι
3389 4701 3621 4757 Demens
3652 4701 3746 4771 qui

2168 4792 2521 4848 Israeliticam
2552 4794 2785 4864 gratiam
2814 4792 2920 4849 loci
2953 4792 3259 4862 objectione
3299 4795 3547 4851 crederet
3583 4808 3745 4864 posse

2171 4884 2360 4948 celari,
2396 4893 2451 4939 et
2480 4885 2574 4954 qui
2599 4886 2840 4943 nesciret
2866 4887 2993 4955 quia
3030 4902 3136 4942 non
3170 4893 3345 4955 potest
3375 4886 3635 4943 abscondi
3669 4888 3749 4943 CI':

2169 4977 2309 5032 vitas
2330 4992 2490 5047 super
2515 4987 2748 5033 montem
2772 4978 2945 5049 posita
2979 4979 3044 5033 ”.
3060 4996 3099 5043 ,ι
3122 4978 3188 5033 Ει
3208 4979 3519 5048 assumpsit,
3550 4978 3747 5049 inquit,

2170 5082 2293 5124 eum
2343 5066 2397 5121 in
2442 5069 2713 5137 speculam
2743 5069 2862 5139 agri
2906 5070 2957 5125 in
2985 5070 3246 5126 verticem
3277 5070 3476 5127 montis
3503 5070 3662 5136 caesi,
3695 5079 3751 5126 et

2172 5159 2477 5215 construxit
2522 5159 2595 5213 ibi
2630 5167 2839 5230 septem
2879 5175 3026 5227 aras,
3057 5170 3113 5216 et
3156 5162 3411 5232 imposuit
3434 5161 3659 5216 vitulum
3697 5169 3749 5215 et

2171 5251 2399 5307 arietem
2432 5266 2598 5323 super
2640 5268 2811 5320 aram,
2854 5263 2910 5309 et
2958 5253 3094 5309 dixit
3141 5252 3359 5309 Balaam
3398 5253 3466 5308 ad
3495 5251 3695 5306 Balach
3728 5266 3743 5303 :

2247 5392 2288 5423 ¹⁶
2312 5390 2349 5443 ll
2382 5391 2523 5449 Tim.
2558 5409 2633 5457 ιι,
2664 5393 2873 5458 11’,12.
2957 5394 2998 5426 "
3018 5394 3175 5449 Num.
3200 5409 3358 5455 XXIII,
3385 5390 3473 5448 IO.
3550 5389 3594 5421 ”
3621 5388 3745 5446 Gal.

2290 5463 2333 5494 ³³
2363 5462 2499 5517 Gen.
2544 5479 2622 5530 ιιι,
2668 5463 2755 5517 14.
2833 5465 2880 5499 ’³
2929 5463 3089 5519 Νιιιιι.
3145 5478 3304 5526 mu,
3357 5462 3443 5514 12.
3520 5458 3567 5492 ’δ
3602 5458 3735 5516 ibid.

2172 5667 2189 5700 ι
2227 5665 2346 5717 qua!
2383 5650 2752 5713 occurrerint,
2787 5666 2839 5705 ιιι
2871 5649 3104 5704 medium
3134 5646 3495 5717 proferamus.
3534 5664 3553 5698 ι

2223 5716 2347 5800 ,(61)
2383 5720 2524 5774 Idem
2558 5760 2572 5785 ,
2623 5738 2641 5773 ι
2678 5720 3102 5777 benedictioncs.
3135 5716 3154 5771 ι
3208 5717 3356 5774 Alias
3381 5758 3396 5785 ,
3448 5736 3484 5771 ιρ
3514 5716 3741 5774 boned't-n‘

2162 5800 2417 5847 Cilonem.
2456 5810 2474 5843 ι
2496 5807 2503 5811 '
