4134 6398
476 302 568 361 (illi

1932 321 2259 381 ORIGENIS

3633 346 3737 402 693

470 418 682 474 Assiste
707 421 775 476 ad
796 424 1127 479 sacriﬁcium
1166 435 1338 495 ltlllm,
1380 447 1485 501 ego
1519 450 1648 491 vero
1674 452 1897 510 pergam
1932 456 2057 508 μετ·
2089 444 2134 500 Α
2166 446 2369 500 Ιιίιιιείις
2398 448 2558 503 talem
2585 451 2893 520 opinionem
2929 453 2994 507 de
3026 456 3156 521 Deo,
3190 468 3248 513 ut
3283 470 3439 528 putes
3458 478 3580 517 eum
3613 479 3737 521 esse

469 513 675 565 eontari
712 513 899 569 Deum.
945 516 1012 570 Et
1055 523 1292 577 occurrit
1318 523 1457 581 Deus
1480 527 1577 597 ipsi
1614 528 1853 596 Balaam,
1884 541 1939 585 et
1972 532 2054 584 in-

462 602 596 670 jecit
620 604 843 660 verbum
881 607 933 661 in
960 624 1022 663 os
1051 609 1188 677 ejus,
1223 621 1278 667 et
1302 614 1461 681 dixit,
1490 637 1508 669 ι
1539 620 1657 674 sine
1689 622 1851 677 dubio
1877 623 2047 679 Deus:

469 708 491 744 ι
539 693 871 752 Convertere
915 700 980 751 ad
1023 699 1244 767 Balach,
1289 715 1343 760 et
1395 708 1509 763 hrec
1550 710 1807 779 loqueris.
1857 715 1925 767 At
1962 715 2051 769 ille.

467 784 594 854 (hoc
634 788 966 862 cstBalaeh)
995 796 1177 850 stabat
1203 797 1362 866 juxta
1411 801 1872 861 holocaustomata
1926 822 2042 873 Sua,

464 891 521 933 et
569 896 764 940 omnes
809 886 1084 957 principes
1119 888 1276 947 Moab
1312 910 1432 947 cum
1460 896 1569 952 illo.
1608 899 1670 952 Et
1696 901 1828 954 dixit
1860 902 1907 955 ei
1940 902 2045 955 Ba-

464 970 623 1027 lach:
658 974 796 1040 Quid
832 978 1044 1035 locutus
1091 993 1175 1038 est
1207 987 1467 1042 Dominus
1502 990 1587 1044 “?
1620 1009 1639 1043 ι
1683 992 1788 1047 lles
1823 995 2045 1063 quidem

462 1068 708 1133 profanis
753 1072 1040 1128 sacrificiis
1085 1079 1396 1145 gerebatur,
1431 1091 1485 1136 et
1526 1083 1789 1139 divinatio
1834 1089 2044 1157 magica

461 1167 583 1211 arte
627 1161 1007 1231 requirebatur
1061 1169 1224 1239 (65):
1285 1175 1473 1229 volens
1529 1186 1708 1232 tamen
1774 1180 1914 1234 Deus
1970 1181 2041 1235 ibi

461 1248 739 1307 abundare
768 1258 1021 1323 gratiam,
1053 1261 1141 1315 ubi
1178 1266 1637 1332 superabundavit
1664 1282 1947 1337 peccatum
1973 1272 2038 1336 ’⁷,

459 1342 651 1398 adesse
684 1345 955 1413 dignatur,
1002 1367 1103 1407 nec
1157 1353 1357 1425 refugit
1403 1359 1471 1412 ab
1523 1361 1609 1423 iis,
1643 1375 1765 1429 quae
1817 1379 1921 1417 non
1956 1378 2041 1417 se-

459 1436 694 1490 cundum
745 1439 1095 1497 Israeliticam
1152 1446 1523 1518 disciplinam,
1593 1454 1687 1507 sed
1743 1456 2038 1509 secundum

457 1528 741 1593 gentilium
794 1532 1127 1602 gerebantur
1173 1552 1437 1594 errorem.
1483 1544 1649 1598 Adest
1700 1556 1880 1600 autem
1931 1562 2037 1600 non

456 1620 759 1689 sacriﬁciis,
791 1626 884 1679 sed
913 1626 967 1680 in
1002 1642 1289 1685 occursum
1330 1635 1584 1701 venienti,
1611 1646 1664 1690 et
1689 1637 1761 1691 ibi
1789 1638 1879 1692 dat
1915 1654 2037 1694 ver-

457 1708 581 1763 bum
618 1726 796 1775 suum,
849 1726 1013 1783 atque
1054 1719 1125 1773 ibi
1162 1724 1418 1791 mysteria
1463 1725 1639 1780 futura
1686 1734 2032 1799 prmnuntiat,

453 1803 540 1857 ubi
573 1806 801 1861 maxime
833 1808 964 1865 ﬁdes
995 1821 1049 1866 et
1078 1813 1371 1869 admiratio
1401 1820 1685 1885 gentilium
1718 1826 1937 1893 pendet,
1976 1838 2035 1882 ut

450 1897 542 1965 qui
572 1901 771 1953 nostris
809 1902 999 1957 nolunt
1032 1907 1256 1963 credere
1287 1911 1591 1981 prephetis,
1626 1917 1852 1971 credant
1898 1918 2035 1973 divi-

451 1987 533 2041 nis
558 1998 613 2043 et
635 1992 844 2047 vatibus
875 1996 1007 2049 suis.

519 2080 574 2133 Ξ.
616 2100 635 2133 ι
671 2083 733 2137 Et
766 2101 1083 2156 assumens,
1123 2092 1316 2163 inquit,
1358 2097 1670 2164 parabolam
1727 2118 1882 2158 suam
1953 2106 2038 2160 di-

448 2173 545 2227 xit.
583 2194 602 2227 ›
646 2176 749 2231 Per
798 2181 1112 2248 parabolam
1153 2202 1283 2257 ergo
1326 2186 1460 2243 dicit
1500 2190 1760 2249 Balaam:
1802 2214 1816 2247 I
1856 2196 2051 2267 Surge,

448 2266 670 2335 BaIaCII,
718 2280 770 2325 et
798 2275 945 2339 audi,
980 2278 1201 2334 auribus
1235 2283 1475 2351 percipe,
1502 2286 1655 2340 testis
1689 2288 1760 2342 nu
1797 2266 2023 2358 Sephor.

448 2358 565 2415 Non
609 2366 751 2420 sicut
791 2369 953 2425 homo
980 2370 1121 2428 Deus
1160 2373 1476 2441 frustratur,
1513 2395 1689 2448 neque
1718 2382 1861 2437 sicut
1890 2385 2030 2441 filius

448 2454 684 2511 hominis
716 2467 971 2516 terretur.
1012 2461 1128 2532 Ipse
1157 2482 1280 2522 cum
1309 2470 1525 2537 dixerit,
1555 2490 1662 2528 non
1698 2474 1893 2530 faciet?
1949 2477 2017 2532 Iov

445 2558 639 2613 quotur
673 2561 727 2603 et
777 2567 882 2606 neu
917 2561 1289 2624 permanebit?
1319 2560 1459 2619 Ecce
1495 2564 1562 2618 ad
1594 2566 2025 2625 benedicendum

445 2651 751 2709 assumptus
799 2660 943 2713 smn,
982 2649 1321 2717 benedicam,
1360 2665 1417 2709 et
1468 2672 1571 2711 non
1602 2667 1849 2713 avertam
1877 2676 2021 2720 eam.

443 2732 559 2788 Non
590 2738 695 2791 erit
745 2738 900 2795 labor
926 2742 982 2797 in
1032 2744 1216 2810 Iacob,
1252 2762 1427 2817 neque
1459 2750 1733 2807 videbitur
1778 2754 1933 2811 dolor
1969 2757 2021 2812 in

443 2828 629 2882 Israel.
688 2830 948 2890 Dominus
1000 2838 1138 2892 Deus
1189 2854 1323 2894 suus
1374 2857 1498 2896 cum
1569 2844 1706 2911 ipso,
1762 2849 2023 2917 praelara

442 2920 747 2990 principum
776 2941 901 2981 cum
925 2928 1044 2995 ipso
1081 2939 1226 2985 sunt.
1265 2933 1407 2988 Deus
1433 2934 1524 3002 qui
1557 2937 1743 2992 eduxit
1779 2955 1904 2994 eum
1955 2958 2020 2995 ex

442 3014 694 3087 (Egypto,
746 3022 884 3076 sicut
910 3024 1080 3092 gloria
1116 3028 1392 3083 unicornis
1432 3029 1570 3096 ejus.
1600 3031 1716 3086 Non
1744 3035 1889 3089 enim
1917 3037 2022 3090 erit

2156 540 2299 591 sicut
2354 542 2653 607 hominem,
2698 547 2790 614 qtti
2835 548 2887 602 itt
2925 550 2991 605 iis
3016 567 3136 621 qua:
3184 554 3441 621 loquitur,
3486 557 3735 612 frustrari

2154 632 2347 698 possit.
2391 632 2649 691 IIomiues
2688 640 2835 694 enim
2874 642 3058 697 multis
3085 647 3467 702 occasionibus
3502 658 3557 704 et
3587 651 3736 705 vitiis

2152 724 2550 793 impediuntur,
2609 746 2678 785 nc
2737 748 2923 788 verum
2981 736 3053 789 sit
3105 737 3247 805 quod
3287 738 3601 808 loquuntur.
3626 742 3735 795 Aut

2152 818 2273 872 irati
2327 822 2475 875 enim
2503 823 2819 893 loquuntur,
2856 837 2911 882 et
2940 829 3018 882 ira
3050 841 3298 885 cessante
3329 832 3531 887 frustra
3566 834 3731 889 loculi

2150 920 2317 965 sunt:
2368 923 2462 967 aut
2520 925 2722 981 metus,
2777 928 2870 973 aut
2917 920 3255 986 cupiditatis,
3313 932 3407 977 aut
3453 925 3732 993 iactantia:

2149 1002 2353 1069 gratia,
2378 1005 2611 1075 aliisque
2645 1008 2839 1063 horum
2887 1010 3177 1074 similibus,
3211 1023 3265 1067 et
3295 1016 3483 1085 utique
3530 1016 3729 1072 frustra

2146 1094 2274 1157 erit,
2308 1103 2361 1147 et
2387 1110 2582 1150 vanum
2600 1112 2761 1152 omne
2783 1085 3200 1170 quidquid‘vitio
3219 1102 3539 1159 dominante
3566 1107 3728 1162 locuti

2147 1195 2292 1239 sunt.
2311 1186 2452 1243 Deus
2468 1198 2668 1253 autem,
2688 1192 2738 1244 in
2757 1207 2865 1261 quo
2883 1193 3025 1247 nulla
3048 1206 3128 1250 est
3144 1198 3348 1267 passio,
3370 1200 3513 1255 nulla
3527 1201 3729 1269 fragili-

2148 1287 2251 1347 tas,
2271 1295 2432 1336 omne
2449 1283 2591 1351 quod
2607 1285 2826 1345 dixerit,
2850 1302 3247 1354 procausarum
3274 1293 3481 1347 meritis
3499 1294 3655 1349 dicit:
3674 1307 3724 1351 et

2147 1370 2268 1428 ideo
2286 1388 2560 1443 nunquam
2577 1375 2829 1431 frustrari
2857 1389 3055 1446 potest,
3077 1382 3202 1449 quia
3226 1383 3367 1450 quod
3390 1385 3596 1439 ratione
3612 1401 3730 1455 pro-

2146 1463 2536 1530 fertur,carere
2552 1482 2655 1520 non
2678 1478 2853 1536 potest
2884 1470 3123 1525 ratione:
3148 1471 3293 1527 «Non
3323 1488 3455 1542 ergo
3474 1475 3613 1529 Deus
3630 1479 3729 1532 sic-

2144 1565 2203 1609 ut
2219 1555 2401 1621 homo,
2418 1558 2508 1625 qui
2528 1558 2731 1612 frustra
2746 1558 3022 1631 loquatur,
3046 1577 3221 1632 neque
3238 1565 3378 1619 sicut
3393 1567 3536 1622 ﬁlius
3553 1569 3727 1623 homi-

2143 1649 2226 1701 nis
2260 1656 2515 1713 terretur,
2544 1668 2562 1700 ι
2590 1650 2673 1703 vel
2708 1650 2789 1719 (ut
2820 1653 2872 1706 in
2900 1653 3019 1708 aliis
3043 1658 3445 1726 exemplaribus
3474 1660 3726 1730 legimus)

2147 1754 2167 1789 ‹
2191 1754 2364 1809 neque
2388 1742 2528 1795 sicut
2560 1741 2697 1796 ﬁlius
2723 1743 2958 1799 hominis
2982 1755 3167 1801 terret.
3193 1768 3210 1801 ι
3233 1748 3293 1801 In
3317 1749 3626 1808 hominibus
3650 1756 3723 1809 in-

2142 1833 2353 1886 terdum
2372 1835 2693 1889 sententiam
2711 1845 2879 1891 mutat
2899 1846 3094 1905 terror,
3112 1841 3252 1896 Deus
3266 1852 3443 1898 autem
3457 1847 3548 1915 qui
3562 1862 3721 1914 supra

2138 1924 2315 1976 omnia
2347 1934 2451 1991 est,
2482 1942 2508 1979 a
2542 1942 2650 1996 quo
2680 1929 2871 1983 terreri
2910 1944 3108 1998 potest,
3144 1945 3201 1988 ut
3247 1940 3569 1992 sententiam
3604 1956 3723 1992 tnu-

2141 2014 2245 2068 tct?
2307 2014 2362 2069 Si
2413 2031 2540 2071 vero
2586 2020 2880 2075 secundum
2918 2023 3021 2077 hoc
3063 2025 3416 2095 accipiamus,
3462 2031 3605 2097 quod
3666 2030 3718 2083 in

2136 2110 2257 2165 aliis
2302 2112 2714 2181 exemplaribus
2759 2114 2997 2170 diximus
3032 2117 3253 2185 lectum,
3291 2120 3393 2173 hoc
3418 2130 3523 2183 est,
3563 2139 3582 2172 ε
3623 2137 3718 2175 [ιε-

2135 2214 2241 2269 que
2287 2201 2428 2255 sicut
2482 2202 2623 2256 ﬁlius
2665 2203 2903 2259 hominis
2951 2214 3155 2272 terret;
3194 2226 3213 2258 ι
3268 2207 3398 2261 illud
3448 2208 3720 2263 videbitur

2135 2293 2261 2358 dici,
2287 2294 2427 2363 quod
2460 2294 2705 2350 homines
2734 2295 2954 2365 quidem
3002 2297 3277 2350 interdum
3323 2314 3421 2367 pro
3447 2297 3716 2367 jactantia

2136 2396 2372 2443 terrores
2403 2387 2606 2442 faciunt
2641 2398 2696 2442 et
2744 2389 2945 2452 minas,
2980 2390 3143 2444 etiam
3185 2390 3252 2445 iis
3299 2406 3714 2459 nonnunquam,

2132 2480 2327 2548 quibus
2364 2494 2559 2534 nocere
2588 2496 2694 2534 non
2728 2489 2985 2549 possunt;
3032 2482 3171 2536 Deus
3197 2491 3376 2536 autem
3410 2498 3515 2535 non
3543 2490 3715 2536 terret

2132 2574 2203 2625 ita
2227 2572 2496 2635 homines,
2530 2572 2686 2641 quasi
2728 2574 2817 2641 qui
2849 2573 3041 2642 punire
3073 2589 3180 2627 non
3215 2574 3407 2642 possit,
3448 2584 3503 2628 et
3534 2575 3577 2629 si
3605 2584 3711 2629 ter.

2131 2673 2231 2729 ret,
2264 2666 2476 2719 ratione
2508 2675 2693 2720 terret.
2731 2665 2924 2719 Terret
2960 2664 3104 2719 enim
3138 2675 3199 2719 ut
3242 2666 3501 2735 corripiat
3531 2668 3708 2720 homi-

2129 2772 2251 2811 nem
2282 2759 2333 2810 in
2368 2757 2662 2813 auditionis
2703 2758 3078 2822 tribulatione,
3124 2769 3183 2813 ut
3214 2760 3374 2812 verbo
3408 2759 3710 2813 commina-

2129 2850 2294 2904 tionis
2313 2851 2606 2905 deterritus
2635 2851 2889 2905 emendet
2913 2865 2972 2905 se
3002 2850 3092 2919 qui
3135 2850 3274 2904 male
3299 2850 3432 2919 agit,
3460 2863 3561 2904 nec
3585 2866 3707 2920 ρει-κ

2126 2942 2309 2997 veniat
2339 2942 2406 2995 ad
2434 2957 2554 2997 eum
2588 2941 2702 3010 ipsa
2733 2941 2966 2996 vindicta
2990 2940 3127 2996 male
3148 2950 3424 3008 gestorum
3453 2956 3701 2996 suorum.

2127 3034 2243 3089 Non
2266 3050 2395 3105 ergo
2414 3035 2486 3087 ita
2509 3033 2653 3089 Deus
2672 3044 2841 3089 terret
2857 3042 2916 3088 ut
2937 3035 3121 3099 homo;
3138 3035 3300 3089 homo
3318 3035 3459 3089 enim
3478 3034 3709 3103 (utdixi—

441 3115 733 3183 auguratio
790 3120 842 3170 in
885 3117 1055 3174 Jacob
1101 3137 1274 3191 neque
1320 3126 1583 3180 divinatio
1624 3129 1676 3181 in
1729 3128 1910 3183 Israel.
1963 3130 2018 3183 In
2048 3124 2095 3187 C
2127 3127 2838 3195 mus)projactantia,Deus
2858 3125 3495 3196 veroproemendatione
3513 3135 3704 3180 terret.

442 3215 684 3275 tempore
704 3211 915 3267 dicetur
935 3211 1105 3270 Iacob
1128 3225 1181 3270 et
1202 3216 1385 3283 Israel,
1422 3223 1551 3291 quid
1585 3222 1829 3289 perﬁciet
1857 3223 2017 3280 Deus.

440 3298 578 3355 Ecce
614 3304 839 3371 populus
868 3305 1010 3360 sicut
1044 3309 1255 3364 catulus
1286 3311 1459 3367 leonis
1486 3322 1765 3385 exsurget,
1800 3325 1853 3370 et
1882 3317 2022 3370 sicut

440 3392 522 3446 leo
543 3393 855 3459 exsultabit,
887 3412 993 3452 non
1020 3398 1253 3456 dormiet
1280 3401 1451 3457 donec
1480 3407 1729 3459 comedat
1762 3410 2015 3475 praedam,

437 3491 493 3539 ct
545 3488 869 3557 sanguinem
937 3492 1348 3550 vulneratorum
1408 3497 1556 3552 bibat
1587 3499 1653 3551 ’⁸.
1696 3517 1713 3549 ι
1765 3500 1888 3554 llzee
1938 3512 2020 3557 est

438 3577 768 3633 continentia
821 3584 1077 3637 secundm
1124 3589 1425 3658 prophetiae
1472 3590 1523 3643 in
1559 3591 1738 3645 verbis
1772 3590 2015 3649 Balaam.

440 3669 733 3726 Videamus
758 3687 890 3742 ergo
944 3677 1119 3743 primo
1169 3678 1271 3734 hoc
1306 3680 1477 3749 ipsum
1524 3684 1664 3750 quod
1694 3685 1769 3736 ait
1804 3702 1816 3737 :
1857 3703 1875 3735 ι
1912 3686 2021 3739 Ex-

436 3763 845 3832 surge,Balach,
877 3778 932 3821 et
962 3768 1084 3822 audi
1118 3770 1184 3824 '9.
1225 3788 1243 3821 ι
1281 3771 1336 3825 Si
1372 3773 1516 3827 enim
1549 3773 1599 3827 in
1643 3777 2018 3845 superioribus

437 3870 541 3909 non
592 3856 817 3912 dixisset
852 3861 973 3928 quia
1009 3870 1177 3915 staret
1211 3860 1365 3931 juxta
1419 3865 1793 3921 holocaustum
1830 3885 2014 3935 suum,

436 3962 541 4002 non
576 3948 862 4003 videretur
892 3968 1220 4023 magnopere
1254 3958 1633 4026 requirendum
1662 3976 1761 4013 cur
1783 3961 2012 4016 dixerit:

440 4057 459 4090 ι
492 4040 975 4112 Exsurge,Balach.
1016 4064 1034 4096 ι
1072 4046 1223 4103 Nunc
1252 4060 1433 4104 autem
1467 4067 1589 4105 cum
1635 4053 1880 4107 hortetur
1917 4070 2017 4108 cx-

435 4148 661 4204 surgerc
688 4152 835 4202 cum,
864 4153 1024 4206 quem
1067 4155 1236 4211 nuper
1264 4142 1478 4197 dixerat
1516 4155 1681 4209 stare,
1706 4162 1813 4201 non
1840 4146 2016 4203 Otiose

436 4229 844 4295 prtetereundus
872 4246 1053 4286 sermo
1085 4234 1455 4302 propheticus.
1488 4236 1641 4303 Quod
1677 4250 1807 4308 ergo
1837 4240 1913 4292 ait
1961 4242 2014 4293 iu

432 4320 823 4388 superioribus,
880 4325 1004 4393 quia
1063 4335 1237 4381 staret
1299 4328 1363 4382 ad
1412 4329 1786 4386 holocaustum
1832 4348 2011 4397 suum,

432 4411 681 4481 designat
704 4429 826 4468 eum
854 4434 958 4471 non
994 4427 1143 4472 recte
1169 4431 1333 4475 stare.
1365 4419 1722 4477 Stabatenim
1757 4424 1808 4477 in
1843 4424 2012 4481 idolo-

433 4504 592 4558 latria
628 4507 855 4576 positus,
894 4518 948 4561 et
988 4513 1165 4564 stabat
1217 4512 1371 4581 quasi
1410 4513 1665 4571 inimicus
1711 4516 1829 4581 Dei,
1864 4519 2009 4586 quod

432 4596 604 4665 magis
640 4608 785 4653 esset
814 4615 919 4655 non
958 4610 1126 4668 stare,
1161 4607 1253 4659 sed
1285 4606 1499 4660 cadere.
1541 4606 1704 4673 Quasi
1744 4623 1876 4682 ergo
1914 4611 2007 4680 qui

430 4687 500 4743 de
521 4687 614 4743 illo
643 4698 789 4745 statu
818 4694 1012 4749 cadere
1045 4694 1315 4761 debuerit,
1345 4698 1454 4752 imo
1506 4707 1562 4751 et
1588 4702 1679 4768 qui
1719 4705 2004 4774 ceciderit,

432 4780 504 4834 ita
530 4795 674 4837 nunc
700 4781 973 4840 intellectu
1003 4791 1320 4859 prophetico
1347 4807 1643 4867 exsurgere
1667 4812 1790 4851 eum
1810 4796 2004 4865 jubet:

428 4872 627 4943 quippe
655 4874 746 4944 qui
781 4891 878 4946 per
907 4878 1033 4947 hoc,
1067 4884 1208 4949 quod
1236 4895 1382 4939 stare
1422 4887 1474 4941 in
1526 4888 1829 4943 idololatria
1856 4890 2004 4947 visus

430 4962 623 5030 fuerat,
655 4969 964 5027 cecidisset.
1008 4970 1280 5045 Exsurgat
1321 4991 1453 5045 ergo
1489 4978 1581 5047 qui
1612 4979 1739 5033 talis
1767 4989 1871 5044 est,
1904 4994 2002 5034 ex-

426 5067 615 5128 surgat
636 5059 763 5126 ﬁde,
791 5070 845 5117 et
868 5062 1135 5119 eﬂicialur
1160 5068 1352 5123 testis:
1387 5069 1430 5123 si
1462 5070 1676 5138 quidem
1711 5083 2001 5126 converte-

428 5164 535 5222 tur,
571 5157 721 5212 testis
769 5157 925 5225 ﬁdei;
967 5161 1012 5214 si
1048 5176 1176 5214 vero
1216 5174 1498 5231 permanet
1543 5163 1796 5227 inﬁdelis,
1827 5174 1884 5217 ut
1930 5165 2003 5219 sit

428 5247 582 5303 testis
614 5249 1083 5305 condemnationis
1107 5266 1237 5307 suae.

491 5338 547 5396 3-
608 5337 717 5394 Sed
750 5341 876 5408 quid
920 5350 1003 5395 est
1040 5343 1183 5410 quod
1220 5345 1268 5397 ei
1316 5345 1626 5409 annuntiat,
1667 5346 1949 5402 videamus
1986 5370 1996 5402 :

429 5444 449 5477 ‹
494 5428 612 5483 Non
645 5430 786 5485 sicut
816 5430 1003 5497 homo,
1041 5432 1235 5502 inquit,
1272 5433 1416 5489 Deus
1446 5436 1773 5503 frustratur,
1824 5454 2001 5508 neque

426 5520 565 5576 sicut
596 5523 737 5579 ﬁlius
763 5523 1003 5582 hominis
1035 5534 1272 5582 terretur
1315 5531 1432 5596 ipse
1478 5531 1541 5583 ³ο.
1575 5549 1593 5582 ι
1630 5530 1766 5596 Νοη,
1802 5534 1997 5602 inquit,

495 5612 540 5644 ³⁸
570 5612 732 5669 Num.
765 5633 925 5679 xxm,
960 5619 1135 5673 14—17.
1245 5622 1286 5651 ⁵⁷
1318 5619 1475 5674 Rom.
1520 5638 1571 5675 v.
1605 5622 1696 5677 20.

427 5682 470 5718 ⁸⁸
507 5680 629 5736 Jon.
656 5700 739 5738 ιιι.
815 5687 857 5717 ³³
882 5688 925 5741 Il
964 5688 1098 5756 Reg.
1133 5705 1280 5744 xxiv.

1806 5626 1849 5655 "‘
1892 5625 2051 5680 Num.
2102 5642 2257 5687 xxttt,
2307 5625 2492 5679 18-24.

2195 3219 2249 3273 4.
2288 3218 2417 3274 Post
2440 3221 2555 3275 haec
2595 3218 2711 3272 ait:
2751 3235 2771 3268 ι
2814 3216 2932 3286 Ipse
2963 3231 3085 3270 cum
3112 3216 3333 3282 dixerit,
3367 3231 3474 3271 non
3506 3215 3704 3271 faciet?

2126 3314 2396 3383 loquetur,
2431 3322 2611 3369 etnon
2648 3310 2992 3381 permanebit
3028 3310 3107 3363 “‘i
3147 3330 3166 3362 ι
3213 3310 3305 3365 Sic
3331 3309 3589 3380 legendus
3617 3320 3703 3364 est

2125 3406 2294 3468 locus,
2329 3406 2483 3476 quasi
2520 3403 2912 3473 interrogantis
2947 3401 3144 3455 affectu
3176 3402 3325 3456 dicat
3359 3420 3372 3455 :
3407 3400 3547 3470 Ipse,
3598 3402 3703 3456 hoc

2122 3511 2224 3563 est,
2257 3499 2418 3562 Deus,
2444 3499 2586 3567 quod
2616 3497 2768 3560 dicit,
2806 3508 2987 3549 nonne
3006 3502 3062 3547 et
3106 3492 3309 3547 faciet?
3332 3500 3387 3546 et
3414 3508 3535 3562 qua:
3556 3494 3703 3548 locu-

2125 3602 2209 3646 tus
2258 3592 2444 3656 fuerit,
2499 3604 2676 3645 nonne
2708 3586 3050 3659 permanebit
3079 3585 3135 3639 in
3176 3584 3298 3639 eis?
3337 3584 3472 3638 Cum
3518 3586 3704 3653 utique

2123 3685 2371 3740 homines
2412 3699 2515 3737 non
2562 3682 2767 3735 faciant
2804 3693 2924 3747 quae
2952 3677 3164 3741 dicunt,
3195 3686 3249 3731 et
3280 3678 3413 3732 vitio
3452 3678 3702 3732 humana:

2121 3779 2434 3847 fragilitatis
2476 3778 2527 3830 in
2561 3776 2627 3829 iis
2658 3790 2764 3827 non
2801 3781 3156 3842 permaneant
3191 3786 3311 3840 quae
3353 3771 3649 3839 loquuntur
3684 3790 3698 3826 :

2120 3870 2398 3924 mutabilis
2429 3867 2591 3939 330
2612 3864 2754 3919 enim
2789 3872 2875 3917 est
2905 3862 3094 3928 homo,
3125 3862 3267 3917 Deus
3298 3877 3427 3917 vero
3451 3863 3702 3918 immuta-

2118 3966 2263 4019 bilis.
2296 3964 2401 4018 Sed
2452 3969 2629 4030 potest
2652 3957 2847 4026 aliquis
2873 3972 3184 4024 occurrere,
3215 3967 3271 4012 et
3294 3957 3482 4012 dicere
3512 3972 3527 4011 :
3557 3957 3701 4024 Quo-

2120 4059 2280 4113 modo
2302 4072 2433 4126 ergo
2461 4072 2566 4112 non
2602 4056 2903 4124 permansit
2947 4054 3087 4107 Deus
3119 4052 3171 4106 in
3211 4053 3301 4120 iis,
3333 4067 3454 4122 qua:
3489 4052 3701 4109 locutus

2116 4158 2200 4202 est
2242 4147 2309 4201 de
2364 4147 2558 4201 Ninive
2605 4156 2663 4200 ut
2716 4156 2837 4215 post
2889 4146 3125 4201 triduum
3176 4145 3589 4201 subverteretur
3616 4143 3699 4195 “2’

2118 4239 2301 4307 Neque
2343 4239 2394 4292 in
2440 4239 2506 4293 iis
2544 4254 2666 4307 qua:
2697 4239 2907 4293 locutus
2936 4238 3115 4293 estde
3163 4240 3351 4303 David,
3387 4239 3476 4293 ubi
3528 4239 3700 4294 tribus

2117 4332 2306 4387 diebus
2336 4333 2601 4400 promissa
2633 4332 2810 4387 fuerat
2841 4348 3009 4398 mors,
3045 4343 3103 4386 ut
3148 4342 3389 4388 vastaret
3417 4332 3693 4403 populum,

2115 4433 2170 4479 et
2200 4425 2339 4478 intra
2380 4441 2547 4479 unum
2600 4425 2765 4487 diem,
2815 4433 2869 4479 et
2917 4439 3090 4494 usque
3142 4424 3207 4478 ad
3247 4426 3436 4479 horam
3485 4424 3693 4494 prandii

2116 4518 2353 4573 cessavit
2401 4517 2484 4571 “'f
2516 4517 2583 4570 Et
2608 4517 2884 4571 videbitur
2934 4516 3204 4579 fortassis,
3250 4518 3375 4585 quia
3420 4516 3537 4570 haec
3574 4531 3695 4585 qua:

2116 4625 2212 4680 per
2246 4610 2724 4679 interrogationem
2757 4608 3032 4670 dicuntur,
3067 4622 3172 4660 non
3199 4610 3409 4677 penitus
3438 4624 3534 4678 pro
3565 4609 3695 4660 deﬁ-

2114 4704 2229 4759 nito
2254 4703 2567 4771 accipienda
2597 4702 2738 4768 sint;
2771 4702 2863 4755 sed
2916 4701 3035 4754 talis
3060 4703 3306 4770 quaedam
3345 4702 3516 4772 ﬁgura
3544 4701 3689 4754 verbi

2113 4797 2205 4859 sit,
2252 4811 2375 4865 qua:
2422 4798 2656 4849 medium
2690 4793 2895 4864 aliquid
2938 4794 3190 4849 videatur
3223 4796 3535 4858 ostendere,
3583 4809 3687 4848 non

2116 4898 2299 4942 tamen
2347 4886 2583 4942 deﬁnita:
2625 4894 2678 4940 et
2710 4884 3086 4942 irrevocabilis
3117 4887 3405 4942 sententiae
3449 4886 3690 4940 declaret

2110 4981 2361 5037 affectum
2388 4997 2402 5032 :
2437 4996 2546 5050 quo
2567 4981 2959 5049 temperantius
2988 4980 3188 5052 aliquid
3216 4982 3419 5035 dictum
3443 4982 3692 5037 videatur

2116 5076 2173 5128 in
2208 5089 2273 5127 eo
2296 5074 2440 5142 quod
2473 5074 2735 5144 scriptum
2768 5083 2872 5139 est,
2904 5092 2921 5125 ι
2950 5074 3068 5142 Ipse
3104 5089 3227 5129 cum
3256 5076 3479 5140 dixerit,
3510 5090 3689 5131 nonne

2111 5164 2312 5219 faciet?
2352 5186 2371 5215 ι
2404 5180 2565 5232 quam
2597 5164 2640 5217 si
2675 5164 2931 5233 scriptum
2960 5172 3127 5230 esset,
3161 5164 3275 5235 Ipse
3305 5181 3428 5221 cum
3463 5168 3683 5234 dixerit,

2109 5258 2419 5313 omnimode
2438 5256 2620 5311 faciet.
2646 5257 2751 5311 Sed
2777 5270 3154 5312 recenseamus
3178 5268 3229 5313 et
3254 5260 3367 5329 ipsa
3391 5258 3684 5330 Scriptura:

2112 5353 2253 5417 loca,
2300 5365 2422 5420 qua:
2458 5349 2539 5404 vel
2570 5351 2621 5403 in
2657 5348 2793 5403 Jona
2826 5348 2909 5404 vel
2939 5349 2990 5404 in
3025 5350 3329 5419 Regnorum
3356 5352 3508 5407 libris
3535 5353 3684 5421 posis

2111 5454 2164 5497 ta
2198 5455 2343 5508 sunt,
2370 5457 2435 5495 ne
2468 5443 2606 5495 forte
2636 5452 2689 5494 et
2724 5441 2820 5507 ibi,
2856 5451 2914 5494 ut
2942 5444 3108 5498 moris
3140 5454 3243 5509 est,
3286 5444 3577 5513 Scriptura:
3603 5443 3684 5497 di-

2110 5538 2247 5588 vinae
2279 5534 2471 5589 secreti
2515 5533 2718 5603 aliquid
2752 5534 3010 5589 habeant.
3044 5536 3317 5605 Scriptum
3359 5545 3443 5591 est
3470 5552 3601 5605 ergo
3627 5534 3682 5589 in

2599 5626 2644 5655 ²⁹
2672 5626 2800 5680 ibid.
2852 5626 2934 5681 I8.
3040 5627 3085 5659 ”
3124 5628 3253 5683 ibid.
3284 5628 3369 5683 I9.
3464 5628 3506 5661 ³¹
3548 5629 3679 5686 ibid.

498 5775 611 5848 (65)
652 5776 821 5846 Idem,
877 5799 896 5833 ι
938 5782 1165 5852 geritur,
1211 5794 1267 5840 et
1312 5786 1575 5843 divinatio
1628 5791 1833 5860 magica
1886 5801 2003 5846 arte
2027 5790 2378 5862 perquiritur.
2420 5809 2439 5843 ι
