4134 6442
482 374 588 428 695

1642 376 1707 429 ΙΝ
1747 376 2076 447 NUMEROS
2120 376 2397 432 HOMILIA
2434 377 2568 433 XVI.

3636 373 3738 429 695

430 489 435 498 ’
478 495 613 549 .lona
650 494 694 526 "'
726 513 738 547 :
772 512 789 545 ι
826 492 890 546 Ει
916 494 1117 546 factum
1147 500 1230 546 est
1259 495 1480 549 verbum
1531 493 1742 549 Domini
1773 496 1838 550 ad
1869 494 2059 550 Jonam
2094 504 2135 556 Α
2168 496 2376 564 llloyscs
2412 496 2631 567 propria
2661 494 2989 551 auctoritate
3020 492 3296 547 mandavit
3324 508 3339 546 :
3378 490 3521 561 quod
3556 488 3734 543 Domi-

483 586 652 641 filium
680 585 896 639 Amathi
934 586 1161 641 dicens:
1221 584 1416 655 Surge,
1457 595 1511 640 et
1544 587 1679 641 vade
1724 588 1776 641 in
1828 587 2054 641 Ninivcn

483 678 755 733 civitatem
793 691 1063 745 magnam,
1095 685 1150 731 et
1180 678 1409 745 prmdica
1444 678 1497 730 in
1537 691 1621 743 ea,
1652 678 1778 746 quia
1810 679 2059 734 ascendit

482 768 690 823 clamor
722 770 941 823 malitia:
974 769 1090 836 ejus
1128 770 1194 823 ad
1234 783 1338 824 me.
1396 786 1414 821 ι
1448 768 1514 823 Ει
1546 780 1896 839 posteaquam
1922 786 2058 840 pra:-

480 869 693 931 ceptum
719 872 804 916 est
832 870 971 927 ceto,
996 871 1047 917 et
1084 860 1242 927 ejecit
1269 860 1461 915 Jonam
1494 862 1547 915 in
1587 870 1812 926 terram,
1863 865 2055 918 iterum

482 953 743 1021 scriptum
769 961 853 1007 est
881 954 926 985 ³³
957 970 970 1007 :
1003 971 1021 1003 α
1062 953 1128 1007 Ει
1150 952 1351 1025 factum
1382 960 1467 1006 est
1498 954 1720 1007 verbum
1753 955 1960 1009 Domini
1992 959 2056 1008 ad

480 1039 673 1097 Jonam
717 1045 977 1111 secundo,
1010 1046 1235 1098 dicens:
1270 1043 1468 1113 Surge,
1506 1053 1560 1098 et
1588 1045 1724 1099 vade
1754 1046 1805 1098 in
1831 1045 2059 1100 Niniven

480 1133 760 1189 civitatem
799 1149 1073 1205 magnam,
1100 1141 1152 1188 et
1182 1135 1413 1203 prmdica
1446 1135 1497 1189 in
1523 1149 1583 1190 ea
1609 1135 1902 1190 secundum
1930 1152 2062 1207 pra:-

480 1223 807 1278 dicationem
838 1238 999 1293 quam
1031 1239 1130 1295 ego
1155 1225 1364 1280 locutus
1391 1240 1509 1280 sum
1541 1227 1605 1280 ad
1644 1235 1715 1280 te.
1750 1244 1767 1277 ι
1800 1226 1865 1280 Et
1896 1226 2061 1282 Jonas

481 1316 699 1384 quidem
731 1333 750 1367 ε
798 1316 1130 1384 pratdicavit,
1174 1328 1227 1373 et
1277 1318 1414 1371 dixit
1460 1317 1694 1373 :Adhuc
1724 1327 1833 1373 tres
1861 1319 1997 1382 dies,
2038 1339 2055 1371 ι

484 1406 567 1460 vel
600 1405 680 1477 (ut
720 1405 929 1462 Hebraei
963 1408 1164 1464 habere
1193 1424 1254 1465 se
1291 1411 1551 1481 scriptum
1591 1411 1802 1480 dicunt)
1836 1430 1853 1462 ‹
1886 1412 2062 1467 adlmc

482 1497 837 1567 quadraginta
873 1499 1008 1561 dies,
1044 1509 1098 1554 et
1142 1500 1336 1555 Ninive
1369 1503 1704 1559 destruetur.
1734 1501 1850 1557 Viri
1880 1512 2059 1556 autem

482 1585 734 1643 Ninivitae
767 1591 1118 1645 crediderunt
1161 1592 1215 1645 in
1253 1593 1392 1661 Deo,
1434 1602 1488 1649 et
1520 1594 1951 1665 praedicaverunt
1977 1595 2061 1665 je-

474 1678 708 1746 junium,
740 1690 791 1735 et
826 1682 1118 1738 induerunt
1151 1698 1207 1738 se
1243 1684 1457 1751 ciliciis,
1493 1700 1521 1739 a
1554 1686 1765 1740 minore
1794 1699 1967 1755 usque
1995 1685 2060 1737 ad

484 1772 739 1841 majorem
764 1775 1025 1843 ipsorum.
1059 1795 1078 1828 ι
1109 1777 1172 1831 Et
1200 1786 1508 1847 postpauca
1542 1796 1556 1832 :
1595 1797 1611 1830 ι
1642 1777 1709 1832 Et
1726 1778 1857 1834 vidit
1895 1778 2061 1839 Dens,

2169 602 2272 639 nus
2302 586 2354 639 in
2388 585 2701 657 Evangeliis
2734 584 3138 639 evidentissima
3175 582 3525 639 distinctione
3551 596 3735 636 secer-

2170 677 2268 743 nit,
2287 693 2410 732 cum
2441 678 2572 733 dicit
2594 678 2657 732 de
2677 677 2898 746 repudio
2921 677 3164 731 mulieris
3194 677 3582 744 interrogatus,
3611 672 3742 744 quia

2174 786 2192 818 ι
2235 769 2300 822 ad
2354 768 2610 821 duritiam
2664 767 2845 821 cordis
2896 766 3060 821 vestri
3095 786 3112 818 ι
3145 767 3367 835 scripsit
3410 766 3568 823 vobis
3628 766 3742 820 haec

2170 859 2401 928 Moyses,
2433 878 2451 911 ι
2490 861 2558 913 ah
2588 858 2744 914 initio
2773 866 2952 913 autem
2987 874 3091 912 non
3122 858 3222 912 iuit
3257 860 3335 913 sic
3362 859 3426 914 ”.
3455 859 3555 926 Qui
3592 859 3737 915 enim

2170 952 2298 1005 fecit
2329 951 2625 1016 hominem,
2675 950 2972 1006 masculum
3016 957 3070 1004 et
3107 948 3361 1005 feminam
3406 950 3535 1005 fecit
3561 965 3677 1015 eos,
3715 970 3733 1002 ι

2170 1052 2221 1098 ct
2256 1043 2532 1098 benedixit
2565 1058 2679 1111 eos,
2714 1063 2732 1094 ι
2769 1052 2823 1098 et
2851 1042 3028 1098 dixit:
3078 1040 3305 1113 Propter
3338 1049 3439 1098 hoc
3470 1045 3740 1113 relinquet

2170 1137 2331 1190 homo
2359 1147 2567 1206 patrem
2604 1151 2782 1200 suum,
2812 1144 2866 1191 et
2893 1142 3121 1190 matrem
3149 1151 3328 1205 suam,
3361 1148 3412 1193 et
3444 1138 3742 1193 adhazrebit

2170 1229 2323 1283 uxori
2364 1244 2494 1296 suae,
2523 1238 2579 1283 et
2611 1229 2770 1283 ambo
2790 1236 2950 1286 erunt
2974 1228 3025 1281 in
3062 1243 3228 1285 carne
3250 1247 3354 1287 una
3388 1232 3453 1286 ⁸⁸.
3496 1250 3514 1283 ι
3556 1231 3622 1285 Ει
3648 1231 3746 1283 ad-

2171 1322 2278 1375 dit:
2314 1340 2332 1372 (
2378 1321 2529 1388 Quod
2564 1337 2695 1390 ergo
2742 1320 2883 1379 Deus
2914 1326 3212 1398 conjunxit,
3252 1325 3415 1382 homo
3450 1339 3554 1378 non
3588 1335 3747 1391 sepa-

2171 1418 2254 1463 ret
2284 1410 2351 1464 δι.
2407 1429 2426 1462 ι
2467 1407 2627 1465 Vides
2649 1424 2778 1480 ergo
2808 1423 2862 1467 et
2893 1414 2980 1469 hic
3012 1415 3176 1469 Deum
3208 1415 3425 1484 quidem
3462 1426 3568 1467 non
3604 1423 3744 1480 pra:-

2172 1500 2401 1569 cepisse,
2434 1513 2532 1554 nec
2571 1497 2687 1555 fieri
2731 1502 2967 1558 voluisse
2992 1504 3317 1568 divortium;
3366 1503 3583 1573 Moysen
3616 1513 3746 1553 vero

2171 1604 2391 1664 propter
2436 1593 2687 1647 duritiam
2722 1597 2904 1651 cordis
2936 1596 3243 1653 Jutlteorum
3289 1596 3574 1665 scripsisse
3614 1594 3745 1649 dan-

2170 1685 2296 1739 dum
2325 1699 2449 1740 esse
2486 1686 2796 1755 repudium.
2838 1686 3087 1743 Ostendit
3118 1688 3233 1745 ιιωο
3254 1698 3308 1744 et
3333 1687 3531 1743 Paulus
3565 1686 3619 1741 in
3656 1685 3746 1739 lit-

2174 1777 2306 1831 teris
2330 1776 2443 1832 suis
2470 1791 2593 1831 cum
2623 1777 2756 1833 dicit
2783 1779 2849 1833 de
2870 1779 3192 1847 quibusdam
3224 1798 3237 1833 :
3271 1799 3289 1832 ι
3326 1779 3751 1843 Dominusdicit,

484 1864 659 1934 inquit
708 1867 775 1931 ",
818 1881 983 1936 opera
1020 1883 1232 1935 eorum,
1278 1870 1404 1941 quia
1450 1874 1695 1929 conversi
1728 1882 1857 1927 sunt
1885 1888 1914 1927 a
1956 1872 2061 1925 viis
2097 1854 2139 1915 Β
2166 1878 2223 1923 et
2246 1882 2349 1923 non
2379 1882 2480 1940 ego
2504 1868 2569 1922 δ’.
2610 1888 2627 1921 ι
2670 1869 2734 1923 Ει
2766 1869 2833 1925 de
2857 1869 2982 1925 aliis
3010 1888 3023 1927 :
3055 1890 3074 1925 ‹
3108 1870 3233 1926 Haec
3256 1880 3438 1927 autem
3477 1885 3575 1940 ego
3602 1869 3743 1932 dico,

481 1957 595 2012 suis
628 1958 806 2023 malis,
851 1968 907 2013 et
957 1960 1236 2028 paenituit,
1276 1982 1296 2013 ι
1340 1964 1424 2018 vel
1481 1964 1563 2035 (ut
1619 1967 1671 2019 in
1719 1965 1841 2020 aliis
1876 1979 2061 2020 exem-

482 2050 727 2120 plaribus
765 2052 1016 2125 legimus)
1062 2072 1079 2106 ι
1119 2056 1447 2125 deprecatus
1474 2067 1557 2112 est
1581 2058 1722 2111 Deus
1748 2071 1912 2127 super
1946 2071 2059 2110 ma-

483 2143 653 2197 litiam
687 2159 849 2214 quam
884 2146 1094 2203 loeutus
1121 2160 1203 2205 est
1237 2151 1415 2207 facere
1454 2151 1556 2213 eis,
1587 2162 1642 2206 et
1694 2167 1800 2207 non
1856 2153 2005 2207 fecit.
2039 2172 2055 2198 ι

482 2233 721 2291 Observa
751 2236 919 2307 igitur
947 2243 998 2294 in
1030 2241 1097 2296 iis
1128 2257 1250 2310 qua:
1284 2245 1678 2312 assumpsimns
1709 2244 1774 2298 de
1800 2245 2061 2314 propheta

481 2327 624 2397 quod
657 2341 763 2382 non
817 2330 1173 2387 inveniturin
1212 2334 1559 2389 sermonibus
1611 2335 1701 2388 Dei
1745 2335 1943 2404 quibus
1995 2336 2063 2389 ad

483 2415 803 2483 prophetam
834 2417 1046 2473 loeutus
1078 2429 1181 2487 est,
1235 2422 1463 2487 dictum,
1514 2421 1638 2491 quia
1683 2441 1701 2472 ι
1741 2422 1919 2477 adhuc
1955 2431 2063 2476 tres

484 2506 620 2571 dies,
655 2515 710 2560 et
740 2505 930 2562 Ninive
959 2511 1299 2578 destruetur;
1344 2530 1362 2565 ο
1403 2514 1496 2568 sed
1532 2512 1699 2570 Jonas
1727 2528 1849 2569 cum
1884 2515 2063 2585 ingre-

482 2595 727 2665 deretur,
775 2598 950 2669 inquit
979 2603 1047 2667 ³⁷,
1083 2620 1104 2654 t
1160 2604 1437 2660 civitatem
1481 2606 1634 2676 quasi
1698 2607 1803 2662 iter
1854 2607 2061 2661 dierum

485 2689 669 2757 trium,
697 2690 815 2760 ipse
854 2692 1013 2762 dixit,
1040 2696 1165 2765 quia
1204 2697 1386 2752 adhuc
1436 2704 1548 2753 tres
1579 2700 1713 2765 dies,
1766 2710 1820 2753 et
1872 2698 2065 2753 Ninive

484 2780 853 2851 subvertetur;
888 2805 907 2839 ι
953 2795 1011 2839 ut
1054 2802 1235 2842 sermo
1274 2789 1398 2853 iste,
1433 2790 1524 2861 qui
1564 2791 1802 2859 scriptus
1838 2800 1943 2855 est,
2008 2802 2064 2846 et

489 2886 594 2927 non
614 2882 698 2931 est
727 2875 927 2942 factus,
959 2892 989 2931 a
1014 2877 1149 2933 Jona
1188 2881 1387 2950 potius,
1420 2896 1583 2951 quam
1616 2897 1644 2937 a
1675 2882 1785 2937 Deo
1821 2884 2064 2952 prolatus

484 2979 607 3019 esse
647 2966 909 3021 videatur.
966 2969 1072 3023 Sed
1121 2981 1175 3025 et
1204 2972 1269 3026 de
1299 2973 1538 3028 secundo
1568 2972 1706 3029 libro
1746 2974 2059 3044 Regnorum

487 3057 827 3125 proferamus
866 3074 987 3127 quae
1022 3061 1225 3129 scripta
1266 3070 1413 3125 sunt,
1450 3063 1538 3117 ubi
1579 3078 1701 3118 cum
1756 3066 1925 3121 David
1971 3083 2065 3136 po-

486 3149 670 3215 pulum
700 3160 1066 3215 numerasset,
1099 3171 1118 3203 ‹
1167 3152 1369 3207 factum
1410 3162 1514 3220 est,
1545 3153 1723 3225 inquit
1749 3157 1810 3221 ³⁸,
1840 3159 2063 3212 verbum

490 3239 701 3296 Domini
732 3245 799 3296 ad
837 3244 952 3300 Gad
982 3247 1302 3317 pr0phetam
1330 3248 1601 3303 videntem
1631 3249 1819 3305 dicens
1855 3268 1869 3305 :
1895 3250 2065 3316 Vade,

485 3339 543 3383 et
571 3330 791 3401 loquere
839 3336 907 3389 ad
941 3336 1129 3391 David.
1164 3338 1287 3395 Haec
1317 3339 1449 3395 dicit
1477 3340 1770 3397 Dominus:
1806 3341 1931 3397 Tria
1968 3356 2068 3413 ego

488 3416 678 3475 levabo
708 3437 871 3491 super
900 3433 969 3485 te.
998 3425 1135 3496 elige
1160 3427 1251 3482 tibi
1284 3443 1349 3482 ex
1378 3430 1444 3482 iis
1476 3443 1665 3493 unum,
1692 3432 1834 3499 quod
1872 3431 2065 3485 faciam

491 3510 612 3565 tibi.
648 3512 714 3566 Et
769 3514 1007 3569 introivit
1036 3517 1148 3571 Gad
1181 3519 1246 3571 ad
1279 3518 1472 3583 David,
1520 3528 1572 3575 et
1622 3520 1965 3576 denuntiavit
2018 3523 2066 3577 ei

487 3601 708 3657 dicens:
744 3604 852 3659 Aut
889 3607 1070 3663 veniet
1112 3609 1208 3663 tibi
1258 3611 1429 3666 tribus
1479 3612 1637 3666 annis
1688 3611 1858 3668 fames
1908 3627 2070 3683 super

489 3703 692 3748 terram
741 3705 924 3765 tuam;
970 3707 1063 3754 aut
1110 3701 1283 3756 tribus
1316 3703 1592 3757 mensibus
1629 3712 1686 3757 ut
1720 3704 1894 3775 fugias
1944 3715 2069 3760 ante

487 3787 736 3843 inimicos
764 3798 908 3859 tuos,
941 3794 1031 3862 qtti
1057 3803 1110 3847 te
1133 3803 1558 3864 persequentur;
1591 3807 1686 3850 aut
1717 3797 1899 3853 triduo
1926 3812 2069 3855 mors

490 3877 582 3932 fiat
613 3881 664 3933 iu
701 3889 843 3936 terra
875 3891 985 3939 tua.
1012 3884 1165 3939 Nunc
1186 3900 1318 3955 ergo
1342 3887 1500 3953 scito,
1539 3889 1661 3944 vide
1686 3890 1815 3958 quid
1840 3903 2066 3960 respon~

489 3972 645 4026 deam
675 3974 748 4039 ei,
777 3976 871 4045 qui
904 3992 988 4032 me
1027 3978 1194 4034 misit.
1228 3979 1292 4033 Et
1314 3980 1453 4034 dixit
1477 3981 1644 4035 David
1680 3982 1746 4035 ad
1770 3982 1885 4038 Gad
1923 4002 1936 4037 :
1967 3984 2069 4037 An-

487 4065 679 4134 gustias
722 4067 854 4121 mihi
909 4078 1037 4123 sunt
1072 4070 1313 4140 undique
1343 4072 1520 4126 valde.
1566 4072 1672 4127 Sed
1725 4074 1960 4130 incidam
2014 4077 2067 4131 in

490 4169 683 4213 manus
723 4159 935 4213 Domini
972 4163 1164 4233 magis,
1189 4163 1314 4232 quia
1343 4164 1526 4219 multae
1553 4165 1934 4222 miserationes
1952 4166 2069 4235 ejus

490 4256 639 4314 sunt,
668 4258 723 4304 et
756 4250 807 4304 iu
837 4266 1029 4307 manus
1059 4253 1338 4309 hominum
1389 4271 1495 4310 non
1543 4256 1806 4313 incidam.
1829 4258 1896 4311 Et
1920 4258 2070 4314 dedit

489 4337 748 4396 Dominus
778 4343 828 4395 in
870 4342 1037 4399 Israel
1067 4354 1295 4401 mortem
1325 4361 1355 4401 a
1384 4361 1543 4400 mane
1574 4362 1747 4418 usque
1778 4350 1844 4403 ad
1876 4350 2065 4406 horam

488 4433 719 4500 prandii,
749 4444 803 4489 et
836 4438 1037 4492 mortui
1061 4447 1192 4493 sunt
1224 4437 1290 4495 de
1329 4440 1525 4509 populo
1556 4440 1715 4494 aDau
1743 4456 1910 4511 usque
1934 4441 2067 4497 Ber-

2172 1972 2275 2013 non
2318 1958 2576 2015 Dominus
2600 1960 2665 2013 ⁸³.
2710 1977 2729 2012 ι
2764 1959 2829 2015 Ει
2854 1961 3047 2015 iterum
3076 1960 3129 2016 in
3160 1960 3282 2016 aliis
3312 1978 3326 2016 :
3359 1979 3377 2009 ι
3413 1958 3745 2029 Praeceptum

2174 2050 2384 2105 Domini
2421 2066 2528 2106 non
2558 2052 2751 2119 habeo,
2781 2054 3065 2108 consilium
3092 2063 3271 2109 autem
3309 2054 3377 2108 do
3398 2052 3465 2105 ⁸⁵.
3507 2066 3531 2105 i‘
3560 2051 3624 2105 Et
3657 2051 3750 2105 ite-

2173 2155 2323 2196 rum:
2355 2159 2373 2191 t
2403 2139 2535 2207 Quae
2560 2141 2772 2211 loquor,
2791 2157 2894 2197 non
2912 2143 3108 2214 loquor
3135 2144 3432 2198 secundum
3453 2143 3621 2198 Deum
3644 2140 3743 2197 ⁸⁸.»

2176 2232 2326 2287 Unde
2360 2232 2612 2288 similiter
2665 2235 2830 2288 etiam
2877 2236 2929 2289 in
2978 2235 3193 2290 caeteris
3241 2233 3520 2303 prophetis
3565 2231 3746 2300 aliqua

2171 2322 2387 2393 quidem
2450 2322 2714 2379 Dominus
2774 2324 2985 2380 locutus
3033 2333 3140 2389 est,
3197 2332 3251 2377 et
3297 2338 3400 2379 non
3451 2322 3748 2393 propheta',

2173 2412 2278 2466 alia
2307 2425 2441 2467 vero
2470 2412 2771 2483 prophetae,
2808 2422 2866 2468 et
2894 2428 2998 2468 non
3035 2413 3317 2477 Dominus,
3367 2421 3423 2467 et
3469 2412 3548 2467 sic
3596 2410 3748 2468 vide-

2173 2502 2319 2555 bitur
2353 2499 2586 2571 objectio
2626 2503 2889 2559 intentata
2919 2502 3159 2571 dissolvi,
3190 2517 3313 2558 cum
3355 2517 3460 2557 non
3487 2510 3596 2555 tam
3627 2516 3747 2567 sua,

2173 2608 2336 2662 quam
2364 2595 2643 2665 prophetae
2679 2597 2843 2651 verba
2897 2595 3158 2652 Dominus
3200 2604 3445 2662 revocat,
3471 2608 3536 2651 ac
3577 2602 3751 2649 mutat

2176 2687 2227 2739 in
2254 2686 2465 2742 melius.
2494 2686 2599 2743 Sed
2626 2690 2799 2759 magis
2824 2690 3062 2746 arbitror
3079 2688 3475 2745 absolutionem
3507 2689 3748 2758 priorem

2176 2779 2339 2835 totius
2370 2780 2669 2850 Scripturae
2703 2781 2958 2838 sensibus
2986 2781 3302 2849 convenire,
3334 2792 3389 2837 et
3414 2780 3520 2836 illis
3553 2781 3747 2850 praeci-

2174 2885 2277 2939 pue
2306 2870 2488 2937 dictis,
2533 2872 2731 2941 quibus
2760 2872 2971 2942 patiens
3016 2882 3072 2928 ct
3116 2872 3297 2927 multa:
3337 2870 3750 2933 misericordiae.

2175 2971 2230 3016 ct
2274 2963 2546 3031 ptrnitens
2571 2976 2735 3033 super
2783 2962 3018 3019 malitias
3068 2964 3273 3020 dicitur
3327 2964 3516 3019 Deus:
3550 2963 3636 3019 vel
3685 2963 3751 3018 iis

2176 3055 2431 3121 maxime,
2460 3069 2578 3123 qua:
2598 3055 2927 3125 generaliter
2952 3055 3022 3110 ab
3050 3055 3283 3112 Ieremia
3302 3056 3750 3127 pronuntiantur,

2176 3147 2229 3197 iu
2259 3144 2456 3212 quibus
2487 3146 2774 3201 evidenter
2802 3147 3109 3203 ostenditur
3144 3162 3246 3217 pro
3292 3146 3481 3202 multis
3521 3147 3749 3202 misera-

2175 3235 2435 3303 tionibus,
2460 3244 2515 3291 et
2533 3235 3069 3307 incomprehensibili
3099 3238 3342 3295 bonitate
3367 3252 3466 3294 sua
3497 3236 3641 3293 Deus
3665 3237 3750 3294 di-

2173 3342 2320 3391 cere,
2359 3337 2414 3383 et
2457 3343 2564 3384 non
2603 3328 2805 3396 facere,
2835 3326 3008 3398 loqui,
3050 3336 3105 3384 et
3146 3342 3255 3384 non
3285 3340 3628 3400 permanere.
3659 3328 3751 3382 Ait

2172 3433 2301 3489 ergo
2324 3434 2420 3489 per
2438 3417 2731 3476 Jeremiam
2757 3420 2963 3475 Deus“
2997 3440 3011 3475 :
3056 3440 3074 3473 t
3100 3420 3155 3476 In
3179 3421 3337 3475 ﬁnem
3357 3416 3568 3490 loquar,
3601 3439 3620 3472 ι
3648 3420 3751 3474 hoc

2172 3519 2275 3575 est,
2300 3525 2366 3565 ex
2402 3511 2622 3567 definito
2648 3512 2842 3583 loquar
2872 3529 2892 3564 ι
2929 3527 3093 3582 super
3112 3520 3353 3584 gentem,
3379 3520 3435 3567 et
3472 3526 3635 3581 super
3661 3525 3751 3567 re-

2172 3617 2359 3672 gnum,
2391 3612 2451 3659 ut
2477 3603 2722 3658 auferam
2751 3619 2869 3670 eos,
2909 3613 2964 3659 et
3000 3604 3335 3670 diSperdam.
3373 3604 3436 3658 Et
3461 3604 3503 3658 si
3526 3616 3753 3659 conver-

2176 3704 2320 3749 tatur
2348 3710 2481 3767 gens
2512 3694 2600 3750 illa
2658 3710 2687 3749 a
2742 3696 2965 3750 malitiis
3011 3694 3147 3764 suis,
3182 3695 3457 3766 pmnitebo
3483 3692 3645 3765 331
3679 3694 3749 3750 de

2172 3787 2425 3845 omnibus
2458 3786 2616 3845 malis
2648 3803 2769 3859 qua:
2798 3789 3032 3860 cogitavi
3065 3789 3249 3845 facere
3278 3789 3380 3855 eis,
3413 3797 3469 3843 et
3496 3789 3547 3843 in
3582 3788 3747 3844 finem

2174 3878 2365 3949 loquar
2390 3893 2556 3950 super
2584 3890 2800 3952 gentem
2820 3891 2875 3936 et
2907 3895 3158 3950 regnum,
3187 3891 3248 3937 ut
3279 3881 3605 3937 reaedilicem
3634 3895 3750 3947 eos,

2171 3981 2226 4026 et
2256 3972 2556 4040 replantem
2585 3991 2599 4028 :
2630 3982 2685 4029 et
2713 3974 2761 4029 si
2791 3973 3180 4031 fecerintmala
3209 3974 3264 4029 in
3284 3983 3575 4044 conspectu
3606 3988 3752 4039 meo,

2173 4071 2231 4115 ut
2264 4077 2371 4117 non
2392 4062 2615 4117 audiant
2643 4077 2830 4119 vocem
2866 4077 3071 4129 meam,
3102 4064 3391 4134 pteuitebit
3420 4079 3508 4119 me
3544 4067 3611 4120 de
3630 4080 3750 4121 om-

2174 4153 2333 4207 nibus
2366 4152 2524 4208 bonis
2567 4167 2689 4223 quae
2720 4153 2935 4209 locutus
2966 4152 3178 4210 fueram
3212 4162 3272 4209 ut
3315 4152 3557 4210 facerem
3584 4155 3687 4213 eis.
3726 4174 3745 4207 ι

2171 4243 2456 4310 Quomodo
2484 4257 2616 4313 ergo
2650 4259 2942 4313 possumus
2974 4245 3059 4311 iis,
3094 4259 3214 4314 quae
3243 4245 3489 4301 absolute
3514 4261 3610 4315 per
3660 4245 3751 4305 Je-

2174 4337 2400 4392 remiam
2424 4336 2571 4392 dicta
2600 4347 2749 4404 sunt,
2783 4337 3042 4408 praeferre
3076 4338 3166 4392 illa
3200 4353 3321 4408 qua:
3359 4352 3622 4410 suspense
3655 4354 3750 4412 per

2170 4427 2392 4482 Balaam
2446 4427 2700 4485 dicuntur
2736 4447 2751 4485 :
2788 4429 2895 4485 nisi
2943 4429 3068 4500 quia
3102 4429 3501 4501 negligentibus
3537 4439 3593 4486 et
3624 4447 3750 4488 con-

487 4524 651 4578 Sabee
693 4528 1035 4597 septuaginta
1074 4528 1240 4584 millia
1277 4529 1540 4585 virorum.
1580 4530 1648 4586 Et
1688 4532 1933 4589 extendit
1971 4548 2067 4588 an-
2101 4538 2145 4594 ι)
2172 4521 2530 4591 temptoribus
2555 4521 2645 4577 illa
2670 4521 3065 4590 conﬁrmanda.
3094 4524 3213 4579 haec
3241 4536 3370 4580 vero
3414 4538 3445 4578 ε
3470 4523 3750 4595 perfectio-

486 4614 639 4685 gelus
661 4613 753 4673 Dei
783 4633 1001 4673 manum
1035 4635 1185 4676 suam
1222 4622 1275 4677 in
1309 4621 1636 4688 Jerusalem,
1669 4632 1727 4679 ut
1754 4639 2069 4696 corrumpe-

487 4716 572 4761 ret
601 4722 743 4770 cam.
767 4722 823 4764 et
841 4711 1164 4781 deprecatus
1186 4724 1268 4769 est
1299 4714 1558 4770 Dominus
1591 4730 1754 4784 super
1781 4717 2062 4782 malitiam,

483 4805 538 4849 et
561 4796 637 4851 ait
660 4800 728 4853 ad
766 4799 1022 4870 angelum
1056 4803 1150 4871 qui
1188 4804 1585 4860 exterminabat
1609 4804 1897 4876 populum:
1925 4804 2068 4861 Satis

484 4898 589 4953 est,
628 4891 842 4945 remitte
867 4908 1086 4948 manum
1121 4904 1289 4950 tuam.
1321 4914 1340 4947 ι
1384 4896 1625 4952 Observa
1647 4913 1776 4968 ergo
1795 4900 2065 4969 quomodo

484 4994 587 5035 nec
639 4982 693 5035 in
739 4983 806 5037 iis
841 4985 1014 5041 tribus
1061 4988 1576 5045 comminationibus
1609 4990 1749 5045 Deus
1790 4990 2064 5047 invenitur

482 5072 551 5127 de
583 5087 758 5130 morte
788 5077 993 5133 dixisse
1026 5080 1191 5134 trium
1233 5081 1465 5139 dierum.
1494 5081 1547 5136 In
1569 5083 1753 5138 verbis
1778 5084 1924 5137 enim
1944 5083 2061 5139 Gad

483 5167 717 5234 positum
748 5174 848 5233 est,
882 5185 986 5225 non
1021 5172 1073 5226 in
1110 5172 1374 5227 mandatis
1408 5161 1620 5228 Domini
1651 5190 1665 5227 :
1699 5183 1752 5230 et
1789 5191 1895 5230 non
1920 5190 2063 5231 sem-

483 5271 579 5326 per
607 5274 669 5314 ea
701 5275 821 5331 quae
852 5276 950 5333 per
992 5266 1312 5335 prophetam
1342 5265 1619 5333 dicuntur,
1667 5268 1820 5339 quasi
1867 5283 1897 5321 a
1953 5268 2063 5324 Deo

484 5348 628 5406 dicta
676 5355 1054 5423 suscipiuntur
1111 5356 1250 5429 (66).
1295 5357 1538 5428 Denique
1585 5369 1641 5413 et
1697 5374 1792 5429 per
1840 5358 2058 5430 Moysen

484 5444 707 5510 quidem
743 5446 910 5503 multa
942 5446 1156 5505 locutus
1184 5458 1267 5505 est
1299 5451 1463 5516 Dens,
1494 5450 1768 5522 aliquanta
1802 5458 1980 5507 tamen
2007 5462 2064 5508 et

2175 4618 2325 4673 ribus
2350 4616 2618 4673 secretius
2643 4617 2974 4673 advertenda
2990 4616 3156 4673 sunt?

2241 4713 2296 4767 5.
2342 4713 2450 4768 Sed
2493 4721 2618 4781 post
2654 4712 2769 4767 habe
2818 4711 3035 4768 Balaam
3072 4728 3088 4767 :
3127 4727 3147 4764 ι
3194 4711 3334 4768 Ecce
3379 4711 3643 4783 inquit",
3678 4714 3752 4768 ad

2169 4800 2599 4857 benedicendum
2634 4810 2946 4872 assumptus
2972 4815 3120 4867 sum,
3153 4799 3492 4870 benedicam,
3538 4810 3593 4858 et
3639 4817 3747 4858 non

2172 4903 2416 4951 avertam
2450 4909 2593 4950 eam.
2629 4914 2648 4947 ι
2681 4894 2760 4948 Ad
2814 4892 3243 4950 benedicendum
3275 4892 3495 4948 Balaam
3543 4908 3750 4949 assum-

2171 4997 2296 5058 ptus
2322 4998 2431 5053 est,
2465 5001 2570 5042 non
2595 5003 2623 5041 a
2660 4984 2883 5051 Balach,
2912 4985 3006 5040 sed
3042 5001 3072 5040 a
3114 4986 3244 5051 Deo,
3274 4987 3367 5056 qui
3407 4985 3597 5058 injecit
3627 5001 3751 5042 ver-

2170 5082 2296 5137 bum
2325 5082 2377 5136 in
2418 5096 2482 5138 os
2504 5080 2642 5151 ejus,
2672 5092 2780 5150 quo
2812 5077 3069 5149 populum
3100 5078 3470 5145 benediceret,
3521 5087 3576 5134 et
3608 5079 3749 5134 hanc

2172 5171 2608 5226 benedictionem
2630 5184 2737 5225 non
2759 5170 2976 5225 avertit.
3014 5166 3123 5224 Nec
3144 5169 3288 5224 enim
3313 5178 3506 5240 potest,
3533 5168 3747 5223 etiamsi

2172 5262 2323 5331 velit,
2356 5264 2581 5319 verbum
2608 5261 2703 5317 Dei
2734 5262 2971 5316 humana
3009 5261 3197 5331 lingua
3243 5268 3582 5317 convertere.
3614 5257 3744 5313 Post

2176 5356 2287 5411 hazc
2332 5370 2346 5407 :
2386 5372 2406 5407 σ
2443 5354 2558 5409 Non
2585 5354 2710 5419 erit,
2747 5352 2922 5423 inquit
2962 5352 3030 5419 ⁸⁸,
3076 5351 3231 5407 labor
3260 5353 3313 5407 in
3345 5350 3532 5415 Jacoh,
3569 5364 3747 5419 neque

2174 5450 2445 5506 videbitur
2475 5448 2633 5505 dolor
2660 5449 2711 5502 in
2746 5446 2932 5503 Israel.
2972 5466 2990 5499 ι
3019 5446 3220 5516 Aperte
3245 5445 3296 5500 in
3324 5442 3443 5498 istis
3474 5441 3745 5497 sermoni-

556 5556 763 5631 “Jun.
802 5577 878 5625 χι,
906 5561 960 5614 ‘2.
1040 5561 1229 5619 ³⁵1011.
1265 5580 1348 5625 In.
1381 5564 1434 5627 1,
1462 5563 1516 5628 9,
1544 5564 1598 5625 ὁ,
1618 5566 1669 5619 5.
1748 5565 1795 5597 ³⁸
1829 5565 1957 5620 ibid.
1993 5566 2055 5620 l0

2172 5568 2197 5597 ‘7
2232 5565 2365 5623 ibid.
2395 5564 2449 5620 4.
2524 5564 2575 5598 ³⁸
2600 5562 2642 5618 ll
2669 5561 2801 5631 Reg.
2840 5576 2987 5627 xxiv,
3030 5560 3215 5619 ll-lfi.
3292 5556 3337 5590 θ’
3367 5555 3576 5631 Matth.
3630 5570 3745 5631 six,

484 5628 539 5681 8.
610 5629 656 5661 ιο
689 5632 817 5686 ibid.
853 5635 907 5697 4,
938 5632 991 5686 5.
1071 5633 1267 5687 “ibid.
1302 5634 1356 5688 6.
1423 5625 1955 5695 "imminuto.
2031 5636 2062 5667 δῖ

2172 5637 2250 5694 id.
2301 5638 2387 5691 12.
2465 5636 2509 5669 “
2553 5634 2686 5691 ibid.
2728 5625 2819 5691 25.
2895 5633 2941 5666 ⁸⁵
2974 5625 3012 5689 ll
3062 5633 3186 5688 Cor.
3242 5644 3319 5693 XI,
3359 5628 3443 5684 Π.
3520 5626 3568 5660 ⁸⁸
3632 5625 3743 5681 Jer.

485 5712 639 5763 xvm,
672 5701 828 5756 7-10.
910 5704 950 5733 ⁸⁷
993 5704 1149 5757 Num.
1182 5718 1339 5771 χχιιι,
1373 5704 1461 5761 20.
1545 5706 1589 5737 ιε
1621 5705 1752 5762 ibid.
1789 5707 1880 5761 21.

556 5811 668 5878 (66)
700 5813 867 5879 Alias,
917 5832 935 5867 ι
976 5814 1085 5873 dici
1121 5817 1514 5887 suscipiantur.
1558 5838 1577 5871 ι
1620 5818 1728 5874 Sed
1776 5836 1878 5877 ms.
1907 5828 1961 5877 ut
1995 5822 2046 5877 in
2080 5830 2267 5877 nostro
2302 5829 2472 5878 textu.
