4134 6448
414 320 519 375 895

1856 318 2176 375 ORIGENIS

3569 335 3675 391 696

421 445 521 495 bus
557 437 745 492 futura
783 435 907 490 vitae
937 435 1221 490 denuntiat
1263 444 1487 491 statum.
1526 436 1660 503 Quis
1696 438 1837 492 enim
1887 446 1992 498 est,
2028 442 2069 495 Α
2100 444 2184 489 est
2212 436 2378 504 gloria
2424 434 2725 491 unicornis.
2765 434 2857 492 Sic
2894 436 3039 489 enim
3065 426 3118 491 et
3155 442 3269 503 ipse
3303 436 3353 490 in
3387 433 3672 505 Evangelia

419 533 515 601 qui
550 532 689 584 hanc
722 530 887 582 vitam
920 528 1038 583 sine
1084 528 1272 583 labore
1318 538 1372 583 et
1402 528 1589 584 dolore
1617 529 1996 584 transcurrat?

421 624 531 678 Nec
563 624 607 677 si
638 621 833 675 Petrus
863 619 1078 688 aliquis,
1114 628 1206 673 aut
1258 620 1301 674 si
1356 619 1552 674 Paulus
1583 621 1675 677 sit.
1714 620 1995 688 Quomodo

423 730 527 769 non
565 714 617 768 in
650 713 835 766 labore
869 720 923 764 et
952 710 1139 764 dolore
1164 720 1248 765 est
1283 727 1404 765 cum
1430 722 1515 767 ter
1548 712 1715 782 virgis
1733 712 1992 777 cazditur,

418 806 585 861 semel
610 804 900 874 lapidatur,
929 812 1009 857 ter
1035 803 1382 871 naufragium
1434 802 1587 867 facit,
1643 805 1692 857 in
1727 803 1995 873 profundo

421 898 590 952 maris
622 897 707 950 die
735 911 799 950 ac
814 906 972 950 nocte
992 902 1097 957 est,
1122 894 1334 963 aliaque
1359 894 1641 949 innumera
1673 898 1993 964 perpetitur,

418 1005 538 1059 qua:
566 989 630 1042 de
666 988 941 1043 laboribus
983 988 1097 1042 suis
1135 1002 1199 1042 ac
1233 987 1512 1042 doloribus
1556 989 1750 1043 scribit
1776 989 1857 1043 ⁸⁸⁸2
1889 989 1994 1044 Sed

419 1081 491 1134 ibi
540 1080 682 1134 istud
712 1078 1092 1148 complebitur,
1126 1079 1218 1134 ubi
1267 1079 1471 1133 dictum
1513 1090 1595 1134 est
1632 1097 1645 1133 :
1685 1099 1704 1131 ι
1744 1080 1996 1151 Aufugiet

417 1172 592 1236 dolor,
627 1181 681 1226 et
716 1171 960 1236 tristitia,
990 1181 1042 1225 et
1071 1171 1304 1241 gemitus
1331 1170 1399 1225 '°.
1441 1190 1462 1224 ι
1506 1171 1657 1238 Quod
1685 1180 1862 1226 tamen
1888 1187 1991 1227 non

417 1262 483 1314 ad
511 1276 723 1326 omnes,
749 1262 846 1316 sed
878 1262 943 1315 ad
980 1276 1075 1316 eos
1109 1269 1346 1327 tantum,
1371 1263 1461 1331 qui
1509 1264 1717 1318 meritis
1741 1262 1909 1318 Jacob
1942 1273 1995 1317 et

418 1353 588 1407 Israel
618 1352 839 1419 fuerint,
865 1352 1136 1407 refertur:
1172 1362 1230 1407 ut
1260 1354 1359 1408 fuit
1384 1355 1473 1408 ille
1507 1369 1711 1424 pauper
1732 1355 1991 1418 Lazarus,

422 1444 514 1512 qui
551 1454 874 1513 praesentem
909 1445 1130 1514 quidem
1165 1446 1332 1499 vitam
1370 1446 1422 1499 in
1460 1445 1647 1501 labore
1694 1462 1759 1501 ac
1808 1447 1994 1502 dolore

420 1536 705 1605 transegit,
746 1536 815 1590 ibi
848 1544 1026 1591 autem
1049 1536 1251 1591 dicitur
1283 1537 1345 1592 ad
1372 1539 1626 1592 divitem:
1654 1556 1672 1589 ι
1695 1538 1989 1606 Memento,

416 1624 514 1689 fili,
547 1625 672 1694 quia
710 1634 760 1678 tu
797 1626 1054 1695 recepisti
1097 1628 1236 1681 bona
1271 1627 1325 1681 in
1367 1628 1479 1681 vita
1516 1639 1630 1694 tua,
1671 1638 1725 1683 et
1754 1628 1992 1684 Lazarus

416 1716 672 1770 similiter
695 1716 853 1769 mala.
887 1716 1041 1771 Nunc
1071 1728 1251 1772 autem
1304 1719 1390 1772 hic
1422 1720 1737 1789 requiescit,
1771 1731 1823 1775 tu
1862 1737 1992 1777 vero

415 1805 678 1860 cruciaris
713 1805 781 1860 ⁸⁸.
822 1825 839 1858 ι
878 1804 973 1860 Ille
1022 1823 1154 1877 ergo
1209 1817 1293 1863 est
1347 1809 1531 1876 Israel,
1591 1819 1645 1865 et
1680 1810 1869 1878 Jacob,
1936 1814 1988 1868 in

414 1912 573 1967 quem
620 1913 729 1953 non
776 1899 923 1954 venit
958 1898 1128 1962 labor,
1179 1910 1234 1955 et
1265 1902 1439 1955 dolor.
1484 1902 1643 1958 Dives
1689 1914 1867 1959 autem
1903 1905 1989 1960 illc

415 2000 534 2044 erat
561 1990 779 2059 quidem
812 2003 866 2046 et
895 1992 1010 2061 ipse
1050 1994 1348 2047 secundum
1376 2008 1594 2050 carnem
1624 1996 1808 2063 Israel,
1852 1998 1987 2053 dici-

420 2090 508 2135 tur
538 2081 682 2135 enim
714 2082 786 2149 ei,
827 2082 953 2152 quia
1004 2082 1205 2139 fratres
1243 2084 1327 2139 sui
1373 2086 1575 2141 habent
1604 2086 1749 2157 leges
1781 2095 1836 2143 et
1864 2102 1989 2157 pro-

416 2173 630 2244 phetas,
654 2175 882 2229 audiant
902 2174 1113 2241 illos”;
1145 2176 1238 2230 sed
1266 2176 1389 2245 quia
1426 2193 1531 2233 non
1551 2186 1668 2233 erat
1689 2179 1987 2234 secundum

414 2266 668 2336 spiritum
688 2266 877 2332 Israel,
904 2268 1025 2323 ideo
1050 2269 1199 2324 venit
1215 2284 1378 2338 super
1395 2270 1547 2325 illum
1566 2271 1720 2327 labor
1741 2282 1794 2327 et
1811 2272 1985 2328 dolor.

481 2360 538 2415 6.
559 2376 578 2411 ι
607 2359 865 2414 Dominus
898 2360 1043 2416 Deus
1075 2376 1206 2417 suus
1239 2379 1361 2418 cum
1389 2364 1526 2434 ipso,
1555 2364 1813 2434 praeclara
1840 2364 1989 2435 prin-

412 2450 597 2519 cipum
661 2466 783 2505 cum
819 2452 938 2522 ipso
987 2464 1116 2509 sunt
1142 2454 1210 2507 ⁸³.
1247 2472 1266 2506 ι
1319 2454 1605 2525 Nunquam
1635 2455 1782 2509 enim
1824 2455 1987 2511 Israel

412 2557 571 2597 suum
601 2544 808 2598 deserit
839 2544 1001 2601 Deus.
1033 2546 1273 2613 Quorum
1312 2558 1490 2602 autem
1517 2548 1819 2618 principum
1846 2564 1986 2617 prte-

414 2633 562 2688 clara
603 2650 729 2689 cum
787 2635 905 2705 ipso
953 2634 1121 2691 Israel
1176 2636 1319 2703 sint,
1370 2637 1667 2692 videamus.
1721 2636 1986 2693 Praeclara

411 2724 741 2795 principum,
782 2736 1026 2796 potestas
1080 2736 1186 2794 est,
1245 2728 1580 2799 principatus
1628 2739 1683 2785 et
1737 2743 1984 2801 regnum.

416 2815 612 2873 Verum
643 2819 899 2888 quoniam
932 2830 1059 2875 sunt
1097 2831 1155 2875 et
1200 2822 1368 2891 aliqui
1423 2821 1728 2891 principes,
1777 2821 1869 2890 qui
1921 2822 1987 2876 de

409 2911 717 2982 principatu
767 2927 887 2977 suo,
920 2913 1003 2968 vel
1035 2914 1306 2984 pellendi,
1340 2916 1422 2968 vel
1444 2915 1556 2983 jam
1589 2913 1735 2971 forte
1775 2914 1987 2985 depulsi

414 3013 558 3068 sunt,
606 3015 660 3059 et
703 3004 756 3058 in
800 3004 978 3059 locum
1015 3020 1080 3060 ac
1120 3005 1482 3076 principatum
1514 3020 1703 3061 eorum
1736 3006 1983 3061 introdu-

2104 528 2361 583 Dominus
2397 528 2529 583 dicit
2566 545 2579 581 :
2617 549 2633 580 ι
2675 528 2860 593 Pater,
2894 532 2959 583 da
2994 529 3121 594 illis,
3151 530 3373 586 utsicut
3399 543 3500 597 ego
3529 540 3583 584 et
3615 540 3669 585 tu

2100 636 2265 674 unum
2308 635 2529 685 sumus,
2564 622 2636 675 ita
2668 630 2725 675 et
2768 622 2854 675 isti
2904 621 2957 674 in
3013 622 3170 676 nobis
3202 636 3368 676 unum
3404 621 3513 676 sint
3539 622 3608 676 ".
3646 641 3664 674 ι

2097 713 2164 767 Ει
2195 714 2316 767 ideo
2348 713 2545 768 similis
2575 713 2749 781 gloria
2786 713 3010 767 dabitur
3035 713 3240 777 lsraeli,
3271 714 3411 768 sicut
3440 721 3527 768 est
3552 712 3670 783 glo-

2101 805 2175 858 ria
2208 804 2515 872 unicornis,
2557 805 2794 859 maxime
2851 819 2975 858 cum
3031 803 3439 859 transformabit
3471 819 3670 873 corpus

2100 895 2424 951 humilitatis
2451 904 2650 951 nostris
2682 895 2967 950 conforme
2991 896 3211 965 corpori
3243 895 3425 963 gloria:
3456 911 3567 949 suae
3601 896 3669 948 °°.

2167 989 2218 1041 7.
2253 1005 2272 1038 ι
2314 986 2432 1042 Non
2460 988 2563 1042 erit
2591 988 2873 1058 auguratio
2904 988 2954 1041 in
2989 987 3175 1052 Iacob,
3204 1002 3376 1056 neque
3413 988 3672 1044 divinatio

2099 1081 2150 1135 in
2186 1080 2376 1135 Israel.
2419 1080 2479 1135 In
2536 1089 2784 1149 tempore
2820 1080 3036 1135 dicetur
3067 1082 3133 1134 ad
3181 1079 3350 1136 Jacob
3401 1091 3455 1135 et
3507 1081 3670 1137 Israel

2096 1170 2224 1239 quid
2278 1170 2530 1240 perficiet
2572 1171 2716 1225 Deus
2750 1172 2821 1225 ⁶¹.
2858 1189 2876 1222 ι
2906 1170 3072 1241 Igitur
3100 1171 3353 1239 quoniam
3388 1172 3559 1225 visum
3587 1179 3672 1225 est

2089 1261 2203 1330 jam
2243 1263 2401 1318 nobis
2438 1262 2752 1332 diligentius
2778 1263 2843 1317 de
2880 1261 3116 1331 singulis
3146 1262 3452 1331 quibusque
3482 1263 3669 1318 discu-

2097 1364 2232 1419 tere,
2266 1368 2371 1408 non
2396 1354 2671 1408 videbitur
2704 1354 3023 1419 absurdum,
3050 1356 3095 1410 si
3118 1356 3279 1410 etiam
3307 1355 3435 1424 quid
3470 1354 3542 1410 sit
3571 1370 3670 1409 au-

2095 1447 2346 1515 guratio,
2411 1445 2495 1500 vel
2552 1445 2838 1512 divinatio,
2893 1447 3151 1515 quoniam
3202 1447 3418 1516 quidem
3473 1446 3671 1516 placuit

2095 1539 2395 1608 Scriptura:
2423 1553 2852 1595 commemorare
2877 1539 2944 1592 de
2983 1538 3071 1603 iis,
3106 1553 3172 1593 ne
3200 1539 3321 1608 quis
3346 1540 3483 1592 forte
3519 1539 3672 1607 igno-

2094 1642 2285 1687 ranter
2318 1633 2371 1687 in
2406 1635 2522 1687 haec
2573 1633 2796 1697 incidat,
2858 1631 3221 1700 requiramus.
3280 1628 3511 1684 Videtur
3540 1644 3671 1699 ergo

2095 1725 2227 1778 mihi
2258 1724 2568 1778 futurorum
2604 1723 2949 1792 praescientia
2974 1731 3234 1792 quantum
3267 1723 3333 1776 ad
3362 1722 3529 1791 ipsam
3556 1736 3670 1775 rem

2094 1828 2325 1887 spectat,
2360 1818 2598 1871 medium
2632 1816 2891 1885 quiddam
2937 1830 3078 1882 esse,
3125 1815 3176 1869 id
3218 1824 3300 1869 est
3334 1829 3509 1884 neque
3547 1831 3671 1882 pro-

2093 1912 2208 1980 prie
2237 1911 2460 1975 bonum,
2499 1923 2671 1977 neque
2702 1908 2918 1978 proprie
2946 1907 3146 1961 malum
3179 1924 3193 1961 :
3229 1908 3666 1976 quandoquidem

2093 2012 2273 2074 potest
2310 2003 2582 2057 interdum
2611 2002 2775 2056 etiam
2814 2016 2843 2053 a
2872 2009 3028 2069 parte
3053 1998 3254 2053 diaboli
3288 2000 3352 2052 ad
3389 1998 3666 2052 hominum

2094 2098 2346 2153 notitiam
2387 2096 2695 2149 futurorum
2726 2094 2915 2148 venire
2949 2093 3315 2163 pret-scientia.
3345 2091 3475 2147 Sine
3505 2093 3669 2147 dubio

2091 2198 2272 2242 autem
2302 2202 2428 2241 cum
2466 2195 2677 2256 tempus
2723 2196 2779 2241 et
2807 2184 3191 2256 opportunitas
3220 2185 3418 2254 poscit,
3471 2193 3525 2237 et
3573 2199 3669 2239 vo-

2092 2280 2273 2335 luntas
2308 2280 2399 2334 Dei
2429 2278 2614 2344 fuerit,
2653 2279 2816 2333 datur
2836 2278 2999 2333 etiam
3032 2292 3061 2331 a
3111 2278 3221 2332 Deo
3250 2293 3347 2347 per
3376 2279 3667 2348 prophetas

2091 2372 2407 2428 hominibus
2431 2371 2800 2442 praescientia;
2826 2380 2883 2424 et
2905 2370 3025 2425 ideo
3043 2370 3301 2434 diximus,
3336 2371 3459 2439 quia
3494 2385 3668 2439 neque

2093 2465 2313 2534 pr0prie
2345 2465 2546 2518 bonum
2592 2463 2697 2517 dici
2732 2471 2934 2531 potest,
2965 2463 3109 2532 quod
3140 2461 3429 2529 aliquando
3460 2477 3489 2517 a
3528 2461 3670 2516 malo

2091 2555 2271 2620 venit;
2305 2568 2480 2623 neque
2511 2553 2725 2623 proprie
2747 2552 2970 2616 malum,
3007 2553 3151 2622 quod
3185 2552 3470 2621 aliquando
3498 2568 3527 2607 a
3562 2552 3670 2607 Deo

2094 2644 2398 2699 descendit.
2432 2643 2497 2698 Et
2522 2643 2772 2713 quamvis
2794 2645 2860 2698 de
2884 2642 2986 2697 hoc
3018 2643 3358 2699 abundanter
3406 2644 3571 2699 etiam
3602 2659 3668 2698 ex

2093 2732 2396 2804 Scripturis
2446 2733 2645 2788 divinis
2696 2732 2941 2802 exempla
3002 2734 3370 2803 suppeditent,
3426 2734 3671 2790 sufficere

2094 2835 2278 2881 tamen
2311 2826 2590 2880 credimus
2636 2825 2680 2879 si
2714 2833 2929 2879 utamur
2956 2839 3041 2889 eo,
3091 2824 3236 2893 quod
3274 2824 3326 2878 in
3361 2824 3668 2893 Regnorum

2092 2918 2234 2973 libro
2266 2919 2530 2987 scriptum
2565 2916 2836 2987 legimus:
2872 2917 2961 2971 ubi
2997 2932 3125 2971 arca
3153 2915 3245 2970 Dei
3272 2914 3341 2969 ab
3367 2915 3669 2987 Allophylis

2092 3021 2247 3081 capta
2275 3019 2378 3077 est,
2417 3018 2472 3065 et
2505 2991 2737 3066 deduc-ta
2771 3009 2825 3064 in
2853 3010 3110 3071 Azotum,
3140 3017 3195 3064 et
3245 3009 3319 3063 ibi
3356 3026 3375 3059 ι
3412 3008 3663 3062 introdu-

408 3096 566 3150 cendi
599 3096 656 3160 ii,
693 3095 784 3165 qui
821 3110 951 3151 vere
989 3096 1247 3151 Israelita:
1276 3106 1421 3164 sunt,
1459 3096 1720 3167 praeclara
1749 3096 1841 3151 illa
1865 3112 1983 3152 om-
2009 3112 2052 3171 (ς
2086 3104 2324 3168 xerunt;
2349 3101 2525 3173 inquit
2570 3102 2644 3169 θ’,
2678 3117 2800 3157 eam
2831 3101 2885 3155 in
2926 3101 3143 3156 domum
3167 3100 3375 3171 Dagon,
3400 3110 3455 3156 et
3478 3101 3667 3154 inve"-

410 3189 521 3252 nia,
555 3205 674 3259 quae
704 3189 1012 3245 habuerunt
1044 3189 1096 3243 in
1120 3188 1275 3244 caelis
1300 3189 1374 3243 illi
1410 3190 1705 3260 principes,
1740 3189 1832 3258 qui
1878 3205 1984 3244 non

407 3291 766 3336 servaverunt
791 3280 1155 3350 principatum
1189 3296 1383 3346 suum,
1433 3282 1530 3336 sed
1581 3281 1987 3350 dereliquerunt

411 3382 615 3427 (eterna
639 3371 936 3438 domicilia,
966 3371 1134 3427 Israel
1160 3373 1264 3429 iste
1307 3382 1362 3426 et
1384 3371 1571 3439 Iacob,
1604 3372 1694 3442 qui
1724 3372 1979 3428 collucta-

410 3474 495 3518 tus
532 3472 619 3519 est
646 3472 700 3519 et
720 3464 872 3529 vicit,
904 3465 1158 3535 accipiet,
1180 3476 1233 3520 et
1267 3466 1347 3521 sic
1370 3482 1489 3521 cum
1522 3465 1639 3536 ipso
1664 3478 1820 3521 erunt
1846 3483 1986 3536 prae-

406 3555 553 3609 clara
588 3556 915 3627 principum.
945 3577 963 3609 ι
992 3557 1134 3613 Deus
1159 3556 1252 3627 qui
1275 3558 1463 3614 eduxit
1489 3574 1613 3613 eum
1641 3572 1707 3613 ex
1744 3557 1985 3632 :Egypto

406 3645 548 3700 sicut
579 3645 751 3715 gloria
784 3647 1068 3702 unicornis
1093 3648 1142 3703 ei
1165 3646 1234 3702 “.
1289 3667 1307 3700 ι
1354 3648 1592 3704 Eductus
1622 3658 1703 3704 est
1738 3650 1827 3705 ille
1858 3651 1982 3721 qui-

407 3741 528 3794 dem
569 3739 737 3794 Israel
765 3739 835 3797 de
867 3740 1105 3811 [Egypto
1138 3741 1237 3795 ista
1273 3750 1508 3807 terrena,
1542 3741 1631 3796 hic
1662 3751 1843 3798 autem
1871 3744 1982 3812 spi-

407 3832 581 3887 ritalis
613 3833 777 3888 Israel
810 3834 874 3889 de
893 3833 1131 3905 Egypto
1159 3834 1365 3901 saeculi,
1408 3844 1462 3889 et
1489 3834 1555 3889 de
1581 3844 1853 3905 potestate
1901 3845 1984 3889 te-

408 3928 724 3993 nebrarum,
773 3938 828 3981 et
875 3936 961 3981 est
999 3926 1174 3997 gloria
1211 3926 1330 3996 ejus
1375 3937 1634 3997 tauquam
1680 3925 1983 3981 unicornis.

411 4019 705 4076 Unicornis
734 4022 949 4091 quidem
989 4020 1161 4076 fertur
1188 4034 1310 4076 esse
1338 4021 1542 4076 animal
1564 4035 1630 4076 eo
1655 4019 1842 4075 habitu
1876 4019 1986 4073 for-

405 4124 634 4180 matum,
661 4130 768 4184 quo
798 4112 1038 4170 nominis
1066 4113 1235 4183 ipsius
1252 4112 1499 4184 designat
1527 4112 1804 4167 indicium.
1828 4108 1983 4177 Quod

403 4207 609 4263 animal
638 4206 956 4278 frequenter
984 4208 1040 4263 in
1065 4204 1369 4277 Scripturis
1396 4204 1595 4259 divinis
1627 4202 1864 4273 positum
1902 4202 1983 4257 le-

403 4301 601 4371 gimus,
635 4302 730 4356 sed
764 4300 1038 4373 praecipue
1069 4300 1209 4371 apud
1244 4298 1346 4355 Job
1374 4297 1420 4330 ⁸⁸
1451 4298 1545 4352 Dei
1567 4298 1738 4366 ipsius
1764 4296 1987 4352 vocibus

406 4393 648 4462 potentia
682 4395 800 4463 ejus
835 4403 891 4449 et
920 4393 1092 4448 virtus
1116 4391 1440 4462 exponitur,
1483 4391 1534 4445 in
1575 4389 1792 4460 quibus,
1844 4397 1900 4442 ut
1931 4388 1983 4442 in

2093 3206 2178 3251 tus
2209 3202 2292 3251 est
2326 3193 2513 3264 Dagon
2546 3194 2804 3249 recidisse
2822 3208 3024 3264 pronus
3050 3194 3104 3248 in
3124 3202 3325 3248 terram
3346 3202 3471 3247 ante
3487 3207 3668 3246 arcam

2090 3288 2401 3343 testamenti
2435 3286 2670 3342 Domini.
2705 3285 2768 3340 Et
2814 3296 3045 3355 gravata
3088 3293 3174 3340 est
3228 3300 3422 3339 manus
3455 3284 3665 3338 Domini

2090 3394 2257 3447 super
2281 3378 2513 3442 Azotos,
2554 3387 2609 3432 et
2640 3377 2919 3447 dissipavit
2949 3391 3066 3442 eos,
3109 3385 3165 3430 et
3196 3378 3463 3445 percussit
3488 3391 3584 3431 eos
3613 3376 3666 3428 in

2091 3472 2330 3527 natibus.
2363 3489 2381 3521 ›
2413 3468 2546 3524 Post
2594 3470 2730 3533 haec,
2783 3468 2980 3536 inquit,
3031 3466 3274 3536 ingressa
3320 3477 3404 3522 est
3441 3482 3566 3520 arca
3612 3467 3666 3519 in

2089 3564 2360 3629 ACcaron,
2392 3570 2448 3616 et
2486 3560 2753 3614 miserunt
2780 3558 3240 3623 Accaronienses,
3288 3566 3342 3611 et
3370 3571 3666 3626 congrega-

2090 3662 2283 3710 verunt
2312 3666 2500 3707 omnes
2529 3651 2787 3720 Satrapas
2824 3648 3261 3720 Allophylorum,
3298 3666 3316 3699 ι
3357 3655 3413 3701 et
3440 3659 3668 3713 congre-

2089 3750 2357 3816 gavcrunt
2386 3742 2697 3797 sacerdotes
2725 3751 2779 3795 et
2806 3740 3023 3795 divinos
3051 3753 3180 3794 suos
3208 3739 3453 3794 dicentes
3483 3753 3497 3789 :
3527 3737 3668 3804 Quid

2088 3835 2357 3890 faciemus
2378 3831 2541 3903 332
2578 3846 2721 3886 arcae
2754 3830 3005 3888 Domini?
3037 3829 3282 3884 Indicate
3333 3830 3488 3884 nobis
3533 3845 3670 3898 quo-

2090 3927 2250 3981 modo
2288 3927 2630 3980 remittamus
2666 3940 2785 3979 eam
2828 3924 2880 3979 in
2918 3923 3094 3978 locum
3125 3937 3303 3978 suum.
3352 3921 3670 3992 Responde—

2092 4027 2219 4073 runt
2250 4017 2564 4073 sacerdotes
2596 4025 2651 4071 ct
2684 4014 2855 4070 divini
2886 4033 2901 4072 :
2947 4014 3004 4069 Si
3035 4014 3313 4070 remittitis
3344 4030 3531 4070 arcam
3567 4014 3672 4068 Do-

2090 4109 2219 4166 mini
2258 4108 2351 4163 Dei
2385 4106 2570 4172 lsrael,
2605 4106 2771 4161 nolite
2811 4122 2933 4160 eam
2983 4106 3257 4160 dimittere
3289 4106 3527 4173 inanem,
3571 4105 3666 4159 sed

2089 4203 2281 4257 dantes
2313 4200 2513 4255 dabitis
2541 4199 2588 4254 ei
2626 4213 2723 4268 pro
2767 4198 2986 4262 delicto,
3037 4206 3093 4253 et
3136 4208 3267 4253 tunc
3313 4195 3672 4258 sanabimini,

2090 4302 2145 4350 et
2176 4293 2482 4349 innotescet
2508 4290 2682 4346 vobis.
2707 4289 2802 4344 Sin
2836 4300 3039 4355 autem,
3067 4303 3172 4343 non
3200 4287 3442 4343 discedet
3476 4300 3670 4340 manus

2092 4389 2209 4459 ejus
2255 4402 2283 4441 a
2327 4386 2488 4442 vobis
2519 4385 2585 4441 ⁸³.
2624 4404 2642 4437 ι
2680 4385 2747 4439 Et
2786 4392 2908 4453 post
2945 4395 3115 4451 pauca
3160 4396 3176 4434 :
3222 4399 3240 4432 ι
3292 4380 3359 4435 Et
3383 4394 3548 4443 nunc,
3588 4379 3669 4431 in-

401 4485 848 4555 quamplurimis,
878 4485 1131 4541 Christus
1154 4482 1467 4553 intelligitur
1495 4481 1794 4551 designari.
1835 4481 1901 4535 Et
1931 4482 1981 4534 in
2017 4482 2062 4541 D
2093 4480 2211 4549 quit
2238 4478 2302 4543 °‘,
2341 4477 2502 4531 facite
2550 4489 2772 4530 carrum
2820 4487 3045 4536 novum,
3076 4470 3214 4524 duas
3267 4484 3461 4525 vaccas
3507 4467 3671 4523 ftetas

406 4578 712 4647 Scripturis
740 4577 945 4633 divinis
998 4592 1167 4631 cornu
1205 4591 1303 4645 pro
1346 4590 1512 4643 regno
1564 4574 1797 4644 positum
1847 4586 1989 4641 saepe

416 4671 743 4741 reperimus,
780 4671 921 4726 sicut
959 4680 1013 4725 et
1046 4670 1306 4741 propheta
1338 4670 1471 4724 dicit
1508 4686 1522 4721 :
1562 4688 1579 4719 ι
1612 4668 1852 4734 Quatuor
1886 4681 1987 4721 au-

415 4772 523 4817 tem
556 4777 787 4828 cornua,
819 4771 1052 4832 quatuor
1100 4777 1265 4831 regna
1299 4771 1426 4817 sunt
1457 4759 1523 4813 ³⁸.
1566 4780 1586 4813 ι
1618 4758 1733 4814 Sub
1769 4758 1990 4812 nomine

409 4856 596 4926 itaque
628 4857 931 4921 unicornis,
972 4857 1023 4911 in
1058 4854 1279 4911 Christo
1334 4856 1436 4909 hoc
1485 4853 1699 4908 videtur
1747 4852 1985 4916 ostendi,

406 4945 533 5013 quia
575 4959 736 4999 omne
761 4944 902 5014 quod
935 4953 1041 5009 est,
1081 4960 1244 4999 unum
1271 4943 1389 5014 ejus
1421 4957 1590 4998 cornu
1618 4950 1721 5007 est,
1754 4940 1857 4996 hoc
1901 4951 1989 4996 est

407 5053 576 5091 unum
629 5052 853 5107 regnum
905 5036 1043 5107 ejus.
1102 5036 1295 5093 Omnia
1349 5036 1497 5091 enim
1553 5036 1709 5091 Pater
1755 5032 1987 5101 subjecit

406 5129 507 5184 sub
535 5128 762 5199 pedibus
789 5128 835 5161 "
862 5128 980 5199 ejus
1023 5143 1307 5198 usquequo
1340 5137 1395 5182 et
1438 5126 1767 5182 novissimus
1800 5124 1985 5179 inimio

405 5236 502 5277 cus
540 5222 863 5277 destruatur
900 5234 1067 5286 mors,
1110 5230 1165 5276 et
1207 5230 1465 5288 tanquam
1509 5217 1791 5273 unicornis
1817 5232 1982 5271 unum

403 5315 648 5369 omnium
693 5328 921 5383 regnum
965 5320 1147 5367 teneat
1191 5310 1468 5376 Christus,
1499 5309 1628 5379 quia
1662 5310 1803 5364 sicut
1847 5306 1985 5363 scri-

404 5416 553 5476 ptum
588 5414 669 5461 est
697 5421 711 5458 :
746 5423 762 5456 ι
801 5404 970 5474 Regni
999 5404 1116 5473 ejus
1135 5418 1242 5457 non
1271 5402 1378 5457 erit
1403 5402 1523 5457 linis
1543 5401 1665 5469 ⁸⁸.,ι
1695 5399 1982 5469 Eritergo,

407 5498 607 5568 inquit,
636 5499 709 5565 ei,
738 5497 840 5553 hoc
871 5506 956 5553 est
994 5494 1186 5552 Israeli
1210 5494 1285 5550 illi
1318 5492 1573 5565 spiritali,
1609 5492 1803 5564 gloria,
1842 5492 1988 5545 sicut

476 5662 520 5692 δ’
545 5662 584 5715 Il
620 5662 746 5716 Cor.
779 5680 855 5717 ιιι.
949 5665 995 5697 ⁵ο
1020 5664 1140 5719 lsai.
1167 5679 1335 5729 xxxv,
1367 5664 1449 5717 10.
1526 5665 1569 5697 ⁸³
1604 5664 1734 5717 Luc.
1760 5678 1872 5729 xvr,
1901 5662 1991 5716 25.

412 5748 599 5794 xxxrx,
644 5733 699 5786 9.
776 5735 821 5764 "
858 5735 1062 5790 Daniel.
1086 5751 1202 5792 vtu.
1242 5736 1333 5792 22.
1431 5736 1476 5777 ⁸7
1510 5735 1522 5788 l
1551 5735 1677 5790 Cor.
1708 5750 1797 5798 xv,
1830 5733 1920 5786 90.

407 5803 449 5835 “
480 5801 637 5858 Num.
673 5818 827 5868 mu,
854 5806 946 5859 ‘25.
1055 5807 1096 5837 ⁶²
1127 5807 1142 5860 I
1177 5805 1309 5875 Reg.
1346 5822 1399 5873 ν,
1425 5806 1479 5871 ἓν
1506 5808 1557 5873 5»
1600 5806 1687 5861 ίθο

2017 5731 2063 5763 ⁵⁸
2092 5732 2220 5786 Luc.
2253 5747 2289 5791 ι,
2319 5730 2407 5787 55.

1820 5804 1901 5858 ⁶³Ι
1936 5803 2067 5875 Reg.
2109 5818 2181 5869 vt,
2212 5802 2266 5868 Ξ,
2300 5800 2353 5865 '5,
2389 5809 2438 5856 ct
2470 5815 2625 5871 seqq.

2064 4569 2373 4633 ~assumite,
2405 4567 2602 4637 quibus
2623 4564 2813 4635 jugum
2850 4578 2957 4618 non
2983 4570 3067 4616 est
3094 4561 3429 4630 impositum,
3457 4568 3512 4614 et
3542 4560 3670 4630 jun-

2089 4664 2201 4734 gite
2241 4674 2436 4714 vaccas
2465 4658 2532 4712 ad
2561 4672 2799 4722 carrum,
2829 4666 2882 4710 et
2909 4654 3073 4711 fanus
3098 4670 3285 4709 carum
3315 4665 3462 4709 retro
3497 4654 3668 4707 abdu-

2089 4755 2201 4811 cite
2221 4753 2289 4807 ad
2315 4753 2533 4806 domum
2567 4763 2580 4799 :
2619 4758 2672 4801 et
2698 4748 2961 4803 assumite
2990 4761 3173 4801 arcam
3209 4744 3441 4809 Domini,
3478 4753 3533 4798 et
3562 4743 3668 4797 im-

2092 4844 2278 4916 ponite
2312 4859 2430 4898 eam
2461 4855 2627 4911 super
2651 4855 2889 4906 carrmn,
2916 4850 2971 4895 et
3012 4854 3139 4894 vasa
3163 4854 3327 4893 aurea
3351 4852 3473 4906 qua:
3504 4836 3670 4891 obtu-

2092 4940 2237 4995 listis
2263 4940 2311 4994 ei
2341 4950 2437 5008 pro
2473 4934 2694 5001 delicto,
2722 4933 2882 4989 simul
2927 4932 3109 5003 ponite
3136 4947 3299 5002 super
3344 4945 3587 4996 carrum,
3617 4937 3672 4983 et

2090 5031 2271 5086 omnia
2319 5039 2506 5085 sancta
2570 5028 2725 5091 ejus:
2761 5034 2817 5080 et
2869 5024 3126 5079 dimittite
3168 5038 3312 5088 eam,
3355 5031 3410 5075 et
3460 5022 3668 5074 vadat:

2088 5134 2144 5180 et
2162 5123 2362 5188 videte,
2392 5119 2662 5191 siquidem
2695 5117 2846 5171 Vadit
2875 5131 2969 5186 per
3001 5116 3141 5169 viam
3171 5128 3331 5170 suam
3356 5122 3411 5169 et
3437 5114 3504 5167 ad
3531 5111 3671 5167 ﬁnes

2093 5231 2225 5274 suos
2277 5213 2523 5269 ascendit
2563 5213 2614 5267 in
2651 5208 2981 5274 Bethsamis,
3014 5207 3127 5276 ipsa
3183 5205 3339 5259 nobis
3366 5204 3496 5259 fecit
3528 5202 3670 5257 mala

2093 5311 2210 5366 haec
2229 5321 2443 5377 magna.
2470 5305 2531 5361 Si
2562 5314 2742 5360 autem
2775 5319 2880 5359 non
2911 5300 3059 5354 vadit
3083 5297 3237 5363 illuc,
3271 5297 3508 5352 sciemus
3539 5295 3667 5367 quia

2093 5415 2287 5455 manus
2316 5400 2432 5467 ejus
2462 5412 2567 5451 non
2595 5394 2823 5465 contigit
2857 5407 2977 5458 nos,
3004 5391 3096 5446 sed
3119 5388 3345 5444 fortuitu
3377 5389 3490 5442 haec
3513 5386 3671 5441 nobis

2094 5491 2432 5548 acciderunt.
2474 5508 2492 5542 ι
2520 5486 2759 5543 Observa
2793 5499 2923 5555 ergo
2972 5484 3027 5539 in
3056 5483 3147 5549 iis,
3185 5479 3455 5551 quomodo
3482 5490 3659 5533 sacer-

2488 5657 2532 5730 ν
2566 5656 2758 5730 sum.
3014 5651 3132 5730 an-
3183 5647 3413 5730 31')“-
3500 5644 3671 5730 "te

2487 5729 2530 5759 ⁵⁸
2556 5726 2714 5783 Joan.
2755 5742 2890 5786 xvn,
2919 5715 3007 5778 “2|.
3089 5721 3133 5751 ⁶⁰
3183 5720 3416 5790 Philipp.
3454 5733 3538 5785 ιιι,
3571 5715 3665 5771 (ιι.

2487 5815 2625 5862 seqq.
2709 5798 2751 5829 δ”
2785 5797 2914 5851 ibid.
2951 5795 2979 5845 '7
3008 5802 3062 5849 ct
3087 5807 3240 5862 seqq.

2069 5662 2115 5693 "
2145 5660 2276 5715 ibid.
2317 5657 2409 5713 29.
