  <div class='ocr_page' id='page_1' title='image "/cluster/home/n/w/nwhite01/storage/ocr_20150623/12:no.2/coo.31924054873074/362.png"; bbox 0 0 4134 6430; ppageno 0'>
   <div class='ocr_carea' id='block_1_1' title="bbox 399 407 499 464">
    <p class='ocr_par' dir='ltr' id='par_1_1' title="bbox 399 407 499 464">
     <span class='ocr_line' id='line_1_1' title="bbox 399 407 499 464; baseline -0.05 1"><span class='ocrx_word' id='word_1_1' title='bbox 399 407 499 464; x_wconf 78' lang='lat'><strong>697</strong></span> 
     </span>
    </p>
   </div>
   <div class='ocr_carea' id='block_1_2' title="bbox 1568 405 2517 462">
    <p class='ocr_par' dir='ltr' id='par_1_2' title="bbox 1568 405 2517 462">
     <span class='ocr_line' id='line_1_2' title="bbox 1568 405 2517 462; baseline 0 -2"><span class='ocrx_word' id='word_1_2' title='bbox 1568 406 1634 460; x_wconf 81' lang='lat' dir='ltr'><strong>IN</strong></span> <span class='ocrx_word' id='word_1_3' title='bbox 1680 405 2015 462; x_wconf 80' lang='lat' dir='ltr'><strong>NUMEROS</strong></span> <span class='ocrx_word' id='word_1_4' title='bbox 2051 406 2339 462; x_wconf 65' lang='lat' dir='ltr'><strong>I-lOMlLlA</strong></span> <span class='ocrx_word' id='word_1_5' title='bbox 2379 406 2517 461; x_wconf 74' lang='lat' dir='ltr'><strong>XVI.</strong></span> 
     </span>
    </p>
   </div>
   <div class='ocr_carea' id='block_1_3' title="bbox 3561 409 3668 466">
    <p class='ocr_par' dir='ltr' id='par_1_3' title="bbox 3561 409 3668 466">
     <span class='ocr_line' id='line_1_3' title="bbox 3561 409 3668 466; baseline 0 -1"><span class='ocrx_word' id='word_1_6' title='bbox 3561 409 3668 466; x_wconf 78' lang='lat'><strong>693</strong></span> 
     </span>
    </p>
   </div>
   <div class='ocr_carea' id='block_1_4' title="bbox 399 525 3669 596">
    <p class='ocr_par' dir='ltr' id='par_1_4' title="bbox 399 525 3669 596">
     <span class='ocr_line' id='line_1_4' title="bbox 399 525 3669 596; baseline 0.002 -18"><span class='ocrx_word' id='word_1_7' title='bbox 399 528 551 581; x_wconf 90' lang='lat' dir='ltr'><strong>dotes</strong></span> <span class='ocrx_word' id='word_1_8' title='bbox 593 536 646 582; x_wconf 88' lang='lat' dir='ltr'><strong>et</strong></span> <span class='ocrx_word' id='word_1_9' title='bbox 680 526 848 581; x_wconf 91' lang='lat' dir='ltr'><strong>divini</strong></span> <span class='ocrx_word' id='word_1_10' title='bbox 888 540 1116 584; x_wconf 84' lang='lat' dir='ltr'><strong>causam</strong></span> <span class='ocrx_word' id='word_1_11' title='bbox 1164 525 1453 591; x_wconf 86' lang='lat' dir='ltr'><strong>malorum,</strong></span> <span class='ocrx_word' id='word_1_12' title='bbox 1490 540 1611 593; x_wconf 71' lang='lat' dir='ltr'><strong>qua:</strong></span> <span class='ocrx_word' id='word_1_13' title='bbox 1669 525 1987 580; x_wconf 87' lang='lat' dir='ltr'><strong>acciderant</strong></span> <span class='ocrx_word' id='word_1_14' title='bbox 2019 530 2060 584; x_wconf 84' lang='grc' dir='ltr'>Α</span> <span class='ocrx_word' id='word_1_15' title='bbox 2094 541 2222 580; x_wconf 92' lang='lat' dir='ltr'><strong>suos</strong></span> <span class='ocrx_word' id='word_1_16' title='bbox 2259 526 2310 579; x_wconf 91' lang='lat' dir='ltr'><strong>in</strong></span> <span class='ocrx_word' id='word_1_17' title='bbox 2344 526 2466 596; x_wconf 90' lang='lat' dir='ltr'><strong>igne</strong></span> <span class='ocrx_word' id='word_1_18' title='bbox 2503 525 2554 578; x_wconf 94' lang='lat' dir='ltr'><strong>in</strong></span> <span class='ocrx_word' id='word_1_19' title='bbox 2598 525 2937 593; x_wconf 83' lang='lat' dir='ltr'><strong>Gehennom,</strong></span> <span class='ocrx_word' id='word_1_20' title='bbox 2978 537 3030 582; x_wconf 89' lang='lat' dir='ltr'><strong>et</strong></span> <span class='ocrx_word' id='word_1_21' title='bbox 3075 528 3432 594; x_wconf 84' lang='lat' dir='ltr'><strong>sortiebatur,</strong></span> <span class='ocrx_word' id='word_1_22' title='bbox 3459 542 3513 584; x_wconf 86' lang='lat' dir='ltr'><strong>et</strong></span> <span class='ocrx_word' id='word_1_23' title='bbox 3549 546 3669 584; x_wconf 81' lang='lat' dir='ltr'><strong>ma-</strong></span> 
     </span>
    </p>
   </div>
   <div class='ocr_carea' id='block_1_5' title="bbox 398 618 1979 690">
    <p class='ocr_par' dir='ltr' id='par_1_5' title="bbox 398 618 1979 690">
     <span class='ocr_line' id='line_1_5' title="bbox 398 618 1979 690; baseline 0 -18"><span class='ocrx_word' id='word_1_24' title='bbox 398 618 721 690; x_wconf 82' lang='lat' dir='ltr'><strong>Allophylis,</strong></span> <span class='ocrx_word' id='word_1_25' title='bbox 752 630 932 674; x_wconf 89' lang='lat' dir='ltr'><strong>utrum</strong></span> <span class='ocrx_word' id='word_1_26' title='bbox 962 633 1026 673; x_wconf 82' lang='lat' dir='ltr'><strong>ex</strong></span> <span class='ocrx_word' id='word_1_27' title='bbox 1061 634 1223 674; x_wconf 90' lang='lat' dir='ltr'><strong>manu</strong></span> <span class='ocrx_word' id='word_1_28' title='bbox 1262 620 1375 685; x_wconf 92' lang='lat' dir='ltr'><strong>Dei,</strong></span> <span class='ocrx_word' id='word_1_29' title='bbox 1408 628 1461 673; x_wconf 92' lang='lat' dir='ltr'><strong>et</strong></span> <span class='ocrx_word' id='word_1_30' title='bbox 1491 634 1586 686; x_wconf 92' lang='lat' dir='ltr'><strong>pro</strong></span> <span class='ocrx_word' id='word_1_31' title='bbox 1616 633 1756 672; x_wconf 72' lang='lat' dir='ltr'><strong>arere</strong></span> <span class='ocrx_word' id='word_1_32' title='bbox 1782 620 1979 688; x_wconf 82' lang='lat' dir='ltr'><strong>injuria</strong></span> 
     </span>
    </p>
   </div>
   <div class='ocr_carea' id='block_1_6' title="bbox 400 708 1980 777">
    <p class='ocr_par' dir='ltr' id='par_1_6' title="bbox 400 708 1980 777">
     <span class='ocr_line' id='line_1_6' title="bbox 400 708 1980 777; baseline 0 -18"><span class='ocrx_word' id='word_1_33' title='bbox 400 711 632 777; x_wconf 88' lang='lat' dir='ltr'><strong>venerit,</strong></span> <span class='ocrx_word' id='word_1_34' title='bbox 666 725 732 763; x_wconf 92' lang='lat' dir='ltr'><strong>an</strong></span> <span class='ocrx_word' id='word_1_35' title='bbox 778 709 1002 763; x_wconf 82' lang='lat' dir='ltr'><strong>fortuitu</strong></span> <span class='ocrx_word' id='word_1_36' title='bbox 1052 710 1337 774; x_wconf 89' lang='lat' dir='ltr'><strong>acciderit,</strong></span> <span class='ocrx_word' id='word_1_37' title='bbox 1384 708 1677 777; x_wconf 87' lang='lat' dir='ltr'><strong>prepositis</strong></span> <span class='ocrx_word' id='word_1_38' title='bbox 1732 719 1980 762; x_wconf 90' lang='lat' dir='ltr'><strong>contem-</strong></span> 
     </span>
    </p>
   </div>
   <div class='ocr_carea' id='block_1_7' title="bbox 401 800 1981 869">
    <p class='ocr_par' dir='ltr' id='par_1_7' title="bbox 401 800 1981 869">
     <span class='ocr_line' id='line_1_7' title="bbox 401 800 1981 869; baseline -0.001 -16"><span class='ocrx_word' id='word_1_39' title='bbox 401 800 617 869; x_wconf 80' lang='lat' dir='ltr'><strong>plantur</strong></span> <span class='ocrx_word' id='word_1_40' title='bbox 650 800 884 859; x_wconf 80' lang='lat' dir='ltr'><strong>indiciis.</strong></span> <span class='ocrx_word' id='word_1_41' title='bbox 923 801 1211 856; x_wconf 77' lang='lat' dir='ltr'><strong>dicentes:</strong></span> <span class='ocrx_word' id='word_1_42' title='bbox 1250 818 1267 851; x_wconf 77' lang='grc' dir='ltr'><strong>ι</strong></span> <span class='ocrx_word' id='word_1_43' title='bbox 1308 800 1366 855; x_wconf 89' lang='lat' dir='ltr'><strong>Si</strong></span> <span class='ocrx_word' id='word_1_44' title='bbox 1406 816 1499 869; x_wconf 91' lang='lat' dir='ltr'><strong>per</strong></span> <span class='ocrx_word' id='word_1_45' title='bbox 1528 802 1670 854; x_wconf 86' lang='lat' dir='ltr'><strong>viam</strong></span> <span class='ocrx_word' id='word_1_46' title='bbox 1722 816 1871 855; x_wconf 90' lang='lat' dir='ltr'><strong>suam</strong></span> <span class='ocrx_word' id='word_1_47' title='bbox 1914 801 1981 852; x_wconf 89' lang='lat' dir='ltr'><strong>ad</strong></span> 
     </span>
    </p>
   </div>
   <div class='ocr_carea' id='block_1_8' title="bbox 400 890 1985 962">
    <p class='ocr_par' dir='ltr' id='par_1_8' title="bbox 400 890 1985 962">
     <span class='ocr_line' id='line_1_8' title="bbox 400 890 1985 962; baseline 0.001 -19"><span class='ocrx_word' id='word_1_48' title='bbox 400 890 533 944; x_wconf 90' lang='lat' dir='ltr'><strong>ﬁnes</strong></span> <span class='ocrx_word' id='word_1_49' title='bbox 574 905 703 945; x_wconf 91' lang='lat' dir='ltr'><strong>suos</strong></span> <span class='ocrx_word' id='word_1_50' title='bbox 740 892 989 946; x_wconf 76' lang='lat' dir='ltr'><strong>ascendit</strong></span> <span class='ocrx_word' id='word_1_51' title='bbox 1029 892 1082 946; x_wconf 92' lang='lat' dir='ltr'><strong>in</strong></span> <span class='ocrx_word' id='word_1_52' title='bbox 1122 890 1429 947; x_wconf 90' lang='lat' dir='ltr'><strong>Bethsamis</strong></span> <span class='ocrx_word' id='word_1_53' title='bbox 1458 933 1472 958; x_wconf 95' lang='lat'><strong>,</strong></span> <span class='ocrx_word' id='word_1_54' title='bbox 1517 894 1630 962; x_wconf 88' lang='lat' dir='ltr'><strong>ipsa</strong></span> <span class='ocrx_word' id='word_1_55' title='bbox 1661 892 1816 947; x_wconf 91' lang='lat' dir='ltr'><strong>nobis</strong></span> <span class='ocrx_word' id='word_1_56' title='bbox 1857 892 1985 946; x_wconf 79' lang='lat' dir='ltr'><strong>fecit</strong></span> 
     </span>
    </p>
   </div>
   <div class='ocr_carea' id='block_1_9' title="bbox 401 982 1978 1054">
    <p class='ocr_par' dir='ltr' id='par_1_9' title="bbox 401 982 1978 1054">
     <span class='ocr_line' id='line_1_9' title="bbox 401 982 1978 1054; baseline 0.001 -18"><span class='ocrx_word' id='word_1_57' title='bbox 401 983 515 1039; x_wconf 68' lang='lat' dir='ltr'><strong>tuaac</strong></span> <span class='ocrx_word' id='word_1_58' title='bbox 567 982 792 1037; x_wconf 73' lang='lat' dir='ltr'><strong>mala“.</strong></span> <span class='ocrx_word' id='word_1_59' title='bbox 842 1003 860 1035; x_wconf 84' lang='grc' dir='ltr'><strong>ι</strong></span> <span class='ocrx_word' id='word_1_60' title='bbox 897 982 1137 1053; x_wconf 82' lang='lat' dir='ltr'><strong>Denique</strong></span> <span class='ocrx_word' id='word_1_61' title='bbox 1186 984 1239 1039; x_wconf 91' lang='lat' dir='ltr'><strong>in</strong></span> <span class='ocrx_word' id='word_1_62' title='bbox 1288 988 1640 1054; x_wconf 73' lang='lat' dir='ltr'><strong>sequentibus</strong></span> <span class='ocrx_word' id='word_1_63' title='bbox 1696 985 1978 1040; x_wconf 80' lang='lat' dir='ltr'><strong>refertur:</strong></span> 
     </span>
    </p>
   </div>
   <div class='ocr_carea' id='block_1_10' title="bbox 404 1074 1981 1145">
    <p class='ocr_par' dir='ltr' id='par_1_10' title="bbox 404 1074 1981 1145">
     <span class='ocr_line' id='line_1_10' title="bbox 404 1074 1981 1145; baseline 0.003 -19"><span class='ocrx_word' id='word_1_64' title='bbox 404 1093 424 1126; x_wconf 77' lang='grc' dir='ltr'><strong>ι</strong></span> <span class='ocrx_word' id='word_1_65' title='bbox 461 1074 526 1128; x_wconf 87' lang='grc' dir='ltr'><strong>Ει.</strong></span> <span class='ocrx_word' id='word_1_66' title='bbox 572 1089 693 1129; x_wconf 89' lang='lat' dir='ltr'><strong>cum</strong></span> <span class='ocrx_word' id='word_1_67' title='bbox 749 1076 1162 1140; x_wconf 86' lang='lat' dir='ltr'><strong>imposuissent,</strong></span> <span class='ocrx_word' id='word_1_68' title='bbox 1204 1076 1378 1145; x_wconf 84' lang='lat' dir='ltr'><strong>inquit</strong></span> <span class='ocrx_word' id='word_1_69' title='bbox 1422 1078 1488 1145; x_wconf 80' lang='lat'><strong>“,</strong></span> <span class='ocrx_word' id='word_1_70' title='bbox 1528 1093 1713 1132; x_wconf 81' lang='lat' dir='ltr'><strong>arcam</strong></span> <span class='ocrx_word' id='word_1_71' title='bbox 1770 1076 1981 1131; x_wconf 87' lang='lat' dir='ltr'><strong>Domini</strong></span> 
     </span>
    </p>
   </div>
   <div class='ocr_carea' id='block_1_11' title="bbox 400 1166 1980 1235">
    <p class='ocr_par' dir='ltr' id='par_1_11' title="bbox 400 1166 1980 1235">
     <span class='ocr_line' id='line_1_11' title="bbox 400 1166 1980 1235; baseline 0.001 -15"><span class='ocrx_word' id='word_1_72' title='bbox 400 1181 564 1235; x_wconf 88' lang='lat' dir='ltr'><strong>super</strong></span> <span class='ocrx_word' id='word_1_73' title='bbox 593 1180 834 1233; x_wconf 88' lang='lat' dir='ltr'><strong>carrum,</strong></span> <span class='ocrx_word' id='word_1_74' title='bbox 862 1166 1186 1221; x_wconf 86' lang='lat' dir='ltr'><strong>direxerunt</strong></span> <span class='ocrx_word' id='word_1_75' title='bbox 1215 1169 1381 1223; x_wconf 80' lang='lat' dir='ltr'><strong>boves</strong></span> <span class='ocrx_word' id='word_1_76' title='bbox 1407 1169 1458 1223; x_wconf 93' lang='lat' dir='ltr'><strong>in</strong></span> <span class='ocrx_word' id='word_1_77' title='bbox 1485 1170 1591 1234; x_wconf 81' lang='lat' dir='ltr'><strong>via,</strong></span> <span class='ocrx_word' id='word_1_78' title='bbox 1626 1177 1816 1224; x_wconf 90' lang='lat' dir='ltr'><strong>contra</strong></span> <span class='ocrx_word' id='word_1_79' title='bbox 1840 1169 1980 1222; x_wconf 88' lang='lat' dir='ltr'><strong>viam</strong></span> 
     </span>
    </p>
   </div>
   <div class='ocr_carea' id='block_1_12' title="bbox 400 1255 1985 1325">
    <p class='ocr_par' dir='ltr' id='par_1_12' title="bbox 400 1255 1985 1325">
     <span class='ocr_line' id='line_1_12' title="bbox 400 1255 1985 1325; baseline 0.004 -19"><span class='ocrx_word' id='word_1_80' title='bbox 400 1272 518 1325; x_wconf 75' lang='lat' dir='ltr'><strong>qua:</strong></span> <span class='ocrx_word' id='word_1_81' title='bbox 554 1257 703 1310; x_wconf 90' lang='lat' dir='ltr'><strong>ducit</strong></span> <span class='ocrx_word' id='word_1_82' title='bbox 731 1255 1061 1321; x_wconf 85' lang='lat' dir='ltr'><strong>Bethsamis,</strong></span> <span class='ocrx_word' id='word_1_83' title='bbox 1088 1265 1142 1310; x_wconf 92' lang='lat' dir='ltr'><strong>et</strong></span> <span class='ocrx_word' id='word_1_84' title='bbox 1184 1273 1288 1311; x_wconf 90' lang='lat' dir='ltr'><strong>non</strong></span> <span class='ocrx_word' id='word_1_85' title='bbox 1324 1259 1737 1314; x_wconf 83' lang='lat' dir='ltr'><strong>declinaverunt</strong></span> <span class='ocrx_word' id='word_1_86' title='bbox 1760 1258 1825 1312; x_wconf 92' lang='lat' dir='ltr'><strong>ad</strong></span> <span class='ocrx_word' id='word_1_87' title='bbox 1852 1259 1985 1312; x_wconf 80' lang='lat' dir='ltr'><strong>dex-</strong></span> 
     </span>
    </p>
   </div>
   <div class='ocr_carea' id='block_1_13' title="bbox 400 1351 1982 1421">
    <p class='ocr_par' dir='ltr' id='par_1_13' title="bbox 400 1351 1982 1421">
     <span class='ocr_line' id='line_1_13' title="bbox 400 1351 1982 1421; baseline 0.002 -19"><span class='ocrx_word' id='word_1_88' title='bbox 400 1359 562 1414; x_wconf 87' lang='lat' dir='ltr'><strong>tram,</strong></span> <span class='ocrx_word' id='word_1_89' title='bbox 595 1361 687 1405; x_wconf 90' lang='lat' dir='ltr'><strong>aut</strong></span> <span class='ocrx_word' id='word_1_90' title='bbox 715 1352 781 1406; x_wconf 90' lang='lat' dir='ltr'><strong>ad</strong></span> <span class='ocrx_word' id='word_1_91' title='bbox 813 1354 1115 1407; x_wconf 90' lang='lat' dir='ltr'><strong>sinistram.</strong></span> <span class='ocrx_word' id='word_1_92' title='bbox 1155 1367 1173 1402; x_wconf 84' lang='grc' dir='ltr'><strong>ι</strong></span> <span class='ocrx_word' id='word_1_93' title='bbox 1211 1351 1345 1417; x_wconf 87' lang='lat' dir='ltr'><strong>Quis</strong></span> <span class='ocrx_word' id='word_1_94' title='bbox 1378 1367 1512 1421; x_wconf 86' lang='lat' dir='ltr'><strong>ergo</strong></span> <span class='ocrx_word' id='word_1_95' title='bbox 1546 1353 1600 1406; x_wconf 93' lang='lat' dir='ltr'><strong>in</strong></span> <span class='ocrx_word' id='word_1_96' title='bbox 1637 1353 1741 1415; x_wconf 90' lang='lat' dir='ltr'><strong>his,</strong></span> <span class='ocrx_word' id='word_1_97' title='bbox 1777 1352 1820 1406; x_wconf 90' lang='lat' dir='ltr'><strong>si</strong></span> <span class='ocrx_word' id='word_1_98' title='bbox 1858 1352 1982 1405; x_wconf 91' lang='lat' dir='ltr'><strong>dili-</strong></span> 
     </span>
    </p>
   </div>
   <div class='ocr_carea' id='block_1_14' title="bbox 400 1445 1984 1518">
    <p class='ocr_par' dir='ltr' id='par_1_14' title="bbox 400 1445 1984 1518">
     <span class='ocr_line' id='line_1_14' title="bbox 400 1445 1984 1518; baseline 0.002 -21"><span class='ocrx_word' id='word_1_99' title='bbox 400 1454 589 1512; x_wconf 79' lang='lat' dir='ltr'><strong>genter</strong></span> <span class='ocrx_word' id='word_1_100' title='bbox 642 1446 897 1514; x_wconf 84' lang='lat' dir='ltr'><strong>inspiciat</strong></span> <span class='ocrx_word' id='word_1_101' title='bbox 946 1447 1082 1518; x_wconf 79' lang='lat'><strong>(6&#39;7),</strong></span> <span class='ocrx_word' id='word_1_102' title='bbox 1132 1445 1531 1514; x_wconf 69' lang='lat' dir='ltr'><strong>prazscientiam</strong></span> <span class='ocrx_word' id='word_1_103' title='bbox 1569 1445 1708 1498; x_wconf 89' lang='lat' dir='ltr'><strong>hanc</strong></span> <span class='ocrx_word' id='word_1_104' title='bbox 1741 1459 1864 1513; x_wconf 72' lang='lat' dir='ltr'><strong>qua:</strong></span> <span class='ocrx_word' id='word_1_105' title='bbox 1917 1446 1984 1500; x_wconf 89' lang='lat' dir='ltr'><strong>de</strong></span> 
     </span>
    </p>
   </div>
   <div class='ocr_carea' id='block_1_15' title="bbox 402 1536 1979 1614">
    <p class='ocr_par' dir='ltr' id='par_1_15' title="bbox 402 1536 1979 1614">
     <span class='ocr_line' id='line_1_15' title="bbox 402 1536 1979 1614; baseline 0.001 -25"><span class='ocrx_word' id='word_1_106' title='bbox 402 1536 563 1589; x_wconf 89' lang='lat' dir='ltr'><strong>boum</strong></span> <span class='ocrx_word' id='word_1_107' title='bbox 601 1538 905 1594; x_wconf 86' lang='lat' dir='ltr'><strong>directione</strong></span> <span class='ocrx_word' id='word_1_108' title='bbox 947 1541 1212 1614; x_wconf 62' lang='lat' dir='ltr'><strong>praedicta</strong></span> <span class='ocrx_word' id='word_1_109' title='bbox 1246 1548 1349 1606; x_wconf 91' lang='lat' dir='ltr'><strong>est,</strong></span> <span class='ocrx_word' id='word_1_110' title='bbox 1380 1538 1463 1593; x_wconf 86' lang='lat' dir='ltr'><strong>vel</strong></span> <span class='ocrx_word' id='word_1_111' title='bbox 1500 1536 1775 1591; x_wconf 84' lang='lat' dir='ltr'><strong>fortuitam</strong></span> <span class='ocrx_word' id='word_1_112' title='bbox 1815 1537 1979 1601; x_wconf 89' lang='lat' dir='ltr'><strong>dicat,</strong></span> 
     </span>
    </p>
   </div>
   <div class='ocr_carea' id='block_1_16' title="bbox 399 1628 1984 1702">
    <p class='ocr_par' dir='ltr' id='par_1_16' title="bbox 399 1628 1984 1702">
     <span class='ocr_line' id='line_1_16' title="bbox 399 1628 1984 1702; baseline 0.005 -24"><span class='ocrx_word' id='word_1_113' title='bbox 399 1628 482 1680; x_wconf 89' lang='lat' dir='ltr'><strong>vel</strong></span> <span class='ocrx_word' id='word_1_114' title='bbox 541 1628 719 1697; x_wconf 88' lang='lat' dir='ltr'><strong>aliqua</strong></span> <span class='ocrx_word' id='word_1_115' title='bbox 782 1642 901 1687; x_wconf 91' lang='lat' dir='ltr'><strong>arte</strong></span> <span class='ocrx_word' id='word_1_116' title='bbox 954 1633 1341 1702; x_wconf 86' lang='lat' dir='ltr'><strong>compositam,</strong></span> <span class='ocrx_word' id='word_1_117' title='bbox 1396 1638 1453 1684; x_wconf 86' lang='lat' dir='ltr'><strong>et</strong></span> <span class='ocrx_word' id='word_1_118' title='bbox 1503 1646 1607 1684; x_wconf 91' lang='lat' dir='ltr'><strong>non</strong></span> <span class='ocrx_word' id='word_1_119' title='bbox 1664 1630 1984 1699; x_wconf 87' lang='lat' dir='ltr'><strong>operatione</strong></span> 
     </span>
    </p>
   </div>
   <div class='ocr_carea' id='block_1_17' title="bbox 400 1720 1985 1790">
    <p class='ocr_par' dir='ltr' id='par_1_17' title="bbox 400 1720 1985 1790">
     <span class='ocr_line' id='line_1_17' title="bbox 400 1720 1985 1790; baseline 0.004 -20"><span class='ocrx_word' id='word_1_120' title='bbox 400 1720 632 1785; x_wconf 86' lang='lat' dir='ltr'><strong>quadam</strong></span> <span class='ocrx_word' id='word_1_121' title='bbox 680 1721 989 1777; x_wconf 72' lang='lat' dir='ltr'><strong>daemonum</strong></span> <span class='ocrx_word' id='word_1_122' title='bbox 1033 1723 1423 1787; x_wconf 86' lang='lat' dir='ltr'><strong>ministratam,</strong></span> <span class='ocrx_word' id='word_1_123' title='bbox 1477 1721 1569 1790; x_wconf 89' lang='lat' dir='ltr'><strong>qui</strong></span> <span class='ocrx_word' id='word_1_124' title='bbox 1605 1721 1985 1789; x_wconf 90' lang='lat' dir='ltr'><strong>pertimuerint</strong></span> 
     </span>
    </p>
   </div>
   <div class='ocr_carea' id='block_1_18' title="bbox 401 1810 1980 1882">
    <p class='ocr_par' dir='ltr' id='par_1_18' title="bbox 401 1810 1980 1882">
     <span class='ocr_line' id='line_1_18' title="bbox 401 1810 1980 1882; baseline 0.001 -19"><span class='ocrx_word' id='word_1_125' title='bbox 401 1824 541 1863; x_wconf 73' lang='lat' dir='ltr'><strong>area.-</strong></span> <span class='ocrx_word' id='word_1_126' title='bbox 569 1810 777 1866; x_wconf 88' lang='lat' dir='ltr'><strong>Domini</strong></span> <span class='ocrx_word' id='word_1_127' title='bbox 804 1813 1092 1867; x_wconf 89' lang='lat' dir='ltr'><strong>virtutem:</strong></span> <span class='ocrx_word' id='word_1_128' title='bbox 1114 1827 1220 1882; x_wconf 88' lang='lat' dir='ltr'><strong>qua</strong></span> <span class='ocrx_word' id='word_1_129' title='bbox 1248 1827 1355 1867; x_wconf 92' lang='lat' dir='ltr'><strong>non</strong></span> <span class='ocrx_word' id='word_1_130' title='bbox 1385 1812 1558 1866; x_wconf 88' lang='lat' dir='ltr'><strong>solum</strong></span> <span class='ocrx_word' id='word_1_131' title='bbox 1582 1810 1980 1881; x_wconf 78' lang='lat' dir='ltr'><strong>aﬂligebautur,</strong></span> 
     </span>
    </p>
   </div>
   <div class='ocr_carea' id='block_1_19' title="bbox 2087 618 3665 687">
    <p class='ocr_par' dir='ltr' id='par_1_19' title="bbox 2087 618 3665 687">
     <span class='ocr_line' id='line_1_19' title="bbox 2087 618 3665 687; baseline 0.003 -16"><span class='ocrx_word' id='word_1_132' title='bbox 2087 618 2264 673; x_wconf 86' lang='lat' dir='ltr'><strong>leﬁcia</strong></span> <span class='ocrx_word' id='word_1_133' title='bbox 2319 618 2574 681; x_wconf 80' lang='lat' dir='ltr'><strong>faciebat,</strong></span> <span class='ocrx_word' id='word_1_134' title='bbox 2608 627 2663 672; x_wconf 89' lang='lat' dir='ltr'><strong>et</strong></span> <span class='ocrx_word' id='word_1_135' title='bbox 2691 619 3097 687; x_wconf 82' lang='lat' dir='ltr'><strong>augurabatur,</strong></span> <span class='ocrx_word' id='word_1_136' title='bbox 3136 629 3190 673; x_wconf 91' lang='lat' dir='ltr'><strong>et</strong></span> <span class='ocrx_word' id='word_1_137' title='bbox 3227 620 3359 675; x_wconf 84' lang='lat' dir='ltr'><strong>fecit</strong></span> <span class='ocrx_word' id='word_1_138' title='bbox 3399 624 3665 677; x_wconf 90' lang='lat' dir='ltr'><strong>ventrilo-</strong></span> 
     </span>
    </p>
   </div>
   <div class='ocr_carea' id='block_1_20' title="bbox 2087 710 3668 779">
    <p class='ocr_par' dir='ltr' id='par_1_20' title="bbox 2087 710 3668 779">
     <span class='ocr_line' id='line_1_20' title="bbox 2087 710 3668 779; baseline 0.006 -19"><span class='ocrx_word' id='word_1_139' title='bbox 2087 725 2247 779; x_wconf 93' lang='lat' dir='ltr'><strong>qnos,</strong></span> <span class='ocrx_word' id='word_1_140' title='bbox 2285 710 2677 772; x_wconf 81' lang='lat' dir='ltr'><strong>incantatores,</strong></span> <span class='ocrx_word' id='word_1_141' title='bbox 2715 718 2770 763; x_wconf 90' lang='lat' dir='ltr'><strong>et</strong></span> <span class='ocrx_word' id='word_1_142' title='bbox 2811 710 3191 778; x_wconf 87' lang='lat' dir='ltr'><strong>tnultiplicavit</strong></span> <span class='ocrx_word' id='word_1_143' title='bbox 3223 722 3279 765; x_wconf 91' lang='lat' dir='ltr'><strong>ut</strong></span> <span class='ocrx_word' id='word_1_144' title='bbox 3318 713 3519 768; x_wconf 87' lang='lat' dir='ltr'><strong>faceret</strong></span> <span class='ocrx_word' id='word_1_145' title='bbox 3554 730 3668 769; x_wconf 81' lang='lat' dir='ltr'><strong>uta-</strong></span> 
     </span>
    </p>
   </div>
   <div class='ocr_carea' id='block_1_21' title="bbox 2089 801 3661 870">
    <p class='ocr_par' dir='ltr' id='par_1_21' title="bbox 2089 801 3661 870">
     <span class='ocr_line' id='line_1_21' title="bbox 2089 801 3661 870; baseline 0.004 -17"><span class='ocrx_word' id='word_1_146' title='bbox 2089 802 2293 869; x_wconf 88' lang='lat' dir='ltr'><strong>lignum</strong></span> <span class='ocrx_word' id='word_1_147' title='bbox 2330 801 2381 855; x_wconf 92' lang='lat' dir='ltr'><strong>in</strong></span> <span class='ocrx_word' id='word_1_148' title='bbox 2416 810 2706 870; x_wconf 89' lang='lat' dir='ltr'><strong>conspectu</strong></span> <span class='ocrx_word' id='word_1_149' title='bbox 2748 801 2984 865; x_wconf 89' lang='lat' dir='ltr'><strong>Domini,</strong></span> <span class='ocrx_word' id='word_1_150' title='bbox 3010 811 3068 854; x_wconf 90' lang='lat' dir='ltr'><strong>ut</strong></span> <span class='ocrx_word' id='word_1_151' title='bbox 3099 804 3451 859; x_wconf 78' lang='lat' dir='ltr'><strong>exacerbarcl</strong></span> <span class='ocrx_word' id='word_1_152' title='bbox 3474 822 3617 862; x_wconf 92' lang='lat' dir='ltr'><strong>eum.</strong></span> <span class='ocrx_word' id='word_1_153' title='bbox 3643 827 3661 860; x_wconf 86' lang='grc' dir='ltr'><strong>ι</strong></span> 
     </span>
    </p>
   </div>
   <div class='ocr_carea' id='block_1_22' title="bbox 2089 889 3668 961">
    <p class='ocr_par' dir='ltr' id='par_1_22' title="bbox 2089 889 3668 961">
     <span class='ocr_line' id='line_1_22' title="bbox 2089 889 3668 961; baseline 0.004 -18"><span class='ocrx_word' id='word_1_154' title='bbox 2089 889 2213 945; x_wconf 86' lang='lat' dir='ltr'><strong>Haec</strong></span> <span class='ocrx_word' id='word_1_155' title='bbox 2238 906 2370 960; x_wconf 87' lang='lat' dir='ltr'><strong>ergo</strong></span> <span class='ocrx_word' id='word_1_156' title='bbox 2404 890 2611 955; x_wconf 91' lang='lat' dir='ltr'><strong>omnia,</strong></span> <span class='ocrx_word' id='word_1_157' title='bbox 2660 890 2709 943; x_wconf 98' lang='lat' dir='ltr'><strong>id</strong></span> <span class='ocrx_word' id='word_1_158' title='bbox 2740 901 2844 954; x_wconf 90' lang='lat' dir='ltr'><strong>est,</strong></span> <span class='ocrx_word' id='word_1_159' title='bbox 2879 889 2992 943; x_wconf 87' lang='lat' dir='ltr'><strong>sive</strong></span> <span class='ocrx_word' id='word_1_160' title='bbox 3014 894 3327 961; x_wconf 83' lang='lat' dir='ltr'><strong>auguratio,</strong></span> <span class='ocrx_word' id='word_1_161' title='bbox 3367 895 3481 949; x_wconf 87' lang='lat' dir='ltr'><strong>sive</strong></span> <span class='ocrx_word' id='word_1_162' title='bbox 3524 896 3668 949; x_wconf 80' lang='lat' dir='ltr'><strong>exti-</strong></span> 
     </span>
    </p>
   </div>
   <div class='ocr_carea' id='block_1_23' title="bbox 2087 980 3668 1052">
    <p class='ocr_par' dir='ltr' id='par_1_23' title="bbox 2087 980 3668 1052">
     <span class='ocr_line' id='line_1_23' title="bbox 2087 980 3668 1052; baseline 0.001 -15"><span class='ocrx_word' id='word_1_163' title='bbox 2087 983 2343 1052; x_wconf 90' lang='lat' dir='ltr'><strong>spicium,</strong></span> <span class='ocrx_word' id='word_1_164' title='bbox 2372 984 2485 1037; x_wconf 85' lang='lat' dir='ltr'><strong>sive</strong></span> <span class='ocrx_word' id='word_1_165' title='bbox 2515 980 2768 1052; x_wconf 75' lang='lat' dir='ltr'><strong>qmelibet</strong></span> <span class='ocrx_word' id='word_1_166' title='bbox 2802 983 3127 1048; x_wconf 88' lang='lat' dir='ltr'><strong>immolatio,</strong></span> <span class='ocrx_word' id='word_1_167' title='bbox 3161 983 3276 1039; x_wconf 87' lang='lat' dir='ltr'><strong>sive</strong></span> <span class='ocrx_word' id='word_1_168' title='bbox 3306 986 3470 1039; x_wconf 90' lang='lat' dir='ltr'><strong>etiam</strong></span> <span class='ocrx_word' id='word_1_169' title='bbox 3502 985 3668 1040; x_wconf 89' lang='lat' dir='ltr'><strong>sorti—</strong></span> 
     </span>
    </p>
   </div>
   <div class='ocr_carea' id='block_1_24' title="bbox 2088 1074 3664 1145">
    <p class='ocr_par' dir='ltr' id='par_1_24' title="bbox 2088 1074 3664 1145">
     <span class='ocr_line' id='line_1_24' title="bbox 2088 1074 3664 1145; baseline 0.001 -17"><span class='ocrx_word' id='word_1_170' title='bbox 2088 1075 2185 1139; x_wconf 91' lang='lat' dir='ltr'><strong>tio,</strong></span> <span class='ocrx_word' id='word_1_171' title='bbox 2222 1084 2313 1127; x_wconf 93' lang='lat' dir='ltr'><strong>aut</strong></span> <span class='ocrx_word' id='word_1_172' title='bbox 2339 1075 2650 1145; x_wconf 87' lang='lat' dir='ltr'><strong>quicunque</strong></span> <span class='ocrx_word' id='word_1_173' title='bbox 2679 1082 2857 1128; x_wconf 90' lang='lat' dir='ltr'><strong>motus</strong></span> <span class='ocrx_word' id='word_1_174' title='bbox 2889 1074 3095 1139; x_wconf 88' lang='lat' dir='ltr'><strong>avium,</strong></span> <span class='ocrx_word' id='word_1_175' title='bbox 3138 1074 3225 1129; x_wconf 88' lang='lat' dir='ltr'><strong>vel</strong></span> <span class='ocrx_word' id='word_1_176' title='bbox 3264 1076 3554 1145; x_wconf 87' lang='lat' dir='ltr'><strong>pecudum,</strong></span> <span class='ocrx_word' id='word_1_177' title='bbox 3584 1076 3664 1129; x_wconf 90' lang='lat' dir='ltr'><strong>vel</strong></span> 
     </span>
    </p>
   </div>
   <div class='ocr_carea' id='block_1_25' title="bbox 2087 1164 3667 1235">
    <p class='ocr_par' dir='ltr' id='par_1_25' title="bbox 2087 1164 3667 1235">
     <span class='ocr_line' id='line_1_25' title="bbox 2087 1164 3667 1235; baseline 0.002 -16"><span class='ocrx_word' id='word_1_178' title='bbox 2087 1164 2355 1233; x_wconf 87' lang='lat' dir='ltr'><strong>inspectio</strong></span> <span class='ocrx_word' id='word_1_179' title='bbox 2387 1180 2722 1234; x_wconf 72' lang='lat' dir='ltr'><strong>quaecunque</strong></span> <span class='ocrx_word' id='word_1_180' title='bbox 2756 1167 3040 1233; x_wconf 85' lang='lat' dir='ltr'><strong>librarum,</strong></span> <span class='ocrx_word' id='word_1_181' title='bbox 3067 1175 3128 1220; x_wconf 92' lang='lat' dir='ltr'><strong>ut</strong></span> <span class='ocrx_word' id='word_1_182' title='bbox 3148 1165 3350 1235; x_wconf 87' lang='lat' dir='ltr'><strong>aliquid</strong></span> <span class='ocrx_word' id='word_1_183' title='bbox 3379 1166 3446 1221; x_wconf 91' lang='lat' dir='ltr'><strong>de</strong></span> <span class='ocrx_word' id='word_1_184' title='bbox 3472 1166 3667 1222; x_wconf 83' lang='lat' dir='ltr'><strong>futuris</strong></span> 
     </span>
    </p>
   </div>
   <div class='ocr_carea' id='block_1_26' title="bbox 2087 1256 3663 1326">
    <p class='ocr_par' dir='ltr' id='par_1_26' title="bbox 2087 1256 3663 1326">
     <span class='ocr_line' id='line_1_26' title="bbox 2087 1256 3663 1326; baseline 0.002 -17"><span class='ocrx_word' id='word_1_185' title='bbox 2087 1256 2379 1310; x_wconf 81' lang='lat' dir='ltr'><strong>videantur</strong></span> <span class='ocrx_word' id='word_1_186' title='bbox 2408 1259 2719 1323; x_wconf 87' lang='lat' dir='ltr'><strong>ostendere,</strong></span> <span class='ocrx_word' id='word_1_187' title='bbox 2754 1258 2808 1310; x_wconf 91' lang='lat' dir='ltr'><strong>in</strong></span> <span class='ocrx_word' id='word_1_188' title='bbox 2862 1256 3184 1326; x_wconf 89' lang='lat' dir='ltr'><strong>operatione</strong></span> <span class='ocrx_word' id='word_1_189' title='bbox 3210 1258 3515 1312; x_wconf 71' lang='lat' dir='ltr'><strong>daemonum</strong></span> <span class='ocrx_word' id='word_1_190' title='bbox 3548 1257 3663 1312; x_wconf 88' lang='lat' dir='ltr'><strong>ﬁeri</strong></span> 
     </span>
    </p>
   </div>
   <div class='ocr_carea' id='block_1_27' title="bbox 2087 1349 3669 1419">
    <p class='ocr_par' dir='ltr' id='par_1_27' title="bbox 2087 1349 3669 1419">
     <span class='ocr_line' id='line_1_27' title="bbox 2087 1349 3669 1419; baseline 0.001 -18"><span class='ocrx_word' id='word_1_191' title='bbox 2087 1364 2192 1402; x_wconf 92' lang='lat' dir='ltr'><strong>non</strong></span> <span class='ocrx_word' id='word_1_192' title='bbox 2235 1349 2444 1413; x_wconf 91' lang='lat' dir='ltr'><strong>dubito,</strong></span> <span class='ocrx_word' id='word_1_193' title='bbox 2493 1349 2844 1419; x_wconf 79' lang='lat' dir='ltr'><strong>dirigentium</strong></span> <span class='ocrx_word' id='word_1_194' title='bbox 2879 1350 2962 1405; x_wconf 90' lang='lat' dir='ltr'><strong>vel</strong></span> <span class='ocrx_word' id='word_1_195' title='bbox 2994 1350 3200 1417; x_wconf 92' lang='lat' dir='ltr'><strong>avium,</strong></span> <span class='ocrx_word' id='word_1_196' title='bbox 3252 1349 3335 1403; x_wconf 92' lang='lat' dir='ltr'><strong>vel</strong></span> <span class='ocrx_word' id='word_1_197' title='bbox 3380 1350 3669 1418; x_wconf 90' lang='lat' dir='ltr'><strong>pecudum,</strong></span> 
     </span>
    </p>
   </div>
   <div class='ocr_carea' id='block_1_28' title="bbox 2084 1440 3671 1507">
    <p class='ocr_par' dir='ltr' id='par_1_28' title="bbox 2084 1440 3671 1507">
     <span class='ocr_line' id='line_1_28' title="bbox 2084 1440 3671 1507; baseline -0.001 -13"><span class='ocrx_word' id='word_1_198' title='bbox 2084 1440 2167 1495; x_wconf 90' lang='lat' dir='ltr'><strong>vel</strong></span> <span class='ocrx_word' id='word_1_199' title='bbox 2199 1440 2463 1495; x_wconf 87' lang='lat' dir='ltr'><strong>ﬁbrarum</strong></span> <span class='ocrx_word' id='word_1_200' title='bbox 2498 1449 2695 1504; x_wconf 81' lang='lat' dir='ltr'><strong>motus,</strong></span> <span class='ocrx_word' id='word_1_201' title='bbox 2751 1450 2842 1494; x_wconf 89' lang='lat' dir='ltr'><strong>aut</strong></span> <span class='ocrx_word' id='word_1_202' title='bbox 2873 1441 3124 1507; x_wconf 87' lang='lat' dir='ltr'><strong>sortium,</strong></span> <span class='ocrx_word' id='word_1_203' title='bbox 3158 1443 3455 1497; x_wconf 89' lang='lat' dir='ltr'><strong>secundum</strong></span> <span class='ocrx_word' id='word_1_204' title='bbox 3505 1454 3569 1495; x_wconf 90' lang='lat' dir='ltr'><strong>ea</strong></span> <span class='ocrx_word' id='word_1_205' title='bbox 3599 1440 3671 1494; x_wconf 85' lang='lat' dir='ltr'><strong>si-</strong></span> 
     </span>
    </p>
   </div>
   <div class='ocr_carea' id='block_1_29' title="bbox 2085 1530 3669 1601">
    <p class='ocr_par' dir='ltr' id='par_1_29' title="bbox 2085 1530 3669 1601">
     <span class='ocr_line' id='line_1_29' title="bbox 2085 1530 3669 1601; baseline 0 -18"><span class='ocrx_word' id='word_1_206' title='bbox 2085 1546 2186 1601; x_wconf 86' lang='lat' dir='ltr'><strong>gna</strong></span> <span class='ocrx_word' id='word_1_207' title='bbox 2216 1546 2340 1600; x_wconf 81' lang='lat' dir='ltr'><strong>quae</strong></span> <span class='ocrx_word' id='word_1_208' title='bbox 2362 1534 2671 1586; x_wconf 85' lang='lat' dir='ltr'><strong>docuerunt</strong></span> <span class='ocrx_word' id='word_1_209' title='bbox 2700 1530 2865 1584; x_wconf 88' lang='lat' dir='ltr'><strong>iident</strong></span> <span class='ocrx_word' id='word_1_210' title='bbox 2891 1532 3165 1585; x_wconf 55' lang='lat' dir='ltr'><strong>daemones</strong></span> <span class='ocrx_word' id='word_1_211' title='bbox 3190 1531 3467 1586; x_wconf 88' lang='lat' dir='ltr'><strong>observari</strong></span> <span class='ocrx_word' id='word_1_212' title='bbox 3487 1531 3553 1583; x_wconf 86' lang='lat' dir='ltr'><strong>ab</strong></span> <span class='ocrx_word' id='word_1_213' title='bbox 3581 1530 3669 1593; x_wconf 91' lang='lat' dir='ltr'><strong>iis,</strong></span> 
     </span>
    </p>
   </div>
   <div class='ocr_carea' id='block_1_30' title="bbox 2086 1622 3671 1694">
    <p class='ocr_par' dir='ltr' id='par_1_30' title="bbox 2086 1622 3671 1694">
     <span class='ocr_line' id='line_1_30' title="bbox 2086 1622 3671 1694; baseline 0.002 -20"><span class='ocrx_word' id='word_1_214' title='bbox 2086 1623 2284 1692; x_wconf 90' lang='lat' dir='ltr'><strong>quibus</strong></span> <span class='ocrx_word' id='word_1_215' title='bbox 2312 1625 2451 1678; x_wconf 88' lang='lat' dir='ltr'><strong>artis</strong></span> <span class='ocrx_word' id='word_1_216' title='bbox 2479 1624 2641 1694; x_wconf 85' lang='lat' dir='ltr'><strong>hujus</strong></span> <span class='ocrx_word' id='word_1_217' title='bbox 2674 1623 2961 1677; x_wconf 88' lang='lat' dir='ltr'><strong>scientiam</strong></span> <span class='ocrx_word' id='word_1_218' title='bbox 2994 1624 3360 1678; x_wconf 89' lang='lat' dir='ltr'><strong>tradiderunt.</strong></span> <span class='ocrx_word' id='word_1_219' title='bbox 3399 1624 3443 1676; x_wconf 81' lang='grc' dir='ltr'><strong>Α</strong></span> <span class='ocrx_word' id='word_1_220' title='bbox 3471 1622 3671 1691; x_wconf 84' lang='lat' dir='ltr'><strong>quibus</strong></span> 
     </span>
    </p>
   </div>
   <div class='ocr_carea' id='block_1_31' title="bbox 2085 1712 3672 1785">
    <p class='ocr_par' dir='ltr' id='par_1_31' title="bbox 2085 1712 3672 1785">
     <span class='ocr_line' id='line_1_31' title="bbox 2085 1712 3672 1785; baseline -0.003 -16"><span class='ocrx_word' id='word_1_221' title='bbox 2085 1716 2365 1780; x_wconf 91' lang='lat' dir='ltr'><strong>omnibus,</strong></span> <span class='ocrx_word' id='word_1_222' title='bbox 2418 1717 2462 1770; x_wconf 92' lang='lat' dir='ltr'><strong>is</strong></span> <span class='ocrx_word' id='word_1_223' title='bbox 2507 1718 2598 1785; x_wconf 91' lang='lat' dir='ltr'><strong>qui</strong></span> <span class='ocrx_word' id='word_1_224' title='bbox 2643 1715 2810 1770; x_wconf 89' lang='lat' dir='ltr'><strong>homo</strong></span> <span class='ocrx_word' id='word_1_225' title='bbox 2847 1714 2944 1768; x_wconf 91' lang='lat' dir='ltr'><strong>Dei</strong></span> <span class='ocrx_word' id='word_1_226' title='bbox 2978 1724 3085 1779; x_wconf 91' lang='lat' dir='ltr'><strong>est,</strong></span> <span class='ocrx_word' id='word_1_227' title='bbox 3113 1724 3167 1769; x_wconf 91' lang='lat' dir='ltr'><strong>et</strong></span> <span class='ocrx_word' id='word_1_228' title='bbox 3202 1716 3255 1769; x_wconf 88' lang='lat' dir='ltr'><strong>in</strong></span> <span class='ocrx_word' id='word_1_229' title='bbox 3296 1715 3543 1784; x_wconf 90' lang='lat' dir='ltr'><strong>portione</strong></span> <span class='ocrx_word' id='word_1_230' title='bbox 3578 1712 3672 1765; x_wconf 87' lang='lat' dir='ltr'><strong>Dei</strong></span> 
     </span>
    </p>
   </div>
   <div class='ocr_carea' id='block_1_32' title="bbox 2087 1804 3672 1876">
    <p class='ocr_par' dir='ltr' id='par_1_32' title="bbox 2087 1804 3672 1876">
     <span class='ocr_line' id='line_1_32' title="bbox 2087 1804 3672 1876; baseline -0.003 -15"><span class='ocrx_word' id='word_1_231' title='bbox 2087 1817 2428 1875; x_wconf 88' lang='lat' dir='ltr'><strong>numeratur,</strong></span> <span class='ocrx_word' id='word_1_232' title='bbox 2470 1809 2684 1876; x_wconf 89' lang='lat' dir='ltr'><strong>penitus</strong></span> <span class='ocrx_word' id='word_1_233' title='bbox 2716 1824 2835 1863; x_wconf 88' lang='lat' dir='ltr'><strong>esse</strong></span> <span class='ocrx_word' id='word_1_234' title='bbox 2862 1806 3024 1861; x_wconf 89' lang='lat' dir='ltr'><strong>debet</strong></span> <span class='ocrx_word' id='word_1_235' title='bbox 3056 1806 3289 1869; x_wconf 90' lang='lat' dir='ltr'><strong>alienus,</strong></span> <span class='ocrx_word' id='word_1_236' title='bbox 3341 1822 3441 1859; x_wconf 90' lang='lat' dir='ltr'><strong>nec</strong></span> <span class='ocrx_word' id='word_1_237' title='bbox 3470 1804 3672 1873; x_wconf 88' lang='lat' dir='ltr'><strong>aliquid</strong></span> 
     </span>
    </p>
   </div>
   <div class='ocr_carea' id='block_1_33' title="bbox 398 1887 3671 1974">
    <p class='ocr_par' dir='ltr' id='par_1_33' title="bbox 398 1887 3671 1974">
     <span class='ocr_line' id='line_1_33' title="bbox 398 1887 3671 1974; baseline -0.002 -19"><span class='ocrx_word' id='word_1_238' title='bbox 398 1913 451 1955; x_wconf 91' lang='lat' dir='ltr'><strong>et</strong></span> <span class='ocrx_word' id='word_1_239' title='bbox 486 1902 847 1969; x_wconf 82' lang='lat' dir='ltr'><strong>puniebantur</strong></span> <span class='ocrx_word' id='word_1_240' title='bbox 871 1903 1165 1974; x_wconf 85' lang='lat' dir='ltr'><strong>Allophyli,</strong></span> <span class='ocrx_word' id='word_1_241' title='bbox 1204 1918 1393 1958; x_wconf 90' lang='lat' dir='ltr'><strong>verum</strong></span> <span class='ocrx_word' id='word_1_242' title='bbox 1434 1911 1487 1957; x_wconf 91' lang='lat' dir='ltr'><strong>et</strong></span> <span class='ocrx_word' id='word_1_243' title='bbox 1528 1903 1704 1958; x_wconf 88' lang='lat' dir='ltr'><strong>cultus</strong></span> <span class='ocrx_word' id='word_1_244' title='bbox 1731 1903 1844 1972; x_wconf 90' lang='lat' dir='ltr'><strong>ipse</strong></span> <span class='ocrx_word' id='word_1_245' title='bbox 1871 1905 1981 1957; x_wconf 64' lang='grc' dir='ltr'>(ιω-</span> <span class='ocrx_word' id='word_1_246' title='bbox 2014 1887 2057 1942; x_wconf 78' lang='grc' dir='ltr'><strong>Β</strong></span> <span class='ocrx_word' id='word_1_247' title='bbox 2094 1900 2145 1953; x_wconf 91' lang='lat' dir='ltr'><strong>in</strong></span> <span class='ocrx_word' id='word_1_248' title='bbox 2178 1899 2245 1954; x_wconf 87' lang='lat' dir='ltr'><strong>iis</strong></span> <span class='ocrx_word' id='word_1_249' title='bbox 2284 1900 2488 1955; x_wconf 89' lang='lat' dir='ltr'><strong>habere</strong></span> <span class='ocrx_word' id='word_1_250' title='bbox 2521 1915 2831 1966; x_wconf 89' lang='lat' dir='ltr'><strong>commune,</strong></span> <span class='ocrx_word' id='word_1_251' title='bbox 2861 1914 2985 1967; x_wconf 74' lang='lat' dir='ltr'><strong>quze</strong></span> <span class='ocrx_word' id='word_1_252' title='bbox 3010 1897 3241 1953; x_wconf 88' lang='lat' dir='ltr'><strong>occultis</strong></span> <span class='ocrx_word' id='word_1_253' title='bbox 3264 1895 3374 1968; x_wconf 84' lang='lat'><strong>(68)</strong></span> <span class='ocrx_word' id='word_1_254' title='bbox 3405 1895 3671 1948; x_wconf 89' lang='lat' dir='ltr'><strong>machinis</strong></span> 
     </span>
    </p>
   </div>
   <div class='ocr_carea' id='block_1_34' title="bbox 400 1994 1981 2065">
    <p class='ocr_par' dir='ltr' id='par_1_34' title="bbox 400 1994 1981 2065">
     <span class='ocr_line' id='line_1_34' title="bbox 400 1994 1981 2065; baseline 0.001 -20"><span class='ocrx_word' id='word_1_255' title='bbox 400 2009 617 2047; x_wconf 91' lang='lat' dir='ltr'><strong>monum</strong></span> <span class='ocrx_word' id='word_1_256' title='bbox 674 1994 1103 2061; x_wconf 88' lang='lat' dir='ltr'><strong>destruebatur,</strong></span> <span class='ocrx_word' id='word_1_257' title='bbox 1163 2004 1353 2065; x_wconf 91' lang='lat' dir='ltr'><strong>utpote</strong></span> <span class='ocrx_word' id='word_1_258' title='bbox 1405 1994 1711 2049; x_wconf 86' lang='lat' dir='ltr'><strong>simulacris</strong></span> <span class='ocrx_word' id='word_1_259' title='bbox 1758 2009 1981 2057; x_wconf 88' lang='lat' dir='ltr'><strong>eorum,</strong></span> 
     </span>
    </p>
   </div>
   <div class='ocr_carea' id='block_1_35' title="bbox 403 2083 1985 2157">
    <p class='ocr_par' dir='ltr' id='par_1_35' title="bbox 403 2083 1985 2157">
     <span class='ocr_line' id='line_1_35' title="bbox 403 2083 1985 2157; baseline 0.002 -22"><span class='ocrx_word' id='word_1_260' title='bbox 403 2083 746 2151; x_wconf 89' lang='lat' dir='ltr'><strong>templisque,</strong></span> <span class='ocrx_word' id='word_1_261' title='bbox 783 2086 849 2141; x_wconf 90' lang='lat' dir='ltr'><strong>ad</strong></span> <span class='ocrx_word' id='word_1_262' title='bbox 890 2088 1201 2157; x_wconf 87' lang='lat' dir='ltr'><strong>ingressum</strong></span> <span class='ocrx_word' id='word_1_263' title='bbox 1255 2099 1398 2139; x_wconf 73' lang='lat' dir='ltr'><strong>arca:</strong></span> <span class='ocrx_word' id='word_1_264' title='bbox 1429 2083 1639 2138; x_wconf 89' lang='lat' dir='ltr'><strong>Domini</strong></span> <span class='ocrx_word' id='word_1_265' title='bbox 1677 2085 1985 2138; x_wconf 88' lang='lat' dir='ltr'><strong>corruenti-</strong></span> 
     </span>
    </p>
   </div>
   <div class='ocr_carea' id='block_1_36' title="bbox 402 2175 1983 2248">
    <p class='ocr_par' dir='ltr' id='par_1_36' title="bbox 402 2175 1983 2248">
     <span class='ocr_line' id='line_1_36' title="bbox 402 2175 1983 2248; baseline 0 -20"><span class='ocrx_word' id='word_1_266' title='bbox 402 2175 542 2228; x_wconf 85' lang='lat' dir='ltr'><strong>bus?</strong></span> <span class='ocrx_word' id='word_1_267' title='bbox 572 2175 667 2230; x_wconf 85' lang='lat' dir='ltr'><strong>Est</strong></span> <span class='ocrx_word' id='word_1_268' title='bbox 692 2192 821 2246; x_wconf 87' lang='lat' dir='ltr'><strong>ergo</strong></span> <span class='ocrx_word' id='word_1_269' title='bbox 848 2179 972 2234; x_wconf 88' lang='lat' dir='ltr'><strong>talis</strong></span> <span class='ocrx_word' id='word_1_270' title='bbox 996 2179 1240 2248; x_wconf 76' lang='lat' dir='ltr'><strong>qumdam</strong></span> <span class='ocrx_word' id='word_1_271' title='bbox 1272 2176 1327 2231; x_wconf 92' lang='lat' dir='ltr'><strong>in</strong></span> <span class='ocrx_word' id='word_1_272' title='bbox 1355 2176 1663 2231; x_wconf 90' lang='lat' dir='ltr'><strong>ministerio</strong></span> <span class='ocrx_word' id='word_1_273' title='bbox 1688 2175 1983 2245; x_wconf 71' lang='lat' dir='ltr'><strong>prmscieu-</strong></span> 
     </span>
    </p>
   </div>
   <div class='ocr_carea' id='block_1_37' title="bbox 399 2264 1981 2336">
    <p class='ocr_par' dir='ltr' id='par_1_37' title="bbox 399 2264 1981 2336">
     <span class='ocr_line' id='line_1_37' title="bbox 399 2264 1981 2336; baseline 0.002 -19"><span class='ocrx_word' id='word_1_274' title='bbox 399 2265 488 2318; x_wconf 73' lang='lat' dir='ltr'><strong>tiu:</strong></span> <span class='ocrx_word' id='word_1_275' title='bbox 518 2267 762 2334; x_wconf 87' lang='lat' dir='ltr'><strong>operatio</strong></span> <span class='ocrx_word' id='word_1_276' title='bbox 797 2270 1125 2333; x_wconf 63' lang='lat' dir='ltr'><strong>daemonum,</strong></span> <span class='ocrx_word' id='word_1_277' title='bbox 1177 2281 1297 2336; x_wconf 68' lang='lat' dir='ltr'><strong>quae</strong></span> <span class='ocrx_word' id='word_1_278' title='bbox 1325 2267 1537 2321; x_wconf 91' lang='lat' dir='ltr'><strong>artibus</strong></span> <span class='ocrx_word' id='word_1_279' title='bbox 1564 2264 1884 2336; x_wconf 91' lang='lat' dir='ltr'><strong>quibusdam</strong></span> <span class='ocrx_word' id='word_1_280' title='bbox 1914 2267 1981 2321; x_wconf 89' lang='lat' dir='ltr'><strong>ab</strong></span> 
     </span>
    </p>
   </div>
   <div class='ocr_carea' id='block_1_38' title="bbox 398 2357 1985 2430">
    <p class='ocr_par' dir='ltr' id='par_1_38' title="bbox 398 2357 1985 2430">
     <span class='ocr_line' id='line_1_38' title="bbox 398 2357 1985 2430; baseline 0.002 -19"><span class='ocrx_word' id='word_1_281' title='bbox 398 2357 486 2423; x_wconf 89' lang='lat' dir='ltr'><strong>iis,</strong></span> <span class='ocrx_word' id='word_1_282' title='bbox 512 2359 605 2428; x_wconf 90' lang='lat' dir='ltr'><strong>qui</strong></span> <span class='ocrx_word' id='word_1_283' title='bbox 638 2374 696 2414; x_wconf 93' lang='lat' dir='ltr'><strong>se</strong></span> <span class='ocrx_word' id='word_1_284' title='bbox 724 2360 1058 2416; x_wconf 82' lang='lat' dir='ltr'><strong>daemonibus</strong></span> <span class='ocrx_word' id='word_1_285' title='bbox 1113 2360 1566 2430; x_wconf 88' lang='lat' dir='ltr'><strong>maneipaverint,</strong></span> <span class='ocrx_word' id='word_1_286' title='bbox 1598 2360 1893 2430; x_wconf 73' lang='lat' dir='ltr'><strong>colligitur,</strong></span> <span class='ocrx_word' id='word_1_287' title='bbox 1929 2367 1985 2414; x_wconf 91' lang='lat' dir='ltr'><strong>et</strong></span> 
     </span>
    </p>
   </div>
   <div class='ocr_carea' id='block_1_39' title="bbox 398 2454 1979 2520">
    <p class='ocr_par' dir='ltr' id='par_1_39' title="bbox 398 2454 1979 2520">
     <span class='ocr_line' id='line_1_39' title="bbox 398 2454 1979 2520; baseline 0.001 -17"><span class='ocrx_word' id='word_1_288' title='bbox 398 2465 541 2504; x_wconf 89' lang='lat' dir='ltr'><strong>nunc</strong></span> <span class='ocrx_word' id='word_1_289' title='bbox 584 2464 681 2517; x_wconf 91' lang='lat' dir='ltr'><strong>per</strong></span> <span class='ocrx_word' id='word_1_290' title='bbox 731 2465 826 2505; x_wconf 89' lang='lat' dir='ltr'><strong>eas</strong></span> <span class='ocrx_word' id='word_1_291' title='bbox 869 2466 1007 2520; x_wconf 85' lang='lat' dir='ltr'><strong>quas</strong></span> <span class='ocrx_word' id='word_1_292' title='bbox 1039 2462 1215 2507; x_wconf 88' lang='lat' dir='ltr'><strong>sortes</strong></span> <span class='ocrx_word' id='word_1_293' title='bbox 1252 2454 1558 2519; x_wconf 89' lang='lat' dir='ltr'><strong>nominant,</strong></span> <span class='ocrx_word' id='word_1_294' title='bbox 1603 2466 1748 2506; x_wconf 90' lang='lat' dir='ltr'><strong>nunc</strong></span> <span class='ocrx_word' id='word_1_295' title='bbox 1786 2466 1885 2520; x_wconf 89' lang='lat' dir='ltr'><strong>per</strong></span> <span class='ocrx_word' id='word_1_296' title='bbox 1918 2465 1979 2505; x_wconf 92' lang='lat' dir='ltr'><strong>ea</strong></span> 
     </span>
    </p>
   </div>
   <div class='ocr_carea' id='block_1_40' title="bbox 393 2542 1980 2612">
    <p class='ocr_par' dir='ltr' id='par_1_40' title="bbox 393 2542 1980 2612">
     <span class='ocr_line' id='line_1_40' title="bbox 393 2542 1980 2612; baseline 0.002 -19"><span class='ocrx_word' id='word_1_297' title='bbox 393 2556 514 2611; x_wconf 59' lang='lat' dir='ltr'><strong>qua</strong></span> <span class='ocrx_word' id='word_1_298' title='bbox 532 2543 759 2611; x_wconf 87' lang='lat' dir='ltr'><strong>auguria</strong></span> <span class='ocrx_word' id='word_1_299' title='bbox 774 2544 1073 2612; x_wconf 87' lang='lat' dir='ltr'><strong>appellant,</strong></span> <span class='ocrx_word' id='word_1_300' title='bbox 1092 2558 1236 2599; x_wconf 86' lang='lat' dir='ltr'><strong>nunc</strong></span> <span class='ocrx_word' id='word_1_301' title='bbox 1252 2544 1416 2598; x_wconf 88' lang='lat' dir='ltr'><strong>etiam</strong></span> <span class='ocrx_word' id='word_1_302' title='bbox 1434 2557 1498 2597; x_wconf 80' lang='lat' dir='ltr'><strong>ex</strong></span> <span class='ocrx_word' id='word_1_303' title='bbox 1519 2542 1980 2612; x_wconf 88' lang='lat' dir='ltr'><strong>contemplatione</strong></span> 
     </span>
    </p>
   </div>
   <div class='ocr_carea' id='block_1_41' title="bbox 399 2631 1979 2703">
    <p class='ocr_par' dir='ltr' id='par_1_41' title="bbox 399 2631 1979 2703">
     <span class='ocr_line' id='line_1_41' title="bbox 399 2631 1979 2703; baseline 0.003 -20"><span class='ocrx_word' id='word_1_304' title='bbox 399 2631 683 2695; x_wconf 86' lang='lat' dir='ltr'><strong>librarum,</strong></span> <span class='ocrx_word' id='word_1_305' title='bbox 736 2648 858 2700; x_wconf 85' lang='lat' dir='ltr'><strong>quae</strong></span> <span class='ocrx_word' id='word_1_306' title='bbox 904 2633 1188 2703; x_wconf 79' lang='lat' dir='ltr'><strong>extispicia</strong></span> <span class='ocrx_word' id='word_1_307' title='bbox 1240 2642 1459 2699; x_wconf 87' lang='lat' dir='ltr'><strong>vocant,</strong></span> <span class='ocrx_word' id='word_1_308' title='bbox 1519 2633 1749 2702; x_wconf 85' lang='lat' dir='ltr'><strong>aliisque</strong></span> <span class='ocrx_word' id='word_1_309' title='bbox 1785 2633 1979 2687; x_wconf 90' lang='lat' dir='ltr'><strong>horum</strong></span> 
     </span>
    </p>
   </div>
   <div class='ocr_carea' id='block_1_42' title="bbox 394 2720 1983 2794">
    <p class='ocr_par' dir='ltr' id='par_1_42' title="bbox 394 2720 1983 2794">
     <span class='ocr_line' id='line_1_42' title="bbox 394 2720 1983 2794; baseline 0.003 -22"><span class='ocrx_word' id='word_1_310' title='bbox 394 2720 658 2776; x_wconf 80' lang='lat' dir='ltr'><strong>similibus</strong></span> <span class='ocrx_word' id='word_1_311' title='bbox 689 2723 980 2794; x_wconf 66' lang='lat' dir='ltr'><strong>priestigiis</strong></span> <span class='ocrx_word' id='word_1_312' title='bbox 1010 2724 1410 2793; x_wconf 88' lang='lat' dir='ltr'><strong>comprehendi</strong></span> <span class='ocrx_word' id='word_1_313' title='bbox 1461 2724 1697 2787; x_wconf 90' lang='lat' dir='ltr'><strong>videtur,</strong></span> <span class='ocrx_word' id='word_1_314' title='bbox 1741 2730 1794 2777; x_wconf 88' lang='lat' dir='ltr'><strong>et</strong></span> <span class='ocrx_word' id='word_1_315' title='bbox 1823 2723 1983 2778; x_wconf 79' lang='lat' dir='ltr'><strong>intel-</strong></span> 
     </span>
    </p>
   </div>
   <div class='ocr_carea' id='block_1_43' title="bbox 398 2810 1980 2885">
    <p class='ocr_par' dir='ltr' id='par_1_43' title="bbox 398 2810 1980 2885">
     <span class='ocr_line' id='line_1_43' title="bbox 398 2810 1980 2885; baseline 0.004 -21"><span class='ocrx_word' id='word_1_316' title='bbox 398 2810 517 2881; x_wconf 86' lang='lat' dir='ltr'><strong>ligi.</strong></span> <span class='ocrx_word' id='word_1_317' title='bbox 554 2811 686 2879; x_wconf 71' lang='lat' dir='ltr'><strong>Qua:</strong></span> <span class='ocrx_word' id='word_1_318' title='bbox 733 2822 881 2868; x_wconf 88' lang='lat' dir='ltr'><strong>artes</strong></span> <span class='ocrx_word' id='word_1_319' title='bbox 932 2815 987 2869; x_wconf 91' lang='lat' dir='ltr'><strong>in</strong></span> <span class='ocrx_word' id='word_1_320' title='bbox 1048 2824 1257 2869; x_wconf 87' lang='lat' dir='ltr'><strong>tantum</strong></span> <span class='ocrx_word' id='word_1_321' title='bbox 1293 2815 1358 2869; x_wconf 91' lang='lat' dir='ltr'><strong>ad</strong></span> <span class='ocrx_word' id='word_1_322' title='bbox 1388 2814 1770 2884; x_wconf 89' lang='lat' dir='ltr'><strong>decipiendum</strong></span> <span class='ocrx_word' id='word_1_323' title='bbox 1811 2830 1980 2885; x_wconf 90' lang='lat' dir='ltr'><strong>genus</strong></span> 
     </span>
    </p>
   </div>
   <div class='ocr_carea' id='block_1_44' title="bbox 397 2902 1980 2976">
    <p class='ocr_par' dir='ltr' id='par_1_44' title="bbox 397 2902 1980 2976">
     <span class='ocr_line' id='line_1_44' title="bbox 397 2902 1980 2976; baseline 0.005 -22"><span class='ocrx_word' id='word_1_324' title='bbox 397 2902 675 2959; x_wconf 87' lang='lat' dir='ltr'><strong>hominum</strong></span> <span class='ocrx_word' id='word_1_325' title='bbox 712 2906 1086 2976; x_wconf 81' lang='lat' dir='ltr'><strong>profecerunt,</strong></span> <span class='ocrx_word' id='word_1_326' title='bbox 1126 2915 1185 2961; x_wconf 91' lang='lat' dir='ltr'><strong>ut</strong></span> <span class='ocrx_word' id='word_1_327' title='bbox 1216 2906 1383 2962; x_wconf 88' lang='lat' dir='ltr'><strong>etiam</strong></span> <span class='ocrx_word' id='word_1_328' title='bbox 1408 2907 1697 2976; x_wconf 87' lang='lat' dir='ltr'><strong>justissimi</strong></span> <span class='ocrx_word' id='word_1_329' title='bbox 1733 2907 1980 2962; x_wconf 74' lang='lat' dir='ltr'><strong>Ezechize</strong></span> 
     </span>
    </p>
   </div>
   <div class='ocr_carea' id='block_1_45' title="bbox 398 2995 1981 3070">
    <p class='ocr_par' dir='ltr' id='par_1_45' title="bbox 398 2995 1981 3070">
     <span class='ocr_line' id='line_1_45' title="bbox 398 2995 1981 3070; baseline 0.004 -22"><span class='ocrx_word' id='word_1_330' title='bbox 398 2995 540 3053; x_wconf 84' lang='lat' dir='ltr'><strong>Illius</strong></span> <span class='ocrx_word' id='word_1_331' title='bbox 574 2999 823 3055; x_wconf 83' lang='lat' dir='ltr'><strong>Mauasse</strong></span> <span class='ocrx_word' id='word_1_332' title='bbox 860 3002 961 3055; x_wconf 92' lang='lat' dir='ltr'><strong>hoc</strong></span> <span class='ocrx_word' id='word_1_333' title='bbox 990 3015 1177 3054; x_wconf 88' lang='lat' dir='ltr'><strong>errore</strong></span> <span class='ocrx_word' id='word_1_334' title='bbox 1211 3001 1492 3069; x_wconf 86' lang='lat' dir='ltr'><strong>deceptus,</strong></span> <span class='ocrx_word' id='word_1_335' title='bbox 1524 2999 1870 3056; x_wconf 73' lang='lat' dir='ltr'><strong>aediﬁcaverit</strong></span> <span class='ocrx_word' id='word_1_336' title='bbox 1898 3001 1981 3070; x_wconf 88' lang='lat' dir='ltr'><strong>(ut</strong></span> 
     </span>
    </p>
   </div>
   <div class='ocr_carea' id='block_1_46' title="bbox 396 3088 1979 3159">
    <p class='ocr_par' dir='ltr' id='par_1_46' title="bbox 396 3088 1979 3159">
     <span class='ocr_line' id='line_1_46' title="bbox 396 3088 1979 3159; baseline 0.003 -16"><span class='ocrx_word' id='word_1_337' title='bbox 396 3088 679 3159; x_wconf 84' lang='lat' dir='ltr'><strong>Scriptura</strong></span> <span class='ocrx_word' id='word_1_338' title='bbox 738 3092 900 3155; x_wconf 85' lang='lat' dir='ltr'><strong>dicit)</strong></span> <span class='ocrx_word' id='word_1_339' title='bbox 934 3110 952 3143; x_wconf 75' lang='grc' dir='ltr'><strong>ι</strong></span> <span class='ocrx_word' id='word_1_340' title='bbox 989 3091 1163 3145; x_wconf 86' lang='lat' dir='ltr'><strong>altare</strong></span> <span class='ocrx_word' id='word_1_341' title='bbox 1221 3091 1369 3145; x_wconf 92' lang='lat' dir='ltr'><strong>omni</strong></span> <span class='ocrx_word' id='word_1_342' title='bbox 1422 3093 1685 3148; x_wconf 87' lang='lat' dir='ltr'><strong>exercitui</strong></span> <span class='ocrx_word' id='word_1_343' title='bbox 1739 3094 1861 3149; x_wconf 89' lang='lat' dir='ltr'><strong>coeli</strong></span> <span class='ocrx_word' id='word_1_344' title='bbox 1923 3095 1979 3148; x_wconf 90' lang='lat' dir='ltr'><strong>in</strong></span> 
     </span>
    </p>
   </div>
   <div class='ocr_carea' id='block_1_47' title="bbox 396 3182 1981 3252">
    <p class='ocr_par' dir='ltr' id='par_1_47' title="bbox 396 3182 1981 3252">
     <span class='ocr_line' id='line_1_47' title="bbox 396 3182 1981 3252; baseline 0.003 -17"><span class='ocrx_word' id='word_1_345' title='bbox 396 3193 631 3252; x_wconf 90' lang='lat' dir='ltr'><strong>utraque</strong></span> <span class='ocrx_word' id='word_1_346' title='bbox 673 3184 835 3238; x_wconf 87' lang='lat' dir='ltr'><strong>domo</strong></span> <span class='ocrx_word' id='word_1_347' title='bbox 886 3182 1098 3237; x_wconf 90' lang='lat' dir='ltr'><strong>Domini</strong></span> <span class='ocrx_word' id='word_1_348' title='bbox 1123 3183 1189 3236; x_wconf 78' lang='grc'><strong>⁸⁷.</strong></span> <span class='ocrx_word' id='word_1_349' title='bbox 1230 3203 1249 3236; x_wconf 81' lang='grc' dir='ltr'><strong>ι</strong></span> <span class='ocrx_word' id='word_1_350' title='bbox 1286 3183 1443 3239; x_wconf 86' lang='lat' dir='ltr'><strong>Hunc</strong></span> <span class='ocrx_word' id='word_1_351' title='bbox 1480 3195 1659 3239; x_wconf 88' lang='lat' dir='ltr'><strong>autem</strong></span> <span class='ocrx_word' id='word_1_352' title='bbox 1686 3200 1806 3240; x_wconf 89' lang='lat' dir='ltr'><strong>esse</strong></span> <span class='ocrx_word' id='word_1_353' title='bbox 1834 3186 1981 3240; x_wconf 83' lang='lat' dir='ltr'><strong>arbi-</strong></span> 
     </span>
    </p>
   </div>
   <div class='ocr_carea' id='block_1_48' title="bbox 395 3274 1977 3346">
    <p class='ocr_par' dir='ltr' id='par_1_48' title="bbox 395 3274 1977 3346">
     <span class='ocr_line' id='line_1_48' title="bbox 395 3274 1977 3346; baseline 0.005 -23"><span class='ocrx_word' id='word_1_354' title='bbox 395 3281 508 3326; x_wconf 90' lang='lat' dir='ltr'><strong>tror</strong></span> <span class='ocrx_word' id='word_1_355' title='bbox 548 3275 850 3328; x_wconf 81' lang='lat' dir='ltr'><strong>exercitum</strong></span> <span class='ocrx_word' id='word_1_356' title='bbox 890 3274 1034 3339; x_wconf 84' lang='lat' dir='ltr'><strong>cceli,</strong></span> <span class='ocrx_word' id='word_1_357' title='bbox 1064 3290 1222 3343; x_wconf 89' lang='lat' dir='ltr'><strong>quem</strong></span> <span class='ocrx_word' id='word_1_358' title='bbox 1253 3274 1452 3331; x_wconf 90' lang='lat' dir='ltr'><strong>Paulus</strong></span> <span class='ocrx_word' id='word_1_359' title='bbox 1478 3276 1751 3345; x_wconf 77' lang='lat' dir='ltr'><strong>spiritales</strong></span> <span class='ocrx_word' id='word_1_360' title='bbox 1789 3277 1977 3346; x_wconf 90' lang='lat' dir='ltr'><strong>nequi-</strong></span> 
     </span>
    </p>
   </div>
   <div class='ocr_carea' id='block_1_49' title="bbox 396 3366 1978 3439">
    <p class='ocr_par' dir='ltr' id='par_1_49' title="bbox 396 3366 1978 3439">
     <span class='ocr_line' id='line_1_49' title="bbox 396 3366 1978 3439; baseline 0.003 -22"><span class='ocrx_word' id='word_1_361' title='bbox 396 3366 503 3419; x_wconf 87' lang='lat' dir='ltr'><strong>tias</strong></span> <span class='ocrx_word' id='word_1_362' title='bbox 528 3367 579 3420; x_wconf 91' lang='lat' dir='ltr'><strong>in</strong></span> <span class='ocrx_word' id='word_1_363' title='bbox 611 3366 930 3421; x_wconf 70' lang='lat' dir='ltr'><strong>cmlestibus</strong></span> <span class='ocrx_word' id='word_1_364' title='bbox 958 3369 1168 3437; x_wconf 89' lang='lat' dir='ltr'><strong>positas</strong></span> <span class='ocrx_word' id='word_1_365' title='bbox 1189 3368 1410 3438; x_wconf 88' lang='lat' dir='ltr'><strong>scripsit</strong></span> <span class='ocrx_word' id='word_1_366' title='bbox 1451 3369 1516 3422; x_wconf 79' lang='grc'><strong>⁸⁸.</strong></span> <span class='ocrx_word' id='word_1_367' title='bbox 1547 3368 1657 3423; x_wconf 82' lang='lat' dir='ltr'><strong>Nisi</strong></span> <span class='ocrx_word' id='word_1_368' title='bbox 1685 3385 1814 3439; x_wconf 89' lang='lat' dir='ltr'><strong>ergo</strong></span> <span class='ocrx_word' id='word_1_369' title='bbox 1841 3370 1978 3424; x_wconf 83' lang='lat' dir='ltr'><strong>mul-</strong></span> 
     </span>
    </p>
   </div>
   <div class='ocr_carea' id='block_1_50' title="bbox 398 3458 1975 3529">
    <p class='ocr_par' dir='ltr' id='par_1_50' title="bbox 398 3458 1975 3529">
     <span class='ocr_line' id='line_1_50' title="bbox 398 3458 1975 3529; baseline 0.002 -19"><span class='ocrx_word' id='word_1_370' title='bbox 398 3468 507 3511; x_wconf 91' lang='lat' dir='ltr'><strong>tum</strong></span> <span class='ocrx_word' id='word_1_371' title='bbox 548 3459 600 3511; x_wconf 90' lang='lat' dir='ltr'><strong>in</strong></span> <span class='ocrx_word' id='word_1_372' title='bbox 644 3458 709 3513; x_wconf 92' lang='lat' dir='ltr'><strong>iis</strong></span> <span class='ocrx_word' id='word_1_373' title='bbox 749 3460 961 3515; x_wconf 87' lang='lat' dir='ltr'><strong>artibus</strong></span> <span class='ocrx_word' id='word_1_374' title='bbox 1002 3467 1056 3515; x_wconf 88' lang='lat' dir='ltr'><strong>et</strong></span> <span class='ocrx_word' id='word_1_375' title='bbox 1094 3460 1434 3529; x_wconf 90' lang='lat' dir='ltr'><strong>deceptionis</strong></span> <span class='ocrx_word' id='word_1_376' title='bbox 1471 3470 1616 3515; x_wconf 89' lang='lat' dir='ltr'><strong>esset</strong></span> <span class='ocrx_word' id='word_1_377' title='bbox 1650 3469 1705 3515; x_wconf 88' lang='lat' dir='ltr'><strong>et</strong></span> <span class='ocrx_word' id='word_1_378' title='bbox 1749 3461 1975 3523; x_wconf 89' lang='lat' dir='ltr'><strong>erroris,</strong></span> 
     </span>
    </p>
   </div>
   <div class='ocr_carea' id='block_1_51' title="bbox 393 3550 1976 3623">
    <p class='ocr_par' dir='ltr' id='par_1_51' title="bbox 393 3550 1976 3623">
     <span class='ocr_line' id='line_1_51' title="bbox 393 3550 1976 3623; baseline 0.001 -22"><span class='ocrx_word' id='word_1_379' title='bbox 393 3563 499 3603; x_wconf 90' lang='lat' dir='ltr'><strong>non</strong></span> <span class='ocrx_word' id='word_1_380' title='bbox 530 3558 658 3617; x_wconf 90' lang='lat' dir='ltr'><strong>puto</strong></span> <span class='ocrx_word' id='word_1_381' title='bbox 685 3551 819 3603; x_wconf 86' lang='lat' dir='ltr'><strong>tanti</strong></span> <span class='ocrx_word' id='word_1_382' title='bbox 851 3550 947 3605; x_wconf 91' lang='lat' dir='ltr'><strong>viri</strong></span> <span class='ocrx_word' id='word_1_383' title='bbox 974 3550 1144 3606; x_wconf 89' lang='lat' dir='ltr'><strong>ﬁlium</strong></span> <span class='ocrx_word' id='word_1_384' title='bbox 1180 3554 1232 3606; x_wconf 92' lang='lat' dir='ltr'><strong>in</strong></span> <span class='ocrx_word' id='word_1_385' title='bbox 1263 3553 1382 3623; x_wconf 90' lang='lat' dir='ltr'><strong>lege</strong></span> <span class='ocrx_word' id='word_1_386' title='bbox 1407 3552 1621 3607; x_wconf 87' lang='lat' dir='ltr'><strong>Domini</strong></span> <span class='ocrx_word' id='word_1_387' title='bbox 1663 3554 1976 3617; x_wconf 84' lang='lat' dir='ltr'><strong>educatum,</strong></span> 
     </span>
    </p>
   </div>
   <div class='ocr_carea' id='block_1_52' title="bbox 391 3640 1978 3715">
    <p class='ocr_par' dir='ltr' id='par_1_52' title="bbox 391 3640 1978 3715">
     <span class='ocr_line' id='line_1_52' title="bbox 391 3640 1978 3715; baseline 0.004 -22"><span class='ocrx_word' id='word_1_388' title='bbox 391 3640 444 3695; x_wconf 92' lang='lat' dir='ltr'><strong>in</strong></span> <span class='ocrx_word' id='word_1_389' title='bbox 478 3640 597 3695; x_wconf 89' lang='lat' dir='ltr'><strong>illas</strong></span> <span class='ocrx_word' id='word_1_390' title='bbox 622 3642 927 3711; x_wconf 88' lang='lat' dir='ltr'><strong>impietates</strong></span> <span class='ocrx_word' id='word_1_391' title='bbox 961 3646 1204 3712; x_wconf 87' lang='lat' dir='ltr'><strong>petuisse</strong></span> <span class='ocrx_word' id='word_1_392' title='bbox 1234 3660 1517 3710; x_wconf 87' lang='lat' dir='ltr'><strong>corruere,</strong></span> <span class='ocrx_word' id='word_1_393' title='bbox 1550 3660 1671 3715; x_wconf 62' lang='lat' dir='ltr'><strong>qua:</strong></span> <span class='ocrx_word' id='word_1_394' title='bbox 1696 3646 1746 3698; x_wconf 92' lang='lat' dir='ltr'><strong>in</strong></span> <span class='ocrx_word' id='word_1_395' title='bbox 1780 3655 1978 3714; x_wconf 90' lang='lat' dir='ltr'><strong>quarto</strong></span> 
     </span>
    </p>
   </div>
   <div class='ocr_carea' id='block_1_53' title="bbox 396 3731 1973 3806">
    <p class='ocr_par' dir='ltr' id='par_1_53' title="bbox 396 3731 1973 3806">
     <span class='ocr_line' id='line_1_53' title="bbox 396 3731 1973 3806; baseline 0.003 -22"><span class='ocrx_word' id='word_1_396' title='bbox 396 3731 706 3801; x_wconf 80' lang='lat' dir='ltr'><strong>Regnorum</strong></span> <span class='ocrx_word' id='word_1_397' title='bbox 737 3733 875 3790; x_wconf 92' lang='lat' dir='ltr'><strong>libro</strong></span> <span class='ocrx_word' id='word_1_398' title='bbox 907 3735 975 3790; x_wconf 92' lang='lat' dir='ltr'><strong>de</strong></span> <span class='ocrx_word' id='word_1_399' title='bbox 1005 3751 1070 3791; x_wconf 90' lang='lat' dir='ltr'><strong>eo</strong></span> <span class='ocrx_word' id='word_1_400' title='bbox 1095 3737 1314 3806; x_wconf 73' lang='lat' dir='ltr'><strong>scripta:</strong></span> <span class='ocrx_word' id='word_1_401' title='bbox 1333 3736 1769 3791; x_wconf 79' lang='lat' dir='ltr'><strong>referuntur.Ait</strong></span> <span class='ocrx_word' id='word_1_402' title='bbox 1797 3737 1973 3791; x_wconf 89' lang='lat' dir='ltr'><strong>enim:</strong></span> 
     </span>
    </p>
   </div>
   <div class='ocr_carea' id='block_1_54' title="bbox 398 3824 1975 3899">
    <p class='ocr_par' dir='ltr' id='par_1_54' title="bbox 398 3824 1975 3899">
     <span class='ocr_line' id='line_1_54' title="bbox 398 3824 1975 3899; baseline 0.006 -25"><span class='ocrx_word' id='word_1_403' title='bbox 398 3840 417 3874; x_wconf 76' lang='grc' dir='ltr'><strong>ι</strong></span> <span class='ocrx_word' id='word_1_404' title='bbox 461 3824 527 3879; x_wconf 85' lang='grc' dir='ltr'>Ει</span> <span class='ocrx_word' id='word_1_405' title='bbox 558 3825 916 3893; x_wconf 89' lang='lat' dir='ltr'><strong>sortiebatur,</strong></span> <span class='ocrx_word' id='word_1_406' title='bbox 951 3836 1005 3882; x_wconf 88' lang='lat' dir='ltr'><strong>et</strong></span> <span class='ocrx_word' id='word_1_407' title='bbox 1030 3829 1422 3899; x_wconf 83' lang='lat' dir='ltr'><strong>augurabatur,</strong></span> <span class='ocrx_word' id='word_1_408' title='bbox 1448 3837 1503 3883; x_wconf 88' lang='lat' dir='ltr'><strong>et</strong></span> <span class='ocrx_word' id='word_1_409' title='bbox 1535 3827 1665 3885; x_wconf 80' lang='lat' dir='ltr'><strong>fecit</strong></span> <span class='ocrx_word' id='word_1_410' title='bbox 1687 3827 1975 3899; x_wconf 73' lang='grc' dir='ltr'><strong>τεμένη,θι</strong></span> 
     </span>
    </p>
   </div>
   <div class='ocr_carea' id='block_1_55' title="bbox 399 3919 1974 3990">
    <p class='ocr_par' dir='ltr' id='par_1_55' title="bbox 399 3919 1974 3990">
     <span class='ocr_line' id='line_1_55' title="bbox 399 3919 1974 3990; baseline 0.003 -21"><span class='ocrx_word' id='word_1_411' title='bbox 399 3919 781 3973; x_wconf 88' lang='lat' dir='ltr'><strong>transducebat</strong></span> <span class='ocrx_word' id='word_1_412' title='bbox 814 3919 953 3974; x_wconf 90' lang='lat' dir='ltr'><strong>ﬁlios</strong></span> <span class='ocrx_word' id='word_1_413' title='bbox 988 3934 1114 3974; x_wconf 90' lang='lat' dir='ltr'><strong>suos</strong></span> <span class='ocrx_word' id='word_1_414' title='bbox 1149 3921 1201 3974; x_wconf 91' lang='lat' dir='ltr'><strong>in</strong></span> <span class='ocrx_word' id='word_1_415' title='bbox 1233 3921 1389 3990; x_wconf 88' lang='lat' dir='ltr'><strong>igne,</strong></span> <span class='ocrx_word' id='word_1_416' title='bbox 1420 3930 1475 3975; x_wconf 91' lang='lat' dir='ltr'><strong>et</strong></span> <span class='ocrx_word' id='word_1_417' title='bbox 1507 3921 1767 3990; x_wconf 68' lang='lat' dir='ltr'><strong>praescios</strong></span> <span class='ocrx_word' id='word_1_418' title='bbox 1797 3921 1974 3976; x_wconf 83' lang='lat' dir='ltr'><strong>abun-</strong></span> 
     </span>
    </p>
   </div>
   <div class='ocr_carea' id='block_1_56' title="bbox 393 4009 1973 4085">
    <p class='ocr_par' dir='ltr' id='par_1_56' title="bbox 393 4009 1973 4085">
     <span class='ocr_line' id='line_1_56' title="bbox 393 4009 1973 4085; baseline 0.003 -22"><span class='ocrx_word' id='word_1_419' title='bbox 393 4009 526 4064; x_wconf 88' lang='lat' dir='ltr'><strong>dare</strong></span> <span class='ocrx_word' id='word_1_420' title='bbox 562 4009 710 4075; x_wconf 81' lang='lat' dir='ltr'><strong>fecit,</strong></span> <span class='ocrx_word' id='word_1_421' title='bbox 753 4021 810 4065; x_wconf 92' lang='lat' dir='ltr'><strong>ut</strong></span> <span class='ocrx_word' id='word_1_422' title='bbox 856 4012 1063 4067; x_wconf 82' lang='lat' dir='ltr'><strong>faceret</strong></span> <span class='ocrx_word' id='word_1_423' title='bbox 1099 4013 1393 4085; x_wconf 87' lang='lat' dir='ltr'><strong>malignum</strong></span> <span class='ocrx_word' id='word_1_424' title='bbox 1445 4014 1498 4068; x_wconf 92' lang='lat' dir='ltr'><strong>in</strong></span> <span class='ocrx_word' id='word_1_425' title='bbox 1531 4022 1827 4083; x_wconf 91' lang='lat' dir='ltr'><strong>conspectu</strong></span> <span class='ocrx_word' id='word_1_426' title='bbox 1863 4015 1973 4068; x_wconf 82' lang='lat' dir='ltr'><strong>Do-</strong></span> 
     </span>
    </p>
   </div>
   <div class='ocr_carea' id='block_1_57' title="bbox 390 4102 1974 4178">
    <p class='ocr_par' dir='ltr' id='par_1_57' title="bbox 390 4102 1974 4178">
     <span class='ocr_line' id='line_1_57' title="bbox 390 4102 1974 4178; baseline 0.004 -24"><span class='ocrx_word' id='word_1_427' title='bbox 390 4102 542 4166; x_wconf 92' lang='lat' dir='ltr'><strong>mini,</strong></span> <span class='ocrx_word' id='word_1_428' title='bbox 575 4113 627 4155; x_wconf 89' lang='lat' dir='ltr'><strong>et</strong></span> <span class='ocrx_word' id='word_1_429' title='bbox 653 4104 1009 4159; x_wconf 87' lang='lat' dir='ltr'><strong>exacerbaret</strong></span> <span class='ocrx_word' id='word_1_430' title='bbox 1038 4118 1159 4159; x_wconf 90' lang='lat' dir='ltr'><strong>eum</strong></span> <span class='ocrx_word' id='word_1_431' title='bbox 1191 4105 1256 4158; x_wconf 70' lang='grc' dir='ltr'><strong>θ’.</strong></span> <span class='ocrx_word' id='word_1_432' title='bbox 1287 4124 1305 4157; x_wconf 87' lang='grc' dir='ltr'><strong>ι</strong></span> <span class='ocrx_word' id='word_1_433' title='bbox 1329 4105 1479 4161; x_wconf 88' lang='lat' dir='ltr'><strong>Talia</strong></span> <span class='ocrx_word' id='word_1_434' title='bbox 1516 4121 1647 4178; x_wconf 88' lang='lat' dir='ltr'><strong>ergo</strong></span> <span class='ocrx_word' id='word_1_435' title='bbox 1677 4115 1835 4161; x_wconf 88' lang='lat' dir='ltr'><strong>erant</strong></span> <span class='ocrx_word' id='word_1_436' title='bbox 1856 4122 1974 4175; x_wconf 85' lang='lat' dir='ltr'><strong>quae</strong></span> 
     </span>
    </p>
   </div>
   <div class='ocr_carea' id='block_1_58' title="bbox 390 4194 1976 4267">
    <p class='ocr_par' dir='ltr' id='par_1_58' title="bbox 390 4194 1976 4267">
     <span class='ocr_line' id='line_1_58' title="bbox 390 4194 1976 4267; baseline 0.001 -19"><span class='ocrx_word' id='word_1_437' title='bbox 390 4194 676 4261; x_wconf 87' lang='lat' dir='ltr'><strong>peccabat,</strong></span> <span class='ocrx_word' id='word_1_438' title='bbox 710 4194 994 4265; x_wconf 89' lang='lat' dir='ltr'><strong>dequibus</strong></span> <span class='ocrx_word' id='word_1_439' title='bbox 1025 4196 1128 4251; x_wconf 87' lang='lat' dir='ltr'><strong>dici</strong></span> <span class='ocrx_word' id='word_1_440' title='bbox 1166 4197 1359 4266; x_wconf 90' lang='lat' dir='ltr'><strong>possit,</strong></span> <span class='ocrx_word' id='word_1_441' title='bbox 1392 4198 1520 4267; x_wconf 90' lang='lat' dir='ltr'><strong>quia</strong></span> <span class='ocrx_word' id='word_1_442' title='bbox 1557 4198 1610 4252; x_wconf 92' lang='lat' dir='ltr'><strong>in</strong></span> <span class='ocrx_word' id='word_1_443' title='bbox 1633 4198 1846 4253; x_wconf 90' lang='lat' dir='ltr'><strong>omni&quot;o</strong></span> <span class='ocrx_word' id='word_1_444' title='bbox 1872 4198 1976 4251; x_wconf 83' lang='lat' dir='ltr'><strong>vir—</strong></span> 
     </span>
    </p>
   </div>
   <div class='ocr_carea' id='block_1_59' title="bbox 393 4284 1975 4355">
    <p class='ocr_par' dir='ltr' id='par_1_59' title="bbox 393 4284 1975 4355">
     <span class='ocr_line' id='line_1_59' title="bbox 393 4284 1975 4355; baseline 0.003 -19"><span class='ocrx_word' id='word_1_445' title='bbox 393 4290 526 4346; x_wconf 89' lang='lat' dir='ltr'><strong>tute,</strong></span> <span class='ocrx_word' id='word_1_446' title='bbox 570 4284 744 4353; x_wconf 86' lang='lat' dir='ltr'><strong>signis</strong></span> <span class='ocrx_word' id='word_1_447' title='bbox 775 4293 827 4339; x_wconf 91' lang='lat' dir='ltr'><strong>et</strong></span> <span class='ocrx_word' id='word_1_448' title='bbox 862 4285 1125 4355; x_wconf 89' lang='lat' dir='ltr'><strong>prodigiis</strong></span> <span class='ocrx_word' id='word_1_449' title='bbox 1162 4287 1519 4342; x_wconf 87' lang='lat' dir='ltr'><strong>mendacibus</strong></span> <span class='ocrx_word' id='word_1_450' title='bbox 1548 4285 1975 4343; x_wconf 78' lang='lat' dir='ltr'><strong>ﬁerent.&quot;itaut</strong></span> 
     </span>
    </p>
   </div>
   <div class='ocr_carea' id='block_1_60' title="bbox 391 4375 1974 4450">
    <p class='ocr_par' dir='ltr' id='par_1_60' title="bbox 391 4375 1974 4450">
     <span class='ocr_line' id='line_1_60' title="bbox 391 4375 1974 4450; baseline 0.004 -21"><span class='ocrx_word' id='word_1_451' title='bbox 391 4375 777 4445; x_wconf 83' lang='lat' dir='ltr'><strong>deciperentur</strong></span> <span class='ocrx_word' id='word_1_452' title='bbox 817 4379 982 4433; x_wconf 88' lang='lat' dir='ltr'><strong>etiam</strong></span> <span class='ocrx_word' id='word_1_453' title='bbox 1025 4378 1210 4434; x_wconf 90' lang='lat' dir='ltr'><strong>electi.</strong></span> <span class='ocrx_word' id='word_1_454' title='bbox 1255 4381 1528 4449; x_wconf 89' lang='lat' dir='ltr'><strong>Deceptus</strong></span> <span class='ocrx_word' id='word_1_455' title='bbox 1565 4389 1648 4435; x_wconf 91' lang='lat' dir='ltr'><strong>est</strong></span> <span class='ocrx_word' id='word_1_456' title='bbox 1698 4380 1841 4435; x_wconf 91' lang='lat' dir='ltr'><strong>enim</strong></span> <span class='ocrx_word' id='word_1_457' title='bbox 1876 4395 1974 4450; x_wconf 92' lang='lat' dir='ltr'><strong>per</strong></span> 
     </span>
    </p>
   </div>
   <div class='ocr_carea' id='block_1_61' title="bbox 392 4469 1970 4543">
    <p class='ocr_par' dir='ltr' id='par_1_61' title="bbox 392 4469 1970 4543">
     <span class='ocr_line' id='line_1_61' title="bbox 392 4469 1970 4543; baseline 0.003 -21"><span class='ocrx_word' id='word_1_458' title='bbox 392 4483 515 4522; x_wconf 90' lang='lat' dir='ltr'><strong>cum</strong></span> <span class='ocrx_word' id='word_1_459' title='bbox 541 4478 595 4523; x_wconf 92' lang='lat' dir='ltr'><strong>et</strong></span> <span class='ocrx_word' id='word_1_460' title='bbox 622 4469 871 4539; x_wconf 88' lang='lat' dir='ltr'><strong>populus,</strong></span> <span class='ocrx_word' id='word_1_461' title='bbox 911 4482 967 4523; x_wconf 92' lang='lat' dir='ltr'><strong>ut</strong></span> <span class='ocrx_word' id='word_1_462' title='bbox 996 4471 1203 4527; x_wconf 82' lang='lat' dir='ltr'><strong>faceret</strong></span> <span class='ocrx_word' id='word_1_463' title='bbox 1252 4472 1548 4543; x_wconf 87' lang='lat' dir='ltr'><strong>malignum</strong></span> <span class='ocrx_word' id='word_1_464' title='bbox 1590 4472 1643 4526; x_wconf 92' lang='lat' dir='ltr'><strong>in</strong></span> <span class='ocrx_word' id='word_1_465' title='bbox 1676 4482 1970 4542; x_wconf 80' lang='lat' dir='ltr'><strong>conspectu</strong></span> 
     </span>
    </p>
   </div>
   <div class='ocr_carea' id='block_1_62' title="bbox 2087 1989 3673 2062">
    <p class='ocr_par' dir='ltr' id='par_1_62' title="bbox 2087 1989 3673 2062">
     <span class='ocr_line' id='line_1_62' title="bbox 2087 1989 3673 2062; baseline -0.002 -17"><span class='ocrx_word' id='word_1_466' title='bbox 2087 1992 2360 2047; x_wconf 61' lang='lat' dir='ltr'><strong>daemones</strong></span> <span class='ocrx_word' id='word_1_467' title='bbox 2389 2003 2717 2062; x_wconf 91' lang='lat' dir='ltr'><strong>operantur:</strong></span> <span class='ocrx_word' id='word_1_468' title='bbox 2738 2008 2805 2047; x_wconf 91' lang='lat' dir='ltr'><strong>ne</strong></span> <span class='ocrx_word' id='word_1_469' title='bbox 2837 1994 2974 2046; x_wconf 78' lang='lat' dir='ltr'><strong>torte</strong></span> <span class='ocrx_word' id='word_1_470' title='bbox 2997 2008 3185 2049; x_wconf 89' lang='lat' dir='ltr'><strong>rursus</strong></span> <span class='ocrx_word' id='word_1_471' title='bbox 3208 2006 3304 2061; x_wconf 91' lang='lat' dir='ltr'><strong>per</strong></span> <span class='ocrx_word' id='word_1_472' title='bbox 3336 1992 3449 2044; x_wconf 65' lang='lat' dir='ltr'><strong>haec</strong></span> <span class='ocrx_word' id='word_1_473' title='bbox 3473 1989 3673 2045; x_wconf 73' lang='lat' dir='ltr'><strong>daemo-</strong></span> 
     </span>
    </p>
   </div>
   <div class='ocr_carea' id='block_1_63' title="bbox 2087 2084 3675 2155">
    <p class='ocr_par' dir='ltr' id='par_1_63' title="bbox 2087 2084 3675 2155">
     <span class='ocr_line' id='line_1_63' title="bbox 2087 2084 3675 2155; baseline 0.002 -19"><span class='ocrx_word' id='word_1_474' title='bbox 2087 2084 2248 2137; x_wconf 91' lang='lat' dir='ltr'><strong>nibus</strong></span> <span class='ocrx_word' id='word_1_475' title='bbox 2292 2088 2555 2150; x_wconf 89' lang='lat' dir='ltr'><strong>societur,</strong></span> <span class='ocrx_word' id='word_1_476' title='bbox 2613 2094 2775 2155; x_wconf 87' lang='lat' dir='ltr'><strong>atque</strong></span> <span class='ocrx_word' id='word_1_477' title='bbox 2803 2100 2992 2139; x_wconf 88' lang='lat' dir='ltr'><strong>eorunt</strong></span> <span class='ocrx_word' id='word_1_478' title='bbox 3025 2086 3223 2155; x_wconf 85' lang='lat' dir='ltr'><strong>spiritu</strong></span> <span class='ocrx_word' id='word_1_479' title='bbox 3263 2093 3318 2139; x_wconf 89' lang='lat' dir='ltr'><strong>et</strong></span> <span class='ocrx_word' id='word_1_480' title='bbox 3351 2086 3553 2139; x_wconf 89' lang='lat' dir='ltr'><strong>virtute</strong></span> <span class='ocrx_word' id='word_1_481' title='bbox 3588 2099 3675 2139; x_wconf 89' lang='lat' dir='ltr'><strong>re-</strong></span> 
     </span>
    </p>
   </div>
   <div class='ocr_carea' id='block_1_64' title="bbox 2083 2174 3668 2245">
    <p class='ocr_par' dir='ltr' id='par_1_64' title="bbox 2083 2174 3668 2245">
     <span class='ocr_line' id='line_1_64' title="bbox 2083 2174 3668 2245; baseline 0.002 -19"><span class='ocrx_word' id='word_1_482' title='bbox 2083 2174 2317 2243; x_wconf 85' lang='lat' dir='ltr'><strong>pleatur,</strong></span> <span class='ocrx_word' id='word_1_483' title='bbox 2351 2186 2407 2231; x_wconf 91' lang='lat' dir='ltr'><strong>et</strong></span> <span class='ocrx_word' id='word_1_484' title='bbox 2438 2178 2505 2232; x_wconf 89' lang='lat' dir='ltr'><strong>ad</strong></span> <span class='ocrx_word' id='word_1_485' title='bbox 2543 2177 2815 2232; x_wconf 90' lang='lat' dir='ltr'><strong>idolorum</strong></span> <span class='ocrx_word' id='word_1_486' title='bbox 2868 2178 3075 2233; x_wconf 90' lang='lat' dir='ltr'><strong>cultum</strong></span> <span class='ocrx_word' id='word_1_487' title='bbox 3128 2178 3307 2232; x_wconf 88' lang='lat' dir='ltr'><strong>denuo</strong></span> <span class='ocrx_word' id='word_1_488' title='bbox 3357 2186 3668 2245; x_wconf 86' lang='lat' dir='ltr'><strong>reparetur.</strong></span> 
     </span>
    </p>
   </div>
   <div class='ocr_carea' id='block_1_65' title="bbox 2088 2266 3673 2338">
    <p class='ocr_par' dir='ltr' id='par_1_65' title="bbox 2088 2266 3673 2338">
     <span class='ocr_line' id='line_1_65' title="bbox 2088 2266 3673 2338; baseline 0.001 -18"><span class='ocrx_word' id='word_1_489' title='bbox 2088 2266 2211 2322; x_wconf 84' lang='lat' dir='ltr'><strong>llaec</strong></span> <span class='ocrx_word' id='word_1_490' title='bbox 2240 2268 2383 2322; x_wconf 89' lang='lat' dir='ltr'><strong>enim</strong></span> <span class='ocrx_word' id='word_1_491' title='bbox 2414 2269 2597 2323; x_wconf 88' lang='lat' dir='ltr'><strong>omnia</strong></span> <span class='ocrx_word' id='word_1_492' title='bbox 2638 2270 2831 2338; x_wconf 84' lang='lat' dir='ltr'><strong>religio</strong></span> <span class='ocrx_word' id='word_1_493' title='bbox 2881 2279 3066 2324; x_wconf 89' lang='lat' dir='ltr'><strong>nostra</strong></span> <span class='ocrx_word' id='word_1_494' title='bbox 3116 2269 3299 2323; x_wconf 90' lang='lat' dir='ltr'><strong>divina</strong></span> <span class='ocrx_word' id='word_1_495' title='bbox 3348 2277 3402 2323; x_wconf 91' lang='lat' dir='ltr'><strong>et</strong></span> <span class='ocrx_word' id='word_1_496' title='bbox 3433 2268 3673 2324; x_wconf 76' lang='lat' dir='ltr'><strong>cmlestis</strong></span> 
     </span>
    </p>
   </div>
   <div class='ocr_carea' id='block_1_66' title="bbox 2086 2343 3672 2431">
    <p class='ocr_par' dir='ltr' id='par_1_66' title="bbox 2086 2343 3672 2431">
     <span class='ocr_line' id='line_1_66' title="bbox 2086 2343 3672 2431; baseline 0.001 -19"><span class='ocrx_word' id='word_1_497' title='bbox 2086 2343 2323 2427; x_wconf 86' lang='lat' dir='ltr'><strong>abjurat,</strong></span> <span class='ocrx_word' id='word_1_498' title='bbox 2359 2360 2414 2415; x_wconf 93' lang='lat' dir='ltr'><strong>in</strong></span> <span class='ocrx_word' id='word_1_499' title='bbox 2450 2360 2695 2416; x_wconf 88' lang='lat' dir='ltr'><strong>Levitico</strong></span> <span class='ocrx_word' id='word_1_500' title='bbox 2728 2355 2949 2431; x_wconf 85' lang='lat' dir='ltr'><strong>quidem</strong></span> <span class='ocrx_word' id='word_1_501' title='bbox 2981 2369 3170 2431; x_wconf 86' lang='lat' dir='ltr'><strong>aperta</strong></span> <span class='ocrx_word' id='word_1_502' title='bbox 3204 2360 3323 2428; x_wconf 83' lang='lat' dir='ltr'><strong>lege</strong></span> <span class='ocrx_word' id='word_1_503' title='bbox 3354 2360 3672 2429; x_wconf 86' lang='lat' dir='ltr'><strong>designans,</strong></span> 
     </span>
    </p>
   </div>
   <div class='ocr_carea' id='block_1_67' title="bbox 2085 2450 3667 2521">
    <p class='ocr_par' dir='ltr' id='par_1_67' title="bbox 2085 2450 3667 2521">
     <span class='ocr_line' id='line_1_67' title="bbox 2085 2450 3667 2521; baseline -0.002 -15"><span class='ocrx_word' id='word_1_504' title='bbox 2085 2462 2139 2506; x_wconf 88' lang='lat' dir='ltr'><strong>et</strong></span> <span class='ocrx_word' id='word_1_505' title='bbox 2158 2452 2376 2509; x_wconf 87' lang='lat' dir='ltr'><strong>dicens:</strong></span> <span class='ocrx_word' id='word_1_506' title='bbox 2404 2470 2421 2503; x_wconf 78' lang='grc' dir='ltr'><strong>ι</strong></span> <span class='ocrx_word' id='word_1_507' title='bbox 2451 2450 2566 2508; x_wconf 80' lang='lat' dir='ltr'><strong>Non</strong></span> <span class='ocrx_word' id='word_1_508' title='bbox 2587 2452 2922 2515; x_wconf 88' lang='lat' dir='ltr'><strong>divinabitis,</strong></span> <span class='ocrx_word' id='word_1_509' title='bbox 2950 2467 3123 2520; x_wconf 87' lang='lat' dir='ltr'><strong>neque</strong></span> <span class='ocrx_word' id='word_1_510' title='bbox 3148 2450 3667 2521; x_wconf 69' lang='lat' dir='ltr'><strong>augurabimini&quot;.i</strong></span> 
     </span>
    </p>
   </div>
   <div class='ocr_carea' id='block_1_68' title="bbox 2087 2542 3675 2615">
    <p class='ocr_par' dir='ltr' id='par_1_68' title="bbox 2087 2542 3675 2615">
     <span class='ocr_line' id='line_1_68' title="bbox 2087 2542 3675 2615; baseline 0.003 -19"><span class='ocrx_word' id='word_1_511' title='bbox 2087 2544 2154 2597; x_wconf 87' lang='lat' dir='ltr'><strong>Et</strong></span> <span class='ocrx_word' id='word_1_512' title='bbox 2203 2556 2331 2615; x_wconf 90' lang='lat' dir='ltr'><strong>post</strong></span> <span class='ocrx_word' id='word_1_513' title='bbox 2362 2560 2537 2615; x_wconf 89' lang='lat' dir='ltr'><strong>pauca</strong></span> <span class='ocrx_word' id='word_1_514' title='bbox 2565 2561 2579 2599; x_wconf 90' lang='lat'><strong>:</strong></span> <span class='ocrx_word' id='word_1_515' title='bbox 2612 2562 2629 2595; x_wconf 78' lang='grc' dir='ltr'><strong>ι</strong></span> <span class='ocrx_word' id='word_1_516' title='bbox 2659 2542 2777 2599; x_wconf 84' lang='grc' dir='ltr'>Νοιι</span> <span class='ocrx_word' id='word_1_517' title='bbox 2829 2543 3362 2614; x_wconf 87' lang='lat' dir='ltr'><strong>sequemini,inquit,</strong></span> <span class='ocrx_word' id='word_1_518' title='bbox 3408 2544 3675 2600; x_wconf 88' lang='lat' dir='ltr'><strong>ventrilo-</strong></span> 
     </span>
    </p>
   </div>
   <div class='ocr_carea' id='block_1_69' title="bbox 2083 2636 3675 2708">
    <p class='ocr_par' dir='ltr' id='par_1_69' title="bbox 2083 2636 3675 2708">
     <span class='ocr_line' id='line_1_69' title="bbox 2083 2636 3675 2708; baseline 0.001 -19"><span class='ocrx_word' id='word_1_519' title='bbox 2083 2650 2245 2704; x_wconf 87' lang='lat' dir='ltr'><strong>quos,</strong></span> <span class='ocrx_word' id='word_1_520' title='bbox 2273 2652 2371 2693; x_wconf 91' lang='lat' dir='ltr'><strong>nec</strong></span> <span class='ocrx_word' id='word_1_521' title='bbox 2402 2636 2773 2708; x_wconf 86' lang='lat' dir='ltr'><strong>adjungemini</strong></span> <span class='ocrx_word' id='word_1_522' title='bbox 2807 2639 2873 2692; x_wconf 90' lang='lat' dir='ltr'><strong>ad</strong></span> <span class='ocrx_word' id='word_1_523' title='bbox 2895 2638 3284 2702; x_wconf 90' lang='lat' dir='ltr'><strong>incantatores,</strong></span> <span class='ocrx_word' id='word_1_524' title='bbox 3318 2646 3377 2692; x_wconf 93' lang='lat' dir='ltr'><strong>ut</strong></span> <span class='ocrx_word' id='word_1_525' title='bbox 3403 2637 3675 2691; x_wconf 85' lang='lat' dir='ltr'><strong>contami-</strong></span> 
     </span>
    </p>
   </div>
   <div class='ocr_carea' id='block_1_70' title="bbox 2083 2728 3675 2799">
    <p class='ocr_par' dir='ltr' id='par_1_70' title="bbox 2083 2728 3675 2799">
     <span class='ocr_line' id='line_1_70' title="bbox 2083 2728 3675 2799; baseline 0.001 -18"><span class='ocrx_word' id='word_1_526' title='bbox 2083 2730 2288 2784; x_wconf 88' lang='lat' dir='ltr'><strong>nemini</strong></span> <span class='ocrx_word' id='word_1_527' title='bbox 2326 2732 2380 2783; x_wconf 91' lang='lat' dir='ltr'><strong>in</strong></span> <span class='ocrx_word' id='word_1_528' title='bbox 2407 2730 2507 2797; x_wconf 90' lang='lat' dir='ltr'><strong>eis,</strong></span> <span class='ocrx_word' id='word_1_529' title='bbox 2539 2744 2641 2799; x_wconf 83' lang='lat' dir='ltr'><strong>ego</strong></span> <span class='ocrx_word' id='word_1_530' title='bbox 2667 2728 2928 2785; x_wconf 87' lang='lat' dir='ltr'><strong>Dominus</strong></span> <span class='ocrx_word' id='word_1_531' title='bbox 2960 2729 3105 2784; x_wconf 90' lang='lat' dir='ltr'><strong>Deus</strong></span> <span class='ocrx_word' id='word_1_532' title='bbox 3128 2737 3308 2784; x_wconf 85' lang='lat' dir='ltr'><strong>vester</strong></span> <span class='ocrx_word' id='word_1_533' title='bbox 3332 2728 3400 2783; x_wconf 70' lang='lat'><strong>7&quot;.</strong></span> <span class='ocrx_word' id='word_1_534' title='bbox 3433 2747 3452 2781; x_wconf 84' lang='grc' dir='ltr'><strong>ι</strong></span> <span class='ocrx_word' id='word_1_535' title='bbox 3486 2728 3550 2783; x_wconf 89' lang='grc' dir='ltr'>Ει</span> <span class='ocrx_word' id='word_1_536' title='bbox 3575 2729 3675 2783; x_wconf 88' lang='lat' dir='ltr'><strong>ite-</strong></span> 
     </span>
    </p>
   </div>
   <div class='ocr_carea' id='block_1_71' title="bbox 2082 2820 3675 2891">
    <p class='ocr_par' dir='ltr' id='par_1_71' title="bbox 2082 2820 3675 2891">
     <span class='ocr_line' id='line_1_71' title="bbox 2082 2820 3675 2891; baseline 0.001 -18"><span class='ocrx_word' id='word_1_537' title='bbox 2082 2835 2203 2875; x_wconf 90' lang='lat' dir='ltr'><strong>rum</strong></span> <span class='ocrx_word' id='word_1_538' title='bbox 2241 2822 2294 2877; x_wconf 91' lang='lat' dir='ltr'><strong>in</strong></span> <span class='ocrx_word' id='word_1_539' title='bbox 2323 2823 2788 2877; x_wconf 90' lang='lat' dir='ltr'><strong>Deutcronomio:</strong></span> <span class='ocrx_word' id='word_1_540' title='bbox 2828 2838 2848 2873; x_wconf 77' lang='grc' dir='ltr'><strong>ι</strong></span> <span class='ocrx_word' id='word_1_541' title='bbox 2882 2820 2937 2875; x_wconf 91' lang='lat' dir='ltr'><strong>Si</strong></span> <span class='ocrx_word' id='word_1_542' title='bbox 2970 2832 3149 2875; x_wconf 87' lang='lat' dir='ltr'><strong>autem</strong></span> <span class='ocrx_word' id='word_1_543' title='bbox 3177 2832 3255 2888; x_wconf 93' lang='lat' dir='ltr'><strong>tu,</strong></span> <span class='ocrx_word' id='word_1_544' title='bbox 3295 2820 3565 2891; x_wconf 82' lang='lat' dir='ltr'><strong>inquit&quot;,</strong></span> <span class='ocrx_word' id='word_1_545' title='bbox 3592 2822 3675 2875; x_wconf 83' lang='lat' dir='ltr'><strong>in-</strong></span> 
     </span>
    </p>
   </div>
   <div class='ocr_carea' id='block_1_72' title="bbox 2086 2911 3675 2982">
    <p class='ocr_par' dir='ltr' id='par_1_72' title="bbox 2086 2911 3675 2982">
     <span class='ocr_line' id='line_1_72' title="bbox 2086 2911 3675 2982; baseline 0 -15"><span class='ocrx_word' id='word_1_546' title='bbox 2086 2915 2301 2970; x_wconf 90' lang='lat' dir='ltr'><strong>troieris</strong></span> <span class='ocrx_word' id='word_1_547' title='bbox 2325 2914 2378 2968; x_wconf 91' lang='lat' dir='ltr'><strong>in</strong></span> <span class='ocrx_word' id='word_1_548' title='bbox 2428 2924 2631 2969; x_wconf 84' lang='lat' dir='ltr'><strong>terram</strong></span> <span class='ocrx_word' id='word_1_549' title='bbox 2700 2929 2861 2982; x_wconf 90' lang='lat' dir='ltr'><strong>quam</strong></span> <span class='ocrx_word' id='word_1_550' title='bbox 2895 2911 3160 2968; x_wconf 88' lang='lat' dir='ltr'><strong>Dominus</strong></span> <span class='ocrx_word' id='word_1_551' title='bbox 3188 2913 3331 2967; x_wconf 92' lang='lat' dir='ltr'><strong>Deus</strong></span> <span class='ocrx_word' id='word_1_552' title='bbox 3369 2924 3494 2967; x_wconf 92' lang='lat' dir='ltr'><strong>tuus</strong></span> <span class='ocrx_word' id='word_1_553' title='bbox 3521 2912 3675 2969; x_wconf 88' lang='lat' dir='ltr'><strong>dabit</strong></span> 
     </span>
    </p>
   </div>
   <div class='ocr_carea' id='block_1_73' title="bbox 2084 3005 3668 3069">
    <p class='ocr_par' dir='ltr' id='par_1_73' title="bbox 2084 3005 3668 3069">
     <span class='ocr_line' id='line_1_73' title="bbox 2084 3005 3668 3069; baseline 0.001 -10"><span class='ocrx_word' id='word_1_554' title='bbox 2084 3005 2210 3069; x_wconf 91' lang='lat' dir='ltr'><strong>tibi,</strong></span> <span class='ocrx_word' id='word_1_555' title='bbox 2243 3021 2348 3060; x_wconf 93' lang='lat' dir='ltr'><strong>non</strong></span> <span class='ocrx_word' id='word_1_556' title='bbox 2403 3006 2583 3059; x_wconf 89' lang='lat' dir='ltr'><strong>discas</strong></span> <span class='ocrx_word' id='word_1_557' title='bbox 2645 3006 2828 3060; x_wconf 79' lang='lat' dir='ltr'><strong>facere</strong></span> <span class='ocrx_word' id='word_1_558' title='bbox 2874 3006 3175 3058; x_wconf 88' lang='lat' dir='ltr'><strong>secundum</strong></span> <span class='ocrx_word' id='word_1_559' title='bbox 3223 3005 3668 3060; x_wconf 89' lang='lat' dir='ltr'><strong>abominatioues</strong></span> 
     </span>
    </p>
   </div>
   <div class='ocr_carea' id='block_1_74' title="bbox 2086 3094 3673 3167">
    <p class='ocr_par' dir='ltr' id='par_1_74' title="bbox 2086 3094 3673 3167">
     <span class='ocr_line' id='line_1_74' title="bbox 2086 3094 3673 3167; baseline -0.001 -16"><span class='ocrx_word' id='word_1_560' title='bbox 2086 3098 2328 3167; x_wconf 79' lang='lat' dir='ltr'><strong>gentium</strong></span> <span class='ocrx_word' id='word_1_561' title='bbox 2362 3098 2602 3160; x_wconf 89' lang='lat' dir='ltr'><strong>illarum,</strong></span> <span class='ocrx_word' id='word_1_562' title='bbox 2660 3112 2766 3149; x_wconf 89' lang='lat' dir='ltr'><strong>non</strong></span> <span class='ocrx_word' id='word_1_563' title='bbox 2819 3094 3132 3148; x_wconf 74' lang='lat' dir='ltr'><strong>inveniatur</strong></span> <span class='ocrx_word' id='word_1_564' title='bbox 3172 3097 3224 3150; x_wconf 91' lang='lat' dir='ltr'><strong>in</strong></span> <span class='ocrx_word' id='word_1_565' title='bbox 3263 3105 3313 3149; x_wconf 92' lang='lat' dir='ltr'><strong>te</strong></span> <span class='ocrx_word' id='word_1_566' title='bbox 3342 3097 3431 3164; x_wconf 87' lang='lat' dir='ltr'><strong>qui</strong></span> <span class='ocrx_word' id='word_1_567' title='bbox 3479 3096 3673 3150; x_wconf 88' lang='lat' dir='ltr'><strong>lustret</strong></span> 
     </span>
    </p>
   </div>
   <div class='ocr_carea' id='block_1_75' title="bbox 2097 3185 3673 3256">
    <p class='ocr_par' dir='ltr' id='par_1_75' title="bbox 2097 3185 3673 3256">
     <span class='ocr_line' id='line_1_75' title="bbox 2097 3185 3673 3256; baseline -0.001 -11"><span class='ocrx_word' id='word_1_568' title='bbox 2097 3191 2263 3245; x_wconf 90' lang='lat' dir='ltr'><strong>ﬁlium</strong></span> <span class='ocrx_word' id='word_1_569' title='bbox 2296 3205 2471 3249; x_wconf 88' lang='lat' dir='ltr'><strong>suum,</strong></span> <span class='ocrx_word' id='word_1_570' title='bbox 2504 3198 2595 3240; x_wconf 91' lang='lat' dir='ltr'><strong>aut</strong></span> <span class='ocrx_word' id='word_1_571' title='bbox 2630 3188 2794 3239; x_wconf 78' lang='lat' dir='ltr'><strong>ﬁliani</strong></span> <span class='ocrx_word' id='word_1_572' title='bbox 2830 3201 2981 3239; x_wconf 88' lang='lat' dir='ltr'><strong>suam</strong></span> <span class='ocrx_word' id='word_1_573' title='bbox 3038 3185 3167 3255; x_wconf 90' lang='lat' dir='ltr'><strong>igni,</strong></span> <span class='ocrx_word' id='word_1_574' title='bbox 3207 3202 3383 3256; x_wconf 90' lang='lat' dir='ltr'><strong>neque</strong></span> <span class='ocrx_word' id='word_1_575' title='bbox 3419 3187 3673 3243; x_wconf 86' lang='lat' dir='ltr'><strong>divinans</strong></span> 
     </span>
    </p>
   </div>
   <div class='ocr_carea' id='block_1_76' title="bbox 2083 3277 3668 3348">
    <p class='ocr_par' dir='ltr' id='par_1_76' title="bbox 2083 3277 3668 3348">
     <span class='ocr_line' id='line_1_76' title="bbox 2083 3277 3668 3348; baseline -0.003 -10"><span class='ocrx_word' id='word_1_576' title='bbox 2083 3282 2443 3341; x_wconf 90' lang='lat' dir='ltr'><strong>divinatione,</strong></span> <span class='ocrx_word' id='word_1_577' title='bbox 2462 3293 2635 3348; x_wconf 89' lang='lat' dir='ltr'><strong>neque</strong></span> <span class='ocrx_word' id='word_1_578' title='bbox 2648 3279 2883 3332; x_wconf 85' lang='lat' dir='ltr'><strong>sortieus</strong></span> <span class='ocrx_word' id='word_1_579' title='bbox 2904 3278 3163 3343; x_wconf 90' lang='lat' dir='ltr'><strong>sortibus,</strong></span> <span class='ocrx_word' id='word_1_580' title='bbox 3182 3293 3356 3348; x_wconf 90' lang='lat' dir='ltr'><strong>neque</strong></span> <span class='ocrx_word' id='word_1_581' title='bbox 3370 3277 3668 3345; x_wconf 89' lang='lat' dir='ltr'><strong>maleﬁcus,</strong></span> 
     </span>
    </p>
   </div>
   <div class='ocr_carea' id='block_1_77' title="bbox 2083 3368 3669 3444">
    <p class='ocr_par' dir='ltr' id='par_1_77' title="bbox 2083 3368 3669 3444">
     <span class='ocr_line' id='line_1_77' title="bbox 2083 3368 3669 3444; baseline -0.005 -15"><span class='ocrx_word' id='word_1_582' title='bbox 2083 3387 2259 3444; x_wconf 90' lang='lat' dir='ltr'><strong>neque</strong></span> <span class='ocrx_word' id='word_1_583' title='bbox 2278 3374 2607 3435; x_wconf 88' lang='lat' dir='ltr'><strong>iucantator,</strong></span> <span class='ocrx_word' id='word_1_584' title='bbox 2630 3385 2809 3439; x_wconf 88' lang='lat' dir='ltr'><strong>neque</strong></span> <span class='ocrx_word' id='word_1_585' title='bbox 2830 3368 3227 3440; x_wconf 91' lang='lat' dir='ltr'><strong>ventriloquus,</strong></span> <span class='ocrx_word' id='word_1_586' title='bbox 3254 3384 3427 3437; x_wconf 90' lang='lat' dir='ltr'><strong>neque</strong></span> <span class='ocrx_word' id='word_1_587' title='bbox 3446 3378 3669 3437; x_wconf 88' lang='lat' dir='ltr'><strong>porten-</strong></span> 
     </span>
    </p>
   </div>
   <div class='ocr_carea' id='block_1_78' title="bbox 2082 3460 3668 3532">
    <p class='ocr_par' dir='ltr' id='par_1_78' title="bbox 2082 3460 3668 3532">
     <span class='ocr_line' id='line_1_78' title="bbox 2082 3460 3668 3532; baseline -0.005 -11"><span class='ocrx_word' id='word_1_588' title='bbox 2082 3476 2258 3521; x_wconf 89' lang='lat' dir='ltr'><strong>torum</strong></span> <span class='ocrx_word' id='word_1_589' title='bbox 2280 3464 2744 3532; x_wconf 83' lang='lat' dir='ltr'><strong>inspector,neque</strong></span> <span class='ocrx_word' id='word_1_590' title='bbox 2767 3463 3110 3531; x_wconf 90' lang='lat' dir='ltr'><strong>interrogans</strong></span> <span class='ocrx_word' id='word_1_591' title='bbox 3131 3470 3394 3515; x_wconf 88' lang='lat' dir='ltr'><strong>mortuos.</strong></span> <span class='ocrx_word' id='word_1_592' title='bbox 3412 3460 3507 3515; x_wconf 88' lang='lat' dir='ltr'><strong>Est</strong></span> <span class='ocrx_word' id='word_1_593' title='bbox 3522 3460 3668 3514; x_wconf 88' lang='lat' dir='ltr'><strong>enim</strong></span> 
     </span>
    </p>
   </div>
   <div class='ocr_carea' id='block_1_79' title="bbox 2080 3550 3672 3621">
    <p class='ocr_par' dir='ltr' id='par_1_79' title="bbox 2080 3550 3672 3621">
     <span class='ocr_line' id='line_1_79' title="bbox 2080 3550 3672 3621; baseline -0.001 -13"><span class='ocrx_word' id='word_1_594' title='bbox 2080 3554 2411 3609; x_wconf 81' lang='lat' dir='ltr'><strong>abontinatio</strong></span> <span class='ocrx_word' id='word_1_595' title='bbox 2426 3552 2676 3619; x_wconf 89' lang='lat' dir='ltr'><strong>Domino,</strong></span> <span class='ocrx_word' id='word_1_596' title='bbox 2693 3551 2870 3605; x_wconf 91' lang='lat' dir='ltr'><strong>omnis</strong></span> <span class='ocrx_word' id='word_1_597' title='bbox 2884 3553 2972 3619; x_wconf 91' lang='lat' dir='ltr'><strong>qui</strong></span> <span class='ocrx_word' id='word_1_598' title='bbox 2994 3550 3125 3607; x_wconf 82' lang='lat' dir='ltr'><strong>facit</strong></span> <span class='ocrx_word' id='word_1_599' title='bbox 3142 3552 3273 3606; x_wconf 67' lang='lat' dir='ltr'><strong>haec.</strong></span> <span class='ocrx_word' id='word_1_600' title='bbox 3293 3550 3521 3621; x_wconf 87' lang='lat' dir='ltr'><strong>Propter</strong></span> <span class='ocrx_word' id='word_1_601' title='bbox 3539 3552 3672 3606; x_wconf 88' lang='lat' dir='ltr'><strong>istas</strong></span> 
     </span>
    </p>
   </div>
   <div class='ocr_carea' id='block_1_80' title="bbox 2079 3638 3671 3711">
    <p class='ocr_par' dir='ltr' id='par_1_80' title="bbox 2079 3638 3671 3711">
     <span class='ocr_line' id='line_1_80' title="bbox 2079 3638 3671 3711; baseline 0.001 -17"><span class='ocrx_word' id='word_1_602' title='bbox 2079 3640 2224 3695; x_wconf 88' lang='lat' dir='ltr'><strong>enim</strong></span> <span class='ocrx_word' id='word_1_603' title='bbox 2244 3640 2674 3695; x_wconf 88' lang='lat' dir='ltr'><strong>abominationes</strong></span> <span class='ocrx_word' id='word_1_604' title='bbox 2690 3638 2951 3695; x_wconf 90' lang='lat' dir='ltr'><strong>Dominus</strong></span> <span class='ocrx_word' id='word_1_605' title='bbox 2973 3640 3112 3695; x_wconf 91' lang='lat' dir='ltr'><strong>Deus</strong></span> <span class='ocrx_word' id='word_1_606' title='bbox 3134 3650 3257 3696; x_wconf 92' lang='lat' dir='ltr'><strong>tuus</strong></span> <span class='ocrx_word' id='word_1_607' title='bbox 3275 3641 3671 3711; x_wconf 82' lang='lat' dir='ltr'><strong>evertitgeutes</strong></span> 
     </span>
    </p>
   </div>
   <div class='ocr_carea' id='block_1_81' title="bbox 2078 3731 3670 3801">
    <p class='ocr_par' dir='ltr' id='par_1_81' title="bbox 2078 3731 3670 3801">
     <span class='ocr_line' id='line_1_81' title="bbox 2078 3731 3670 3801; baseline -0.001 -13"><span class='ocrx_word' id='word_1_608' title='bbox 2078 3733 2569 3801; x_wconf 87' lang='lat' dir='ltr'><strong>istasaconspectn</strong></span> <span class='ocrx_word' id='word_1_609' title='bbox 2591 3741 2699 3788; x_wconf 93' lang='lat' dir='ltr'><strong>tuo.</strong></span> <span class='ocrx_word' id='word_1_610' title='bbox 2733 3751 2752 3785; x_wconf 82' lang='grc' dir='ltr'><strong>ι</strong></span> <span class='ocrx_word' id='word_1_611' title='bbox 2787 3731 2844 3787; x_wconf 86' lang='grc' dir='ltr'><strong>1η</strong></span> <span class='ocrx_word' id='word_1_612' title='bbox 2894 3733 3092 3801; x_wconf 90' lang='lat' dir='ltr'><strong>quibus</strong></span> <span class='ocrx_word' id='word_1_613' title='bbox 3144 3734 3401 3789; x_wconf 91' lang='lat' dir='ltr'><strong>omnibus</strong></span> <span class='ocrx_word' id='word_1_614' title='bbox 3454 3732 3670 3787; x_wconf 80' lang='lat' dir='ltr'><strong>videtur</strong></span> 
     </span>
    </p>
   </div>
   <div class='ocr_carea' id='block_1_82' title="bbox 2078 3820 3668 3893">
    <p class='ocr_par' dir='ltr' id='par_1_82' title="bbox 2078 3820 3668 3893">
     <span class='ocr_line' id='line_1_82' title="bbox 2078 3820 3668 3893; baseline -0.002 -15"><span class='ocrx_word' id='word_1_615' title='bbox 2078 3824 2390 3886; x_wconf 90' lang='lat' dir='ltr'><strong>ostendere,</strong></span> <span class='ocrx_word' id='word_1_616' title='bbox 2416 3820 2577 3892; x_wconf 83' lang='lat'><strong>333</strong></span> <span class='ocrx_word' id='word_1_617' title='bbox 2596 3825 2720 3893; x_wconf 91' lang='lat' dir='ltr'><strong>quia</strong></span> <span class='ocrx_word' id='word_1_618' title='bbox 2748 3826 2926 3878; x_wconf 88' lang='lat' dir='ltr'><strong>omnis</strong></span> <span class='ocrx_word' id='word_1_619' title='bbox 2950 3824 3040 3893; x_wconf 91' lang='lat' dir='ltr'><strong>qui</strong></span> <span class='ocrx_word' id='word_1_620' title='bbox 3066 3824 3116 3877; x_wconf 91' lang='lat' dir='ltr'><strong>in</strong></span> <span class='ocrx_word' id='word_1_621' title='bbox 3138 3822 3207 3878; x_wconf 91' lang='lat' dir='ltr'><strong>iis</strong></span> <span class='ocrx_word' id='word_1_622' title='bbox 3230 3833 3503 3887; x_wconf 91' lang='lat' dir='ltr'><strong>versatur,</strong></span> <span class='ocrx_word' id='word_1_623' title='bbox 3530 3821 3668 3875; x_wconf 88' lang='lat' dir='ltr'><strong>nihil</strong></span> 
     </span>
    </p>
   </div>
   <div class='ocr_carea' id='block_1_83' title="bbox 2076 3914 3668 3987">
    <p class='ocr_par' dir='ltr' id='par_1_83' title="bbox 2076 3914 3668 3987">
     <span class='ocr_line' id='line_1_83' title="bbox 2076 3914 3668 3987; baseline -0.002 -16"><span class='ocrx_word' id='word_1_624' title='bbox 2076 3917 2222 3972; x_wconf 89' lang='lat' dir='ltr'><strong>aliud</strong></span> <span class='ocrx_word' id='word_1_625' title='bbox 2252 3916 2422 3971; x_wconf 83' lang='lat' dir='ltr'><strong>faciat</strong></span> <span class='ocrx_word' id='word_1_626' title='bbox 2465 3917 2567 3971; x_wconf 91' lang='lat' dir='ltr'><strong>nisi</strong></span> <span class='ocrx_word' id='word_1_627' title='bbox 2612 3925 2857 3973; x_wconf 89' lang='lat' dir='ltr'><strong>mortuos</strong></span> <span class='ocrx_word' id='word_1_628' title='bbox 2910 3918 3229 3987; x_wconf 84' lang='lat' dir='ltr'><strong>interroget.</strong></span> <span class='ocrx_word' id='word_1_629' title='bbox 3284 3914 3482 3970; x_wconf 79' lang='lat' dir='ltr'><strong>Mortui</strong></span> <span class='ocrx_word' id='word_1_630' title='bbox 3541 3923 3668 3969; x_wconf 83' lang='lat' dir='ltr'><strong>sunt</strong></span> 
     </span>
    </p>
   </div>
   <div class='ocr_carea' id='block_1_84' title="bbox 2076 4006 3662 4077">
    <p class='ocr_par' dir='ltr' id='par_1_84' title="bbox 2076 4006 3662 4077">
     <span class='ocr_line' id='line_1_84' title="bbox 2076 4006 3662 4077; baseline -0.004 -13"><span class='ocrx_word' id='word_1_631' title='bbox 2076 4008 2247 4077; x_wconf 90' lang='lat' dir='ltr'><strong>enim,</strong></span> <span class='ocrx_word' id='word_1_632' title='bbox 2275 4011 2399 4077; x_wconf 89' lang='lat' dir='ltr'><strong>quia</strong></span> <span class='ocrx_word' id='word_1_633' title='bbox 2438 4022 2543 4063; x_wconf 91' lang='lat' dir='ltr'><strong>non</strong></span> <span class='ocrx_word' id='word_1_634' title='bbox 2597 4016 2723 4063; x_wconf 88' lang='lat' dir='ltr'><strong>sunt</strong></span> <span class='ocrx_word' id='word_1_635' title='bbox 2751 4009 2875 4064; x_wconf 71' lang='lat' dir='ltr'><strong>vita:</strong></span> <span class='ocrx_word' id='word_1_636' title='bbox 2928 4007 3240 4077; x_wconf 86' lang='lat' dir='ltr'><strong>participes.</strong></span> <span class='ocrx_word' id='word_1_637' title='bbox 3299 4006 3441 4062; x_wconf 90' lang='lat' dir='ltr'><strong>Deus</strong></span> <span class='ocrx_word' id='word_1_638' title='bbox 3484 4016 3662 4061; x_wconf 88' lang='lat' dir='ltr'><strong>autem</strong></span> 
     </span>
    </p>
   </div>
   <div class='ocr_carea' id='block_1_85' title="bbox 2075 4099 3658 4169">
    <p class='ocr_par' dir='ltr' id='par_1_85' title="bbox 2075 4099 3658 4169">
     <span class='ocr_line' id='line_1_85' title="bbox 2075 4099 3658 4169; baseline -0.002 -14"><span class='ocrx_word' id='word_1_639' title='bbox 2075 4100 2418 4169; x_wconf 83' lang='lat' dir='ltr'><strong>noster(69),</strong></span> <span class='ocrx_word' id='word_1_640' title='bbox 2438 4099 2680 4153; x_wconf 88' lang='lat' dir='ltr'><strong>vivorum</strong></span> <span class='ocrx_word' id='word_1_641' title='bbox 2712 4099 2852 4154; x_wconf 88' lang='lat' dir='ltr'><strong>Deus</strong></span> <span class='ocrx_word' id='word_1_642' title='bbox 2882 4109 2985 4165; x_wconf 88' lang='lat' dir='ltr'><strong>est,</strong></span> <span class='ocrx_word' id='word_1_643' title='bbox 3019 4108 3074 4154; x_wconf 91' lang='lat' dir='ltr'><strong>et</strong></span> <span class='ocrx_word' id='word_1_644' title='bbox 3102 4115 3205 4153; x_wconf 91' lang='lat' dir='ltr'><strong>non</strong></span> <span class='ocrx_word' id='word_1_645' title='bbox 3231 4110 3568 4153; x_wconf 89' lang='lat' dir='ltr'><strong>mortuorum</strong></span> <span class='ocrx_word' id='word_1_646' title='bbox 3589 4099 3658 4152; x_wconf 75' lang='grc'><strong>⁷³.</strong></span> 
     </span>
    </p>
   </div>
   <div class='ocr_carea' id='block_1_86' title="bbox 2077 4188 3663 4260">
    <p class='ocr_par' dir='ltr' id='par_1_86' title="bbox 2077 4188 3663 4260">
     <span class='ocr_line' id='line_1_86' title="bbox 2077 4188 3663 4260; baseline -0.001 -14"><span class='ocrx_word' id='word_1_647' title='bbox 2077 4191 2173 4247; x_wconf 83' lang='lat' dir='ltr'><strong>His</strong></span> <span class='ocrx_word' id='word_1_648' title='bbox 2206 4200 2386 4246; x_wconf 91' lang='lat' dir='ltr'><strong>autem</strong></span> <span class='ocrx_word' id='word_1_649' title='bbox 2422 4191 2677 4247; x_wconf 90' lang='lat' dir='ltr'><strong>omnibus</strong></span> <span class='ocrx_word' id='word_1_650' title='bbox 2706 4188 2919 4260; x_wconf 83' lang='lat' dir='ltr'><strong>legibus</strong></span> <span class='ocrx_word' id='word_1_651' title='bbox 2953 4191 3172 4245; x_wconf 89' lang='lat' dir='ltr'><strong>additur</strong></span> <span class='ocrx_word' id='word_1_652' title='bbox 3206 4192 3369 4246; x_wconf 88' lang='lat' dir='ltr'><strong>etiam</strong></span> <span class='ocrx_word' id='word_1_653' title='bbox 3426 4190 3582 4256; x_wconf 90' lang='lat' dir='ltr'><strong>illud,</strong></span> <span class='ocrx_word' id='word_1_654' title='bbox 3606 4201 3663 4244; x_wconf 91' lang='lat' dir='ltr'><strong>ut</strong></span> 
     </span>
    </p>
   </div>
   <div class='ocr_carea' id='block_1_87' title="bbox 2075 4281 3665 4355">
    <p class='ocr_par' dir='ltr' id='par_1_87' title="bbox 2075 4281 3665 4355">
     <span class='ocr_line' id='line_1_87' title="bbox 2075 4281 3665 4355; baseline 0 -19"><span class='ocrx_word' id='word_1_655' title='bbox 2075 4285 2300 4355; x_wconf 88' lang='lat' dir='ltr'><strong>quivult</strong></span> <span class='ocrx_word' id='word_1_656' title='bbox 2334 4299 2456 4338; x_wconf 88' lang='lat' dir='ltr'><strong>esse</strong></span> <span class='ocrx_word' id='word_1_657' title='bbox 2490 4283 2787 4352; x_wconf 77' lang='lat' dir='ltr'><strong>perfectus,</strong></span> <span class='ocrx_word' id='word_1_658' title='bbox 2829 4300 2859 4337; x_wconf 93' lang='lat' dir='ltr'><strong>a</strong></span> <span class='ocrx_word' id='word_1_659' title='bbox 2894 4282 3041 4336; x_wconf 89' lang='lat' dir='ltr'><strong>nullo</strong></span> <span class='ocrx_word' id='word_1_660' title='bbox 3093 4281 3200 4338; x_wconf 89' lang='lat' dir='ltr'><strong>alio</strong></span> <span class='ocrx_word' id='word_1_661' title='bbox 3235 4282 3428 4348; x_wconf 86' lang='lat' dir='ltr'><strong>discat,</strong></span> <span class='ocrx_word' id='word_1_662' title='bbox 3466 4283 3567 4337; x_wconf 92' lang='lat' dir='ltr'><strong>nisi</strong></span> <span class='ocrx_word' id='word_1_663' title='bbox 3596 4284 3665 4336; x_wconf 90' lang='lat' dir='ltr'><strong>ab</strong></span> 
     </span>
    </p>
   </div>
   <div class='ocr_carea' id='block_1_88' title="bbox 2074 4370 3663 4442">
    <p class='ocr_par' dir='ltr' id='par_1_88' title="bbox 2074 4370 3663 4442">
     <span class='ocr_line' id='line_1_88' title="bbox 2074 4370 3663 4442; baseline -0.001 -14"><span class='ocrx_word' id='word_1_664' title='bbox 2074 4389 2139 4428; x_wconf 92' lang='lat' dir='ltr'><strong>eo</strong></span> <span class='ocrx_word' id='word_1_665' title='bbox 2164 4372 2255 4441; x_wconf 89' lang='lat' dir='ltr'><strong>qui</strong></span> <span class='ocrx_word' id='word_1_666' title='bbox 2289 4388 2384 4442; x_wconf 90' lang='lat' dir='ltr'><strong>per</strong></span> <span class='ocrx_word' id='word_1_667' title='bbox 2415 4373 2505 4427; x_wconf 89' lang='lat' dir='ltr'><strong>Dei</strong></span> <span class='ocrx_word' id='word_1_668' title='bbox 2546 4373 2801 4426; x_wconf 87' lang='lat' dir='ltr'><strong>virtutem</strong></span> <span class='ocrx_word' id='word_1_669' title='bbox 2827 4370 2993 4425; x_wconf 79' lang='lat' dir='ltr'><strong>fuerit</strong></span> <span class='ocrx_word' id='word_1_670' title='bbox 3025 4371 3234 4427; x_wconf 91' lang='lat' dir='ltr'><strong>electus</strong></span> <span class='ocrx_word' id='word_1_671' title='bbox 3287 4371 3575 4442; x_wconf 88' lang='lat' dir='ltr'><strong>propheta,</strong></span> <span class='ocrx_word' id='word_1_672' title='bbox 3602 4382 3663 4426; x_wconf 87' lang='lat' dir='ltr'><strong>ut</strong></span> 
     </span>
    </p>
   </div>
   <div class='ocr_carea' id='block_1_89' title="bbox 2077 4462 3662 4535">
    <p class='ocr_par' dir='ltr' id='par_1_89' title="bbox 2077 4462 3662 4535">
     <span class='ocr_line' id='line_1_89' title="bbox 2077 4462 3662 4535; baseline -0.003 -16"><span class='ocrx_word' id='word_1_673' title='bbox 2077 4465 2351 4520; x_wconf 90' lang='lat' dir='ltr'><strong>ministret</strong></span> <span class='ocrx_word' id='word_1_674' title='bbox 2395 4464 2615 4535; x_wconf 88' lang='lat' dir='ltr'><strong>p0pulo.</strong></span> <span class='ocrx_word' id='word_1_675' title='bbox 2645 4466 2733 4519; x_wconf 84' lang='lat' dir='ltr'><strong>Ait</strong></span> <span class='ocrx_word' id='word_1_676' title='bbox 2762 4480 2893 4535; x_wconf 84' lang='lat' dir='ltr'><strong>ergo</strong></span> <span class='ocrx_word' id='word_1_677' title='bbox 2921 4464 2966 4497; x_wconf 82' lang='grc'><strong>⁷⁷</strong></span> <span class='ocrx_word' id='word_1_678' title='bbox 3004 4480 3019 4521; x_wconf 91' lang='lat'><strong>:</strong></span> <span class='ocrx_word' id='word_1_679' title='bbox 3071 4480 3089 4516; x_wconf 76' lang='grc' dir='ltr'><strong>ι</strong></span> <span class='ocrx_word' id='word_1_680' title='bbox 3132 4462 3411 4518; x_wconf 84' lang='lat' dir='ltr'><strong>Perfectus</strong></span> <span class='ocrx_word' id='word_1_681' title='bbox 3454 4471 3569 4517; x_wconf 90' lang='lat' dir='ltr'><strong>esto</strong></span> <span class='ocrx_word' id='word_1_682' title='bbox 3610 4462 3662 4517; x_wconf 88' lang='lat' dir='ltr'><strong>in</strong></span> 
     </span>
    </p>
   </div>
   <div class='ocr_carea' id='block_1_90' title="bbox 392 4556 3664 4632">
    <p class='ocr_par' dir='ltr' id='par_1_90' title="bbox 392 4556 3664 4632">
     <span class='ocr_line' id='line_1_90' title="bbox 392 4556 3664 4632; baseline -0.002 -19"><span class='ocrx_word' id='word_1_683' title='bbox 392 4557 605 4613; x_wconf 87' lang='lat' dir='ltr'><strong>Domini</strong></span> <span class='ocrx_word' id='word_1_684' title='bbox 659 4575 823 4628; x_wconf 89' lang='lat' dir='ltr'><strong>super</strong></span> <span class='ocrx_word' id='word_1_685' title='bbox 877 4569 1066 4632; x_wconf 86' lang='lat' dir='ltr'><strong>gentes</strong></span> <span class='ocrx_word' id='word_1_686' title='bbox 1126 4564 1265 4629; x_wconf 91' lang='lat' dir='ltr'><strong>illas,</strong></span> <span class='ocrx_word' id='word_1_687' title='bbox 1320 4576 1460 4632; x_wconf 86' lang='lat' dir='ltr'><strong>quas</strong></span> <span class='ocrx_word' id='word_1_688' title='bbox 1510 4564 1973 4617; x_wconf 84' lang='lat' dir='ltr'><strong>exterminaverat</strong></span> <span class='ocrx_word' id='word_1_689' title='bbox 2006 4565 2051 4623; x_wconf 90' lang='lat' dir='ltr'><strong>D</strong></span> <span class='ocrx_word' id='word_1_690' title='bbox 2080 4569 2372 4628; x_wconf 88' lang='lat' dir='ltr'><strong>conspectu</strong></span> <span class='ocrx_word' id='word_1_691' title='bbox 2410 4559 2622 4613; x_wconf 92' lang='lat' dir='ltr'><strong>Domini</strong></span> <span class='ocrx_word' id='word_1_692' title='bbox 2646 4558 2738 4613; x_wconf 92' lang='lat' dir='ltr'><strong>Dei</strong></span> <span class='ocrx_word' id='word_1_693' title='bbox 2775 4560 2854 4612; x_wconf 91' lang='lat' dir='ltr'><strong>tui</strong></span> <span class='ocrx_word' id='word_1_694' title='bbox 2890 4575 2904 4613; x_wconf 91' lang='lat'><strong>:</strong></span> <span class='ocrx_word' id='word_1_695' title='bbox 2944 4566 3133 4629; x_wconf 85' lang='lat' dir='ltr'><strong>gentes</strong></span> <span class='ocrx_word' id='word_1_696' title='bbox 3161 4557 3307 4612; x_wconf 90' lang='lat' dir='ltr'><strong>enim</strong></span> <span class='ocrx_word' id='word_1_697' title='bbox 3351 4556 3489 4619; x_wconf 69' lang='lat' dir='ltr'><strong>istm,</strong></span> <span class='ocrx_word' id='word_1_698' title='bbox 3532 4571 3664 4625; x_wconf 86' lang='lat' dir='ltr'><strong>qua-</strong></span> 
     </span>
    </p>
   </div>
   <div class='ocr_carea' id='block_1_91' title="bbox 391 4650 1972 4709">
    <p class='ocr_par' dir='ltr' id='par_1_91' title="bbox 391 4650 1972 4709">
     <span class='ocr_line' id='line_1_91' title="bbox 391 4650 1972 4709; baseline 0.003 -6"><span class='ocrx_word' id='word_1_699' title='bbox 391 4650 533 4705; x_wconf 91' lang='lat' dir='ltr'><strong>Deus</strong></span> <span class='ocrx_word' id='word_1_700' title='bbox 562 4667 592 4705; x_wconf 93' lang='lat' dir='ltr'><strong>a</strong></span> <span class='ocrx_word' id='word_1_701' title='bbox 637 4651 776 4707; x_wconf 81' lang='lat' dir='ltr'><strong>facie</strong></span> <span class='ocrx_word' id='word_1_702' title='bbox 812 4653 1047 4707; x_wconf 88' lang='lat' dir='ltr'><strong>ﬁliorum</strong></span> <span class='ocrx_word' id='word_1_703' title='bbox 1114 4651 1302 4707; x_wconf 87' lang='lat' dir='ltr'><strong>Israel.</strong></span> <span class='ocrx_word' id='word_1_704' title='bbox 1361 4652 1465 4709; x_wconf 87' lang='lat' dir='ltr'><strong>Sed</strong></span> <span class='ocrx_word' id='word_1_705' title='bbox 1517 4662 1570 4709; x_wconf 89' lang='lat' dir='ltr'><strong>et</strong></span> <span class='ocrx_word' id='word_1_706' title='bbox 1632 4654 1683 4708; x_wconf 92' lang='lat' dir='ltr'><strong>in</strong></span> <span class='ocrx_word' id='word_1_707' title='bbox 1731 4655 1972 4707; x_wconf 86' lang='lat' dir='ltr'><strong>secundo</strong></span> 
     </span>
    </p>
   </div>
   <div class='ocr_carea' id='block_1_92' title="bbox 390 4741 1966 4813">
    <p class='ocr_par' dir='ltr' id='par_1_92' title="bbox 390 4741 1966 4813">
     <span class='ocr_line' id='line_1_92' title="bbox 390 4741 1966 4813; baseline 0.002 -20"><span class='ocrx_word' id='word_1_708' title='bbox 390 4741 526 4797; x_wconf 87' lang='lat' dir='ltr'><strong>libro</strong></span> <span class='ocrx_word' id='word_1_709' title='bbox 570 4741 1021 4813; x_wconf 86' lang='lat' dir='ltr'><strong>Paralipomenon</strong></span> <span class='ocrx_word' id='word_1_710' title='bbox 1077 4742 1279 4797; x_wconf 87' lang='lat' dir='ltr'><strong>similia</strong></span> <span class='ocrx_word' id='word_1_711' title='bbox 1336 4742 1691 4798; x_wconf 80' lang='lat' dir='ltr'><strong>nihilominus</strong></span> <span class='ocrx_word' id='word_1_712' title='bbox 1735 4744 1802 4797; x_wconf 91' lang='lat' dir='ltr'><strong>de</strong></span> <span class='ocrx_word' id='word_1_713' title='bbox 1853 4743 1966 4796; x_wconf 86' lang='lat' dir='ltr'><strong>Ma-</strong></span> 
     </span>
    </p>
   </div>
   <div class='ocr_carea' id='block_1_93' title="bbox 390 4833 1967 4903">
    <p class='ocr_par' dir='ltr' id='par_1_93' title="bbox 390 4833 1967 4903">
     <span class='ocr_line' id='line_1_93' title="bbox 390 4833 1967 4903; baseline 0.002 -17"><span class='ocrx_word' id='word_1_714' title='bbox 390 4849 549 4890; x_wconf 89' lang='lat' dir='ltr'><strong>nasse</strong></span> <span class='ocrx_word' id='word_1_715' title='bbox 597 4836 911 4889; x_wconf 91' lang='lat' dir='ltr'><strong>scribuntur</strong></span> <span class='ocrx_word' id='word_1_716' title='bbox 954 4854 967 4888; x_wconf 88' lang='lat'><strong>:</strong></span> <span class='ocrx_word' id='word_1_717' title='bbox 1011 4854 1029 4886; x_wconf 81' lang='grc' dir='ltr'><strong>ι</strong></span> <span class='ocrx_word' id='word_1_718' title='bbox 1084 4834 1148 4888; x_wconf 85' lang='grc' dir='ltr'>Ει</span> <span class='ocrx_word' id='word_1_719' title='bbox 1179 4833 1329 4899; x_wconf 82' lang='lat' dir='ltr'><strong>fecit,</strong></span> <span class='ocrx_word' id='word_1_720' title='bbox 1373 4834 1554 4903; x_wconf 89' lang='lat' dir='ltr'><strong>inquit</strong></span> <span class='ocrx_word' id='word_1_721' title='bbox 1589 4834 1660 4900; x_wconf 81' lang='grc'><strong>⁷⁵,</strong></span> <span class='ocrx_word' id='word_1_722' title='bbox 1704 4833 1873 4900; x_wconf 87' lang='lat' dir='ltr'><strong>lucos,</strong></span> <span class='ocrx_word' id='word_1_723' title='bbox 1913 4842 1967 4889; x_wconf 88' lang='lat' dir='ltr'><strong>et</strong></span> 
     </span>
    </p>
   </div>
   <div class='ocr_carea' id='block_1_94' title="bbox 388 4927 1967 4992">
    <p class='ocr_par' dir='ltr' id='par_1_94' title="bbox 388 4927 1967 4992">
     <span class='ocr_line' id='line_1_94' title="bbox 388 4927 1967 4992; baseline 0.002 -13"><span class='ocrx_word' id='word_1_724' title='bbox 388 4927 635 4981; x_wconf 86' lang='lat' dir='ltr'><strong>adoravit</strong></span> <span class='ocrx_word' id='word_1_725' title='bbox 664 4943 880 4982; x_wconf 91' lang='lat' dir='ltr'><strong>omnem</strong></span> <span class='ocrx_word' id='word_1_726' title='bbox 917 4927 1169 4981; x_wconf 89' lang='lat' dir='ltr'><strong>militiam</strong></span> <span class='ocrx_word' id='word_1_727' title='bbox 1216 4927 1364 4992; x_wconf 70' lang='lat' dir='ltr'><strong>cmli,</strong></span> <span class='ocrx_word' id='word_1_728' title='bbox 1401 4936 1455 4981; x_wconf 89' lang='lat' dir='ltr'><strong>et</strong></span> <span class='ocrx_word' id='word_1_729' title='bbox 1507 4928 1731 4981; x_wconf 83' lang='lat' dir='ltr'><strong>servivit</strong></span> <span class='ocrx_word' id='word_1_730' title='bbox 1764 4927 1868 4992; x_wconf 91' lang='lat' dir='ltr'><strong>eis,</strong></span> <span class='ocrx_word' id='word_1_731' title='bbox 1909 4936 1967 4982; x_wconf 89' lang='lat' dir='ltr'><strong>et</strong></span> 
     </span>
    </p>
   </div>
   <div class='ocr_carea' id='block_1_95' title="bbox 387 5018 1963 5075">
    <p class='ocr_par' dir='ltr' id='par_1_95' title="bbox 387 5018 1963 5075">
     <span class='ocr_line' id='line_1_95' title="bbox 387 5018 1963 5075; baseline 0.001 -4"><span class='ocrx_word' id='word_1_732' title='bbox 387 5020 691 5073; x_wconf 78' lang='lat' dir='ltr'><strong>construxit</strong></span> <span class='ocrx_word' id='word_1_733' title='bbox 719 5020 913 5073; x_wconf 82' lang='lat' dir='ltr'><strong>altaria</strong></span> <span class='ocrx_word' id='word_1_734' title='bbox 943 5021 994 5074; x_wconf 94' lang='lat' dir='ltr'><strong>in</strong></span> <span class='ocrx_word' id='word_1_735' title='bbox 1026 5020 1186 5074; x_wconf 88' lang='lat' dir='ltr'><strong>domo</strong></span> <span class='ocrx_word' id='word_1_736' title='bbox 1222 5020 1315 5075; x_wconf 90' lang='lat' dir='ltr'><strong>Dei</strong></span> <span class='ocrx_word' id='word_1_737' title='bbox 1351 5020 1440 5075; x_wconf 91' lang='lat' dir='ltr'><strong>ubi</strong></span> <span class='ocrx_word' id='word_1_738' title='bbox 1482 5020 1622 5073; x_wconf 80' lang='lat' dir='ltr'><strong>dixit</strong></span> <span class='ocrx_word' id='word_1_739' title='bbox 1653 5018 1914 5074; x_wconf 87' lang='lat' dir='ltr'><strong>Dominus</strong></span> <span class='ocrx_word' id='word_1_740' title='bbox 1948 5035 1963 5073; x_wconf 87' lang='lat'>:</span> 
     </span>
    </p>
   </div>
   <div class='ocr_carea' id='block_1_96' title="bbox 388 5108 1964 5177">
    <p class='ocr_par' dir='ltr' id='par_1_96' title="bbox 388 5108 1964 5177">
     <span class='ocr_line' id='line_1_96' title="bbox 388 5108 1964 5177; baseline 0 -14"><span class='ocrx_word' id='word_1_741' title='bbox 388 5110 441 5163; x_wconf 93' lang='lat' dir='ltr'><strong>In</strong></span> <span class='ocrx_word' id='word_1_742' title='bbox 465 5108 767 5166; x_wconf 81' lang='lat' dir='ltr'><strong>Jerusalem</strong></span> <span class='ocrx_word' id='word_1_743' title='bbox 808 5112 915 5167; x_wconf 88' lang='lat' dir='ltr'><strong>erit</strong></span> <span class='ocrx_word' id='word_1_744' title='bbox 963 5126 1156 5167; x_wconf 89' lang='lat' dir='ltr'><strong>nomen</strong></span> <span class='ocrx_word' id='word_1_745' title='bbox 1192 5127 1369 5166; x_wconf 90' lang='lat' dir='ltr'><strong>meum</strong></span> <span class='ocrx_word' id='word_1_746' title='bbox 1408 5111 1462 5165; x_wconf 93' lang='lat' dir='ltr'><strong>in</strong></span> <span class='ocrx_word' id='word_1_747' title='bbox 1490 5120 1774 5177; x_wconf 72' lang='lat' dir='ltr'><strong>mternum,</strong></span> <span class='ocrx_word' id='word_1_748' title='bbox 1810 5118 1866 5164; x_wconf 87' lang='lat' dir='ltr'><strong>et</strong></span> <span class='ocrx_word' id='word_1_749' title='bbox 1893 5110 1964 5165; x_wconf 91' lang='lat' dir='ltr'><strong>ibi</strong></span> 
     </span>
    </p>
   </div>
   <div class='ocr_carea' id='block_1_97' title="bbox 389 5202 1965 5274">
    <p class='ocr_par' dir='ltr' id='par_1_97' title="bbox 389 5202 1965 5274">
     <span class='ocr_line' id='line_1_97' title="bbox 389 5202 1965 5274; baseline 0.001 -18"><span class='ocrx_word' id='word_1_750' title='bbox 389 5204 646 5258; x_wconf 82' lang='lat' dir='ltr'><strong>instruxit</strong></span> <span class='ocrx_word' id='word_1_751' title='bbox 668 5204 861 5258; x_wconf 89' lang='lat' dir='ltr'><strong>altaria</strong></span> <span class='ocrx_word' id='word_1_752' title='bbox 889 5205 1035 5259; x_wconf 93' lang='lat' dir='ltr'><strong>omni</strong></span> <span class='ocrx_word' id='word_1_753' title='bbox 1066 5203 1486 5274; x_wconf 69' lang='lat' dir='ltr'><strong>magniﬁcentiae</strong></span> <span class='ocrx_word' id='word_1_754' title='bbox 1511 5202 1659 5267; x_wconf 70' lang='lat' dir='ltr'><strong>coeli,</strong></span> <span class='ocrx_word' id='word_1_755' title='bbox 1688 5202 1740 5257; x_wconf 92' lang='lat' dir='ltr'><strong>in</strong></span> <span class='ocrx_word' id='word_1_756' title='bbox 1776 5204 1965 5258; x_wconf 88' lang='lat' dir='ltr'><strong>amba-</strong></span> 
     </span>
    </p>
   </div>
   <div class='ocr_carea' id='block_1_98' title="bbox 388 5289 1959 5364">
    <p class='ocr_par' dir='ltr' id='par_1_98' title="bbox 388 5289 1959 5364">
     <span class='ocr_line' id='line_1_98' title="bbox 388 5289 1959 5364; baseline 0.003 -20"><span class='ocrx_word' id='word_1_757' title='bbox 388 5289 489 5344; x_wconf 87' lang='lat' dir='ltr'><strong>bus</strong></span> <span class='ocrx_word' id='word_1_758' title='bbox 536 5291 787 5347; x_wconf 90' lang='lat' dir='ltr'><strong>domibus</strong></span> <span class='ocrx_word' id='word_1_759' title='bbox 821 5290 1056 5349; x_wconf 89' lang='lat' dir='ltr'><strong>Domini.</strong></span> <span class='ocrx_word' id='word_1_760' title='bbox 1089 5292 1156 5346; x_wconf 85' lang='lat' dir='ltr'><strong>Et</strong></span> <span class='ocrx_word' id='word_1_761' title='bbox 1202 5294 1314 5364; x_wconf 91' lang='lat' dir='ltr'><strong>ipse</strong></span> <span class='ocrx_word' id='word_1_762' title='bbox 1370 5292 1766 5348; x_wconf 86' lang='lat' dir='ltr'><strong>transducebat</strong></span> <span class='ocrx_word' id='word_1_763' title='bbox 1820 5292 1959 5349; x_wconf 88' lang='lat' dir='ltr'><strong>ﬁlios</strong></span> 
     </span>
    </p>
   </div>
   <div class='ocr_carea' id='block_1_99' title="bbox 456 5432 879 5503">
    <p class='ocr_par' dir='ltr' id='par_1_99' title="bbox 456 5432 879 5503">
     <span class='ocr_line' id='line_1_99' title="bbox 456 5432 879 5503; baseline 0 -13"><span class='ocrx_word' id='word_1_764' title='bbox 456 5435 534 5490; x_wconf 80' lang='grc'><strong>⁴⁵⁸1</strong></span> <span class='ocrx_word' id='word_1_765' title='bbox 560 5432 693 5503; x_wconf 79' lang='lat' dir='ltr'><strong>Reg.</strong></span> <span class='ocrx_word' id='word_1_766' title='bbox 720 5449 794 5497; x_wconf 87' lang='lat' dir='ltr'><strong>vt,</strong></span> <span class='ocrx_word' id='word_1_767' title='bbox 822 5435 879 5490; x_wconf 88' lang='lat'><strong>9.</strong></span> 
     </span>
    </p>
   </div>
   <div class='ocr_carea' id='block_1_100' title="bbox 387 5503 1314 5569">
    <p class='ocr_par' dir='ltr' id='par_1_100' title="bbox 387 5503 1314 5569">
     <span class='ocr_line' id='line_1_100' title="bbox 387 5503 1314 5569; baseline 0.002 -11"><span class='ocrx_word' id='word_1_768' title='bbox 387 5521 536 5560; x_wconf 75' lang='lat' dir='ltr'><strong>xxiv.</strong></span> <span class='ocrx_word' id='word_1_769' title='bbox 613 5507 658 5536; x_wconf 80' lang='grc'><strong>⁷³</strong></span> <span class='ocrx_word' id='word_1_770' title='bbox 696 5503 734 5558; x_wconf 94' lang='lat' dir='ltr'><strong>ll</strong></span> <span class='ocrx_word' id='word_1_771' title='bbox 760 5503 936 5559; x_wconf 84' lang='lat' dir='ltr'><strong>Paral.</strong></span> <span class='ocrx_word' id='word_1_772' title='bbox 968 5520 1162 5569; x_wconf 70' lang='grc' dir='ltr'>χχχιιι,</span> <span class='ocrx_word' id='word_1_773' title='bbox 1194 5505 1227 5559; x_wconf 76' lang='grc'>3</span> <span class='ocrx_word' id='word_1_774' title='bbox 1258 5503 1314 5560; x_wconf 90' lang='grc'><strong>6.</strong></span> 
     </span>
    </p>
   </div>
   <div class='ocr_carea' id='block_1_101' title="bbox 384 5574 1240 5639">
    <p class='ocr_par' dir='ltr' id='par_1_101' title="bbox 384 5574 1240 5639">
     <span class='ocr_line' id='line_1_101' title="bbox 384 5574 1240 5639; baseline 0 -10"><span class='ocrx_word' id='word_1_775' title='bbox 384 5575 476 5631; x_wconf 70' lang='lat'><strong>52.</strong></span> <span class='ocrx_word' id='word_1_776' title='bbox 557 5577 601 5606; x_wconf 88' lang='grc'><strong>⁷⁷</strong></span> <span class='ocrx_word' id='word_1_777' title='bbox 646 5578 809 5630; x_wconf 85' lang='lat' dir='ltr'><strong>Deut.</strong></span> <span class='ocrx_word' id='word_1_778' title='bbox 853 5590 1004 5639; x_wconf 81' lang='lat' dir='ltr'><strong>xvut,</strong></span> <span class='ocrx_word' id='word_1_779' title='bbox 1055 5574 1240 5629; x_wconf 72' lang='lat'><strong>15-16.</strong></span> 
     </span>
    </p>
   </div>
   <div class='ocr_carea' id='block_1_102' title="bbox 1411 5504 1932 5571">
    <p class='ocr_par' dir='ltr' id='par_1_102' title="bbox 1411 5504 1932 5571">
     <span class='ocr_line' id='line_1_102' title="bbox 1411 5504 1932 5571; baseline 0.006 -13"><span class='ocrx_word' id='word_1_780' title='bbox 1411 5505 1458 5538; x_wconf 84' lang='grc'>⁷³</span> <span class='ocrx_word' id='word_1_781' title='bbox 1492 5504 1620 5561; x_wconf 87' lang='lat' dir='ltr'><strong>Lev.</strong></span> <span class='ocrx_word' id='word_1_782' title='bbox 1674 5522 1788 5571; x_wconf 78' lang='grc' dir='ltr'>χιιι,</span> <span class='ocrx_word' id='word_1_783' title='bbox 1844 5506 1932 5561; x_wconf 74' lang='grc'><strong>26.</strong></span> 
     </span>
    </p>
   </div>
   <div class='ocr_carea' id='block_1_103' title="bbox 459 5689 1953 5761">
    <p class='ocr_par' dir='ltr' id='par_1_103' title="bbox 459 5689 1953 5761">
     <span class='ocr_line' id='line_1_103' title="bbox 459 5689 1953 5761; baseline 0.001 -18"><span class='ocrx_word' id='word_1_784' title='bbox 459 5690 573 5761; x_wconf 85' lang='lat'><strong>(67)</strong></span> <span class='ocrx_word' id='word_1_785' title='bbox 609 5689 887 5755; x_wconf 71' lang='lat' dir='ltr'><strong>Inspiciat.</strong></span> <span class='ocrx_word' id='word_1_786' title='bbox 918 5689 1009 5745; x_wconf 91' lang='lat' dir='ltr'><strong>Sic</strong></span> <span class='ocrx_word' id='word_1_787' title='bbox 1040 5697 1189 5745; x_wconf 90' lang='lat' dir='ltr'><strong>recte</strong></span> <span class='ocrx_word' id='word_1_788' title='bbox 1217 5690 1381 5746; x_wconf 89' lang='lat' dir='ltr'><strong>habet</strong></span> <span class='ocrx_word' id='word_1_789' title='bbox 1397 5691 1566 5746; x_wconf 78' lang='lat' dir='ltr'><strong>codex</strong></span> <span class='ocrx_word' id='word_1_790' title='bbox 1586 5690 1953 5750; x_wconf 85' lang='lat' dir='ltr'><strong>Corbeiensis.</strong></span> 
     </span>
    </p>
   </div>
   <div class='ocr_carea' id='block_1_104' title="bbox 384 5762 1029 5830">
    <p class='ocr_par' dir='ltr' id='par_1_104' title="bbox 384 5762 1029 5830">
     <span class='ocr_line' id='line_1_104' title="bbox 384 5762 1029 5830; baseline -0.005 -15"><span class='ocrx_word' id='word_1_791' title='bbox 384 5762 552 5821; x_wconf 82' lang='lat' dir='ltr'><strong>Alias,</strong></span> <span class='ocrx_word' id='word_1_792' title='bbox 588 5778 605 5811; x_wconf 83' lang='grc' dir='ltr'><strong>ι</strong></span> <span class='ocrx_word' id='word_1_793' title='bbox 646 5762 963 5830; x_wconf 83' lang='lat' dir='ltr'><strong>inspiciens.</strong></span> <span class='ocrx_word' id='word_1_794' title='bbox 1012 5780 1029 5812; x_wconf 87' lang='grc' dir='ltr'><strong>ι</strong></span> 
     </span>
    </p>
   </div>
   <div class='ocr_carea' id='block_1_105' title="bbox 458 5830 1953 5902">
    <p class='ocr_par' dir='ltr' id='par_1_105' title="bbox 458 5830 1953 5902">
     <span class='ocr_line' id='line_1_105' title="bbox 458 5830 1953 5902; baseline 0.001 -15"><span class='ocrx_word' id='word_1_795' title='bbox 458 5832 573 5902; x_wconf 83' lang='grc'><strong>(68)</strong></span> <span class='ocrx_word' id='word_1_796' title='bbox 606 5830 747 5889; x_wconf 83' lang='lat' dir='ltr'><strong>idem</strong></span> <span class='ocrx_word' id='word_1_797' title='bbox 778 5832 968 5900; x_wconf 81' lang='lat' dir='ltr'><strong>codex,</strong></span> <span class='ocrx_word' id='word_1_798' title='bbox 1008 5850 1025 5882; x_wconf 79' lang='grc' dir='ltr'><strong>ι</strong></span> <span class='ocrx_word' id='word_1_799' title='bbox 1071 5830 1320 5889; x_wconf 84' lang='lat' dir='ltr'><strong>occultis.</strong></span> <span class='ocrx_word' id='word_1_800' title='bbox 1369 5832 1563 5888; x_wconf 67' lang='lat' dir='ltr'><strong>iAlias</strong></span> <span class='ocrx_word' id='word_1_801' title='bbox 1597 5852 1615 5885; x_wconf 76' lang='grc' dir='ltr'><strong>ι</strong></span> <span class='ocrx_word' id='word_1_802' title='bbox 1662 5832 1894 5890; x_wconf 79' lang='lat' dir='ltr'><strong>occulte.</strong></span> <span class='ocrx_word' id='word_1_803' title='bbox 1936 5855 1953 5888; x_wconf 73' lang='grc' dir='ltr'><strong>ι</strong></span> 
     </span>
    </p>
   </div>
   <div class='ocr_carea' id='block_1_106' title="bbox 2077 4648 3661 4722">
    <p class='ocr_par' dir='ltr' id='par_1_106' title="bbox 2077 4648 3661 4722">
     <span class='ocr_line' id='line_1_106' title="bbox 2077 4648 3661 4722; baseline -0.003 -16"><span class='ocrx_word' id='word_1_804' title='bbox 2077 4668 2194 4707; x_wconf 89' lang='lat' dir='ltr'><strong>rum</strong></span> <span class='ocrx_word' id='word_1_805' title='bbox 2228 4662 2282 4705; x_wconf 87' lang='lat' dir='ltr'><strong>tu</strong></span> <span class='ocrx_word' id='word_1_806' title='bbox 2318 4652 2693 4708; x_wconf 76' lang='lat' dir='ltr'><strong>hrereditatcm</strong></span> <span class='ocrx_word' id='word_1_807' title='bbox 2730 4652 2945 4722; x_wconf 90' lang='lat' dir='ltr'><strong>cepisti,</strong></span> <span class='ocrx_word' id='word_1_808' title='bbox 2975 4651 3091 4706; x_wconf 75' lang='lat' dir='ltr'><strong>istae</strong></span> <span class='ocrx_word' id='word_1_809' title='bbox 3156 4651 3383 4703; x_wconf 87' lang='lat' dir='ltr'><strong>audiunt</strong></span> <span class='ocrx_word' id='word_1_810' title='bbox 3437 4648 3661 4702; x_wconf 86' lang='lat' dir='ltr'><strong>sortile-</strong></span> 
     </span>
    </p>
   </div>
   <div class='ocr_carea' id='block_1_107' title="bbox 2074 4739 3663 4814">
    <p class='ocr_par' dir='ltr' id='par_1_107' title="bbox 2074 4739 3663 4814">
     <span class='ocr_line' id='line_1_107' title="bbox 2074 4739 3663 4814; baseline -0.003 -16"><span class='ocrx_word' id='word_1_811' title='bbox 2074 4758 2172 4814; x_wconf 86' lang='lat' dir='ltr'><strong>gos</strong></span> <span class='ocrx_word' id='word_1_812' title='bbox 2199 4752 2253 4798; x_wconf 91' lang='lat' dir='ltr'><strong>et</strong></span> <span class='ocrx_word' id='word_1_813' title='bbox 2280 4743 2513 4809; x_wconf 91' lang='lat' dir='ltr'><strong>divinos,</strong></span> <span class='ocrx_word' id='word_1_814' title='bbox 2548 4744 2642 4799; x_wconf 89' lang='lat' dir='ltr'><strong>tibi</strong></span> <span class='ocrx_word' id='word_1_815' title='bbox 2696 4753 2875 4799; x_wconf 89' lang='lat' dir='ltr'><strong>autem</strong></span> <span class='ocrx_word' id='word_1_816' title='bbox 2916 4758 3027 4797; x_wconf 85' lang='lat' dir='ltr'><strong>non</strong></span> <span class='ocrx_word' id='word_1_817' title='bbox 3084 4742 3159 4796; x_wconf 89' lang='lat' dir='ltr'><strong>ita</strong></span> <span class='ocrx_word' id='word_1_818' title='bbox 3207 4740 3355 4796; x_wconf 89' lang='lat' dir='ltr'><strong>dedit</strong></span> <span class='ocrx_word' id='word_1_819' title='bbox 3404 4739 3663 4795; x_wconf 91' lang='lat' dir='ltr'><strong>Dominus</strong></span> 
     </span>
    </p>
   </div>
   <div class='ocr_carea' id='block_1_108' title="bbox 2074 4831 3664 4906">
    <p class='ocr_par' dir='ltr' id='par_1_108' title="bbox 2074 4831 3664 4906">
     <span class='ocr_line' id='line_1_108' title="bbox 2074 4831 3664 4906; baseline -0.004 -17"><span class='ocrx_word' id='word_1_820' title='bbox 2074 4836 2218 4890; x_wconf 89' lang='lat' dir='ltr'><strong>Deus</strong></span> <span class='ocrx_word' id='word_1_821' title='bbox 2253 4845 2400 4890; x_wconf 93' lang='lat' dir='ltr'><strong>tuus.</strong></span> <span class='ocrx_word' id='word_1_822' title='bbox 2428 4834 2753 4906; x_wconf 89' lang='lat' dir='ltr'><strong>Prophetam</strong></span> <span class='ocrx_word' id='word_1_823' title='bbox 2790 4837 2935 4891; x_wconf 91' lang='lat' dir='ltr'><strong>enim</strong></span> <span class='ocrx_word' id='word_1_824' title='bbox 2984 4834 3051 4889; x_wconf 91' lang='lat' dir='ltr'><strong>de</strong></span> <span class='ocrx_word' id='word_1_825' title='bbox 3079 4834 3255 4889; x_wconf 90' lang='lat' dir='ltr'><strong>medio</strong></span> <span class='ocrx_word' id='word_1_826' title='bbox 3317 4832 3391 4886; x_wconf 94' lang='lat' dir='ltr'><strong>tui</strong></span> <span class='ocrx_word' id='word_1_827' title='bbox 3430 4846 3498 4886; x_wconf 81' lang='lat' dir='ltr'><strong>ex</strong></span> <span class='ocrx_word' id='word_1_828' title='bbox 3553 4831 3664 4884; x_wconf 82' lang='lat' dir='ltr'><strong>fra-</strong></span> 
     </span>
    </p>
   </div>
   <div class='ocr_carea' id='block_1_109' title="bbox 2076 4924 3657 4992">
    <p class='ocr_par' dir='ltr' id='par_1_109' title="bbox 2076 4924 3657 4992">
     <span class='ocr_line' id='line_1_109' title="bbox 2076 4924 3657 4992; baseline -0.001 -13"><span class='ocrx_word' id='word_1_829' title='bbox 2076 4926 2247 4981; x_wconf 90' lang='lat' dir='ltr'><strong>tribus</strong></span> <span class='ocrx_word' id='word_1_830' title='bbox 2274 4928 2381 4981; x_wconf 89' lang='lat' dir='ltr'><strong>tuis</strong></span> <span class='ocrx_word' id='word_1_831' title='bbox 2404 4929 2693 4983; x_wconf 90' lang='lat' dir='ltr'><strong>suscitabit</strong></span> <span class='ocrx_word' id='word_1_832' title='bbox 2722 4929 2814 4983; x_wconf 93' lang='lat' dir='ltr'><strong>tibi</strong></span> <span class='ocrx_word' id='word_1_833' title='bbox 2851 4929 3114 4984; x_wconf 88' lang='lat' dir='ltr'><strong>Dominus</strong></span> <span class='ocrx_word' id='word_1_834' title='bbox 3135 4927 3274 4981; x_wconf 90' lang='lat' dir='ltr'><strong>Deus</strong></span> <span class='ocrx_word' id='word_1_835' title='bbox 3304 4934 3447 4990; x_wconf 87' lang='lat' dir='ltr'><strong>tuus,</strong></span> <span class='ocrx_word' id='word_1_836' title='bbox 3481 4924 3657 4992; x_wconf 90' lang='lat' dir='ltr'><strong>ipsum</strong></span> 
     </span>
    </p>
   </div>
   <div class='ocr_carea' id='block_1_110' title="bbox 2079 5016 3657 5091">
    <p class='ocr_par' dir='ltr' id='par_1_110' title="bbox 2079 5016 3657 5091">
     <span class='ocr_line' id='line_1_110' title="bbox 2079 5016 3657 5091; baseline -0.001 -19"><span class='ocrx_word' id='word_1_837' title='bbox 2079 5018 2313 5075; x_wconf 90' lang='lat' dir='ltr'><strong>audietis</strong></span> <span class='ocrx_word' id='word_1_838' title='bbox 2354 5034 2453 5089; x_wconf 90' lang='lat' dir='ltr'><strong>per</strong></span> <span class='ocrx_word' id='word_1_839' title='bbox 2491 5020 2673 5075; x_wconf 89' lang='lat' dir='ltr'><strong>omnia</strong></span> <span class='ocrx_word' id='word_1_840' title='bbox 2709 5035 3053 5091; x_wconf 80' lang='lat' dir='ltr'><strong>quaecunque</strong></span> <span class='ocrx_word' id='word_1_841' title='bbox 3098 5018 3306 5090; x_wconf 84' lang='lat' dir='ltr'><strong>petiisti</strong></span> <span class='ocrx_word' id='word_1_842' title='bbox 3342 5033 3370 5071; x_wconf 85' lang='lat' dir='ltr'><strong>a</strong></span> <span class='ocrx_word' id='word_1_843' title='bbox 3430 5016 3657 5072; x_wconf 88' lang='lat' dir='ltr'><strong>Domino</strong></span> 
     </span>
    </p>
   </div>
   <div class='ocr_carea' id='block_1_111' title="bbox 2077 5109 3658 5178">
    <p class='ocr_par' dir='ltr' id='par_1_111' title="bbox 2077 5109 3658 5178">
     <span class='ocr_line' id='line_1_111' title="bbox 2077 5109 3658 5178; baseline -0.003 -11"><span class='ocrx_word' id='word_1_844' title='bbox 2077 5113 2186 5167; x_wconf 89' lang='lat' dir='ltr'><strong>Deo</strong></span> <span class='ocrx_word' id='word_1_845' title='bbox 2214 5120 2305 5166; x_wconf 90' lang='lat' dir='ltr'><strong>tuo</strong></span> <span class='ocrx_word' id='word_1_846' title='bbox 2345 5113 2396 5166; x_wconf 92' lang='lat' dir='ltr'><strong>in</strong></span> <span class='ocrx_word' id='word_1_847' title='bbox 2422 5112 2564 5169; x_wconf 91' lang='lat' dir='ltr'><strong>Oreb</strong></span> <span class='ocrx_word' id='word_1_848' title='bbox 2590 5113 2642 5167; x_wconf 91' lang='lat' dir='ltr'><strong>in</strong></span> <span class='ocrx_word' id='word_1_849' title='bbox 2664 5113 2752 5169; x_wconf 89' lang='lat' dir='ltr'><strong>die</strong></span> <span class='ocrx_word' id='word_1_850' title='bbox 2780 5112 3058 5178; x_wconf 84' lang='lat' dir='ltr'><strong>Ecclesiae,</strong></span> <span class='ocrx_word' id='word_1_851' title='bbox 3087 5127 3211 5167; x_wconf 91' lang='lat' dir='ltr'><strong>cum</strong></span> <span class='ocrx_word' id='word_1_852' title='bbox 3248 5110 3464 5165; x_wconf 82' lang='lat' dir='ltr'><strong>dixistis</strong></span> <span class='ocrx_word' id='word_1_853' title='bbox 3496 5127 3508 5164; x_wconf 93' lang='lat'><strong>:</strong></span> <span class='ocrx_word' id='word_1_854' title='bbox 3543 5109 3658 5163; x_wconf 81' lang='lat' dir='ltr'><strong>Non</strong></span> 
     </span>
    </p>
   </div>
   <div class='ocr_carea' id='block_1_112' title="bbox 2073 5202 3657 5274">
    <p class='ocr_par' dir='ltr' id='par_1_112' title="bbox 2073 5202 3657 5274">
     <span class='ocr_line' id='line_1_112' title="bbox 2073 5202 3657 5274; baseline -0.002 -17"><span class='ocrx_word' id='word_1_855' title='bbox 2073 5217 2403 5274; x_wconf 88' lang='lat' dir='ltr'><strong>apponemus</strong></span> <span class='ocrx_word' id='word_1_856' title='bbox 2428 5205 2619 5260; x_wconf 88' lang='lat' dir='ltr'><strong>audire</strong></span> <span class='ocrx_word' id='word_1_857' title='bbox 2642 5219 2830 5261; x_wconf 90' lang='lat' dir='ltr'><strong>vocem</strong></span> <span class='ocrx_word' id='word_1_858' title='bbox 2858 5205 3071 5261; x_wconf 92' lang='lat' dir='ltr'><strong>Domini</strong></span> <span class='ocrx_word' id='word_1_859' title='bbox 3094 5204 3186 5259; x_wconf 87' lang='lat' dir='ltr'><strong>Dei</strong></span> <span class='ocrx_word' id='word_1_860' title='bbox 3212 5204 3403 5270; x_wconf 90' lang='lat' dir='ltr'><strong>nostri,</strong></span> <span class='ocrx_word' id='word_1_861' title='bbox 3423 5212 3477 5257; x_wconf 92' lang='lat' dir='ltr'><strong>et</strong></span> <span class='ocrx_word' id='word_1_862' title='bbox 3497 5202 3657 5256; x_wconf 89' lang='lat' dir='ltr'><strong>istum</strong></span> 
     </span>
    </p>
   </div>
   <div class='ocr_carea' id='block_1_113' title="bbox 2071 5292 3658 5367">
    <p class='ocr_par' dir='ltr' id='par_1_113' title="bbox 2071 5292 3658 5367">
     <span class='ocr_line' id='line_1_113' title="bbox 2071 5292 3658 5367; baseline -0.003 -18"><span class='ocrx_word' id='word_1_863' title='bbox 2071 5295 2249 5365; x_wconf 84' lang='lat' dir='ltr'><strong>ignem</strong></span> <span class='ocrx_word' id='word_1_864' title='bbox 2306 5311 2559 5367; x_wconf 86' lang='lat' dir='ltr'><strong>magnum</strong></span> <span class='ocrx_word' id='word_1_865' title='bbox 2619 5312 2725 5352; x_wconf 93' lang='lat' dir='ltr'><strong>non</strong></span> <span class='ocrx_word' id='word_1_866' title='bbox 2773 5298 3081 5356; x_wconf 83' lang='lat' dir='ltr'><strong>videbimus</strong></span> <span class='ocrx_word' id='word_1_867' title='bbox 3149 5297 3288 5353; x_wconf 89' lang='lat' dir='ltr'><strong>ultra</strong></span> <span class='ocrx_word' id='word_1_868' title='bbox 3338 5308 3406 5349; x_wconf 90' lang='lat' dir='ltr'><strong>ne</strong></span> <span class='ocrx_word' id='word_1_869' title='bbox 3454 5292 3658 5347; x_wconf 88' lang='lat' dir='ltr'><strong>moria-</strong></span> 
     </span>
    </p>
   </div>
   <div class='ocr_carea' id='block_1_114' title="bbox 957 5430 3658 5565">
    <p class='ocr_par' dir='ltr' id='par_1_114' title="bbox 957 5430 3658 5565">
     <span class='ocr_line' id='line_1_114' title="bbox 957 5430 3658 5508; baseline 0 -19"><span class='ocrx_word' id='word_1_870' title='bbox 957 5434 1001 5465; x_wconf 81' lang='lat'><strong>“</strong></span> <span class='ocrx_word' id='word_1_871' title='bbox 1021 5434 1149 5489; x_wconf 91' lang='lat' dir='ltr'><strong>ibid.</strong></span> <span class='ocrx_word' id='word_1_872' title='bbox 1171 5433 1259 5489; x_wconf 69' lang='grc'><strong>12.</strong></span> <span class='ocrx_word' id='word_1_873' title='bbox 1328 5430 1411 5488; x_wconf 79' lang='grc'><strong>⁸⁷1</strong></span> <span class='ocrx_word' id='word_1_874' title='bbox 1435 5432 1565 5503; x_wconf 81' lang='lat' dir='ltr'><strong>Reg.</strong></span> <span class='ocrx_word' id='word_1_875' title='bbox 1591 5450 1705 5498; x_wconf 79' lang='grc' dir='ltr'>χχι,</span> <span class='ocrx_word' id='word_1_876' title='bbox 1730 5435 1785 5489; x_wconf 83' lang='lat'><strong>5.</strong></span> <span class='ocrx_word' id='word_1_877' title='bbox 1832 5435 1876 5468; x_wconf 80' lang='grc'><strong>⁸⁸</strong></span> <span class='ocrx_word' id='word_1_878' title='bbox 1905 5436 2039 5508; x_wconf 87' lang='lat' dir='ltr'><strong>Eph.</strong></span> <span class='ocrx_word' id='word_1_879' title='bbox 2069 5453 2144 5499; x_wconf 86' lang='lat' dir='ltr'><strong>vt,</strong></span> <span class='ocrx_word' id='word_1_880' title='bbox 2177 5437 2264 5492; x_wconf 71' lang='lat' dir='ltr'><strong>l2.</strong></span> <span class='ocrx_word' id='word_1_881' title='bbox 2326 5440 2370 5473; x_wconf 84' lang='grc'><strong>⁶⁹</strong></span> <span class='ocrx_word' id='word_1_882' title='bbox 2400 5438 2466 5494; x_wconf 78' lang='grc' dir='ltr'>ιν</span> <span class='ocrx_word' id='word_1_883' title='bbox 2498 5438 2631 5502; x_wconf 75' lang='lat' dir='ltr'><strong>Reg.</strong></span> <span class='ocrx_word' id='word_1_884' title='bbox 2662 5440 2836 5500; x_wconf 66' lang='lat'><strong>“1.6.</strong></span> <span class='ocrx_word' id='word_1_885' title='bbox 2899 5439 2946 5472; x_wconf 80' lang='grc'><strong>⁷⁸</strong></span> <span class='ocrx_word' id='word_1_886' title='bbox 2977 5439 3016 5492; x_wconf 93' lang='lat' dir='ltr'><strong>Il</strong></span> <span class='ocrx_word' id='word_1_887' title='bbox 3046 5437 3244 5492; x_wconf 85' lang='lat' dir='ltr'><strong>Thess.</strong></span> <span class='ocrx_word' id='word_1_888' title='bbox 3269 5450 3324 5488; x_wconf 91' lang='grc' dir='ltr'>ιι.</span> <span class='ocrx_word' id='word_1_889' title='bbox 3388 5434 3434 5466; x_wconf 85' lang='grc'><strong>⁷¹</strong></span> <span class='ocrx_word' id='word_1_890' title='bbox 3466 5430 3658 5486; x_wconf 78' lang='lat' dir='ltr'><strong>Matth.</strong></span> 
     </span>
     <span class='ocr_line' id='line_1_115' title="bbox 968 5503 3658 5565; baseline 0.003 -8"><span class='ocrx_word' id='word_1_891' title='bbox 968 5520 1162 5565; x_wconf 70' lang='grc' dir='ltr'>χχχιιι,</span> <span class='ocrx_word' id='word_1_892' title='bbox 1194 5505 1227 5559; x_wconf 75' lang='lat'><strong>3</strong></span> <span class='ocrx_word' id='word_1_893' title='bbox 1258 5503 1314 5560; x_wconf 88' lang='lat'><strong>6.</strong></span> <span class='ocrx_word' id='word_1_894' title='bbox 1411 5505 1458 5538; x_wconf 84' lang='grc'>⁷³</span> <span class='ocrx_word' id='word_1_895' title='bbox 1492 5504 1620 5561; x_wconf 87' lang='lat' dir='ltr'><strong>Lev.</strong></span> <span class='ocrx_word' id='word_1_896' title='bbox 1674 5522 1788 5565; x_wconf 79' lang='grc' dir='ltr'>χιιι,</span> <span class='ocrx_word' id='word_1_897' title='bbox 1844 5506 1932 5561; x_wconf 73' lang='grc'><strong>26.</strong></span> <span class='ocrx_word' id='word_1_898' title='bbox 2038 5509 2086 5540; x_wconf 74' lang='grc'>’⁸</span> <span class='ocrx_word' id='word_1_899' title='bbox 2119 5510 2250 5565; x_wconf 91' lang='lat' dir='ltr'><strong>ibid.</strong></span> <span class='ocrx_word' id='word_1_900' title='bbox 2297 5509 2389 5565; x_wconf 82' lang='grc'><strong>⁸51.</strong></span> <span class='ocrx_word' id='word_1_901' title='bbox 2487 5511 2540 5543; x_wconf 75' lang='grc'><strong>⁷⁵</strong></span> <span class='ocrx_word' id='word_1_902' title='bbox 2574 5510 2729 5565; x_wconf 89' lang='lat' dir='ltr'><strong>Deut.</strong></span> <span class='ocrx_word' id='word_1_903' title='bbox 2756 5526 2913 5565; x_wconf 79' lang='lat' dir='ltr'><strong>xvttt.</strong></span> <span class='ocrx_word' id='word_1_904' title='bbox 2938 5510 2992 5565; x_wconf 83' lang='lat'><strong>9.</strong></span> <span class='ocrx_word' id='word_1_905' title='bbox 3023 5508 3112 5562; x_wconf 76' lang='grc'><strong>12.</strong></span> <span class='ocrx_word' id='word_1_906' title='bbox 3188 5506 3235 5537; x_wconf 79' lang='grc'><strong>’⁸</strong></span> <span class='ocrx_word' id='word_1_907' title='bbox 3264 5503 3454 5559; x_wconf 72' lang='lat' dir='ltr'><strong>Matth.</strong></span> <span class='ocrx_word' id='word_1_908' title='bbox 3509 5517 3658 5565; x_wconf 73' lang='lat' dir='ltr'><strong>XXII.</strong></span> 
     </span>
    </p>
   </div>
   <div class='ocr_carea' id='block_1_115' title="bbox 2038 5510 2389 5564">
    <p class='ocr_par' dir='ltr' id='par_1_115' title="bbox 2038 5510 2389 5564">
     <span class='ocr_line' id='line_1_116' title="bbox 2038 5510 2389 5564; baseline 0.003 -1"><span class='ocrx_word' id='word_1_909' title='bbox 2038 5510 2086 5540; x_wconf 78' lang='lat'><strong>&#39;&quot;</strong></span> <span class='ocrx_word' id='word_1_910' title='bbox 2119 5510 2250 5564; x_wconf 86' lang='lat' dir='ltr'><strong>ibid.</strong></span> <span class='ocrx_word' id='word_1_911' title='bbox 2297 5510 2389 5564; x_wconf 80' lang='lat'><strong>&#39;51.</strong></span> 
     </span>
    </p>
   </div>
   <div class='ocr_carea' id='block_1_116' title="bbox 2487 5503 3659 5577">
    <p class='ocr_par' dir='ltr' id='par_1_116' title="bbox 2487 5503 3659 5577">
     <span class='ocr_line' id='line_1_117' title="bbox 2487 5503 3659 5577; baseline -0.01 -10"><span class='ocrx_word' id='word_1_912' title='bbox 2487 5511 2540 5543; x_wconf 75' lang='grc'><strong>⁷⁵</strong></span> <span class='ocrx_word' id='word_1_913' title='bbox 2574 5510 2729 5567; x_wconf 87' lang='lat' dir='ltr'><strong>Deut.</strong></span> <span class='ocrx_word' id='word_1_914' title='bbox 2756 5526 2913 5577; x_wconf 79' lang='lat' dir='ltr'><strong>xvttt,</strong></span> <span class='ocrx_word' id='word_1_915' title='bbox 2938 5510 2992 5576; x_wconf 83' lang='lat'><strong>9,</strong></span> <span class='ocrx_word' id='word_1_916' title='bbox 3023 5508 3112 5562; x_wconf 76' lang='grc'><strong>12.</strong></span> <span class='ocrx_word' id='word_1_917' title='bbox 3188 5506 3235 5537; x_wconf 80' lang='grc'><strong>⁷⁵</strong></span> <span class='ocrx_word' id='word_1_918' title='bbox 3264 5503 3454 5559; x_wconf 85' lang='lat' dir='ltr'><strong>Matth.</strong></span> <span class='ocrx_word' id='word_1_919' title='bbox 3509 5517 3621 5556; x_wconf 80' lang='lat' dir='ltr'><strong>xxii</strong></span> <span class='ocrx_word' id='word_1_920' title='bbox 3643 5543 3659 5569; x_wconf 89' lang='lat'><strong>,</strong></span> 
     </span>
    </p>
   </div>
   <div class='ocr_carea' id='block_1_117' title="bbox 2070 5689 3660 5776">
    <p class='ocr_par' dir='ltr' id='par_1_117' title="bbox 2070 5689 3660 5776">
     <span class='ocr_line' id='line_1_118' title="bbox 2070 5689 3660 5776; baseline -0.003 -24"><span class='ocrx_word' id='word_1_921' title='bbox 2070 5766 2080 5776; x_wconf 85' lang='lat'><em>_</em></span> <span class='ocrx_word' id='word_1_922' title='bbox 2140 5695 2258 5767; x_wconf 81' lang='lat'><strong>(69)</strong></span> <span class='ocrx_word' id='word_1_923' title='bbox 2298 5696 2516 5755; x_wconf 79' lang='lat' dir='ltr'><strong>Nosler.</strong></span> <span class='ocrx_word' id='word_1_924' title='bbox 2581 5698 2742 5755; x_wconf 88' lang='lat' dir='ltr'><strong>Deest</strong></span> <span class='ocrx_word' id='word_1_925' title='bbox 2792 5697 2844 5751; x_wconf 91' lang='lat' dir='ltr'><strong>iu</strong></span> <span class='ocrx_word' id='word_1_926' title='bbox 2896 5704 3053 5751; x_wconf 90' lang='lat' dir='ltr'><strong>antea</strong></span> <span class='ocrx_word' id='word_1_927' title='bbox 3088 5690 3266 5760; x_wconf 86' lang='lat' dir='ltr'><strong>editis,</strong></span> <span class='ocrx_word' id='word_1_928' title='bbox 3300 5690 3390 5747; x_wconf 87' lang='lat' dir='ltr'><strong>sed</strong></span> <span class='ocrx_word' id='word_1_929' title='bbox 3428 5689 3660 5748; x_wconf 85' lang='lat' dir='ltr'><strong>habetur</strong></span> 
     </span>
    </p>
   </div>
   <div class='ocr_carea' id='block_1_118' title="bbox 2070 5783 2287 5823">
    <p class='ocr_par' dir='ltr' id='par_1_118' title="bbox 2070 5783 2287 5823">
     <span class='ocr_line' id='line_1_119' title="bbox 2070 5783 2287 5823; baseline 0.009 -2"><span class='ocrx_word' id='word_1_930' title='bbox 2070 5783 2121 5822; x_wconf 85' lang='grc' dir='ltr'><strong>ιιι</strong></span> <span class='ocrx_word' id='word_1_931' title='bbox 2160 5784 2287 5823; x_wconf 81' lang='lat' dir='ltr'><strong>IIISS.</strong></span> 
     </span>
    </p>
   </div>
  </div>
