4134 6440
453 400 560 456 699

1907 377 2159 434 ORIGEN
2167 377 2228 432 IS

3606 377 3713 432 100

457 525 603 564 mur.
643 529 662 562 ι
693 507 808 564 Non
837 507 950 562 vult
975 505 1116 561 Deus
1137 503 1414 557 auditores
1457 513 1560 554 nos
1610 498 1728 552 lieri
1769 505 1820 550 et
1864 495 2032 550 disei-
2063 499 2106 555 Α
2137 491 2502 562 quodcunque
2550 490 2746 546 horum
2786 489 3045 560 recipere,
3093 507 3161 548 ne
3211 492 3315 549 iste
3349 494 3566 563 quidem
3597 494 3713 565 ipse

458 600 614 670 pulos
640 601 978 662 dmmonum,
1033 610 1210 665 neque
1256 594 1404 658 vult,
1449 601 1505 645 ut
1545 591 1590 645 si
1625 591 1754 657 quid
1787 588 2030 643 volumus

459 692 694 755 discere,
739 691 1010 744 discamus
1053 703 1082 740 a
1129 686 1479 741 damonibns.
1523 683 1710 737 Melius
1757 691 1840 736 est
1886 682 2030 736 enim

460 781 732 848 ignorare,
791 794 952 848 quant
999 794 1026 832 a
1059 777 1395 831 d:emonibus
1442 773 1701 828 discere:
1741 783 1795 828 et
1841 773 2032 828 melius

458 882 596 927 esta
629 873 886 942 prOpheta
935 871 1169 934 discere,
1219 884 1381 938 quam
1413 884 1440 920 a
1478 868 1677 922 divinis
1727 868 2026 935 inquirere.

460 965 730 1020 Divinatio
753 966 895 1019 enim
923 979 1052 1030 non,
1077 971 1136 1016 ut
1160 962 1380 1031 quidam
1405 971 1615 1030 putant,
1651 960 1917 1015 divinitus
1937 962 2032 1015 da-

461 1067 567 1123 tur,
591 1055 683 1111 sed
709 1056 904 1125 magis,
929 1063 987 1108 ut
1007 1052 1139 1107 mihi
1169 1052 1397 1116 videtur,
1425 1066 1523 1119 per
1558 1050 1944 1118 antiphrasitn,
1979 1050 2030 1104 id

455 1151 561 1210 est,
595 1159 659 1199 ex
695 1144 970 1198 contrario
1023 1157 1217 1196 nomen
1271 1141 1503 1208 accepit,
1546 1140 1702 1208 quasi
1764 1155 1887 1208 qua:
1937 1155 2032 1207 per

458 1235 706 1290 homines
757 1234 1092 1289 daemonibus
1150 1235 1381 1302 repletos
1431 1233 1545 1286 liat.
1600 1232 1706 1286 Sed
1752 1232 2030 1302 gentilium

461 1325 596 1379 ritus
623 1325 863 1380 divinum
889 1325 1059 1379 credit
1080 1339 1260 1390 omne,
1294 1325 1436 1393 quod
1469 1338 1566 1392 per
1595 1322 2031 1392 qualemcunque

457 1415 707 1482 spiritum
738 1415 1029 1485 profertur.
1066 1415 1174 1470 Nos
1214 1427 1390 1468 tamen
1445 1414 1576 1466 nihil
1618 1415 1684 1467 ab
1731 1413 1799 1467 iis
1824 1413 2033 1467 discere

457 1505 603 1558 Deus
649 1501 824 1572 jubet,
875 1521 942 1559 ne
989 1504 1288 1559 elliciamur
1335 1514 1616 1556 consortes
1660 1503 1924 1571 ipsorum,
1972 1511 2027 1555 et

460 1595 800 1649 incurramus
841 1598 892 1650 in
919 1611 1007 1661 ea,
1037 1613 1156 1663 qua:
1174 1594 1342 1648 Isaias
1368 1594 1561 1649 dicit"8
1595 1611 1654 1647 ιι
1685 1593 1751 1647 Ει
1775 1592 2028 1647 humilia-

458 1684 662 1738 buntur
691 1687 742 1739 in
782 1696 921 1740 terra
961 1686 1120 1739 verba
1159 1695 1269 1748 tua,
1295 1694 1348 1738 et
1378 1699 1664 1738 sermones
1703 1684 1774 1736 lui
1806 1683 1856 1737 in
1885 1694 2028 1739 terra

457 1775 861 1845 demergcntur,
914 1787 970 1831 et
1014 1777 1120 1830 erit
1155 1793 1255 1831 vox
1299 1785 1388 1830 tua
1446 1776 1586 1830 sicut
1635 1775 1908 1843 loquentis
1965 1776 2031 1830 de

458 1875 628 1930 terra,
660 1877 712 1922 et
735 1869 798 1920 ad
835 1868 1031 1923 solium
1063 1883 1163 1922 vox
1194 1880 1281 1921 tua
1318 1868 1705 1922 inlirmabitur.
1738 1887 1756 1920 ι
1795 1867 2027 1937 Propter

454 1957 556 2010 hoc
585 1965 636 2011 el
669 1957 928 2015 Dominus
963 1969 1150 2015 noster
1177 1959 1332 2014 Jesus
1362 1975 1465 2012 non
1496 1960 1748 2028 dignatur
1774 1975 1802 2012 a
1831 1960 2029 2014 dzemo-

456 2049 612 2102 uibus
640 2052 885 2119 accipere
919 2053 1310 2118 testimonium,
1343 2053 1440 2107 sed
1465 2053 1539 2104 ait
1573 2073 1585 2106 :
1623 2069 1641 2098 ο
1679 2051 2031 2117 Obmutesce,

453 2151 509 2193 et
535 2142 618 2194 cxi
653 2144 721 2197 ab
760 2145 914 2196 eo".
955 2163 974 2195 ι
1013 2145 1183 2211 Quem
1213 2144 1376 2198 etiam
1416 2143 1691 2212 apostolus
1727 2159 1856 2198 suns
1893 2143 2033 2196 Pau-

456 2231 538 2286 lus
575 2233 836 2299 imitatus,
892 2235 1079 2290 dolens
1137 2237 1405 2289 convertit
1458 2249 1540 2300 se,
1595 2243 1650 2288 et
1693 2235 1768 2287 ait
1817 2235 2028 2302 spiritui

458 2321 715 2392 Pythonis
748 2341 760 2377 :
795 2343 813 2374 ι
846 2323 1109 2397 Principio
1143 2328 1234 2380 tibi
1269 2328 1321 2380 in
1375 2328 1596 2381 nomine
1643 2325 1770 2379 Iesu
1801 2327 2028 2389 Christi,

456 2411 671 2466 discede
703 2413 774 2468 ab
808 2429 871 2470 ea
913 2416 980 2467 ⁸ο.
1017 2435 1035 2468 ι
1070 2415 1124 2470 In
1165 2433 1275 2486 quo
1316 2418 1564 2486 requiras
1608 2416 1864 2484 fortasse,
1903 2417 2031 2484 quid

455 2501 643 2557 dolens
694 2503 914 2572 Paulus,
955 2507 1200 2575 increpat
1251 2507 1500 2577 Spiritum
1554 2508 1840 2578 Pythonis.
1885 2507 2032 2560 Nun-

453 2592 580 2660 quid
636 2595 835 2664 aliquid
881 2597 1257 2667 blasphemum
1305 2600 1555 2653 dixerat?
1614 2599 1806 2653 Mulier
1854 2600 2023 2661 enim,

457 2684 652 2752 inquit,
681 2685 884 2743 habens
923 2689 1172 2757 spiritum
1214 2691 1470 2761 Pythonis
1511 2692 1843 2760 sequebatur
1892 2691 2032 2744 Pau-

456 2774 590 2842 lum,
619 2785 675 2831 et
706 2793 798 2833 eos
824 2779 913 2848 qui
946 2795 1069 2834 cum
1116 2797 1181 2836 eo
1219 2791 1395 2847 erant,
1426 2792 1478 2836 et
1506 2783 1778 2837 clamabat
1801 2783 2026 2838 dicens:

462 2886 478 2916 ι
507 2867 594 2921 Isti
622 2869 865 2924 homines
889 2873 1032 2926 servi
1060 2881 1186 2926 sunt
1217 2875 1412 2928 stnnmi
1441 2875 1556 2940 Dei,
1581 2875 1674 2944 qui
1707 2875 2032 2930 annuntiant

458 2957 597 3011 viam
639 2960 851 3028 salutis,
885 2970 938 3015 ct
966 2963 1068 3017 hoc
1105 2962 1341 3019 faciebat
1372 2980 1469 3035 per
1498 2965 1612 3020 dies
1648 2966 1844 3021 multos
1881 2966 1950 3022 ⁸⁸.
1998 2984 2018 3017 ι

457 3048 608 3105 Unde
635 3053 941 3107 ostenditur
967 3072 1070 3108 non
1111 3071 1209 3126 pro
1239 3057 1572 3125 blaSphcmia
1604 3058 1846 3112 doluisse
1893 3057 2032 3111 Pau-

454 3141 584 3208 lum,
613 3142 706 3196 sed
735 3159 831 3212 pro
872 3161 936 3199 eo
974 3150 1115 3215 quod
1158 3149 1434 3218 indignum
1473 3149 1749 3218 judiearct
1788 3149 2027 3203 sermoni
2059 3174 2100 3232 ο

452 3248 550 3312 suo
582 3233 652 3289 ab
675 3235 867 3304 spiritu
905 3236 1165 3310 Pythonis
1207 3241 1575 3294 testimonium
1629 3242 1770 3296 dari.
1799 3240 1955 3307 Quod
1985 3240 2028 3294 si

453 3325 653 3382 Paulus
675 3329 1042 3383 testimonium
1081 3331 1182 3386 sibi
1221 3347 1342 3385 eum
1374 3332 1506 3386 dare
1538 3347 1642 3386 non
1677 3333 1905 3402 patitur,
1937 3330 2031 3386 sed

453 3418 599 3473 dolet
621 3433 784 3488 super
813 3419 915 3473 hoc
943 3438 958 3474 :
984 3430 1188 3489 quanto
1226 3423 1401 3492 magis
1441 3423 1624 3478 dolere
1675 3424 1954 3486 debemus,
1985 3422 2028 3476 si

453 3510 671 3578 quando
699 3511 874 3579 decipi
901 3511 1147 3567 videmus
1174 3515 1386 3569 animas
1413 3512 1480 3568 ab
1520 3515 1605 3581 iis,
1637 3516 1726 3583 qui
1765 3515 1913 3570 velut
1949 3516 2030 3570 di-

454 3599 581 3654 vino
609 3600 770 3654 alicui
801 3601 1016 3670 spiritui
1053 3603 1334 3674 Pythonis,
1385 3615 1479 3659 aut
1527 3605 1892 3673 ventriloqno,
1940 3617 2034 3661 aut

453 3689 659 3756 divino,
688 3695 1014 3761 autauguri,
1061 3694 1145 3748 vel
1177 3694 1298 3749 aliis
1340 3694 1680 3764 quibuslibet
1722 3695 2031 3764 hujusutodi

453 3779 794 3837 daemonibus
823 3785 1090 3838 credunt"
1108 3784 1335 3853 Propter
1367 3786 1470 3839 hoc
1496 3800 1628 3854 ergo
1655 3799 1666 3834 :
1707 3805 1724 3836 ‹
1763 3785 1878 3840 Non
1905 3788 2029 3852 erit,

455 3869 630 3939 inquit
673 3872 739 3940 “,
784 3876 1069 3944 auguratio
1105 3876 1158 3930 in
1214 3875 1408 3942 Jacob,
1441 3891 1620 3945 neque
1678 3877 1943 3934 divinatio
1973 3880 2029 3934 in

457 3957 634 4015 Israel.
683 3980 700 4013 ι
733 3963 836 4018 Sed
866 3966 993 4034 quid
1041 3966 1106 4022 iis
1148 3966 1408 4021 additur?
1449 3984 1468 4018 ι
1516 3967 1572 4021 ln
1635 3977 1902 4037 tempore,
1948 3970 2030 4023 in-

455 4053 593 4122 quit,
639 4056 852 4112 dicetur
927 4057 1116 4125 Jacob,
1190 4070 1242 4115 ct
1304 4061 1513 4128 lsraeli,
1569 4063 1712 4131 quod
1792 4063 2034 4132 perlieiet

459 4146 618 4200 Deus.
651 4166 671 4200 ι
713 4147 850 4215 Quid
883 4161 984 4216 est,
1041 4169 1059 4202 ι
1115 4149 1171 4204 In
1223 4161 1465 4221 tempore
1520 4153 1764 4208 dicetur?
1820 4171 1838 4204 ι
1900 4152 2033 4207 Cum

455 4248 689 4306 oportet,
719 4251 917 4297 etcum
953 4245 1193 4314 expedit,
1227 4245 1328 4299 hoc
1376 4255 1480 4310 cst,
1527 4265 1547 4298 ι
1594 4248 1649 4300 iu
1701 4255 1965 4314 tempore.
2007 4265 2026 4298 ι

458 4333 514 4386 Si
548 4349 680 4404 ergo
705 4337 922 4406 expedit
950 4353 1289 4408 praenoscere
1331 4354 1432 4394 nos
1466 4337 1670 4403 futura,
1716 4339 1967 4393 dicentur
1993 4355 2022 4392 a

459 4425 569 4480 Deo
593 4441 688 4494 per
723 4428 1046 4498 prephetam
1075 4429 1187 4493 Dei,
1221 4445 1314 4498 per
1350 4429 1618 4500 Spiritum
1665 4438 1934 4485 sanctum.
1972 4429 2030 4484 Si

2134 585 2349 653 Balaam
2386 583 2723 654 recipiendus
2762 593 2845 638 est
2879 599 2908 637 ιι
2951 585 3126 641 nobis.
3163 585 3314 642 Unus
3362 589 3505 642 enim
3545 603 3613 643 ex
3643 589 3714 646 iis

2132 685 2234 743 est,
2265 691 2402 746 quos
2432 675 2594 744 recipi
2625 675 2879 744 prohibet
2917 675 3100 731 divina
3143 679 3435 734 sententia.
3467 678 3574 733 Sed
3611 684 3711 735 ad-

2132 779 2282 826 verte
2312 769 2641 838 diligentius,
2673 777 2729 822 et
2760 780 3035 826 memento
3078 773 3205 840 quid
3237 772 3292 826 in
3340 773 3712 843 superioribus

2133 861 2383 933 legimus,
2433 865 2526 919 ubi
2576 863 2770 919 dicitur
2815 861 2882 916 de
2925 877 2991 916 eo
3033 865 3158 934 quia
3214 864 3398 934 injecit
3452 865 3715 922 Dominus

2133 956 2356 1010 verbum
2386 971 2542 1011 suum
2576 956 2629 1009 in
2666 971 2729 1012 os
2761 958 2900 1024 ejus.
2948 954 3064 1009 Non
3125 971 3257 1027 ergo
3314 959 3430 1014 haec
3490 975 3637 1014 nunc
3679 975 3710 1014 a

2133 1045 2370 1110 Balaam,
2401 1047 2494 1101 sed
2523 1063 2551 1099 a
2581 1047 2748 1100 verbo
2773 1046 2890 1111 Dei,
2929 1048 3070 1117 quod
3110 1048 3164 1102 in
3196 1065 3292 1105 ore
3330 1048 3449 1118 ejus
3489 1061 3574 1106 est
3611 1066 3708 1121 po-

2132 1136 2316 1202 situm,
2346 1137 2626 1190 discimus.
2652 1137 2762 1192 Nisi
2798 1138 2942 1193 enim
2986 1139 3151 1194 verba
3207 1140 3298 1194 Dei
3352 1154 3559 1206 essent,
3601 1159 3708 1198 non

2131 1244 2193 1282 ea
2218 1229 2399 1297 utique
2431 1229 2721 1284 revelasset
2754 1228 2950 1284 famulo
2999 1246 3097 1284 suo
3132 1230 3321 1302 Moysi,
3359 1247 3481 1303 qua:
3520 1235 3710 1300 procul

2133 1321 2336 1388 positus
2365 1336 2486 1375 cum
2520 1322 2587 1374 ab
2619 1339 2684 1376 eo
2721 1322 2832 1390 regi
2880 1321 3079 1377 Balach
3118 1324 3448 1390 dicerentur,
3501 1337 3711 1382 certum

2131 1423 2216 1469 est
2243 1415 2382 1482 quod
2424 1414 2526 1467 nisi
2565 1429 2592 1466 a
2629 1413 2739 1468 Deo
2762 1413 2863 1468 sibi
2902 1413 3137 1468 revelata
3171 1414 3380 1484 Moyses
3410 1417 3556 1472 scire
3603 1433 3711 1471 non

2132 1508 2326 1575 potuit.
2363 1504 2555 1558 Adhuc
2591 1512 2768 1557 autem
2804 1504 2870 1556 ad
2903 1503 3283 1559 destruendam
3327 1508 3546 1575 penitus
3574 1509 3711 1563 divi-

2134 1598 2438 1658 nationem,
2463 1595 2546 1648 vel
2577 1595 3006 1665 augurationem,
3049 1606 3215 1668 atque
3246 1599 3348 1652 alia
3382 1600 3710 1670 bnjusmodi,

2131 1688 2296 1740 etiam
2340 1687 2442 1739 hoc
2477 1694 2850 1754 competenter
2883 1685 3162 1750 addemus,
3215 1687 3357 1756 quod
3398 1704 3584 1744 omnes
3624 1689 3712 1745 isti

2136 1779 2336 1845 avium,
2382 1777 2463 1831 VL‘l
2514 1776 2826 1830 animalium
2875 1777 3177 1832 ministerio
3209 1790 3454 1846 utuntur,
3497 1781 3594 1835 sed
3632 1791 3715 1835 ta-

2135 1869 2265 1922 lium
2305 1885 2424 1938 quae
2452 1879 2506 1924 et
2532 1869 2805 1923 immunda
2837 1869 3156 1924 scribuntur
3189 1869 3240 1922 in
3273 1870 3408 1939 lege,
3435 1883 3489 1924 et
3518 1871 3710 1926 Imma-

2136 1975 2203 2013 no
2249 1961 2431 2030 generi
2491 1959 2972 2029 deprehenduntur
3022 1974 3236 2029 semper
3286 1961 3614 2024 insidiantia,
3642 1977 3707 2015 ex

2133 2063 2240 2117 quo
2282 2051 2466 2118 utique
2495 2059 2821 2118 opportuna,
2874 2057 2926 2103 et
2963 2049 3120 2118 digna
3180 2049 3484 2105 ministerio
3515 2055 3711 2108 daemo—

2135 2157 2260 2195 nmn
2317 2142 2557 2212 judicata
2609 2151 2753 2196 sunt.
2825 2139 2957 2194 Nam
3024 2141 3352 2212 pythoaibus
3410 2143 3712 2215 dracones,

2134 2234 2334 2302 aliique
2360 2242 2637 2303 serpentes
2664 2233 2974 2286 ministrare
3003 2235 3378 2300 perhibentur.
3407 2236 3715 2306 Auguribus

2133 2335 2186 2380 et
2218 2326 2281 2379 iis
2311 2326 2400 2394 qui
2434 2343 2503 2380 ex
2538 2327 2898 2382 incidentibus
2940 2328 3212 2382 divinandi
3259 2338 3480 2398 captare
3515 2340 3710 2399 putan-

2137 2429 2226 2474 tur
2258 2418 2519 2487 auspicia,
2561 2429 2653 2472 aut
2691 2418 2798 2488 lupi
2832 2419 3016 2473 ferunt
3039 2419 3242 2485 omina,
3267 2431 3360 2474 aut
3381 2420 3591 2490 vulpes,
3621 2431 3718 2476 aut

2133 2511 2447 2579 accrpitres,
2505 2519 2599 2563 aut
2648 2512 2819 2577 corvi,
2871 2520 2963 2566 aut
3000 2512 3214 2581 aquilae,
3247 2520 3340 2567 aut
3369 2513 3474 2567 alia
3527 2514 3713 2582 hujus'

2136 2603 2301 2664 modi,
2327 2617 2446 2670 qua:
2483 2602 2538 2656 in
2574 2602 2691 2672 lege
2719 2603 2932 2674 Moyses
2957 2606 3038 2677 (ut
3068 2605 3326 2674 diximus)
3359 2607 3427 2660 iis
3454 2607 3618 2662 credo
3647 2608 3714 2662 de

2135 2696 2318 2750 causis
2345 2693 2553 2748 notavit
2593 2695 2890 2751 immunda.

2203 2785 2254 2839 8.
2292 2785 2419 2839 Post
2443 2785 2557 2840 hzec
2583 2804 2593 2839 :
2625 2803 2643 2836 ι
2674 2786 2843 2854 Ecce,
2874 2787 3082 2857 inquit,
3123 2785 3350 2858 populus
3389 2787 3529 2842 sicut
3559 2794 3712 2842 eatu-

2135 2876 2218 2932 lus
2256 2877 2429 2932 leonis
2465 2886 2722 2948 exsurget
2750 2916 2766 2943 ,
2797 2888 2852 2933 et
2881 2880 3024 2935 sicut
3053 2879 3139 2934 leo
3170 2878 3550 2936 exsultabit”.
3597 2898 3618 2932 ι
3650 2878 3707 2935 ln

2135 2968 2202 3022 iis
2231 2969 2361 3022 mihi
2394 2969 2604 3024 videtur
2634 2969 3014 3024 conﬁdentiam
3039 2970 3218 3038 populi
3251 2969 3560 3024 describere
3593 2985 3712 3023 cre-

2135 3055 2311 3108 dentis
2349 3055 2401 3109 iu
2436 3056 2675 3123 Christo,
2704 3067 2760 3112 et
2782 3057 3082 3111 libertatem
3106 3073 3265 3126 quam
3297 3058 3457 3112 habet
3500 3059 3553 3113 in
3591 3060 3712 3123 lide,

2136 3155 2189 3199 et
2224 3147 2641 3202 exsultationem
2686 3164 2848 3218 quam
2904 3150 3047 3221 gerit
3088 3149 3139 3202 iu
3196 3163 3313 3217 spe.
3358 3149 3714 3220 Comparatur

2135 3238 2276 3290 enim
2321 3239 2498 3292 catulo
2550 3238 2746 3306 leonis,
2805 3256 2926 3294 cum
2984 3240 3156 3295 tendit
3203 3244 3270 3297 ad
3326 3243 3711 3312 perfectionem

2137 3326 2311 3391 laetus,
2341 3336 2392 3382 et
2421 3327 2572 3382 velox
2602 3348 2615 3384 :
2642 3329 2778 3384 leoni
2817 3344 2946 3384 vero
2983 3333 3282 3395 confertur,
3314 3348 3435 3385 cum
3473 3331 3584 3400 jam
3611 3334 3711 3387 ob-

2135 3416 2271 3469 tinet
2304 3431 2423 3485 qnae
2453 3417 2691 3486 perfecta
2724 3429 2872 3476 sunt.
2927 3421 3077 3477 Sicut
3106 3425 3248 3477 enim
3290 3422 3371 3476 leo
3403 3432 3460 3476 ct
3502 3423 3714 3477 catulus

2136 3503 2308 3561 leonis
2339 3507 2540 3561 nullum
2595 3509 2816 3576 animal,
2861 3511 3064 3565 nullam
3105 3513 3330 3567 bestiam
3375 3511 3585 3577 timent,
3621 3514 3714 3566 sed

2135 3607 2258 3650 sunt
2303 3598 2381 3652 eis
2424 3610 2617 3654 cuncta
2673 3600 2920 3669 subjeCta
2973 3623 2984 3657 :
3045 3603 3118 3656 ita
3163 3612 3218 3656 et
3265 3601 3505 3672 perfecto
3551 3601 3717 3674 335

2135 3687 2483 3755 Christiano,
2521 3690 2615 3760 qui
2642 3691 2782 3746 tollit
2807 3707 3026 3747 crucem
3057 3707 3208 3747 suam
3229 3702 3281 3747 et
3296 3693 3541 3762 sequitur
3561 3694 3716 3746 Chri-

2135 3788 2302 3844 stum,
2333 3781 2423 3850 qui
2446 3791 2624 3852 potest
2647 3784 2849 3850 dicere,
2891 3802 2909 3836 ι
2946 3783 3074 3839 Mihi
3103 3785 3247 3839 enim
3279 3786 3510 3840 mundus
3537 3787 3714 3840 eruci-

2135 3872 2274 3926 tixus
2295 3885 2400 3938 est,
2422 3883 2477 3928 et
2496 3889 2600 3945 ego
2625 3876 2823 3930 mundo
2843 3875 2911 3942 “,
2937 3895 2956 3929 ι
2973 3887 3166 3932 cuncta
3195 3877 3500 3943 calcantur,
3521 3887 3713 3932 cuncta

2134 3963 2370 4032 subjecta
2387 3975 2535 4024 sunt.
2558 3968 2792 4038 Despicit
2809 3969 2954 4025 enim
2972 3970 3340 4024 etcontemnit
3359 3970 3564 4034 omnia,
3593 3985 3715 4038 quae

2138 4057 2190 4110 in
2223 4055 2325 4113 hoc
2352 4058 2551 4113 mundo
2569 4068 2717 4125 sunt,
2747 4069 2804 4116 et
2831 4060 3074 4115 imitatur
3094 4075 3217 4116 eum
3251 4061 3342 4131 qui
3373 4063 3456 4122 leo
3479 4063 3544 4118 de
3575 4061 3715 4115 tribu

2133 4147 2269 4203 Juda
2297 4147 2516 4218 dicitur,
2537 4158 2593 4206 et
2620 4150 2832 4206 catulus
2863 4151 3034 4208 leonis
3058 4152 3278 4218 dicitur,
3298 4152 3424 4222 quia
3453 4152 3594 4206 sicut
3621 4150 3714 4204 lux

2134 4249 2216 4294 est
2257 4241 2462 4309 mundi,
2485 4251 2542 4297 et
2571 4243 2848 4312 discipulis
2880 4245 2993 4300 suis
3018 4244 3167 4300 dedit
3195 4255 3251 4298 ut
3291 4252 3344 4296 et
3381 4243 3484 4312 ipsi
3530 4252 3718 4297 essent

2135 4329 2224 4386 lux
2255 4333 2415 4403 hujus
2447 4335 2652 4404 mundi,
2685 4337 2755 4390 ita
2785 4347 2841 4391 et
2873 4353 2996 4392 cum
3023 4337 3138 4405 ipse
3162 4336 3234 4390 sit
3265 4336 3374 4398 leo,
3399 4347 3454 4391 et
3492 4334 3712 4391 catulus

2135 4421 2330 4489 leonis,
2370 4425 2721 4481 credentibus
2761 4426 2812 4479 in
2846 4441 2906 4481 se
2945 4440 3140 4479 nomen
3196 4423 3388 4489 leonis,
3432 4435 3489 4479 et
3545 4425 3709 4480 catuli

457 4529 586 4569 vero
614 4530 718 4570 non
751 4517 1030 4582 dicuntur,
1071 4532 1249 4587 neque
1292 4517 1709 4582 denuntiantur,
1741 4517 1878 4572 scito
1909 4519 2030 4586 quia
2066 4507 2108 4562 ῐ)
2139 4514 2310 4570 leonis
2336 4515 2603 4585 ascripsit.
2643 4515 2774 4571 Vide
2801 4527 2980 4569 autem
3003 4529 3164 4583 quam
3192 4515 3470 4571 evidenter
3491 4531 3596 4570 non
3639 4517 3708 4572 de

457 4619 564 4658 non
610 4607 768 4662 nobis
823 4608 1044 4678 expedit
1104 4615 1329 4660 ventura
1379 4619 1738 4673 prtcnosecre.
1784 4604 1935 4671 Quod
1986 4604 2032 4659 si

457 4696 665 4753 ideirco
699 4715 806 4754 non
835 4700 1088 4756 dicuntur
1118 4698 1296 4764 nobis,
1325 4698 1448 4766 quia
1475 4698 1632 4752 nobis
1659 4711 1722 4753 ea
1753 4698 1894 4754 scire
1926 4713 2032 4754 non

457 4792 695 4860 expedit,
726 4794 816 4863 qui
851 4794 1080 4848 diversis
1118 4794 1349 4855 artibus,
1385 4802 1440 4848 ct
1463 4792 1766 4848 dtemonum
1810 4793 2032 4850 invoca-

461 4881 698 4938 tionibus
725 4885 968 4954 gestiunt
991 4885 1172 4938 futura
1208 4900 1575 4953 praenoscere,
1610 4885 1744 4939 nihil
1781 4886 1923 4942 aliud
1951 4888 2032 4942 fa-

460 4972 630 5037 ciunt,
663 4974 765 5030 nisi
797 4990 858 5030 ea
898 4975 1117 5045 cupiant
1173 4977 1406 5043 discere,
1445 4992 1565 5046 quae
1610 4977 1710 5032 sibi
1757 4979 1897 5032 scire
1928 4993 2031 5034 non

459 5067 697 5136 expedit.
743 5065 912 5122 Jacob
958 5076 1138 5121 autem
1188 5067 1240 5123 in
1289 5068 1355 5123 iis
1391 5069 1494 5122 dici
1527 5066 1908 5139 intelligendus
1952 5077 2036 5124 est

459 5157 639 5214 omnis
693 5160 780 5214 cui
838 5159 1112 5216 luctamen
1168 5168 1252 5216 est
1296 5160 1557 5215 adversus
1609 5161 1946 5230 principatus
1980 5173 2036 5214 et

463 5256 786 5316 potestates,
835 5259 890 5304 et
931 5251 1193 5306 adversus
1237 5249 1395 5318 hujus
1433 5250 1616 5304 mundi
1674 5260 1934 5305 rectores.
1972 5249 2040 5304 Et

465 5338 715 5394 lsraelem
735 5339 975 5409 intellige
994 5355 1231 5407 omnem,
1250 5341 1340 5410 qui
1365 5355 1460 5410 per
1486 5339 1610 5395 ﬁdei
1636 5339 1950 5409 puritatem.
1986 5348 2041 5394 et

465 5431 784 5486 munditiam
832 5433 1031 5488 mentis
1056 5433 1202 5488 videt
1228 5433 1417 5488 Deum.
1466 5431 1572 5488 Sed
1622 5441 1799 5503 potest
1848 5432 2044 5502 aliquis

463 5527 666 5594 dicere,
691 5527 744 5584 Si
780 5545 808 5583 a
841 5528 956 5585 solo
991 5528 1100 5584 Deo
1145 5528 1404 5584 debemus
1464 5528 1672 5582 discere
1713 5529 1778 5582 de
1827 5527 2038 5589 futuris.

464 5627 520 5670 et
558 5634 732 5688 neque
775 5618 1045 5684 divinum,
1100 5632 1273 5687 neque
1326 5631 1605 5687 augurem,
1671 5633 1845 5686 neque
1897 5617 2040 5670 aliud

1078 5739 1122 5770 ⁷¹³
1157 5738 1321 5793 Marc.
1352 5755 1390 5801 I,
1424 5737 1513 5791 25.

1005 5811 1048 5841 ⁸³
1082 5808 1240 5864 Num.
1278 5824 1430 5872 xxm,
1459 5807 1552 5862 Ἡ.

525 5736 572 5768 ⁷⁸
602 5735 706 5791 lsa.
737 5754 890 5802 xxix,
917 5739 966 5794 4.

466 5805 515 5838 ⁸⁸
549 5806 668 5862 Gal.
697 5822 770 5874 vr,
804 5810 888 5864 M.

1623 5739 1667 5769 5°
1703 5738 1817 5791 Act.
1859 5753 1967 5798 xvi,
2004 5737 2088 5790 18.

1629 5809 1673 5838 ⁸⁵⁵
1701 5807 1838 5863 ινδιιι.
1878 5823 2010 5872 xxn,
2032 5807 2120 5859 3‘2.

2141 4605 2231 4661 illo
2257 4607 2349 4677 qui
2380 4617 2504 4662 tunc
2550 4614 2688 4673 erat,
2725 4606 2940 4677 populo,
2981 4607 3076 4662 sed
3120 4608 3187 4663 de
3227 4608 3327 4663 hoc
3369 4609 3463 4678 qui
3498 4609 3712 4663 futurus

2139 4705 2277 4766 erat,
2302 4697 2406 4752 ista
2433 4697 2709 4752 dicuntur.
2737 4697 2829 4751 Ait
2863 4697 3006 4750 enim
3044 4712 3060 4752 :
3094 4716 3112 4749 ι
3143 4698 3281 4753 Ecce
3310 4699 3534 4768 populus
3573 4699 3716 4754 sicut

2140 4789 2354 4844 catulus
2388 4788 2561 4844 leonis
2589 4797 2862 4858 exsurget,
2887 4796 2940 4842 et
2981 4789 3125 4844 sicut
3162 4789 3245 4846 leo
3270 4791 3560 4846 exsultabit
3585 4791 3653 4845 ⁸⁵.
3689 4811 3708 4844 ι

2142 4879 2595 4936 Exsurrecturum
2632 4879 2765 4934 dicit
2811 4879 3066 4949 populum
3122 4881 3308 4951 utique
3355 4883 3444 4950 qui
3502 4882 3715 4939 futurus

2140 4981 2285 5028 erat.
2325 4969 2461 5025 Nam
2493 4968 2538 5024 si
2568 4971 2634 5025 de
2664 4984 2728 5025 eo
2749 4971 2955 5025 diceret
2989 4987 3146 5041 quem
3202 4972 3441 5037 videbat,
3495 4973 3717 5028 dixisset

2142 5063 2258 5117 sine
2288 5060 2473 5129 dubio,
2487 5061 2622 5116 Ecce
2649 5060 2874 5132 populus
2906 5062 3047 5117 sicut
3075 5062 3286 5117 catulus
3320 5064 3492 5119 leonis
3519 5081 3718 5120 exsur-

2146 5152 2305 5206 rexit.
2334 5151 2440 5207 Sed
2465 5147 2785 5208 certum'est
2817 5153 2944 5223 quia
2979 5152 3047 5209 de
3081 5152 3172 5207 illo
3212 5154 3404 5223 pepulo
3451 5156 3619 5221 dicat,
3651 5156 3719 5209 de

2147 5259 2255 5315 quo
2278 5244 2331 5300 in
2351 5243 2578 5301 Psalmis
2608 5245 2867 5316 scriptum
2898 5253 3016 5300 est:
3045 5243 3150 5300 «Et
3175 5247 3568 5302 annuntiabunt
3592 5249 3716 5302 cmli

2143 5340 2412 5410 justitiam
2439 5341 2557 5412 ejus
2590 5341 2786 5412 populo
2822 5342 2917 5412 qui
2959 5351 3234 5410 nascetur,
3273 5357 3432 5412 quem
3460 5343 3584 5399 fecit
3616 5346 3718 5399 Do-

2150 5435 2332 5490 minus
2351 5431 2418 5487 “.
2457 5450 2477 5487 ι
2514 5434 2607 5488 Est
2635 5449 2764 5504 ergo
2781 5434 3013 5504 populus
3032 5434 3118 5489 hic
3146 5435 3356 5491 catulus
3383 5435 3572 5503 leonis,
3590 5436 3716 5490 dum

2147 5527 2322 5580 adhuc
2350 5534 2602 5592 tanquam
2634 5540 2804 5594 nuper
2825 5525 2990 5595 geniti
3030 5525 3288 5592 infantes,
3320 5526 3638 5581 rationabile
3662 5534 3714 5582 et

2149 5617 2266 5670 sine
2312 5615 2432 5669 dolo
2483 5615 2568 5690 lac
2620 5617 2843 5687 cupiunt
2895 5617 2962 5671 ⁸⁷.
3017 5617 3126 5673 Leo
3183 5629 3362 5673 autent
3417 5617 3716 5684 exsultans,

2155 5714 2170 5730 ”
2211 5737 2250 5766 πί
2282 5736 2410 5790 ibid.
2440 5736 2524 5802 l7,
2565 5737 2650 5791 ts.
2751 5739 2793 5769 η
2833 5737 2990 5794 Νιιιιι.
3017 5752 3174 5806 mn,
3203 5738 3292 5794 25.
3395 5737 3440 5769 ⁸³
3463 5737 3592 5794 ibid.
3623 5738 3715 5795 8N-

2196 5807 2238 5836 "
2280 5807 2293 5862 Ι
2329 5805 2470 5862 Pctr.
2508 5823 2565 5872 ll,
2598 5808 2650 5861 “2.
