4134 6432
431 399 520 456 701

1521 403 1588 458 IN
1617 402 1952 458 uesanos
1994 375 2284 458 unauna
2328 401 2486 458 χιιι.

3590 419 3688 474 ’109

425 533 556 573 cum
617 517 697 570 vir
742 515 1045 586 perfectus,
1099 532 1217 588 qute
1260 519 1471 588 parvuli
1520 531 1679 574 erant
1727 521 1992 590 deposuit.
2029 522 2075 578 Α
2106 517 2193 570 hic
2215 531 2345 586 ergo
2375 518 2595 587 sanguis
2627 521 2715 586 qui
2765 522 3075 580 nominatur
3121 542 3258 590 evre,
3289 529 3432 585 illius
3469 547 3583 586 uvae
3608 551 3688 592 est

497 607 548 664 9.
601 623 622 657 ι
678 605 793 660 Non
860 607 1094 662 donuiet
1145 607 1318 663 donec
1366 612 1618 665 comedat
1657 613 1914 680 praedam,
1953 620 2006 666 et

432 701 744 768 sanguinem
788 701 1188 756 vulneratorum
1243 703 1392 758 bibat
1428 703 1497 758 ⁸⁸.
1537 725 1556 756 ι
1594 703 1650 758 In
1694 705 1776 758 bis
1829 705 2007 760 verbis

429 791 553 860 quis
590 790 660 843 ita
692 791 797 846 erit
833 792 1110 849 historica:
1154 797 1483 850 narrationis
1514 799 1885 852 contentiosus
1919 814 2008 852 as-

428 891 625 949 sertor,
659 882 770 938 imo
796 885 918 953 quis
952 885 1023 940 ita
1050 887 1243 942 brutus
1284 886 1398 959 (70)
1445 888 1736 952 invenitur,
1772 890 1859 958 qui
1901 905 2004 944 non

429 977 754 1032 horrescens
781 993 971 1034 sonum
999 979 1216 1048 litterae,
1251 983 1315 1037 ad
1348 983 1618 1053 allegoriae
1661 983 2004 1038 dulcedinem

428 1068 539 1138 ipsa
572 1072 899 1126 neocssitate
933 1069 1250 1143 confugiat?
1279 1074 1558 1141 Quomodo
1603 1075 1748 1128 enim
1785 1075 1884 1129 iste
1913 1090 2007 1143 po-

425 1164 582 1230 pulus
618 1176 724 1218 tam
758 1165 1060 1232 laudabilis,
1095 1177 1202 1222 tam
1230 1168 1565 1238 magniﬁcus,
1606 1169 1673 1221 de
1718 1183 1824 1237 quo
1857 1176 2001 1220 tanta

424 1253 696 1316 [Irreconia
727 1267 910 1308 sermo
944 1253 1036 1308 Dei
1078 1265 1381 1322 emnnerat,
1445 1257 1498 1310 in
1552 1256 1654 1310 hoc
1711 1255 1908 1320 veniet,
1951 1264 2008 1308 ut

421 1348 738 1417 sanguinein
771 1347 1176 1405 vulneratorum
1232 1348 1426 1404 bibat?
1478 1350 1614 1406 Cum
1671 1360 1778 1404 tam
1813 1349 2006 1405 validis

426 1441 709 1508 praeceptis
764 1441 921 1496 cibus
978 1441 1259 1510 sanguinis
1316 1441 1672 1496 iuterdicatur
1719 1457 1748 1495 a
1789 1442 1916 1504 Deo,
1949 1449 2006 1496 ut

429 1530 595 1585 etiam
623 1548 720 1587 nos
755 1533 845 1603 qui
877 1548 940 1588 ex
978 1534 1232 1602 gentibus
1261 1535 1435 1590 vocati
1474 1551 1660 1590 sumus
1703 1535 1768 1600 ⁸³,
1810 1549 2002 1588 ncces-

425 1626 572 1678 sario
596 1624 884 1692 jubeamur
912 1627 1210 1690 abstinere,
1245 1627 1384 1682 sicut
1439 1629 1504 1681 iis
1550 1643 1669 1697 quite
1719 1627 1876 1681 idolis
1905 1629 2003 1681 im-

425 1720 712 1780 molantur,
765 1717 840 1770 ita
889 1726 942 1772 et
995 1733 1024 1770 a
1078 1718 1362 1787 sanguine.
1402 1717 1592 1773 Dicant
1637 1733 1767 1789 ergo
1823 1717 1999 1784 nobis,

422 1807 541 1875 quis
569 1819 651 1863 est
676 1809 778 1863 iste
810 1809 1059 1878 populus,
1100 1810 1192 1878 qui
1237 1811 1290 1863 in
1327 1826 1426 1864 usu
1481 1811 1640 1865 habet
1681 1813 1997 1881 sanguinem

2112 626 2232 679 qua:
2286 611 2532 666 nascitur
2568 631 2629 667 ex
2676 615 2762 668 illa
2807 617 2935 682 vite,
2981 620 3047 675 de
3081 637 3184 690 qua
3220 621 3469 679 Salvator
3513 627 3688 684 dicit:

2118 723 2135 755 ι
2177 705 2289 773 Ego
2325 719 2442 758 sum
2475 705 2598 760 vitis
2630 722 2778 772 vera,
2829 727 2848 760 ι
2888 709 3136 780 discipuli
3175 729 3301 768 vero
3351 737 3369 766 ι
3422 717 3687 786 palmites.

2111 793 2272 848 Pater
2301 803 2478 848 autem
2513 797 2746 866 agricola
2783 809 2866 853 est
2897 802 2964 865 “,
3022 820 3040 853 ι
3092 803 3184 871 qui
3227 817 3419 874 purgat
3476 823 3591 874 eos,
3631 819 3690 863 ut

2111 879 2343 934 fructum
2377 881 2664 948 plurimum
2703 881 2947 943 aderant.
2974 887 3052 942 Tn
3084 905 3215 960 ergo
3241 907 3298 947 es
3325 909 3483 950 verus
3515 911 3685 966 popu-

2110 971 2193 1025 lus
2210 971 2394 1036 Israel,
2418 974 2508 1042 qui
2530 977 2636 1030 scis
2653 980 2972 1044 sanguinem
2997 979 3201 1046 bibere,
3228 993 3281 1037 et
3308 987 3442 1039 nosti
3470 1002 3687 1043 carnem

2112 1061 2278 1116 Verbi
2304 1062 2395 1117 Dei
2419 1067 2718 1133 comedere,
2732 1069 3122 1138 ctlsanguinem
3144 1073 3349 1140 bibere,
3368 1087 3421 1129 et
3439 1092 3554 1130 uva:
3572 1093 3687 1132 san-

2109 1151 2324 1220 guinem
2353 1152 2494 1206 illius
2526 1169 2642 1223 qua:
2663 1167 2834 1212 estex
2863 1174 2989 1213 vera
3022 1160 3126 1216 vite
3153 1172 3208 1216 et
3241 1163 3344 1218 illis
3379 1165 3688 1234 palmitibus

2108 1259 2244 1310 quos
2256 1248 2632 1318 Paterpurgat,
2648 1249 2884 1304 haurire.
2899 1252 3136 1319 Quorum
3157 1254 3437 1325 palmitum
3458 1260 3686 1325 fructus,

2109 1334 2509 1390 vulneratorum
2527 1339 2746 1408 sanguis
2774 1343 2968 1397 merito
2999 1344 3216 1411 dicitur,
3240 1363 3398 1416 quem
3421 1364 3486 1402 ex
3511 1353 3687 1406 verbis

2106 1440 2292 1482 eorum
2317 1440 2370 1485 et
2395 1431 2638 1484 doctrina
2677 1429 2937 1501 bibimus,
2965 1436 3009 1490 si
3037 1447 3214 1494 tamen
3252 1441 3423 1497 simus
3443 1451 3499 1496 ut
3524 1444 3689 1498 catuli

2109 1517 2278 1572 leonis
2294 1531 2670 1591 exsurgentes,
2688 1532 2741 1575 et
2765 1535 2821 1576 ut
2846 1523 2930 1580 leo
2946 1529 3300 1586 exsultantes.
3323 1530 3447 1588 Ha'c
3469 1534 3684 1589 interim

2107 1611 2178 1665 de
2203 1616 2440 1666 secunda
2483 1613 2692 1668 visione
2722 1616 2938 1670 Balaam
2963 1619 3107 1674 dicta
3137 1620 3422 1678 suiliciant.
3457 1627 3688 1681 Oremus

2108 1710 2292 1755 autem
2317 1703 2600 1757 Dominum
2645 1715 2706 1759 ut
2733 1706 2888 1761 nobis
2918 1709 3079 1762 etiam
3111 1711 3178 1764 ad
3209 1720 3426 1778 caetera,
3470 1729 3590 1782 quae
3619 1717 3688 1769 ab

2105 1812 2170 1850 eo
2202 1798 2519 1867 prophetale
2547 1810 2694 1865 sunt,
2728 1800 3085 1871 intelligenda
3129 1804 3418 1860 lucidiores
3444 1822 3688 1877 quosque

423 1873 626 1949 bibere.
666 1873 976 1951 "rec-erant
1002 1873 1204 1966 quae-et
1243 1898 1292 1951 in
1327 1897 1620 1968 Evangelio
1653 1873 1930 1953 audientes
1962 1898 1994 1952 ii
2035 1873 2075 1927 Β
2104 1899 2158 1942 ει
2191 1889 2407 1942 verita“
2436 1891 2714 1958 proximos
2740 1907 2939 1948 sensus
2979 1894 3194 1963 aperire
3223 1895 3492 1965 dignetur,
3538 1908 3597 1951 ut
3633 1901 3684 1952 in

423 1985 514 2054 qui
545 2000 609 2039 cx
653 1983 852 2040 Judzeis
884 1985 1166 2040 Dominum
1214 1989 1596 2056 sequebantur,
1649 1987 1996 2042 scandalizati

426 2088 572 2142 sunt,
606 2089 654 2132 et
681 2079 932 2133 dixerunt
964 2079 1133 2145 :Quis
1165 2089 1340 2148 potest
1385 2080 1713 2133 manducare
1753 2095 1997 2145 carnem,

423 2178 475 2222 ct
505 2171 821 2238 sanguinem
852 2170 1073 2224 bibere?
1107 2169 1211 2224 Sed
1241 2169 1471 2240 pepulus
1501 2170 1870 2236 Christianus,
1896 2185 1965 2240 po
1985 2200 1997 2210 -

419 2262 574 2329 pulus
609 2261 779 2316 ﬁdelis
811 2261 1117 2326 audithtec,
1153 2270 1208 2317 et
1254 2262 1618 2330 amplectitur,
1663 2272 1717 2318 et
1755 2263 2000 2332 sequitur

418 2368 541 2407 eum
564 2354 655 2422 qui
682 2353 850 2408 dicit:
886 2373 903 2405 ι
935 2353 1048 2408 Nisi
1075 2353 1532 2408 manducaveritis
1557 2368 1777 2408 carnem
1797 2369 1994 2417 meam,

419 2451 472 2495 et
509 2442 757 2496 biberitis
785 2443 1106 2511 sanguinem
1134 2457 1336 2510 meum,
1367 2459 1472 2497 nou
1507 2443 1775 2498 habebitis
1829 2443 1994 2496 vitam

419 2533 469 2586 in
493 2534 644 2588 vobis
680 2534 852 2604 ipsis;
916 2535 1042 2603 quia
1083 2549 1212 2590 caro
1263 2551 1381 2589 mea
1419 2550 1548 2589 vere
1604 2535 1758 2590 cibus
1811 2544 1912 2599 est,
1945 2545 2000 2588 et

415 2629 635 2698 sanguis
671 2643 820 2682 meus
845 2642 972 2683 vere
1021 2637 1102 2682 est
1152 2641 1312 2696 potus
1345 2628 1412 2681 ⁸⁸.
1477 2648 1495 2681 ι
1549 2628 1614 2682 Et
1671 2628 1855 2696 utique
1902 2629 1992 2698 qui

391 2705 529 2774 "haec
555 2719 769 2775 dicebat
805 2719 1122 2775 vulneratus
1151 2729 1234 2774 est
1267 2736 1368 2790 pro
1391 2721 1701 2797 hominibus
1730 2722 1864 2792 (71),
1883 2721 1996 2792 ipse

412 2813 556 2866 enim
595 2831 614 2864 ι
649 2813 965 2869 vulneratus
1023 2815 1114 2868 est”
1157 2829 1253 2884 pro
1308 2815 1550 2882 peccatis
1612 2815 1812 2870 nostris
1862 2815 1928 2878 οι,
1972 2833 1990 2865 ι

413 2905 555 2960 sicut
585 2905 748 2961 Isaias
775 2906 927 2960 dicit.
963 2904 1155 2960 Bibere
1183 2913 1362 2959 autem
1403 2905 1637 2960 dicimur
1675 2908 1994 2973 sanguinem

420 2998 644 3062 Christi,
678 3013 782 3052 non
812 2996 984 3051 solum
1006 3004 1476 3050 sacramentorum
1518 2995 1650 3059 ritu,
1673 2995 1765 3049 sed
1792 3004 1846 3048 ct
1872 3010 1994 3047 cum

414 3104 692 3144 sermones
713 3089 828 3156 ejus
853 3087 1169 3155 recipimus,
1212 3086 1265 3138 in
1317 3085 1514 3154 quibus
1564 3086 1670 3138 vita
1721 3085 1991 3148 consistit,

414 3177 554 3231 sicut
583 3185 636 3230 et
661 3176 775 3245 ipse
810 3175 942 3229 dicit
975 3191 989 3227 :
1023 3191 1040 3224 ι
1079 3171 1254 3226 Verba
1292 3187 1417 3241 qua:
1462 3172 1675 3227 locutus
1704 3187 1850 3239 sum,
1884 3172 1994 3240 spi-

417 3268 552 3324 ritus
575 3277 630 3323 et
659 3267 770 3321 vita
803 3275 886 3321 est
910 3265 977 3318 ".
1015 3283 1034 3317 ι
1064 3264 1161 3319 Est
1187 3279 1317 3333 ergo
1337 3263 1451 3333 ipse
1477 3262 1812 3330 vulneratus,
1838 3265 1994 3335 cujus

417 3377 515 3417 nos
542 3361 861 3432 sanguinem
891 3360 1148 3425 bibimus,
1177 3359 1232 3413 id
1263 3367 1366 3423 est,
1400 3358 1661 3413 doctrina:
1687 3358 1802 3423 ejus
1824 3363 1994 3414 verba

415 3453 758 3522 suscipimus.
794 3451 902 3506 Sed
939 3460 995 3506 et
1035 3450 1108 3504 illi
1144 3449 1493 3505 nihilominus
1536 3448 1808 3503 vulnerati
1865 3459 1996 3506 sunt

413 3546 504 3612 qui
539 3542 694 3597 nobis
715 3541 938 3596 verbum
969 3539 1086 3608 ejus
1114 3539 1504 3610 praedicarunt.
1544 3538 1788 3608 IpSnrum
1819 3539 1991 3604 enim,

417 3637 466 3689 id
498 3644 606 3696 cst,
630 3631 995 3701 apostolorum
1029 3630 1150 3702 ejus
1183 3630 1348 3686 verba
1371 3645 1493 3685 cum
1524 3629 1782 3699 legimus,
1817 3638 1874 3685 et
1917 3632 1996 3685 vi-

419 3741 526 3782 tam
553 3743 619 3782 cx
655 3725 737 3781 eis
772 3723 1180 3793 consequimur,
1217 3722 1621 3777 vulneratorum
1673 3722 1995 3792 sanguinem

419 3821 669 3874 bibimus.
714 3837 734 3872 ι
781 3814 896 3872 Non
929 3831 1094 3885 ergo,
1150 3814 1328 3884 inquit
1381 3813 1446 3880 ³³,
1505 3814 1778 3880 dormiet,
1822 3815 1998 3870 donec

416 3912 664 3967 comedat
692 3909 951 3980 praedam.
989 3927 1006 3962 ι
1056 3906 1162 3964 Iste
1212 3907 1357 3962 enim
1410 3907 1639 3978 populus
1690 3907 1781 3974 qui
1813 3907 1996 3962 catulo

413 4004 611 4068 leonis,
650 4001 736 4058 vel
785 4001 927 4057 leoni
976 4008 1358 4069 comparatur,
1416 4013 1521 4051 non
1559 3997 1828 4065 quiescet,
1894 4012 1998 4053 nec

413 4096 648 4151 dormiet
685 4096 856 4150 donec
889 4091 1064 4164 rapiat
1115 4089 1371 4160 praedam,
1400 4089 1452 4142 id
1483 4096 1586 4154 est,
1617 4089 1790 4143 donec
1821 4089 1996 4158 rapiat

420 4200 639 4254 regnum
667 4183 967 4247 cmlorum;
997 4181 1123 4253 quia
1165 4198 1184 4232 tt
1230 4195 1258 4233 a
1297 4178 1490 4232 diebus
1519 4175 1745 4234 Joannis
1769 4193 1996 4248 regnum

416 4276 679 4334 ctL-lorum
707 4278 811 4328 vim
845 4274 1064 4345 patitur,
1095 4281 1149 4327 et
1187 4270 1296 4326 vim
1337 4269 1598 4326 facientes
1646 4269 1910 4339 diripiunt
1936 4270 1997 4324 il-

2105 1979 2310 2048 Spiritu
2340 1990 2530 2035 sancto
2562 1980 2674 2054 (72)
2705 1983 3115 2040 considerantes
3155 2001 3272 2056 qua:
3305 2003 3402 2055 per
3426 1988 3686 2057 spiritum

2103 2072 2304 2139 scripta
2331 2081 2480 2134 sunt,
2509 2081 2565 2127 et
2595 2073 2930 2140 Splt‘ilttIlbttS
2970 2077 3236 2146 spiritalia
3277 2093 3684 2147 comparantes,

2102 2163 2259 2232 digne
2296 2164 2400 2217 Deo
2439 2173 2493 2216 et
2544 2173 2734 2218 sancto
2782 2165 2988 2235 Spiritu
3014 2207 3030 2232 ,
3069 2168 3158 2237 qui
3207 2173 3320 2223 haec
3379 2169 3684 2238 inspiravit,

2101 2266 2218 2321 quae
2241 2255 2445 2321 scripta
2479 2263 2603 2308 sunt
2631 2255 2987 2325 explicemus,
3016 2259 3070 2313 in
3105 2260 3328 2316 Christo
3349 2261 3472 2318 Jesu
3499 2263 3683 2318 Domi-

2101 2363 2170 2402 no
2203 2357 2406 2410 nostro,
2439 2347 2522 2402 cui
2551 2358 2640 2402 est
2665 2349 2840 2419 gloria
2873 2359 2928 2406 et
2958 2352 3247 2423 imperium
3269 2355 3321 2410 in
3359 2356 3554 2412 saecula
3581 2371 3684 2411 sa:-

2101 2439 2365 2493 culorum.
2393 2439 2583 2494 Amen.

2655 2530 2938 2588 IIOMILIA
2977 2535 3137 2590 XVII.

2457 2622 2534 2678 De
2568 2624 2806 2694 ejusdem
2832 2627 2987 2679 tertia
3023 2627 3325 2697 prophetia.

2171 2719 2224 2774 I.
2257 2716 2496 2771 Tertiam
2547 2731 2689 2772 nunc
2733 2719 3076 2788 prophetiam
3119 2734 3183 2775 ex
3230 2721 3296 2774 iis
3326 2736 3447 2790 qua!
3505 2737 3688 2778 sermo

2101 2809 2193 2864 Dei
2230 2825 2324 2878 per
2355 2808 2576 2864 Balaam
2617 2809 2862 2880 protulit,
2902 2810 3167 2866 habemus
3214 2811 3266 2864 in
3325 2813 3577 2867 manibus
3632 2824 3688 2867 ut

2097 2901 2262 2955 etiam
2315 2901 2382 2956 de
2434 2903 2549 2971 ipsa
2609 2901 2807 2972 (prout
2866 2903 3129 2957 Dominus
3194 2902 3441 2974 dederit)
3503 2905 3684 2974 aliqua

2099 2993 2451 3047 disseramus.
2506 2990 2720 3047 Etenim
2775 2992 2963 3046 infelix
3043 2994 3147 3048 iste
3214 2993 3415 3048 Balach
3491 3005 3686 3063 putans

2097 3083 2240 3150 quod
2297 3081 2517 3135 Balaam
2576 3082 2761 3136 divino
2819 3083 2886 3136 ad
2939 3082 3369 3138 maledicendum
3421 3085 3528 3140 Ioci
3590 3101 3688 3156 op-

2099 3172 2402 3242 portuuitas
2464 3169 2634 3240 magis
2690 3170 2922 3227 defuerit
2983 3187 3150 3242 quam
3219 3174 3505 3241 voluntas,
3577 3178 3687 3232 uti-

2099 3267 2202 3321 lius
2229 3279 2350 3319 csse
2377 3272 2526 3318 ratus
2551 3264 2596 3318 si
2627 3272 2865 3318 mutaret
2885 3263 3060 3318 locum
3093 3283 3108 3320 :
3138 3284 3156 3317 ι
3200 3264 3360 3332 Veni,
3401 3267 3576 3338 inquit
3617 3271 3687 3333 "’,.

2099 3362 2152 3408 et
2190 3354 2416 3409 educam
2458 3363 2510 3408 te
2549 3353 2602 3408 in
2627 3353 2800 3409 locum
2827 3355 3075 3423 alium,si
3095 3355 3270 3426 placet
3292 3357 3421 3423 Deo,
3447 3360 3690 3414 etmalc-

2097 3445 2248 3500 dices
2279 3460 2403 3498 eum
2434 3445 2583 3510 inde,
2614 3455 2668 3500 et
2711 3448 3007 3516 assumpsit
3035 3449 3232 3504 Balach
3261 3451 3434 3521 ipsum
3459 3449 3686 3506 Balaam

2096 3535 2258 3608 335
2306 3538 2359 3592 in
2393 3537 2658 3593 verticem
2701 3540 2900 3594 montis
2943 3539 3140 3610 Fogor,
3175 3541 3269 3611 qui
3297 3543 3468 3598 tendit
3508 3543 3561 3598 in
3589 3545 3694 3599 ἀρ·-

2095 3638 2324 3686 sertum.
2355 3647 2375 3681 ι
2421 3629 2529 3684 Eos
2551 3630 2775 3698 quidem
2805 3646 2941 3700 quos
2985 3633 3130 3688 Deus
3159 3641 3335 3698 vocat,
3369 3633 3598 3705 imponit
3630 3636 3692 3690 in

2097 3722 2363 3777 verticem
2401 3723 2602 3778 montis
2649 3723 2779 3778 Sina
2814 3739 2828 3777 :
2859 3724 2948 3777 hic
2985 3734 3168 3780 autem
3199 3724 3425 3792 Balach,
3455 3726 3546 3798 qui
3577 3728 3694 3783 Deo

2092 3817 2399 3870 contrarius
2427 3823 2544 3878 est,
2575 3814 2806 3883 imponit
2835 3812 3050 3868 Balaam
3091 3813 3146 3868 in
3193 3815 3454 3870 verticem
3481 3818 3695 3871 montis.

2097 3907 2293 3977 Fogor.
2343 3905 2519 3976 Fogor
2567 3913 2750 3960 autem
2790 3905 3182 3975 interpretatur
3227 3905 3505 3961 delectatio
3545 3907 3686 3978 (75).

2094 3999 2156 4054 In
2190 3997 2450 4053 verticem
2502 4013 2632 4067 ergo
2680 3997 3058 4053 delectationis
3093 4006 3148 4052 et
3187 3998 3426 4055 libidinis
3453 4000 3686 4071 imponit

2095 4091 2350 4146 homines
2394 4091 2497 4145 iste
2539 4089 2755 4146 Balach.
2804 4090 3032 4145 Amator
3075 4091 3221 4146 enim
3265 4101 3351 4147 est
3391 4093 3690 4164 voluptatis

2094 4183 2268 4254 magis
2302 4199 2465 4252 quam
2509 4181 2642 4248 Dei,
2684 4191 2742 4238 et
2787 4182 2992 4263 ideirco
3019 4183 3250 4253 imponit
3291 4199 3386 4239 eos
3427 4184 3482 4238 in
3529 4201 3693 4239 sum-

2097 4274 2340 4329 mitatem
2376 4282 2433 4328 et
2477 4275 2738 4330 verticem
2775 4275 3090 4346 voluptatis,
3122 4285 3183 4329 ut
3223 4277 3472 4331 excludat
3517 4293 3613 4334 eos
3651 4295 3689 4334 ιι

417 4367 508 4422 Ind
540 4368 606 4420 ⁸⁸.
655 4386 674 4420 ι
717 4365 787 4420 Ut
833 4374 1014 4420 autem
1077 4362 1386 4418 evidentius
1447 4375 1742 4431 cognoscas
1793 4362 1906 4417 haec
1931 4362 1999 4417 de
2095 4367 2228 4421 Deo.
2291 4365 2587 4419 Excludem
2644 4366 2788 4422 enim
2851 4375 2907 4422 et
2971 4368 3240 4422 deuoratt'o
3293 4367 3690 4437 interpretatur

418 4470 606 4516 nostro
629 4459 845 4530 populo,
879 4458 972 4529 qui
1004 4459 1056 4512 in
1094 4455 1455 4512 sacramentis
1484 4454 1688 4508 Christi
1717 4453 1996 4510 confmde—
2097 4455 2296 4513 Balach
2325 4455 2460 4529 (74).
2501 4457 2624 4511 Ideo
2656 4457 2895 4526 denique
2925 4458 3060 4513 etin
3095 4473 3341 4514 eremum
3376 4457 3548 4513 tendit
3578 4458 3688 4514 Fo-

419 4563 571 4610 ratus
599 4562 703 4618 est,
735 4553 920 4616 scribi,
953 4550 1078 4606 audi
1107 4550 1379 4621 quomodo
1423 4556 1480 4603 et
1519 4548 1573 4602 in
1618 4546 1739 4602 aliis
1778 4547 1992 4619 Moyses
2024 4565 2068 4621 ι)
2097 4562 2214 4618 gor,
2250 4549 2303 4603 id
2352 4557 2453 4614 est,
2488 4549 2554 4603 ad
2596 4564 2656 4604 ea
2713 4564 2834 4618 qua:
2873 4549 2926 4604 in
2979 4565 3164 4606 eremo
3195 4558 3345 4614 sunt,
3383 4558 3439 4605 et
3471 4549 3685 4604 deserta

417 4647 613 4700 similia
656 4646 967 4709 pronuntiat
1018 4643 1204 4698 dicens
1249 4657 1264 4697 :
1318 4658 1338 4693 ι
1385 4639 1646 4711 Butyrum
1686 4640 1893 4707 boum,
1939 4651 1996 4695 et

417 4741 500 4795 lae
533 4743 738 4804 ovium,
767 4753 890 4794 cum
931 4738 1092 4808 adipe
1138 4751 1426 4807 agnorum,
1468 4745 1525 4790 et
1555 4735 1810 4801 arietum,
1859 4734 1997 4791 tilio-

420 4848 540 4886 rum
573 4842 854 4887 taurorum
901 4841 954 4885 et
1007 4830 1307 4894 hircorum,
1367 4843 1490 4882 cum
1551 4827 1708 4898 adipe
1761 4826 1996 4892 renium,

418 4923 693 4990 frumenti,
727 4932 781 4978 et
803 4920 1118 4992 sanguinem
1166 4934 1284 4974 uvae
1315 4919 1504 4973 bibent
1548 4919 1732 4972 vinum
1761 4917 1828 4972 ³⁵.
1872 4934 1890 4970 ι
1932 4917 1999 4972 Et

487 5102 532 5133 ⁸⁸
553 5099 716 5156 Νιιιη.
753 5116 911 5164 χχιιι,
939 5098 1032 5153 24.
1131 5097 1176 5130 ⁸³
1207 5097 1326 5154 Act.
1360 5111 1448 5150 xv.
1524 5094 1571 5126 ⁹⁰
1601 5092 1754 5164 Joan.
1787 5109 1860 5156 vi,
1894 5092 1984 5148 54.

417 5174 462 5206 ’⁸
489 5171 680 5228 Matth.
714 5187 791 5239 χι,
834 5171 921 5225 t2.
997 5169 1044 5200 ”
1071 5167 1230 5224 Deut.
1259 5182 1432 5233 χχχιι,
1466 5165 1552 5221 Η.

489 5336 600 5411 (70)
644 5334 732 5392 Ita
772 5334 979 5412 brutus.
1035 5333 1129 5412 Sic
1170 5333 1380 5412 habent
1433 5346 1563 5412 mss.
1623 5330 1796 5412 Alias,
1843 5345 1865 5382 ι
1907 5330 1989 5385 sic

423 5401 706 5477 abruptus.
739 5424 766 5477 »ν
785 5403 938 5477 Intra
963 5406 1136 5459 codex
1165 5401 1530 5469 Corbeiensis,
1569 5418 1589 5453 ι
1627 5409 1773 5456 tanta
1793 5415 1986 5470 praeco-

422 5481 511 5533 nia
537 5476 716 5533 sermo
741 5476 1073 5532 dinumerat.
1112 5491 1131 5523 ι

491 5547 605 5618 (71)
642 5547 794 5611 Mss,
840 5562 859 5595 ι
909 5543 1235 5599 hominibus.
1281 5559 1298 5592 ι
1340 5539 1496 5596 Libb.
1556 5542 1708 5604 editi,
1761 5559 1781 5594 ι
1820 5541 1997 5595 omni-

420 5617 606 5758 ὺυῗῆέ)
632 5688 690 5743 In
727 5701 858 5741 mss.
914 5681 1227 5740 Corbeiensi
1279 5689 1333 5736 et
1371 5679 1684 5737 Belvaccnsi
1730 5682 1999 5736 omittitur

428 5778 444 5810 ι
475 5770 826 5901 δὸἒῗῖοέιοτ
852 5833 1028 5881 autem
1074 5825 1448 5891 interpretatur
1465 5834 1820 5876 nunerum.
1839 5821 1997 5879 Unde

2078 5096 2120 5127 ⁹¹
2152 5094 2254 5151 Isa.
2283 5113 2396 5159 Lm,
2448 5098 2503 5152 5.

1645 5164 1692 5196 ⁹⁶
1721 5163 1880 5219 Joan.
1916 5180 2006 5230 xv,
2033 5165 2087 5232 l,
2119 5165 2228 5221 ὅθι
2259 5167 2313 5223 8.

2105 4641 2212 4695 Deo
2250 4643 2491 4712 negotia.
2539 4660 2557 4694 ι
2589 4641 2657 4696 Et
2698 4642 2836 4696 dixit
2875 4641 3100 4698 Balaam
3141 4642 3208 4696 ad
3258 4641 3454 4696 Balach
3493 4659 3508 4696 :
3545 4642 3688 4698 Con-

2103 4741 2255 4787 strue
2286 4734 2418 4788 mihi
2445 4734 2534 4790 hic
2563 4744 2772 4804 septem
2801 4748 2954 4801 aras,
2990 4743 3045 4789 et
3080 4733 3167 4789 [ac
3197 4735 3330 4790 mihi
3363 4735 3452 4790 hic
3479 4742 3688 4804 septem

2106 4827 2327 4893 vitulos,
2377 4837 2435 4882 et
2485 4840 2690 4899 septem
2731 4829 2934 4885 arietes
2972 4846 2986 4882 :
3022 4837 3075 4884 et
3123 4828 3257 4884 fecit
3301 4827 3500 4884 Balacli
3546 4828 3690 4882 sicut

2107 4919 2249 4974 dixit
2273 4922 2322 4976 ei
2349 4921 2594 4989 Balaam,
2624 4932 2679 4978 et
2729 4922 2928 4977 obtulit
2953 4921 3202 4988 vitulum,
3258 4931 3313 4978 et
3345 4921 3571 4978 arietem
3598 4935 3694 4975 su-

2590 5100 2636 5132 "
2661 5096 2818 5153 Joan.
2852 5115 2927 5166 Vl,
2954 5097 3046 5153 64.

3121 5099 3168 5134 ⁸³
3192 5098 3350 5156 Num.
3395 5116 3556 5168 χχιιι,
3592 5100 3690 5156 24.

2391 5168 2436 5201 ⁸⁷
2464 5167 2623 5226 Num.
2650 5185 2808 5238 χχιιι,
2832 5170 2923 5238 27,
2942 5169 3032 5226 28.

2098 5331 2278 5403 Fogor
2315 5336 2702 5406 interpretetur
2735 5337 3058 5403 delectatio,
3100 5338 3275 5393 fateor
3331 5351 3417 5391 me
3449 5336 3685 5393 nescire.

2103 5415 2268 5471 own
2293 5409 2440 5462 enim
2465 5408 2708 5464 radicem
2733 5409 2934 5463 habere
2977 5406 3192 5463 videtur
3226 5415 3344 5472 11m
3377 5423 3398 5458 ι
3449 5407 3688 5473 aperuit,

2107 5474 2390 5543 distendit,
2435 5497 2454 5530 ι
2492 5479 2634 5548 quod
2688 5479 2890 5534 nullam
2933 5478 3100 5532 habet
3144 5493 3269 5531 cum
3326 5475 3691 5533 deleCtatione

2111 5545 2454 5602 all'initatcm.

2177 5639 2291 5709 (74)
2349 5640 2665 5694 Εχυιυυεκδ
2701 5639 2842 5692 enim
2886 5647 2932 5690 et
2973 5647 3282 5689 pavonum
3313 5634 3689 5709 interpretatur

2107 5707 2328 5778 Balaclt.
2384 5720 2475 5776 Vel
2510 5737 2537 5775 a
2588 5709 2719 5804 p53,
2759 5741 2777 5773 ‹
2823 5719 3124 5774 exinanivit
3172 5736 3190 5770 ι
3221 5717 3302 5774 vel
3339 5733 3367 5774 a
3398 5707 3507 5786 νὴ
3545 5738 3564 5771 ι
3594 5722 3688 5774 ab-

2108 5808 2331 5878 sorpsit,
2367 5806 2673 5871 devoravit,
2705 5822 2725 5856 ι
2761 5814 2866 5859 etc.
