4134 6406
1871 285 2040 297 ηψυ

460 357 563 412 705

1951 355 2272 413 ORIGENIS

3646 367 3750 424 701

458 491 554 545 per
600 491 750 530 aram
777 477 844 532 9°.
872 495 890 528 ι
953 477 1155 547 Apcrta
1210 475 1431 545 quidem
1483 475 1730 546 Apostoli
1785 477 2056 531 sententia
2089 480 2132 534 Α
2165 475 2504 528 contrariam
2542 485 2865 545 potestatem
2911 479 3146 537 victimis
3197 480 3310 538 suis
3361 483 3616 540 assistere
3655 503 3752 542 au-

457 577 541 620 est
568 569 799 622 diecntis
825 571 870 604 θ’
907 586 921 622 :
963 589 980 621 ι
1007 569 1136 634 Quze
1169 569 1315 622 enim
1347 567 1668 623 sacriﬁcant
1698 579 1910 635 gentes,
1940 568 2050 621 da:-

460 659 686 718 moniis,
739 668 792 713 et
823 676 928 714 non
967 659 1075 713 Deo
1124 659 1460 723 sacrificant.
1492 678 1509 710 ›
1555 657 1662 714 Sed
1701 669 1754 712 et
1788 658 2048 728 propheta

455 750 705 806 siu'iiliter
737 752 866 806 dicit
893 753 910 783 ¹
943 771 955 805 :
990 772 1006 802 ι
1040 753 1502 807 Sacriﬁcavernnt
1527 753 1828 817 drenmuiis,
1856 762 1908 806 et
1941 768 2046 805 nou

459 843 634 896 Deo.)
694 843 900 898 Tamen
955 853 1214 913 quoniam
1255 857 1308 900 et
1355 847 1437 900 lex
1492 847 1583 900 Dei
1642 848 1708 900 de
1763 846 2047 901 sacriﬁciis

455 937 722 1004 prmcipit,
771 948 825 992 et
873 939 1036 992 ritum
1087 938 1432 993 sacriﬁcandi
1481 941 1647 995 tradit
1681 941 1804 995 ﬁliis
1856 941 2042 1008 Israel,

454 1028 764 1091 requiratur
793 1028 1069 1094 fortassis,
1116 1047 1215 1085 cur
1246 1032 1358 1085 haec
1390 1049 1512 1086 cum
1556 1034 1836 1087 dauuouiis
1867 1034 2044 1088 dicata

454 1120 764 1184 videantur,
803 1122 966 1175 etiam
1002 1122 1108 1176 Deo
1132 1121 1425 1190 jnbeautnr
1457 1124 1664 1181 offerri.
1706 1127 1772 1181 Et
1798 1128 1904 1182 erit
1932 1128 2046 1197 qui-

453 1212 574 1264 dem
633 1213 862 1281 simplex
904 1227 958 1270 et
996 1227 1102 1270 crta
1153 1219 1452 1288 responsio,
1489 1230 1546 1273 ut
1585 1224 2040 1290 quemadmodum

455 1303 507 1354 in
542 1303 664 1356 aliis
705 1307 1064 1373 ostendimus,
1095 1311 1236 1376 quod
1267 1309 1506 1364 libellum
1543 1311 1751 1379 repudii
1784 1315 1899 1367 dari
1934 1329 2040 1368 non

451 1394 546 1450 Dei
587 1396 886 1453 voluntatis
936 1400 1051 1466 fuit,
1116 1403 1207 1472 qui
1260 1405 1402 1471 quod
1458 1406 1820 1474 ceujnuxerat
1868 1408 2043 1462 noluit

451 1491 720 1558 separari,
757 1493 852 1546 sed
885 1493 1093 1564 Moyses
1125 1495 1237 1549 haec
1269 1498 1488 1566 proprie
1523 1501 1588 1551 ad
1624 1499 1880 1554 duritiam
1919 1516 2042 1556 cor-

450 1581 535 1636 dis
567 1581 876 1637 Juda'orum
910 1588 1134 1654 scripsit
1173 1607 1184 1642 :
1232 1590 1302 1642 ita
1341 1591 1506 1644 etiam
1539 1601 1594 1645 et
1629 1594 1692 1646 de
1735 1595 1837 1648 hoc
1869 1596 2038 1652 videri

450 1676 642 1742 possit,
697 1678 821 1744 quia
860 1678 1022 1744 Deus,
1076 1680 1218 1734 sicut
1255 1696 1351 1750 per
1393 1682 1557 1737 alium
1589 1683 1919 1754 Prophetam
1953 1689 2036 1743 di-

449 1765 524 1819 cit
549 1769 592 1830 ”,
632 1781 734 1819 nou
776 1770 1068 1824 manducat
1119 1787 1318 1827 carnes
1354 1783 1652 1841 taurorum,
1685 1793 1784 1833 nec
1820 1780 2038 1850 sangui-

2157 559 2395 625 dentem,
2457 562 2708 618 exclusos
2759 579 2881 621 esse
2937 583 3128 624 omnes
3179 569 3396 627 malitia'
3446 573 3746 642 ministros,

2155 653 2354 718 quibus
2388 655 2468 708 uti
2503 658 2569 710 ad
2605 657 3037 714 maledicendum
3087 662 3320 730 solebat,
3366 665 3542 734 potuit
3565 680 3632 720 ex
3665 666 3750 722 his

2154 745 2518 811 intellexisse,
2550 749 2678 818 quia
2717 751 2916 806 bonum
2945 763 3088 808 esset
3118 755 3170 808 in
3205 765 3497 824 conspectu
3532 756 3747 813 Domini

2152 836 2482 892 benedicere
2521 839 2708 896 Israel.
2751 842 2865 912 Ego
2899 854 3083 899 tamen
3119 846 3290 916 magis
3324 847 3452 902 illud
3481 847 3744 922 intelligo,

2149 931 2292 999 quod
2351 933 2585 1001 populus
2623 935 2733 1002 ille,
2777 936 2870 1006 qui
2907 953 3051 992 nunc
3090 953 3263 994 vanus
3309 950 3413 1006 est,
3448 951 3505 996 et
3543 942 3617 997 illi
3650 944 3747 999 do-

2151 1031 2350 1086 ctores,
2382 1024 2476 1090 qui
2511 1024 2728 1079 Christo
2762 1041 2868 1082 non
2905 1029 3192 1084 credentes
3222 1030 3274 1084 in
3309 1032 3550 1088 vanitate
3579 1050 3748 1106 popu-

2148 1112 2258 1168 lum
2289 1115 2560 1179 detinent,
2612 1117 2908 1188 aliquando
2942 1121 3111 1176 visuri
3143 1131 3287 1190 sunt,
3330 1123 3381 1178 id
3412 1133 3517 1191 est,
3556 1127 3608 1180 in
3646 1143 3746 1183 no-

2147 1205 2388 1262 vissimis
2443 1208 2656 1275 diebus,
2709 1225 2831 1266 cum
2868 1211 3150 1282 plenitudo
3177 1216 3418 1285 gentium
3447 1217 3741 1287 introierit,

2146 1305 2199 1350 et
2237 1298 2415 1352 omnis
2470 1296 2632 1354 Israel
2685 1301 2878 1357 venire
2907 1304 3143 1371 ceperit
3191 1304 3258 1358 ad
3308 1306 3469 1361 ﬁdem
3513 1307 3740 1376 Christi,

2145 1387 2243 1452 illi,
2286 1389 2534 1458 inquam,
2575 1392 2667 1460 qui
2699 1407 2846 1448 nunc
2886 1394 3075 1450 oculos
3104 1396 3368 1452 habentes
3399 1414 3504 1452 non
3537 1400 3741 1467 vident,

2147 1487 2276 1534 tiutc
2308 1480 2593 1536 videbunt.
2620 1482 2924 1540 Elevabunt
2948 1487 3092 1542 enim
3120 1488 3306 1544 oculos
3335 1505 3464 1547 suos
3489 1493 3556 1546 ad
3589 1492 3742 1548 altio-

2147 1585 2234 1625 res
2266 1580 2322 1625 et
2369 1573 2644 1641 spiritales
2675 1591 2895 1640 sensus,
2931 1587 2984 1632 et
3023 1579 3306 1647 videbunt,
3338 1590 3392 1636 et
3443 1582 3744 1654 intelligent

2141 1663 2269 1732 quia
2321 1665 2517 1718 bouum
2568 1677 2652 1722 est
2699 1667 2752 1723 in
2799 1680 3101 1739 conspectu
3145 1672 3358 1728 Domini
3414 1674 3740 1731 benedicere

2142 1755 2440 1824 Spiritalem
2477 1759 2666 1814 Israel.
2718 1760 2991 1816 Videbunt
3038 1764 3183 1819 enim
3241 1780 3364 1820 eum
3410 1767 3739 1838 dispositum

450 1870 571 1909 nem
620 1855 894 1912 hircorum
951 1871 1122 1930 potat.
1191 1863 1254 1916 Et
1310 1865 1439 1919 item
1490 1876 1547 1920 ut
1593 1869 1719 1923 alibi
1773 1845 2035 1942 scriptum
2072 1845 2112 1899 Β
2147 1862 2242 1915 per
2277 1849 2471 1942 "ibus?
2511 1862 2564 1906 ⁸⁸
2598 1867 2696 1922 Per
2725 1853 2944 1922 domos'
2973 1863 3026 1910 et
3056 1871 3152 1926 per
3173 1856 3428 1924 familias’
3458 1869 3513 1914 et
3541 1877 3743 1915 um'm"

446 1948 596 2011 est’,
653 1951 776 2018 quia
841 1969 990 2008 «tum
1046 1958 1297 2011 mandavi
1352 1960 1444 2014 tibi
1478 1961 1541 2016 de
1590 1966 1900 2032 sacriﬁciis,
1955 1968 2036 2023 vel

447 2041 702 2106 victimis,
746 2045 914 2100 indie
960 2064 1065 2117 qua
1120 2050 1280 2104 eduxi
1339 2061 1390 2105 te
1437 2055 1502 2108 de
1551 2065 1692 2112 terra
1741 2059 1983 2132 Egypti.
2013 2083 2032 2117 ι

448 2129 555 2186 Sed
586 2132 799 2205 Moyses
828 2137 941 2191 bmc
971 2139 1037 2192 ad
1063 2140 1319 2196 duritiam
1351 2145 1530 2200 cordis
1552 2162 1739 2203 eorum
1776 2129 2040 2220 pro—com-

448 2225 742 2279 suetudine
777 2229 1011 2294 pessima
1064 2245 1170 2316 qua
1209 2233 1398 2288 imbuti
1447 2235 1665 2293 fuerant
1694 2241 1744 2295 in
1776 2241 2034 2316 Egyplo,

445 2316 833 2374 mandaviteis
889 2339 902 2374 :
938 2331 998 2376 ut
1027 2309 1116 2392 qui
1153 2325 1430 2383 abstinere
1479 2344 1538 2384 se
1578 2347 1684 2386 non
1716 2309 1938 2402 possent
1968 2343 2036 2394 ab

445 2408 801 2476 immolando,
837 2413 948 2468 Deo
978 2417 1192 2482 saltem,
1225 2429 1278 2473 et
1325 2436 1431 2476 non
1465 2423 1747 2482 dtemoniis
1789 2429 2035 2488 immola-

446 2509 588 2555 rent.
635 2501 938 2557 Videndum
975 2515 1156 2560 tamen
1199 2519 1303 2574 est,
1359 2529 1428 2568 ne
1467 2513 1605 2571 forte
1639 2519 1714 2573 sit
1765 2531 1819 2576 et
1851 2523 2030 2592 aliqua

441 2591 788 2648 sacriﬁcandi
840 2595 952 2650 Deo
1000 2599 1266 2656 occultior
1332 2619 1397 2659 ac
1447 2610 1710 2665 secretior
1739 2615 1894 2668 ratio.
1945 2591 2035 2672 iNe

443 2683 604 2749 forte,
656 2688 900 2756 inquam,
953 2694 1223 2749 sacriﬁcia
1284 2711 1404 2766 qua:
1457 2701 1566 2756 Deo
1603 2703 1928 2772 offeruntur,
1962 2710 2029 2762 ad

441 2776 872 2835 destructionem
928 2784 1057 2839 ﬁant
1086 2800 1274 2841 eorum
1313 2791 1739 2860 sacriﬁciorum,
1775 2813 1897 2866 quae
1923 2799 2032 2854 the-

441 2870 695 2926 monibus
748 2873 1102 2932 immolantur
1145 2897 1159 2934 :
1201 2890 1257 2935 ut
1309 2885 1438 2952 quia
1477 2901 1574 2954 per
1609 2887 1698 2942 illa
1727 2888 2030 2947 vulneran-

440 2969 527 3013 tur
555 2963 771 3028 animai,
825 2982 924 3035 per
976 2969 1080 3024 ista
1125 2984 1428 3040 sanentur;
1484 2977 1626 3031 sicut
1671 2981 1790 3036 etii
1825 2985 2030 3040 conﬁr-

437 3065 610 3116 mant,
651 3057 742 3124 qui
797 3059 1082 3115 medicina:
1133 3065 1386 3132 peritiam
1431 3077 1649 3136 gerunt.
1696 3072 2022 3142 Serpentum

438 3160 672 3214 namque
720 3164 926 3206 venena
962 3155 1156 3224 depelli
1213 3159 1626 3219 medicamentis
1655 3166 2025 3229 'uihilomiuus

436 3239 704 3296 confectis
735 3259 800 3296 ex
834 3250 1202 3317 serpentibus,
1233 3254 1544 3321 perhibent.
1600 3257 1676 3312 Ita
1706 3275 1834 3332 ergo
1861 3275 1916 3320 et
1943 3282 2034 3321 sa-

434 3331 767 3387 criﬁeiorum
803 3336 1236 3396 daemouieorum
1273 3345 1427 3400 virus
1483 3364 1580 3416 per
1618 3331 1889 3411 sacriﬁcia
1922 3358 2031 3414 Deo

432 3423 612 3480 oblata
650 3428 953 3496 depellitur,
1007 3436 1147 3490 sicut
1177 3446 1232 3491 et
1281 3453 1426 3494 mors
1470 3440 1598 3497 Jesu
1631 3458 1860 3504 mortem
1911 3467 2033 3521 pec-

434 3515 540 3568 cati
578 3519 926 3575 credentibus
958 3538 1064 3578 non
1097 3526 1224 3582 sinit
1254 3529 1546 3588 dominari.
1586 3535 1647 3590 Et
1682 3515 2034 3608 quidem-do-

436 3620 538 3660 nec
572 3617 784 3678 tempus
815 3613 1144 3682 patiebatur,
1178 3619 1451 3675 sacriﬁcia
1476 3626 1765 3684 sacriﬁciis
1791 3647 2033 3703 oppone-

435 3697 679 3754 bantur:
734 3704 822 3758 ubi
875 3720 1008 3762 vero
1041 3708 1194 3762 venit
1229 3710 1477 3780 perfecta
1527 3714 1732 3784 hostia,
1767 3697 2029 3793 et-aguus

438 3785 835 3857 immaculalus,
894 3794 985 3863 qui
1042 3797 1209 3854 totius
1252 3802 1437 3855 mundi
1477 3805 1690 3864 tolleret
1720 3785 2024 3885 peecaium,

435 3881 716 3936 sacriﬁcia
742 3884 833 3939 illa
862 3900 984 3955 qua:
1005 3889 1322 3959 singillatim
1353 3893 1727 3956 offerebantur
1756 3905 1883 3970 Deo,
1910 3881 2024 3976 jam

434 3969 706 4040 superﬂua
745 3977 858 4030 visa
911 3987 1057 4042 sunt,
1095 3996 1216 4034 cum
1255 3998 1360 4037 uua
1395 3985 1572 4044 hostia
1603 3995 1785 4050 oumis
1826 3969 2028 4057 daemo-

434 4078 562 4117 num
593 4066 804 4121 cullura
839 4068 1063 4137 depulsa
1112 4073 1208 4127 sit.
1265 4073 1467 4132 Verum
1501 4078 1722 4138 Balaam
1759 4087 1883 4155 iste,
1912 4091 2028 4149 sive

431 4157 728 4211 secundum
759 4161 944 4216 cordis
972 4164 1053 4218 sui
1095 4168 1433 4237 propositum
1463 4176 1604 4242 quod
1633 4193 1737 4233 non
1767 4185 2026 4238 emenda-

433 4257 606 4315 vcrat,
667 4251 782 4307 sive
831 4257 1132 4312 secundum
1167 4259 1319 4315 illam
1367 4261 1616 4336 ﬁguram,
1654 4286 1760 4341 qua
1786 4275 2024 4334 diximus

431 4356 554 4395 eum
612 4351 801 4400 tenere
837 4362 1128 4416 personam
1174 4351 1482 4421 doctorum,
1528 4374 1591 4415 ae
1617 4359 2020 4424 Pharismorum

433 4433 610 4502 plebis
665 4437 981 4507 incredulae,
1031 4443 1300 4500 instaurat
1330 4448 1506 4506 adhuc
1539 4453 1770 4524 hostias,
1800 4472 1855 4514 et
1881 4477 2023 4531 pra:-

2144 1951 2419 2007 quemque
2449 1941 2501 1993 in
2535 1957 2632 1995 suo
2661 1944 2858 1998 ordine
2891 1948 3316 2003 resurrectionis
3356 1948 3586 2019 gloriam
3615 1954 3740 2006 ade-

2144 2039 2389 2097 pturum,
2429 2042 2484 2086 et
2522 2043 2798 2104 assumpta
2837 2036 3101 2105 parabola
3154 2054 3250 2094 sua
3288 2040 3588 2112 intelligent
3619 2059 3740 2112 quae

2144 2121 2197 2175 in
2235 2123 2512 2191 parabolis
2560 2127 2765 2195 scripta
2797 2137 2926 2182 sunt
2960 2145 2976 2183 :
3007 2145 3129 2198 qua:
3161 2147 3304 2187 nunc
3335 2144 3558 2204 propter
3585 2136 3737 2192 vela-

2142 2230 2262 2269 men
2289 2219 2435 2284 quod
2463 2219 2703 2288 positum
2734 2226 2820 2272 est
2850 2234 3016 2290 super
3043 2237 3141 2278 cor
3174 2239 3388 2291 eorum,
3441 2241 3622 2296 neque
3651 2229 3735 2283 vi-

2140 2309 2288 2375 dent,
2329 2324 2506 2379 neque
2555 2311 2884 2384 intelligunt.
2937 2314 3205 2386 Denique,
3240 2333 3259 2368 ι
3305 2331 3411 2371 non
3443 2318 3621 2384 abiit,
3653 2322 3736 2376 itt-

2136 2401 2295 2470 quit,
2337 2418 2404 2458 ex
2442 2418 2593 2458 more
2623 2404 2676 2458 in
2715 2421 3004 2461 occursum
3036 2408 3321 2478 auspiciis.
3365 2428 3384 2462 ›
3428 2410 3544 2466 Non
3585 2414 3732 2468 enim

2137 2509 2291 2550 more
2319 2494 2422 2549 sibi
2455 2494 2638 2563 solito,
2676 2497 2857 2554 stultis
2886 2506 2940 2553 et
2969 2498 3227 2556 inanimis
3275 2503 3525 2559 sensibus
3558 2506 3733 2576 rapie-

2137 2593 2242 2650 tur,
2277 2585 2605 2643 animalibus
2632 2589 2795 2645 mutis
2827 2599 2882 2646 et
2912 2592 3218 2660 pecudibus
3245 2593 3341 2649 Dei
3379 2597 3732 2653 considerans

2137 2677 2501 2744 voluntatem,
2550 2682 2694 2737 sicut
2739 2683 2799 2749 ii,
2835 2684 2929 2754 qui
2977 2701 3043 2740 ex
3083 2685 3202 2740 istis
3243 2687 3456 2743 talibus-
3485 2690 3727 2759 auspicia

2134 2769 2401 2841 colligunt
2435 2790 2451 2828 ι
2488 2776 2880 2846 sedagnoscet
2925 2777 3093 2831 etiam
3130 2777 3266 2846 ipse,
3297 2779 3422 2848 quia
3455 2797 3630 2852 neque
3663 2783 3732 2838 de

2134 2862 2307 2917 bobus
2365 2879 2496 2919 cura
2551 2876 2635 2922 est
2673 2868 2808 2934 Deo,
2865 2869 3120 2924 similiter
3168 2887 3366 2942 neque-
3397 2874 3464 2928 de
3514 2874 3729 2944 ovibus,

2133 2969 2310 3024 neque
2361 2956 2428 3010 de
2457 2957 2672 3024 avibus,
2725 2959 2961 3029 aliisque
3005 2961 3360 3026 animalibus,
3393 2965 3487 3020 sed
3521 2965 3564 3020 si
3613 2981 3720 3036 qua

2143 3046 2212 3100 de
2267 3047 2350 3102 bis
2417 3050 2622 3120 scripta
2673 3060 2823 3120 sunt,
2883 3064 3107 3124 propter
3163 3055 3414 3112 homines
3466 3058 3727 3129 intelliget

2139 3149 2370 3210 πτερω.

2209 3255 2261 3309 5.
2297 3255 2403 3310 Sed
2435 3256 2714 3312 videamus
2736 3257 2848 3327 jam
2877 3275 3001 3331 qum
3031 3261 3139 3318 sint
3171 3278 3292 3334 quae
3323 3265 3376 3319 in
3407 3269 3565 3321 tertla
3595 3283 3726 3336 pro-

2135 3349 2322 3418 phetia
2373 3352 2735 3420 proloquatur
2785 3352 3026 3409 Balaam.
3091 3376 3109 3408 ι
3143 3357 3310 3422 Dixit,
3344 3360 3586 3429 inquit“,
3620 3363 3724 3416 Ba-

2137 3441 2276 3494 laam
2310 3441 2453 3497 ﬁlius
2485 3442 2644 3509 Beor,
2675 3444 2841 3499 homo
2879 3461 3008 3502 vere
3053 3448 3262 3512 videns,
3289 3449 3446 3518 dixit,
3495 3453 3726 3508 audiens

2134 3532 2304 3586 verba
2340 3531 2520 3598 fortis,
2575 3535 2668 3602 qui
2704 3535 2880 3590 visum
2920 3535 3015 3591 Dei
3051 3538 3182 3594 vidit
3219 3541 3270 3595 iu
3305 3545 3530 3609 somnis,
3566 3560 3726 3598 reve-

2133 3622 2227 3677 lati
2261 3623 2405 3678 oculi
2435 3623 2578 3693 ejus.
2607 3644 2626 3677 ι
2673 3624 2868 3680 Mirum
2903 3627 3156 3697 profecto
3187 3641 3270 3687 est
3298 3633 3464 3706 336
3493 3650 3724 3702 quomo-

2133 3713 2202 3768 do
2236 3723 2404 3769 tautze
2437 3715 2611 3771 laudis
2655 3717 2856 3787 dignus
2900 3719 3174 3777 habeatur
3209 3723 3455 3795 Balaam,
3487 3727 3580 3796 qui
3627 3743 3721 3783 aco

2132 3818 2288 3877 cepta
2329 3810 2585 3879 parabola
2623 3827 2743 3879 sua,
2776 3814 2893 3871 haec
2920 3815 2987 3870 de
3039 3821 3333 3890 semetipso
3378 3825 3720 3890 pronuntiat.

2131 3897 2416 3965 Quomodo
2461 3901 2606 3956 enim
2661 3904 2826 3960 homo
2855 3922 3004 3967 ,vere
3032 3910 3221 3966 videns
3249 3911 3468 3966 Balaam
3504 3915 3594 3980 sit,
3625 3915 3720 3984 qui

2131 3989 2738 4065 divinationi,au-guriis
2768 4010 2992 4066 operam
3022 4000 3254 4069 dederit,
3286 4003 3374 4072 qui
3402 4004 3565 4059 etiam
3607 4021 3723 4060 ma-

2131 4085 2267 4154 gica:
2291 4087 2584 4154 studuerit,
2643 4089 2786 4146 sicut
2815 4105 2989 4158 supra
3032 4095 3396 4161 ostendimus,
3433 4097 3592 4153 valde
3619 4099 3722 4153 mi-

2130 4192 2247 4231 rum
2285 4186 2392 4243 est,
2437 4180 2540 4234 nisi
2572 4179 2714 4236 forte
2745 4197 2847 4252 pre
2879 4197 2966 4248 eo,
3009 4185 3154 4254 quod
3183 4203 3348 4257 supra
3378 4188 3579 4243 dictum
3611 4201 3720 4257 est,

2128 4266 2257 4330 quia
2287 4268 2512 4338 spiritus
2547 4270 2640 4325 Dei
2671 4270 2848 4329 factus
2877 4274 3040 4330 fuerit
3071 4275 3125 4330 iu
3163 4276 3299 4346 ipso,
3333 4287 3389 4332 et
3427 4281 3553 4347 quia
3595 4296 3720 4336 vcr-

2126 4358 2255 4413 bum
2287 4359 2381 4415 Dei
2411 4362 2649 4432 positum
2686 4365 2757 4420 sit
2789 4366 2838 4420 in
2867 4380 2964 4420 ore
2991 4365 3127 4435 ejus,
3176 4368 3292 4423 haec
3324 4370 3390 4423 de
3424 4385 3489 4425 eo
3521 4383 3718 4440 puten-

2129 4454 2218 4500 tur
2269 4457 2376 4501 tam
2456 4467 2649 4522 magna
2704 4455 3013 4524 conscripta
3071 4470 3193 4510 esse
3242 4461 3539 4526 praeconia.
3607 4464 3719 4522 Nec

431 4527 615 4594 parari
646 4531 920 4586 sacriﬁcia
964 4533 1142 4603 jubet.
1202 4538 1256 4594 ln
1303 4542 1389 4599 his
1438 4548 1585 4601 enim
1623 4563 1838 4604 omnem
1871 4569 2020 4623 spem

2137 4538 2340 4610 Moyses
2393 4543 2563 4610 enim,
2623 4561 2723 4602 nec
2778 4546 2920 4602 alius
2969 4548 3090 4616 quis
3124 4551 3513 4618 prophetarmn
3559 4556 3718 4613 facile

431 4631 628 4686 gerunt
659 4622 715 4687 ii,
751 4639 989 4692 quorum
1022 4643 1119 4685 cor
1151 4647 1256 4687 non
1294 4637 1485 4707 recipit
1527 4641 1686 4694 fidem
1717 4622 1946 4703 Christi.

502 4712 557 4767 ‘2.
595 4713 703 4768 Sed
737 4716 866 4784 quid
905 4720 1190 4788 sequitur?
1236 4742 1257 4776 ι
1291 4727 1356 4783 Et
1378 4730 1588 4797 videns,
1619 4734 1795 4803 inquit
1831 4737 1871 4806 ⁸,
1915 4739 2019 4795 Ba-

430 4804 598 4870 laam,
653 4809 779 4878 quia
817 4810 1014 4866 bouum
1046 4826 1128 4871 est
1159 4819 1212 4872 in
1247 4832 1545 4890 conspectu
1590 4823 1800 4882 Domini
1851 4833 2020 4887 bene-

429 4894 617 4953 dicere
651 4897 836 4968 lsrael,
871 4918 976 4958 non
998 4905 1217 4963 abiitex
1249 4925 1401 4966 more
1429 4912 1481 4965 iu
1514 4928 1804 4972 occursum
1835 4924 2020 4992 auspi-

429 4989 554 5052 ciis,
592 4991 687 5045 sed
736 4995 1009 5052 convertit
1059 4997 1252 5054 faciem
1293 5017 1448 5056 suam
1500 5003 1552 5057 iu
1603 5005 1876 5067 desertum
1911 4989 2019 5071 :‘et

432 5081 652 5138 elevans
702 5083 919 5141 Balaam
966 5091 1152 5146 oculos
1182 5107 1310 5148 suos
1364 5094 1604 5151 intuetur
1648 5100 1812 5158 Israel
1840 5117 2018 5165 castra

429 5175 783 5231 constituisse
834 5193 931 5248 per
989 5181 1187 5249 tribus,
1239 5195 1294 5239 et
1344 5184 1521 5244 factus
1564 5201 1648 5247 est
1696 5209 1860 5265 super
1893 5215 2019 5256 cum

429 5267 658 5336 spiritus
713 5269 829 5335 Dei,
878 5281 935 5327 et
971 5284 1248 5343 assumpta
1289 5281 1544 5347 parabola
1579 5299 1700 5354 sua,
1730 5289 1824 5343 ait.
1850 5309 1868 5343 ι
1915 5291 2020 5348 Re-

430 5357 679 5424 quiratur
727 5358 961 5418 fortasse
1005 5363 1152 5421 unde
1183 5367 1316 5422 vidit
1350 5370 1588 5438 Balaam,
1641 5378 1770 5448 quia
1816 5382 2016 5437 bonum

430 5459 512 5502 est
543 5450 596 5503 iu
628 5461 924 5522 conspectu
960 5453 1170 5512 Domini
1201 5459 1523 5524 benedicere
1555 5470 1740 5537 Israel,
1780 5483 1836 5527 et
1865 5484 2023 5540 puta-

434 5540 579 5594 bitur
614 5558 681 5598 ex
735 5545 1024 5603 sacriﬁciis
1076 5550 1416 5613 intellexisse
1466 5575 1589 5630 qua:
1618 5563 2017 5620 immolaverat.

439 5630 536 5688 Ubi
590 5636 734 5689 enim
770 5638 902 5694 vidit
951 5642 1154 5699 nullum
1187 5648 1382 5705 adesse
1411 5652 1762 5722 daemonium,
1813 5657 2015 5712 nullam

506 5748 550 5777 ³⁸
572 5744 729 5830 Niitn.
764 5765 918 5830 iam,
940 5754 1147 5830 29,39.
1224 5763 1270 5794 θθ
1297 5764 1310 5818 l
1337 5764 1464 5824 Cor.
1491 5784 1548 5830 κ,
1573 5769 1662 5822 ‘20.

440 5833 587 5886 xxiv,
617 5817 663 5884 ι,
687 5817 742 5885 “3,
767 5819 819 5874 5.
897 5825 914 5856 ⁵
945 5817 1072 5879 ibid.
1098 5827 1153 5893 5,
1181 5830 1231 5886 4.
1298 5817 1548 5893 θηλέιῖίῆ
1575 5817 1744 5894 etv”.

1749 5773 1761 5800 ¹
1809 5770 1961 5828 Deut.
2009 5789 2182 5841 xxxii,
2229 5772 2311 5827 l'i.

2134 4633 2447 4690 invenietur
2501 4639 2668 4694 tantis
2720 4640 2968 4696 laudibus
3017 4641 3286 4698 elevatus.
3349 4644 3504 4702 Unde
3541 4651 3715 4721 magis

2130 4724 2262 4780 mihi
2298 4728 2512 4783 videtur
2541 4732 2656 4786 haec
2687 4731 2763 4786 illi
2797 4735 3000 4803 populo
3031 4739 3324 4794 convenire
3351 4754 3417 4795 eo
3447 4749 3713 4810 tempore,

2127 4831 2234 4885 quo
2257 4819 2370 4886 jam
2403 4836 2704 4878 conversus
2732 4825 2797 4880 ad
2825 4825 3142 4895 Dominum,
3173 4830 3422 4898 deposuit
3446 4832 3710 4900 velamen,

2128 4911 2271 4979 quod
2303 4922 2424 4967 erat
2471 4928 2636 4983 super
2667 4930 2764 4970 cor
2810 4934 2992 4974 suum.
3053 4919 3318 4976 Dominus
3350 4923 3572 4992 spiritus
3605 4937 3711 4984 est.

2128 5003 2342 5061 Idcirco
2373 5007 2610 5075 denique
2639 5007 2796 5074 dicit,
2853 5029 2872 5062 ‹
2901 5013 3122 5068 revelati
3158 5015 3300 5070 oculi
3339 5018 3478 5087 ejus,
3503 5036 3521 5069 ι
3559 5019 3713 5089 quasi

2126 5098 2217 5168 qui
2272 5115 2416 5154 nunc
2463 5116 2633 5169 usque
2675 5102 2845 5158 clausi
2880 5104 3113 5173 fuerint,
3143 5115 3199 5163 et
3250 5125 3393 5165 nunc
3428 5126 3524 5180 per
3556 5113 3715 5183 spiri-

2128 5199 2238 5245 tum
2271 5190 2383 5256 Dei,
2413 5193 2504 5262 qui
2536 5209 2700 5264 super
2730 5211 2852 5249 eum
2888 5196 3066 5254 factus
3095 5207 3200 5266 est,
3233 5200 3415 5257 ablato
3448 5203 3714 5259 velamine

2129 5284 2469 5340 revelentur.
2514 5284 2670 5340 Nunc
2720 5303 2852 5358 ergo
2905 5299 2990 5344 est
3034 5293 3251 5359 quando
3282 5307 3408 5349 vere
3453 5295 3620 5361 videt,
3657 5313 3713 5353 et

2127 5391 2257 5434 vere
2294 5377 2448 5432 audit
2473 5379 2640 5433 verba
2677 5378 2853 5444 fortis,
2887 5390 2942 5434 et
2970 5382 3144 5437 visum
3181 5385 3276 5441 Dei
3305 5386 3447 5441 videt
3479 5388 3531 5442 in
3565 5403 3713 5443 som-

2123 5473 2208 5527 nis
2263 5491 2278 5528 :
2334 5473 2384 5528 id
2434 5481 2536 5538 est,
2586 5487 2650 5527 ea
2697 5489 2817 5544 quae
2866 5477 2920 5531 in
2951 5477 3157 5536 somnis
3195 5479 3401 5534 Danieli
3433 5484 3711 5552 prophetae

2127 5576 2370 5636 tempora
2429 5566 2710 5635 designata
2765 5571 2957 5637 sunt“,
3010 5571 3218 5627 videbit
3250 5573 3465 5643 impleta
3504 5593 3518 5630 :
3553 5578 3712 5631 etvi-

2125 5659 2307 5713 siones
2362 5658 2504 5725 illas,
2557 5675 2677 5728 qua:
2733 5661 2786 5716 iu
2819 5663 3031 5718 somnis
3062 5664 3125 5718 ad
3159 5663 3311 5719 illum
3343 5665 3533 5722 delata:
3559 5680 3709 5736 sunt,

2390 5775 2408 5806 ³
2435 5772 2576 5830 Psal.
2610 5791 2755 5845 μιν,
2785 5777 2868 5833 l3.

2952 5778 2970 5809 ³
2994 5776 3197 5834 Jcrem.
3226 5793 3320 5848 vn,
3343 5780 3398 5837 ξ’..
3502 5783 3520 5814 ⁸
3544 5781 3704 5838 Num.
