4134 6434
421 380 524 434 7υό

1504 378 1568 431 IN
1611 375 1948 432 NUMEROS
1990 374 2275 432 IIOMILIA
2326 379 2490 436 XVII.

3581 401 3688 456 706

425 499 627 555 videbit
663 517 677 553 ε
709 499 809 554 hoc
857 509 941 554 est
987 498 1272 567 intelliget,
1308 509 1365 554 et
1399 510 1658 569 agnoscet
1688 499 1864 553 oculis
1915 514 1998 552 rc-
2031 502 2074 557 Α
2106 497 2242 552 laam
2273 515 2370 568 pro
2419 515 2484 554 eo
2519 501 2661 571 quod
2697 504 2923 560 revelati
2979 507 3195 564 fuerant
3253 511 3392 566 oculi
3433 514 3569 583 ejus,
3606 515 3692 569 di-

424 591 638 645 velatis.
701 588 972 644 Eﬂieietur
1013 589 1156 645 enim
1198 591 1392 645 similis
1428 591 1518 654 iis,
1568 591 1659 658 qui
1699 589 1993 643 dicebant:

425 685 587 738 aNos
620 692 800 737 autem
829 697 1022 737 omnes
1070 683 1302 738 revelata
1353 682 1490 737 faeie
1517 683 1748 751 gloriam
1782 680 1996 735 Domini

422 773 770 843 speculamur
800 775 990 828 eadem
1028 773 1263 842 imagine
1289 772 1400 843 (75)
1430 771 1796 826 trans-formati
1829 788 1858 824 a
1886 770 1999 839 glo-

419 865 500 918 ria
534 865 584 918 in
618 864 871 934 gloriam,
908 874 1165 934 tanquam
1201 880 1230 915 a
1265 863 1478 919 Domini
1528 862 1720 932 spiritu
1747 862 1790 914 '.
1823 880 1842 914 ι
1890 859 1996 914 \‘e-

421 957 511 1010 lim
563 967 740 1012 tamen
780 957 1077 1027 requirere,
1132 957 1222 1026 qui
1254 966 1382 1012 sunt
1409 957 1498 1011 isti
1547 956 1690 1012 oculi
1729 955 1867 1025 ejus,
1907 955 1994 1023 qui

421 1050 642 1104 revela'ti
678 1051 936 1104 dicuntur
988 1067 1003 1105 :
1053 1064 1124 1105 ne
1158 1051 1297 1105 forte
1334 1049 1435 1118 ipsi
1489 1048 1619 1112 sint,
1671 1048 1761 1116 qui
1795 1048 1845 1099 in
1878 1046 1996 1101 aliis

420 1140 718 1211 Scriptura:
748 1142 899 1206 locis,
953 1153 1014 1196 ut
1059 1142 1110 1196 in
1135 1142 1458 1212 quibusdam
1487 1139 1887 1209 exemplaribus
1916 1138 1992 1193 le-

418 1235 615 1303 gimus,
651 1235 794 1290 oculi
834 1244 991 1289 terra:
1025 1233 1385 1304 appellantur,
1431 1243 1483 1286 et
1522 1231 1632 1297 ille,
1661 1246 1822 1301 quem
1857 1230 1996 1284 Pau-

419 1325 500 1377 lus
556 1340 778 1380 sensum
827 1325 1008 1380 carnis
1062 1325 1213 1387 dicit,
1268 1339 1391 1378 cum
1449 1324 1531 1377 ait
1576 1322 1640 1376 de
1691 1319 1992 1390 quodam“,

420 1417 688 1472 «Frustra
742 1416 957 1472 inﬂatus
993 1433 1022 1470 a
1075 1429 1238 1471 sensu
1287 1417 1466 1472 carnis
1515 1432 1693 1471 suae.»
1753 1417 1827 1467 De
1877 1413 1994 1467 istis

416 1509 582 1562 credo
615 1507 811 1573 oculis,
845 1508 1008 1563 etiam
1041 1524 1266 1580 serpens
1304 1507 1503 1562 dixerit
1538 1507 1603 1560 ad
1644 1505 1831 1569 Evam,
1867 1503 1992 1571 quia

418 1601 630 1654 sciebat
663 1601 923 1655 Dominus
978 1618 996 1652 ι
1019 1602 1162 1671 quod
1192 1603 1244 1656 in
1293 1613 1615 1670 quacunque
1649 1598 1735 1652 die
1765 1595 1994 1650 mandu-

413 1693 669 1747 caveritis
697 1707 764 1747 ex
793 1707 883 1757 eo,
920 1693 1232 1762 aperientur
1262 1691 1407 1748 oculi
1441 1691 1603 1747 vesu'i
1627 1691 1670 1746 ⁹.
1700 1709 1719 1742 ι
1764 1689 1830 1744 Et
1862 1704 1994 1759 pau-

413 1783 466 1837 lo
489 1793 608 1852 post
645 1783 689 1816 ¹⁰
726 1801 740 1837 :
776 1801 794 1835 ε
823 1783 890 1838 Ει
927 1785 1433 1844 manducaverunt.
1473 1783 1684 1851 inquit,
1721 1791 1776 1835 et
1815 1780 1988 1851 aperti

413 1885 541 1929 sunt
589 1875 731 1930 oculi
772 1890 1028 1930 eorum.)
1090 1875 1206 1930 Nisi
1256 1875 1399 1930 enim
1446 1884 1628 1930 essent
1675 1872 1990 1930 ditIerentize

410 1964 721 2031 Oculorum,
777 1974 833 2018 et
879 1963 968 2017 alii
1002 1973 1185 2019 essent
1231 1966 1322 2035 qui
1356 1980 1454 2034 per
1482 1965 1988 2035 pravaricatiouem

411 2055 750 2124 aperientur,
800 2063 854 2110 et
899 2054 990 2109 alii
1020 2056 1216 2125 quibus
1249 2057 1510 2112 videbant
1539 2056 1709 2110 Adam
1766 2065 1820 2111 et
1856 2057 1988 2121 Eva,

414 2156 707 2216 antequam
763 2148 847 2202 isti
887 2149 1250 2217 aperirentur,
1310 2164 1586 2219 nunquam
1618 2149 1801 2219 utique
1837 2147 1988 2204 Scri-

412 2246 567 2306 ptura
625 2239 871 2294 nondum
921 2240 1126 2310 apertis
1163 2241 1336 2297 oculis
1387 2256 1594 2305 eorum,
1644 2241 1748 2296 illis
1784 2243 1873 2311 qui
1920 2257 1987 2296 ex

405 2331 852 2400 przevaricatione
877 2333 1130 2402 patefacti
1161 2345 1307 2400 sunt,
1341 2335 1548 2390 diceret
1571 2335 1613 2366 “
1653 2352 1667 2388 :
1710 2353 1728 2386 ε
1757 2335 1824 2388 Ει
1853 2335 1990 2390 vidit

408 2419 608 2476 mulier
641 2423 766 2492 quia
805 2423 1006 2478 bonum
1041 2435 1124 2481 est
1175 2426 1382 2497 lignum
1429 2429 1496 2481 ad
1528 2428 1986 2492 manducamlum,

408 2521 466 2565 et
491 2521 710 2582 gratum
737 2514 912 2570 oculis
944 2517 1012 2570 ad
1040 2516 1352 2582 videndum,
1386 2524 1440 2572 et
1467 2520 1774 2585 speciosum
1806 2526 1888 2572 est
1917 2518 1985 2571 ad

404 2604 893 2674 considerandum,
947 2618 1002 2662 et
1037 2608 1319 2677 accipiens
1348 2609 1414 2662 de
1445 2608 1588 2679 ligno
1616 2609 1986 2672 manducavit,

403 2705 461 2749 et
499 2695 648 2750 dedit
699 2697 819 2752 viro
869 2713 968 2753 suo
1022 2713 1230 2765 secum,
1280 2708 1335 2755 et
1385 2701 1866 2761 manducavcrunt,
1931 2707 1988 2753 et

405 2785 582 2853 aperti
639 2797 766 2841 sunt
813 2788 953 2842 oculi
1008 2790 1368 2845 amborum.»
1433 2788 1714 2855 Quomodo
1748 2790 1892 2843 enim
1940 2789 1983 2842 si

403 2879 641 2932 nondum
668 2879 843 2948 aperti
873 2879 1087 2936 fuerant
1119 2881 1259 2936 oeuli
1287 2882 1595 2945 amborum,
1629 2882 1760 2936 vidit
1791 2881 1988 2936 mulier

403 2969 529 3039 quia
579 2970 782 3025 bonum
836 2981 983 3027 esset
1039 2972 1245 3042 lignum
1289 2973 1356 3027 ad
1415 2973 1875 3041 manducandum,
1932 2983 1988 3030 et

403 3070 620 3130 gratum
651 3061 824 3118 oculis
850 3063 917 3117 ad
950 3063 1288 3117 videndum?
1325 3063 1630 3132 quibusque
1657 3063 1824 3118 etiam
1853 3078 1987 3118 ocu-

406 3153 473 3208 lis
503 3153 807 3223 speciosum
839 3153 1041 3208 dicitur
1062 3152 1230 3209 fuisse
1256 3154 1321 3208 ad
1354 3154 1845 3209 considerandum?
1877 3155 1981 3209 Sed
2011 3191 2054 3248 ϐ

401 3261 504 3314 ego
537 3247 762 3302 audiens
808 3261 999 3302 vocem
1054 3246 1266 3302 Domini
1325 3247 1430 3300 mei
1477 3245 1602 3301 Jesu
1655 3247 1881 3310 Christi,
1931 3259 1986 3303 et

404 3337 661 3391 virtutem
692 3337 955 3393 bonitatis
985 3337 1101 3406 ejus
1135 3336 1465 3407 intelligens,
1497 3337 1569 3391 ita
1600 3338 1826 3393 adverto
1855 3338 1986 3394 illud

401 3429 547 3497 quod
575 3428 704 3485 dicit
729 3430 774 3460 "
807 3447 821 3484 :
858 3429 953 3484 «In
978 3428 1242 3498 judicium
1281 3443 1382 3500 ego
1413 3431 1532 3484 veni
1569 3431 1621 3484 in
1656 3431 1797 3486 hunc
1828 3446 1985 3486 mun-

401 3521 553 3586 dum,
609 3529 666 3574 ut
718 3536 824 3576 non
873 3521 1120 3576 videntes
1168 3522 1408 3587 videant,
1458 3531 1514 3577 et
1563 3521 1810 3577 videntes
1856 3522 1982 3577 ρωςί

402 3611 566 3678 fiant;
596 3630 616 3664 ι
649 3613 792 3682 quod
839 3613 890 3667 in
920 3612 1298 3684 peccatoribus
1329 3628 1434 3668 non
1479 3614 1664 3669 vident
1709 3613 1783 3667 illi
1815 3613 1978 3679 oculi,

400 3702 494 3770 qui
528 3700 783 3757 meliores
812 3711 976 3765 sunt;
1012 3699 1106 3756 sed
1135 3699 1197 3767 ii,
1231 3700 1322 3770 qui
1357 3715 1548 3756 sensus
1580 3699 1764 3755 carnis
1795 3697 1981 3768 appel-

399 3793 600 3857 lantur,
638 3805 691 3849 et
721 3795 812 3864 qui
843 3795 1080 3851 consilio
1126 3795 1400 3865 serpentis
1443 3794 1616 3864 aperti
1648 3801 1794 3848 sunt.
1834 3791 1980 3862 Opus

399 3901 535 3957 ergo
587 3887 936 3958 magnificum
967 3887 1267 3943 Salvatoris
1303 3889 1474 3942 nostri
1520 3886 1732 3941 Domini
1769 3896 1871 3952 est,
1921 3897 1980 3942 ut

399 3979 458 4046 ii,
491 3978 583 4048 qui
617 3994 724 4034 non
751 3978 937 4034 vident
973 3980 1288 4034 melioribus
1316 3978 1488 4034 oculis
1516 3993 1637 4047 quae
1661 3978 1800 4032 bona
1833 3986 1977 4043 sunt,

399 4071 493 4125 sed
529 4070 636 4126 illis
687 4071 779 4140 qui
830 4071 1060 4127 consilio
1112 4072 1384 4142 serpentis
1435 4069 1689 4141 patefacti
1729 4081 1875 4135 sunt,
1925 4078 1979 4124 et

397 4176 518 4230 quae
547 4163 687 4216 mala
743 4171 874 4218 sunt
904 4163 1207 4228 intuentur,
1241 4164 1370 4218 caeci
1427 4163 1559 4215 fiant
1594 4179 1608 4216 :
1638 4171 1693 4216 et
1720 4162 1814 4231 qui
1848 4161 1977 4216 caeci

398 4251 606 4307 fuerint
634 4253 740 4310 illis
787 4253 987 4319 oculis,
1046 4269 1182 4324 quos
1216 4255 1497 4324 persuasio
1537 4255 1804 4323 serpentis
1845 4267 1976 4322 ape-

398 4345 531 4410 ruit,
567 4345 789 4400 videant
835 4345 974 4400 bona
1024 4345 1235 4400 Domini
1285 4345 1370 4399 his
1415 4344 1606 4408 oculis,
1658 4357 1794 4412 quos
1822 4341 1978 4399 Jesus

398 4433 648 4489 Salvator
679 4444 867 4490 noster
895 4437 1044 4490 venit
1079 4435 1312 4504 aperire.
1354 4433 1466 4488 Nisi
1499 4434 1646 4488 enim
1677 4433 1825 4503 prius
1861 4449 1977 4488 ma-

2108 605 2234 645 cere
2263 593 2331 644 de
2366 593 2660 663 semetipso
2687 595 2755 658 ³⁸,
2816 613 2834 646 α
2856 597 3016 651 Ιιοιιιο
3051 615 3175 655 vere
3205 602 3428 669 videns;
3457 624 3475 655 ι
3527 616 3582 660 et
3609 609 3691 660 di-

2107 696 2256 746 cere,
2308 701 2325 733 c
2352 683 2488 738 dixit
2537 685 2762 739 audiens
2817 689 2978 742 verba
3017 691 3194 746 fortis.
3228 713 3246 745 ι
3315 695 3514 750 Eodem
3544 699 3687 752 enim

2106 773 2297 827 ordine
2327 790 2433 841 quo
2466 774 2556 829 alii
2587 775 2730 830 oculi
2758 777 3107 846 clauduntur,
3144 784 3305 836 etalii
3340 787 3688 852 aperiuntur,

2105 864 2268 917 etiam
2300 881 2459 922 aures
2498 868 2616 922 alia:
2645 869 2984 933 claudenda),
3031 883 3087 926 et
3116 875 3236 927 alia:
3268 878 3573 944 aperiendae
3603 880 3688 932 in-

2108 955 2452 1024 telliguntur.
2520 959 2716 1013 Verum
2765 961 2809 1014 si
2863 962 2985 1030 quis
3033 964 3148 1018 hate
3175 966 3337 1019 etiam
3389 971 3685 1022 secundum

2106 1046 2386 1102 historiam
2421 1049 2553 1104 velit
2591 1050 2734 1104 dicta
2765 1052 3065 1122 suscipere,
3114 1065 3291 1125 potest
3321 1058 3522 1123 dicere,
3558 1060 3684 1128 quia

2104 1137 2157 1190 in
2206 1152 2272 1192 eo
2320 1141 2464 1208 quod
2509 1141 2642 1196 vidit
2674 1143 2891 1196 Balaam
2939 1146 3081 1214 quod
3125 1147 3324 1202 bonum
3355 1160 3437 1204 est
3472 1151 3524 1204 in
3554 1167 3688 1206 con-

2103 1239 2290 1298 spectu
2330 1230 2542 1285 Domini
2577 1233 2904 1291 benedicere
2926 1237 3110 1305 Israel,
3144 1241 3502 1294 ostenduntur
3534 1257 3687 1296 reve-

2104 1319 2363 1374 latioculi
2421 1324 2557 1391 ejus,
2611 1334 2664 1378 et
2719 1327 2899 1383 factus
2952 1345 3073 1384 esse
3121 1330 3282 1385 homo
3314 1347 3441 1386 vere
3472 1333 3681 1389 videns.

2104 1411 2242 1466 Vere
2266 1413 2411 1466 enim
2445 1415 2576 1468 vidit
2614 1431 2734 1485 qua:
2768 1418 2948 1475 futura
2978 1432 3136 1476 erant
3165 1423 3231 1478 de
3265 1424 3447 1489 Israel,
3478 1427 3558 1480 vel
3589 1427 3683 1481 Ja-

2101 1504 2224 1557 cob.
2265 1505 2498 1559 Audisse
2551 1521 2770 1576 quoque
2799 1524 2919 1564 eum
2970 1514 3135 1567 verba
3169 1513 3324 1570 fortis
3351 1516 3482 1570 dicit
3515 1518 3564 1570 in
3595 1533 3681 1584 eo,

2101 1606 2222 1644 cum
2277 1593 2431 1646 venit
2484 1595 2550 1647 ad
2602 1609 2724 1648 eunt
2778 1597 2943 1662 Deus,
3000 1609 3054 1652 et
3089 1599 3225 1653 dixit
3259 1602 3310 1653 in
3362 1604 3566 1656 somnis
3592 1603 3677 1656 ¹⁶ε

2106 1701 2122 1734 ι
2149 1680 2385 1738 Verbum
2432 1686 2578 1753 quod
2609 1687 2811 1740 dedero
2847 1691 2900 1742 in
2950 1704 3046 1743 ore
3080 1699 3192 1754 tuo,
3227 1692 3328 1745 hoc
3361 1695 3588 1748 observa
3623 1705 3682 1748 ut

2101 1771 2370 1842 loquaris;
2400 1794 2418 1826 ›
2471 1785 2526 1829 et
2579 1776 2681 1829 hoc
2732 1787 2849 1832 erat
2896 1781 3070 1833 visum
3100 1781 3216 1846 Dei,
3270 1784 3411 1849 quod
3447 1784 3579 1838 vidit
3625 1786 3678 1838 in

2020 1856 2063 1910 Β
2095 1867 2318 1932 somnis,
2351 1877 2406 1922 et
2439 1882 2534 1936 per
2575 1867 2688 1921 haec
2721 1871 2988 1925 revelatos
3016 1886 3136 1926 esse
3167 1873 3354 1927 oculos
3382 1875 3497 1940 ejus
3528 1891 3676 1928 asse-

2099 1955 2187 2023 rit,
2221 1958 2347 2026 quia
2384 1961 2560 2026 potuit
2617 1961 2803 2015 videre
2854 1977 2974 2026 qua:
3005 1964 3157 2017 vidit.
3201 1963 3325 2019 Ilaec
3360 1968 3574 2034 quidem
3609 1970 3675 2021 de

2093 2049 2158 2102 iis
2190 2066 2308 2119 qua:
2364 2054 2415 2107 in
2464 2055 2779 2124 praefatione
2827 2070 2927 2110 sua
2963 2053 3182 2110 Balaam
3232 2058 3285 2111 in
3323 2060 3676 2129 semetipsum

2093 2142 2242 2196 visus
2269 2153 2352 2198 est
2387 2148 2742 2215 prophetare.

2160 2235 2215 2288 4.
2258 2233 2410 2290 Nunc
2458 2237 2569 2303 jam
2616 2239 2894 2294 videamus
2928 2255 3046 2308 qua:
3097 2249 3245 2304 sunt,
3297 2242 3494 2309 qnaziu
3541 2260 3674 2297 con-

2093 2327 2448 2394 sequentibus
2478 2329 2653 2383 dicit:
2697 2349 2716 2381 ι
2759 2329 2934 2396 Quam
2975 2331 3162 2396 bonas,
3221 2332 3392 2399 inquit
3449 2335 3520 2396 ‘7,
3573 2335 3672 2387 do-

2090 2434 2210 2473 mus
2246 2417 2570 2487 tu:e,Jacob,
2601 2421 2944 2476 tabernacula
2975 2431 3085 2488 tua,
3124 2422 3321 2478 Israel!
3352 2424 3419 2479 Ut
3453 2441 3672 2480 nemora

2091 2513 2420 2578 umbrantia,
2481 2520 2541 2566 ut
2567 2512 2801 2580 paradisi
2839 2528 3002 2581 super
3035 2513 3279 2580 flumina,
3315 2528 3372 2570 et
3417 2518 3559 2570 sicut
3589 2528 3673 2570 ta-

2089 2599 2383 2654 bernacula
2425 2616 2545 2670 quae
2610 2601 2728 2654 fixit
2793 2602 3076 2668 Dominus,
3132 2605 3272 2658 sicut
3322 2607 3469 2660 cedri
3517 2606 3672 2674 juxza

2088 2707 2282 2762 aquas.
2307 2711 2326 2744 ι
2366 2691 2543 2747 Bonas
2582 2708 2719 2760 quas
2769 2693 2901 2748 dicit
2937 2696 3129 2750 domus
3159 2695 3347 2763 Jacob,
3405 2715 3508 2753 non
3543 2712 3672 2769 puto

2089 2785 2232 2853 quod
2289 2785 2559 2840 domicilia
2608 2800 2796 2840 eorum
2853 2787 3127 2844 collaudet
3179 2800 3419 2859 terrena,
3493 2808 3672 2862 neque

2087 2879 2231 2931 enim
2269 2877 2374 2930 tale
2427 2878 2631 2948 aliquid
2673 2879 2841 2935 fuisse
2894 2880 3038 2950 apud
3078 2897 3171 2937 eos
3228 2895 3427 2953 praeter
3480 2896 3672 2956 gentes

2094 2977 2320 3024 crateras
2361 2980 2716 3024 memoratur.
2759 2970 2865 3026 Sed
2905 2973 3185 3029 videamus
3226 2989 3293 3029 ne
3327 2975 3486 3040 forte,
3527 2992 3667 3045 quo-

2089 3063 2234 3116 niam
2274 3061 2504 3132 populus
2543 3078 2640 3131 per
2681 3064 2852 3118 tribus
2886 3075 3004 3118 erat
3047 3067 3273 3131 divisus,
3313 3077 3365 3122 et
3405 3085 3666 3136 unaquzn-

2089 3167 2195 3222 que
2229 3155 2399 3208 tribus
2428 3169 2528 3224 per
2559 3155 2770 3226 plebes,
2811 3165 2866 3210 et
2909 3157 3099 3210 iterum
3133 3156 3314 3224 plebes
3349 3173 3444 3226 per
3471 3173 3671 3228 cogna-

2094 3243 2292 3310 tiones,
2335 3253 2390 3299 et
2431 3247 2786 3315 cognationes
2821 3260 2920 3316 per
2971 3247 3158 3302 domos
3211 3247 3565 3314 familiarum,
3613 3262 3670 3306 et

2089 3349 2308 3389 rursum
2369 3335 2566 3392 domus
2624 3333 2953 3391 familiarum
3007 3352 3104 3406 per
3161 3353 3444 3393 numerum
3489 3343 3668 3394 nomi-

2087 3441 2236 3486 num.
2280 3435 2334 3481 et
2386 3443 2486 3497 per
2524 3432 2705 3500 capita
2747 3433 3176 3487 numerabantur
3216 3445 3233 3486 :
3275 3434 3373 3486 hoe
3425 3444 3510 3485 est
3548 3448 3667 3485 om-

2087 3519 2170 3572 nis
2209 3519 2299 3588 qui
2340 3530 2459 3576 erat
2498 3536 2527 3575 a
2563 3523 2752 3592 viginti
2787 3525 2941 3579 annis
2969 3534 3022 3579 et
3055 3541 3236 3594 supra,
3280 3524 3549 3579 masculus
3574 3525 3668 3595 qui

2085 3611 2379 3677 procedere
2420 3613 2621 3681 poterit
2660 3615 2726 3668 ad
2767 3613 2964 3669 bellum
3021 3633 3034 3667 :
3079 3616 3176 3669 has
3216 3616 3407 3669 domus
3449 3614 3664 3668 Balaam

2085 3702 2138 3756 in
2197 3704 2395 3772 spiritu
2450 3717 2721 3761 contuens
2770 3706 3076 3777 magniﬁcet
3129 3717 3179 3759 et
3235 3707 3476 3761 extollat.
3558 3706 3665 3760 Sed

2084 3810 2192 3849 non
2243 3796 2295 3849 in
2336 3795 2421 3851 his
2460 3798 2629 3852 solius
2670 3798 2867 3853 littera:
2905 3797 3207 3852 contuenda
3251 3798 3517 3852 sentenzia
3558 3807 3663 3859 est,

2083 3890 2340 3956 quoniam
2383 3891 2600 3959 quidem
2653 3906 2774 3961 quae
2821 3891 3058 3961 loquitur
3097 3889 3339 3954 Balaam,
3384 3899 3661 3956 assumpta

2081 3981 2243 4052 337
2271 3983 2525 4051 parabola
2581 3999 2676 4037 sua
2711 3982 2969 4052 loquitur.
3025 3981 3079 4034 In
3117 3979 3390 4048 parabolis
3434 3995 3563 4047 ergo
3608 3991 3667 4034 et

2082 4091 2182 4128 nos
2209 4077 2354 4145 quod
2385 4075 2583 4130 dicitur
2612 4077 2919 4130 audiamus.
2953 4073 3008 4126 Si
3052 4074 3196 4128 enim
3231 4072 3547 4128 consideres
3577 4072 3666 4124 di-

2080 4165 2322 4220 visiOnes
2358 4167 2498 4232 illas,
2532 4175 2587 4220 et
2626 4165 2845 4219 ordines
2888 4162 3206 4231 pepulorum
3245 4161 3336 4229 qui
3373 4161 3424 4212 in
3477 4175 3664 4212 resur»

2079 4257 2325 4312 rectione
2354 4256 2696 4310 habebuntur
2731 4255 2780 4307 in
2823 4253 3019 4322 populo
3067 4253 3177 4306 veri
3226 4251 3414 4315 Israel,
3448 4251 3664 4318 quando

2080 4347 2453 4416 unusquisque
2482 4355 2732 4416 resurget
2757 4345 2808 4398 in
2851 4359 2949 4398 suo
2978 4343 3173 4398 ordine
3201 4341 3245 4373 ¹⁸
3275 4357 3290 4395 :
3323 4341 3367 4394 si
3394 4353 3545 4409 potes
3577 4339 3662 4392 in-

2082 4442 2220 4498 tueri
2256 4441 2433 4494 tribus
2476 4439 2594 4492 illas
2628 4448 2683 4491 et
2712 4436 2893 4505 plebes
2915 4475 2930 4500 ,
2960 4443 3014 4490 et
3049 4432 3424 4502 cognationes,
3455 4433 3506 4485 in
3540 4431 3663 4500 qui-

399 4526 579 4581 lorum
612 4528 760 4583 visus
787 4528 1100 4594 claudatur,
1133 4528 1396 4583 bonorum
1432 4542 1538 4581 non
1571 4526 1776 4596 patebit
1803 4526 1967 4580 intui-
2002 4524 2047 4580 D
2076 4531 2176 4588 bus
2199 4546 2308 4584 non
2342 4539 2453 4583 tam
2487 4529 2670 4582 carnis
2699 4537 2754 4582 et
2787 4525 3069 4594 sanguinis
3097 4535 3182 4578 est
3207 4523 3476 4592 cognatio,
3497 4536 3659 4591 quam

399 4627 513 4674 tus.
563 4617 656 4674 Sic
683 4633 814 4689 ergo
844 4617 1009 4672 etiam
1045 4617 1172 4673 illttd
1205 4616 1332 4672 boni
1380 4615 1474 4671 Dei
1502 4617 1709 4670 dictum
1741 4615 1968 4684 accipio,

396 4711 541 4783 quod
573 4711 712 4767 dixit
735 4711 778 4742 ¹³
811 4729 828 4769 ς
872 4730 892 4763 ι
917 4710 1051 4778 Quis
1104 4710 1234 4765 fecit
1265 4710 1564 4772 videntem,
1598 4717 1649 4763 et
1685 4707 1920 4762 erecum?
1946 4725 1965 4760 ι

397 4805 668 4860 videntem
700 4804 920 4876 quidem
949 4803 1245 4860 secundum
1274 4803 1570 4866 Christum,
1615 4816 1818 4856 caecum
1844 4815 1972 4855 vero

395 4900 694 4954 secundum
728 4898 1014 4954 consilium
1063 4897 1355 4966 serpentis.
1420 4894 1543 4948 llaec
1593 4904 1774 4947 autem
1827 4908 1973 4947 com-

396 4993 728 5056 monuimus,
762 5001 821 5047 ut
847 4994 1153 5048 evidentius
1174 4992 1509 5045 elucesceret
1538 4989 1628 5058 qui
1664 4997 1792 5043 sunt
1826 4987 1966 5042 oculi

393 5085 486 5155 qui
522 5085 864 5150 claudantur,
901 5095 956 5140 et
988 5085 1080 5155 qui
1117 5093 1246 5138 sunt
1286 5082 1425 5136 oculi
1466 5082 1558 5150 qui
1614 5080 1923 5135 revelentur
1953 5097 1967 5133 :

395 5177 556 5231 simul
609 5188 668 5230 ut
699 5187 754 5232 et
785 5177 918 5232 illud
967 5192 1035 5231 ex
1085 5175 1170 5230 his
1195 5173 1552 5242 intelligatur,
1584 5173 1728 5240 quod
1764 5171 1815 5225 iu
1843 5186 1972 5241 pro-

395 5267 556 5337 pheta
587 5268 847 5338 scriptum
887 5277 972 5323 est
996 5267 1039 5298 ιδ
1079 5285 1095 5322 :
1144 5285 1164 5319 ι
1191 5263 1450 5319 Videntes
1485 5263 1753 5328 videbitis,
1777 5275 1832 5317 et
1864 5277 1969 5316 non

395 5360 683 5428 videbitis;
713 5379 736 5414 ι
770 5369 829 5414 ιιι
854 5360 1088 5415 sciamus
1111 5358 1306 5427 quibus
1336 5356 1506 5410 oculis
1528 5355 1735 5419 vident,
1773 5363 1826 5408 et
1852 5357 1974 5422 qui-

395 5450 495 5507 bus
519 5451 769 5508 videntes
800 5467 903 5508 non
939 5451 1143 5506 vident.
1182 5450 1422 5520 Apparet
1454 5461 1583 5517 ergo
1612 5453 1668 5500 et
1703 5447 1846 5501 hunc
1873 5445 1974 5500 Ba-

1059 5593 1080 5626 ³
1102 5593 1312 5658 Coloss_.
1334 5606 1393 5657 n,
1417 5590 1503 5646 i8.

505 5597 524 5628 "
551 5597 592 5651 ll
615 5598 740 5654 Cor.
767 5611 852 5658 ιιι,
877 5595 964 5652 I8.
1059 5595 1080 5626 ⁸
1102 5595 1312 5658 Coioss_.
1334 5606 1393 5657 n,
1417 5595 1503 5646 i8.
1581 5595 1628 5632 '<

505 5670 581 5726 II.
661 5671 705 5702 “
737 5666 858 5722 Isai.
883 5681 957 5729 γι,
979 5665 1033 5721 9.
1113 5664 1156 5696 ⁵³
1178 5662 1338 5718 Num.
1361 5675 1511 5729 XXIV,
1537 5659 1628 5716 5i.

396 5685 468 5736 tv,
496 5670 581 5726 ll.
661 5671 705 5702 “
737 5666 858 5722 Isai.
883 5681 957 5734 γι,
979 5665 1033 5721 9.

1581 5589 1602 5620 ⁹
1624 5587 1821 5644 Genes.
1849 5605 1932 5654 tn,
1957 5589 2010 5643 5.

1705 5661 1749 5692 ¹⁶
1771 5658 1928 5714 Nunt.
1957 5675 2090 5726 uti,
2117 5659 2206 5714 55.

2079 4623 2278 4676 mentis
2311 4627 2365 4674 et
2396 4618 2562 4672 animi
2602 4635 2617 4674 :
2665 4628 2791 4673 tunc
2835 4616 3104 4685 intelliges
3138 4630 3300 4684 quam
3343 4613 3496 4667 home
3531 4620 3659 4664 sunt

2079 4715 2274 4768 domus
2333 4711 2533 4776 Jacob,
2566 4720 2622 4764 et
2672 4723 2832 4779 quam
2883 4707 3021 4762 bona
3072 4703 3422 4762 tabernacula
3469 4702 3657 4757 Israel.

2077 4806 2232 4874 Quod
2277 4805 2322 4860 si
2370 4812 2425 4858 et
2455 4801 2792 4857 diﬂ‘erentias
2843 4801 3161 4861 domorum,
3195 4807 3250 4852 et
3285 4795 3662 4851 tabernaculo--

2079 4913 2198 4952 rum
2233 4896 2501 4966 requiras,
2535 4904 2587 4949 et
2616 4893 2785 4948 Jacob
2837 4902 3000 4959 atque
3043 4888 3210 4943 Israel
3261 4888 3656 4950 diversitatem,

2078 4991 2242 5045 etiam
2275 4989 2341 5043 de
2369 4989 2471 5042 hoc
2501 4986 2622 5040 talis
2663 4984 2909 5054 quaedam
2947 4981 3191 5035 habenda
3241 4977 3519 5034 distinctio
3550 4985 3650 5028 est.

2080 5081 2278 5136 Domus
2319 5093 2406 5134 res
2443 5086 2527 5132 est
2566 5075 2809 5136 fundata.
2860 5089 2924 5127 ac
2962 5072 3191 5135 stabilis,
3243 5079 3298 5123 et
3341 5071 3503 5122 certis
3549 5078 3657 5119 ter-

2080 5173 2240 5226 minis
2270 5181 2442 5239 septa.
2469 5164 2841 5222 Tabernacula
2873 5177 3003 5217 vero
3023 5173 3148 5216 sunt
3175 5159 3480 5214 habitacula
3509 5170 3658 5224 qure-

2079 5266 2201 5319 datn
2238 5259 2559 5328 eortnn,qui
2594 5272 2808 5325 semper
2841 5255 2892 5308 in
2929 5255 3016 5307 via
3048 5261 3270 5314 sunt,et
3307 5262 3517 5315 semper
3543 5262 3657 5297 am-

2078 5353 2286 5415 bulant,
2313 5365 2410 5404 nec
2447 5347 2659 5403 itineris
2689 5347 2769 5401 sui
2802 5345 3088 5420 terminum
3118 5345 3454 5410 repererunt.
3491 5333 3657 5402 Igitur

2077 5445 2246 5503 Jacob
2282 5442 2564 5499 habendus
2592 5448 2677 5496 est
2705 5440 2757 5492 in
2795 5451 2986 5492 eorum
3016 5433 3283 5505 personis,
3310 5428 3398 5498 qui
3441 5427 3492 5478 in
3526 5423 3656 5476 acti«

2891 5578 2934 5608 ”
2955 5573 3110 5628 Joan.
3143 5587 3218 5631 Ix,
3243 5568 3334 5621 '59.
3412 5565 3456 5596 ¹⁸
3480 5561 3653 5621 Exod.

2089 5589 2132 5620 ’θ
2160 5586 2289 5641 ibid.
2316 5587 2370 5638 7.
2447 5584 2488 5616 "
2519 5583 2650 5637 ibid.
2679 5579 2732 5644 6,
2757 5577 2810 5634 7.
2891 5578 2934 5608 ”
2955 5577 3110 5628 Joan.
3143 5587 3218 5631 lx,
3243 5577 3300 5621 5t

2117 5659 2186 5697 at;
2284 5657 2325 5691 ιτ
2355 5655 2510 5697 Num-
2540 5667 2686 5697 nw-
2717 5652 2770 5697 5-
2799 5649 2852 5697 6.
2935 5645 3019 5696 ml
3051 5644 3172 5697 Cor.
3209 5653 3300 5692 xv.

2284 5657 2325 5691 ί⁷
2351 5655 2511 5711 Num.
2540 5667 2686 5717 xxiv,
2717 5652 2770 5716 5,
2799 5649 2852 5704 6.

462 5835 578 5910 (75)
611 5834 868 5908 Imaginc.
907 5833 1001 5892 Sic
1029 5847 1160 5891 mss.
1190 5832 1345 5888 Libb.
1372 5830 1526 5899 editi,
1565 5848 1583 5881 ι
1617 5828 2032 5900 imaginatione.
2068 5845 2086 5879 ι
