4134 6416
459 363 556 417 707

1931 359 2090 414 Οιιιᾱ
2101 358 2256 413 ENIS

3610 359 3717 416 703

454 477 557 530 bus
587 485 646 530 et
686 488 849 542 opere
879 474 1103 545 perfecti
1137 486 1266 529 sunt
1304 493 1318 530 :
1352 475 1518 530 Israel
1560 490 1689 530 vero
1726 474 1802 528 illi
1834 474 2030 528 intelli-
2062 489 2104 539 Α
2137 481 2358 527 sanctus
2391 487 2498 526 non
2529 470 2702 528 solum
2725 471 2844 541 ipse
2871 471 3070 528 fluvius
3096 471 3188 538 sit,
3217 474 3312 528 sed
3346 481 3399 527 et
3428 473 3494 528 iis
3516 472 3709 543 quibus

451 572 611 640 gendi
645 580 788 631 sunt,
820 571 912 638 qui
944 569 1182 625 studium
1225 584 1350 640 erga
1387 569 1712 640 sapientiam
1745 583 1812 622 ac
1853 567 2027 623 scicn-

458 664 586 715 tiam
613 671 829 732 gerunt.
869 662 1006 727 Quia
1039 675 1170 731 ergo
1196 676 1418 728 operum
1455 671 1845 730 gestorumque
1869 673 2026 714 exer-

451 752 581 806 citia
609 760 759 805 certo
793 751 900 804 fme
951 750 1283 804 clauduntur
1332 755 1534 820 (neque
1567 751 1709 804 enim
1767 751 1887 805 sine
1919 748 2026 803 fine

451 853 536 897 est
569 857 792 912 operum
825 840 1130 912 perfectio),
1161 841 1248 894 ubi
1281 841 1658 909 adimpleverit
1686 842 1806 910 quis
1845 840 2024 894 omnia

451 950 570 1001 qua:
595 934 773 988 facere
808 933 1012 998 debuit,
1045 943 1101 988 et
1134 934 1201 986 ad
1233 933 1393 987 finem
1422 932 1776 1002 perfectionis
1800 946 2023 1001 operum

451 1026 683 1089 venerit,
731 1023 998 1094 perfectio
1033 1025 1148 1093 ipsa
1187 1039 1447 1094 operum,
1479 1025 1619 1078 bona
1669 1025 1859 1080 domus
1904 1023 2025 1093 ejus

452 1130 576 1171 esse
601 1116 832 1169 dicetur.
864 1115 1065 1170 Eorum
1096 1130 1222 1169 vero
1254 1117 1347 1184 qui
1383 1115 1663 1182 sapientia:
1690 1125 1746 1168 et
1782 1114 2026 1169 scientia:

450 1225 675 1278 operam
709 1209 861 1273 dant,
910 1209 1167 1277 quoniam
1218 1208 1342 1261 finis
1387 1207 1568 1261 nullus
1600 1216 1684 1260 est
1710 1207 1854 1276 (quis
1879 1206 2023 1259 enim

452 1302 716 1355 terminus
747 1302 843 1354 Dei
879 1301 1159 1370 sapientia:
1203 1301 1308 1352 erit
1351 1301 1492 1353 ?ubi
1542 1309 1744 1367 quanto
1794 1298 2025 1366 amplius

448 1394 575 1462 quis
604 1392 911 1454 accesserit,
948 1400 1097 1446 tanto
1127 1389 1479 1459 profundiora
1511 1390 1837 1452 inveniet,et
1861 1403 2027 1454 qtlalt-

451 1496 508 1538 to
543 1485 714 1554 magis
738 1493 1012 1538 scrutatus
1039 1482 1224 1547 fuerit,
1253 1491 1404 1534 tanto
1459 1496 1522 1534 ea
1567 1480 1918 1534 ineffabiliora
1971 1488 2026 1532 et

451 1573 1082 1643 incomprehensibiliora
1122 1572 1516 1639 deprehendet,
1555 1570 2022 1639 incomprehensi-

452 1668 574 1721 bilis
599 1663 1222 1721 enimeti-nrestimabilis
1256 1673 1340 1717 est
1361 1663 1450 1716 Dei
1476 1663 1785 1732 sapientia),
1819 1662 2023 1717 idcirco

449 1769 638 1807 eorum
696 1754 787 1821 qui
828 1753 932 1806 iter
987 1752 1268 1819 sapientia-3
1315 1751 1404 1804 Dei
1453 1751 1739 1814 incedunt,
1782 1766 1886 1804 non
1924 1751 2022 1804 do-

2143 567 2302 619 datus
2327 564 2513 628 fuerit,
2549 565 2768 618 flumina
2813 566 2880 620 de
2909 574 3106 619 ventre
3142 578 3333 620 eorum
3372 567 3711 636 procedant:

2137 665 2191 708 et
2221 654 2361 710 Deus
2394 652 2560 708 Pater
2591 655 2736 708 dicat
2759 655 2804 685 ²⁰
2839 670 2850 703 :
2877 673 2896 705 ι
2940 651 3024 708 Ile
3048 655 3459 724 dcreliquerunt
3506 654 3712 714 fontem

2134 760 2288 813 aqua:
2322 747 2476 809 virm,
2502 765 2519 796 ι
2548 760 2612 798 ex
2637 760 2744 814 quo
2778 747 2986 802 scilicet
3013 747 3163 802 fon-te
3203 746 3422 802 ﬂumina
3456 747 3558 804 ista
3585 763 3714 818 pro-

2134 837 2353 890 cedunt.
2390 835 2484 890 llis
2520 836 2681 904 igitur
2714 837 2968 892 inundata
3015 839 3329 893 lIuminilius
3361 838 3711 894 tabernacula

2136 928 2325 993 Israel,
2355 929 2490 981 fittnt
2539 926 2891 983 tabernacula
2936 931 3082 985 sicut
3140 917 3260 986 sunt
3298 930 3386 984 illa
3430 946 3550 1001 qua:
3595 931 3715 984 ﬁxit

2136 1019 2418 1072 Dominus.
2464 1018 2570 1073 Sed
2616 1019 2882 1072 intentum
2941 1018 3196 1074 fortassis
3248 1035 3468 1076 movere
3512 1023 3714 1090 poterit

2133 1110 2457 1173 auditorem,
2491 1110 2632 1178 quod
2665 1111 2798 1165 duas
2825 1111 3088 1180 quasdam
3132 1111 3342 1180 species
3387 1110 3710 1166 tabernacu—

2133 1199 2308 1254 lorum
2347 1215 2587 1268 pnesens
2639 1215 2821 1256 sermo
2853 1211 3267 1256 commemorat.
3314 1202 3402 1256 Ait
3435 1202 3579 1256 enim
3610 1200 3655 1233 ιι
3692 1218 3706 1254 :

2137 1313 2154 1344 ι
2197 1294 2371 1358 Onam
2421 1294 2573 1346 bona:
2622 1294 2815 1349 domus
2854 1293 3190 1358 tum,.lacob,
3233 1292 3713 1352 tabernaculatua,

2133 1385 2329 1438 Israel!
2365 1384 2427 1439 Ut
2471 1400 2696 1440 nemora
2734 1385 3064 1453 umbrantia,
3093 1396 3149 1440 et
3179 1394 3233 1439 ut
3266 1385 3503 1455 paradisi
3546 1399 3708 1454 super

2131 1476 2375 1531 flumina.
2401 1497 2420 1528 ι
2449 1478 2512 1531 Et
2539 1493 2752 1532 rursum
2785 1479 3135 1534 tabernacula
3167 1479 3534 1534 tabernaculis
3558 1492 3708 1532 com-

2132 1578 2382 1637 parat,et
2415 1570 2545 1624 dicit
2579 1588 2636 1625 ει
2667 1570 2734 1624 Et
2761 1572 2903 1625 sicut
2929 1573 3275 1626 tabernacula
3301 1586 3422 1640 qua:
3453 1570 3569 1624 ﬁxit
3606 1571 3711 1624 Do-

2134 1663 2334 1716 minus.
2380 1681 2398 1714 ι
2433 1662 2618 1718 Potest
2650 1681 2778 1735 ergo
2805 1673 2859 1719 et
2891 1665 2996 1718 alia
3045 1675 3165 1734 post
3195 1665 3315 1719 illas
3357 1680 3491 1734 quas
3542 1679 3708 1734 supra

2132 1755 2481 1822 promlimus,
2519 1758 2681 1826 recipi
2714 1759 2999 1828 expositio,
3037 1767 3097 1812 ttt
3122 1759 3367 1814 dicamus
3393 1757 3585 1812 domus
3613 1756 3709 1810 Ja-

451 1861 567 1900 mos
605 1844 808 1907 laudat,
834 1858 941 1896 non
979 1842 1122 1896 enim
1171 1851 1540 1910 pervenerunt
1588 1841 1652 1894 ad
1704 1841 1861 1894 finem
1885 1881 1898 1906 ,
1935 1843 2027 1896 sed
2060 1846 2101 1900 B
2133 1847 2234 1901 cob
2283 1862 2402 1902 esse
2459 1848 2653 1918 legem,
2691 1862 2748 1905 et
2785 1849 3132 1904 tabernacula
3174 1850 3340 1905 Israel
3393 1853 3709 1920 prophetas.

448 1935 804 1991 tabernacula
856 1935 1108 1998 miratur,
1135 1933 1187 1986 in
1232 1933 1428 2001 quibus
1481 1947 1696 2002 semper
1721 1933 2025 1999 ambulant,

448 2039 503 2082 et
554 2041 771 2096 semper
821 2025 1136 2096 proficiunt,
1167 2033 1225 2078 et
1253 2035 1458 2094 quanto
1507 2026 1681 2090 magis
1711 2025 2024 2094 proficiunt,

449 2130 602 2174 tanto
633 2120 714 2174 eis
752 2117 1068 2189 proficiendi
1099 2118 1180 2170 via
1210 2126 1458 2187 augetur,
1486 2125 1539 2171 et
1572 2117 1894 2171 immensum
1921 2127 2030 2171 tcn-

449 2213 632 2277 ditur;
668 2223 723 2267 et
760 2213 883 2266 ideo
912 2212 1044 2266 istos
1083 2209 1229 2278 ipsos
1268 2209 1542 2278 profectus
1576 2224 1763 2263 eorum
1803 2223 1899 2277 per
1923 2210 2028 2276 spi-

451 2306 610 2357 rittnn
649 2311 933 2363 contuens,
980 2300 1330 2355 tabernacula
1369 2315 1433 2354 ea
1476 2301 1720 2354 nominat
1751 2301 1934 2356 Israel.
1963 2302 2030 2356 Et

446 2411 574 2450 vere
595 2396 638 2449 si
669 2395 790 2464 quis
818 2393 1058 2448 scientia:
1103 2392 1251 2461 capit
1277 2392 1489 2460 aliquos
1519 2393 1819 2461 profectus,
1849 2405 1903 2448 et
1933 2410 2029 2449 ex-

447 2487 729 2554 perimenti
754 2485 956 2556 aliquid
1000 2487 1052 2538 in
1106 2483 1300 2538 talibus
1345 2488 1615 2552 sumpsit,
1647 2487 1750 2540 scit
1785 2487 2028 2555 profecto

447 2579 589 2649 quod
623 2579 708 2633 ubi
761 2581 828 2633 ad
867 2579 1105 2646 aliquam
1163 2588 1381 2630 ventum
1429 2578 1593 2632 fuerit
1650 2579 1938 2642 theoriam,
1973 2589 2030 2632 et

447 2672 773 2741 agnitionem
803 2671 1182 2742 mysteriorum
1208 2670 1554 2740 spiritalium,
1580 2670 1651 2724 ibi
1684 2671 1863 2722 anima
1889 2685 2027 2739 qua.

448 2764 490 2816 si
527 2765 578 2817 in
612 2763 842 2832 quodam
881 2762 1240 2816 tabernaculo
1270 2763 1605 2816 demoratur.
1641 2762 1776 2815 Cum
1806 2776 1933 2815 vero
1957 2776 2026 2814 ex

449 2855 530 2908 his
565 2871 683 2924 qua:
711 2855 936 2924 reperit,
963 2854 1064 2907 alia
1091 2870 1282 2908 rursus
1305 2857 1555 2916 rimatur,
1577 2861 1629 2907 et
1651 2854 1716 2906 ad
1745 2853 1880 2906 alios
1903 2868 2028 2922 pro-

449 2947 558 3002 ficit
589 2947 917 3013 intellectus,
943 2947 1064 3001 inde
1102 2949 1255 3016 quasi
1280 2946 1490 3002 elevato
1520 2946 1867 3001 tabernaculo
1906 2957 2027 3000 ten-

446 3040 526 3095 dit
553 3045 619 3094 ad
660 3041 967 3110 superiora,
1009 3046 1067 3091 et
1097 3039 1168 3093 ibi
1216 3039 1447 3094 collocat
1473 3038 1638 3092 animi
1677 3040 2030 3104 sedem,sen-

446 3149 602 3188 suum
635 3132 936 3187 stabilitate
972 3131 1246 3186 confixam
1281 3149 1296 3186 :
1328 3142 1382 3186 et
1411 3131 1536 3186 inde
1570 3132 1764 3186 iterum
1796 3147 1861 3186 ex
1895 3134 2028 3203 ipsis

445 3225 581 3279 alios
634 3223 844 3278 invenit
888 3221 1163 3291 spiritales
1213 3238 1429 3288 sensus,
1472 3239 1607 3292 quos
1641 3225 1880 3293 priorum
1909 3224 2028 3277 sine

447 3317 610 3370 dubio
631 3330 892 3371 sensuum
927 3316 1306 3382 consequentia
1335 3317 1658 3384 patefecerit
1683 3337 1693 3370 :
1715 3325 1766 3370 et
1791 3316 1862 3369 ita
1885 3331 2020 3370 sem-

445 3423 541 3477 per
574 3422 634 3462 se
665 3409 732 3462 ad
784 3408 968 3476 priora
1002 3409 1336 3472 extendens,
1391 3409 1748 3463 tabernaculis
1796 3409 2030 3476 quibus-

445 3500 569 3553 dam
603 3501 818 3552 videtur
858 3499 1133 3553 incedere.
1166 3497 1452 3569 Nunquam
1496 3509 1578 3555 est
1620 3500 1768 3553 enim
1810 3500 2028 3568 quando

447 3592 630 3645 anima
686 3591 929 3646 scientia:
983 3575 1222 3661 igniculo
1259 3607 1520 3647 succensa
1571 3593 1731 3647 otiari
1783 3594 1945 3656 possit
1972 3603 2027 3648 et

447 3682 751 3751 quiescere,
771 3683 866 3736 sed
900 3696 1116 3749 semper
1142 3697 1170 3735 a
1197 3684 1353 3738 bonis
1383 3686 1448 3738 ad
1483 3685 1727 3751 meliora,
1749 3698 1806 3741 et
1835 3688 2027 3741 iterum

447 3775 514 3828 ad
548 3775 830 3844 superiora
859 3790 888 3828 a
920 3775 1237 3831 melioribus
1266 3789 1618 3846 provocatur.
1647 3777 1759 3834 IIoc
1787 3794 1915 3849 ergo
1947 3795 2034 3833 sa-

449 3867 665 3934 pientiae
692 3867 784 3920 Dei
836 3867 939 3921 iter
980 3877 1132 3937 grate
1181 3870 1334 3934 satis,
1358 3879 1412 3924 et
1445 3886 1565 3925 cum
1609 3871 1776 3925 multo
1832 3873 2028 3926 decore

449 3957 738 4028 descripsit
767 3958 957 4013 dicens
986 3959 1028 3988 ¹⁹
1063 3974 1075 4010 :
1105 3977 1123 4010 ι
1161 3959 1230 4014 Ut
1270 3976 1490 4015 nemora
1539 3962 1942 4028 obmnbrantia,
1977 3970 2031 4016 et

449 4058 509 4103 ut
536 4049 775 4118 paradisi
805 4065 970 4120 super
996 4049 1240 4114 flumina,
1269 4062 1323 4105 et
1351 4053 1493 4108 sient
1525 4055 1871 4108 tabernacula
1909 4068 2031 4122 quae

451 4142 566 4194 fixit
601 4141 883 4209 Dominus,
919 4143 1059 4197 sicut
1092 4145 1239 4200 cedri
1272 4144 1423 4212 juxta
1461 4160 1648 4214 aquas.
1695 4165 1714 4198 ι
1748 4146 1848 4211 Qui
1883 4148 2028 4198 enim

449 4234 704 4288 incedunt
754 4237 858 4289 hac
903 4237 1022 4301 via,
1056 4253 1150 4304 per
1191 4253 1411 4291 nemora
1465 4237 1848 4292 obumbrantia
1887 4237 2034 4289 ince-

450 4325 602 4378 dunt.
630 4323 858 4381 Nemora
889 4327 1032 4380 enim
1062 4337 1190 4382 sunt
1209 4329 1291 4382 eis
1315 4327 1720 4393 obuntbrantia,
1747 4329 1926 4380 omnis
1945 4327 2032 4394 ju-

448 4429 658 4474 storum
692 4431 900 4488 cretus,
935 4431 992 4476 et
1029 4433 1338 4477 sanctorum
1388 4424 1776 4492 prophetarum
1811 4423 2032 4476 chorus.

2131 1937 2249 1992 Non
2276 1940 2421 1993 enim
2452 1941 2625 2008 ipsum
2657 1940 2844 2006 Jacob,
2875 1942 2970 1996 sed
3000 1943 3191 1998 domus
3210 1943 3325 2012 ejus
3348 1944 3533 1998 laudat
3565 1960 3579 1996 :
3612 1957 3712 1997 nec

2129 2029 2301 2095 ipsum
2329 2029 2516 2096 Israel,
2544 2034 2636 2087 sed
2695 2032 3046 2089 tabernacula
3076 2034 3212 2102 ejus,
3259 2045 3314 2090 et
3348 2046 3474 2089 tunc
3503 2050 3567 2088 ea
3599 2034 3714 2088 lau-

2129 2121 2243 2185 dat,
2268 2137 2389 2176 cnm
2420 2124 2641 2178 revelati
2672 2135 2798 2179 sunt
2818 2127 2962 2180 oculi
2995 2128 3130 2193 ejus.
3161 2127 3410 2192 Quandiu
3444 2127 3590 2181 enirn
3621 2141 3713 2180 ve-

2130 2213 2303 2267 lamen
2368 2216 2603 2283 positum
2641 2224 2726 2270 cst
2779 2233 2942 2286 super
2993 2218 3281 2273 lectionem
3319 2217 3452 2286 legis
3491 2227 3548 2270 et
3583 2231 3710 2286 pro-

2129 2307 2437 2373 phetarum,
2467 2323 2574 2361 non
2615 2309 2864 2363 videntur
2892 2310 3028 2363 bona
3059 2309 3429 2374 tabernacula,
3459 2323 3557 2363 nec
3590 2309 3713 2362 Iau-

2130 2396 2338 2451 dabiles
2370 2397 2581 2451 domus.
2625 2397 2723 2453 Ubi
2755 2409 2938 2453 autem
2983 2400 3221 2454 ablatura
3251 2398 3416 2453 fuerit
3442 2397 3712 2463 velamen,

2129 2496 2182 2541 ct
2223 2489 2448 2558 intelligi
2499 2491 2729 2558 coeperit
2781 2490 2868 2546 lex
2905 2492 3030 2560 quia
3089 2490 3350 2561 spiritalis
3381 2496 3557 2548 est,et
3587 2504 3716 2557 pro-

2131 2582 2306 2648 phet:e
2342 2597 2355 2632 :
2389 2592 2515 2635 time
2550 2583 2702 2635 bonae
2735 2593 2789 2637 ct
2825 2584 3176 2638 admirabiles
3220 2585 3410 2639 domus
3439 2581 3628 2647 Iacob,
3659 2590 3717 2635 et

2131 2683 2258 2727 tunc
2321 2673 2642 2727 admiranda
2698 2683 2862 2728 erunt
2917 2675 3270 2730 tabernacula
3331 2673 3532 2739 Israel,
3581 2689 3710 2728 cum

2132 2774 2308 2818 amota
2333 2765 2514 2818 littera
2541 2781 2662 2834 qua:
2695 2767 2918 2832 occidit,
2941 2767 3305 2821 vivificantem
3331 2783 3393 2820 ex
3423 2768 3499 2820 eis
3537 2767 3713 2834 perci-

2132 2869 2259 2922 pere
2304 2855 2558 2923 spiritum
2597 2855 2852 2922 coeperis.
2893 2853 3077 2910 Potest
3113 2855 3289 2908 adhuc
3328 2865 3382 2907 et
3411 2852 3518 2906 alio
3550 2851 3712 2905 modo

2131 2945 2378 3016 intelligi,
2407 2957 2464 2999 ut
2495 2947 2672 3016 populi
2696 2947 2966 3000 credentis
2991 2954 3046 3001 et
3069 2945 3288 3014 perfecti
3317 2943 3496 3014 hujus,
3525 2943 3615 3013 qui
3645 2943 3710 2995 ad

2130 3036 2406 3095 Christum
2435 3056 2500 3094 cx
2529 3042 2781 3110 gentibus
2825 3050 3184 3110 congregatus
3227 3048 3346 3101 est,
3377 3052 3606 3107 corpora
3637 3038 3714 3090 si-

2136 3135 2244 3189 mul
2280 3135 2480 3188 laudari
2510 3136 2796 3190 videantur
2830 3145 2885 3189 et
2923 3137 3119 3188 anima:
3151 3150 3164 3186 :
3197 3142 3250 3186 et
3289 3129 3456 3186 Iacob
3489 3133 3707 3200 quidem

2133 3229 2325 3282 domus
2360 3229 2423 3283 dc
2481 3229 2800 3298 corporibus
2859 3229 3106 3293 dicatur,
3140 3228 3283 3281 sicut
3323 3236 3377 3280 et
3431 3227 3481 3280 in
3529 3225 3708 3281 libello

2129 3323 2360 3390 quodam
2396 3323 2612 3390 legitur,
2644 3324 2768 3392 quia
2816 3322 2989 3376 Iacob
3020 3323 3210 3376 domus
3242 3323 3313 3375 sit
3353 3319 3519 3375 Israel
3548 3337 3562 3373 :
3608 3320 3710 3374 hoc

2130 3424 2234 3480 esl,
2260 3431 2455 3486 corpus
2475 3413 2772 3482 ejnslacob
2803 3414 3037 3480 dicatur,
3064 3421 3116 3466 et
3137 3412 3316 3465 anima
3342 3411 3523 3467 Israel.
3553 3410 3715 3465 Simi-

2133 3505 2331 3560 militer
2381 3521 2511 3575 ergo
2557 3514 2610 3559 et
2657 3503 3020 3573 pcrfcctorutn
3081 3515 3422 3569 quorumque
3483 3515 3713 3569 corpora

2132 3594 2433 3649 laudabiles
2454 3597 2644 3648 domus
2671 3609 2790 3648 esse
2817 3591 3275 3647 dicantur..lacob
3305 3602 3390 3646 est
3419 3592 3563 3645 enim
3591 3605 3717 3644 cor-

2131 3706 2231 3761 pus
2280 3689 2567 3751 laudabile,
2602 3703 2724 3742 eum
2768 3685 3133 3750 continentia,
3167 3695 3220 3739 et
3271 3685 3544 3747 castitate,
3576 3697 3713 3735 non-

2136 3797 2407 3850 nunquam
2436 3789 2616 3834 autem
2643 3780 2806 3832 etiam
2845 3790 2970 3831 cum
3004 3776 3169 3846 338
3201 3776 3460 3846 martyrio
3491 3776 3716 3829 decora-

2137 3885 2246 3930 tur.
2279 3871 2653 3926 'l‘abernacnla
2692 3884 2822 3925 vero
2865 3869 2931 3923 ad
2977 3871 3188 3922 animas
3217 3866 3486 3936 perfectas
3523 3866 3714 3920 referri

2137 3975 2384 4035 possunt,
2413 3963 2610 4032 quibus
2637 3972 2691 4016 et
2731 3974 2928 4015 nomen
2955 3977 2982 4013 a
3010 3960 3242 4014 videndo
3275 3959 3439 4013 Deum
3457 3959 3716 4012 convenit

2137 4056 2344 4111 Isracli.
2375 4057 2480 4109 Ista
2516 4065 2697 4109 autem
2731 4053 3081 4107 tabernacula
3107 4062 3251 4118 sunt,
3283 4051 3480 4120 inquit,
3521 4068 3541 4100 ι
3577 4051 3718 4103 sicut

2135 4164 2356 4203 nemora
2393 4148 2798 4212 umbrantia,et
2833 4147 2976 4200 sicut
3010 4144 3248 4215 paradisi
3274 4159 3437 4212 super
3464 4141 3714 4207 ﬂumina,

2134 4251 2186 4294 et
2216 4241 2358 4295 sicut
2388 4241 2740 4296 tabernacula
2773 4253 2895 4308 qua:
2925 4238 3041 4292 fixit
3076 4238 3236 4291 Deus.
3270 4254 3290 4287 ι
3328 4235 3445 4288 Alia
3477 4249 3606 4303 ergo
3634 4245 3717 4286 ta-

2137 4333 2420 4387 bernacula
2450 4332 2688 4386 ostendit
2725 4345 2848 4386 esse
2894 4343 3016 4396 qum
3057 4327 3172 4381 fixit
3210 4327 3488 4390 Dominus,
3521 4326 3718 4394 quibus

2136 4425 2245 4479 sint
2273 4424 2467 4478 similia
2503 4422 2851 4478 tabernacula
2882 4421 3062 4474 Israel.
3096 4418 3259 4471 Extra
3291 4418 3436 4471 hunc
3460 4416 3718 4469 mundum

452 4511 563 4567 Sub
594 4515 783 4567 umbra
806 4516 951 4568 enim
981 4529 1264 4580 sensuum,
1300 4530 1438 4585 quos
1469 4516 1610 4584 apud
1649 4515 1768 4570 illos
1797 4517 2029 4584 scriptos
2066 4542 2106 4596 ι)
2139 4533 2225 4570 me
2258 4517 2505 4586 progredi
2539 4515 2813 4576 convenit,
2846 4521 2904 4565 ιιι
2932 4511 3142 4563 rideam
3172 4524 3292 4579 qua:
3323 4510 3432 4563 sint
3464 4508 3720 4563 taberna-

453 4603 758 4670 inveniunt,
812 4605 1207 4675 refrigerantur
1243 4608 1438 4660 anima:
1474 4606 1732 4675 ipsorum,
1761 4617 1817 4661 et
1862 4607 1914 4660 in
1943 4607 2034 4660 do-

451 4695 642 4748 ctrinis
685 4711 873 4750 eorum
913 4699 1072 4766 quasi
1129 4698 1444 4753 incedentes
1485 4713 1580 4768 per
1633 4713 1799 4767 opaca
1847 4712 2036 4751 nemo-

456 4802 573 4840 rum
629 4787 992 4854 delectantur,
1041 4798 1094 4844 et
1135 4790 1276 4846 sicut
1324 4791 1563 4861 paradisi
1617 4805 1780 4859 super
1811 4791 2032 4842 [Iuntina

455 4873 821 4930 Inveniuntur.
855 4877 944 4932 Isti
986 4878 1132 4933 enim
1181 4881 1417 4949 paradisi
1455 4895 1618 4948 super
1669 4879 1923 4943 flumina,
1959 4881 2036 4932 si-

456 4965 608 5021 miles
626 4977 680 5023 et
696 4971 906 5039 cognati
927 4982 1053 5026 sunt
1075 4973 1147 5027 illi
1173 4975 1427 5042 paradiso
1461 4975 1511 5028 in
1541 4988 1650 5043 quo
1681 4972 1883 5042 lignum
1912 4973 2035 5025 vita:

456 5067 561 5111 est.
607 5057 852 5115 Flumina
903 5078 1028 5118 vero
1061 5079 1348 5133 possumus
1381 5065 1468 5120 vel
1517 5065 1832 5132 Scripturas
1868 5077 2034 5116 evan-

456 5150 656 5220 gelicas
698 5162 860 5225 atque
900 5157 1228 5225 apostolicas
1252 5159 1521 5224 accipere.
1560 5156 1648 5207 vel
1675 5153 1836 5207 etiam
1868 5168 2034 5222 ange-

457 5243 654 5308 lorum,
688 5247 768 5300 vel
801 5248 1105 5303 cmlestiurn
1139 5249 1399 5302 virtutum
1425 5263 1550 5315 erga
1585 5244 1890 5310 huiusmodi
1917 5243 2036 5297 ani-

458 5352 574 5390 mas
605 5337 868 5406 adjutoria
908 5354 922 5391 :
971 5342 1214 5411 rigantur
1247 5341 1392 5394 enim
1431 5340 1500 5394 ab
1531 5338 1637 5392 illis
1664 5346 1721 5389 et
1763 5337 2024 5391 inundan-

460 5436 566 5492 tur,
585 5439 746 5496 atque
769 5429 834 5483 ad
862 5445 1078 5485 omnem
1103 5431 1394 5485 scientiam
1415 5441 1470 5485 et
1494 5429 1825 5499 agnitionem
1853 5443 2031 5482 rerum

458 5519 758 5573 caelestium
785 5523 1101 5578 nutriuntur
1135 5539 1148 5577 :
1178 5521 1430 5591 quamvis
1469 5531 1521 5576 et
1555 5521 1811 5576 Salvator
1849 5529 2034 5576 noster

459 5607 650 5664 fluvius
685 5613 754 5666 sit
797 5614 889 5682 qui
925 5613 1166 5670 laetiﬁcat
1209 5614 1489 5669 civitatem
1531 5613 1624 5669 Dei
1659 5625 1674 5666 :
1703 5621 1757 5667 et
1791 5611 2033 5680 Spiritus

537 5767 575 5797 "
610 5768 767 5826 Num.
799 5789 942 5840 xxiv,
980 5776 1032 5829 6.
1109 5781 1152 5809 ³⁸³
1177 5777 1284 5833 Jcr.
1319 5796 1380 5846 ιι,
1409 5779 1491 5834 l3.

1571 5779 1612 5810 “
1637 5779 1775 5834 Num
1806 5793 1950 5843 xxiv,
1981 5777 2032 5844 5,
2078 5777 2130 5829 (ἰ.

2139 4610 2260 4664 cula
2303 4624 2424 4677 qua
2475 4607 2590 4660 fixit
2639 4606 2917 4659 Dominus.
2955 4602 3044 4654 Illa
3097 4602 3348 4655 nirnirnm
3405 4610 3551 4666 sunt,
3602 4613 3721 4670 quae

2139 4702 2382 4754 ostendit
2424 4698 2593 4770 Moysi
2641 4712 2762 4752 cum
2805 4695 3224 4749 tabernaculum
3274 4703 3619 4747 conStrueret
3667 4695 3719 4746 in

2140 4792 2384 4856 deserto,
2424 4791 2610 4844 dicens
2639 4791 2704 4844 ad
2729 4803 2886 4843 eum:
2916 4808 2934 4839 ι
2966 4787 3116 4849 Vide,
3157 4787 3332 4856 inquit
3356 4786 3424 4853 “,
3452 4794 3511 4839 ut
3551 4785 3721 4838 facias

2140 4885 2324 4939 omnia
2358 4883 2655 4937 secundum
2713 4893 2897 4952 typum
2955 4882 3046 4949 qni
3106 4889 3362 4934 ostensus
3407 4890 3492 4932 est
3534 4877 3628 4931 tibi
3667 4879 3718 4931 in

2143 4984 2346 5029 monte.
2389 4993 2406 5026 ι
2453 4973 2531 5027 Ad
2567 4973 2928 5027 imitationem
2959 4987 3095 5041 ergo
3137 4972 3366 5024 istorum
3393 4970 3722 5024 tabernacu-

2142 5069 2313 5120 lorum
2339 5082 2456 5133 quae
2483 5065 2600 5119 fixit
2631 5065 2889 5120 Dominus
2922 5064 3110 5129 Israel,
3135 5063 3397 5132 jubentur
3422 5063 3605 5118 facere
3639 5072 3720 5115 ta-

2143 5158 2459 5220 bernacula,
2485 5168 2540 5211 et
2567 5158 2936 5226 unusquisque
2968 5165 3216 5209 nostrum
3246 5155 3524 5223 expedire,
3559 5163 3611 5208 et
3635 5153 3716 5206 fa-

2145 5251 2358 5304 bricare
2386 5249 2797 5304 tabernaculum
2829 5247 3180 5303 suum.Unde
3213 5246 3344 5300 mihi
3370 5246 3586 5301 videtur
3615 5261 3721 5300 non

2145 5341 2368 5395 fortuitu
2394 5341 2728 5410 contigisse,
2754 5349 2814 5393 ut
2845 5339 3039 5394 Petrus
3084 5337 3327 5407 quidem,
3363 5347 3420 5393 et
3453 5337 3722 5402 Andreas,

2141 5444 2195 5485 et
2225 5431 2316 5484 filii
2354 5431 2627 5495 Zebedtei,
2657 5440 2778 5485 arte
2811 5432 3117 5501 piscatores
3155 5430 3546 5490 invenirentur,
3578 5425 3722 5481 Pau-

2143 5523 2226 5578 lus
2253 5538 2385 5578 vero
2425 5534 2545 5579 arte
2574 5523 2725 5578 faber
2757 5523 3252 5580 tabernaculorum.
3281 5521 3345 5576 Et
3370 5519 3496 5590 quia
3523 5517 3600 5572 illi
3631 5531 3720 5573 vo-

2143 5614 2250 5668 cati
2301 5615 2370 5667 ab
2410 5624 2531 5668 arte
2582 5611 2974 5684 capiendorum
3029 5611 3297 5681 piscium,
3337 5613 3618 5663 mutantur
3666 5611 3727 5661 et

2218 5780 2261 5809 “
2290 5776 2461 5834 Exod.
2490 5777 2715 5844 xxv,i0.
