4134 6436
404 299 502 393 709

1509 333 1577 388 IN
1617 333 1952 389 NUMEROS
1986 335 2272 391 llOMlLlA
2308 339 2473 394 XVII.

3569 350 3670 406 710

403 457 537 508 fiunt
564 451 864 521 piscatores
889 448 1198 515 hominum,
1229 448 1446 505 dicente
1472 449 1701 505 Domino
1725 452 1771 483 ’³
1795 471 1807 506 :
1838 470 1856 503 ι
1884 451 1986 506 Ve-
2020 457 2058 512 Α
2095 453 2256 508 hmuo
2279 455 2344 509 de
2379 457 2586 510 semine
2625 456 2742 527 ejus
2766 467 2817 511 et
2842 458 3212 517 dominabitur
3241 465 3495 535 gentibus
3532 471 3670 524 mul-

403 547 515 602 uite
545 553 668 616 post
689 554 851 606 me,et
892 542 1083 597 faciam
1119 555 1218 595 vos
1263 541 1566 609 piscatores
1601 545 1922 610 hominum;
1959 563 1976 594 ι

405 652 510 691 non
545 637 766 692 dubium
791 636 922 705 quin
959 643 1013 688 et
1041 629 1258 691 Paulus,
1285 634 1412 702 quia
1449 643 1502 688 et
1533 634 1646 704 ipse
1682 649 1778 702 per
1811 635 1988 687 Domi-

404 745 533 783 num
584 739 830 784 nostrum
881 727 1068 784 Jesum
1113 729 1390 784 Christum
1443 735 1672 782 vocatus
1708 727 1986 797 apostolus

404 831 509 887 est,
543 821 704 877 simili
738 821 874 876 artis
922 835 1035 876 sua:
1066 818 1553 876 transformatione
1593 827 1830 872 mutatus
1867 818 1938 873 sit
1969 834 1984 872 :

407 922 464 966 ut
489 913 627 968 sicut
658 912 731 969 illi
763 927 829 967 ex
871 912 1236 983 piscatoribus
1265 910 1491 980 piscium
1539 909 1839 980 piscatores
1882 907 1984 962 ho-

407 1004 609 1059 minum
639 1004 764 1060 facti
793 1014 944 1068 sunt,
971 1005 1041 1059 ita
1066 1013 1120 1058 et
1147 1004 1249 1058 iste
1275 1017 1305 1056 a
1353 1001 1618 1056 faciendis
1657 1002 1984 1055 tabernacu-

407 1097 472 1151 lis
503 1097 756 1163 terreuis,
809 1098 876 1152 ad
922 1095 1169 1152 coelesﬁa
1221 1095 1570 1151 tabernacula
1617 1095 1980 1152 construenda

407 1189 708 1246 translatus
733 1190 825 1246 sit.
856 1189 1135 1245 Coustruit
1179 1191 1324 1245 enim
1357 1189 1601 1268 ccelesua
1633 1189 1982 1244 tabernacula

404 1280 604 1335 docens
649 1295 1089 1351 unumquemque
1126 1281 1266 1335 viam
1295 1280 1506 1345 salutis,
1535 1288 1591 1335 et
1615 1281 1896 1336 beatarum
1927 1281 1979 1334 in

402 1365 720 1422 caelestibus
755 1366 1101 1424 mansionum
1141 1367 1244 1422 iter
1273 1369 1586 1423 ostendens.
1613 1368 1765 1424 Facit
1803 1371 1981 1424 taber-

403 1460 595 1514 nacula
629 1459 828 1514 Paulus
851 1470 1054 1516 etcum
1082 1459 1150 1514 ab
1174 1457 1512 1516 Hierusalem
1547 1462 1597 1515 in
1631 1463 1856 1516 circuitu
1886 1478 1978 1517 us-

403 1566 512 1620 que
541 1553 607 1606 ad
645 1552 914 1624 Illyricum
953 1555 1127 1625 replet
1172 1552 1524 1622 Evangelinm
1564 1553 1682 1618 Dei,
1712 1555 1979 1610 Ecclesiae

401 1647 769 1702 construendo
793 1665 806 1702 :
835 1656 892 1703 et
926 1648 1027 1705 hoc
1053 1650 1212 1705 modo
1241 1647 1370 1703 facit
1397 1657 1451 1702 et
1479 1648 1596 1716 ipse
1627 1648 1974 1702 tabernacula

403 1735 469 1787 ad
513 1736 920 1791 similitudinem
957 1739 1433 1795 tabernaculorum
1490 1739 1813 1804 caelestium,
1856 1754 1975 1807 qua:

2099 546 2171 599 tis
2197 555 2249 600 et
2285 547 2770 621 exaltabiturCog
2804 567 3027 620 regnum
3061 554 3211 623 ejus,
3247 567 3300 610 et
3329 568 3540 614 crescet
3583 576 3669 615 re-

2089 653 2254 705 gnum
2291 637 2427 705 ejus.
2463 640 2602 695 Deus
2626 641 2850 696 deduxit
2888 658 3008 697 eum
3041 661 3103 698 ex
3138 646 3372 719 Egypto
3401 652 3671 722 sicutglu-

2090 729 2170 782 ria
2201 730 2502 785 unicoruis.
2529 751 2544 783 ι
2570 732 2822 788 Christus
2846 750 2974 805 ergo
3009 746 3110 802 est,
3134 741 3225 808 qui
3256 743 3389 798 exiit
3419 745 3482 798 de
3506 747 3670 799 semi—

2089 835 2156 874 ne
2184 819 2348 877 lsrael
2378 826 2674 878 secundum
2709 840 2954 889 carnem,
2991 829 3080 897 qui
3112 833 3384 896 quomodo
3413 837 3667 904 gentibus

2089 910 2420 980 dominetur,
2458 917 2803 983 expositione
2864 932 2971 969 uou
3026 918 3251 988 indiget,
3290 925 3527 979 maxime
3573 928 3666 994 qui

2090 997 2228 1068 leget
2276 1001 2476 1056 dictum
2515 1004 2564 1059 ei
2621 1020 2649 1058 a
2702 1018 2859 1076 patre
2891 1007 2936 1039 ²⁶
2974 1026 2988 1062 :
3029 1026 3048 1059 ‹
3089 1008 3219 1064 Pete
3248 1027 3276 1064 a
3317 1028 3403 1067 me
3436 1025 3491 1069 et
3525 1016 3667 1070 dabo

2088 1089 2184 1144 tibi
2207 1101 2398 1161 gentes
2424 1094 2793 1152 hmreditatem
2821 1107 2988 1164 tuam,
3011 1109 3063 1154 et
3088 1103 3487 1167 possessionem
3517 1116 3662 1160 tuam

2087 1184 2350 1239 terminos
2395 1195 2570 1240 terrze.
2605 1206 2622 1238 ι
2657 1187 2792 1255 Quid
2836 1199 2919 1245 est
2950 1200 3125 1245 autem
3162 1195 3302 1259 quod
3331 1196 3426 1260 ait,
3461 1215 3479 1246 ‹
3514 1197 3664 1251 exal-

2087 1275 2289 1327 tabitur
2320 1274 2431 1343 Gog
2461 1291 2687 1346 regnum
2711 1280 2862 1348 ejus?
2884 1301 2901 1334 ι
2925 1283 3039 1354 Gog
3062 1300 3220 1352 super
3246 1294 3376 1340 lecta
3401 1287 3665 1358 interpre-

2088 1370 2229 1418 tatur
2261 1363 2374 1432 (76)
2408 1382 2421 1417 :
2465 1374 2516 1420 et
2567 1367 2618 1420 in
2658 1366 2776 1422 loco
2809 1371 2910 1425 isto
2945 1387 3048 1427 nou
3076 1387 3173 1442 pro
3219 1376 3393 1442 gentis
3433 1375 3664 1444 alicujus

2085 1455 2318 1520 nomine,
2377 1467 2433 1510 ut
2489 1468 2731 1526 putatur,
2762 1461 2994 1529 positqu
3051 1472 3152 1529 est,
3207 1466 3299 1520 sed
3354 1477 3410 1520 ut
3444 1468 3494 1521 iu
3543 1468 3664 1524 aliis

2085 1546 2379 1609 nonnullis,
2407 1546 2521 1616 ipse
2546 1565 2722 1604 sermo
2747 1551 3008 1609 Hebraeus
3037 1570 3139 1609 non
3169 1556 3553 1624 interpretatus
3579 1576 3663 1614 re-

2082 1635 2241 1690 lictus
2275 1647 2377 1701 est,
2412 1650 2464 1693 et
2496 1639 2564 1693 ob
2609 1642 2710 1694 hoc
2748 1646 2900 1711 quasi
2940 1647 3005 1700 de
3047 1656 3208 1716 gente
3247 1648 3426 1718 aliqua
3455 1651 3659 1706 dictum

2089 1727 2321 1783 videtur.
2355 1729 2447 1784 Est
2492 1746 2622 1802 ergo
2672 1737 2940 1790 sermonis
2989 1740 3376 1806 consequentia
3408 1742 3530 1795 talis
3563 1756 3580 1797 :
3608 1754 3663 1798 et

401 1826 638 1880 οςιεηιιίι
673 1826 809 1882 Deus
845 1828 897 1882 in
934 1837 1114 1884 ιηοηω
1138 1827 1331 1900 Moysi,
1375 1829 1480 1886 sed
1525 1840 1579 1885 ει
1610 1830 1980 1900 unusquisque
2013 1822 2054 1880 Β
2085 1819 2415 1873 exahahitur
2448 1837 2609 1892 super
2653 1835 2790 1880 tecta
2827 1841 3049 1896 regumu
3089 1827 3224 1896 ejus,
3252 1841 3308 1884 et
3331 1843 3539 1886 crescet
3578 1850 3662 1888 rea

403 1925 672 1979 nostrum,
713 1919 756 1972 si
793 1919 914 1987 quis
952 1929 1129 1976 tamen
1154 1923 1323 1976 exivit
1356 1923 1420 1978 de
1446 1920 1705 1992 Egypto,
1741 1932 1794 1975 et
1821 1922 1976 1976 habi-

404 2015 483 2061 tat
526 2007 580 2060 in
632 2009 870 2077 deserto,
903 2012 954 2066 iu
1004 2014 1358 2070 tabernaculo
1404 2015 1566 2068 debet
1607 2014 1892 2079 habitare,
1925 2023 1979 2068 et

400 2099 542 2153 diem
571 2101 765 2155 festum
793 2103 844 2155 iu
873 2103 1233 2160 tabernaculis
1257 2120 1438 2175 agere.
1467 2106 1621 2159 Sicut
1651 2107 1795 2158 enim
1832 2120 1979 2160 com-

402 2194 727 2247 memoratio
761 2193 820 2248 fit
843 2197 1172 2264 egressionis
1197 2211 1264 2250 ex
1307 2196 1543 2268 [Egypto
1571 2213 1666 2266 per
1696 2198 1896 2268 pascha
1923 2206 1976 2252 et

400 2296 621 2351 azyma,
652 2286 726 2338 ita
771 2294 826 2338 et
876 2291 1414 2344 commemorationis
1445 2290 1498 2345 in
1529 2291 1746 2345 deserto
1776 2289 1833 2343 lit
1867 2303 1978 2343 me-

401 2371 569 2426 moria
589 2387 685 2442 per
713 2375 1090 2434 tabernacula.
1119 2377 1178 2436 lu
1211 2379 1578 2435 tabernaculis
1596 2380 1741 2434 enim
1761 2379 1975 2433 habita-

402 2471 600 2516 verunt
632 2475 818 2532 patres
850 2468 1024 2523 nosui
1059 2468 1110 2523 in
1151 2469 1390 2526 deserto.
1420 2471 1577 2528 Unde
1628 2483 1811 2527 autem
1858 2473 1975 2528 fieri

397 2563 613 2624 oportet
640 2557 741 2611 ista
781 2558 1158 2626 tabernacula,
1180 2562 1284 2617 nisi
1312 2578 1378 2618 ex
1409 2563 1588 2620 verbis
1616 2565 1748 2636 legis
1775 2575 1828 2621 et
1852 2582 1976 2630 pro-

398 2643 703 2714 phetarum,
733 2662 796 2704 ex
843 2652 1187 2709 sermonibus
1230 2651 1602 2722 Psalmorum,
1638 2667 1691 2711 et
1735 2660 1974 2713 omnium

397 2750 516 2802 qum
560 2740 914 2797 continentur
968 2745 1020 2798 in
1073 2744 1190 2816 lege
1226 2746 1411 2804 ?Cum
1447 2749 1613 2820 enim,
1646 2764 1711 2804 ex
1742 2751 1809 2806 iis
1855 2767 1976 2821 qua:

397 2828 598 2896 scripta
655 2841 801 2897 sunt,
834 2833 1052 2904 proficit
1080 2837 1265 2892 anima
1304 2846 1358 2894 et
1411 2853 1628 2909 semper
1660 2841 1874 2911 quidem
1909 2859 1972 2898 ea

395 2932 514 2986 qua-
549 2930 696 2976 retro
728 2935 853 2980 sunt
881 2926 1235 2993 oblivisceus,
1266 2931 1334 2984 ad
1356 2946 1418 2985 ea
1455 2946 1575 3001 qua:
1610 2935 1662 2986 in
1697 2942 1825 2987 ante
1849 2943 1975 2988 sunt

396 3024 454 3064 se
510 3015 774 3078 extendit,
813 3027 867 3072 et
912 3018 982 3073 de
1010 3018 1128 3075 loco
1181 3022 1445 3079 inferiore
1472 3025 1828 3094 progrediens
1857 3040 1975 3080 cre-

398 3105 522 3168 scit,
562 3121 626 3161 ac
661 3110 882 3177 proficit
921 3111 990 3165 ad
1033 3118 1340 3184 superiora,
1379 3131 1446 3170 ex
1479 3128 1768 3186 augmento
1797 3120 1970 3172 virtu-

399 3206 530 3263 tum,
554 3209 608 3255 et
629 3216 692 3256 ex
739 3202 856 3270 ipsa
899 3204 1277 3264 immutatione
1308 3208 1665 3277 profectuum,
1701 3211 1754 3265 in
1786 3212 1972 3266 taber-

397 3291 605 3347 naculis
633 3293 830 3351 merito
874 3283 1086 3354 dicetur
1124 3300 1394 3360 habitare.
1422 3302 1553 3359 Vide
1579 3314 1760 3358 autem
1788 3304 1830 3359 si
1862 3320 1970 3359 non

396 3391 523 3438 sunt
577 3385 926 3443 tabernacula
976 3405 1095 3461 qua:
1143 3391 1263 3448 fixit
1309 3395 1469 3461 Deus,
1517 3396 1683 3451 etiam
1735 3397 1823 3451 illa
1855 3414 1974 3466 qua:

394 3476 644 3533 Salvator
672 3493 1068 3537 commemorat
1097 3485 1150 3538 in
1183 3483 1478 3553 Evangelio
1512 3488 1788 3544 dicens":
1825 3509 1843 3544 ι
1872 3491 1974 3546 Fa-

393 3567 498 3624 cite
520 3571 674 3626 vobis
702 3573 908 3628 amicos
939 3575 1005 3632 de
1049 3591 1357 3634 mammona
1391 3579 1718 3649 iniquitatis,
1755 3592 1812 3636 ut
1846 3598 1970 3638 cum

394 3661 708 3720 defeeeritis
751 3665 1020 3736 recipiant
1048 3683 1148 3725 vos
1194 3669 1249 3723 in
1286 3680 1489 3726 mterua
1548 3674 1918 3728 tabernacula.
1948 3693 1966 3726 ι

395 3751 526 3808 Fixa
561 3763 740 3811 autem
767 3757 1024 3815 dicuntur
1055 3773 1084 3812 a
1106 3760 1217 3815 Deo
1244 3764 1398 3831 quasi
1433 3778 1554 3833 qua:
1590 3779 1698 3819 non
1740 3765 1975 3820 circum-

394 3842 640 3900 ferantur
666 3847 817 3903 omni
847 3858 1010 3904 vento
1032 3848 1316 3906 doctrinae.
1337 3852 1473 3907 Sunt
1505 3864 1688 3908 autem
1711 3864 1765 3908 et
1793 3855 1972 3914 adhuc

395 3935 745 3993 tabernacula
785 3938 890 3996 ista
921 3950 976 3996 et
997 3943 1138 3998 sicut
1169 3945 1318 3999 cedri
1346 3943 1503 4014 juxta
1542 3960 1734 4016 aquas.
1765 3944 1972 4002 Cedros

395 4029 483 4084 hic
511 4045 618 4086 non
645 4030 764 4088 illas
800 4034 931 4090 dicit
964 4035 1016 4091 in
1050 4038 1248 4108 quibus
1292 4038 1580 4109 culpabilis
1609 4049 1831 4095 notatur
1861 4040 1972 4096 ela-

394 4123 469 4176 tio
503 4140 516 4176 :
545 4123 638 4178 sed
661 4124 854 4181 cedros
885 4127 1000 4194 Dei,
1025 4143 1145 4200 qua:
1172 4129 1472 4198 suscipiunt
1501 4130 1632 4186 vitis
1669 4131 1818 4188 illius
1849 4148 1970 4204 qua:

390 4230 456 4270 ex
487 4215 720 4290 Egypto
756 4219 1018 4275 translata
1053 4229 1157 4287 est,
1194 4221 1466 4291 palmites,
1491 4232 1546 4277 et
1571 4224 1622 4277 in
1662 4224 1858 4294 quibus
1894 4239 1974 4278 re-

391 4309 620 4378 quiescit
649 4309 858 4367 fructus
880 4311 991 4379 ille,
1010 4311 1168 4381 cujus
1201 4317 1389 4370 umbra
1417 4315 1634 4385 operuit
1653 4327 1882 4372 montes.
1908 4317 1966 4373 Si

391 4397 707 4457 intellexisti
733 4411 994 4473 quantam
1026 4404 1268 4476 requiem
1303 4405 1502 4459 habeat
1531 4405 1635 4461 iter
1661 4407 1966 4476 sapientiae,

390 4499 652 4558 quantum
682 4494 894 4566 gratiae,
915 4504 1292 4567 quantumque
1322 4495 1650 4562 dulcedinis,
1672 4497 1778 4552 noli
1803 4498 1969 4554 dissi—

390 4581 598 4638 mulare
619 4624 634 4648 ,
658 4584 766 4640 noli
791 4586 1084 4657 negligere,
1121 4588 1212 4642 sed
1249 4589 1547 4658 aggredere
1570 4588 1674 4643 hoc
1707 4589 1832 4656 iter,
1867 4605 1968 4646 nec

391 4674 558 4730 eremi
631 4675 974 4733 solitudinem
1036 4681 1452 4750 perhorrescas.
1502 4677 1778 4735 llabitanti
1821 4683 1966 4736 enim

394 4764 488 4818 tibi
539 4765 593 4821 in
669 4765 977 4832 huiusmodi
1031 4769 1400 4825 tabernaculis
1449 4781 1707 4826 occurret
1768 4787 1966 4828 manna

390 4857 633 4921 caeleste,
666 4867 719 4914 et
749 4859 1066 4928 angelorqu
1107 4876 1304 4930 panem
1352 4863 1728 4918 manducabis.
1780 4863 1963 4934 lucipe

392 4957 624 5016 tantum,
673 4961 862 5007 necte
909 4961 1236 5024 perterrent,
1292 4962 1352 5008 ut
1408 4955 1667 5018 diximus,
1723 4954 1962 5010 solitudo

389 5043 610 5098 deserti.
663 5042 784 5098 Cito
849 5047 900 5099 in
965 5047 1297 5100 consortium
1362 5057 1511 5100 tuum
1555 5047 1720 5100 etiam
1789 5045 1964 5115 angeli

389 5132 628 5202 venient,
659 5149 796 5206 quos
841 5136 940 5190 sub
993 5135 1174 5206 specie
1227 5135 1516 5191 cedrorum
1549 5135 1787 5190 arbitror
1821 5135 1962 5189 iudi-

387 5234 561 5280 CDIOS.

457 5317 510 5371 5.
555 5317 663 5372 Sed
719 5333 862 5374 nuuc
910 5319 1188 5376 videamus
1241 5319 1374 5392 quid
1434 5319 1602 5375 etiam
1637 5320 1702 5373 de
1743 5318 1958 5372 Christo

387 5412 693 5482 prophetet.
722 5411 841 5482 ipse
863 5422 945 5468 est
977 5414 1146 5478 enim,
1189 5413 1255 5468 de
1287 5429 1393 5484 quo
1416 5413 1546 5468 dicit
1578 5412 1624 5445 ³⁸
1663 5429 1676 5464 ;
1713 5429 1731 5464 ι
1776 5411 1963 5466 Exibit

456 5503 503 5534 ’³
529 5503 715 5559 Matth.
747 5519 817 5569 tv,
849 5504 936 5560 l9.
1004 5505 1049 5536 ’τ’
1078 5503 1208 5560 Luc.
1241 5521 1353 5567 xvi,
1379 5507 1433 5560 9.

387 5586 446 5637 Χ,
483 5573 572 5628 27.
659 5575 703 5606 ⁸⁹
731 5573 888 5628 Num.
925 5591 1072 5640 xxiv,
1100 5575 1153 5630 8.

457 5661 571 5732 (76)
610 5659 720 5731 Gog
742 5678 894 5730 super
921 5671 1055 5715 tecta
1081 5665 1472 5730 interpretatur.
1508 5674 1565 5725 υ
1600 5677 1702 5715 nou
1741 5680 1759 5712 ε
1791 5675 1952 5729 super

388 5740 527 5785 tecta
568 5753 585 5784 ι
636 5735 729 5786 sed
757 5749 776 5782 ι
829 5740 1025 5786 tectum
1058 5751 1076 5784 ι
1131 5733 1536 5800 interpretatur.
1591 5732 1857 5786 Caeterum
1900 5733 1952 5782 iu

389 5801 610 5857 llcbrato
669 5801 816 5856 fonte
863 5818 968 5858 nou
1015 5812 1194 5859 exstat
1235 5813 1292 5862 λλ
1325 5821 1342 5855 ι
1389 5813 1610 5870 tectum,
1665 5821 1682 5852 ι
1727 5803 1818 5858 sed
1860 5811 1957 5860 :33

1510 5506 1556 5536 ’⁸
1591 5504 1750 5557 Num.
1782 5517 1929 5568 χειν,
1954 5502 2005 5562 7.
2043 5500 2096 5553 8.

1229 5576 1274 5608 ³ο
1298 5566 1487 5632 Matth.
1525 5592 1583 5637 ιι.
1619 5574 1717 5640 15;
1750 5574 1887 5628 Osee
1917 5566 1999 5634 xt,
2024 5572 2079 5625 2.
2136 5570 2177 5600 ³¹
2207 5568 2363 5624 Num.
2398 5583 2548 5631 xxrv,
2582 5566 2635 5621 8.

2062 5676 2080 5710 ι
2135 5661 2281 5726 Agag
2352 5674 2372 5707 ι
2433 5670 2629 5710 nomen
2692 5649 2972 5726 proprium
3022 5643 3432 5726 regis.0r_igeui
3497 5644 3644 5726 frau-

2058 5717 2210 5782 dem"
2227 5717 2356 5782 fECit
2394 5727 2576 5796 inepta
2609 5717 2711 5781 hoc
2746 5717 2861 5778 loco
2893 5717 3244 5788 Septuaginta
3282 5718 3640 5787 Interpretqu

2081 1930 2244 1984 gnum
2274 1914 2412 1982 ejus.
2448 1915 2686 1971 Exaltari
2718 1927 2896 1972 autem
2925 1935 3087 1988 super
3115 1928 3254 1976 tecta
3281 1923 3346 1976 de
3373 1922 3661 1991 perfectio-

2081 2021 2147 2060 ue
2173 2006 2506 2060 credentium
2538 2009 2756 2075 dicitur,
2787 2025 3034 2066 crescere
3069 2020 3248 2064 autem
3294 2015 3359 2065 ad
3411 2015 3658 2069 multitu-

2080 2097 2230 2151 dines
2266 2096 2521 2154 refertur.
2575 2099 2628 2153 ln
2675 2101 2740 2155 iis
2769 2117 2898 2172 ergo
2947 2103 3037 2172 qui
3074 2103 3296 2172 perfecti
3342 2114 3467 2159 sunt
3496 2121 3660 2175 super

2081 2197 2222 2240 tecta
2259 2188 2534 2242 exaltatur
2592 2206 2816 2260 regnum
2867 2193 3108 2258 Christi,
3146 2194 3195 2247 id
3233 2203 3318 2248 est
3367 2211 3530 2266 super
3564 2212 3658 2253 eos

2077 2282 2263 2344 etiam,
2290 2283 2381 2348 qui
2407 2283 2456 2335 in
2485 2285 2734 2349 supernis
2761 2296 2906 2350 sunt,
2931 2295 2985 2338 et
3021 2285 3071 2337 in
3105 2286 3475 2353 superioribus
3501 2289 3652 2342 habi-

2081 2381 2216 2426 tant.
2251 2373 2388 2427 Sunt
2412 2375 2553 2427 enim
2582 2374 2831 2430 fortassis
2866 2376 3029 2443 aliqui
3062 2379 3221 2430 etiam
3257 2377 3308 2430 in
3345 2378 3658 2437 coelestibus

2078 2481 2106 2519 a
2137 2465 2331 2532 quibus
2359 2465 2477 2534 plus
2513 2465 2800 2534 proficiant
2838 2479 2892 2522 et
2927 2468 3088 2522 altius
3131 2471 3445 2524 exalteutur
3477 2473 3513 2525 ii
3563 2473 3657 2542 qui

2080 2560 2130 2611 iu
2166 2574 2332 2628 regno
2382 2559 2582 2613 Christi
2615 2569 2763 2612 sunt.
2796 2559 2862 2614 Et
2911 2561 3030 2614 ideo
3080 2562 3270 2624 etiam,
3319 2563 3503 2630 credo,
3543 2565 3660 2634 ipse

2079 2651 2325 2705 Salvator
2356 2651 2569 2704 dicebat
2593 2651 2636 2681 ²⁷
2669 2669 2682 2706 :
2721 2670 2739 2701 ι
2773 2650 2872 2716 Qui
2905 2651 2955 2704 iu
2986 2661 3126 2705 tecto
3160 2662 3262 2717 est,
3294 2669 3397 2706 nou
3427 2655 3654 2709 descen-

2077 2743 2167 2793 dat
2201 2739 2387 2793 tollere
2415 2740 2618 2810 aliquid
2651 2739 2717 2794 de
2751 2740 2951 2804 domo;
2995 2757 3014 2792 ι
3050 2756 3276 2796 monens
3308 2752 3364 2795 ut
3388 2742 3443 2808 ii,
3471 2745 3560 2814 qui
3587 2748 3657 2799 ad

2076 2832 2344 2886 excelsam
2384 2832 2774 2902 perfectionem
2833 2842 3119 2897 venerunt,
3168 2849 3274 2888 non
3335 2835 3528 2890 iterum
3589 2838 3658 2892 ad

2077 2925 2261 2978 mundi
2289 2924 2473 2991 hujus,
2507 2924 2596 2992 qui
2648 2939 2792 2975 nunc
2823 2923 3018 2978 domus
3069 2925 3398 2993 appellatur,
3434 2927 3660 2981 humilia

2075 3025 2130 3070 et
2175 3017 2381 3085 abjecta
2434 3015 2789 3068 descendant.
2843 3013 2948 3067 Sed
2993 3023 3044 3067 el
3098 3015 3225 3068 illttd
3266 3019 3408 3084 quod
3458 3019 3534 3072 ait
3562 3020 3656 3076 ’δε

2081 3127 2100 3159 ι
2138 3108 2290 3175 Quod
2339 3107 2566 3162 audistis
2608 3109 2661 3161 in
2714 3122 2864 3173 aure,
2902 3107 3194 3174 praalicate
3230 3120 3395 3174 super
3421 3119 3594 3173 tecta,
3633 3131 3652 3162 υ

2001 3175 2042 3232 C
2078 3201 2143 3256 ad
2182 3201 2282 3254 hoc
2317 3198 2668 3252 nihilominus
2705 3197 2941 3267 respicit.
2980 3195 3071 3250 Sic
3102 3212 3231 3266 ergo
3262 3199 3537 3253 exaltatur
3562 3217 3659 3255 su-

2077 3306 2174 3360 per
2202 3290 2317 3359 Gog
2348 3303 2572 3359 regnum
2614 3289 2751 3358 ejus,
2783 3297 2837 3343 et
2861 3289 3061 3341 crescit
3097 3304 3318 3358 regnum
3360 3289 3498 3358 ejus.
3526 3292 3657 3346 Cre-

2075 3381 2174 3435 scit
2211 3381 2354 3434 enim
2384 3380 2508 3432 dum
2538 3378 2971 3446 multiplicantur
3020 3379 3295 3444 Ecclesiae,
3329 3390 3382 3434 et
3420 3382 3653 3438 fidelium

2077 3483 2332 3520 nuntcrus
2367 3477 2624 3536 augetur;
2647 3476 2700 3521 et
2729 3469 2993 3521 intantum
3019 3470 3216 3522 crescit
3242 3484 3464 3537 regnum
3491 3472 3656 3544 339

2073 3560 2298 3623 Christi,
2342 3574 2618 3629 usquequo
2650 3570 2815 3630 ponat
2849 3563 3000 3614 Pater
3034 3575 3223 3616 omnes
3252 3562 3502 3616 inimicos
3538 3564 3654 3632 ejus

2074 3653 2174 3706 sub
2205 3652 2429 3721 pedibus
2453 3650 2590 3718 ejus,
2625 3652 2717 3706 sed
2749 3660 2802 3707 et
2857 3651 3212 3707 novissimum
3257 3654 3538 3710 inimicum
3567 3659 3655 3713 de-

2073 3749 2248 3796 struat
2273 3749 2522 3795 mortem.

2146 3851 2199 3906 ϐ.
2242 3851 2367 3905 Post
2411 3851 2524 3905 htec
2569 3851 2831 3921 scriptum
2875 3863 2959 3906 est
3007 3854 3183 3910 adhuc
3230 3855 3294 3909 de
3324 3855 3642 3929 Christo”,

2078 3961 2096 3994 ι
2122 3942 2249 4010 quia
2285 3942 2430 3996 Deus
2463 3942 2686 3995 deduxit
2711 3957 2834 3996 eum
2867 3958 2932 3996 ex
2964 3931 3232 4014 Egypto;
3260 3964 3280 3997 ι
3315 3951 3456 4016 quod
3490 3951 3544 4004 in
3580 3968 3647 4006 eo

2073 4032 2398 4102 completqu
2425 4031 2660 4096 videtur,
2695 4032 2786 4086 ubi
2818 4043 2940 4100 post
2974 4045 3200 4089 mortetu
3236 4035 3462 4093 Herodis
3487 4056 3651 4095 revo-

2072 4135 2230 4180 catur
2250 4125 2328 4178 ede
2349 4117 2606 4194 Egypto,
2635 4133 2690 4178 et
2715 4124 2963 4194 designat
2987 4125 3338 4196 Evangelium
3364 4131 3549 4186 dicens
3567 4130 3646 4190 '°:

2078 4237 2096 4269 ι
2123 4217 2200 4272 Ex
2220 4213 2458 4288 Egypto
2493 4215 2680 4269 vocavi
2712 4213 2882 4268 filium
2919 4232 3116 4270 meum.
3145 4236 3163 4268 ι
3188 4216 3286 4283 Qui
3319 4234 3498 4274 sermo
3527 4223 3648 4290 qui-

2076 4310 2308 4365 busdam
2328 4324 2393 4362 ex
2425 4309 2528 4362 hoc
2555 4307 2675 4360 loco
2697 4318 3010 4376 assumptus
3042 4307 3280 4374 videtur,
3311 4317 3365 4363 et
3403 4310 3652 4381 Evange—

2075 4401 2164 4456 liis
2203 4401 2462 4462 insertus,
2505 4398 2629 4453 aliis
2670 4407 2850 4453 autem
2883 4397 2950 4454 de
2981 4399 3121 4454 Osee
3149 4402 3430 4468 propheta.
3463 4401 3650 4460 Potest

2073 4504 2252 4548 autem
2285 4501 2342 4547 et
2374 4491 2672 4546 secundum
2697 4489 3014 4559 allegoriam
3045 4489 3290 4560 intelligi,
3325 4493 3450 4560 quia
3495 4505 3650 4563 post-

2072 4599 2303 4655 eaquam
2362 4584 2511 4638 venit
2554 4583 2620 4637 ad
2665 4583 2959 4653 )Egyptum
2999 4583 3182 4636 mundi
3239 4582 3422 4652 hujus,
3453 4585 3646 4643 eduxit

2071 4690 2194 4731 eum
2228 4675 2407 4743 Pater,
2443 4685 2496 4730 et
2523 4675 2821 4742 assumpsit
2870 4673 2937 4728 ad
2993 4674 3368 4744 semetipsum,
3406 4686 3464 4730 ut
3494 4677 3637 4732 viam

2073 4768 2281 4823 faceret
2328 4768 2416 4831 iis,
2447 4767 2538 4836 qui
2581 4767 2647 4820 de
2681 4764 2919 4836 Egypto
2950 4766 3132 4820 muudi
3168 4767 3327 4835 hujus
3362 4769 3646 4823 ascensuri

2071 4869 2229 4914 erant
2269 4860 2334 4912 ad
2363 4859 2558 4913 Deum.
2590 4876 2608 4908 ‹
2631 4858 2698 4912 Et
2723 4857 2896 4928 gloria
2925 4859 3207 4913 uuicornis
3242 4859 3437 4929 ejus".
3463 4879 3482 4911 ι
3515 4861 3646 4914 0m-

2071 4952 2159 5006 nia
2191 4951 2336 5005 enim
2359 4950 2662 5004 daemonum
2695 4964 2858 5018 regna
2889 4947 3147 5016 dejiciens
3176 4948 3450 5015 Christus,
3478 4966 3644 5004 unum

2070 5057 2226 5096 suum
2281 5056 2529 5109 regnum,
2564 5050 2821 5110 tanquam
2858 5041 2975 5093 veri
3031 5039 3338 5104 unicoruis,
3397 5040 3646 5096 fundavit

2074 5132 2127 5186 in
2157 5131 2349 5202 gloria.
2377 5130 2557 5186 Cornu
2583 5131 2723 5185 enim
2747 5143 2846 5199 pro
2876 5145 3043 5200 regno
3071 5145 3212 5200 saepe
3234 5131 3518 5185 docuimus
3551 5149 3648 5186 uo-

2069 5225 2289 5282 miuari.
2338 5241 2356 5274 ι
2400 5223 2559 5289 Edet,
2601 5223 2775 5292 inquit
2816 5223 2884 5287 ³⁵³,
2919 5222 2986 5277 de
3009 5224 3196 5276 eodem
3233 5223 3411 5276 adhuc
3434 5223 3641 5287 dicens,

2067 5325 2256 5386 gentes
2302 5313 2646 5367 inimicorum
2686 5328 2907 5367 suorum
2949 5323 3004 5365 et
3039 5311 3428 5366 crassitudines
3450 5327 3637 5365 eorum

2075 5405 2447 5462 emedullabit.
2471 5424 2488 5457 ι
2509 5403 2732 5469 Gentes,
2763 5405 2861 5470 ait,
2891 5417 3027 5473 quas
3058 5402 3260 5456 inimici
3287 5401 3368 5455 sui
3396 5399 3641 5469 posside-

2173 5485 2244 5530 ."
2280 5497 2424 5552 Psal.
2454 5513 2514 5560 ll,
2545 5497 2599 5551 8.
2695 5496 2738 5528 ’⁷
2777 5494 2966 5548 Matth.
3019 5506 3167 5554 xxiv,
3206 5489 3290 5543 Π.
3367 5487 3414 5518 ’⁸
3443 5486 3633 5541 Matth.

2173 5573 2177 5600 ί
2208 5568 2363 5618 Num.
2399 5583 2548 5618 xxrv.
2582 5566 2635 5618 8.
2731 5565 2774 5596 ³¹
2805 5564 2935 5618 ibid.

2805 5580 2935 5616 ιυιυ.

2064 5800 2266 5855 versit).
