4134 6440
483 357 585 409 7H

1938 338 2257 394 ORIGEMS

3641 334 3747 388 TI?

484 467 640 530 bant,
670 465 784 534 ipse
818 463 963 527 edet,
1001 461 1274 516 destructa
1313 460 1514 514 virtute
1546 458 1777 524 inimici,
1809 469 1863 512 et
1906 472 2056 513 cras-
2089 461 2133 515 Α
2165 453 2374 526 profert
2413 470 2424 504 :
2462 454 2554 508 sed
2606 460 2662 506 et
2702 449 2810 515 ille,
2877 449 2969 520 qui
3021 449 3120 503 sub
3176 447 3393 502 nomine
3445 445 3751 503 Christiani

487 556 752 610 sitndines
796 570 982 608 eorum
1034 551 1404 616 emedullabit,
1461 567 1582 604 cum
1633 565 1847 603 onmem
1899 551 1965 604 de
1997 550 2062 602 iis

489 661 706 701 sensum
739 659 984 700 crassqu
1031 653 1086 696 et
1130 642 1404 696 carnalem
1444 650 1722 704 extenuat,
1754 649 1807 693 et
1840 653 2065 692 conver-

497 739 564 790 tit
603 738 669 790 ad
704 735 1114 801 intelligentiam
1160 732 1481 800 spiritalem.
1518 731 1673 796 Quod
1709 739 1886 783 autem
1924 745 2065 782 cras-

489 829 668 881 situdo
711 826 1053 896 culpabiliter
1094 825 1145 876 in
1190 822 1493 893 Scriptnris
1547 822 1830 887 habeatur,
1863 820 2065 875 indicio

487 920 593 972 erit
633 919 764 974 illud
813 919 956 987 quod
1016 918 1277 984 scriptum
1308 925 1389 970 est
1411 916 1494 968 3':
1528 934 1544 965 ι
1576 914 1938 969 lncrassatum
1983 923 2067 967 est

489 1025 583 1062 cor
631 1008 811 1077 p0puli
849 1007 1026 1075 lmjus.
1056 1027 1076 1061 ι
1117 1007 1182 1059 Ει
1232 1007 1358 1060 alibi
1393 1005 1480 1058 ἰε
1515 1025 1532 1057 ι
1572 1004 1811 1058 Satiatus
1857 1012 1963 1066 est,
2010 1013 2065 1056 et

489 1099 829 1152 incrassatns
882 1106 989 1163 est,
1035 1107 1089 1152 et
1138 1096 1509 1151 recaleitravit
1562 1095 1808 1149 dilectus.
1843 1114 1861 1146 ι
1934 1093 2070 1148 Edet

490 1205 619 1259 ergo
649 1199 855 1258 gentes,
887 1201 941 1242 et
989 1189 1168 1244 cibum
1205 1190 1419 1243 habebit
1471 1203 1564 1243 eos
1590 1188 1681 1257 qui
1730 1187 1959 1242 credunt
2011 1185 2065 1238 in

492 1296 640 1348 eum,
672 1282 813 1336 sicut
849 1291 903 1335 et
942 1283 1055 1352 ipse
1086 1282 1215 1334 dicit
1241 1281 1293 1334 in
1321 1281 1611 1351 Evangelia
1633 1281 1676 1311 ³⁵
1710 1299 1721 1334 :
1763 1298 1780 1331 ι
1819 1279 1965 1333 Meus
1992 1279 2069 1332 ci-

489 1373 592 1426 bus
617 1381 700 1426 est
730 1386 787 1426 ut
817 1373 1014 1427 faciam
1048 1373 1386 1427 voluntatem
1434 1372 1553 1439 ejus
1589 1374 1680 1441 qui
1717 1387 1799 1425 me
1833 1372 2001 1426 misit.
2040 1387 2063 1422 ι

488 1463 657 1532 Cujus
694 1466 883 1534 utique
913 1465 1163 1518 voluntas
1201 1465 1313 1518 haec
1346 1473 1483 1529 erat,
1515 1473 1569 1517 ut
1602 1475 1790 1532 gentes
1834 1478 2068 1517 conver-

492 1567 734 1611 terentur
776 1558 841 1611 ad
886 1557 1066 1610 fidem.
1095 1555 1247 1622 Quod
1273 1557 1342 1621 si,
1380 1566 1437 1610 ut
1475 1557 1728 1625 superius
1761 1556 2067 1621 docuimus,

491 1650 799 1703 crassitudo
827 1649 1115 1718 culpabilis
1164 1648 1419 1714 habetur,
1451 1649 1761 1701 econtrario
1795 1647 2070 1704 subtilitas

491 1739 776 1794 laudabilis
805 1740 1050 1793 habenda
1086 1749 1170 1794 est
1197 1755 1207 1788 :
1238 1740 1361 1809 quia
1396 1748 1450 1794 et
1495 1739 1717 1809 spiritus
1764 1740 2066 1809 Sapientize,

489 1831 579 1898 qui
628 1830 996 1900 intelligibilis,
1029 1841 1081 1885 et
1131 1843 1372 1895 sanctus,
1425 1826 1496 1885 et‘
1529 1832 1738 1894 unietts,
1771 1842 1826 1886 et
1886 1831 2068 1884 multi-

489 1923 609 1991 plex
642 1922 754 1994 (77)
779 1925 1058 1988 dicitur“,
1099 1924 1359 1978 similiter
1391 1935 1445 1978 et
1477 1925 1691 1979 subtilis
1724 1939 1843 1978 esse
1889 1925 2069 1994 perhi-

492 2013 673 2065 betur.
725 2032 741 2062 ι
782 2013 844 2065 Et
891 2013 1089 2083 jaculis
1140 2013 1256 2066 suis
1301 2012 1584 2082 sagittabit
1647 2012 2062 2068 inimicum”.i

496 2103 686 2160 .lacula
734 2105 851 2172 ejus
905 2106 1071 2158 verba
1130 2105 1244 2174 ejus
1274 2114 1421 2172 sunt,
1460 2106 1656 2174 quibus
1686 2105 1767 2158 vel
1800 2105 2068 2159 diabolum

509 2199 661 2260 vicit,
707 2197 790 2249 vel
829 2212 1019 2250 omnes
1069 2197 1318 2251 inimicos
1373 2207 1427 2250 et
1479 2197 1915 2251 contradicentes
1964 2198 2068 2251 sibi

489 2291 656 2343 etiam
706 2305 851 2343 nunc
895 2297 1117 2358 superat
1143 2299 1197 2343 et
1243 2289 1553 2356 confringit.
1585 2287 1776 2344 Omnis
1801 2291 1945 2344 cnim
1977 2291 2068 2360 qui

490 2389 701 2450 peccat,
747 2380 997 2433 inimicus
1034 2380 1148 2448 ejus
1198 2388 1284 2433 est
1325 2379 1448 2433 dum
1494 2388 1698 2448 peccat.
1761 2379 1817 2433 Si
1886 2389 2067 2434 autem

490 2471 676 2525 audiat
707 2472 868 2526 verba
905 2471 1020 2535 Dei,
1060 2481 1114 2526 et
1167 2485 1467 2540 agnoscens
1506 2480 1724 2539 peccata
1775 2487 1894 2536 sua,
1942 2487 2072 2527 con-

491 2563 691 2631 ligatur
747 2579 810 2618 ex
864 2564 944 2617 eis
989 2574 1041 2616 et
1082 2573 1492 2633 compungatur,
1554 2573 1717 2633 atque
1790 2564 1855 2617 ad
1905 2565 2078 2631 pmni~

498 2655 722 2708 tentiam
759 2663 1132 2719 convertatur,
1165 2655 1410 2709 veritatis
1437 2669 1692 2711 sermone
1742 2657 2068 2723 terebratus,

492 2747 656 2800 etiam
710 2747 824 2815 ipse
875 2747 1088 2801 dicetur
1127 2745 1328 2814 jaculis
1354 2761 1475 2802 esse
1512 2748 1780 2803 confixus.
1812 2749 1917 2803 Sed
1950 2759 2073 2818 post

493 2839 608 2893 haec
635 2839 797 2893 etiam
841 2840 907 2893 de
937 2840 1051 2908 ipsa
1082 2841 1351 2910 passionis
1389 2841 1798 2911 dispensatione
1828 2857 2070 2897 comme-

492 2943 692 2994 morat,
722 2942 778 2984 et
802 2933 934 2986 dicit
954 2932 998 2964 ³⁸
1027 2951 1042 2987 :
1075 2952 1092 2984 c
1121 2933 1462 2988 Recumbens
1499 2934 1767 3004 requievit
1793 2943 1852 2988 nt
1886 2935 1990 2999 leo,
2017 2945 2070 2991 et

487 3031 548 3074 ut
577 3022 786 3076 catulus
842 3021 1038 3087 leonis,
1071 3024 1194 3090 quis
1235 3023 1500 3078 excitabit
1530 3024 1740 3078 cum?»
1785 3024 2070 3094 [icquievit

2166 547 2306 600 male
2363 547 2498 614 agit,
2528 554 2583 598 et
2626 543 2860 610 turpiter
2921 551 3301 606 conversatur,
3339 549 3393 594 et
3443 541 3750 596 inhonestis

2164 638 2363 705 verbis,
2404 638 2486 691 vel
2523 636 2732 691 actibus
2767 635 2880 688 suis
2912 632 3043 688 facit
3091 647 3288 688 nomen
3334 634 3454 705 ejus
3492 632 3751 703 blasphe-

2167 733 2300 786 mari
2351 732 2493 786 inter
2519 737 2710 800 gentes
2759 745 2774 781 :
2826 727 2966 782 sicut
3011 727 3325 782 eeontrario
3365 742 3471 781 non
3525 727 3613 779 ille
3657 727 3746 795 qui

2166 825 2509 879 sermonibus
2552 825 2679 879 solis
2730 823 3019 878 Dominum
3074 822 3371 884 benedicit,
3429 821 3543 890 ipse
3585 818 3754 876 bene-

2167 915 2349 969 dicere
2380 917 2649 984 putandus
2698 922 2805 978 est,
2860 915 2954 967 sed
3003 913 3092 981 qui
3135 911 3371 974 actibus,
3418 920 3471 964 ct
3521 911 3653 975 vita,
3696 921 3752 966 et

2168 1004 2410 1058 moribus
2478 1004 2591 1058 suis
2639 1002 2770 1058 facit
2837 1003 2905 1056 ab
2969 1001 3224 1056 omnibus
3283 1015 3480 1055 nomen
3535 1000 3748 1055 Domini

2169 1095 2434 1150 benedici.
2498 1096 2562 1150 Et
2632 1097 2683 1150 in
2741 1095 2862 1150 istis
2935 1094 3107 1163 magis
3183 1093 3546 1165 complebitur
3604 1095 3749 1165 quod

2171 1186 2326 1239 tertia
2390 1182 2673 1255 prophetia
2723 1185 2940 1238 Balaam
3008 1185 3297 1254 designat,
3381 1185 3507 1253 quia
3587 1184 3750 1239 bene-

2169 1277 2410 1331 dicentcs
2449 1277 2668 1332 Christo
2720 1275 3133 1340 benedicentur,
3162 1285 3215 1329 et
3275 1275 3662 1330 maledicentes
3698 1275 3747 1328 ei

2170 1369 2445 1424 maledicti
2476 1379 2658 1424 erunt.
2679 1370 2910 1436 Propter
2930 1369 3073 1440 quod
3100 1368 3411 1422 omnimode
3434 1383 3747 1428 caveamus,

2171 1479 2239 1519 ne
2273 1474 2492 1532 prepter
2517 1472 2674 1517 actus
2699 1475 2918 1517 nostros
2941 1461 3143 1514 Christi
3171 1476 3366 1514 nomen
3400 1459 3746 1526 blaspheme-

2171 1564 2278 1614 tur,
2307 1553 2402 1606 sed
2444 1552 2618 1621 magis
2668 1552 2722 1604 id
2776 1564 3027 1619 agamus,
3057 1557 3116 1601 ιιι
3171 1549 3238 1603 de
3273 1547 3751 1602 benedictionibus

2171 1644 2287 1713 ejus
2326 1645 2627 1714 participes
2676 1658 2797 1698 esse
2833 1657 3166 1697 mereamur.
3210 1641 3312 1708 ipsi
3362 1641 3532 1711 gloria
3573 1651 3628 1696 et
3657 1643 3752 1696 be-

2172 1740 2408 1794 nedictio
2438 1739 2488 1793 in
2522 1737 2719 1793 smcula
2751 1738 3093 1792 saeculorum.
3128 1738 3322 1790 Amen.

2704 1828 2986 1883 IIOMILIA
3027 1827 3215 1884 XVIII.

2657 1921 2733 1976 De
2758 1935 2948 1993 quarta
2977 1927 3274 1993 pmphelta.

2246 2016 2297 2070 l.
2339 2015 2597 2082 Quartam
2630 2030 2778 2068 nunc
2808 2013 3147 2083 prophetiam
3179 2031 3242 2069 ex
3281 2014 3344 2069 iis
3379 2030 3499 2083 quae
3532 2015 3746 2068 Balaam

2176 2107 2229 2159 in
2277 2107 2446 2160 verbo
2499 2107 2589 2159 Dei
2624 2106 2836 2159 locutus
2866 2114 2971 2171 est,
3011 2106 3064 2159 in
3118 2121 3310 2159 manus
3358 2105 3468 2177 (78)
3517 2110 3748 2161 assumi-

2175 2214 2316 2263 mus,
2344 2199 2588 2252 volentes
2621 2199 2783 2252 etiam
2815 2198 2879 2252 de
2911 2198 3024 2265 ipsa
3058 2211 3176 2265 quae
3210 2197 3350 2251 Deus
3378 2198 3589 2252 dederit
3621 2214 3751 2268 ape-

2175 2290 2308 2343 rire.
2339 2289 2434 2342 Cui
2471 2297 2652 2342 tamen
2681 2288 2982 2358 prOphetia:
3015 2287 3236 2353 similia,
3275 2298 3331 2341 ut
3366 2287 3416 2341 in
3448 2290 3750 2356 superiori-

2174 2381 2294 2445 bus,
2326 2380 2378 2434 in
2401 2379 2720 2450 przefationc
2754 2381 3032 2450 praemissa
3059 2389 3204 2433 sunt.
3232 2380 3324 2433 Ait
3347 2381 3489 2435 enim
3516 2380 3561 2412 ⁸ο
3597 2398 3654 2436 :r
3687 2383 3753 2437 Et

2177 2471 2348 2524 iratus
2377 2481 2459 2524 est
2492 2469 2687 2523 Balach
2715 2470 3008 2524 adversum
3035 2469 3278 2536 Balaam,
3304 2480 3362 2526 et
3392 2471 3637 2541 plausum
3657 2474 3753 2528 de-

2176 2565 2252 2617 dit
2285 2565 2532 2618 manibus
2557 2566 2693 2618 suis.
2732 2564 2798 2618 Et
2852 2564 2990 2617 dixit
3023 2563 3222 2617 Balach
3260 2565 3326 2619 ad
3357 2563 3576 2620 Balaam
3606 2587 3618 2620 :
3652 2567 3753 2620 Ma-

2174 2652 2405 2708 ledicere
2446 2654 2724 2708 inimicum
2758 2669 2936 2708 meum
2968 2655 3153 2709 vocavi
3187 2663 3258 2720 te,
3291 2667 3345 2710 et
3371 2672 3499 2710 ecce
3527 2658 3750 2712 benedi-

2173 2761 2303 2802 cens
2346 2747 2671 2801 benedixisti
2725 2747 2908 2801 tertio.
2950 2745 3104 2801 Nunc
3151 2762 3281 2817 ergo
3324 2747 3448 2818 fuge
3482 2749 3536 2802 in
3571 2750 3749 2805 locmn

2173 2849 2323 2894 tuum
2359 2839 2531 2906 :dix-i,
2564 2839 2844 2893 honorabo
2875 2848 2950 2905 te,
2981 2849 3037 2893 et
3079 2855 3227 2894 nunc
3251 2840 3522 2896 fraudavit
3559 2851 3609 2897 te
3640 2844 3750 2897 Do-

2173 2934 2353 2988 minus
2383 2934 2612 2987 honore.
2635 2952 2653 2985 ι
2695 2931 2941 2987 Ostendit
2971 2934 3024 2986 in
3060 2933 3147 2997 iis,
3185 2935 3310 3003 quia
3344 2945 3396 2990 et
3427 2934 3625 2991 Balach
3663 2937 3748 2992 in.

2175 3027 2447 3083 tellexerit
2477 3042 2582 3079 non
2608 3026 2720 3096 jam
2753 3025 3060 3079 daemonum
3113 3027 3419 3082 ministerio
3442 3029 3617 3098 decipi
3657 3029 3752 3081 Ba-

489 3124 548 3168 ut
581 3115 682 3176 leo,
729 3130 849 3167 cum
883 3115 934 3168 in
975 3130 1135 3168 cruce
1173 3117 1401 3185 positus,
1440 3117 1776 3186 principatus
1811 3127 1864 3171 et
1913 3127 2065 3188 pote-
2095 3139 2140 3201 ο
2175 3120 2341 3184 laam,
2369 3119 2464 3172 sed
2492 3119 2583 3172 Dei
2617 3119 2816 3172 virtute
2842 3119 2909 3172 ad
2942 3119 3172 3173 meliora
3204 3119 3514 3187 transferri,
3545 3132 3595 3174 et
3631 3123 3750 3177 ideo

495 3217 661 3262 states
701 3208 875 3271 exuit,
910 3218 963 3261 ct
995 3207 1357 3278 triumphavit
1385 3222 1477 3263 eas
1507 3209 1559 3263 in
1591 3210 1736 3279 ligno
1760 3212 1962 3266 crucis.
2001 3209 2071 3266 Ut

487 3296 700 3350 catulus
762 3308 942 3352 autem
996 3297 1188 3362 leonis,
1249 3311 1372 3351 cum
1437 3300 1736 3352 resurrexit
1797 3316 1825 3352 a
1876 3315 2068 3354 somno

489 3390 702 3442 mortis.
755 3387 911 3453 Quod
963 3397 1142 3442 autem
1183 3387 1326 3441 leoni
1360 3387 1522 3442 simul
1574 3400 1625 3444 et
1660 3391 1842 3446 catqu
1897 3391 2070 3446 leonis

491 3487 865 3546 cotttparatnr,
916 3487 1091 3545 potest
1127 3479 1303 3533 adhuc
1334 3490 1389 3534 et
1419 3491 1643 3551 propter
1681 3482 1783 3536 hoc
1818 3484 2066 3554 intelligi,

491 3581 548 3622 ιιι
571 3571 622 3622 in
658 3570 722 3622 iis
757 3570 846 3638 qui
874 3571 1096 3639 perfecti
1133 3581 1274 3634 sunt,
1310 3573 1416 3634 leo,
1451 3574 1502 3626 in
1534 3574 1603 3626 iis
1638 3589 1767 3628 vero
1799 3575 1889 3643 qui
1929 3575 2065 3630 inci~

490 3665 701 3732 pientes
749 3671 877 3716 sunt
919 3672 973 3716 et
1013 3665 1194 3724 rudes,
1241 3665 1457 3719 catulus
1514 3665 1689 3720 leonis
1734 3668 2066 3725 nominetur.

490 3755 643 3822 Quod
690 3770 819 3807 vero
873 3756 987 3807 ait:
1023 3754 1203 3821 «Quis
1259 3757 1543 3811 suscitabit
1590 3759 1752 3812 eum?
1786 3777 1806 3812 ι
1867 3761 2068 3816 idcirco

491 3847 615 3913 quia
665 3861 808 3899 nunc
844 3861 872 3898 a
909 3846 1068 3900 Patre
1107 3849 1309 3903 tIlCIllll'
1349 3849 1666 3914 suscitatus,
1703 3868 1850 3906 nunc
1904 3854 2067 3906 etiam

493 3940 608 4007 ipse
653 3937 909 4005 templum
946 3940 1195 4008 corporis
1229 3942 1309 3993 sui
1360 3949 1482 4010 post
1533 3942 1769 3994 triduum
1800 3944 2068 3998 suscitare

489 4049 549 4088 se
583 4035 712 4088 dicit
741 4049 756 4086 :
787 4043 842 4087 et
874 4034 1068 4089 merito
1098 4035 1149 4088 in
1184 4036 1284 4089 hoc
1316 4036 1469 4107 quasi
1521 4037 1892 4104 percontantis
1928 4035 2070 4090 desi-

492 4136 686 4194 gnatur
748 4124 996 4181 affectus.
1037 4125 1178 4192 «Qui
1225 4127 1555 4182 benedicunt
1615 4128 1732 4192 tibi,
1796 4125 2067 4181 benedicti

489 4228 617 4270 sunt
649 4235 662 4272 :
695 4228 749 4271 et
805 4217 894 4286 qui
947 4218 1278 4272 maledicunt
1333 4220 1449 4283 tibi,
1485 4219 1755 4272 maledicti
1806 4218 2011 4270 sunt”.
2044 4236 2062 4269 ι

487 4305 712 4359 Certum
766 4315 848 4359 est
904 4308 1046 4375 quod
1094 4307 1478 4362 benedicentes
1523 4308 1742 4362 Christo
1796 4307 2064 4361 benedicti

489 4409 636 4461 sunt,
668 4407 724 4452 et
778 4399 829 4452 in
890 4400 1324 4452 connntmionem
1376 4409 1615 4469 paterna:
1677 4399 2068 4454 benedictionis

2175 3213 2346 3268 dicit:
2375 3231 2392 3262 ι
2420 3211 2680 3267 Dominus
2699 3213 2971 3268 fraudavit
2996 3222 3046 3267 te
3066 3212 3298 3267 honore.
3329 3233 3346 3266 ι
3374 3214 3477 3266 Sed
3503 3215 3615 3269 haec
3632 3229 3750 3283 qua:

2175 3303 2336 3372 plana
2367 3311 2492 3357 sunt
2521 3313 2997 3368 transcurrentes,
3032 3306 3098 3359 ad
3129 3306 3414 3373 sequentia
3450 3308 3751 3361 veniamus.

2178 3415 2197 3448 ι
2228 3396 2293 3450 Ει
2315 3397 2452 3450 dixit
2476 3397 2694 3451 Balaam
2723 3398 2788 3451 ad
2817 3396 3048 3452 Balach:
3079 3397 3269 3451 Nonne
3299 3408 3353 3452 et
3384 3399 3592 3454 nuntiis
3623 3401 3751 3467 tuis,

2172 3504 2310 3559 quos
2346 3487 2540 3542 misisti
2572 3487 2637 3540 ad
2671 3503 2781 3550 me,
2820 3487 3037 3542 locutus
3072 3503 3192 3541 sum
3250 3490 3442 3544 dicens
3471 3507 3484 3542 :
3515 3490 3570 3545 Si
3623 3491 3751 3546 mihi

2175 3580 2387 3634 dederit
2418 3577 2614 3632 Balach
2652 3577 2864 3644 plenam
2899 3576 3062 3648 340
3091 3579 3312 3632 domum
3349 3594 3499 3633 suam
3528 3595 3755 3649 argento

2172 3685 2226 3728 et
2258 3688 2410 3736 auro,
2442 3687 2547 3724 non
2581 3681 2772 3740 potero
2806 3673 3113 3740 transgredi
3147 3673 3368 3725 verbum
3404 3673 3635 3736 Domini,
3673 3676 3753 3729 fa-

2172 3781 2297 3820 cere
2329 3764 2455 3818 illttd
2487 3765 2712 3828 bonum,
2740 3772 2834 3816 aut
2867 3766 3067 3816 malum
3097 3767 3235 3833 apttd
3264 3766 3562 3835 meipsnm?
3587 3767 3751 3834 Quae-

2173 3870 2385 3925 cunque
2421 3855 2549 3908 mihi
2579 3857 2778 3910 dixerit
2811 3855 2950 3908 Deus
2984 3855 3098 3909 ιιωο
3131 3857 3329 3911 dicam.
3365 3857 3426 3910 Et
3453 3874 3601 3913 nunc
3624 3875 3753 3915 ecce

2175 3949 2337 4005 redeo
2364 3951 2416 4004 in
2445 3951 2620 4004 locum
2647 3965 2824 4003 meum
2853 3950 2917 4003 “.
2955 3970 2972 4002 ι
3009 3949 3200 4005 Sciens
3231 3950 3445 4004 Balaam
3475 3954 3617 4021 quod
3645 3969 3752 4007 non

2171 4045 2274 4101 sibi
2327 4060 2423 4114 per
2476 4044 2760 4099 ministros
2810 4046 3002 4101 solitos
3057 4060 3320 4114 responsa
3382 4045 3750 4112 deferrentur,

2170 4136 2266 4190 sed
2313 4137 2380 4190 ab
2431 4150 2495 4190 eo
2541 4135 2631 4204 qui
2678 4137 2906 4191 haberet
2952 4138 3194 4191 omnium
3229 4145 3572 4206 potestatem,
3605 4150 3751 4193 recte

2167 4227 2387 4291 videtur
2435 4236 2773 4296 protestatus
2820 4245 2923 4284 non
2977 4244 3036 4284 se
3091 4245 3248 4298 posse
3279 4230 3501 4284 verbum
3539 4229 3750 4284 Domini

2171 4321 2503 4390 tranSgredi,
2539 4333 2590 4375 et
2623 4320 2806 4376 facere
2855 4321 3022 4374 ullum
3055 4321 3333 4390 pusillum,
3363 4331 3452 4375 aut
3495 4337 3750 4392 magnum

2173 4414 2314 4483 apud
2348 4415 2732 4483 semetipsum.
2766 4412 2886 4467 Non
2911 4414 3054 4467 enim
3091 4413 3177 4466 ille
3210 4413 3533 4482 loquebatur
3567 4416 3637 4479 ei,
3659 4417 3750 4484 qui

492 4492 775 4559 assmnpti.
811 4490 916 4556 Qui
958 4501 1136 4543 autem
1193 4491 1552 4556 maledicunt,
1609 4493 1879 4546 maledicti
1923 4502 2066 4546 sunt.
2104 4509 2149 4566 υ
2180 4517 2365 4576 posset
2408 4506 2696 4561 sacriﬁciis
2745 4517 2798 4559 et
2833 4505 3150 4558 muneribus
3191 4505 3512 4572 permntari,
3539 4507 3630 4559 sed
3665 4505 3754 4560 ille

491 4581 547 4632 Si
580 4582 722 4634 enim
761 4582 824 4633 ad
855 4580 1113 4646 populum
1150 4581 1308 4632 istum
1339 4582 1619 4649 respicias,
1654 4585 1745 4651 qui
1791 4583 2067 4637 maledicit

489 4675 726 4738 Christo,
757 4674 920 4726 etiam
952 4673 1376 4744 lacrymabiliter
1417 4677 1694 4731 invenitur
1737 4691 1858 4731 esse
1904 4677 2069 4730 male-

489 4791 688 4845 dictus.
719 4789 855 4854 Quid
891 4789 1036 4841 enim
1068 4788 1210 4841 aliud
1229 4790 1446 4842 evenire
1479 4799 1658 4856 posset
1691 4789 1756 4842 iis
1781 4789 1868 4856 qui
1904 4789 2068 4843 male-

489 4883 676 4935 dicunt
727 4883 1031 4951 sapientitc,
1061 4882 1149 4948 qui
1184 4880 1516 4934 tnaledicunt
1549 4882 1793 4942 veritati,
1827 4881 1915 4949 qui
1947 4897 2062 4932 ma-

488 4973 725 5028 ledicunt
759 4976 902 5036 vitze,
937 4974 1036 5026 nisi
1075 4982 1130 5025 ιιι
1157 4973 1221 5026 ab
1255 4972 1321 5026 iis
1349 4973 1603 5026 omnibus
1631 4972 1788 5026 bonis
1817 4981 2064 5026 extorres

487 5077 541 5122 et
573 5067 788 5120 exsules
820 5065 1076 5135 jaceant?
1119 5063 1243 5118 lIa‘c
1269 5067 1413 5118 enim
1439 5065 1620 5118 omnia
1663 5064 1913 5118 Christus
1939 5073 2021 5118 est
2049 5082 2063 5117 :

486 5170 543 5214 et
576 5160 664 5227 qui
691 5157 960 5212 maledicit
984 5158 1225 5225 Christo,
1253 5169 1512 5227 tanquam
1537 5158 1602 5210 iis
1630 5157 1882 5211 utnnibus
1911 5156 2066 5210 bonis

487 5249 838 5311 maledicens,
877 5257 1133 5316 perpetua
1203 5248 1578 5302 maledictione
1621 5247 1909 5300 damnatus
1958 5255 2060 5301 est.

491 5344 600 5414 ligo
647 5352 828 5396 tamen
873 5351 1005 5413 puto
1050 5345 1192 5411 quod
1242 5359 1348 5396 non
1407 5340 1496 5395 ille
1551 5339 1724 5394 solum
1777 5340 2066 5394 maledicat

488 5438 726 5500 ChtiSto,
757 5439 845 5504 qui
879 5449 1182 5490 sermonem
1207 5436 1499 5489 adversum
1551 5449 1672 5488 eum
1731 5434 2060 5488 maledicum

560 5577 604 5606 ³³
627 5581 749 5630 Act.
775 5591 968 5637 xan,
996 5576 1088 5634 27.

491 5644 532 5676 ³³
558 5644 716 5698 Nunt.
753 5660 900 5711 xxiv,
935 5647 987 5702 9.

1167 5575 1371 5630 "Deut.
1403 5591 1578 5639 χχχιι,
1615 5575 1703 5628 l5.

1092 5647 1137 5678 ⁸ο
1168 5646 1300 5700 ibid.
1337 5645 1424 5710 10,
1456 5646 1542 5699 Η.

561 5761 671 5828 (77)
713 5761 866 5833 Mss.,
911 5771 1007 5817 «et
1050 5764 1245 5817 unicus
1275 5772 1329 5817 et
1365 5762 1672 5833 multiplex,
1705 5781 1722 5815 ι
1765 5762 1859 5818 sed
1916 5760 2052 5818 libb.

493 5839 649 5884 antea
678 5832 811 5886 editi
839 5833 1097 5888 omittunt
1129 5852 1145 5884 ι
1172 5843 1226 5889 et
1257 5833 1470 5889 unicus.
1501 5851 1519 5885 ι

1785 5573 1829 5605 ³⁵
1858 5571 2020 5630 Joan.
2048 5584 2120 5638 tv,
2147 5571 2238 5626 54.

1647 5645 1689 5676 δι
1730 5643 1862 5699 ibid.
1898 5643 1989 5708 te,
2029 5646 2116 5712 ιδ,
2145 5641 2229 5697 ιι.

2173 4609 2291 4654 erat
2319 4599 2457 4668 apud
2484 4613 2645 4667 quem
2682 4612 2784 4649 non
2829 4606 2913 4650 est
2947 4599 3351 4660 transmutatio,
3385 4612 3484 4651 nec
3511 4613 3751 4651 contmn-

2173 4692 2396 4745 talionis
2429 4689 2622 4743 utnbra
2647 4689 2714 4742 ⁵⁸.
2742 4687 2806 4742 Ει
2835 4689 2955 4743 ideo
2979 4705 3086 4743 non
3110 4701 3288 4758 potest
3321 4694 3578 4746 sacerdos
3611 4708 3752 4745 mer-

2170 4786 2303 4839 cede
2348 4784 2572 4847 mutari,
2612 4785 2700 4837 ubi
2754 4782 2895 4837 Deus
2941 4785 3260 4839 muneribus
3313 4800 3419 4838 non
3479 4796 3747 4838 movetur.

2175 4877 2528 4931 Discessurus
2567 4886 2745 4930 tamen
2783 4875 3001 4929 Balaam
3055 4877 3246 4946 incipit
3278 4879 3472 4932 iterum
3519 4880 3751 4948 prophe-

2176 4980 2312 5033 tare,
2349 4979 2404 5023 et
2436 4967 2673 5023 dicit”:
2705 4987 2720 5018 ι
2753 4967 2908 5032 Veni,
2945 4969 3229 5022 consilium
3273 4972 3338 5023 do
3378 4971 3473 5024 tibi
3517 4973 3644 5040 quid
3673 4970 3751 5024 fa-

2176 5061 2282 5116 ciet
2333 5060 2560 5128 p0pulns
2599 5061 2686 5113 hic
2735 5060 2932 5129 populo
2984 5071 3073 5112 tuo
3109 5060 3160 5112 in
3194 5062 3501 5115 novissimis
3539 5061 3747 5114 diebus.

2177 5152 2242 5205 Et
2279 5161 2556 5220 assumpta
2593 5152 2852 5219 parabola
2884 5163 2980 5203 sua
3013 5150 3110 5205 ait.
3143 5169 3162 5200 ›
3196 5149 3302 5205 Sed
3337 5151 3654 5220 priusquam
3682 5150 3750 5203 ad

2176 5242 2620 5312 explanationem
2654 5257 2840 5301 eorum
2874 5258 2993 5311 qua:
3028 5244 3351 5312 prophetata
3391 5254 3538 5308 sunt,
3567 5244 3752 5297 venia-

2176 5350 2317 5399 mus,
2353 5335 2512 5389 velim
2551 5335 2832 5404 requirere
2857 5335 2978 5404 quis
3002 5335 3102 5388 iste
3135 5348 3327 5389 sensus
3352 5335 3443 5400 sit,
3469 5335 3592 5404 quis
3614 5335 3751 5390 ordo

2171 5428 2484 5491 verborum,
2509 5428 2653 5496 quod
2682 5427 2792 5482 ait:
2826 5444 2847 5479 ι
2887 5425 3020 5482 Veni
3067 5435 3120 5480 et
3155 5427 3442 5482 consilium
3471 5429 3538 5481 do
3569 5427 3686 5481 tibi.
3723 5445 3742 5478 ι

2316 5568 2361 5600 ³⁸
2395 5566 2523 5636 Sap.
2557 5582 2654 5630 vlt,
2682 5566 2771 5621 22.
2851 5566 2894 5598 ³⁷
2922 5565 3084 5620 Num.
3115 5582 3264 5630 xxiv,
3297 5566 3348 5620 8.
3447 5565 3494 5636 ξε
3518 5565 3650 5619 ibid.
3685 5564 3741 5620 9.

2339 5634 2575 5693 "Jaéob.
2604 5653 2644 5705 I,
2675 5638 2762 5691 l7.
2838 5637 2882 5668 ⁴³
2914 5637 3072 5691 Num.
3108 5653 3256 5701 χχιιι,
3287 5637 3375 5700 14,
3409 5635 3496 5690 15.

2238 5759 2350 5832 (78)
2379 5757 2444 5812 In
2476 5771 2683 5832 atauus.
2715 5753 2792 5808 Ita
2811 5755 2979 5810 codex
3013 5752 3378 5820 Corbeicnsis,
3409 5748 3535 5805 libri
3561 5754 3740 5802 autem

2172 5826 2381 5896 editi,'t
2417 5832 2467 5884 in
2504 5826 2773 5882 manibus.
2797 5843 2815 5877 ι
