4134 6442
444 426 549 480 715

1610 418 1676 471 ΙΝ
1713 412 2043 472 NUMEROS
2079 410 2364 467 IlOMlLlA
2391 410 2579 467 XVIII.

3609 419 3707 472 7H

449 542 513 594 Et
566 536 778 591 consilii
832 535 1052 605 quidem
1108 533 1239 587 nihil
1303 533 1431 586 dare
1482 533 1720 597 videtur,
1763 535 1856 586 sed
1909 533 2023 584 ait:
2060 539 2102 588 Λ
2134 527 2269 579 laam
2300 528 2443 580 filius
2473 528 2630 592 Beor,
2667 529 2826 579 homo
2859 544 2990 583 vere
3019 530 3226 596 videns,
3258 540 3311 585 et
3342 532 3567 587 audiens
3590 548 3707 587 ser-

455 650 475 681 ‹
516 628 653 697 Quid
682 628 924 683 facturus
948 626 1019 679 sit
1045 626 1274 694 pepulus
1298 625 1386 678 hic
1412 625 1611 693 popqu
1636 632 1728 677 tuo
1766 622 1816 675 in
1848 622 2029 675 novis-

448 723 605 779 simis
656 721 883 784 diebus;
914 737 934 769 ι
988 733 1110 772 cum
1148 719 1338 787 utique
1367 715 1788 770 convenientius
1825 714 2026 767 dictmn

449 814 749 875 videretur,
792 810 837 864 si
867 810 1116 865 diceret:
1146 806 1303 868 Veni,
1348 806 1617 875 propheto
1651 804 1750 858 tibi
1784 803 1913 873 quid
1950 802 2028 856 fa-

456 914 647 957 cturus
696 903 769 957 sit
806 903 1034 970 populus
1084 900 1172 953 hic
1217 897 1415 968 populo
1466 908 1555 951 tuo
1604 897 1658 949 in
1716 894 2029 949 novissimis

461 995 769 1058 diebus;et
794 1000 940 1048 esset
986 992 1172 1059 utique
1222 988 1634 1056 consequentia,
1663 995 1721 1039 ut
1750 986 2027 1040 videretur

452 1086 670 1141 Italaam
700 1084 1027 1154 prophetare
1056 1083 1121 1137 de
1149 1084 1215 1135 iis
1243 1096 1364 1150 qure
1392 1080 1618 1148 populus
1648 1077 1812 1133 Israel
1850 1077 2028 1130 factu--

449 1194 543 1233 rus
589 1184 736 1232 esset
778 1175 976 1246 populo
1029 1174 1251 1237 Balacb,
1290 1172 1375 1227 vel
1409 1172 1621 1226 caneris
1648 1170 1943 1241 gentibus:
1973 1180 2025 1221 et

445 1270 589 1338 quod
631 1269 683 1322 in
736 1268 937 1322 virtute
964 1266 1124 1321 faciet
1152 1267 1224 1319 ita
1258 1276 1315 1319 ut
1346 1281 1451 1320 non
1484 1264 1845 1332 relinquatex
1873 1262 2025 1315 urbi-

445 1362 547 1413 bus
584 1359 739 1414 Moab
773 1359 939 1411 ullum
966 1358 1058 1427 qui
1093 1358 1278 1411 salvus
1307 1356 1418 1411 ﬁat.

515 1452 571 1506 2.
607 1451 711 1506 Sed
737 1460 793 1505 et
822 1450 1106 1520 prophetia
1139 1449 1494 1503 nihilominus
1522 1461 1683 1515 quam
1709 1446 1774 1501 de
1807 1446 2025 1501 Christo

444 1542 724 1613 conjungit
754 1546 806 1596 in
844 1542 1336 1611 consequentibus,
1366 1549 1421 1595 et
1464 1540 1600 1593 dicit
1626 1538 1711 1589 διε
1749 1555 1767 1588 ο
1802 1537 2025 1593 Orietur

445 1637 602 1691 stella
650 1650 717 1690 ex
764 1634 954 1699 Jacob,
1006 1645 1059 1689 et
1108 1642 1365 1702 exsurget
1416 1634 1577 1686 homo
1616 1646 1681 1685 ex
1725 1629 1916 1695 Israel,
1972 1640 2027 1685 et

443 1729 681 1783 vastabit
714 1728 987 1798 principes
1027 1726 1205 1788 Moab,
1240 1744 1259 1776 ι
1300 1723 1692 1777 convenienter
1724 1724 1897 1792 posita
1947 1724 2017 1777 vi:

445 1821 686 1883 deretur,
722 1821 765 1872 si
831 1818 1092 1885 scriptum
1126 1825 1269 1870 esset
1298 1833 1311 1869 :
1343 1815 1502 1876 Veni,
1532 1823 1585 1869 et
1615 1815 1876 1883 pr0pheto
1907 1815 2021 1868 tibi.

2132 634 2320 674 mones
2362 620 2479 683 Dei,
2525 620 2703 674 sciens
2744 621 3032 677 scientiam
3089 624 3323 690 Excelsi,
3352 632 3406 679 et
3438 626 3706 680 visionem

2132 709 2227 763 Dei
2274 710 2465 765 videns
2519 710 2571 764 in
2610 714 2838 777 somnis,
2873 717 3097 769 revelati
3143 717 3280 770 oculi
3312 716 3451 785 ejus.
3484 737 3501 770 ι
3532 718 3605 773 De
3643 720 3709 775 iis

2129 799 2383 855 omnibus
2428 801 2539 870 jam
2594 803 2850 871 superius
2880 806 3142 873 diximus,
3177 810 3303 877 quia
3338 820 3392 865 et
3427 811 3477 866 in
3509 812 3707 881 praefa-

2131 890 2277 942 tione
2334 893 2506 945 tertia:
2551 894 2846 962 prophetia:
2900 898 3087 951 eadem
3141 901 3343 968 scripta
3390 915 3536 959 sunt.
3593 905 3705 959 Hoc

2128 995 2261 1036 sane
2291 982 2464 1037 solum
2505 985 2556 1038 in
2609 989 2861 1054 praesenti
2895 991 3106 1044 videtur
3139 994 3378 1048 additum
3417 998 3559 1064 quod
3587 999 3703 1052 ait:

2134 1089 2153 1122 ι
2184 1073 2374 1129 Sciens
2405 1077 2690 1130 scientiam
2724 1079 2956 1134 Excelsi.
2982 1101 3000 1133 ι
3042 1082 3152 1138 lloc
3184 1086 3325 1139 enim
3374 1086 3426 1140 in
3463 1090 3705 1157 superio-

2128 1166 2280 1220 ribus
2309 1181 2412 1220 non
2450 1177 2535 1223 est
2566 1169 2770 1225 dictum
2796 1173 2863 1227 de
2891 1173 3117 1229 Balaam
3150 1193 3164 1229 :
3192 1178 3334 1245 quod
3364 1180 3580 1248 quidem
3606 1196 3706 1234 nec

2129 1257 2284 1313 facile
2315 1260 2380 1314 de
2407 1276 2678 1331 quoquam
2705 1264 2950 1321 omnium
2986 1277 3296 1325 sanctorum
3322 1272 3705 1341 prophetarum

2128 1352 2389 1420 scriptum
2420 1368 2539 1407 esse
2573 1355 2928 1423 deprehendi.

2198 1444 2252 1496 5.
2299 1442 2449 1498 Unde
2487 1456 2540 1499 et
2569 1448 2723 1501 valde
2752 1450 2918 1503 miror
2948 1452 3221 1520 quomodo
3253 1454 3354 1507 hoc
3390 1456 3456 1510 de
3485 1456 3703 1513 Balaam

2128 1536 2390 1597 scriptum
2441 1546 2546 1599 est,
2598 1539 2684 1592 cui
2732 1555 2831 1594 nec
2878 1542 2985 1597 hoc
3029 1558 3352 1600 cont-essum
3388 1559 3471 1603 est
3501 1552 3703 1614 dicere,

2128 1628 2271 1696 quod
2304 1631 2581 1698 prepbelis
2616 1646 2736 1686 esse
2768 1633 2819 1686 in
2863 1649 2961 1688 usu
2987 1636 3144 1701 solet,
3174 1658 3191 1690 ι
3218 1639 3335 1693 haec
3371 1643 3499 1695 dicit
3526 1644 3707 1698 Domi—

2130 1731 2265 1781 nus;
2300 1735 2319 1768 ι
2362 1717 2455 1771 sed
2499 1720 2612 1773 ait:
2646 1739 2663 1770 σ
2690 1721 2836 1775 Dixit
2898 1724 3135 1793 Balaam,
3175 1730 3311 1784 dixit
3362 1732 3524 1787 homo
3581 1751 3707 1792 vere

2129 1809 2339 1864 videns.
2373 1828 2392 1862 ι
2429 1809 2565 1865 Tum
2603 1814 2797 1870 deinde
2818 1826 2872 1870 et
2896 1819 3171 1885 quomodo
3198 1822 3421 1891 dignum
3453 1830 3558 1880 erit
3586 1836 3705 1882 tan-

442 1910 596 1965 Nunc
641 1920 820 1964 autem
868 1877 997 1977 quid
1042 1909 1290 1963 dicemus
1336 1908 1402 1961 ad
1436 1907 1541 1961 hoc
1585 1908 1727 1974 quod
1754 1907 2019 1976 scriptum
2055 1877 2097 1933 B
2129 1912 2240 1956 tum
2284 1904 2427 1959 istud
2479 1906 2703 1977 intelligi
2739 1912 2807 1963 de
2841 1911 3080 1976 Balaam,
3123 1922 3181 1969 ut
3218 1877 3359 1969 sciat
3413 1918 3704 1975 scientiam

442 2012 526 2056 est
557 2019 573 2055 :
605 2021 624 2053 ι
656 2001 815 2064 Veni,
847 2000 1138 2056 consilium
1181 1998 1278 2053 tibi
1312 1998 1383 2053 do
1412 1998 1540 2067 quid
1575 1997 1743 2053 faciet
1790 1998 2021 2067 pepulus

448 2098 536 2150 hic
562 2096 764 2165 populo
802 2094 935 2148 tuo?
965 2112 982 2144 ι
1014 2092 1379 2162 Requiramus
1405 2104 1534 2159 ergo
1550 2090 1823 2158 quomodo
1852 2089 2013 2144 intel-

444 2186 536 2255 ligi
566 2187 762 2240 debeat
784 2187 925 2255 quod
961 2184 1224 2251 scriptum
1248 2190 1332 2236 est
1357 2198 1371 2234 :
1402 2200 1420 2232 ι
1450 2180 1748 2237 Consilium
1779 2181 1873 2235 tibi
1895 2183 2014 2247 do,»

440 2278 509 2331 de
541 2290 649 2346 quo
705 2291 848 2345 saepe
880 2274 1020 2344 apud
1065 2274 1445 2343 memetipsum
1474 2273 1779 2341 requirens,
1818 2273 2018 2327 nullmu

439 2364 593 2435 potui
624 2365 827 2420 exitum
864 2365 1117 2420 invenire
1147 2364 1453 2430 sententiae,
1487 2366 1529 2419 si
1582 2366 1685 2420 hoc
1715 2367 1857 2433 quod
1901 2368 2013 2421 ait?

443 2473 463 2507 ι
492 2454 793 2511 Consilium
842 2456 938 2511 tibi
981 2458 1067 2522 do,
1098 2474 1116 2507 ι
1165 2456 1441 2511 communi
1488 2463 1544 2509 et
1603 2457 1803 2509 usitato
1864 2472 2019 2511 more

438 2548 641 2603 dictum
675 2558 951 2618 putemus.
994 2548 1103 2604 Sed
1142 2549 1274 2603 illud
1324 2548 1499 2617 magis
1523 2548 1631 2603 vidi
1666 2564 1787 2604 esse
1819 2564 2017 2604 conve-

437 2640 595 2696 niens
644 2642 789 2710 quod
835 2642 956 2697 ait:
987 2642 1330 2697 «Consilium
1388 2641 1481 2695 tibi
1537 2641 1623 2705 do,
1655 2659 1674 2691 ι
1714 2650 1776 2697 ut
1808 2642 1881 2696 ita
1929 2643 2016 2697 di-

435 2743 583 2788 ctum
616 2734 730 2805 (79)
762 2734 1130 2806 intelligatur:
1156 2732 1462 2789 Consilium
1496 2733 1740 2788 divinum
1782 2734 1925 2803 quod
1964 2734 2016 2789 in

437 2826 752 2883 novissimis
788 2827 981 2882 diebus
1009 2826 1347 2895 implendum
1376 2835 1480 2890 est,
1516 2826 1649 2881 mihi
1685 2842 1833 2882 nunc
1867 2841 2021 2883 reve-

434 2920 631 2985 latum,
676 2919 866 2989 aperio
923 2919 1018 2973 tibi
1057 2926 1112 2973 et
1162 2916 1476 2983 manifesto,
1508 2926 1565 2971 ut
1596 2918 1738 2973 scias
1763 2918 1893 2987 quid
1925 2932 2019 2986 po-

439 3012 598 3082 pulus
628 3012 720 3067 hic
742 3010 907 3066 faciet
931 3010 1131 3080 populo
1156 3018 1273 3064 tuo.
1295 3009 1361 3062 Et
1390 3009 1494 3063 hoc
1525 3011 1684 3063 modo
1707 3018 1853 3065 stare
1888 3010 2017 3064 mihi

433 3109 611 3163 visum
640 3114 725 3160 est
758 3117 918 3173 posse
942 3102 1087 3171 quod
1113 3101 1190 3155 ait
1218 3116 1233 3153 :
1266 3117 1285 3151 ε
1313 3100 1618 3155 Consilium
1647 3101 1739 3155 tibi
1780 3102 1848 3155 do
1885 3102 2014 3171 quid

2127 1993 2340 2048 Excelsi
2374 2012 2388 2049 :
2423 1996 2513 2064 qui
2541 2000 2703 2052 etiam
2731 1999 2928 2056 Balacb
2958 2018 3136 2075 regem
3165 2007 3411 2063 docuerit
3433 2016 3707 2079 quomodo

2126 2084 2441 2138 scandalum
2475 2088 2718 2144 mitteret
2754 2106 2942 2145 coram
2983 2094 3108 2149 liliis
3149 2096 3340 2159 Israel,
3374 2109 3431 2153 ut
3464 2104 3697 2158 mandu-

2124 2185 2316 2230 carent
2366 2177 2667 2247 immolata,
2717 2192 2774 2236 et
2820 2182 3396 2245 fornicarentur?Vix
3448 2195 3591 2247 enim
3636 2198 3706 2251 de

2125 2267 2332 2321 sanctis
2382 2271 2665 2339 prophetis
2696 2283 2792 2329 aut
2826 2280 3089 2344 apostolis
3122 2279 3361 2336 inveniet
3392 2285 3593 2355 aliquis
3619 2290 3704 2343 di-

2125 2367 2296 2423 ctum,
2322 2361 2447 2429 quia
2477 2364 2651 2417 sciant
2686 2366 2966 2422 scientiam
3002 2370 3244 2431 Excelsi.
3282 2375 3542 2440 Quamvis
3565 2379 3705 2437 Pau-

2126 2448 2208 2505 lus
2233 2452 2437 2508 dixerit
2468 2457 2691 2512 audisse
2722 2473 2781 2514 se
2807 2462 2971 2515 verba
3002 2463 3395 2524 iuenarrabilia
3444 2487 3563 2541 qutc
3594 2490 3702 2531 non

2124 2540 2249 2598 licet
2279 2544 2484 2601 homini
2522 2547 2756 2618 loqui“,
2794 2562 2975 2609 tamen
3029 2572 3135 2612 non
3179 2570 3262 2615 est
3306 2566 3585 2630 professus
3611 2567 3705 2622 ba-

2123 2636 2253 2691 bere
2274 2650 2337 2692 se
2361 2639 2645 2695 scientiam
2682 2642 2918 2700 Excelsi.
2955 2648 3184 2715 Propter
3216 2656 3359 2722 quod
3388 2657 3703 2728 diligentius

2122 2728 2475 2787 intendamus
2500 2734 2543 2788 si
2576 2733 2717 2791 forte
2755 2737 2983 2806 dignum
3015 2741 3221 2811 aliquid
3252 2746 3407 2801 nobis
3438 2747 3583 2805 Deus
3612 2767 3705 2807 sn-

2122 2834 2220 2886 per
2248 2820 2354 2877 hoc
2396 2835 2650 2879 sermone
2710 2828 2955 2884 revelare
2988 2831 3326 2900 dignabitur.
3358 2836 3413 2890 In
3446 2838 3586 2896 libro
3610 2845 3701 2912 qui

2122 2912 2263 2978 apud
2313 2926 2413 2968 nos
2441 2914 2665 2983 quidem
2701 2915 2845 2971 inter
2869 2919 3178 2977 Salomonis
3212 2928 3485 2981 volumina
3513 2930 3700 2987 haberi

2123 3002 2263 3057 solet
2294 3012 2349 3057 et
2379 3002 2801 3062 Ecclesiasticds
2846 3010 2974 3075 dici,
3008 3014 3147 3080 apud
3200 3014 3421 3072 Grzecos
3453 3035 3584 3075 vero
3615 3038 3703 3078 sa-

2124 3094 2327 3161 pientia
2351 3094 2477 3150 Jesu
2507 3097 2604 3150 lilii
2633 3096 2829 3153 Sirach
2865 3102 3188 3169 appellatur,
3214 3107 3475 3176 scriptum
3505 3121 3585 3166 est
3610 3113 3654 3145 "
3680 3132 3696 3169 :

435 3199 678 3254 facturus
726 3206 810 3250 est
856 3192 1086 3262 populus
1151 3193 1239 3248 bie
1288 3191 1487 3262 pepulo
1538 3202 1664 3256 tuo;
1697 3211 1715 3242 ι
1753 3192 1857 3245 hoc
1904 3201 2007 3254 est,
2041 3209 2082 3268 ρ
2127 3202 2145 3229 σ
2170 3184 2358 3241 Omnis
2389 3187 2657 3255 sapientia
2684 3203 2711 3241 a
2737 3188 2848 3242 Deo
2864 3199 2967 3246 est.
3000 3214 3018 3247 ι
3047 3196 3199 3261 Quod
3234 3199 3467 3254 fortasse
3504 3216 3702 3270 possu-

436 3287 727 3344 consilium
766 3285 857 3339 Dei
882 3284 1110 3338 enuntio
1143 3284 1241 3336 tibi
1271 3293 1326 3338 et
1350 3282 1660 3338 manifesto.
1688 3284 2011 3353 Requirenti

436 3393 569 3434 sane
599 3378 729 3431 mibi
769 3375 944 3431 sicubi
979 3374 1118 3428 forte
1145 3375 1196 3428 in
1226 3375 1524 3443 Scripturis
1553 3375 1754 3430 divinis
1781 3379 1879 3431 sub
1912 3376 2015 3431 hoc

435 3484 685 3526 sermone
734 3468 910 3524 simile
957 3466 1165 3536 aliquid
1218 3467 1420 3520 dictum
1457 3477 1645 3535 posset
1697 3483 2011 3534 occurrere,

433 3564 611 3617 visum
660 3570 744 3615 est
795 3560 956 3612 etiam
1015 3567 1070 3613 et
1125 3558 1257 3613 illud
1313 3558 1568 3613 similiter
1620 3561 2010 3614 advertendum

434 3653 577 3722 quod
620 3648 913 3718 Apostolus
945 3649 1020 3702 ait
1045 3648 1092 3681 ⁸⁵
1124 3664 1139 3702 :
1174 3667 1193 3699 ‹
1226 3647 1360 3715 Quis
1401 3649 1544 3702 enim
1587 3650 1841 3718 cognovit
1889 3664 2015 3704 sen-

433 3759 553 3799 sum
602 3743 833 3806 Domini,
878 3750 969 3794 aut
1017 3742 1139 3810 quis
1188 3741 1235 3794 ei
1288 3740 1634 3795 consiliarius
1683 3740 1875 3795 fuit?»
1912 3741 2013 3797 Hic

433 3837 577 3891 enim
606 3856 623 3888 ‹
646 3837 791 3905 quis,
812 3854 831 3887 ι
878 3850 981 3888 non
1026 3850 1124 3902 pro
1154 3834 1323 3900 nullo,
1352 3837 1447 3890 sed
1486 3850 1580 3903 pro
1604 3850 1750 3899 raro,
1780 3836 1865 3891 vel
1898 3836 2011 3891 exi—

433 3933 543 3985 mio
569 3930 819 3984 habetur.
846 3928 1132 3995 Quomodo
1169 3929 1315 3983 enim
1356 3944 1461 3982 non
1507 3930 1767 3998 cognovit
1792 3944 2008 3983 sensum

435 4021 526 4075 Dei
582 4019 907 4091 Unigenitus
957 4034 1105 4082 suus,
1162 4018 1253 4087 qui
1310 4018 1557 4072 dicit“:
1594 4036 1611 4069 ι
1643 4017 1814 4072 Nemo
1862 4019 2012 4072 novit

434 4112 675 4175 Patrem,
710 4111 810 4164 nisi
842 4109 1026 4171 Filius,
1053 4119 1108 4162 et
1137 4110 1221 4163 cui
1241 4108 1471 4163 voluerit
1504 4108 1673 4161 Filius
1692 4108 2004 4163 revelare?»

430 4205 570 4273 Quid
607 4203 854 4260 estaliud
896 4203 1038 4256 scire
1062 4200 1297 4265 Patrem,
1331 4199 1434 4253 nisi
1469 4200 1614 4254 scire
1634 4210 1690 4254 et
1719 4200 2006 4254 consilium

431 4301 571 4368 ejus,
595 4307 650 4353 et
673 4296 930 4353 sensum?
966 4293 1075 4349 Sed
1110 4303 1164 4348 et
1195 4292 1433 4361 Spiritus
1470 4302 1692 4347 sanctus
1721 4294 1811 4363 qui
1850 4306 2010 4347 scru-

437 4401 589 4445 tatur
616 4393 779 4444 etiam
812 4388 919 4443 alta
952 4388 1067 4451 Dei,
1097 4386 1283 4455 quidni
1317 4399 1533 4439 sensum
1564 4384 1680 4453 ejus
1705 4384 2011 4454 agnoscat?

434 4481 699 4553 Agnoscit
722 4495 850 4549 ergo
880 4489 933 4532 et
958 4476 1145 4539 Filius,
1178 4487 1232 4530 et
1255 4476 1493 4545 Spiritus
1524 4486 1749 4530 sanctus
1784 4490 2003 4531 sensum

2123 3291 2242 3330 mus
2275 3279 2346 3332 ita
2376 3277 2707 3348 intelligere,
2742 3283 2899 3353 quasi
2924 3300 2953 3338 a
2975 3283 3085 3341 Deo
3122 3286 3191 3341 sit
3219 3299 3273 3343 et
3307 3290 3395 3344 illa
3431 3294 3700 3363 sapientia

2122 3369 2305 3424 mundi
2346 3370 2528 3441 hujus,
2564 3387 2683 3441 quae
2733 3377 3060 3431 destruenda
3118 3378 3341 3444 dicitur,
3387 3392 3439 3437 ct
3491 3386 3698 3455 princi-

2120 3474 2244 3527 pum
2271 3461 2461 3516 mundi
2485 3460 2668 3530 hujus,
2703 3472 2751 3518 et
2784 3466 2828 3521 si
2855 3482 2959 3537 qua
2992 3468 3098 3523 alia
3126 3480 3211 3524 est
3243 3486 3341 3540 per
3366 3489 3529 3543 quam
3562 3476 3696 3531 falsa

2118 3550 2348 3607 scientia
2391 3558 2847 3613 commendatur:
2880 3561 2981 3615 nisi
3030 3562 3082 3617 in
3127 3563 3246 3632 ipso
3273 3564 3455 3621 libello
3491 3567 3543 3622 in
3573 3582 3700 3623 con-

2118 3645 2475 3712 sequentibus
2523 3648 2799 3705 diceretur
2820 3652 2867 3683 “
2895 3668 2908 3703 :
2941 3670 2961 3704 ς
2996 3652 3111 3709 Νοη
3156 3662 3243 3711 est
3292 3658 3435 3712 enim
3484 3661 3700 3729 sapien-

2123 3736 2219 3800 tia,
2274 3737 2498 3794 malitias
2552 3741 2858 3813 disciplina.
2890 3762 2908 3794 ι
2943 3746 3047 3801 Per
3096 3750 3240 3816 quod
3277 3751 3465 3821 utique
3513 3754 3694 3819 docet,

2118 3829 2246 3897 quia
2300 3833 2478 3887 omnis
2532 3834 2820 3906 disciplina
2866 3853 2987 3907 quae
3022 3839 3146 3897 falsi
3188 3841 3394 3913 aliquid
3462 3849 3696 3914 asserit,

2117 3923 2332 3979 etiamsi
2391 3925 2683 3983 vehemens
2746 3931 3029 3998 videatur,
3092 3943 3150 3989 et
3228 3937 3583 4006 verisimilis,
3642 3953 3699 3995 et

2117 4031 2240 4084 qua:
2300 4018 2547 4075 subverti
2604 4019 2821 4076 diﬂicile
2870 4025 3060 4094 possit,
3118 4037 3294 4082 tamen
3351 4044 3695 4102 nequaquam

2114 4108 2274 4181 34],
2304 4111 2609 4182 bujusmodi
2630 4114 2861 4170 scientia
2880 4117 2946 4170 ad
2969 4119 3249 4187 sapientiae
3274 4121 3484 4176 titulum
3507 4125 3699 4180 debeat

2115 4204 2401 4270 applicari.
2443 4204 2583 4269 Quid
2630 4221 2762 4275 ergo
2811 4217 2893 4262 est
2930 4210 3075 4278 quod
3127 4210 3251 4264 ait:
3304 4230 3323 4263 ι
3367 4212 3558 4270 Omnis
3603 4232 3694 4271 sa-

2115 4295 2317 4363 pientia
2369 4311 2399 4349 a
2446 4295 2557 4351 Deo
2594 4298 2720 4351 est?
2752 4317 2772 4350 ι
2812 4297 2949 4352 lllud
2992 4300 3123 4355 mihi
3174 4303 3416 4358 sensisse
3459 4306 3692 4371 videtur,

2114 4384 2242 4455 quia
2288 4386 2467 4442 omnis
2517 4388 2745 4457 peritia,
2788 4402 2908 4459 quae
2954 4390 3037 4445 vel
3087 4405 3215 4461 erga
3255 4404 3426 4449 artem
3454 4396 3693 4467 aliquam

2116 4476 2235 4530 usui
2266 4476 2501 4534 humano
2528 4479 2837 4534 necessaria
2878 4479 3134 4545 habetur,
3168 4483 3252 4535 vel
3292 4484 3583 4554 cujuslibet
3616 4489 3693 4541 rei

438 4547 686 4635 Domini,
712 4580 766 4624 et
790 4547 828 4623 ii
861 4569 1061 4638 quibus
1098 4568 1329 4621 voluerit
1360 4566 1529 4621 Filius
1562 4568 1822 4622 revelare.
1852 4567 2005 4635 Quod
2041 4547 2084 4601 θ
2118 4569 2370 4635 scientia,
2409 4571 2679 4640 sapientia
2715 4572 2978 4627 dicatura
3012 4573 3244 4629 Domino
3274 4547 3421 4634 data.
3457 4577 3698 4648 Denique

431 4666 475 4720 si
509 4663 759 4735 agnoscit
783 4662 952 4715 Filius
982 4676 1199 4715 sensum
1232 4658 1348 4722 Dei,
1383 4667 1469 4712 est
1499 4673 1629 4726 ergo
1675 4667 1730 4714 et
1756 4660 2006 4715 consilia-

431 4757 544 4811 rius
568 4756 704 4826 ejus.
743 4754 853 4809 Sed
883 4752 1230 4807 consiliarius
1261 4765 1366 4805 non
1406 4753 1478 4803 ita
1517 4752 1868 4821 accipiendos
1897 4764 2003 4817 est,

430 4849 584 4917 quasi
630 4846 901 4917 ignoranti
934 4844 983 4897 ei
1020 4842 1147 4912 quid
1190 4851 1335 4910 agat,
1368 4841 1658 4895 consilium
1694 4844 1783 4897 det
1807 4842 2002 4909 Filius,

431 4953 522 4994 aut
553 4940 791 5011 Spiritus
815 4948 1067 5003 sanctus;
1103 4936 1199 4990 sed
1228 4934 1371 5003 quod
1404 4935 1643 4998 consilii,
1679 4944 1734 4989 et
1761 4935 2012 4989 volunta-

433 5035 506 5089 tis
549 5034 669 5101 ejus
720 5032 991 5103 particeps
1033 5039 1087 5083 et
1133 5027 1313 5081 sciens
1347 5026 1421 5079 sit
1460 5025 1652 5093 Filius,
1678 5037 1733 5081 et
1777 5027 2015 5095 Spiritus

429 5137 673 5181 sanctus.
723 5124 895 5179 Simili
930 5137 1060 5193 ergo
1100 5120 1263 5174 modo
1295 5126 1353 5172 et
1373 5118 1590 5172 Balaam
1620 5121 1747 5188 quia
1788 5121 2012 5175 consilii

429 5218 575 5287 quod
604 5218 652 5272 ei
699 5215 1038 5271 revelaverat
1079 5214 1241 5277 Deus,
1308 5212 1629 5282 participem
1680 5212 1919 5267 faciebat
1959 5222 2014 5266 et

430 5326 657 5380 gnarum
707 5309 935 5374 Balacb,
980 5308 1101 5362 ait:
1139 5324 1159 5357 ι
1188 5304 1344 5370 Veni,
1383 5304 1670 5360 consilium
1726 5304 1821 5358 tibi
1871 5302 1963 5369 do,
1987 5322 2005 5354 ι

429 5416 687 5474 tanquam
724 5406 816 5472 qui
851 5418 977 5457 vere
1002 5403 1195 5457 videns
1229 5402 1320 5465 sit,
1349 5412 1404 5456 et
1430 5413 1559 5453 vere
1588 5396 1820 5450 audierit
1842 5397 2008 5450 verba

429 5498 548 5564 Dei,
580 5498 723 5553 sicut
774 5498 827 5551 in
882 5495 1345 5562 consequentibus
1392 5489 1587 5547 dicit"
1622 5507 1635 5543 :
1668 5506 1685 5540 ι
1719 5488 1866 5542 Dixit
1907 5487 2009 5541 Ba-

2119 4663 2261 4733 apud
2292 4662 2395 4718 Job
2428 4662 2695 4733 scriptum
2734 4673 2817 4719 est
2849 4665 2891 4696 ⁵⁸
2920 4683 2933 4719 :
2968 4683 2987 4716 ι
3023 4665 3156 4732 Quis
3186 4666 3335 4721 dedit
3381 4669 3698 4724 mulieribus

2121 4756 2336 4810 texendi
2396 4756 2745 4825 sapientiam,
2790 4765 2846 4811 et
2894 4758 3179 4812 varietatis
3235 4759 3691 4828 disciplinam?»

2120 4848 2224 4904 Sed
2256 4859 2312 4903 et
2341 4850 2395 4902 in
2422 4848 2612 4905 Exodo
2639 4850 2706 4906 ⁸²;
2742 4870 2762 4903 ι
2806 4850 3046 4907 Locutus
3077 4861 3184 4917 est,
3216 4852 3410 4921 inquit,
3436 4852 3697 4910 Dominus

2117 4942 2183 4995 ad
2225 4940 2445 5014 Moysen
2487 4943 2714 4997 dicens:
2760 4942 2901 4998 Ecce
2934 4945 3120 4998 vocavi
3156 4946 3476 4999 nominatim
3529 4946 3695 5002 Bese—

2113 5034 2258 5089 lehel
2288 5034 2456 5089 lilium
2491 5035 2608 5101 Uri,
2646 5035 2741 5089 lilii
2766 5034 2859 5103 Or,
2903 5051 2969 5090 ex
2997 5037 3141 5091 tribu
3177 5035 3341 5105 Juda,
3385 5047 3438 5092 et
3488 5039 3694 5110 replevi

2113 5139 2235 5179 eum
2287 5125 2485 5193 spiritu
2536 5125 2723 5180 divino
2779 5126 3099 5193 sapientiae,
3155 5135 3208 5181 et
3263 5126 3595 5198 intellectus,
3641 5137 3698 5182 et

2115 5215 2443 5285 disciplima,
2478 5214 2619 5269 utin
2656 5215 2809 5269 omni
2852 5229 3018 5284 opere
3063 5215 3353 5285 intelligat,
3397 5227 3452 5271 et
3487 5217 3558 5271 sit
3601 5232 3693 5270 ar-

2118 5306 2391 5363 chitectus
2428 5309 2494 5361 ad
2542 5308 2881 5377 operandum
2929 5317 3246 5378 argentum,
3291 5317 3346 5362 et
3381 5322 3595 5371 aurum,
3639 5315 3695 5360 et

2120 5414 2214 5461 aes.
2243 5408 2298 5453 et
2337 5399 2546 5469 lapides
2574 5399 2913 5468 repletionis,
2946 5410 3003 5454 et
3036 5400 3219 5453 omnia
3250 5412 3413 5464 opera
3455 5397 3693 5462 fabrilia,

2117 5502 2173 5544 et
2202 5493 2255 5546 in
2288 5491 2459 5562 ligno,
2490 5502 2547 5544 ut
2569 5503 2829 5561 Operetur
2855 5493 3150 5547 secundum
3184 5490 3363 5544 omnia
3409 5502 3594 5555 opera,
3623 5492 3690 5542 ad

495 5658 536 5689 “
577 5657 736 5711 Num.
778 5653 1039 5718 xx1v,l7.
1106 5652 1151 5683 "
1180 5652 1334 5706 lieni.
1365 5666 1442 5713 xl,
1473 5650 1562 5703 54.
1617 5648 1663 5680 ³⁵
1691 5646 1878 5700 Matth.
1901 5649 2015 5718 xl,"

2171 5647 2214 5680 ⁸⁷
2249 5647 2405 5702 Nunt.
2443 5666 2593 5709 xxiv,
2630 5650 2717 5715 IS,
2754 5649 2840 5703 16.
2892 5649 2937 5680 ⁸⁸
2962 5648 3002 5702 ll
3032 5647 3157 5703 Cor.
3186 5660 3281 5710 xu,
3311 5644 3367 5698 4.
3440 5644 3485 5676 ⁸⁹
3519 5644 3686 5703 Eecli.

428 5744 468 5796 t,
502 5730 551 5782 l.
628 5728 674 5759 ⁸⁰
698 5727 865 5783 Eccli.
899 5740 1012 5792 xu,
1043 5725 1130 5779 I9.
1190 5724 1234 5754 δι
1283 5720 1383 5775 Job
1405 5734 1633 5784 xxxvut,
1662 5718 1749 5773 56.

1828 5718 1873 5747 ⁵⁸
1901 5715 2071 5772 Exod.
2105 5733 2254 5785 xxxt,
2290 5724 2338 5784 l,
2372 5722 2425 5785 ‘2,
2449 5721 2502 5787 '5,
2554 5722 2606 5788 4,
2630 5720 2681 5785 5,
2725 5719 2778 5774 6.

499 5869 613 5942 (79)
662 5868 795 5923 Cod.
839 5864 1206 5920 Corbeiensis.
1264 5849 1536 5916 «dictum,
1564 5877 1582 5911 ι
1631 5856 1789 5912 Libb.
1833 5855 2020 5923 editi,t
2043 5855 2270 5913 dixisse.
2301 5872 2321 5904 ›

708 5965 980 6025 Puncta
1014 5960 1132 6022 Gn.
1166 5958 1308 6020 XII.

3336 5940 3415 5997 23
