4134 6414
489 368 547 421 ’71
561 368 592 419 I‘i

1942 364 2262 422 ORIGENIS

3651 372 3747 426 716

488 502 611 555 quae
643 501 742 555 ego
766 484 887 539 dedi
928 498 1075 538 eum.
1108 481 1214 537 Sed
1240 491 1292 536 et
1319 482 1470 536 Eliab
1496 481 1662 535 (ilium
1696 482 2057 537 Achisamach
2095 490 2134 546 Α
2169 484 2485 550 buscunque
2516 482 2764 552 qumsivit
2795 483 2864 538 ab
2904 486 2983 540 eis
3026 501 3118 540 rex
3164 483 3369 542 invenit
3407 501 3500 542 eos
3525 489 3752 559 decuplo

483 594 547 634 ex
588 578 730 633 tribu
771 578 903 630 Dan.
934 576 997 629 Et
1022 575 1143 628 dedi
1194 574 1245 627 in
1290 588 1385 627 cor
1412 573 1558 626 omni
1616 574 1871 641 prudenti
1900 574 2061 628 intel—

485 671 705 732 lectum,
742 678 795 722 ut
825 668 1021 721 faciant
1056 666 1238 720 omnia
1276 679 1399 735 quae
1427 665 1686 717 constitui
1716 665 1832 719 tibi.
1875 682 1893 716 ι
1925 664 2062 718 Con-

484 762 661 815 sidera
688 775 818 830 ergo
854 775 918 813 cx
944 759 1010 813 iis
1036 757 1288 812 omnibus
1320 755 1592 823 quomodo
1635 769 1664 807 a
1716 754 1946 809 Domino
1978 765 2063 809 est

482 854 747 923 sapientia
800 852 1036 914 fabrilis,
1090 850 1203 904 sive
1251 850 1303 903 in
1351 866 1504 913 auro,
1550 851 1664 902 sive
1714 850 1765 902 in
1812 860 2059 916 argento,

481 941 598 995 sive
629 942 682 994 in
710 939 814 993 alia
848 953 1170 1007 quacunque
1234 940 1483 1001 materia,
1513 937 1597 992 vel
1632 937 1797 990 etiam
1837 937 2059 990 textrini

482 1035 751 1103 sapientia
806 1051 817 1086 :
860 1043 915 1086 et
971 1034 1093 1087 vide
1121 1032 1248 1101 quia
1290 1032 1416 1100 jure
1451 1033 1555 1087 dici
1604 1033 1670 1087 de
1708 1031 1775 1086 iis
1811 1032 2060 1087 omnibus

482 1136 684 1194 potest,
725 1125 866 1194 quod
902 1125 1094 1179 horum
1130 1125 1363 1179 scientia
1394 1126 1467 1180 ab
1506 1124 1737 1178 Excelsa
1784 1125 1870 1179 sit.
1904 1124 2057 1190 Quod

474 1224 525 1273 si
562 1218 768 1272 fabrilis
798 1218 1023 1272 scientia
1055 1218 1123 1272 ab
1149 1216 1381 1271 Excelso
1409 1231 1531 1271 esse
1562 1216 1895 1279 declaratur,
1919 1229 2057 1284 quo-

481 1314 641 1368 modo
672 1328 777 1366 non
806 1323 857 1365 et
882 1311 1233 1382 geometrica,
1262 1326 1327 1365 ex
1348 1326 1449 1381 qua
1479 1312 1667 1379 utique
1690 1310 1806 1364 haec
1829 1308 2055 1363 scientia

482 1419 646 1475 quam
704 1403 990 1473 Scriptura
1054 1403 1540 1457 architectonicam
1594 1403 1859 1464 nominat,
1913 1400 2059 1455 deri-

483 1498 678 1551 vatur?
699 1495 942 1564 Denique
961 1495 1085 1547 etin
1108 1494 1369 1548 Zacharia
1396 1492 1670 1547 funiculus
1691 1492 2054 1563 geometricas

479 1590 680 1642 dicitur
706 1588 776 1650 ⁸³,
814 1587 865 1639 in
896 1600 1005 1654 quo
1032 1584 1314 1638 dimetitur
1343 1583 1570 1652 angelus
1603 1582 1909 1637 Jerusalem
1944 1604 1953 1638 :
2000 1592 2054 1637 et

476 1680 598 1736 ideo
660 1696 764 1733 non
816 1689 944 1749 puto
1005 1677 1305 1731 absurdum
1362 1675 1558 1739 videri,
1615 1676 1659 1730 si
1722 1676 1886 1729 etiam
1940 1674 2055 1729 haec

474 1772 699 1828 scientia
742 1772 952 1825 dicatur
983 1768 1218 1823 Excelsi.
1277 1768 1417 1835 Quid
1463 1778 1647 1822 autem
1696 1768 1939 1823 dicemus
1984 1767 2051 1822 de

2166 575 2395 643 amplius
2438 590 2601 645 quam
2650 587 2807 632 erant
2854 580 3109 648 suphisue
3163 590 3218 635 et
3262 581 3604 651 philosophi,
3654 585 3747 652 qui

2163 676 2324 719 erant
2375 666 2429 720 in
2489 666 2637 722 omni
2690 683 2858 738 regno
2909 669 3046 737 ejus.
3090 690 3108 722 ι
3161 671 3227 726 Et
3262 672 3377 727 haec
3423 673 3643 743 quidem
3694 675 3749 729 in

2163 758 2570 826 exemplaribus
2622 758 2976 832 Septuaginta
3030 764 3383 833 interpretum
3435 766 3745 821 habentur:

2164 847 2218 900 in
2269 846 2621 902 Hebraeorum
2652 864 2783 905 vero
2815 852 3094 907 codicibus
3136 855 3338 924 aliquid
3379 856 3545 910 etiam
3572 856 3742 912 vehe-

2164 938 2403 993 mentius
2429 940 2626 1009 reperi,
2652 942 2850 1010 quibus
2880 945 3126 1012 quamvis
3156 960 3261 998 non
3288 955 3529 1013 utamur,
3562 958 3742 1001 tanten

2161 1030 2482 1098 agnoscendi
2514 1031 2687 1101 gratia
2726 1032 2970 1087 dicemus
3009 1034 3172 1087 etiam
3229 1036 3297 1089 ibi
3324 1052 3445 1107 qua:
3476 1036 3740 1106 legimus:

2165 1138 2183 1171 ι
2229 1119 2402 1187 Dedit,
2432 1121 2633 1191 inquit,
2667 1123 2807 1177 Deus
2835 1124 3167 1179 intellectum
3211 1138 3267 1180 et
3312 1129 3654 1195 prudentiam
3686 1128 3739 1182 in

2157 1213 2303 1266 onmi
2346 1216 2704 1282 grammatica
2738 1216 3028 1285 sapientia,
3063 1228 3117 1272 et
3154 1217 3339 1274 Daniel
3377 1220 3646 1275 intellexit
3687 1224 3739 1277 in

2156 1306 2303 1358 omni
2335 1305 2561 1373 visione,
2590 1315 2643 1361 et
2671 1308 2918 1365 somniis.
2950 1327 2967 1359 ι
3001 1307 3067 1364 Et
3099 1320 3405 1381 postpauca
3434 1331 3446 1366 :
3484 1331 3503 1365 ι
3542 1312 3607 1366 Ει
3631 1322 3741 1368 ste-

2159 1406 2362 1465 terunt,
2396 1398 2592 1468 inquit,
2623 1399 2676 1452 in
2713 1411 3012 1470 conspectu
3040 1405 3204 1474 regis,
3229 1412 3283 1457 et
3315 1404 3367 1457 in
3390 1404 3537 1457 omni
3571 1405 3737 1458 verbo

2156 1488 2454 1557 sapientiae,
2484 1500 2537 1545 et
2565 1491 2886 1562 disciplinae,
2914 1496 2965 1549 in
2993 1511 3099 1564 quo
3122 1497 3372 1565 quaesivit
3401 1498 3469 1551 ab
3500 1497 3581 1551 eis
3611 1512 3734 1561 rex,

2158 1581 2363 1635 invenit
2387 1582 2439 1636 in
2468 1583 2549 1639 eis
2579 1585 2805 1655 decuplo
2845 1602 3009 1657 super
3039 1604 3229 1643 omnes
3278 1588 3650 1643 incantatores
3681 1599 3736 1643 et

2160 1689 2370 1745 magos,
2404 1676 2493 1745 qui
2525 1688 2684 1732 erant
2710 1680 2763 1732 in
2796 1682 2942 1735 omni
2969 1696 3132 1751 regno
3159 1680 3297 1748 ejus.
3342 1700 3360 1733 ι
3400 1681 3475 1735 Ex
3506 1681 3571 1735 iis
3605 1697 3737 1749 ergo

2155 1768 2414 1823 omnibus
2451 1778 2626 1839 potest
2660 1771 2888 1844 intelligi
2914 1774 3184 1843 quomodo
3214 1785 3268 1830 et
3292 1774 3510 1829 Balaam
3536 1775 3736 1831 dixerit

474 1866 702 1929 musica,
746 1862 897 1931 cujus
933 1876 1150 1916 omnem
1209 1860 1467 1930 peritiam
1530 1860 1606 1915 ita
1651 1861 1911 1931 attigerat
1963 1876 2047 1915 sa-
2084 1834 2126 1890 Β
2155 1858 2222 1913 de
2252 1834 2567 1932 semetipso,
2607 1881 2625 1915 ι
2660 1865 2751 1934 qui
2780 1834 2881 1921 scit
2922 1834 3207 1923 scientiam
3261 1868 3499 1933 Excelsi,
3544 1887 3562 1921 I
3619 1872 3732 1926 sci-

471 1952 848 2020 pientissimus
882 1948 1071 2013 David,
1121 1963 1185 2003 ac
1238 1948 1407 2004 totius
1437 1948 1704 2011 melodim,
1752 1958 1806 2004 et
1854 1950 2047 2022 rhyth-

472 2060 687 2100 moru-m
739 2043 1038 2111 collegerat
1084 2040 1405 2109 disciplinas
1449 2051 1509 2095 ιιι
1564 2057 1627 2096 ex
1681 2042 1748 2097 iis
1798 2044 2048 2098 omnibus

471 2136 743 2191 inveniret
770 2148 953 2199 sonos,
990 2132 1187 2202 quibus
1228 2140 1412 2201 posset
1452 2132 1619 2186 etiam
1670 2134 2046 2203 perturbatum

472 2244 655 2298 regem
713 2234 1078 2296 vexatumque
1125 2225 1195 2278 ab
1243 2224 1435 2295 spiritu
1483 2224 1722 2293 maligno
1768 2225 2047 2296 psallendo

470 2320 720 2386 mitigare
745 2316 767 2370 ?
795 2314 946 2370 Unde
972 2330 1079 2368 non
1104 2321 1234 2383 puto
1265 2314 1502 2383 aliquem
1533 2316 1665 2370 recti
1697 2329 1921 2378 sensus,
1953 2316 2046 2384 qui

470 2411 521 2463 in
552 2410 745 2464 horum
781 2407 1023 2462 omnium
1062 2406 1296 2460 scientia
1330 2416 1508 2477 neget,
1560 2407 1687 2477 quia
1740 2408 1919 2463 omnis
1961 2424 2047 2462 sa-

467 2502 672 2571 pientia
706 2515 734 2553 a
760 2499 985 2553 Domino
1019 2506 1121 2554 est.
1153 2496 1274 2552 .Iam
1302 2513 1433 2553 vero
1464 2499 1529 2555 de
1558 2500 1845 2554 medicina:
1870 2502 2041 2555 scien-

466 2597 540 2649 tia
573 2610 670 2650 nec
710 2593 946 2649 dubitari
1004 2600 1155 2662 puto.
1203 2592 1259 2647 Si
1309 2595 1452 2649 enim
1485 2603 1567 2649 est
1606 2593 1711 2647 ulla
1745 2593 1978 2648 scientia
2014 2609 2043 2646 a

469 2689 599 2753 Deo,
636 2703 757 2758 quae
789 2687 962 2758 magis
983 2688 1051 2743 ab
1075 2703 1140 2744 eo
1173 2688 1277 2742 erit
1312 2702 1474 2756 quam
1504 2689 1732 2743 scientia
1768 2688 2042 2753 sanitatis,

468 2784 521 2837 in
559 2797 665 2852 qua
709 2781 875 2836 etiam
914 2780 1211 2835 herbarum
1255 2781 1425 2845 vires,
1471 2789 1525 2834 et
1571 2795 1858 2834 succorum
1905 2795 2037 2849 qua-

468 2879 667 2941 litates,
710 2891 773 2931 ac
807 2874 1130 2931 differentiae
1160 2874 1608 2943 dignoscantur?
1649 2872 1815 2944 Igitur
1849 2888 1913 2927 ex
1956 2873 2040 2929 his

464 2972 716 3026 omnibus
746 2969 1027 3039 colligitur
1061 2968 1202 3037 quod
1227 2968 1391 3023 etiam
1418 2967 1579 3036 hujus
1615 2966 1829 3021 Balaam
1856 2968 2037 3023 scien-

466 3064 561 3126 tia,
605 3078 702 3133 pro
728 3077 831 3132 qua
866 3061 1167 3115 accersitus
1198 3068 1282 3114 est
1322 3075 1388 3113 ex
1437 3058 1841 3128 Mesopotamia:
1884 3074 2041 3114 mon-

474 3159 624 3212 tibus
654 3158 721 3210 ab
756 3156 968 3211 oriente
1006 3163 1066 3209 ut
1094 3151 1441 3208 malediceret
1464 3150 1656 3216 Jacob,
1678 3150 1891 3206 'habeat
1920 3152 2041 3221 qui-

461 3251 583 3304 dem
615 3248 769 3323 initia
824 3257 882 3301 et
933 3246 1202 3315 originem
1252 3244 1319 3299 ab
1372 3244 1622 3309 Excelsa,
1655 3252 1711 3299 et
1756 3244 1878 3299 inde
1904 3245 1972 3299 sit
1995 3245 2044 3299 ei

462 3341 669 3410 agnitio
718 3355 825 3410 qua
874 3338 1129 3393 didicerit
1180 3334 1265 3390 vel
1316 3344 1539 3389 naturas
1563 3335 1907 3401 animalium,
1954 3334 2040 3389 vel

462 3443 645 3488 motus
676 3431 884 3497 avium,
931 3430 1015 3485 vel
1067 3427 1408 3483 differentias
1443 3444 1676 3483 vocum:
1712 3432 1807 3483 sed
1835 3444 1897 3484 ca
1927 3442 2048 3498 qum

463 3525 529 3578 ad
556 3523 844 3579 scientiam
879 3523 1147 3577 bonorum
1204 3521 1497 3590 acceperit,
1547 3521 1843 3575 contulisse
1886 3536 1945 3574 se
1976 3522 2043 3573 ad

456 3630 621 3670 «sum
648 3612 939 3668 malorunt.
978 3611 1131 3677 Quod
1158 3610 1287 3666 mihi
1319 3611 1497 3665 simile
1526 3610 1761 3676 videtur,
1788 3610 1946 3679 quasi
1983 3608 2026 3663 si

462 3705 511 3761 is
555 3703 648 3775 qui
710 3702 1038 3758 medicinam
1067 3703 1347 3766 didicerit,
1377 3710 1430 3757 et
1463 3702 1760 3755 herbarum
1806 3700 1950 3753 vires
1980 3714 2045 3754 ac

478 3801 903 3866 temperamenta
972 3795 1332 3864 cognoverit,
1395 3791 1641 3846 medendi
1700 3790 1820 3844 sine
1885 3788 2046 3843 dubio

463 3888 635 3954 gratia
669 3902 697 3939 a
730 3884 841 3939 Deo
877 3884 1195 3940 hominibus
1222 3884 1372 3949 data,
1403 3892 1731 3937 convertere
1763 3880 1892 3935 velit
1918 3896 2039 3951 pro-

458 3978 695 4049 positum
725 3994 739 4032 :
776 3985 830 4032 et
854 3977 999 4031 omni
1034 3976 1261 4031 scientia
1305 3990 1426 4045 qua:
1469 3974 1536 4028 ad
1568 3974 1800 4029 salutem
1840 3988 2041 4042 corpo-

463 4086 581 4125 rum
611 4069 852 4141 praastita
885 4077 987 4135 est,
1021 4076 1203 4122 utatur
1228 4068 1293 4122 ad
1323 4065 1551 4131 malum,
1583 4074 1638 4120 et
1668 4079 1770 4135 pro
1820 4064 2041 4119 medico

457 4164 785 4219 venenarins
827 4160 951 4226 ﬁat,
1002 4177 1099 4231 pro
1150 4161 1407 4215 remediis
1439 4158 1679 4224 morbos,
1706 4172 1804 4229 pro
1840 4158 2047 4212 sanita-

459 4260 604 4313 tibus
635 4256 832 4310 inferat
858 4265 1083 4309 mortes.
1106 4253 1173 4308 Ut
1198 4264 1382 4308 autem
1404 4251 1641 4322 amplius
1668 4250 2045 4319 intelligamus

458 4349 636 4404 adhuc
673 4348 837 4402 totius
879 4346 1123 4401 scientia:
1170 4344 1493 4414 sapientiam
1525 4359 1556 4397 a
1606 4344 1717 4398 Deo
1765 4342 2039 4412 originem

461 4443 715 4507 trahere,
754 4441 823 4494 ab
870 4437 1185 4494 hominibus
1233 4444 1413 4491 autem
1453 4435 1578 4489 mali
1626 4433 1910 4504 propositi,
1959 4433 2043 4486 vel

2154 1949 2279 2007 licet
2304 1962 2361 2006 ut
2390 1953 2723 2026 intelligatur
2761 1960 2904 2025 quod
2954 1961 3109 2030 origo
3162 1961 3330 2017 totius
3376 1963 3624 2017 scientia:
3666 1963 3736 2017 ab

2155 2043 2272 2112 ipso
2303 2047 2576 2115 acceperit
2611 2051 2892 2105 exordium
2920 2070 2932 2105 :
2971 2052 3102 2106 vitio
3130 2063 3309 2106 autem
3342 2054 3592 2108 humanae
3622 2070 3736 2108 ma-

2153 2133 2707 2205 Iitiae,aspirantibus
2754 2154 2810 2197 et
2861 2142 3289 2212 subripientibus
3326 2144 3486 2198 etiam
3535 2146 3734 2200 «laeum—

2155 2226 2335 2292 nibus,
2384 2231 2435 2282 in
2484 2232 2783 2299 perniciem
2821 2249 2971 2289 versa
3018 2235 3127 2288 sint
3168 2250 3288 2305 qua:
3342 2250 3440 2303 pro
3494 2237 3732 2291 utilitate

2154 2333 2410 2373 concessa
2460 2332 2609 2377 sunt.
2670 2322 2793 2379 Ihcc
2849 2325 2917 2378 de
2967 2340 3030 2380 eo
3088 2326 3230 2395 quod
3280 2324 3452 2391 dixit,
3490 2344 3509 2377 ι
3550 2327 3732 2381 sciens

2154 2410 2437 2464 scientiam
2482 2410 2717 2479 Excelsi,
2762 2433 2780 2467 ι
2819 2430 2846 2469 a
2894 2416 3049 2471 nobis
3083 2431 3182 2486 pro
3226 2417 3432 2472 viribus
3480 2418 3728 2474 discussa

2153 2500 2282 2555 sint.

2222 2592 2276 2647 4.
2316 2592 2449 2650 Post
2489 2596 2605 2651 haec
2654 2598 2731 2651 ait
2767 2598 2812 2629 "
2846 2618 2858 2653 :
2906 2619 2925 2651 ι
2962 2601 3241 2656 Visionem
3295 2601 3387 2655 Dei
3441 2605 3631 2657 videns
3675 2604 3728 2657 in

2152 2687 2387 2750 somnis,
2428 2688 2651 2743 revelati
2682 2690 2825 2744 oculi
2857 2690 2993 2760 ejus.
3036 2712 3053 2744 ›
3099 2692 3171 2747 De
3213 2694 3278 2747 iis
3307 2693 3637 2749 sufficienter
3672 2693 3727 2748 in

2154 2778 2309 2831 tertia
2368 2780 2571 2834 visione
2612 2781 2902 2837 dissertum
2954 2794 3070 2851 est,
3116 2796 3169 2839 et
3227 2787 3413 2841 eadem
3471 2797 3721 2855 repetere

2151 2870 2382 2925 otiosum
2414 2882 2515 2926 est.
2549 2872 2837 2929 Videamus
2869 2890 3000 2946 ergo
3032 2878 3161 2946 quid
3201 2886 3287 2931 est
3312 2868 3455 2947 quod
3501 2877 3553 2931 in
3594 2891 3727 2931 con-

2153 2962 2507 3031 sequentibus
2532 2964 2663 3019 dicit
2700 2965 2746 2997 “
2777 2984 2791 3019 :
2824 2986 2841 3019 ι
2879 2966 3176 3023 Ostendam
3204 2971 3277 3034 ei,
3306 2978 3359 3022 et
3393 2986 3497 3024 non
3545 2972 3726 3036 modo,

2151 3053 2499 3121 beatiﬁcabo,
2530 3066 2583 3109 et
2621 3071 2726 3111 non
2764 3061 3186 3130 appropinquat.
3224 3080 3241 3113 ι
3279 3060 3334 3115 In
3362 3062 3481 3115 aliis
3510 3062 3726 3131 quidem

2151 3144 2554 3214 exemplaribus
2610 3146 2859 3217 legimus,
2925 3166 2944 3200 ι
2998 3147 3197 3205 videbo
3257 3165 3404 3211 eum,
3464 3154 3557 3205 sed
3622 3167 3727 3205 non

2153 3237 2313 3293 modo
2351 3236 2485 3310 (80).
2527 3258 2544 3292 ι
2592 3239 2750 3307 Quod
2800 3242 2847 3297 si
2894 3244 3207 3313 recipiatur,
3257 3243 3468 3299 facilius
3506 3244 3727 3314 intelligi

2150 3328 2467 3397 putabitur:
2502 3340 2559 3384 ut
2591 3331 2896 3397 Christum,
2931 3333 2997 3387 de
3032 3349 3139 3402 quo
3178 3334 3230 3388 in
3270 3336 3730 3403 consequentibus

2150 3418 2282 3473 dicit
2324 3420 2368 3451 ⁸⁷
2418 3437 2431 3472 :
2498 3438 2517 3471 ι
2560 3421 2782 3475 Orietnr
2827 3422 2980 3476 stella
3030 3438 3094 3477 ex
3139 3422 3327 3490 Iacob,
3370 3436 3424 3481 et
3470 3436 3729 3497 exsurget

2150 3509 2313 3563 homo
2364 3509 2429 3562 de
2472 3509 2664 3573 Israel,
2705 3529 2723 3563 ι
2767 3510 3057 3565 videndum
3106 3512 3250 3567 dicat
3294 3529 3435 3577 esse,
3486 3517 3580 3569 sed
3621 3531 3725 3569 non

2149 3598 2348 3664 modo;
2391 3598 2493 3652 hoc
2533 3608 2636 3664 est,
2688 3615 2793 3653 non
2847 3614 2912 3654 eo
2960 3609 3226 3669 tempore,
3265 3617 3372 3669 quo
3405 3603 3507 3656 ista
3539 3603 3729 3672 loque-

2153 3689 2335 3743 batur.
2376 3690 2429 3743 ln
2460 3691 2773 3746 novissimis
2820 3694 2963 3745 enim
3001 3691 3208 3751 diebus,
3251 3708 3269 3743 ι
3312 3693 3400 3744 ubi
3436 3693 3579 3745 venit
3614 3695 3729 3762 phe-

2150 3780 2340 3834 niludo
2372 3782 2654 3851 temporis,
2697 3782 2845 3835 misit
2872 3780 3012 3836 Deus
3042 3782 3235 3836 Filium
3265 3800 3422 3837 suum
3447 3784 3517 3841 ⁸⁸.
3560 3804 3578 3838 ι
3619 3783 3727 3840 Sed

2147 3870 2191 3923 si
2232 3870 2534 3925 secundum
2583 3872 2685 3926 hoc
2729 3872 2872 3939 qttod
2916 3888 3014 3928 nos
3060 3873 3325 3927 habemus
3362 3875 3411 3927 in
3450 3872 3726 3943 exempla-

2149 3962 2317 4027 ribus,
2366 3961 2648 4033 legendum
2688 3962 2850 4036 342
2900 3964 2994 4029 sit,
3050 3964 3153 4019 hoc
3195 3974 3324 4019 est:
3380 3982 3398 4016 ι
3431 3963 3726 4020 Ostendam

2150 4053 2246 4117 illi,
2289 4063 2343 4108 et
2382 4068 2489 4109 non
2532 4056 2729 4123 modo;
2778 4056 3124 4120 beatilieabo,
3173 4066 3229 4110 et
3279 4074 3383 4110 non
3432 4057 3725 4126 appropin-

2147 4159 2316 4217 quat;
2361 4166 2379 4200 ι
2415 4151 2619 4203 nonad
2658 4149 2803 4204 hunc
2855 4148 3097 4216 Balaam,
3149 4164 3246 4219 per
3291 4164 3452 4218 quem
3482 4149 3598 4203 hac
3644 4148 3726 4202 di-

2147 4252 2370 4305 cuntur,
2402 4242 2495 4296 sed
2527 4242 2593 4295 ad
2627 4241 2750 4296 illos
2777 4255 3008 4311 quorum
3050 4254 3339 4310 personam
3372 4240 3424 4293 in
3452 4240 3554 4292 hoc
3587 4238 3728 4292 dixi-

2148 4349 2290 4399 mus,
2344 4332 2602 4389 refertur.
2649 4332 2729 4387 Illi
2768 4334 2912 4387 enim
2949 4334 3202 4387 doctores
3258 4331 3391 4401 legis
3434 4340 3487 4385 et
3533 4329 3726 4385 scriba:

2146 4428 2435 4482 ostendent
2483 4428 2762 4482 Christum
2810 4427 2861 4481 in
2911 4426 3027 4496 lege
3074 4434 3130 4480 et
3178 4425 3462 4495 prophetis
3492 4424 3726 4494 prophe-

460 4534 621 4586 etiam
653 4547 682 4585 a
716 4528 1054 4586 dmmonibus
1081 4526 1421 4595 corruptelas
1459 4527 1722 4595 quasdam
1758 4525 2037 4595 sapientize
2070 4541 2115 4596 ι)
2150 4528 2342 4586 tatum,
2375 4519 2469 4573 sed
2498 4534 2604 4573 non
2636 4518 2817 4572 modo.
2848 4516 2962 4572 Hoc
2987 4527 3090 4581 est,
3118 4532 3222 4571 non
3252 4531 3318 4571 eo
3348 4526 3590 4585 tempore
3618 4530 3725 4584 quo

462 4624 555 4678 Dei
584 4621 1010 4677 admiscentibns
1044 4617 1308 4673 declinari
1343 4616 1409 4670 ad
1438 4616 1637 4670 malum
1677 4635 1689 4670 :
1731 4616 2035 4684 relegamus

458 4732 545 4777 ea,
575 4729 697 4783 qua:
726 4713 778 4765 in
812 4709 1033 4763 Daniele
1063 4710 1263 4778 scripta
1299 4717 1431 4763 sunt
1476 4706 1540 4761 de
1573 4706 1694 4775 ipso
1736 4706 1955 4763 Daniele
1982 4718 2037 4762 et

462 4806 631 4858 tribus
660 4801 850 4856 amicis
877 4798 1013 4867 ejus,
1048 4812 1185 4866 quos
1205 4796 1706 4851 Nabuchodonosor
1746 4811 1833 4851 rex
1869 4797 2038 4853 tribus

458 4896 617 4949 anuis
651 4892 979 4948 erudiendos
1011 4889 1251 4954 tradidit,
1284 4886 1470 4942 volens
1496 4902 1591 4941 eos
1626 4888 1676 4941 in
1708 4903 1826 4952 sua,
1870 4890 1920 4942 id
1956 4901 2037 4945 est

460 4986 632 5053 patria
651 4995 705 5041 et
732 4983 1150 5055 Babyloniorum
1172 4980 1439 5051 sapientia
1462 4978 1858 5035 scientissimus
1898 4979 2034 5038 ficri.

459 5078 533 5130 lbi
560 5092 688 5147 ergo
712 5076 973 5145 scriptum
1018 5083 1099 5128 est
1146 5072 1217 5139 ⁵⁸,
1258 5072 1381 5141 quia
1429 5090 1446 5123 ι
1479 5072 1627 5127 dedit
1666 5070 1745 5127 eis
1777 5071 2038 5128 Dominus

459 5166 741 5222 scientiam
764 5176 818 5221 et
839 5164 1195 5230 intellectum,
1220 5173 1275 5219 et
1301 5162 1644 5233 prudentiam
1667 5161 1720 5215 in
1754 5162 1899 5217 omni
1921 5172 2037 5217 arte

454 5260 835 5331 grammatica,
869 5270 924 5313 et
959 5257 1160 5313 Danieli
1203 5256 1352 5311 dedit
1406 5254 1739 5309 intellectum
1791 5254 1843 5308 in
1884 5254 2036 5309 omni

450 5353 643 5416 verbo,
676 5363 730 5408 ει
752 5353 982 5419 visione,
1015 5361 1069 5404 et
1098 5349 1359 5405 somniis:
1388 5358 1442 5402 et
1471 5346 1787 5416 erantapud
1815 5360 1994 5413 regem
2021 5365 2035 5400 :

442 5451 511 5496 »ει
537 5444 589 5496 in
619 5445 765 5500 omni
798 5446 961 5499 verbo
988 5452 1043 5496 et
1068 5440 1380 5512 prudentia,
1412 5448 1467 5492 et
1499 5437 1806 5506 disciplina,
1836 5439 1887 5490 in
1919 5436 2040 5506 qni-

524 5580 768 5635 "Zach.
818 5596 877 5647 ιι,
926 5580 977 5633 I.
1052 5577 1100 5609 "
1154 5577 1291 5631 Dan.
1329 5593 1365 5639 t,
1414 5574 1613 5641 17,19,
1645 5574 1736 5628 ‘20.

536 5700 646 5765 (80)
690 5698 754 5750 In
790 5698 912 5752 aliis
935 5698 1144 5766 quidem
1173 5696 1560 5766 exemplaribus
1588 5695 1855 5766 legimus:
1886 5713 1904 5766 ι
1947 5695 2035 5750 Vi-

462 5771 591 5819 debo
642 5783 797 5831 eum,
858 5764 955 5819 sed
996 5782 1098 5818 non
1155 5768 1330 5818 modo.
1375 5784 1391 5815 ι
1446 5764 1647 5832 Nempe
1703 5766 1752 5817 in
1809 5765 2033 5819 IIehra'o

454 5839 633 5903 fante,
675 5846 726 5889 et
754 5837 892 5901 apud
931 5836 1206 5902 Aquilam,
1236 5838 1326 5903 qui
1357 5836 1513 5889 vertit
1548 5853 1559 5889 :
1592 5834 1829 5902 ὐψομαι
1870 5835 2029 5888 αὑτὸν

1813 5574 1858 5606 ³⁸
1897 5573 2054 5632 Num.
2088 5594 2237 5647 xxiv,
2264 5580 2351 5635 I6.
2425 5583 2473 5617 ⁸⁸
2504 5581 2657 5647 ibid.,
2693 5582 2775 5635 l7.

2147 4614 2311 4675 venit,
2354 4611 2446 4666 sed
2470 4626 2593 4665 cum
2620 4610 2895 4681 plenitudo
2921 4610 3160 4678 gentium
3190 4609 3485 4674 introierit,
3514 4620 3567 4664 et
3600 4626 3723 4664 cum

2144 4706 2319 4760 omnis
2362 4704 2525 4759 Israel
2558 4702 2759 4757 salvari
2805 4701 3054 4770 incipiet,
3102 4711 3230 4755 tunc
3255 4717 3377 4756 eum
3408 4703 3723 4761 ostendent,

2145 4808 2201 4853 et
2246 4809 2372 4851 tunc
2421 4795 2831 4855 Deatificabunt,
2887 4810 3047 4863 quem
3096 4795 3255 4848 modo
3314 4794 3721 4864 blasphemant.

2149 4891 2258 4945 Sed
2298 4890 2403 4943 Itoc
2432 4898 2644 4956 tempus
2680 4888 2731 4939 itt
2767 4901 2874 4953 quo
2922 4887 3035 4939 haec
3084 4886 3260 4939 futura
3294 4896 3440 4949 sunt,
3479 4901 3582 4939 non
3626 4902 3722 4956 ap-

2148 4985 2472 5054 propinquat
2500 4999 2513 5035 :
2570 4981 2725 5050 longe
2755 4981 2902 5035 enim
2940 4989 3042 5044 est,
3072 4989 3126 5032 et
3160 4980 3210 5033 in
3256 4981 3368 5050 ipso
3400 4980 3579 5035 saeculi
3620 4982 3724 5033 (ine

2146 5076 2495 5147 Sperandum.
2552 5075 2616 5128 Et
2670 5076 2792 5129 ideo
2834 5076 2933 5140 ait,
2965 5093 2983 5127 ι
3021 5074 3319 5131 Ostendam
3375 5075 3472 5139 illi,
3516 5085 3571 5128 et
3619 5089 3722 5127 non

2146 5167 2346 5220 modo:
2390 5184 2407 5217 ι
2442 5165 2540 5229 illi,
2578 5166 2679 5220 hoc
2728 5176 2811 5219 est
2856 5165 3051 5236 popqu
3093 5166 3185 5235 qui
3234 5177 3359 5220 tunc
3397 5163 3720 5220 salvabitur.

2145 5256 2270 5312 I‘ost
2319 5259 2455 5323 haec,
2514 5274 2534 5309 ι
2567 5257 2812 5321 Orietur,
2858 5257 3054 5327 inquit,
3096 5257 3248 5311 stella
3304 5271 3367 5310 ex
3421 5256 3615 5320 Jacob,
3668 5264 3724 5309 et

2144 5360 2395 5418 exsurget
2448 5349 2610 5404 homo
2660 5364 2725 5405 ex
2774 5349 2963 5405 Israel.
2998 5367 3017 5401 ι
3056 5350 3127 5404 De
3162 5350 3247 5404 bis
3291 5359 3343 5403 et
3390 5350 3442 5403 in
3477 5348 3721 5417 superio-

2149 5440 2298 5496 ribus
2336 5442 2594 5508 diximus,
2633 5443 2757 5512 quia
2797 5443 3078 5497 evidenter
3107 5443 3175 5497 de
3208 5442 3361 5497 stella
3389 5457 3508 5510 qua:
3551 5440 3721 5509 magis

2855 5583 2897 5613 ⁸⁷
2925 5582 3055 5636 ibid.
3132 5582 3178 5613 ⁸⁸
3208 5581 3385 5659 βυιιιι.
3413 5597 3485 5645 tv,
3526 5582 3579 5639 Α.

2144 5702 2353 5827 mituou
2406 5702 2521 5762 νῦν,
2580 5713 2713 5757 teste
2759 5701 3219 5755 Demonstratione
3267 5701 3569 5769 evangelica
3612 5702 3715 5757 Eu-

2144 5788 2298 5827 sem.

2144 5788 2298 5829 SCIJII.
