4134 6428
408 420 512 473 717

1574 414 1637 470 IN
1668 414 1999 472 NUMEROS
2029 414 2317 473 IIOMIIJA
2357 417 2541 475 XVIII.

3565 428 3670 482 718

408 538 460 591 in
498 535 711 589 oriente
746 532 1015 604 apparuit,
1049 534 1447 603 pr0phetetur:
1489 548 1593 603 qua
1640 535 1779 590 duce
1819 550 1984 589 vene-
2016 539 2061 594 Α
2091 534 2261 600 ducit,
2289 546 2339 589 et
2381 536 2551 604 spolia
2594 534 2785 590 salutis
2836 545 3121 607 reportat;
3156 538 3297 593 sicut
3345 548 3399 594 ct
3447 542 3498 595 in
3547 544 3670 597 aliis

406 635 532 681 runt
568 628 635 679 ad
688 623 951 691 Iudaeam,
1000 626 1341 695 requirentes
1383 640 1508 681 eum
1564 626 1657 696 qui
1710 637 1871 681 natus
1902 636 1985 683 est

408 730 503 770 rex
542 715 727 780 Israel,
773 728 827 771 et
883 728 1154 787 repertum
1194 718 1392 773 oblatis
1430 719 1749 774 muneribus
1787 720 1974 774 adora-

405 820 617 867 verunt.
648 814 753 868 Sed
785 823 965 867 movet
1000 826 1105 873 me,
1135 812 1274 880 quod
1308 812 1374 865 de
1417 813 1531 882 ipsa
1575 812 1731 867 stella
1767 824 1983 880 postea~

403 918 566 974 quam
598 906 799 960 dictum
834 915 918 960 est
956 905 1008 958 in
1042 901 1339 973 Evangelio
1372 906 1439 971 δ’,
1470 908 1596 975 quia
1641 910 1985 977 praecesserit

404 1009 594 1062 magos
625 1010 797 1065 usque
828 995 881 1049 in
915 993 1260 1060 Bethlehem,
1286 1004 1340 1050 et
1369 996 1591 1052 veniens
1622 998 1776 1052 stetit
1815 1012 1981 1067 supra

403 1088 494 1142 ubi
534 1103 672 1157 puer
719 1097 864 1153 erat,
894 1089 1039 1143 uItra
1080 1103 1186 1142 non
1228 1089 1299 1141 sit
1329 1089 1559 1154 dictum,
1588 1091 1713 1159 quia
1756 1090 1839 1143 vel
1870 1092 1981 1144 dis-

404 1181 630 1236 cesserit
655 1182 801 1245 inde,
831 1182 916 1237 vel
945 1182 1252 1245 evanuerit,
1305 1182 1389 1236 vel
1445 1192 1723 1253 assumpta
1766 1183 1857 1249 sit,
1889 1194 1983 1239 aut

402 1275 607 1346 aliquid
641 1275 864 1329 omnino
888 1277 955 1330 de
979 1275 1085 1330 hoc
1118 1274 1366 1330 narratio
1387 1275 1704 1343 evangelica
1728 1276 1980 1346 designa-

400 1368 544 1421 verit
572 1382 586 1423 :
620 1368 713 1422 sed
738 1368 839 1421 hoc
860 1375 1070 1421 tantum
1097 1364 1316 1433 dixerit,
1351 1367 1475 1437 quia
1509 1368 1669 1433 venit,
1699 1378 1753 1422 et
1785 1386 1804 1418 ι
1831 1369 1981 1422 stetit

401 1474 563 1527 supra
600 1458 690 1513 ubi
726 1467 847 1513 erat
873 1474 1027 1528 puer.
1071 1478 1091 1512 ›
1124 1460 1204 1515 Ne
1236 1459 1375 1515 forte
1409 1476 1538 1529 ergo
1567 1460 1709 1513 sicut
1739 1468 1981 1528 tempore

403 1551 682 1620 baptismi,
718 1566 840 1606 cum
870 1552 1182 1622 baptizatus
1224 1551 1385 1607 Jesus
1434 1552 1683 1606 ascendit
1735 1551 1807 1605 de
1855 1550 1980 1606 Jor-

400 1645 564 1709 dane,
600 1645 775 1714 aperti
809 1647 1005 1700 suntei
1030 1645 1180 1709 coeli,
1210 1654 1265 1700 et
1291 1643 1683 1699 viditJoannes
1716 1643 1978 1714 Spiritum

400 1736 494 1790 Dei
533 1736 949 1791 descendentem
979 1738 1138 1806 quasi
1196 1737 1525 1801 columbam,
1576 1745 1632 1791 et
1669 1747 1978 1791 manentem

402 1841 567 1894 super
596 1842 745 1890 eum,
777 1835 832 1881 et
864 1828 1075 1882 audivit
1100 1842 1289 1882 vocem
1318 1828 1588 1885 dicentem
1620 1829 1684 1883 de
1713 1829 1850 1884 crelo
1885 1832 1930 1865 ⁸ο
1962 1847 1975 1883 :

403 1937 421 1971 ‹
457 1917 557 1972 Hic
587 1928 670 1973 est
703 1918 873 1972 Filius
910 1935 1064 1974 meus
1101 1920 1356 1985 dilectus,
1397 1920 1450 1974 in
1491 1936 1598 1989 quo
1634 1922 1771 1976 bene
1823 1936 1973 1977 com-

396 2010 614 2078 placui;
648 2029 666 2062 ι
719 2011 793 2064 ita
841 2021 897 2066 et
950 2011 1105 2066 stella
1145 2013 1282 2078 haec,
1315 2026 1436 2079 qua:
1480 2014 1627 2065 venit
1672 2026 1838 2081 supra
1884 2015 1975 2068 ubi

398 2109 518 2154 erat
549 2116 701 2170 puer,
746 2111 801 2156 et
833 2103 1004 2169 stetit,
1048 2104 1100 2157 in
1128 2102 1348 2158 Christo
1376 2102 1628 2159 similiter
1653 2106 1974 2174 permansit,

396 2192 538 2245 sicut
566 2202 618 2247 et
650 2191 888 2261 Spiritus
921 2205 1148 2249 sanctus
1176 2195 1229 2249 in
1254 2194 1439 2264 specie
1466 2195 1737 2251 columbae
1762 2198 1977 2253 venisse

394 2285 613 2353 dicitur,
657 2296 711 2341 et
750 2290 1017 2345 mansisse
1070 2290 1124 2344 in
1176 2304 1264 2345 eo.
1312 2290 1378 2345 Et
1408 2291 1556 2346 sicut
1600 2295 1816 2349 venisse
1854 2294 1977 2364 Spi-

392 2377 559 2431 ritum
594 2377 688 2433 Dei
720 2394 881 2448 super
911 2394 1056 2449 cum,
1100 2389 1158 2436 et
1201 2382 1468 2436 mansisse
1506 2383 1557 2438 in
1588 2398 1676 2451 eo,
1704 2385 1778 2438 ita
1824 2386 1974 2440 acci-

396 2470 577 2538 pimus
626 2472 772 2541 quod
832 2489 1104 2543 nunquam
1155 2473 1225 2529 ab
1282 2488 1347 2529 eo
1412 2478 1699 2530 recesserit
1744 2478 1977 2547 Spiritus

396 2564 536 2624 Dei:
572 2574 627 2621 et
672 2567 746 2621 ita
803 2568 870 2623 de
917 2568 1074 2623 stella
1133 2583 1255 2638 quae
1306 2568 1476 2635 venit,
1523 2580 1578 2625 et
1624 2572 1777 2626 stetit
1810 2587 1976 2643 super

394 2670 541 2722 eum,
592 2656 971 2726 accipiendum
1034 2669 1164 2730 puto
1213 2660 1355 2729 quod
1416 2661 1497 2715 sic
1554 2661 1767 2716 steterit
1812 2678 1975 2733 super

392 2761 536 2815 eum,
578 2758 638 2802 ut
674 2765 955 2820 nunquam
1002 2752 1129 2807 inde
1161 2764 1307 2807 m0ta
1342 2754 1433 2808 sit.
1478 2754 1543 2809 Et
1580 2755 1702 2811 ideo
1756 2757 1974 2813 deitatis

388 2842 506 2911 ejus
534 2841 793 2897 indicium
820 2842 965 2899 illam
1004 2845 1217 2900 stellam
1257 2846 1426 2902 fuisse
1470 2848 1686 2916 opinor.
1736 2848 1888 2905 Unde
1918 2859 1975 2906 et

390 2935 524 2988 ordo
553 2935 854 3004 prophetiae
894 2936 1010 2991 haec
1042 2938 1230 2993 eadem
1266 2949 1672 3009 consequenter
1705 2942 1969 3008 ostendit,

390 3040 515 3080 cum
550 3027 615 3082 de
636 3028 843 3082 deitate
878 3028 1096 3097 quidem
1142 3031 1261 3100 ejus
1301 3032 1471 3085 dicit:
1510 3049 1530 3083 ι
1564 3031 1784 3088 Orietur
1812 3033 1968 3089 stella

392 3132 461 3173 ex
494 3117 703 3188 Iacob;
736 3138 755 3173 ι
783 3120 848 3175 de
867 3120 1100 3175 humana
1127 3137 1257 3176 vero
1289 3132 1483 3177 natura
1514 3143 1527 3177 :
1559 3142 1578 3175 ‹
1620 3124 1685 3179 Ει
1714 3136 1970 3195 exsurget

388 3216 552 3269 homo
580 3227 647 3268 ex
684 3212 853 3268 Israel
886 3255 901 3280 ,
939 3234 958 3267 ι
997 3223 1055 3269 ut
1085 3214 1138 3268 in
1173 3224 1406 3286 utroque
1438 3225 1492 3271 et
1524 3217 1823 3273 secundum
1851 3221 1966 3274 dei-

388 3312 578 3369 tatem,
607 3314 660 3359 et
683 3304 984 3359 secundum
1027 3304 1421 3360 humanitatem
1451 3306 1701 3363 Christus
1732 3311 1966 3379 prophe-

389 3404 534 3450 tatus
586 3396 870 3450 evidenter
919 3409 1199 3466 appareat.
1249 3416 1267 3450 ι
1300 3399 1367 3454 Ει
1410 3402 1650 3457 vastabit
1694 3404 1966 3473 principes

385 3488 544 3543 Moab
567 3488 632 3543 “.
670 3508 690 3542 ι
727 3487 887 3544 Moab
914 3489 1133 3560 quidem
1168 3507 1304 3561 gens
1347 3500 1454 3558 est,
1485 3493 1643 3563 cujus
1690 3495 1966 3565 principes

385 3596 496 3637 non
530 3582 666 3637 alios
692 3595 835 3646 esse,
869 3596 1034 3652 quam
1059 3583 1334 3652 spiritales
1366 3584 1641 3654 nequitias
1663 3593 1718 3639 et
1757 3586 1965 3655 princi-

383 3685 544 3746 patus
587 3675 706 3730 illos
748 3676 1037 3731 adversum
1085 3691 1223 3745 quos
1251 3677 1409 3733 nobis
1436 3677 1714 3734 luctamen
1742 3688 1848 3746 est,
1882 3680 1963 3734 in-

387 3767 700 3838 telligimus.
748 3766 859 3822 Hos
897 3782 1027 3835 ergo
1068 3767 1172 3824 iste
1202 3769 1365 3824 homo
1402 3784 1467 3823 ex
1506 3768 1674 3825 Israel
1706 3774 1959 3838 vastavit,

384 3875 507 3913 cum
539 3860 688 3913 exuit
715 3858 1058 3929 principatus
1109 3870 1164 3914 et
1209 3870 1533 3930 potestates,
1582 3862 1803 3934 aﬂigens
1842 3865 1963 3921 illos

383 3953 532 4006 cruci
581 3966 715 4006 suae.
758 3950 946 4021 Neque
974 3952 1119 4007 enim
1157 3964 1376 4023 poterat
1423 3954 1635 4011 salvare
1671 3957 1961 4025 Moabitas,

384 4056 439 4100 et
470 4044 534 4100 ad
561 4044 656 4098 Dei
685 4045 1021 4115 agnitionem
1054 4047 1373 4115 perducere,
1387 4047 1485 4102 nisi
1513 4048 1787 4120 principes
1817 4051 1959 4117 illos,

382 4139 475 4208 qui
516 4139 570 4192 in
605 4137 686 4192 eis
723 4137 1147 4195 dominationem
1181 4138 1477 4207 impietatis
1528 4149 1840 4206 tenuerant,
1868 4143 1963 4198 de-

384 4240 670 4286 vastasset.
712 4248 731 4282 ς
776 4228 842 4284 Et
876 4228 1210 4300 praedabitur
1251 4220 1444 4286 omnes
1490 4230 1632 4288 lilios
1660 4233 1790 4289 Seth
1823 4234 1888 4287 θ’.
1937 4255 1955 4286 ι

385 4324 519 4379 Seth
555 4323 704 4378 [ilius
727 4332 811 4377 est
839 4322 1033 4385 Adam,
1077 4321 1147 4376 de
1175 4337 1285 4393 quo
1316 4322 1428 4376 Eva
1474 4324 1613 4379 dixit
1649 4340 1771 4381 cum
1805 4338 1960 4381 natus

383 4429 530 4474 esset
558 4419 602 4450 ⁵⁸
631 4434 645 4472 :
680 4435 699 4467 ‹
726 4414 1027 4472 Suscitavit
1053 4413 1201 4470 enim
1249 4415 1382 4470 mihi
1412 4415 1555 4471 Deus
1596 4433 1778 4474 semen
1813 4418 1960 4472 aliud

382 4526 484 4582 pro
519 4508 655 4564 Abel
688 4522 849 4577 quem
881 4506 1082 4561 occidit
1110 4505 1267 4562 Cain.
1310 4525 1329 4558 ι
1371 4505 1482 4562 Iste
1516 4519 1602 4562 est
1634 4522 1766 4580 ergo
1801 4508 1954 4573 Seth,

2086 626 2152 680 de
2203 642 2269 681 eo
2311 628 2576 697 scriptum
2613 635 2698 683 est
2732 627 2798 693 ",
2836 630 2965 699 quia
3009 648 3027 681 ι
3064 633 3368 688 ascendens
3400 634 3459 709 in
3495 634 3665 690 altum

2086 721 2357 789 captivam
2412 722 2567 775 duxit
2629 721 3028 791 captivitatem.
3069 742 3089 775 ι
3127 722 3511 792 Captivitatem
3555 727 3666 781 sci-

2088 810 2217 866 licet
2256 812 2402 866 illam
2448 814 2669 868 humani
2702 814 2945 883 generis,
2976 829 3140 882 quam
3177 816 3425 872 diabolus
3447 820 3515 873 ad
3538 831 3664 888 per-

2086 902 2349 958 ditionem
2382 912 2630 973 ceperat,
2662 906 2766 959 iste
2796 919 2985 960 rursus
3029 905 3301 974 captivam
3333 908 3510 975 duxit,
3552 919 3605 962 et
3636 924 3665 961 a

2084 1005 2260 1049 morte
2284 998 2562 1052 revocavit
2602 998 2667 1052 ad
2699 998 2886 1052 vitam.
2922 996 3140 1053 Utinam
3175 1014 3304 1070 ergo
3357 1016 3442 1053 me
3482 1010 3538 1056 et
3573 1016 3665 1056 ca—

2083 1088 2293 1157 ptivum
2318 1088 2519 1144 habeat
2549 1104 2766 1159 semper
2798 1088 3050 1144 Christus
3079 1090 3261 1157 Jesus,
3304 1100 3357 1146 et
3385 1106 3470 1146 me
3504 1092 3668 1146 ducat

2084 1179 2137 1233 in
2167 1180 2405 1249 praedam
2450 1196 2632 1247 suam,
2672 1193 2725 1236 et
2762 1197 2862 1251 ego
2909 1190 3094 1237 tenear
3124 1187 3242 1253 ejus
3277 1182 3512 1238 vinculis
3541 1184 3664 1237 alli-

2082 1279 2279 1337 gatus:
2321 1280 2380 1324 ut
2405 1282 2460 1324 et
2489 1286 2590 1343 ego
2626 1272 2731 1327 dici
2784 1287 3002 1327 merear
3027 1272 3241 1327 vinctus
3277 1271 3404 1327 Jesu
3436 1272 3663 1334 Christi,

2084 1360 2225 1415 sicut
2252 1360 2454 1416 Paulus
2490 1364 2557 1417 de
2591 1364 2887 1432 semetipso
2920 1363 3189 1433 gloriatur
3215 1364 3358 1417 (ιδ-⁵⁷.
3407 1382 3425 1415 ι
3464 1363 3532 1419 Ει
3558 1366 3667 1418 erit

2085 1452 2252 1508 Edom
2279 1454 2569 1509 hmreditas
2590 1455 2729 1524 ejus,
2758 1456 2898 1509 Esau
2925 1457 3179 1512 inimicus
3200 1458 3317 1525 ejus
3341 1457 3406 1512 ⁸⁸.
3438 1476 3456 1509 ι
3491 1459 3661 1512 Edoni

2084 1544 2225 1599 idem
2257 1555 2362 1610 est,
2409 1547 2499 1612 qui
2550 1545 2714 1617 Esau.
2748 1547 2847 1601 llic
2890 1548 3187 1603 secundum
3222 1550 3504 1603 historiam
3542 1553 3664 1622 qui-

2082 1636 2203 1691 dem
2253 1637 2505 1692 inimicns
2538 1647 2622 1693 est
2670 1638 2859 1702 Israel,
2911 1640 3004 1694 sed
3048 1641 3099 1694 in
3150 1641 3409 1703 adventu,
3464 1643 3660 1712 inquit,

2080 1724 2285 1781 Christi
2313 1729 2475 1782 etiam
2512 1729 2626 1799 ipse
2653 1728 2949 1785 haereditas
2977 1732 3095 1801 ejus
3130 1740 3236 1792 erit
3271 1758 3284 1793 :
3318 1741 3425 1793 hoc
3454 1749 3537 1793 est
3572 1755 3662 1796 re-

2082 1819 2315 1889 cipietur
2358 1820 2424 1873 ad
2467 1821 2648 1886 ﬁdem,
2698 1836 2797 1876 nec
2853 1824 3175 1880 excludetur
3223 1829 3292 1882 ab
3344 1832 3661 1886 haereditate

2079 1910 2305 1967 Christi.
2332 1912 2388 1967 Si
2418 1929 2546 1969 vero
2573 1916 2890 1983 spiritaliter
2916 1923 3290 1985 advertamus,
3328 1921 3498 1977 Edom
3526 1939 3656 1979 caro

2082 2004 2426 2075 intelligitur,
2482 2023 2603 2077 quae
2659 2011 2985 2065 adversatur
3028 2013 3265 2083 spiritui,
3315 2025 3371 2069 et
3415 2026 3500 2070 est
3557 2017 3660 2071 ini-

2079 2095 2241 2150 mica.
2272 2097 2325 2150 In
2362 2099 2596 2152 adventu
2625 2108 2805 2155 autem
2832 2100 3060 2166 Christi,
3094 2119 3215 2158 cum
3251 2103 3497 2173 subjecta
3535 2106 3655 2163 l’ue-

2079 2187 2151 2242 rit
2181 2202 2310 2242 earo
2334 2188 2567 2258 spiritui,
2594 2205 2691 2259 per
2714 2194 3132 2249 resurrectionis
3149 2211 3301 2265 Spem
3326 2197 3491 2252 etiam
3529 2199 3647 2268 ipsa

2077 2280 2145 2333 ad
2177 2279 2553 2335 haereditatem
2582 2282 2785 2337 veniet.
2828 2283 2945 2339 Non
2990 2287 3140 2341 enim
3175 2287 3290 2342 sola
3326 2290 3529 2355 anima,
3561 2292 3658 2346 sed

2077 2382 2132 2429 et
2182 2390 2330 2442 caro,
2387 2390 2508 2445 quae
2567 2376 2864 2448 aliquando
2910 2379 3085 2436 fuerat
3112 2382 3357 2450 inimica,
3397 2399 3495 2454 per
3527 2387 3660 2442 obe-

2078 2465 2341 2520 dientiam
2383 2468 2606 2536 spiritus
2639 2484 2863 2526 consors
2906 2470 3101 2528 futurae
3140 2474 3476 2532 haereditatis
3509 2480 3659 2533 exsi-

2078 2568 2208 2614 stet.
2233 2578 2251 2610 ι
2283 2558 2348 2613 Et
2376 2557 2542 2614 Israel
2573 2559 2700 2616 fecit
2732 2562 2785 2616 in
2809 2563 3065 2619 virtutem
3096 2566 3160 2618 ⁸⁸.
3198 2586 3217 2619 ι
3261 2566 3375 2624 Hoc
3405 2579 3489 2624 est
3512 2573 3656 2639 quod

2076 2649 2228 2715 dicit,
2273 2650 2399 2720 quia
2447 2658 2574 2707 tunc
2619 2653 2811 2721 Edom,
2866 2654 2951 2710 vel
2980 2655 3146 2724 Esau,
3201 2658 3305 2713 hoc
3349 2670 3435 2716 est
3473 2666 3657 2718 carnis

2076 2751 2275 2797 natura
2332 2744 2385 2797 in
2426 2741 2769 2800 haereditatis
2808 2749 3128 2804 societatem
3185 2752 3492 2819 vocabitur,
3527 2772 3652 2811 cum

2074 2836 2258 2904 Israel,
2290 2839 2475 2894 anima
2506 2840 2759 2896 videlicet
2797 2842 2939 2898 facta
2988 2843 3153 2900 fuerit
3189 2847 3241 2901 in
3284 2849 3569 2917 virtutem,
3600 2862 3657 2908 et

2072 2927 2331 2983 decenter
2362 2927 2531 2984 fuerit
2559 2930 2768 2999 repleta
2811 2931 3126 2988 virtutibus.
3172 2934 3229 2988 Si
3278 2938 3425 2991 enim
3471 2942 3653 2994 anima

2073 3035 2179 3074 non
2210 3020 2396 3074 veniat
2443 3022 2511 3074 ad
2559 3022 2808 3084 virtutes,
2854 3023 2948 3076 sed
2984 3022 3037 3075 in
3069 3024 3279 3093 ignavia
3311 3043 3649 3098 perseveret,

2071 3126 2177 3165 nec
2220 3125 2349 3166 caro
2379 3112 2447 3166 ad
2479 3112 2852 3169 haereditatem
2890 3122 3091 3185 veniet,
3134 3125 3227 3178 sed
3274 3126 3342 3180 ad
3383 3126 3647 3189 iudicium

2072 3203 2238 3268 illius,
2290 3205 2380 3273 qui
2422 3215 2600 3275 potest
2632 3210 2868 3263 animam
2927 3221 2983 3267 et
3063 3229 3265 3285 corpus
3310 3222 3540 3290 perdere
3590 3225 3643 3278 in

2073 3296 2375 3366 gehennam
2407 3297 2475 3350 ⁷ο.
2519 3315 2536 3348 ε
2566 3296 2630 3352 Et
2676 3314 2932 3373 exsurget
2988 3321 3058 3361 ex
3108 3306 3299 3375 Iacob,
3350 3321 3406 3367 et
3458 3316 3649 3381 perdet

2070 3386 2361 3445 liberatum
2416 3393 2484 3448 de
2538 3395 2758 3450 civitate
2804 3396 2870 3451 τί.
2923 3416 2942 3448 ι
2977 3398 3106 3471 Ille,
3150 3402 3360 3470 inquit,
3406 3405 3499 3474 qui
3552 3421 3650 3461 ex-

2070 3484 2248 3553 surgit
2288 3492 2347 3538 ut
2409 3487 2565 3542 stella
2614 3503 2684 3543 ex
2738 3487 2942 3553 Jacob,
3003 3492 3191 3562 perdet
3239 3495 3525 3552 liberatum
3579 3501 3648 3556 de

2071 3575 2314 3631 civitate.
2386 3577 2501 3634 Non
2556 3581 2609 3635 in
2661 3581 2763 3636 hoc
2820 3584 3021 3649 solum,
3078 3587 3171 3642 sed
3228 3589 3279 3642 in
3330 3593 3477 3646 omni
3509 3610 3649 3665 pene

2068 3669 2383 3737 prophetico
2428 3672 2554 3727 stilo
2601 3690 2722 3743 qua:
2768 3675 3057 3742 dicuntur,
3111 3679 3354 3737 involuto
3397 3685 3532 3741 satis
3591 3700 3647 3743 ct

2068 3762 2297 3816 obscuro
2355 3778 2610 3819 sermone
2680 3766 2960 3823 dicuntur.
3036 3768 3152 3824 Non
3226 3774 3371 3828 enim
3443 3778 3646 3848 placuit

2065 3862 2257 3909 sancto
2292 3852 2546 3924 Spiritui,
2579 3858 2673 3926 qui
2718 3857 2785 3914 de
2826 3858 2898 3913 iis
2938 3861 3105 3916 scribi
3143 3862 3332 3931 voluit,
3368 3877 3427 3921 ut
3463 3871 3643 3939 palam

2066 3945 2184 4000 haec
2227 3955 2282 4001 et
2330 3948 2578 4015 pedibus,
2629 3957 2686 4004 ut
2736 3950 2810 4004 ita
2851 3950 3048 4020 dicam,
3096 3954 3473 4025 imperitorum
3513 3978 3645 4019 con-

2064 4035 2328 4091 culcanda
2385 4049 2767 4106 ponerentur:
2828 4041 2923 4095 sed
2986 4044 3059 4097 ita
3110 4047 3367 4113 providit,
3425 4060 3481 4105 ttt
3518 4068 3642 4108 cum

2065 4125 2280 4194 publice
2321 4127 2508 4181 haberi
2551 4129 2861 4195 videantur,
2890 4144 3207 4188 sermonum
3237 4146 3417 4193 tamen
3446 4143 3643 4199 obscuo

2065 4216 2226 4271 ritate
2248 4217 2531 4272 recondita
2575 4219 2630 4272 in
2672 4221 2913 4287 arcanis,
2957 4230 3012 4277 et
3045 4225 3099 4277 in
3144 4230 3375 4285 secretis
3421 4234 3639 4289 obtecta

2060 4304 2222 4377 343
2244 4316 2549 4361 serventur.
2573 4307 2641 4363 Et
2661 4325 2803 4365 nunc
2817 4325 2949 4382 ergo
2965 4314 3109 4383 quod
3132 4317 3210 4371 ait
3233 4318 3485 4377 :«Perdet
3502 4324 3639 4381 Iibe-

2062 4406 2237 4453 ratum
2270 4398 2337 4452 de
2353 4398 2599 4464 civitate,
2629 4419 2649 4454 ι
2675 4401 2777 4457 nisi
2815 4404 2881 4457 ad
2903 4409 3355 4465 consuetudinem
3407 4419 3641 4485 prophe-

2063 4494 2227 4547 ticam
2271 4491 2532 4561 respicias
2558 4533 2575 4559 ,
2611 4494 2680 4548 de
2722 4508 2825 4563 qua
2870 4496 3104 4567 dicitur,
3140 4503 3317 4558 omnis
3355 4508 3638 4576 prophetia

382 4616 450 4657 ex
499 4614 607 4670 quo
654 4609 816 4650 omne
877 4594 1171 4648 humanum
1229 4593 1280 4647 in
1333 4593 1435 4649 hoc
1492 4598 1695 4651 mundo
1741 4598 1955 4652 ducitur

2072 4598 2168 4637 non
2202 4593 2385 4653 potest
2409 4585 2632 4655 propria
2671 4587 3015 4646 absolutione
3046 4603 3318 4661 constare,
3356 4598 3510 4654 valde
3536 4601 3641 4654 dii-

383 4706 574 4763 genus.
610 4688 746 4743 Nam
784 4685 851 4738 de
884 4682 1017 4739 Cain
1060 4684 1151 4752 qui
1197 4683 1308 4738 nati
1361 4682 1597 4749 fuerant,
1614 4684 1815 4741 diluvio
1831 4700 1952 4756 per-

384 4783 581 4834 ierunt.
621 4775 739 4835 Filii
793 4790 924 4845 ergo
976 4785 1103 4831 sunt
1149 4774 1283 4830 Seth
1331 4790 1520 4831 omnes
1559 4774 1825 4840 homines,
1863 4778 1953 4847 qui

380 4874 434 4928 in
468 4873 571 4927 hoc
598 4868 801 4925 tnundo
831 4876 976 4923 sunt.
1010 4867 1215 4921 Etcum
1241 4867 1463 4935 dicitur,
1495 4885 1513 4919 ‹
1549 4868 1954 4935 depraedabitur

377 4980 568 5021 omnes
602 4963 743 5017 lilios
785 4960 940 5027 Seth,
983 4979 1001 5010 ι
1041 4960 1277 5029 praedam
1323 4960 1403 5013 sic
1452 4958 1658 5028 accipe,
1700 4957 1842 5014 sicut
1895 4963 1947 5014 in

379 5055 769 5127 superioribus
821 5051 1164 5121 interpretati
1234 5065 1427 5105 sumus
1468 5089 1485 5116 ,
1529 5051 1619 5104 ubi
1678 5052 1944 5121 scripturn

378 5160 461 5206 est
484 5148 549 5201 ἐς
590 5165 609 5198 ι
642 5145 777 5200 Edet
801 5153 991 5213 gentes
1030 5140 1374 5196 inimicorum
1401 5155 1661 5195 suorum:
1702 5160 1720 5192 ι
1769 5152 1822 5196 et
1856 5142 1947 5197 ubi

376 5242 557 5298 catulo
587 5238 759 5296 leonis
791 5248 845 5291 et
877 5235 1017 5292 leoni
1047 5243 1421 5304 comparatur.
1464 5231 1533 5287 Et
1579 5233 1670 5287 hic
1710 5248 1847 5303 ergo
1891 5235 1947 5289 in

379 5332 614 5403 prazdam
636 5328 837 5399 accipit
863 5340 1054 5382 omnes
1076 5324 1218 5381 ﬁlios
1242 5324 1398 5381 Seth.
1425 5323 1597 5379 Victis
1618 5325 1951 5379 adversariis

376 5423 738 5484 daemonibus,
777 5434 871 5475 eos
900 5418 991 5488 qni
1039 5419 1141 5470 sub
1186 5418 1430 5487 ipsorum
1460 5416 1833 5471 dominatione
1870 5425 1951 5470 te-

377 5514 667 5579 nebantur,
738 5511 986 5566 Christus
1037 5510 1192 5580 quasi
1249 5510 1482 5579 praedam
1546 5509 1786 5562 victoria:
1838 5522 1949 5562 sua:

444 5712 491 5749 "
510 5716 696 5770 Matth.
721 5712 851 5777 ",9.
930 5713 975 5744 ‘°
1000 5712 1186 5768 Matth.
1214 5729 1299 5779 Ill,
1329 5714 1407 5768 I7.

378 5786 425 5858 ff
457 5787 658 5858 Ephes.
712 5802 784 5858 tv,
818 5785 872 5838 8.
910 5786 1076 5858 __°"j""
1121 5783 1322 5858 Ephes.
1347 5800 1426 5852 Ill,
1456 5783 1503 5838 I.

373 5848 420 5882 ⁷²
461 5848 592 5912 Luc.
633 5872 718 5919 xv,
754 5856 834 5908 I5.
909 5854 956 5886 ⁷³
988 5854 1118 5908 Luc.
1160 5848 1234 5919 ix,
1262 5854 1351 5907 24.

2064 4679 2217 4734 liciIis
2240 4680 2510 4735 videbitur
2535 4683 2859 4739 intellectus.
2900 4684 3185 4744 Videamus
3215 4699 3390 4746 tamen
3422 4694 3464 4747 si
3500 4694 3641 4751 forte

2063 4773 2167 4827 hoc
2190 4773 2351 4828 modo
2379 4775 2580 4843 poterit
2606 4775 2909 4843 explanari.
2940 4779 3224 4835 Civitatem
3261 4783 3348 4837 hic
3376 4785 3636 4842 mundum

2062 4863 2429 4934 intelligamus
2455 4905 2470 4929 ,
2504 4866 2647 4922 sicut
2682 4875 2737 4921 et
2776 4869 2828 4921 in
2880 4869 3189 4940 Evangeliis
3221 4874 3422 4930 dicitur
3454 4877 3498 4907 ⁷²
3567 4880 3639 4933 de

2059 4956 2338 5011 luxurioso
2372 4956 2512 5020 lilio,
2544 4958 2638 5028 qui
2674 4958 2994 5028 dilapidavit
3026 4964 3384 5022 substantiam
3420 4971 3592 5039 patris
3616 4995 3633 5028 ί

2057 5048 2184 5117 quia
2218 5049 2473 5114 accessit,
2507 5049 2700 5119 inquit,
2734 5053 2799 5103 ad
2828 5053 3117 5120 quemdam
3144 5056 3466 5124 primarium
3494 5064 3635 5117 civi-

2060 5141 2188 5219 tatis
2213 5141 2265 5195 in
2302 5141 2520 5212 regione
2550 5141 2677 5196 Illa:
2709 5158 2736 5195 a
2764 5157 2872 5210 quo
2900 5154 3169 5215 receptus,
3201 5149 3253 5203 in
3283 5166 3469 5219 agrum
3502 5159 3631 5210 mit-

2058 5217 2192 5286 titur
2239 5247 2432 5301 porcos
2480 5247 2721 5302 pascere.
2761 5233 2827 5287 Et
2876 5234 2991 5289 haec
3037 5251 3168 5306 ergo
3209 5217 3440 5306 civitas,
3477 5245 3633 5312 cujus

2060 5324 2149 5380 ille
2182 5323 2478 5392 primarius
2516 5334 2637 5378 erat
2661 5364 2674 5387 ,
2713 5327 2943 5381 mundus
2973 5328 3061 5383 hic
3094 5329 3430 5397 intelligitur.
3466 5333 3631 5402 Igitur

2061 5413 2127 5466 de
2172 5413 2273 5467 hac
2312 5412 2530 5466 civitate
2576 5412 2863 5468 liberatum
2894 5454 2907 5475 .
2954 5416 3055 5470 hoc
3100 5427 3181 5470 est
3230 5432 3387 5484 quem
3436 5420 3630 5477 liberat

2056 5506 2307 5561 Christus
2337 5505 2405 5560 de
2434 5505 2539 5559 hoc
2573 5506 2794 5571 mundo,
2828 5507 3002 5574 perdit
3033 5523 3177 5561 eum.
3214 5509 3354 5562 Dicit
3386 5511 3529 5564 enim
3558 5513 3624 5574 ⁸⁷³,

1485 5710 1529 5744 ⁶¹
1554 5710 1711 5766 Num.
1735 5726 1880 5773 xxrv,
1908 5712 1989 5768 l7.
2065 5716 2107 5745 ⁶²
2132 5712 2290 5769 Num.
2320 5713 2582 5780 xx1v,l7.
2658 5712 2852 5766 “Gen.
2875 5728 2948 5777 tv,
2971 5712 3060 5767 25.
3139 5714 3183 5743 ἰ
3206 5711 3363 5764 Num.
3387 5729 3534 5779 xxrv,
3563 5717 3615 5771 8.

1614 5782 1658 5812 ⁸⁸
1690 5783 1843 5837 Num.
1890 5801 2033 5851 xxiv,
2073 5786 2152 5839 I8.
2231 5785 2273 5816 θ’
2308 5785 2439 5839 Ibid.
2518 5784 2562 5814 '°
2588 5782 2775 5835 Matth.
2804 5782 2967 5848 x,%8.

3073 5782 3116 5813 "
3143 5781 3299 5834 Num.
3340 5799 3487 5853 xxxv,
3526 5788 3615 5846 19,
