4134 6420
413 455 510 511 7?.I

415 571 610 624 deinde
637 567 1028 634 interpretatur
1060 563 1286 632 defectio
1328 571 1586 615 commoto
1619 561 1765 632 (86):

414 660 661 716 cessario
694 658 879 726 utique
910 655 1002 724 qui
1050 655 1118 708 ab
1163 654 1248 708 his
1285 651 1482 706 talibus
1518 653 1776 722 gignitur,
1820 650 1991 705 hostis

414 753 488 810 sit
531 751 694 807 Israel
722 790 738 816 ,
768 748 1050 812 ablingens
1072 787 1086 809 ,
1122 746 1206 800 vel
1243 745 1522 799 declinans
1547 742 1822 813 populum.
1872 741 1991 795 Pri-

420 859 540 900 mus
566 843 712 899 cnim
749 843 863 910 ipse
894 838 1155 893 Hebrmos
1185 852 1439 908 egressos
1468 851 1535 890 ex
1581 835 1818 905 Egypto
1853 836 1992 889 bello

416 948 705 1005 aggressus
734 942 818 986 est
852 933 905 986 in
946 929 1240 1001 Raphidin,
1269 938 1397 982 tunc
1423 943 1546 981 cum
1587 927 1798 998 Moyses
1822 927 1898 980 ait
1924 927 1992 981 ad

413 1025 598 1080 Iesum
621 1025 698 1080 “z
729 1042 748 1076 ι
779 1024 928 1094 Elige
956 1023 1051 1077 tibi
1088 1022 1237 1077 viros
1260 1061 1275 1086 ,
1299 1030 1355 1077 et
1384 1021 1494 1086 exi,
1521 1030 1575 1074 et
1596 1018 1827 1091 conlIige
1867 1035 1991 1076 cum

417 1115 638 1170 Amalec
677 1114 916 1169 crastino
939 1152 953 1177 ,
987 1120 1043 1167 et
1086 1127 1217 1166 ecce
1243 1126 1340 1181 ego
1368 1121 1453 1165 sto
1493 1112 1545 1165 in
1574 1111 1778 1166 vertice
1806 1110 1990 1177 collis,

413 1213 470 1261 et
497 1206 645 1275 virga
675 1204 770 1258 Dei
799 1206 853 1258 in
883 1219 1044 1257 manu
1088 1218 1203 1256 mea
1246 1203 1372 1258 erit.
1414 1202 1480 1256 Et
1513 1201 1642 1256 fecit
1669 1202 1825 1257 Jesus
1852 1202 1994 1256 sicut

415 1295 555 1349 dixit
595 1294 644 1348 ei
676 1293 921 1365 Moyses,
954 1301 1010 1349 et
1036 1293 1280 1348 confliin
1304 1307 1426 1346 cum
1471 1291 1734 1347 Amalec:
1783 1291 1995 1361 Moyses

414 1395 686 1451 autem,et
707 1387 910 1447 Aaron,
937 1394 992 1439 et
1029 1383 1106 1439 Ur
1127 1384 1489 1437 ascenderunt
1515 1383 1566 1436 in
1595 1383 1855 1438 verticem
1881 1384 1992 1438 col-

416 1480 523 1534 lis:
563 1488 616 1532 et
647 1476 848 1532 factum
884 1487 964 1532 est
989 1516 1004 1542 ,
1032 1485 1086 1529 ut
1108 1491 1232 1530 cum
1263 1475 1467 1530 levaret
1503 1491 1697 1530 manus
1743 1476 1990 1548 Moyses,

419 1571 776 1625 invalescerct
811 1569 1021 1624 Israel:
1067 1585 1192 1623 cum
1227 1578 1408 1622 autem
1455 1569 1748 1636 deponeret
1801 1585 1994 1624 manus

415 1677 563 1724 suas,
607 1660 970 1715 invalescebat
994 1659 1232 1713 Amalec.
1266 1677 1285 1710 ι
1328 1659 1392 1712 Et
1430 1669 1553 1728 post
1591 1673 1760 1728 pauca
1799 1661 1992 1714 iterum

415 1753 677 1822 scripturn
707 1763 789 1804 est
817 1751 942 1818 quia
980 1749 1242 1819 fugaverit
1267 1749 1424 1805 Jesus
1449 1751 1670 1805 Amalec
1689 1791 1706 1815 ,
1734 1761 1790 1805 et
1825 1767 1996 1820 popu-

417 1845 528 1898 lum
561 1843 682 1909 ejus
721 1843 901 1913 gladio
923 1841 1222 1911 dejeccrit:
1263 1851 1390 1896 tunc
1429 1842 1576 1898 enim
1623 1843 1881 1898 Dominus
1909 1843 1996 1898 die

418 1937 497 1990 xit
527 1935 593 1990 ad
628 1935 843 2006 Moysen
870 1933 946 1986 ⁸²ε
986 1952 1002 1983 ι
1033 1933 1327 1988 Conscribe
1357 1934 1470 1987 hmc
1501 1935 1566 1988 ad
1593 1934 1910 1989 memoriam
1944 1935 1995 1988 in

416 2027 557 2081 libro
581 2066 596 2090 ,
643 2035 700 2082 et
732 2027 799 2080 da
834 2026 885 2079 in
921 2026 1142 2079 auribus
1187 2024 1352 2080 Jesu:
1402 2025 1530 2094 quia
1582 2026 1769 2079 delens
1805 2027 1995 2082 delebo

419 2120 737 2191 memoriam
769 2118 986 2173 Amalec
1015 2119 1083 2172 de
1111 2118 1210 2172 sub
1239 2119 1399 2174 cmlo.
1429 2118 1494 2172 Et
1524 2119 1809 2173 tedilicavit
1842 2119 1996 2190 llon-

415 2225 506 2264 ses
534 2210 705 2264 altare
727 2250 743 2275 ,
779 2221 832 2264 et
869 2210 1166 2263 nominavit
1197 2224 1392 2265 nomen
1424 2210 1539 2278 ejus
1566 2247 1581 2274 ,
1617 2210 1878 2264 Dominus
1905 2225 1994 2266 re—

316 2307 337 2324 ⁶
419 2302 621 2371 lugium
659 2315 870 2354 meum:
903 2311 956 2354 et
984 2302 1092 2355 ait:
1127 2301 1264 2367 Quia
1297 2303 1348 2355 in
1379 2317 1541 2354 manu
1570 2301 1782 2356 occulta
1816 2302 1998 2356 Domi-

418 2409 522 2446 nus
547 2403 818 2460 espugnat
860 2393 1080 2447 Amalec
1126 2410 1154 2445 a
1188 2395 1542 2461 generatione
1588 2394 1642 2448 in
1685 2394 1996 2462 generatio-

418 2499 568 2538 nem.
597 2503 616 2536 ι
650 2484 969 2554 Intelligecx
1000 2485 1102 2540 hoc
1116 2485 1424 2540 evidentius
1450 2484 1578 2554 quid
1611 2488 1806 2540 debeat
1838 2485 1995 2539 intel-

419 2578 511 2645 ligi
547 2576 792 2641 Amalec,
824 2591 985 2646 quem
1021 2593 1181 2630 manu
1208 2577 1420 2631 occulta
1445 2615 1461 2642 ,
1498 2577 1550 2632 id
1580 2587 1684 2643 est,
1713 2577 1994 2644 invisibili,

416 2680 733 2736 expugnare
761 2667 961 2720 dicitur
993 2669 1134 2721 Deus
1164 2684 1193 2720 a
1219 2668 1568 2737 generatione
1603 2669 1654 2723 in
1683 2669 1996 2739 generatio-

423 2774 569 2811 uem.
618 2756 726 2812 Sed
779 2759 830 2812 in
881 2758 1300 2812 Deuteronnmio
1343 2758 1417 2812 ita
1469 2759 1728 2827 scriptum
1775 2770 1861 2814 est
1907 2760 1996 2815 83:

423 2868 443 2902 c
471 2848 740 2905 Memento
785 2858 989 2918 quanta
1034 2851 1128 2904 tibi
1175 2850 1368 2906 fecerit
1410 2851 1632 2905 Amalec
1664 2853 1714 2907 in
1747 2855 1828 2907 via
1873 2869 1995 2909 cum

421 2943 628 2998 cxisses
655 2943 720 2996 de
745 2943 1008 3012 1Egypto,
1043 2944 1314 3011 quomodo
1342 2945 1556 2998 obelitit
1593 2945 1687 2999 tibi
1725 2945 1777 2999 in
1807 2949 1914 3009 via,
1947 2956 1998 3000 et

391 3035 626 3092 ._cxcidit
657 3035 885 3088 caudam
925 3045 1074 3087 tuam
1106 3074 1121 3098 ,
1170 3048 1365 3088 omnes
1396 3035 1484 3102 qui
1513 3035 1835 3091 laborabant
1881 3051 2002 3107 post

423 3135 496 3180 te.
520 3125 599 3180 Tu
627 3136 806 3180 autem
831 3123 1111 3180 esuriebas
1136 3134 1190 3178 et
1213 3125 1524 3188 laborabas,
1548 3137 1603 3179 et
1633 3143 1738 3181 non
1768 3129 1995 3184 timuisti

1595 447 1659 502 IN
1694 447 2032 504 NUMEROS
2061 444 2346 501 IIOMIIJ‘A
2376 443 2513 498 XIX.

1808 570 1864 613 ut
1900 575 1991 614 ne.
2024 567 2070 620 Α
2099 557 2302 612 Gal:qu
2339 556 2575 609 ducenta
2611 552 2776 606 millia
2807 554 3068 622 peditum,
3101 564 3155 607 et
3187 554 3293 608 tria
3326 554 3491 609 millia
3522 555 3670 610 viro-

3567 443 3673 498 72°.

2101 663 2220 703 rum
2249 663 2314 703 ex
2343 646 2478 701 Juda
2507 686 2523 712 ,
2555 655 2610 701 et
2641 646 2786 700 venit
2827 645 2956 699 Saul
2983 646 3049 698 ad
3085 646 3360 701 civitatem
3410 642 3631 702 Amalec
3652 687 3668 711 ,

2099 751 2154 796 et
2183 741 2409 796 insidias
2445 741 2622 809 posuit
2650 741 2704 793 in
2727 740 2865 794 valle
2885 784 2897 805 ,
2933 751 2989 795 et
3016 741 3092 794 ait
3132 742 3260 796 Saul
3306 742 3372 795 ad
3399 741 3626 798 Cineum
3658 763 3670 798 :

2104 831 2252 887 Vade
2280 843 2357 896 tu,
2387 840 2443 886 et
2465 832 2680 887 discede
2708 833 2774 887 de
2801 833 2980 886 medio
3003 832 3246 900 Amalec,
3281 849 3346 888 ne
3375 834 3516 890 forte
3535 843 3590 889 et
3618 844 3674 889 tu

2100 925 2378 994 adjiciaris
2411 925 2525 994 (87)
2555 940 2678 979 cum
2707 924 2846 991 ipso.
2880 922 2957 977 Tu
2984 923 3132 978 enim
3159 922 3337 978 fecisti
3363 925 3675 980 misericor-

2099 1018 2242 1071 diam
2291 1032 2413 1070 cum
2453 1016 2705 1070 omnibus
2744 1013 2872 1069 liliis
2914 1013 3124 1080 Israel,
3160 1029 3283 1068 cum
3316 1017 3676 1070 escenderent

2099 1109 2166 1163 de
2198 1118 2345 1162 terra
2397 1107 2636 1178 IEgypti.
2674 1107 2740 1160 Et
2777 1106 3030 1161 discessit
3059 1105 3263 1161 Cineus
3297 1107 3364 1161 de
3395 1108 3571 1162 medio
3598 1109 3673 1162 A-

2102 1201 2292 1263 malec,
2329 1210 2384 1253 et
2425 1200 2699 1269 percussit
2734 1197 2864 1252 Saul
2899 1199 3144 1259 Amalec.
3175 1199 3244 1254 ab
3293 1198 3472 1255 Evilat
3502 1215 3675 1270 usque

2100 1294 2225 1358 Sur,
2255 1308 2375 1362 qua:
2410 1302 2496 1347 est
2522 1300 2715 1348 contra
2747 1290 2942 1346 faciem
2976 1290 3196 1362 [Egypti
3222 1333 3236 1359 ,
3269 1302 3323 1347 et
3353 1293 3497 1362 cepit
3527 1294 3676 1365 Agag

2103 1400 2281 1454 regem
2307 1385 2528 1439 Amalec
2553 1385 2760 1446 vivum,
2790 1392 2844 1439 et
2870 1400 3088 1440 omnem
3118 1386 3373 1454 populum
3401 1388 3523 1458 ejus
3545 1401 3676 1439 ana-

2102 1476 2477 1530 thematizavit
2513 1477 2564 1530 in
2597 1491 2697 1531 ore
2735 1477 2943 1546 gladii,
2971 1486 3026 1532 et
3053 1478 3299 1546 pepercit
3336 1475 3462 1531 Saul
3495 1485 3549 1530 et
3580 1491 3677 1545 po-

2102 1566 2262 1637 pulus
2315 1569 2426 1636 regi
2478 1569 2628 1637 Agag
2654 1609 2670 1634 ,
2708 1577 2764 1621 et
2814 1570 3056 1623 servavit
3102 1585 3263 1624 omne
3295 1570 3438 1638 quod
3471 1569 3672 1624 bonum

2102 1668 2225 1713 erat
2254 1673 2319 1711 ex
2347 1659 2539 1713 ovibus
2567 1669 2622 1713 et
2653 1657 2844 1724 bobus,
2879 1659 2971 1712 sed
3003 1667 3058 1711 et
3087 1674 3208 1728 qua:
3255 1657 3486 1714 fecunda
3517 1669 3677 1714 erant

2101 1766 2164 1805 ex
2191 1751 2444 1806 omnibus
2472 1752 2762 1820 pecoribus
2795 1750 2974 1816 bonis,
3005 1761 3062 1806 et
3087 1750 3378 1806 noluerunt
3399 1765 3462 1806 ea
3491 1759 3674 1806 exter-

2104 1842 2335 1908 minare,
2361 1843 2456 1898 sed
2476 1857 2639 1898 omne
2667 1844 2810 1912 quod
2844 1843 2943 1898 fuit
2970 1843 3375 1910 contemptibile
3401 1852 3457 1898 ct
3485 1845 3677 1910 despe-

2099 1945 2268 1998 ctum,
2305 1936 2408 1990 hoc
2433 1936 3057 1991 anathematisaverunt.
3089 1936 3153 1989 Et
3179 1935 3354 1989 lactus
3377 1944 3461 1989 est
3491 1948 3678 1986 sermo

2101 2027 2315 2081 Domini
2346 2027 2412 2080 ad
2438 2024 2744 2083 Samuelem
2775 2029 3000 2084 dicens:
3032 2029 3266 2084 Paenitet
3292 2041 3399 2095 me,
3427 2027 3552 2097 quia
3583 2042 3680 2082 un-

2101 2119 2270 2173 xcrim
2303 2118 2432 2173 Saul
2460 2119 2511 2172 in
2540 2134 2743 2190 regem.
2777 2139 2796 2174 ι
2833 2121 2899 2175 Et
2925 2123 3011 2177 hic
3043 2136 3171 2190 ergo
3198 2122 3426 2176 observa
3451 2133 3678 2190 querno-

2101 2210 2168 2263 do
2206 2209 2346 2262 Deus
2374 2223 2471 2277 per
2508 2209 2826 2278 prophetam
2859 2213 2969 2281 regi
3000 2211 3129 2266 Saul
3159 2209 3403 2280 praecipit
3427 2219 3486 2265 ut
3515 2224 3678 2277 expu-

2099 2310 2224 2370 gnet
2252 2299 2566 2365 Amaiec,et
2581 2317 2686 2356 non
2716 2311 2904 2372 parcat
2930 2304 3185 2373 cuiquam
3217 2317 3284 2358 ex
3315 2302 3396 2356 eis
3425 2319 3438 2355 :
3473 2311 3674 2372 etquo-

2102 2394 2246 2446 niam
2282 2392 2524 2460 pepercit
2557 2395 2668 2464 regi
2704 2395 2925 2450 Amalec
2955 2397 3126 2466 Agag,
3157 2395 3418 2450 offensam
3450 2394 3680 2448 incurrit

2102 2484 2510 2553 inexpiabilem,
2538 2487 2612 2540 ita
2656 2496 2714 2540 ut
2738 2501 2978 2558 eousque
3009 2499 3351 2558 permoveret
3383 2491 3548 2545 Deum
3574 2530 3589 2554 ,
3619 2499 3680 2545 ut

2099 2587 2288 2631 contra
2323 2594 2484 2648 quam
2521 2581 2716 2651 recipit
2751 2580 2840 2634 illa
2872 2591 3063 2635 natura
3097 2583 3337 2636 diceret:
3384 2599 3403 2633 ι
3440 2581 3678 2637 Paenitet

2101 2686 2187 2726 me
2216 2674 2362 2740 quod
2395 2673 2522 2727 uuxi
2566 2672 2694 2728 Saul
2747 2675 2799 2728 in
2835 2688 3036 2745 regem.
3070 2691 3088 2725 ι
3129 2673 3244 2727 Non
3295 2688 3427 2743 ergo
3461 2673 3680 2744 expedit

2102 2763 2258 2817 nobis
2291 2778 2514 2832 parcere
2548 2765 2643 2827 illi,
2675 2766 2766 2834 qui
2797 2765 3028 2820 declinat
3061 2766 3341 2834 populum,
3373 2762 3458 2819 vel
3500 2763 3679 2819 ablin-

2102 2856 2212 2923 git,
2245 2861 2299 2906 et
2335 2855 2602 2909 devorat:
2637 2854 2712 2908 illi
2755 2854 2963 2909 scilicet
2995 2854 3248 2908 invisibili
3280 2853 3502 2908 Amalec
3525 2889 3540 2918 ,
3570 2849 3679 2922 ‘qui

2101 2945 2408 3000 volentibus
2435 2946 2731 3001 ascendere
2753 2947 2819 3000 de
2845 2945 3105 3016 Egypto,
3128 2945 3271 3000 etde
3301 2945 3488 2999 mundi
3520 2945 3681 3015 hujus

2101 3037 2336 3090 evadere
2376 3035 2616 3090 tenebris
2639 3073 2656 3103 ,
2693 3047 2858 3104 atque
2889 3038 2954 3090 ad
2993 3046 3192 3090 terram
3235 3036 3680 3107 repromissionis

2104 3128 2404 3180 ascendere
2434 3166 2450 3192 ,
2480 3128 2683 3180 resistit
2732 3127 2782 3181 in
2833 3128 2940 3189 via,
2972 3136 3026 3181 et
3075 3128 3355 3196 impugnat
3385 3143 3514 3182 nos.
3547 3138 3603 3183 et
3631 3130 3680 3184 si

424 3221 615 3275 Deum.
661 3236 680 3270 ι
733 3215 974 3272 Observa
1008 3231 1142 3284 ergo
1178 3224 1234 3270 et
1267 3216 1320 3269 in
1353 3217 1422 3272 iis
1471 3221 1741 3287 quomodo
1776 3221 2000 3278 Amalec
2029 3253 2070 3309 α
2106 3218 2375 3272 invenerit
2405 3233 2504 3273 nos
2538 3219 2710 3273 lassos
2736 3234 2800 3274 ac
2833 3220 3096 3284 defessos,
3123 3229 3178 3272 et
3216 3227 3361 3273 retro
3390 3220 3682 3286 respicien-

424 3309 638 3364 obstitit
683 3306 846 3362 Israel
886 3306 935 3360 in
974 3307 1054 3359 via
1080 3347 1094 3371 ,
1137 3306 1233 3360 sed
1270 3315 1446 3362 tamen
1496 3323 1600 3362 non
1630 3311 1806 3379 potuit
1842 3322 2005 3381 caput

419 3401 539 3470 ejus
583 3401 940 3464 abscindere,
991 3401 1092 3454 nisi
1131 3399 1358 3454 caudam
1401 3409 1652 3456 tantum:
1699 3403 1752 3458 id
1790 3413 1873 3459 est
1912 3419 2004 3459 cos

422 3491 598 3561 putuit
640 3493 892 3545 obtinere
919 3529 934 3554 ,
968 3491 1061 3559 qui
1100 3501 1246 3544 retro
1276 3491 1438 3561 positi
1467 3503 1625 3547 erant
1647 3534 1663 3559 ,
1691 3497 1782 3565 qui
1822 3496 1999 3551 ultimi

422 3584 819 3652 sequebantur,
850 3597 949 3637 nec
975 3598 1039 3636 ea
1071 3599 1191 3652 quae
1219 3593 1370 3639 retro
1398 3593 1557 3639 erant
1589 3586 2000 3656 obliviscentes,

421 3674 792 3730 extendebant
843 3689 902 3730 se
951 3677 1018 3729 ad
1052 3689 1114 3730 ea
1165 3691 1287 3745 qua:
1319 3675 1371 3730 in
1421 3685 1551 3731 ante
1602 3687 1750 3732 sunt.
1786 3679 1853 3733 Et
1882 3679 2004 3736 ideo

425 3777 555 3836 puto
602 3767 728 3837 quia
778 3767 1037 3821 Dominus
1082 3767 1427 3837 praecipiebat
1473 3769 1526 3822 in
1573 3768 1883 3837 Evangeliis
1911 3772 2005 3826 di-

422 3873 554 3914 ccns
580 3859 658 3912 l“z
703 3876 722 3910 ε
755 3858 922 3912 Nemo
973 3858 1202 3913 mittens
1237 3874 1457 3913 manum
1488 3873 1642 3915 suam
1690 3876 1854 3930 super
1883 3877 2006 3917 ara-

427 3961 595 4014 trum,
628 3961 682 4005 et
714 3959 862 4004 retro
891 3949 1209 4019 respiciens,
1239 3958 1397 4017 aptus
1426 3959 1509 4005 est
1541 3967 1708 4021 regno
1739 3953 1851 4011 Dei.
1883 3973 1903 4008 ι
1941 3954 2007 4009 Ει

425 4045 656 4098 merito:
687 4043 731 4098 si
761 4043 906 4098 enim
939 4053 1088 4096 retro
1112 4042 1238 4111 quis
1265 4041 1518 4097 inventus
1541 4043 1705 4098 fuerit
1729 4045 1780 4098 in
1807 4048 2003 4114 cauda,

429 4139 716 4194 abscindet
741 4151 862 4191 eum
886 4136 1132 4191 Amalec.
1157 4132 1263 4189 Sed
1289 4143 1343 4188 et
1369 4134 1528 4188 aliam
1557 4136 1732 4190 adhuc
1755 4139 1820 4190 de
1844 4137 2008 4190 Ama-

426 4230 507 4284 lec
535 4229 819 4285 historiam
845 4227 1192 4298 proferamus
1210 4271 1225 4294 ,
1247 4239 1308 4284 ut
1336 4243 1402 4284 ex
1432 4228 1678 4298 pluribus
1706 4227 2008 4297 Scriptura:

428 4323 565 4377 locis
608 4321 812 4376 clarius
841 4323 986 4390 quod
1034 4322 1330 4391 quaerimus
1368 4321 1707 4374 advertatur.
1739 4319 1796 4373 In
1830 4319 2006 4388 primo

427 4413 739 4483 Regnorum
769 4414 907 4468 libro
937 4414 1014 4466 ait
1045 4412 1266 4468 Samuel
1301 4413 1366 4467 ad
1401 4411 1532 4468 Saul
1562 4412 1647 4467 8“z
1687 4429 1706 4462 ι
1734 4411 1880 4466 Misit
1919 4426 2006 4467 me

431 4506 689 4561 Dominus
717 4521 922 4576 ungere
962 4515 1014 4562 te
1047 4521 1226 4576 regem
1257 4521 1420 4575 super
1448 4505 1704 4575 populum
1736 4515 1894 4558 suum
1928 4505 2006 4559 Is-

2107 3316 2226 3372 tes,
2261 3317 2428 3377 atque
2457 3308 2510 3362 in
2543 3307 2744 3362 ultimis
2779 3316 2834 3362 et
2864 3307 2916 3361 in
2948 3307 3116 3362 cauda
3155 3307 3378 3375 positos,
3409 3306 3682 3362 abscindit

2105 3413 2204 3452 nos
2242 3408 2299 3453 et
2329 3399 2566 3468 perimit.
2611 3399 2676 3453 Et
2712 3400 2835 3453 ideo
2866 3399 3182 3454 tentandum
3217 3412 3436 3468 semper
3465 3398 3519 3452 in
3550 3407 3681 3453 ante

2103 3499 2218 3555 est,
2256 3500 2308 3545 et
2343 3491 2410 3544 ad
2445 3490 2660 3559 prepria
2694 3489 3076 3553 festinandum,
3111 3489 3221 3542 iuno
3243 3498 3298 3542 et
3332 3490 3386 3542 in
3422 3491 3680 3544 verticem

2107 3581 2307 3636 montis
2337 3581 2740 3636 ascendendum
2768 3618 2784 3646 ,
2831 3589 2884 3634 et
2923 3591 3138 3646 semper
3180 3577 3422 3634 levanda:
3455 3591 3582 3633 sunt
3625 3580 3680 3634 in

2104 3676 2452 3729 orationibus
2478 3675 2546 3728 ad
2573 3673 2773 3728 coelum
2805 3686 3020 3736 manus,
3054 3680 3112 3723 ut
3146 3672 3219 3724 ita
3249 3673 3471 3726 demum
3503 3672 3682 3727 vinca-

2108 3777 2193 3820 tur
2217 3766 2440 3821 Amalec
2470 3777 2526 3821 et
2557 3766 2737 3822 cadat.
2772 3764 2864 3822 Vis
2899 3778 3078 3822 autem
3109 3767 3251 3822 scire
3280 3767 3541 3835 quoniam
3571 3779 3680 3820 non

2105 3858 2371 3914 transitur
2387 3858 2451 3913 ad
2471 3868 2672 3912 terram
2695 3867 2965 3923 sanetam,
2988 3873 3164 3928 neque
3186 3859 3500 3927 pervenitur
3515 3858 3581 3911 ad
3600 3872 3683 3912 rc-

2105 3964 2315 4019 gnum,
2359 3949 2462 4004 nisi
2523 3949 2674 4018 prius
2717 3949 2966 4004 vincatur
3012 3949 3234 4004 Amalec
3277 3949 3302 4003 ‘9
3346 3948 3516 4003 David
3556 3962 3680 4002 cum

2109 4041 2275 4096 multa
2303 4042 2440 4096 bella
2477 4026 2754 4110 gessisset,
2791 4051 2845 4096 et
2871 4050 3061 4096 contra
3101 4040 3413 4112 Allophylos
3452 4041 3683 4096 fuissent

2104 4131 2266 4202 345
2290 4132 2339 4186 ei
2395 4131 2648 4186 acerrimi
2711 4130 3129 4199 frequentesque
3179 4129 3507 4195 conﬂictus,
3571 4142 3679 4182 non

2110 4231 2287 4275 tamen
2322 4220 2582 4276 scribitur
2606 4219 2913 4276 obtinuisse
2947 4235 3197 4288 regnum,
3231 4218 3338 4272 nisi
3373 4219 3524 4288 prius
3548 4220 3681 4272 edo-

2109 4315 2338 4368 muisset
2366 4313 2611 4368 Amalec.
2647 4312 2738 4366 Ait
2771 4312 2918 4366 enim
2948 4311 3230 4380 Scriptura
3269 4309 3362 4364 ’δε
3401 4328 3420 4361 ι
3478 4309 3546 4365 Et
3594 4325 3684 4364 re-

2107 4420 2326 4476 gressus
2356 4415 2440 4462 est
2477 4405 2645 4460 David
2709 4415 3058 4474 posteaquam
3109 4403 3308 4458 cecidit
3357 4401 3602 4465 Amalec,
3624 4411 3680 4457 et

2109 4496 2354 4569 suscepit
2382 4513 2608 4568 regnum
2638 4497 2791 4562 Sani;
2828 4509 2847 4547 ι
2912 4512 3034 4551 cum
3087 4503 3267 4550 tamen
3301 4495 3416 4563 ipse
3458 4493 3684 4550 Amalec

433 4598 546 4652 raeI
571 4638 587 4664 ,
623 4609 677 4654 et
709 4614 852 4653 nunc
881 4597 1006 4652 audi
1046 4611 1231 4652 vocem
1267 4598 1556 4652 verborum
1606 4595 1839 4650 Domini.
1882 4593 2006 4650 Ilaec
2039 4601 2084 4657 Ι)
2115 4593 2460 4646 describatur
2486 4591 2685 4647 multas
2721 4593 2870 4661 prius
2903 4599 3114 4657 strages
3168 4589 3366 4643 fecisse
3398 4589 3450 4641 in
3487 4587 3683 4658 popqu

427 4693 562 4748 dicit
614 4693 873 4776 meinus
927 4693 1186 4747 virtutum
1225 4709 1238 4745 :
1285 4689 1599 4761 Ilecogitavi
1649 4690 1833 4744 omnia
1882 4703 2004 4758 quae

430 4784 560 4839 fecit
595 4784 809 4840 Amalec
854 4786 1141 4841 adversmn
1175 4782 1379 4850 Israel,
1413 4784 1687 4853 quomodo
1729 4784 2005 4850 percussit

429 4894 555 4932 cum
599 4878 656 4931 in
692 4879 775 4932 via
803 4893 925 4933 cum
958 4880 1280 4934 ascenderet
1305 4893 1372 4932 ex
1409 4876 1667 4947 Egypto.
1697 4876 1848 4930 Nunc
1875 4891 2006 4944 ergo

430 4967 604 5029 vade,
651 4972 706 5017 et
739 4973 958 5034 percute
1001 4965 1261 5030 Amalec,
1303 4975 1356 5019 et
1385 4963 1787 5018 anathematiza
1819 4965 2000 5016 omnia

430 5057 964 5127 qumcunquehabet,
989 5066 1162 5112 etnon
1181 5069 1396 5126 parcas,
1413 5057 1508 5110 sed
1525 5054 1770 5111 interfice
1793 5069 2004 5122 omnes,

433 5167 461 5202 a
500 5151 618 5206 viro
649 5165 818 5219 usque
848 5150 914 5204 ad
945 5149 1229 5204 mulierem
1251 5186 1267 5214 ,
1300 5161 1356 5203 et
1383 5147 1640 5217 parvulos
1664 5187 1678 5211 ,
1709 5157 1766 5200 et
1803 5147 2009 5201 lacten-

435 5251 538 5310 tes,
567 5251 623 5297 et
657 5250 862 5307 tauros,
891 5252 944 5297 et
969 5257 1158 5312 greges
1197 5241 1403 5307 ovium,
1435 5250 1490 5295 et
1515 5239 1780 5304 camelos,
1807 5249 1862 5293 ct
1898 5240 2006 5294 asi-

435 5352 550 5392 nos.
601 5335 667 5391 Et
697 5336 951 5408 praecepit
997 5336 1124 5391 Saul
1161 5335 1396 5407 populo,
1438 5343 1494 5389 et
1538 5333 1775 5402 inspexit
1811 5347 1907 5388 eos
1954 5333 2005 5386 in

2116 4681 2303 4747 Israel,
2338 4683 2584 4737 cturbcs
2630 4697 2818 4736 eorum
2873 4681 3181 4736 incendisse
3234 4678 3680 4748 quamplurimas.

2119 4774 2256 4828 Vere
2287 4773 2435 4828 enim
2469 4784 2592 4828 ante
2631 4775 2920 4827 adventum
2977 4775 3090 4827 veri
3122 4771 3312 4838 David,
3375 4769 3520 4824 illius
3587 4773 3683 4838 qui

2115 4873 2277 4919 natus
2308 4873 2393 4918 est
2421 4880 2488 4917 ex
2517 4863 2729 4918 semine
2755 4861 2923 4917 David
2948 4862 3246 4917 secundum
3274 4876 3522 4923 carnem,
3541 4860 3682 4914 mul-

2115 4965 2200 5011 tas
2226 4965 2440 5025 strages
2471 4956 2744 5025 spiritales
2769 4954 3084 5010 Amaleeita:
3103 4995 3118 5022 ,
3147 4969 3269 5024 qua:
3295 4961 3420 5009 sunt
3456 4961 3684 5008 contra-

2117 5047 2214 5102 ria:
2243 5047 2494 5112 virtutes,
2564 5045 2810 5101 fecerunt
2855 5047 2910 5102 in
2962 5047 3158 5117 popqu
3221 5047 3410 5102 Israel.
3475 5044 3581 5101 Sed
3629 5054 3687 5101 et

2115 5139 2288 5210 ipsius
2325 5139 2491 5193 David
2533 5140 2898 5209 captivarunt,
2951 5139 3124 5208 inquit
3159 5138 3227 5205 ⁸⁷,
3273 5139 3408 5194 duas
3463 5150 3683 5192 uxores.

2119 5231 2363 5288 Judteum
2401 5243 2530 5302 puto
2558 5233 2818 5302 primum,
2853 5242 2909 5288 et
2937 5231 3235 5287 secundum
3295 5229 3547 5300 gentilem
3592 5242 3687 5296 po-

2117 5328 2304 5398 pulum
2344 5328 2450 5383 dici
2483 5341 2498 5381 :
2537 5335 2592 5382 et
2644 5324 2860 5383 Judacos
2918 5327 3062 5379 enim
3117 5332 3173 5378 et
3220 5321 3447 5392 gentiles
3495 5331 3687 5373 ciuiles

506 5499 548 5532 ⁸³
587 5499 759 5555 Exod.
803 5513 937 5561 xvtt,
964 5495 1019 5564 9,
1054 5496 1139 5564 I0,
1168 5499 1255 5552 II.
1329 5499 1377 5530 ⁸⁸
1405 5496 1518 5552 ibid
1548 5539 1562 5563 ,
1595 5497 1682 5561 I4,
1714 5497 1802 5559 I5,
1845 5493 1931 5549 I6.

2105 5494 2238 5546 )eut.
2267 5503 2393 5555 xxv,
2426 5486 2516 5554 I7,
2545 5485 2630 5541 I8.
2707 5485 2754 5517 ”
2784 5485 2913 5541 Luc.
2957 5499 3031 5548 ιχ,
3062 5480 3152 5536 62.
3225 5476 3272 5509 ⁸⁸
3299 5476 3318 5530 Ι
3349 5477 3482 5545 Reg.
3510 5490 3598 5542 xv,
3631 5477 3684 5544 I,

439 5571 494 5636 2,
531 5571 584 5637 5,
617 5571 675 5637 4,
711 5569 766 5637 5,
807 5569 862 5636 Ii,
893 5568 946 5635 7,
976 5565 1030 5635 8,
1061 5568 1114 5630 9,
1146 5568 1233 5635 I0,
1268 5567 1354 5623 II.
1433 5569 1479 5600 “
1505 5567 1546 5621 II
1578 5567 1712 5638 Reg.
1736 5581 1776 5632 I,
1807 5566 1857 5620 I.

511 5735 621 5808 (86)
644 5734 852 5808 Deinde
880 5730 1249 5808 interpretatur
1267 5744 1520 5784 DEFECTIO
1533 5743 1794 5808 cautiora.
1814 5727 1857 5781 A
1884 5738 2021 5788 Dan

451 5825 467 5857 ι
507 5805 712 5860 absolvi
741 5845 754 5867 ,
801 5805 1066 5868 deiicere,
1123 5821 1140 5852 ι
1182 5809 1236 5856 ct
1274 5809 1362 5863 νυ
1405 5819 1424 5852 ‹
1464 5805 1631 5854 movit
1661 5814 1753 5866 se,
1805 5811 2016 5866 metus,

447 5886 748 5931 commotus
782 5873 900 5929 luit.
932 5892 949 5924 ι

1966 5565 2009 5597 ⁸⁷
2036 5566 2056 5620 I
2086 5564 2220 5629 Reg.
2251 5575 2378 5624 xxx,
2410 5577 2458 5615 v.

2197 5721 2520 5794 (Sliillodcx
2549 5716 2894 5794 gorbeiensis
2925 5732 2943 5764 ς
2971 5709 3261 5794 atljiciaris.
3295 5728 3314 5762 ι
3350 5705 3686 5794 editi,

2131 5811 2150 5844 ι
2183 5780 2476 5861 dejiciaris.
2503 5808 2521 5840 ι
2560 5787 2723 5861 Paulo
2748 5795 2868 5861 post
2895 5799 3025 5839 mss.
3057 5781 3256 5837 habent
3291 5799 3311 5832 ι
3339 5784 3408 5834 ab
3439 5780 3632 5836 Evilat.
3662 5795 3685 5832 υ

2126 5856 2283 5919 Libb.
2324 5861 2474 5924 editi,
2513 5877 2532 5908 ι
2565 5861 2632 5912 ab
2661 5856 2832 5925 I'Jjuia.
2874 5873 2892 5906 ι
