4134 6428
401 485 509 541 735

1566 480 1629 533 IN
1666 475 1996 535 NlTMi'ZROS
2034 473 2318 530 IIOIIILIA
2348 475 2466 531 XX.

3551 478 3657 532 726

402 605 570 660 Deum
603 611 685 657 est
711 621 723 656 :
750 612 803 657 et
842 602 942 657 hoc
962 609 1046 656 est
1081 600 1222 671 quod
1277 600 1447 662 dicit,
1504 602 1627 669 quia
1682 616 1801 653 cum
1862 600 1975 653 haec
2006 605 2049 659 Α
2082 599 2229 667 lapsu
2261 607 2461 660 motus,
2501 594 2593 648 sed
2628 594 3032 661 perseverantia
3094 595 3443 663 perduratus.
3501 594 3651 660 Quod

400 697 578 752 omnia
611 695 759 759 ﬂent,
782 709 906 749 eum
940 695 1151 749 orietur
1180 704 1386 748 astrum
1430 711 1494 749 ex
1534 693 1718 756 Jacob,
1754 701 1808 746 et
1851 706 1975 744 sur-

400 789 606 844 rexerit
632 788 796 842 homo
823 802 887 841 ex
927 787 1113 853 Israel,
1140 796 1195 841 et
1227 787 1490 841 delcverit
1540 785 1780 848 Amalec,
1802 793 1856 838 et
1884 798 1973 837 se-

400 896 523 934 men
581 876 700 947 ejus
754 878 1050 947 perdiderit
1104 895 1118 930 :
1184 878 1287 932 hoc
1332 889 1451 935 est.
1506 893 1629 932 cum
1696 876 1975 929 advenerit

396 968 675 1034 Christus,
708 977 763 1020 et
818 968 1087 1021 idolorum
1148 968 1357 1023 cultum
1411 968 1769 1030 destruxerit,
1812 974 1975 1035 atque

395 1057 641 1113 omnium
662 1059 969 1111 diemonum
1025 1057 1317 1125 subjecerit
1344 1067 1689 1126 potestatem,
1722 1056 1843 1124 quis
1870 1054 1973 1108 erit

396 1149 487 1205 ille
518 1160 624 1203 tam
654 1150 869 1214 beatus,
906 1160 1011 1204 tam
1042 1149 1171 1204 felix
1205 1150 1294 1218 qui
1332 1150 1446 1203 haec
1473 1149 1692 1213 videat;
1732 1149 1834 1201 hoc
1867 1158 1968 1210 est,

396 1243 488 1311 qui
525 1242 748 1308 sentiat,
781 1252 835 1296 et
879 1241 1164 1311 intelligat,
1195 1251 1250 1295 et
1285 1242 1472 1295 credat
1525 1241 1669 1309 quod
1727 1240 1841 1293 lucc
1900 1240 1972 1292 ita

396 1331 588 1387 fecerit
622 1332 806 1387 Deus?
836 1351 853 1384 ι
892 1331 958 1386 Ει
984 1332 1211 1387 exibunt
1241 1335 1306 1388 de
1353 1333 1603 1387 manibus
1645 1332 1971 1393 Citltiorum,

395 1432 450 1475 et
486 1420 723 1491 afﬂigent
754 1424 1030 1493 Assyrios.
1068 1442 1085 1475 ι
1120 1424 1282 1479 Cithii
1346 1423 1780 1491 interpretantur
1816 1421 1971 1490 plaga

393 1511 516 1580 ﬁnis
571 1512 705 1586 (9t).
739 1512 802 1567 Hi
845 1527 974 1584 ergo
1008 1515 1512 1584 quiconvertuntur
1534 1513 1599 1567 ad
1634 1513 1826 1574 Deum,
1858 1518 1911 1564 et
1942 1527 1969 1563 a

393 1609 614 1665 Christo
642 1609 868 1675 eruditi,
898 1610 1112 1680 plagam
1147 1626 1270 1679 qua:
1309 1610 1361 1664 in
1393 1609 1500 1662 line
1560 1608 1741 1662 saeculi
1790 1607 1971 1674 impiis
2058 1616 2071 1633 '

396 1702 600 1765 veniet,
642 1700 933 1772 elI‘ugiunt,
964 1702 1065 1771 ipsi
1098 1700 1333 1771 amigent
1378 1700 1661 1772 Assyrios;
1708 1701 1809 1753 hoc
1865 1710 1969 1764 est,

393 1793 478 1847 his
505 1794 593 1861 qui
629 1794 679 1847 in
714 1809 888 1862 agone
920 1792 1140 1862 pietatis
1177 1792 1337 1861 positi
1360 1800 1509 1858 sunt,
1545 1800 1788 1845 conteret
1815 1790 1968 1845 Sata-

395 1901 522 1938 nam
556 1885 696 1941 Deus
718 1887 821 1941 sub
852 1886 1101 1956 pedibus,
1130 1884 1228 1952 ipsi
1290 1882 1530 1954 aﬂlfgent
1559 1883 1835 1955 Assyrios,
1866 1888 1972 1938 da:-

2078 691 2219 743 enim
2243 689 2503 757 scriptum
2535 698 2616 740 est
2640 687 2730 742 ⁹⁷ε
2772 703 2790 736 ι
2835 686 2945 755 Ego
2967 686 3151 741 vivere
3202 686 3422 750 faciam,
3485 686 3654 741 dedu-

2078 796 2198 835 cam
2230 781 2282 833 in
2317 778 2591 834 infernum
2619 787 2671 833 et
2706 778 2986 841 reducam,
3026 796 3043 829 ι
3082 778 3267 833 nescio
3304 780 3345 833 si
3374 782 3645 847 generali-

2078 883 2162 928 ter
2194 888 2385 928 omnes
2411 873 2662 941 aspiciat,
2691 888 2758 925 an
2786 874 2851 925 ad
2880 886 2974 926 eos
3003 880 3205 924 tantum
3238 887 3374 939 quos
3406 872 3652 940 deceptio

2078 965 2273 1021 diaboli
2308 965 2496 1019 deduci
2534 964 2661 1019 fecit
2692 965 2745 1018 in
2784 972 3037 1018 mortem.
3090 962 3212 1016 llaec
3237 963 3402 1016 etiam
3431 964 3495 1017 de
3527 964 3653 1015 ulti-

2080 1074 2163 1112 ma
2194 1057 2412 1111 Balaam
2470 1057 2750 1127 prophetia
2822 1074 2851 1111 a
2904 1057 3058 1112 nobis
3117 1072 3212 1127 pro
3257 1055 3465 1109 viribus
3511 1057 3650 1112 dicta

2075 1153 2207 1216 sint,
2236 1167 2355 1221 quae
2381 1167 2478 1222 pro
2517 1151 2757 1207 locorum
2789 1150 3103 1205 difﬁcultate
3154 1148 3478 1219 explanandi
3543 1166 3655 1201 ma-

2075 1243 2178 1311 gis,
2211 1260 2374 1314 quam
2404 1245 2697 1316 perorandi
2741 1246 2867 1300 stilo
2918 1245 3125 1313 placuit
3175 1243 3454 1311 explicari.
3514 1243 3651 1309 Quid

2074 1336 2216 1389 cnim
2269 1337 2493 1392 interest
2534 1337 2827 1393 dummodo
2881 1339 3065 1392 onmia
3119 1336 3183 1390 ad
3229 1336 3649 1392 aediﬁcationem

2076 1428 2354 1493 dicantur,
2390 1439 2440 1481 et
2473 1431 2654 1483 omnia
2692 1430 2757 1482 ad
2788 1430 3019 1499 gloriam
3055 1429 3144 1482 Dei
3179 1428 3315 1483 ﬁant
3340 1470 3354 1494 ,
3415 1429 3507 1498 qui
3574 1438 3657 1483 est

2076 1516 2393 1573 benedictus
2427 1520 2479 1572 in
2515 1519 2710 1574 saecula
2737 1520 3083 1577 saeculorum.
3116 1520 3308 1574 Amen.

2643 1632 2926 1688 IIOIIIILIA
2968 1632 3085 1688 XX.

2077 1727 2152 1779 De
2180 1744 2239 1780 eo
2266 1728 2357 1795 qui
2391 1726 2688 1794 fornicatus
2735 1736 2810 1779 est
2864 1728 2917 1779 in
2982 1725 3359 1795 Illaitlianitide,
3409 1737 3455 1777 et
3514 1723 3654 1793 quod

2334 1807 2670 1851 consecratus
2704 1806 2775 1849 est
2801 1796 3023 1864 populus
3051 1794 3390 1863 Beelphegor.

2150 1891 2198 1944 I.
2234 1889 2418 1945 Lectio
2474 1889 2634 1944 hodie
2691 1889 2919 1943 recitata
2992 1897 3095 1953 est,
3153 1887 3385 1956 primam
3434 1886 3653 1956 quidem

394 1993 615 2033 menum
653 1978 859 2032 scilicet
896 1986 1137 2048 gentem.
1171 1976 1471 2033 Calcabunt
1509 1992 1744 2047 namque
1808 1992 1973 2047 super
2006 1973 2046 2028 Β
2078 1982 2359 2037 historiam
2384 1982 2671 2037 continens
2705 1982 2771 2036 de
2828 1980 3190 2037 fornicatione
3238 1980 3341 2034 viri
3398 1978 3653 2034 Israelita:

392 2079 697 2137 serpentes,
742 2077 795 2122 et
822 2069 1161 2137 scorpiones,
1192 2077 1246 2122 et
1277 2082 1443 2137 super
1472 2082 1686 2123 omnem
1718 2068 1970 2122 virtutem

399 2160 627 2225 inimici,
666 2171 720 2216 et
750 2160 983 2231 aiIIigent
1013 2177 1126 2215 eos.
1160 2160 1412 2230 Ailligent
1437 2160 1717 2227 Hebraeos,
1753 2171 1808 2215 et
1870 2162 1971 2231 ipsi

398 2253 606 2320 pariter
635 2251 909 2319 peribunt.
958 2253 1168 2308 IIebraei
1220 2262 1556 2307 transeuntes
1607 2254 1971 2322 interpretan-

393 2352 479 2396 tur
513 2343 644 2415 (92).
677 2343 783 2399 Iste
807 2359 936 2415 ergo
966 2348 1079 2414 ipse
1132 2347 1362 2418 populus
1391 2348 1554 2401 etiam
1596 2345 1856 2402 Hebraeus
1889 2347 1971 2402 di—

389 2437 552 2498 ritur,
582 2437 708 2505 quia
744 2438 957 2491 transiit
997 2439 1063 2493 de
1106 2438 1337 2510 Egypto
1390 2440 1455 2493 ad
1522 2448 1727 2494 terram
1792 2456 1976 2512 repro-

388 2528 685 2591 missiOnis,
725 2530 791 2583 de
831 2531 1072 2586 tenebris
1096 2532 1163 2585 ad
1200 2531 1401 2597 lucem,
1436 2533 1503 2587 de
1544 2544 1721 2588 morte
1772 2535 1839 2587 ad
1889 2535 1973 2590 vi-

390 2632 525 2673 tam.
571 2619 676 2674 Sed
720 2623 999 2689 quoniam,
1031 2632 1091 2676 ut
1117 2623 1375 2689 diximus,
1416 2624 1532 2678 lucc
1562 2641 1667 2680 non
1697 2625 1815 2681 sine
1844 2641 1972 2695 ago-

389 2730 478 2782 ne,
542 2731 640 2770 nec
691 2717 810 2771 sine
856 2731 1052 2785 magno
1099 2718 1404 2771 certamine
1459 2719 1657 2786 poterit
1701 2718 1969 2788 obtinere,

387 2808 539 2876 quasi
575 2808 627 2862 in
656 2824 826 2878 agone
862 2810 1069 2878 positus
1096 2823 1240 2862 nunc
1272 2807 1484 2879 allligit,
1518 2825 1659 2864 nunc
1693 2807 1968 2881 afﬂigitur,

390 2912 447 2957 et
478 2919 621 2957 nunc
645 2904 803 2957 caedit
834 2903 1230 2967 adversarimn,
1265 2918 1412 2957 nunc
1452 2904 1564 2972 ipse
1612 2904 1681 2956 ab
1711 2906 1968 2957 adversa-

391 2996 471 3046 rio
504 2995 845 3049 verberatur.
907 2993 1160 3063 AtIIigent
1206 3009 1336 3063 ergo
1393 2996 1557 3048 etiam
1601 2994 1699 3061 ipsi
1762 2995 1971 3065 Assyrii

391 3085 664 3147 llebrmos,
705 3085 806 3139 hoc
842 3096 923 3138 est
953 3086 1210 3154 popnlmn
1252 3085 1490 3149 Domini,
1533 3086 1673 3139 sicut
1721 3086 1967 3154 atIIigun-

394 3191 478 3229 tur
502 3180 569 3232 ab
603 3179 721 3232 eis:
760 3178 852 3231 sed
893 3178 1014 3247 ipsi,
1045 3177 1094 3230 id
1127 3186 1233 3241 est,
1271 3177 1499 3247 Assyrii,
1526 3192 1648 3230 cum
1676 3178 1788 3231 lucc
1823 3178 1974 3231 fece-

392 3274 525 3333 rint,
563 3279 617 3321 et
646 3286 770 3323 cum
803 3269 947 3323 vires
980 3283 1107 3322 suas
1148 3284 1343 3322 omnes
1385 3285 1511 3338 erga
1544 3269 1801 3325 Hebrzeos
1836 3268 1973 3324 aliti-

2072 2084 2128 2129 et
2158 2073 2402 2130 mulieris
2422 2074 2788 2130 Madianitidis
2816 2093 2830 2143 ;
2866 2074 3158 2129 secundam
3188 2088 3315 2127 vero
3352 2073 3417 2129 de
3450 2071 3657 2126 visione

2074 2166 2277 2237 popttli,
2330 2168 2381 2221 in
2434 2183 2539 2237 qua
2584 2168 2861 2222 nmnerari
2912 2168 3112 2222 iterum
3142 2167 3365 2235 jubetnr
3410 2181 3472 2221 ex
3509 2183 3653 2234 prte-

2074 2266 2233 2327 cepto
2280 2257 2524 2325 Domini,
2582 2259 2636 2313 in
2698 2258 2911 2313 irritum
2968 2259 3179 2314 scilicet
3240 2267 3493 2313 revocato
3540 2257 3654 2327 (93)

2075 2350 2254 2419 priore
2285 2366 2534 2416 numero,
2584 2359 2805 2422 propter
2853 2358 3074 2420 peccata
3113 2364 3233 2419 quae
3273 2350 3657 2404 commiserant

2076 2442 2133 2506 ii,
2185 2442 2275 2512 qui
2309 2441 2459 2511 prius
2490 2440 2709 2497 fuerant
2756 2441 2856 2496 sub
2889 2441 3101 2495 numeri
3165 2438 3485 2495 definitione
3530 2457 3657 2495 cen-

2079 2534 2190 2589 siti.
2222 2534 2486 2589 Cassatur
2516 2548 2647 2605 ergo
2672 2544 2723 2588 et
2751 2533 2804 2588 in
2861 2533 3075 2588 irritum
3105 2533 3393 2588 deducitur
3436 2548 3497 2587 ex
3530 2548 3655 2602 pec-

2075 2627 2215 2682 catis
2278 2640 2536 2681 numerus
2581 2626 2671 2695 qui
2710 2625 2950 2695 scriptus
2979 2633 3064 2679 est
3105 2633 3197 2680 :et
3236 2634 3445 2680 tantum
3478 2626 3659 2681 valent

2073 2718 2296 2781 delicta,
2330 2727 2387 2772 ut
2414 2733 2509 2773 nec
2540 2719 2642 2771 hoc
2673 2718 2848 2786 prosit
2874 2716 3017 2788 quod
3044 2716 3098 2770 in
3143 2732 3369 2772 numero
3394 2718 3516 2787 quis
3561 2719 3657 2773 ha-

2079 2808 2223 2862 bitus
2250 2809 2320 2862 sit
2373 2808 2514 2877 apud
2567 2809 2757 2871 Deum,
2810 2822 2933 2861 cum
2979 2807 3352 2863 declinaverit.
3413 2808 3541 2876 Sed,
3599 2819 3657 2864 ιιι

2075 2898 2353 2968 Scriptura
2388 2900 2594 2965 refert,
2630 2900 2792 2954 etiam
2840 2908 2991 2953 artus
3043 2914 3231 2954 eorum
3266 2900 3358 2970 qni
3419 2916 3659 2957 recesse-

2078 3003 2203 3045 runt
2232 3008 2261 3045 a
2291 2993 2420 3055 Deo,
2451 2992 2767 3045 ceciderunt
2801 2991 2852 3044 in
2901 2991 3142 3045 deserto.
3200 2990 3328 3045 Duae
3358 3005 3489 3058 ergo
3531 3003 3658 3047 sunt

2078 3082 2343 3146 historiae,
2369 3097 2490 3151 quae
2521 3082 2760 3135 recitata:
2787 3090 2914 3136 sunt
2955 3099 2968 3134 :
2994 3082 3087 3135 sed
3121 3096 3219 3136 nos
3246 3082 3314 3136 de
3342 3083 3516 3149 prima
3574 3085 3658 3138 in-

2079 3177 2262 3237 terim,
2292 3190 2412 3243 qua;
2455 3174 2874 3230 fornicationem
2904 3174 3084 3245 populi
3119 3174 3398 3241 describit,
3433 3176 3475 3230 si
3528 3178 3659 3246 quid

2077 3268 2365 3323 orantibus
2413 3268 2572 3323 vobis
2608 3267 2867 3323 Dominus
2915 3268 3106 3338 gratia:
3160 3267 3475 3336 dignabitur
3520 3283 3660 3337 prte-

393 3367 598 3433 gendos
635 3362 943 3426 etfuderint,
983 3362 1162 3415 statim
1194 3363 1357 3415 etiam
1391 3362 1490 3429 ipsi
1521 3363 1795 3431 peribunt.
1819 3364 1970 3431 Quod
2001 3331 2043 3389 ο
2077 3367 2249 3422 stare,
2292 3359 2562 3415 dicemus.
2596 3358 2652 3412 Si
2687 3373 2817 3413 vero
2862 3358 2978 3429 ipse
3033 3360 3405 3421 concesserit,
3452 3358 3659 3427 aliquid

391 3472 520 3525 ergo
556 3456 653 3519 ait,
692 3472 708 3505 ι
744 3465 795 3507 et
832 3452 1067 3523 allligent
1106 3453 1383 3519 lIebrmos,
1420 3464 1474 3508 et
1504 3454 1604 3522 ipsi
1638 3455 1976 3523 pariterper-

394 3546 550 3600 ibunt
587 3567 598 3601 :
644 3566 660 3595 ι
704 3561 808 3598 non
862 3545 937 3597 ita
998 3545 1374 3613 accipiendum
1414 3555 1519 3609 est,
1561 3544 1715 3615 quasi
1770 3546 1973 3614 pariter

390 3650 511 3688 rum
540 3633 778 3690 llebraais
810 3636 1065 3704 peribunt
1096 3645 1149 3690 et
1179 3636 1388 3707 Assyrii
1425 3653 1437 3687 :
1480 3638 1575 3691 sed
1627 3638 1851 3705 pariter,
1919 3639 1971 3693 id

392 3736 497 3792 est,
528 3729 710 3781 statim
750 3739 803 3782 ut
832 3730 945 3782 baac
974 3727 1224 3790 fecerint,
1261 3740 1314 3783 et
1354 3728 1612 3785 Hebraeos
1659 3728 1971 3795 afﬂixerint,

389 3820 557 3871 etiam
589 3819 689 3889 ipsi
715 3821 988 3890 peribunt.
1013 3819 1224 3871 Pariter
1254 3834 1383 3889 ergo
1407 3820 1632 3875 Graecus
1663 3836 1845 3876 sermo
1876 3837 1972 3891 pro

391 3912 565 3965 statim
594 3912 765 3979 ponit.
806 3911 905 3965 llic
933 3927 1064 3981 ergo
1104 3910 1210 3965 erit
1243 3911 1368 3965 linis
1398 3912 1640 3967 onmium
1664 3954 1678 3978 ,
1705 3921 1764 3966 ut
1797 3922 1851 3966 et
1870 3914 1973 3967 As-

392 4019 504 4066 sur,
536 4004 623 4057 cui
660 4006 1017 4059 tradebantur
1048 4007 1099 4060 hi
1154 4006 1245 4075 qni
1273 4004 1658 4074 delinquebant
1683 4019 1745 4058 ex
1778 4006 1972 4072 populo

394 4095 511 4161 Dei,
542 4098 626 4152 vel
653 4099 705 4151 in
731 4099 1008 4152 interitum
1052 4099 1258 4164 carnis,
1294 4108 1352 4153 ιιι
1398 4100 1626 4168 spirittts
1657 4098 1841 4154 salvus
1873 4099 1969 4154 lie-

394 4196 496 4248 ret,
547 4189 635 4242 vel
689 4199 748 4243 ut
805 4190 1077 4245 discerent
1136 4207 1242 4244 non
1299 4191 1714 4260 blaspltemare,
1774 4190 1969 4260 peribit

392 4279 556 4333 etiam
582 4281 697 4350 ipse
727 4282 794 4335 ab
830 4296 893 4335 eo
916 4322 930 4347 ,
987 4283 1077 4351 qui
1118 4292 1440 4351 potestatem
1474 4282 1635 4336 habet
1663 4283 1889 4350 perdere
1920 4285 1970 4338 in

391 4375 721 4439 gehennam.
789 4373 1008 4427 DiCcltIr
1068 4374 1214 4429 enim
1264 4374 1345 4427 eis
1400 4386 1432 4425 a
1472 4372 1618 4440 iusto
1665 4374 1848 4441 Jndice
1873 4374 1968 4428 "z

399 4481 419 4515 ι
450 4463 527 4518 Ite
551 4465 602 4517 in
623 4465 797 4534 ignem
825 4476 1113 4530 teternnm,
1139 4480 1296 4533 quem
1329 4467 1538 4534 paravit
1567 4464 1708 4520 Deus
1736 4466 1969 4535 diabolo,

394 4566 449 4610 et
478 4559 687 4628 angelis
710 4559 848 4627 ejus.
888 4577 908 4609 ι
950 4558 1021 4611 lbi
1052 4574 1181 4626 ergo
1207 4558 1407 4625 peribit
1436 4558 1629 4613 Assur.
1666 4559 1733 4612 Et
1755 4560 1970 4628 quidem

2074 3452 2239 3507 etiam
2302 3453 2369 3507 de
2416 3453 2655 3506 secunda
2726 3451 3044 3521 contingere
3111 3450 3458 3505 audebimus.
3520 3470 3538 3502 ι
3592 3450 3660 3506 Et

2074 3544 2383 3615 applicuit,
2437 3546 2617 3614 inquit
2660 3546 2729 3611 ",
2792 3543 2959 3599 Israel
3008 3543 3074 3597 ad
3126 3542 3327 3609 Sattin,
3380 3554 3435 3598 et
3481 3546 3657 3614 pollu-

2077 3649 2165 3692 tus
2213 3648 2300 3692 est
2346 3637 2605 3708 populus,
2636 3647 2690 3693 et
2736 3637 3037 3692 fornicatus
3087 3644 3170 3690 est
3218 3634 3271 3688 in
3327 3634 3658 3701 filiaslifoab,

2075 3739 2130 3785 et
2186 3729 2551 3784 invitaverunt
2594 3743 2687 3784 eos
2736 3729 2801 3782 ad
2868 3726 3140 3782 sacrificia
3195 3725 3464 3781 idolorum
3530 3742 3662 3781 suo.

2077 3836 2195 3874 rum
2227 3860 2242 3885 ,
2294 3830 2350 3875 et
2417 3820 2771 3874 manducavit
2831 3818 3062 3889 populus
3103 3818 3170 3872 de
3238 3817 3524 3872 sacriliciis
3568 3832 3662 3873 co-

2078 3927 2217 3976 rum,
2248 3921 2299 3965 et
2341 3913 2709 3968 adoraverunt
2736 3910 2881 3966 idola
2921 3926 3107 3965 eorum
3135 3950 3149 3975 ,
3200 3920 3253 3964 et
3300 3920 3658 3966 consecratus

2074 4011 2158 4055 est
2216 4001 2546 4071 Beelphegor
2577 4040 2591 4063 ,
2642 4011 2697 4054 et
2745 4001 2920 4054 iratus
2968 4010 3054 4054 est
3102 3998 3287 4053 furore
3334 3998 3497 4071 347
3548 3999 3655 4056 Do-

2075 4094 2252 4146 minus
2321 4101 2509 4147 contra
2580 4090 2765 4146 Israel.
2821 4109 2840 4142 ›
2904 4091 2960 4145 In
3012 4092 3096 4145 bis
3138 4091 3438 4144 ostenditur
3504 4091 3657 4159 illud,

2074 4182 2217 4250 quod
2279 4197 2423 4250 saepe
2480 4180 2921 4245 memoravimus,
2979 4180 3105 4250 quia
3156 4180 3373 4235 Balaam
3445 4190 3661 4249 postea-

2074 4287 2235 4342 quam
2303 4272 2395 4326 Dei
2457 4272 2657 4326 virtnte
2701 4270 3052 4333 constrictus,
3106 4285 3214 4324 non
3281 4279 3365 4324 est
3422 4271 3658 4338 pennis-

2075 4380 2170 4420 sus
2208 4363 2539 4419 maledicere
2587 4362 2775 4427 Israel,
2825 4362 3010 4416 volens
3061 4372 3239 4417 tamen
3291 4362 3505 4430 placere
3546 4364 3657 4431 regi

2077 4456 2299 4522 Balacb,
2338 4456 2414 4509 ait
2452 4456 2517 4511 ad
2546 4471 2670 4511 eum
2707 4458 2848 4508 sicut
2892 4455 3153 4523 scriptum
3199 4462 3283 4508 est
3312 4453 3357 4484 ⁹⁹
3400 4470 3413 4506 :
3449 4473 3465 4505 ι
3503 4453 3659 4518 Veni,

2075 4550 2361 4606 consilium
2387 4551 2454 4604 do
2486 4549 2604 4603 tibi.
2630 4567 2649 4599 ι
2679 4547 2745 4601 Ει
2777 4547 2906 4616 qttid
2935 4545 3145 4601 consilii
3177 4546 3412 4612 dederit,
3448 4547 3518 4601 ibi
3552 4563 3660 4602 non

394 4650 555 4718 periit
582 4650 873 4719 aliquando
903 4661 957 4703 et
1010 4667 1112 4703 una
1149 4650 1267 4704 ovis
1300 4664 1365 4703 ex
1408 4659 1625 4704 centum
1662 4653 1854 4707 ovibus
1884 4653 1968 4706 "z

2084 4644 2360 4715 apparuit,
2390 4646 2443 4699 in
2474 4643 2867 4717 posterioribus
2892 4653 3070 4697 tamen
3103 4643 3278 4712 ipsius
3310 4643 3430 4696 libri
3458 4640 3662 4696 Nume-

394 4743 487 4797 sed
518 4742 656 4797 hanc
684 4757 836 4797 ovem
870 4753 1053 4812 pastor
1088 4743 1283 4806 bonus,
1310 4742 1511 4798 relictis
1557 4744 1845 4813 nonaginta
1876 4759 1974 4800 no-

393 4849 513 4887 vem
549 4835 600 4887 in
630 4834 923 4899 montibus,
958 4835 1296 4889 descendens
1331 4836 1397 4887 ad
1428 4835 1619 4889 vallem
1671 4837 1811 4890 hanc
1846 4850 1972 4891 nos-

397 4936 558 4983 tram,
608 4924 800 4977 vallem
853 4923 1240 4994 lacrytnarum,
1295 4934 1346 4978 et
1412 4925 1697 4994 requirens
1739 4926 1968 4993 invenit,

395 5024 557 5081 atque
582 5015 890 5082 impositam
923 5016 1162 5069 humeris
1200 5015 1313 5069 suis
1339 5017 1660 5085 reportavit,
1692 5027 1747 5071 et
1775 5018 1848 5071 illi
1871 5034 1973 5072 nu-

395 5118 546 5158 mero
578 5105 667 5174 qui
695 5105 749 5158 in
787 5104 1156 5174 superioribus
1185 5104 1367 5161 salvus
1397 5109 1673 5171 manebat,
1700 5108 1967 5178 adjunxit.

397 5191 504 5250 Iste
532 5205 713 5250 autem
746 5197 1028 5267 Assurqui
1063 5198 1115 5251 in
1151 5198 1259 5252 fine
1283 5201 1524 5254 onmium
1579 5201 1779 5255 dicitur
1826 5204 1971 5271 peri-

397 5297 571 5352 turus,
604 5290 789 5343 nescio
821 5290 863 5343 si
913 5289 1206 5359 aliquando
1232 5303 1325 5344 aut
1354 5292 1521 5360 qttutri
1561 5294 1731 5361 possit
1763 5305 1853 5346 aut
1892 5294 1973 5347 itt-

400 5380 570 5435 veniri
604 5398 619 5436 :
657 5383 822 5450 periit
850 5384 994 5436 enim
1033 5399 1138 5437 non
1195 5398 1402 5449 errore,
1453 5386 1547 5439 sed
1596 5385 1822 5453 judicio,
1873 5401 1973 5441 nec

469 5520 515 5553 ’³
543 5520 734 5578 Matth.
766 5522 999 5586 xxv,Ll.
1073 5525 1119 5557 ⁹⁶
1143 5523 1275 5580 Luc.
1316 5539 1403 5591 xv,
1424 5523 1477 5589 6,
1500 5525 1553 5579 7.

400 5606 553 5658 xxiv,
584 5593 673 5647 M.
750 5594 765 5624 ⁸
798 5594 966 5663 Apoc.
992 5609 1055 5660 ll,
1088 5595 1176 5651 Η.

470 5712 583 5784 (9i)
609 5712 770 5767 Cithii
798 5713 1212 5779 interpretantur
1236 5721 1395 5785 PLAGA
1411 5724 1564 5785 I-‘INIS.
1584 5710 1627 5764 A
1666 5723 1782 5773 nn;
1823 5731 1841 5764 ι
1877 5722 1963 5766 ιυ-

396 5781 500 5845 dit,
546 5781 827 5845 contrivit,
866 5802 884 5835 ι
912 5792 967 5836 et
993 5791 1132 5840 ann
1171 5799 1187 5833 ι
1224 5781 1464 5844 absolvi,
1510 5785 1792 5852 compleri,
1845 5800 1966 5854 per-

400 5854 587 5988 ﬁciiiél
618 5921 1659 5990 Hebrmrnaaszouresinterpretantur.
1707 5921 1753 5975 A
1802 5923 1966 5978 verbo

1630 5526 1674 5557 ⁹⁷
1705 5526 1859 5580 Deut.
1890 5540 2061 5591 xxx",
2092 5526 2182 5593 '50;
2212 5525 2305 5581 ctI
2341 5527 2472 5597 Reg.
2501 5544 2561 5592 tt,
2590 5528 2640 5581 6.

2085 4754 2266 4793 rerum
2328 4739 2590 4808 scriptum
2636 4737 2894 4793 refertur.
2928 4735 3037 4792 Sed
3084 4736 3298 4805 plenius
3331 4737 3382 4788 in
3426 4734 3661 4789 Revela-

2082 4833 2232 4886 tione
2266 4830 2515 4899 Joannis,
2571 4832 2662 4886 ubi
2726 4832 2799 4885 ita
2851 4830 3214 4885 continetur:
3254 4847 3272 4881 ι
3330 4828 3526 4893 Ilabes,
3578 4828 3663 4883 in-

2080 4924 2199 4994 quit
2235 4926 2274 4990 ⁸,
2315 4924 2388 4979 ibi
2418 4925 2706 4993 quosdam,
2738 4925 2829 4992 qui
2870 4931 3055 4978 tenent
3086 4923 3389 4978 doctrinam
3418 4921 3660 4987 Balaam,

2081 5016 2171 5083 qui
2205 5016 2391 5071 docuit
2434 5015 2659 5080 Balach,
2693 5026 2753 5069 ut
2791 5016 3031 5070 mitteret
3071 5014 3388 5070 scandalum
3441 5016 3493 5068 in
3530 5029 3662 5068 con-

2081 5122 2270 5178 spectu
2296 5109 2528 5164 [Iliorum
2558 5109 2738 5172 Israel,
2765 5116 2824 5162 ut
2853 5106 3247 5163 manducarent
3282 5109 3440 5163 idolis
3474 5108 3661 5161 immo~

2079 5203 2208 5270 lata,
2244 5212 2300 5258 et
2330 5203 2758 5258 fornicarentur.
2792 5222 2810 5256 ι
2848 5204 2926 5258 Ex
2957 5204 3058 5260 hoc
3096 5219 3228 5275 ergo
3257 5210 3482 5272 apparet
3511 5200 3658 5269 quod

2084 5297 2321 5367 nequitia
2355 5313 2485 5354 usus
2513 5298 2587 5353 sit
2612 5299 2851 5366 Balaam,
2884 5311 2939 5355 et
2969 5298 3254 5354 consilium
3280 5297 3490 5351 dederit
3520 5295 3655 5360 regi,

2084 5391 2209 5445 talia
2250 5391 2493 5461 quaedam
2531 5393 2716 5447 dicens
2746 5395 2811 5446 ad
2842 5410 2965 5448 eum
2992 5389 3256 5460 :I’opnlus
3282 5387 3370 5441 hic
3401 5401 3504 5439 non
3534 5400 3656 5453 pro-

2719 5528 2764 5559 ”
2792 5529 2947 5582 Num.
2972 5542 3093 5591 xxv,
3126 5527 3174 5589 ι,
3204 5522 3256 5587 2,
3284 5524 3338 5577 5.
3417 5520 3463 5552 ⁹⁹
3492 5517 3653 5574 Num.

2072 5719 2190 5773 ’τις
2219 5726 2236 5758 ι
2277 5705 2546 5764 transivit.
2584 5725 2601 5757 ι

2148 5770 2439 5849 (95)Illss.,
2492 5795 2508 5827 ι
2546 5783 2816 5833 revocato.
2852 5792 2868 5825 ι
2925 5772 3080 5827 Libb.
3129 5770 3298 5832 editi,
3359 5786 3378 5821 ι
3422 5771 3662 5825 devoca-

2080 5859 2154 5905 to.
2183 5869 2200 5901 ι
3008 5888 3011 5891 -
