4134 6428
424 438 521 493 727

1886 435 2205 490 GliICENlS

3589 433 3697 489 728

423 560 559 627 priis
582 557 810 617 viribus,
840 568 929 606 seu
953 554 1118 608 Deum
1156 554 1382 610 colendo
1401 555 1669 618 vincit,et
1692 555 2009 623 pudicitiam
2042 560 2083 614 Α
2117 555 2296 608 trlcsia':
2325 554 2606 622 cujusdam
2638 557 2882 614 scribens
2914 559 3047 614 dicit
3076 560 3129 613 ³ε
3158 576 3175 609 ι
3214 557 3391 612 llabes
3440 555 3513 608 ibi
3536 571 3697 624 quos-

424 648 820 704 ronservando.
857 645 913 700 Si
947 645 1029 700 vis
1055 660 1179 698 eum
1210 645 1452 709 vincere,
1486 644 1661 715 primo
1691 660 1875 699 eorum
1912 659 2010 712 pu-

425 742 672 796 dicitiam
709 739 903 807 dejice,
939 748 993 793 et
1017 747 1207 807 sponte
1240 738 1546 791 vincemur.
1583 737 1689 792 Sed
1721 737 2008 790 adversum

425 837 541 890 haec
567 850 675 889 non
706 834 909 887 virtute
942 833 1199 896 militum,
1227 833 1320 886 sed
1357 832 1646 887 mulierum
1674 832 1870 905 decore
1905 844 2010 897 pus

425 925 700 994 gnandunt
732 932 836 988 est,
877 939 974 978 nec
1019 935 1354 977 armatorum
1414 924 1625 993 vigore,
1655 923 1748 976 sed
1782 920 2009 975 mollitie

429 1016 777 1070 feminarum.
830 1014 1024 1069 Procul
1069 1007 1259 1069 amove
1293 1024 1627 1069 armatorum
1674 1028 1916 1078 manum,
1957 1022 2011 1067 ct

425 1107 658 1160 electam
694 1122 963 1177 congrega
998 1107 1235 1177 speciem
1267 1108 1598 1180 puellarum,
1626 1107 1878 1162 ludentes
1916 1121 2010 1175 pe-

429 1198 588 1253 dibus
616 1209 768 1263 eant,
802 1200 1163 1269 manibusque
1208 1200 1531 1269 plaudentes
1577 1217 1588 1251 :
1626 1199 1798 1254 forma
1840 1197 2011 1252 vincit

431 1299 693 1355 armatos,
736 1290 940 1344 ferrum
992 1292 1349 1359 pulchritudo
1403 1293 1668 1361 captivat,
1722 1292 2010 1345 vincentur

432 1382 617 1450 specie
642 1382 732 1451 qui
766 1399 870 1437 non
915 1385 1206 1439 vincuntur
1233 1386 1439 1453 praelia.
1476 1385 1673 1438 Verum
1702 1386 1789 1439 ubi
1818 1400 2008 1440 sense-

430 1474 541 1528 rint
573 1489 669 1529 cos
706 1477 966 1531 mulieres
1000 1476 1327 1532 Moabitides
1360 1477 1438 1530 vel
1468 1476 1851 1530 Madianitidcs
1895 1492 2008 1528 ma-

431 1581 539 1620 nus
575 1566 793 1621 dedisse
815 1568 1049 1633 libidini,
1083 1580 1137 1622 et
1172 1579 1394 1638 peccato
1417 1568 1708 1621 inclinasse
1728 1572 1993 1631 cervices,

428 1672 537 1712 non
571 1659 720 1725 prius
752 1660 1076 1727 semetipsas
1122 1658 1461 1729 cupientibus
1501 1659 1798 1728 prreheaut,
1844 1672 2007 1727 quam

429 1744 498 1799 de
531 1745 819 1801 sacriﬁciis
868 1746 1136 1802 idolorum
1174 1746 1549 1816 acquieveriut
1580 1748 1871 1817 degustare
1902 1763 1915 1799 :
1953 1756 2010 1801 ut

428 1845 656 1906 cogente
695 1836 947 1903 libidine,
976 1838 1223 1893 consiliis
1249 1841 1626 1907 obtemperent
1654 1838 2004 1903 feminarum,

427 1936 481 1976 et
512 1935 908 1980 eousecrentur
929 1926 1079 1995 prius
1120 1925 1474 1996 Beelphegor,
1507 1930 1651 1999 quod
1685 1940 1766 1984 est
1805 1929 2005 1983 idolum
2046 1912 2086 1966 Β

427 2015 802 2085 turpitudinis.
828 2014 953 2071 Haec
980 2017 1200 2073 fuerunt
1229 2020 1461 2074 consilia
1500 2019 1720 2075 Balaam
1760 2039 1772 2074 :
1811 2023 2009 2091 quibus

426 2106 672 2176 acceptis
709 2122 805 2160 rex
841 2107 1040 2163 Balach
1084 2118 1241 2176 parat
1271 2111 1533 2165 continuo
1566 2114 1865 2166 exercitum
1905 2127 2008 2166 non

425 2198 597 2253 armis
628 2198 898 2261 virilibus,
946 2201 1038 2253 sed
1100 2199 1340 2255 femineo
1405 2203 1585 2257 nitore
1627 2205 2005 2273 compositum,

427 2304 535 2343 non
573 2291 755 2345 furore
785 2290 1002 2355 bellico,
1035 2293 1131 2345 sed
1167 2292 1403 2347 libidinis
1425 2292 1639 2347 ﬂamma
1666 2309 2008 2349 succensum.

425 2377 637 2435 Nullam
681 2381 919 2436 refrenat
946 2384 1139 2449 pudor,
1172 2382 1372 2435 nullam
1397 2383 1642 2452 prohibet
1665 2384 2007 2439 verecundia.

427 2474 595 2526 Amor
620 2474 811 2541 patriae
851 2482 907 2527 et
933 2472 1125 2526 vitium
1163 2474 1341 2542 gentis
1370 2475 1688 2545 conspirant
1729 2476 1933 2545 pariter
1958 2476 2008 2528 in

428 2562 733 2631 lasciviam,
758 2574 813 2620 et
842 2567 909 2621 ad
946 2565 1325 2635 decipiendum
1359 2569 1523 2636 proba
1564 2568 1779 2622 exsistit
1813 2569 2011 2638 impro-

432 2656 594 2711 bitas.
628 2658 735 2712 Pro
761 2659 935 2725 nefas,
973 2663 1057 2715 vix
1087 2661 1409 2730 prohibetur
1443 2662 1609 2715 libido
1634 2662 1808 2731 legum
1830 2662 2008 2725 minis,

430 2749 519 2803 vix
573 2750 739 2819 gladii
801 2762 1014 2810 terrore
1059 2756 1406 2827 reprimitur!
1460 2754 1585 2822 quid
1643 2753 1861 2807 sceleris
1905 2770 2009 2808 non

432 2851 725 2910 perpetret,
766 2845 856 2898 ubi
898 2844 1141 2902 facinore
1193 2865 1291 2902 suo
1358 2848 1673 2917 placituram
1718 2862 1777 2900 se
1819 2847 2011 2901 mulier

433 2935 545 3005 regi
583 2936 836 3000 credidit,
858 2950 911 2992 et
934 2940 1164 2995 salutem
1202 2941 1391 3009 patria:
1414 2940 1801 3008 quazsituram?
1830 2941 2010 3009 Capti-

431 3036 629 3082 vantur
650 3042 781 3099 ergo
811 3030 1091 3099 Israelita),
1122 3047 1230 3086 non
1264 3032 1429 3097 ferro,
1464 3034 1558 3087 sed
1592 3032 1742 3097 luxu,
1773 3048 1872 3086 nec
1896 3032 2007 3086 vir-

432 3130 565 3187 tute,
590 3122 683 3176 sed
714 3121 961 3187 libidine,
993 3136 1046 3179 et
1079 3124 1423 3180 fornicautur
1454 3125 1506 3179 in
1532 3124 1784 3179 mulieres
1805 3123 2009 3179 Madia-

430 3212 653 3282 nitidas,
679 3226 729 3269 et
762 3215 839 3269 ira
877 3215 971 3272 Dei
1010 3218 1245 3287 insurgit
1272 3232 1435 3286 super
1463 3232 1575 3272 eos.
1612 3217 1752 3272 Sunt
1792 3217 2005 3287 quidem

431 3306 485 3360 in
518 3305 585 3361 iis
611 3317 665 3362 et
706 3310 942 3379 mystica
974 3310 1244 3379 quaedam,
1294 3322 1457 3378 atque
1495 3311 1772 3366 interioris
1809 3312 2009 3365 intelli-

430 3401 631 3470 gentia:
665 3411 875 3456 secreta
903 3420 917 3456 :
949 3403 1040 3457 sed
1067 3417 1168 3457 nos
1210 3402 1385 3471 primo
1414 3405 1527 3473 ipse
1562 3404 1803 3459 historite
1834 3414 2013 3459 textus

431 3491 688 3557 :ediﬁcet,
725 3504 784 3547 ut
826 3496 1102 3550 discamus
1151 3510 1218 3549 ex
1267 3495 1393 3560 hoc,
1440 3498 1696 3565 quoniam
1749 3497 2013 3551 adversus

431 3598 537 3638 nos
565 3582 882 3652 jaculantur
926 3586 1029 3641 tela
1072 3586 1323 3644 luxuriae.
1368 3588 1472 3641 Sed
1510 3589 1552 3642 si
1585 3588 1744 3642 nobis
1775 3602 1883 3642 non
1916 3587 2012 3641 de-

430 3678 543 3730 sint
571 3691 745 3743 arma,
789 3679 985 3747 quibus
1020 3693 1119 3733 nos
1168 3680 1367 3733 armari
1421 3678 1576 3749 jubet
1632 3680 1928 3748 Apostolus
1968 3682 2011 3743 ‘,

432 3768 743 3840 huiusmodi
777 3771 954 3842 jacula
987 3789 1085 3829 nos
1116 3774 1396 3827 terebrare
1430 3790 1534 3827 non
1571 3781 1847 3842 poterunt,
1874 3773 1915 3825 si
1945 3773 2015 3825 sit

431 3862 595 3919 nobis
623 3862 791 3918 lorica
835 3863 1087 3933 justitire,
1135 3868 1177 3921 si
1210 3867 1510 3921 habeamus
1551 3864 1760 3934 galeam
1800 3864 2011 3927 salutis,

432 3962 488 4009 et
531 3954 772 4025 gladium
830 3956 1079 4026 spiritus,
1118 3973 1286 4028 super
1320 3957 1504 4011 omnia
1536 3964 1747 4011 scutum
1781 3954 1925 4017 ﬁdei,
1961 3968 2012 4010 et

430 4042 660 4099 calceati
686 4044 858 4101 simus
886 4049 1052 4115 pedes
1087 4048 1138 4101 in
1168 4047 1568 4118 praeparatione
1595 4046 1865 4117 Evangelii
1916 4063 2012 4116 pa-

430 4135 531 4191 cis.
571 4134 677 4192 Ista
702 4148 998 4194 suntarma
1028 4156 1147 4209 quae
1178 4157 1277 4196 nos
1306 4139 1606 4195 defendunt
1631 4141 1684 4195 in
1704 4140 2011 4209 lmjusmodi

430 4229 609 4286 hellis.
635 4230 691 4287 Si
728 4244 908 4289 autem
938 4233 1062 4287 talia
1093 4249 1241 4288 arma
1261 4236 1604 4304 projicimus,
1634 4235 1813 4288 statim
1838 4233 2011 4288 Ιο‹·υιη

428 4323 702 4379 diabolico
737 4326 955 4381 vulneri
988 4326 1180 4380 damus
1209 4324 1343 4397 (94),
1378 4335 1433 4381 et
1467 4326 1708 4395 captivos
1740 4340 1837 4379 nos
1863 4325 2013 4377 ducit

427 4417 608 4473 omnis
641 4418 947 4475 daemonum
982 4420 1186 4474 chorus
1212 4438 1224 4474 :
1253 4430 1419 4489 atque
1449 4420 1517 4474 ob
1556 4420 1659 4472 hoc
1691 4418 1769 4471 ira
1810 4417 1903 4470 Dei
1934 4416 2013 4469 iu-

428 4512 607 4581 surgit
638 4525 944 4581 supernos,
974 4522 1029 4566 et
1059 4528 1163 4566 non
1212 4513 1389 4567 solum
1426 4513 1478 4565 in
1522 4509 1775 4581 praesenti
1815 4508 2013 4563 saeculo

2117 644 2265 710 dam,
2302 648 2393 715 qui
2424 655 2611 700 tenent
2664 645 2967 701 doctrinam
2995 647 3234 713 Balaam,
3261 647 3353 716 qui
3384 647 3567 700 docuit
3592 645 3698 701 Ba-

2117 734 2236 789 lach
2270 737 2488 793 mittere
2508 738 2827 793 scandalum
2846 738 2896 792 in
2925 748 3217 809 conspectu
3245 738 3480 792 ﬁliorum
3508 738 3694 805 Israel,

2114 839 2171 878 ut
2205 829 2603 883 manducarent
2631 828 2908 883 immolata
2940 829 3123 896 idolis,
3153 840 3207 884 et
3231 828 3690 883 foruiearentur.»

2115 918 2259 988 Ergo
2285 923 2620 989 temporibus
2644 920 2869 975 Joannis
2914 923 3147 991 apostoli
3192 931 3352 976 erant
3378 920 3597 989 quidam
3640 922 3694 975 in

2111 1012 2349 1066 Ecclesia
2371 1013 2465 1067 illa
2493 1014 2559 1067 ad
2589 1030 2751 1084 quam
2780 1015 3077 1078 scribebat,
3110 1015 3366 1069 docentes
3391 1014 3693 1071 doctrinam

2110 1102 2349 1157 Balaam.
2407 1102 2650 1159 Putasne
2682 1107 2752 1159 ita
2785 1104 3158 1175 accipiendum
3195 1115 3279 1160 est
3307 1106 3449 1174 quod
3498 1105 3698 1159 fuerint

2114 1196 2164 1249 in
2206 1197 2312 1250 illis
2336 1198 2523 1253 diebus
2553 1198 2645 1268 qui
2676 1198 2919 1253 dicerent
2949 1214 3006 1253 se
3037 1199 3233 1253 docere
3250 1214 3310 1251 ea
3328 1213 3446 1266 qua:
3475 1198 3694 1253 Balaam

2115 1289 2320 1354 docuit,
2359 1299 2415 1342 et
2444 1290 2535 1358 qui
2566 1290 2956 1358 proﬁterentur
2988 1305 3047 1344 se
3086 1291 3395 1359 dogmatutn
3435 1299 3490 1344 et
3529 1290 3695 1342 tradi-

2112 1382 2320 1435 tionum
2353 1382 2500 1436 illius
2527 1398 2647 1437 esse
2683 1383 2977 1437 doctores?
3024 1382 3106 1435 An
3144 1382 3272 1435 illud
3318 1382 3497 1449 potius
3527 1382 3691 1436 debe-

2110 1490 2229 1529 mus
2263 1475 2571 1540 advertere,
2602 1478 2745 1540 quod
2776 1475 2818 1529 si
2859 1474 2982 1542 quis
3019 1474 3184 1528 faciat
3219 1489 3356 1543 opus
3390 1474 3531 1542 quod
3571 1473 3696 1528 fecit

2120 1566 2367 1631 Balaam,
2391 1568 2438 1620 is
2471 1568 2778 1621 doctrinam
2813 1565 3030 1621 Balaam
3059 1568 3259 1621 docere
3292 1565 3567 1619 videatur?
3591 1563 3700 1617 Sic-

2112 1668 2171 1714 ut
2229 1668 2284 1715 et
2323 1661 2389 1714 de
2435 1660 2682 1714 doctrina
2732 1659 2953 1718 Jezabel
3010 1664 3063 1716 iu
3100 1662 3291 1715 eadem
3343 1657 3695 1713 Revelatione

2109 1763 2468 1817 memoratur,
2499 1768 2602 1807 non
2642 1757 2782 1824 quod
2828 1756 3026 1824 aliquis
3069 1771 3136 1810 ex
3170 1752 3454 1823 discipulis
3478 1748 3693 1805 Iezabel

2113 1846 2303 1898 doceat
2334 1861 2453 1914 qua:
2486 1846 2573 1899 illa
2625 1847 2933 1909 tradiderit,
2968 1849 3060 1901 sed
3110 1847 3249 1915 quod
3294 1847 3338 1899 si
3366 1844 3507 1913 quis,
3540 1843 3691 1896 verbi

2118 1952 2304 2000 causa,
2340 1945 2431 1989 aut
2462 1938 2759 2006 prophetas
2788 1939 2876 1992 Dei
2906 1947 3287 2007 persequatur,
3329 1946 3388 1989 ut
3422 1936 3507 1988 illa
3542 1934 3696 2000 fecit,

2118 2041 2210 2083 aut
2245 2030 2310 2082 ad
2350 2030 2489 2084 idola
2520 2032 2733 2101 aliquos
2768 2031 3024 2100 decipiat,
3060 2033 3139 2084 vel
3174 2030 3324 2083 falsis
3349 2027 3694 2082 circumscri-

2119 2123 2399 2189 ptiouibus
2425 2126 2660 2193 perimat
2708 2126 3046 2189 innocentes,
3084 2124 3185 2177 iste
3233 2122 3449 2177 Jezahel
3482 2121 3696 2174 dicetur

2122 2225 2305 2269 tenere
2353 2217 2678 2272 doctrinam.
2731 2217 2788 2272 Si
2842 2232 2972 2287 ergo
3008 2216 3206 2284 aliquis
3259 2214 3416 2268 malis
3454 2213 3695 2268 consiliis

2120 2304 2432 2360 scandalum
2486 2319 2715 2376 generet
2763 2308 2957 2377 populo
2995 2308 3108 2368 Dei.
3147 2316 3201 2359 ct
3229 2304 3582 2357 oll‘ensiouem
3613 2302 3698 2355 di-

2121 2401 2321 2464 vinam,
2358 2410 2519 2469 atque
2546 2401 2881 2455 iracundiam
2913 2401 3188 2455 coelestem
3232 2406 3484 2466 provocet
3531 2395 3695 2465 plebi,

2121 2491 2200 2544 vel
2243 2491 2511 2546 idolorum
2553 2492 2841 2546 sacriﬁciis
2874 2489 3346 2549 conuuunicando,
3382 2487 3467 2541 vel
3495 2487 3696 2555 stupris

2120 2592 2213 2637 aut
2261 2582 2473 2637 libidini
2535 2584 2849 2648 serviendo,
2882 2585 2971 2638 hic
3003 2584 3304 2637 doctrinam
3347 2580 3563 2633 Balaam
3612 2590 3693 2631 tc-

2121 2691 2248 2729 ucre
2278 2677 2535 2731 dicendus
2577 2688 2680 2730 est.
2727 2677 2823 2731 Est
2864 2690 2994 2745 ergo
3046 2673 3401 2729 exsecrabilis
3443 2671 3691 2739 corporis

2119 2768 2280 2820 etiam
2313 2768 2625 2824 fornicatio.
2662 2770 2800 2836 Quid
2834 2771 2980 2824 enim
3020 2769 3091 2821 ita
3136 2763 3491 2826 exsecrabile,
3524 2776 3685 2830 quant

2128 2860 2387 2930 templum
2419 2860 2510 2915 Dei
2547 2862 2774 2925 violare,
2808 2876 2871 2914 ac
2905 2860 3093 2913 tollere
3116 2858 3356 2912 membra
3386 2854 3607 2918 Christi,
3631 2860 3687 2907 et

2121 2953 2296 3008 facere
2325 2954 2561 3009 membra
2595 2952 2897 3007 meretricis
2934 2952 2994 3005 δῖ)

2188 3046 2243 3100 ‘2.
2276 3045 2449 3099 Multo
2492 3056 2673 3099 tamen
2731 3045 2902 3114 magis
2930 3041 3284 3099 exsecrabilis
3312 3047 3395 3092 est
3425 3032 3693 3105 generalis

2120 3139 2212 3192 illa
2246 3138 2557 3203 foruicatio,
2598 3139 2653 3192 in
2685 3154 2792 3207 qua
2844 3151 3008 3192 omne
3036 3150 3206 3205 genus
3246 3131 3452 3201 peccati
3489 3129 3693 3198 pariter

2119 3232 2450 3287 continetur.
2491 3229 2773 3286 Geueralis
2798 3238 2979 3283 autem
3007 3215 3293 3283 fornicatio
3318 3224 3535 3285 dicitur,
3570 3234 3693 3274 cum

2116 3328 2296 3380 anima
2337 3340 2455 3393 quae
2497 3326 2551 3379 in
2582 3324 2919 3379 consortium
2950 3320 3113 3375 Verbi
3161 3320 3253 3372 Dei
3294 3318 3463 3373 ascita
3501 3323 3608 3379 est,
3640 3321 3696 3367 et

2120 3416 2473 3470 matrimonio
2495 3415 2612 3483 ejus
2639 3410 3038 3482 quodammodo
3062 3410 3286 3474 sociata,
3306 3409 3374 3461 ah
3396 3406 3502 3460 ullo
3521 3403 3697 3457 alieno

2117 3505 2347 3570 scilicet,
2378 3514 2434 3559 et
2490 3503 2811 3557 adversario
2844 3501 2990 3553 illius
3024 3499 3125 3552 viri
3156 3499 3245 3565 qui
3287 3513 3407 3551 eam
3461 3496 3561 3550 sibi
3599 3495 3697 3549 de-

2117 3595 2337 3664 spondit
2386 3595 2437 3648 iu
2479 3594 2606 3654 lide,
2651 3590 3021 3659 corrumpitur
3055 3598 3110 3643 et
3138 3588 3394 3642 violatur.
3438 3587 3533 3639 Est
3567 3600 3699 3653 ergo

2116 3701 2347 3756 sponsus
2393 3696 2447 3738 et
2483 3685 2566 3738 vir
2594 3685 2788 3737 animae
2833 3682 3046 3738 mundae
3095 3692 3150 3734 et
3198 3680 3427 3750 pudicae,
3459 3677 3694 3732 Verbum

2118 3777 2241 3842 Dei,
2271 3777 2363 3847 qui
2397 3787 2477 3830 est
2501 3776 2753 3830 Christus
2786 3772 3069 3838 Dominus,
3108 3773 3251 3826 sicut
3276 3769 3442 3842 343
3474 3780 3523 3823 et
3551 3770 3698 3837 Apo-

2116 3873 2291 3923 stolus
2337 3868 2471 3922 dicit
2517 3869 2537 3898 ⁵
2570 3886 2582 3922 :
2620 3885 2637 3918 ‹
2689 3864 2820 3920 Volo
2858 3874 3036 3917 autem
3085 3878 3275 3918 omnes
3312 3878 3406 3916 vos
3445 3860 3535 3914 uni
3577 3860 3699 3915 viro

2119 3961 2381 4028 virginem
2409 3969 2617 4014 castam
2640 3958 2901 4013 exhibere
2926 3954 3163 4010 Christo.
3198 3955 3385 4009 Timeo
3417 3964 3595 4007 autem
3631 3966 3698 4007 ne

2120 4051 2257 4103 forte
2281 4091 2295 4115 ,
2324 4050 2467 4104 sicut
2492 4064 2719 4118 serpens
2750 4048 2964 4102 seduxit
2999 4048 3162 4101 Evam
3211 4047 3411 4100 aStutia
3458 4061 3575 4112 sua,
3616 4046 3696 4099 sic

2117 4154 2533 4211 corrumpantur
2562 4158 2753 4197 sensus
2785 4141 2953 4196 vestri
2990 4156 3019 4194 a
3061 4140 3429 4210 simplicitate,
3457 4152 3577 4207 quae
3614 4145 3696 4190 est

2119 4238 2169 4289 in
2221 4235 2443 4290 Christo
2490 4233 2637 4290 Jesu.
2700 4253 2718 4286 ›
2766 4234 2947 4289 Donec
2996 4235 3160 4304 igitur
3221 4233 3399 4286 anima
3452 4232 3696 4285 adlueret

2115 4344 2320 4399 sponso
2354 4344 2474 4393 suo,
2508 4338 2562 4383 et
2584 4328 2733 4382 audit
2758 4330 2977 4383 verbum
3003 4326 3139 4395 ejus,
3177 4338 3230 4381 et
3258 4328 3429 4395 ipsum
3455 4324 3695 4391 complc-

2115 4425 2303 4488 ctitur,
2361 4424 2479 4477 sine
2514 4421 2677 4475 dubio
2726 4423 2793 4476 ab
2835 4422 2949 4490 ipso
3002 4434 3185 4475 semen
3238 4419 3465 4487 suscipit
3494 4416 3694 4472 verbi:

2116 4524 2170 4569 et
2197 4516 2337 4569 sicut
2366 4514 2453 4569 ille
2485 4514 2622 4568 dixit
2657 4513 2677 4544 ⁸
2711 4529 2726 4566 :
2764 4530 2783 4564 ‹
2839 4512 2911 4566 De
2946 4512 3138 4566 timore
3180 4521 3293 4575 tuo,
3330 4510 3570 4568 Domine.
3623 4510 3675 4560 in

428 4607 738 4674 puniemur,
769 4622 955 4660 verum
980 4606 1145 4661 etiam
1177 4607 1228 4660 in
1260 4607 1467 4661 iuturo.
1528 4605 1680 4672 Quod
1713 4618 1843 4673 ergo
1875 4604 2001 4657 facit
2035 4607 2076 4660 D
2109 4616 2261 4661 utero
2303 4606 2547 4674 concepi,
2578 4624 2597 4658 ι
2628 4605 2698 4657 ita
2729 4613 2783 4657 et
2814 4603 2927 4656 haec
2956 4601 3105 4664 dicit,
3132 4605 3211 4658 De
3246 4601 3411 4654 verbo
3438 4609 3547 4664 tuo,
3576 4597 3682 4650 Do-

431 4713 534 4752 nos
570 4698 790 4752 vincere
826 4699 879 4753 in
916 4700 982 4754 iis
1024 4699 1224 4768 praeliis
1271 4714 1391 4767 quae
1430 4700 1717 4753 adversum
1766 4714 1866 4752 nos
1900 4698 2010 4753 dia-

429 4788 587 4843 bolus
621 4800 947 4854 commovet,
987 4791 1250 4860 pudicitia
1289 4801 1391 4857 est,
1433 4800 1489 4845 et
1531 4792 1768 4861 justitia,
1800 4800 1853 4845 et
1882 4806 2011 4859 pru-

430 4881 634 4948 dentia,
666 4891 722 4937 et
772 4884 963 4953 pietas,
994 4894 1315 4954 emterteque
1358 4884 1605 4938 virtutes.
1655 4883 1786 4950 Quae
1828 4892 2010 4937 autem

431 4973 639 5028 faciunt
670 4990 767 5029 nos
803 4974 975 5039 vinei,
1008 4975 1223 5029 luxuria
1249 4984 1354 5040 est,
1388 4984 1440 5043 et
1473 4974 1663 5042 libido,
1692 4975 1916 5028 avaritia
1959 4986 2013 5029 et

430 5065 704 5135 impietas,
765 5068 1051 5137 omnisque
1083 5069 1310 5123 malitia.
1366 5050 1493 5123 Haec
1542 5082 1673 5138 ergo
1710 5077 1858 5132 sunt,
1893 5083 2013 5137 qua:

430 5174 533 5216 nos
572 5160 815 5216 historiae
850 5169 1033 5217 textus
1066 5161 1305 5218 edocuit.
1333 5158 1534 5216 Verum
1558 5162 1814 5232 quoniam
1847 5160 2012 5216 Joan-

431 5268 530 5309 nes
567 5254 621 5310 iu
655 5254 1010 5310 lievelatione
1049 5271 1170 5323 sua,
1213 5274 1275 5313 ea
1311 5272 1432 5327 quae
1473 5256 1524 5311 in
1568 5255 1686 5323 lege
1715 5254 2011 5309 secundum

430 5346 718 5405 historiam
753 5349 955 5420 scripta
1000 5360 1131 5404 sunt
1164 5351 1386 5406 adducit
1418 5351 1484 5404 ad
1511 5348 1767 5419 mysteria
1806 5347 2010 5408 divina,

427 5449 483 5496 et
516 5452 859 5499 sacramenta
884 5443 1131 5513 quaedam
1167 5443 1219 5498 in
1257 5444 1322 5500 iis
1358 5444 1551 5500 edocet
1579 5440 1876 5502 contineri,
1917 5454 2013 5493 ne-

428 5535 726 5590 cessarium
757 5536 972 5590 videtur
1004 5536 1168 5591 etiam
1196 5537 1494 5591 secundum
1524 5535 1575 5589 id
1612 5533 1755 5603 quod
1785 5532 1875 5587 ille
1901 5546 2019 5586 seu-

434 5624 526 5690 sit,
561 5640 660 5681 nos
686 5639 901 5695 quoque
927 5628 996 5682 ab
1025 5625 1117 5681 illo
1147 5627 1333 5682 datam
1362 5624 1723 5695 expositionis
1772 5622 2013 5693 regulam

434 5718 607 5786 sequi,
643 5725 698 5771 et
724 5718 900 5785 primo
929 5732 1237 5773 memorare
1260 5733 1349 5783 ea,
1378 5732 1499 5787 quae
1530 5717 1597 5772 ad
1628 5718 1877 5787 angelqu
1910 5716 2014 5771 Ec-

2118 4701 2284 4767 mine,
2319 4700 2370 4753 in
2406 4708 2596 4753 ventre
2630 4695 2871 4763 concepi,
2910 4704 2963 4749 et
3001 4694 3288 4763 parturivi,
3334 4702 3387 4747 et
3427 4691 3679 4759 Spiritum

2113 4792 2304 4846 salutis
2336 4801 2440 4845 tua:
2474 4788 2576 4844 feci
2606 4802 2766 4855 super
2797 4796 2989 4839 terras.
3024 4785 3078 4838 Si
3107 4798 3236 4854 ergo
3266 4786 3345 4837 sic
3373 4783 3438 4836 de
3467 4780 3688 4836 Christo

2114 4883 2365 4952 concepit
2410 4882 2612 4941 anima,
2648 4878 2782 4932 fecit
2830 4878 2969 4931 lilios
3000 4891 3096 4946 pro
3133 4876 3333 4943 quibus
3369 4875 3582 4929 dicatur
3626 4872 3695 4925 ad

2115 4995 2233 5033 eam
2268 4977 2457 5046 7,quia
2492 4995 2510 5027 ε
2542 4972 2688 5027 salva
2708 4973 2813 5027 erit
2844 4986 2941 5041 per
2976 4972 3209 5025 ﬁliorum
3242 4969 3694 5040 procreationem,

2113 5072 2156 5126 si
2193 5068 2557 5139 permanserit
2588 5066 2640 5119 in
2677 5063 2803 5127 ﬁde,
2840 5072 2895 5117 et
2940 5062 3224 5125 charitate,
3275 5072 3330 5115 et
3382 5062 3694 5126 sanctitate,

2116 5180 2237 5217 ctnu
2268 5160 2589 5224 sobrietate,
2623 5176 2641 5209 ι
2686 5156 2901 5211 etiamsi
2950 5155 3102 5223 prius
3146 5154 3286 5208 sicut
3334 5154 3445 5209 Eva
3474 5154 3697 5209 seducta

2117 5256 2289 5310 fuisse
2323 5254 2503 5308 anima
2540 5254 2825 5308 videatur;
2842 5250 2937 5304 Est
2964 5248 3142 5316 itaque
3176 5253 3304 5302 ver‘e
3334 5249 3489 5303 beata
3531 5248 3696 5302 sobo-

2120 5348 2224 5413 les,
2266 5347 2353 5402 ubi
2384 5346 2705 5400 concubitus
2729 5344 2904 5399 factus
2936 5339 3097 5395 fuerit
3124 5340 3319 5394 anima:
3359 5355 3480 5395 cum
3514 5339 3695 5395 Verbo

2123 5444 2237 5507 Dei,
2272 5450 2329 5495 et
2383 5439 2469 5494 ubi
2517 5438 2834 5507 complexus
2879 5436 2947 5490 ad
2995 5435 3226 5490 invicem
3262 5434 3531 5489 dederint.
3568 5432 3697 5487 inde

2123 5540 2375 5587 nascetur
2401 5543 2663 5599 generosa
2696 5529 3002 5598 progenies,
3038 5528 3164 5582 inde
3189 5525 3443 5597 pudicitia
3461 5524 3693 5587 orietur,

2122 5625 2502 5694 indejustitia,
2538 5623 2665 5678 inde
2706 5623 2996 5691 patientia,
3052 5623 3175 5677 inde
3216 5622 3587 5683 mansuetudo,
3638 5625 3695 5675 et

2120 5718 2380 5783 charitas,
2452 5723 2615 5785 atque
2671 5714 2909 5768 omnium
2966 5713 3228 5767 virtutum
3289 5711 3467 5782 proles
3521 5726 3688 5766 vene-

506 5834 528 5865 ²
557 5832 755 5901 Ephes.
780 5835 959 5898 v1.11,
983 5834 1071 5901 16,
1097 5836 1183 5888 17.
1245 5835 1458 5902 ‘Apoc.
1496 5835 1663 5899 ".14.
1727 5834 1748 5867 ‘
1771 5836 1788 5890 l
1811 5836 1937 5891 Cor.
1962 5853 2036 5903 vt,
2069 5838 2158 5894 15.
2211 5838 2232 5869 ³
2256 5835 2295 5889 ll
2319 5836 2443 5890 Cor.
2470 5834 2602 5902 ",2,
2626 5834 2682 5889 5.
2740 5834 2886 5890 “lsa.
2917 5847 3067 5898 xxvt,
3094 5832 3179 5886 18.
3250 5832 3268 5861 ⁷
3297 5831 3315 5884 l
3340 5830 3481 5886 Tim.
3509 5846 3568 5896 tt,
3602 5828 3693 5888 i5.

505 5928 618 5999 (91)
653 5927 833 5985 Codex
863 5929 921 5985 S.
954 5929 1283 5986 Theoderici
1317 5924 1627 5989 Bernensis.
1660 5951 1678 5984 ι
1715 5932 1892 5988 locum
1921 5933 2138 5989 diabolo
2163 5930 2405 5987 vulneris
2435 5929 2643 5985 damus.
2675 5946 2693 5979 ι
