4134 6438
461 475 566 530 79.9

1641 473 1706 527 IN
1745 468 2076 526 NUMEROS
2106 469 2384 524 llOMlLlA
2430 470 2546 526 XX.

3629 475 3732 530 730

463 595 630 646 rauda
667 593 939 648 succedet.
973 594 1128 660 Quod
1157 594 1200 649 si
1236 594 1420 650 infelix
1466 595 1646 649 anima
1679 595 1851 648 divini
1890 594 2048 647 Verbi
2081 597 2122 650 Α
2154 593 2281 660 quid
2319 593 2540 647 remedii
2573 595 2752 658 detur,
2783 607 2846 647 ex
2876 594 3072 652 divinis
3099 597 3464 651 voluminibus
3493 599 3734 665 requira-

462 684 1022 755 dereliqueritsancta
1066 688 1358 753 connubia,
1387 699 1442 744 et
1487 689 1537 742 iu
1585 687 1922 742 adulterinos
1986 703 2044 740 se

455 775 771 844 complexus
803 778 1022 845 diaboli,
1055 779 1395 849 aliorumque
1430 781 1732 835 daemonum
1773 779 2044 833 illecebris

456 870 738 940 deceptam
801 873 1108 941 tradiderit,
1166 875 1450 943 generabit
1501 876 1618 928 sine
1666 874 1830 928 dubio
1878 875 2040 927 etiam

460 963 586 1017 inde
633 962 798 1029 ﬁlios,
843 965 938 1020 sed
990 965 1132 1030 illos,
1182 966 1249 1019 de
1296 966 1494 1034 quibus
1543 966 1802 1035 scriptum
1852 974 1935 1020 est
1969 964 2038 1018 δε

462 1073 480 1106 ι
518 1054 640 1109 Filii
681 1065 864 1111 autem
908 1057 1282 1111 adulterorum
1317 1057 1623 1127 imperfecti
1662 1067 1840 1123 erunt,
1891 1068 1944 1111 et
1975 1072 2040 1111 ex

458 1149 647 1219 iniquo
677 1151 977 1205 concubitu
1033 1166 1217 1206 semen
1273 1153 1746 1206 exterminabitur.
1785 1170 1803 1202 ι
1846 1150 2041 1206 Omnia

456 1255 587 1312 ergo
620 1252 842 1309 peccata
867 1242 962 1296 ﬁlii
986 1255 1112 1296 sunt
1136 1243 1409 1311 adulterii,
1438 1255 1491 1298 et
1520 1245 1616 1299 lilii
1640 1243 2040 1299 fornicationis.

460 1333 612 1389 Unde
637 1343 692 1390 et
719 1336 1048 1396 ostenditur,
1083 1338 1226 1402 quod
1277 1352 1373 1406 per
1419 1335 1628 1407 singula
1659 1351 1887 1404 quaeque
1919 1348 2040 1403 qu:e

458 1428 720 1497 gerimus,
748 1430 888 1498 parit
918 1431 1097 1483 anima
1130 1439 1338 1495 nostra,
1370 1439 1424 1485 et
1461 1440 1680 1499 generat
1724 1430 1885 1489 ﬁlios.
1916 1443 2041 1481 scu-
2070 1451 2074 1454 ~

459 1535 554 1573 sus
584 1522 791 1577 scilicet
819 1532 870 1576 et
893 1538 1060 1592 opera
1082 1537 1198 1591 qua:
1223 1525 1382 1594 gerit.
1419 1524 1482 1577 Et
1509 1523 1554 1577 si
1597 1522 1816 1591 quidem
1844 1535 2040 1576 secun-

458 1614 584 1666 dum
626 1612 798 1682 legem
853 1624 937 1668 est
988 1615 1136 1681 quod
1189 1616 1354 1684 gerit,
1384 1624 1437 1668 et
1477 1615 1771 1668 secundum
1816 1613 2038 1666 verbum

459 1705 575 1768 Dei,
604 1707 856 1775 Spiritum
888 1707 1031 1776 parit
1063 1708 1276 1773 salutis,
1316 1717 1371 1761 et
1422 1718 1707 1777 propterea
1745 1706 2041 1761 salvabitnr

455 1813 554 1866 per
580 1798 814 1871 filiorum
844 1800 1276 1868 generationem,
1298 1808 1354 1853 et
1385 1799 1472 1853 isti
1500 1809 1626 1853 sunt
1660 1794 1870 1863 ﬁlii,'de
1911 1797 2035 1865 qui-

463 1892 566 1945 bus
595 1890 865 1960 PrOpheta
899 1891 1030 1946 dicit
1053 1892 1073 1923 9
1105 1909 1119 1943 :
1155 1906 1175 1942 ι
1220 1891 1343 1945 Filii
1374 1893 1450 1946 tui
1489 1893 1630 1948 sicut
1671 1891 1897 1947 novellae
1931 1891 2034 1944 oli-

456 1998 647 2038 varum
676 1985 730 2038 in
754 1986 983 2039 circuitu
1031 2002 1232 2041 mensae
1273 1995 1394 2040 tuae.
1429 2003 1448 2038 ι
1505 1985 1560 2040 Si
1603 2000 1730 2040 vero
1757 1986 1898 2054 quod
1923 1985 2035 2054 agit

457 2087 649 2130 contra
695 2076 865 2147 legem
914 2091 1018 2146 est,
1062 2094 1115 2134 et
1146 2090 1431 2150 peccatum
1469 2087 1574 2141 est,
1609 2079 1728 2132 sine
1777 2079 1940 2134 dubio
1969 2093 2033 2132 ex

457 2169 817 2237 conceptione
861 2172 1118 2226 contrarii
1168 2171 1395 2242 spiritus
1445 2172 1740 2241 malignam
1789 2171 2032 2226 sobolem

455 2259 646 2327 gignit.
677 2258 825 2314 Parit
851 2261 996 2315 enim
1028 2261 1171 2317 ﬁlios
1197 2264 1430 2332 peccati.
1457 2263 1524 2316 Et
1553 2263 1671 2317 istm
1699 2271 1824 2317 stmt
1867 2263 2034 2316 malc-

454 2349 612 2402 dietae
643 2353 1024 2417 generaliones
1052 2355 1104 2408 in
1135 2354 1332 2422 quibus
1355 2371 1385 2408 a
1414 2355 1686 2410 nonnullis
1714 2363 2030 2409 sanctorum

457 2439 806 2496 maledicitur
831 2448 994 2499 etiam
1021 2445 1135 2501 dies
1175 2449 1229 2500 in
1266 2462 1374 2516 quo
1422 2448 1534 2500 nati
1586 2457 1716 2501 sunt
1760 2448 1826 2503 ¹⁰.
1878 2447 2033 2501 Nun—

450 2542 613 2595 quam
643 2540 728 2584 est
769 2545 899 2598 ergo
933 2534 1150 2602 quando
1197 2551 1304 2589 non
1360 2536 1541 2604 pariat
1595 2536 1803 2592 anima.
1834 2537 2031 2593 Anima

451 2635 667 2690 semper
713 2625 878 2691 parit,
910 2641 1126 2694 semper
1150 2637 1374 2697 generat
1402 2628 1560 2683 ﬁlios.
1614 2630 1720 2684 Sed
1773 2630 1865 2683 illa
1910 2631 2032 2698 qui-

452 2715 573 2767 dem
601 2715 881 2770 benedicta
912 2719 1196 2788 generatio
1219 2729 1322 2783 est,
1356 2735 1475 2786 qua:
1500 2723 1564 2775 de
1591 2723 1758 2777 verbo
1787 2723 1877 2777 Dei
1908 2739 2031 2777 con-

449 2815 603 2874 cepta
631 2816 948 2874 generatur,
974 2816 1027 2861 et
1053 2809 1151 2861 ista
1182 2816 1264 2862 est
1305 2808 1538 2863 ﬁliorum
1581 2813 1880 2881 generatio,
1932 2828 2030 2881 per

451 2913 611 2966 quam
640 2897 788 2952 salva
827 2898 938 2954 ﬁet.
965 2897 1020 2954 Si
1043 2911 1244 2965 autem,
1275 2911 1334 2954 ut
1361 2900 1618 2968 diximus,
1648 2919 1712 2958 ex
1745 2909 2027 2960 contrario

453 2990 648 3060 spiritu
675 2990 968 3058 concipiat,
997 3000 1205 3045 certum
1249 2995 1480 3062 estquia
1527 2996 1703 3064 pariat
1744 2997 1883 3052 ﬁlios
1911 2998 2023 3061 irm,

451 3091 607 3152 aptos
629 3081 694 3134 ad
733 3082 1032 3135 interitum.
1075 3081 1138 3134 Et
1165 3079 1306 3136 forte
1330 3084 1396 3136 ad
1424 3095 1679 3152 utrasque
1703 3085 1836 3140 istas
1862 3102 2025 3156 gene-

455 3172 695 3225 rationes
719 3170 913 3224 anima:
957 3171 1180 3239 respicit
1216 3171 1367 3235 illud,
1395 3173 1537 3240 quod
1579 3176 1783 3229 dictum
1826 3191 1908 3231 eet
1937 3180 1975 3208 “
2005 3197 2018 3234 :

2149 698 2289 737 unus.
2323 682 2639 739 Invenimus
2655 699 2784 752 ergo
2811 685 2864 740 iu
2895 686 3122 744 Psalmis
3144 692 3212 744 de
3238 691 3340 744 hoc
3367 688 3628 756 scriptum
3657 689 3730 743 u:

2155 795 2174 828 ι
2212 775 2348 830 Filia
2383 777 2682 846 Babylonis
2715 779 2937 846 misera,
2983 780 3176 836 beatus
3210 781 3299 851 qui
3341 781 3605 835 retribuet
3635 780 3732 833 tibi

2149 870 2567 925 retributionem
2598 889 2762 942 quam
2813 874 3117 929 retribuisti
3170 874 3350 928 nobis.
3389 871 3590 927 Beatus
3635 871 3730 938 qui

2148 965 2353 1018 tenebit
2395 975 2450 1018 et
2497 966 2684 1021 allidet
2734 967 2991 1033 parvulos
3018 976 3137 1021 tuos
3163 967 3228 1020 ad
3275 976 3507 1034 petram.
3539 983 3556 1014 ›
3592 965 3730 1017 Etsi

2147 1057 2388 1109 nondum
2424 1057 2626 1125 aliquid
2666 1060 2848 1128 operis
2894 1060 3068 1130 gessit
3116 1059 3439 1129 Babylonius
3468 1056 3521 1108 in
3571 1057 3728 1110 nobis

2146 1149 2249 1202 iste
2271 1161 2593 1218 conceptus,
2620 1151 2745 1204 dum
2773 1153 2954 1207 adhuc
2990 1153 3251 1223 parvulus
3277 1159 3381 1217 est,
3420 1167 3528 1205 non
3562 1151 3727 1204 mise-

2146 1242 2317 1295 rearis
2344 1242 2480 1311 ejus,
2511 1258 2611 1297 nec
2639 1258 2834 1312 parcas
2854 1247 2927 1306 ei,
2953 1247 3046 1299 sed
3081 1246 3262 1300 statim
3292 1245 3558 1299 interﬁce.
3594 1242 3728 1298 0di-

2147 1330 2271 1383 bilis
2325 1332 2472 1385 enim
2519 1343 2624 1398 est,
2673 1335 2908 1401 perime,
2936 1336 3125 1389 occide
3154 1335 3367 1390 elidens
3397 1336 3462 1386 ad
3491 1343 3724 1402 petram.

2143 1421 2303 1475 Petra
2344 1433 2525 1476 autem
2557 1433 2637 1479 est
2661 1426 2936 1480 Christus.
2969 1427 3102 1492 Quis
3131 1441 3264 1495 ergo
3297 1435 3480 1480 tantus
3510 1442 3571 1480 ac
3602 1426 3729 1481 talis

2141 1519 2244 1576 est,
2277 1523 2331 1564 ut
2360 1529 2464 1568 nou
2502 1527 2782 1584 exspectet
2833 1518 3058 1570 oumino
3091 1533 3370 1586 usqucquu
3398 1525 3615 1571 crescat
3665 1516 3721 1572 in

2142 1620 2206 1656 eo
2236 1605 2527 1675 Babylonia
2581 1607 2814 1670 soboles,
2867 1623 2966 1662 nec
3015 1618 3320 1676 augeantur
3355 1610 3407 1661 in
3459 1623 3526 1661 eo
3560 1622 3727 1676 opera

2143 1697 2500 1764 confusionis,
2532 1699 2628 1753 sed
2657 1700 2707 1753 iu
2757 1700 2949 1768 primis
2982 1702 3164 1755 statim
3210 1701 3400 1764 initiis,
3437 1700 3527 1754 tthi
3571 1699 3724 1753 nasci

2141 1789 2434 1855 ('trper'int,
2463 1801 2514 1842 et
2555 1805 2620 1844 ex
2655 1790 2958 1846 voluntatis
3007 1792 3244 1846 motibus
3292 1792 3621 1853 coalescere,
3647 1799 3731 1845 at.-

2142 1893 2269 1944 que,
2305 1887 2361 1929 ut
2389 1879 2457 1930 ita
2482 1877 2789 1938 dicam.ubi
2825 1889 2988 1949 caput
3012 1881 3278 1949 cmperint
3310 1881 3375 1933 de
3410 1879 3566 1932 vulva
3609 1879 3728 1932 ani-

2141 1985 2241 2021 mae
2273 1967 2515 2037 proferre
2553 1971 2858 2039 perniciosa
2900 1972 3176 2027 desideria
3229 1973 3448 2044 maligni
3501 1972 3728 2041 Spiritus

2139 2062 2501 2130 inspiratione
2531 2073 2814 2134 concepta,
2857 2067 3087 2134 arripiat
3125 2067 3308 2119 statim
3357 2075 3410 2120 et
3461 2066 3626 2119 elidat
3653 2065 3722 2118 ad

2136 2165 2346 2224 petram
2373 2170 2388 2208 :
2415 2153 2467 2208 id
2492 2164 2596 2218 est,
2623 2157 2860 2211 adducat
2889 2160 2954 2212 ad
2983 2157 3287 2222 Christum,
3317 2167 3374 2211 ut
3403 2158 3456 2211 in
3492 2172 3726 2226 conspe-

2136 2258 2223 2321 ctu
2265 2247 2529 2302 tremendi
2570 2245 2761 2315 judicii
2808 2249 2927 2318 ejus
2966 2251 3144 2320 posita
3175 2249 3511 2313 exolescant,
3533 2261 3720 2321 etper-

2135 2339 2305 2396 eant?
2375 2341 2501 2396 llaec
2529 2339 2672 2394 dicta
2720 2351 2846 2396 sunt
2886 2342 3044 2397 nobis
3086 2343 3153 2396 de
3202 2341 3444 2409 generali
3495 2340 3726 2394 fornica-

2136 2432 2301 2498 tione,
2339 2449 2458 2502 qua:
2497 2435 2710 2504 species
2755 2435 2919 2491 habet
2977 2434 3240 2505 plurimas
3295 2452 3308 2488 :
3349 2446 3578 2502 quarum
3610 2445 3722 2484 una

2133 2534 2216 2578 est
2242 2525 2356 2582 hate
2382 2542 2504 2596 quae
2539 2530 2592 2583 in
2621 2528 3022 2585 consuetudine
3053 2527 3124 2582 ob
3154 2525 3440 2594 corporale
3469 2535 3718 2593 stuprum

2133 2618 2422 2675 fornicatio
2448 2623 2778 2676 nominatur.
2816 2622 2929 2692 Ego
2967 2636 3094 2676 vero
3126 2619 3312 2689 legens
3365 2617 3709 2683 ApOSIolum,

2131 2728 2254 2766 cum
2283 2713 2554 2768 venissem
2581 2716 2647 2769 ad
2673 2728 2795 2768 eum
2823 2714 3003 2768 locum
3034 2712 3088 2766 iu
3121 2726 3232 2781 quo
3262 2709 3396 2765 dicit
3419 2709 3463 2741 ”
3499 2726 3513 2761 :
3561 2727 3578 2760 ι
3610 2707 3714 2770 Qui

2131 2821 2190 2861 se
2217 2806 2398 2876 jungit
2432 2806 2681 2872 Domino,
2715 2822 2856 2860 unus
2880 2805 3108 2875 Spiritus
3139 2813 3249 2871 est,
3273 2822 3293 2854 ι
3327 2811 3384 2857 et
3417 2801 3461 2833 ”
3490 2817 3505 2855 :
3540 2819 3558 2851 ι
3608 2800 3712 2866 Qui

2129 2918 2188 2959 se
2209 2901 2389 2972 jungit
2415 2903 2690 2957 meretrici
2719 2916 2889 2954 unum
2929 2913 3133 2968 corpus
3159 2907 3284 2959 est;
3343 2915 3363 2949 ι
3399 2896 3716 2966 quaerebam

2128 2997 2171 3052 si
2217 3007 2306 3051 est
2351 2996 2552 3064 aliquid
2604 2994 2748 3046 aliud
2802 2993 3039 3046 medium
3089 3000 3288 3059 praeter
3342 2989 3468 3052 hoc,
3519 2997 3577 3040 ut
3629 2997 3726 3042 aut.

2127 3093 2356 3147 Domino
2385 3091 2506 3160 quis
2553 3091 2837 3160 jungatur,
2889 3096 2984 3142 aut
3038 3085 3316 3141 meretrici
3353 3101 3367 3138 :
3410 3095 3462 3138 et
3511 3099 3609 3152 pro
3644 3085 3727 3137 vi-

2129 3184 2278 3237 ribus
2323 3182 2459 3236 meis
2503 3179 2822 3244 discutiens,
2872 3176 3205 3246 profundum
3257 3174 3391 3228 satis
3426 3182 3481 3227 et
3521 3188 3726 3228 recou-

459 3282 478 3314 ι
519 3262 653 3317 Cum
678 3263 824 3316 enim
852 3261 1088 3316 nondum
1117 3263 1225 3316 nati
1256 3263 1512 3332 fuissent,
1539 3277 1630 3320 aut
1656 3267 1862 3336 aliquid
1891 3273 2032 3341 egis-
2059 3279 2106 3338 ο
2141 3277 2310 3330 ditum
2341 3275 2392 3328 in
2423 3273 2488 3328 iis
2528 3271 2709 3326 verbis
2757 3270 3013 3325 intuebar
3064 3266 3310 3338 Apostoli
3351 3280 3590 3328 Sensum,
3627 3267 3721 3336 qui

456 3364 578 3409 sent
607 3355 730 3409 boni
766 3354 848 3408 vel
882 3353 1029 3419 mali,
1057 3362 1114 3407 ut
1147 3357 1480 3424 propositum
1513 3357 1631 3421 Dei.
1661 3362 1805 3430 quod
1832 3378 2028 3417 secun-

459 3444 586 3503 dum
617 3445 940 3500 electionem
985 3446 1187 3500 factum
1223 3456 1328 3511 est,
1361 3459 1597 3517 maneat,
1624 3467 1728 3506 non
1751 3467 1818 3508 ex
1843 3454 2026 3524 operi-

450 3537 571 3603 bus,
605 3540 698 3594 sed
737 3554 806 3594 ex
835 3551 1082 3606 vocante,
1109 3539 1314 3594 dictum
1355 3552 1441 3596 est
1467 3544 1592 3610 quia
1629 3545 1805 3614 major
1829 3547 2029 3602 serviet

450 3631 671 3698 minori,
735 3633 878 3688 sicut
927 3637 1191 3706 scriptqu
1249 3646 1332 3692 est
1373 3652 1388 3690 :
1434 3633 1606 3691 Jacob
1652 3637 1838 3705 dilexi,
1885 3640 2024 3696 Esau

450 3732 631 3775 autem
660 3723 787 3778 odio
838 3724 1024 3782 habui.
1059 3747 1077 3780 ι
1123 3727 1244 3784 Istae
1290 3729 1432 3784 enim
1491 3728 1624 3785 tales
1649 3724 2026 3801 generationes

452 3815 648 3868 animae
672 3816 838 3870 etiam
864 3819 1179 3889 priusquam
1210 3820 1416 3875 faciant
1442 3820 1569 3874 boui
1600 3821 1825 3892 aliquid,
1859 3825 2027 3892 siqui-

449 3906 570 3958 dem
592 3923 655 3961 ex
676 3919 868 3965 sancto
892 3912 1094 3978 Spiritu
1119 3922 1390 3983 generatae
1407 3921 1550 3976 sunt,
1575 3913 1688 3980 jam
1705 3916 2023 3985 diliguntur.

453 3995 507 4050 Si
537 4014 667 4053 vero
693 4017 760 4054 ex
786 4001 980 4070 spiritu
1012 4005 1268 4074 maligno,
1297 4007 1460 4059 etiam
1503 4009 1822 4078 priusquam
1861 4024 2026 4078 opere

449 4089 936 4162 impleantaliquid
966 4094 1113 4161 mali,
1154 4094 1256 4149 hoc
1274 4095 1389 4164 ipso
1429 4104 1610 4151 tamen
1651 4100 1791 4168 quod
1835 4099 2026 4169 hujus-

451 4185 594 4237 modi
629 4185 960 4241 voluntatem
1000 4189 1208 4258 peperit
1233 4191 1440 4254 anima,
1505 4191 1666 4260 digne
1710 4193 1763 4246 in
1803 4207 1868 4247 ea
1901 4195 2026 4248 odio

450 4275 680 4330 habetur
705 4277 860 4331 malae
888 4281 1184 4334 voluntatis
1201 4279 1534 4335 exsecranda
1559 4284 1861 4352 conceptio.
1893 4284 2030 4340 Pro?

451 4377 630 4434 ptcrea
655 4365 908 4425 fortassis
950 4371 1001 4424 in
1053 4370 1213 4442 hujus
1255 4373 1586 4426 sacramenti
1642 4373 1817 4442 ﬁgura
1862 4374 2025 4428 etiam

451 4456 727 4514 Chanaam
769 4477 904 4530 puer
953 4473 1244 4532 antequam
1297 4473 1619 4518 nasceretur
1665 4465 2022 4522 maledicitur.

449 4546 616 4601 Cham
651 4565 882 4620 namque
909 4563 1228 4621 peccaverat
1257 4563 1412 4624 pater
1437 4554 1554 4625 ejus
1579 4573 1592 4609 :
1616 4565 1666 4609 et
1697 4557 2027 4626 prephetans

2137 3368 2212 3422 ita
2265 3365 2588 3432 deﬁnierit,
2666 3365 2809 3432 quod
2865 3361 3044 3416 omnis
3098 3361 3278 3415 anima
3352 3368 3445 3412 aut
3494 3357 3725 3413 Domino

2133 3457 2428 3525 conjuncta
2486 3456 2579 3524 sit,
2625 3466 2721 3510 aut
2779 3453 3049 3509 meretrici
3115 3470 3128 3506 :
3189 3460 3245 3506 et
3301 3451 3534 3506 intellexi
3579 3453 3724 3520 quod

2135 3550 2424 3607 Dominum
2478 3547 2699 3618 quidem
2750 3545 2951 3602 dixerit
3007 3544 3243 3598 virtutes
3304 3558 3422 3613 qua:
3470 3542 3724 3597 Christus

2133 3649 2238 3708 est,
2271 3639 2322 3693 id
2370 3647 2453 3694 est
2497 3637 2745 3698 verbum.
2797 3636 3145 3704 sapientiam,
3207 3635 3514 3699 veritatem,
3558 3632 3726 3704 349

2128 3734 2430 3803 justitiam,
2454 3739 2759 3800 ca'teraque
2820 3727 3131 3796 hujusmodi
3170 3748 3182 3782 :
3215 3727 3554 3781 meretricem
3592 3741 3723 3780 vero

2136 3840 2326 3880 ntuues
2386 3821 2696 3878 econtrario
2762 3821 2981 3874 malitiae
3038 3819 3268 3887 Species.
3365 3817 3478 3872 lloc
3553 3817 3719 3872 etiam

2135 3919 2278 3987 apud
2334 3915 2677 3970 Salomouem
2729 3913 2834 3968 dici
2885 3912 3126 3980 intelligo
3166 3912 3219 3965 in
3260 3924 3324 3964 eo
3357 3911 3501 3978 quod
3545 3910 3624 3964 ait
3655 3910 3724 3964 de

2136 4008 2424 4062 meretrice
2461 4007 2540 4071 ‘°,
2568 4004 2696 4074 quia
2728 4022 2745 4054 ι
2785 4018 2882 4072 per
2919 4002 3189 4057 fenestras
3225 4001 3485 4071 prospicit
3516 4000 3566 4053 in
3599 4000 3720 4069 pla-

2136 4109 2250 4152 teas
2279 4137 2295 4162 ,
2330 4107 2384 4151 et
2422 4097 2467 4152 si
2502 4112 2660 4164 quem
2699 4095 2899 4149 viderit
2933 4093 3303 4162 insipientium
3339 4091 3721 4145 adolescentu-

2136 4192 2344 4255 lorum,
2376 4198 2434 4280 εἰ
2473 4189 2688 4256 inopem
2729 4202 2987 4241 sensuum
3027 4193 3397 4240 transeuntem
3439 4184 3588 4254 juxta
3623 4199 3723 4237 au-

2134 4283 2288 4353 gulos
2315 4277 2507 4336 domus
2541 4294 2674 4344 suae,
2710 4290 2762 4333 et
2798 4278 3109 4348 loquentem
3145 4279 3198 4332 in
3226 4277 3467 4333 tenebris
3495 4293 3718 4346 vesper-

2135 4377 2301 4442 tinis,
2341 4390 2465 4429 cum
2501 4373 2773 4428 Silentium
2812 4371 2975 4426 fuerit
3017 4379 3344 4424 nocturnum
3370 4409 3386 4435 ,
3425 4368 3509 4422 vel
3540 4370 3722 4440 caligo

2135 4478 2312 4524 noctts
2347 4485 2360 4521 :
2399 4465 2594 4520 mulier
2631 4475 2813 4519 autem
2857 4465 3102 4518 occurrit
3135 4464 3185 4518 ei
3231 4465 3435 4520 habens
3478 4465 3720 4532 speciem

2140 4554 2469 4618 meretricis,
2496 4568 2612 4622 qua:
2644 4551 3052 4619 facitjuvenum
3080 4550 3298 4606 evolare
3321 4554 3507 4610 corda.
3543 4570 3563 4606 ι
3595 4552 3721 4610 Haec

449 4632 584 4700 Noe,
611 4651 732 4690 cum
759 4639 1052 4708 unicuique
1080 4640 1310 4696 ﬁliorum
1332 4659 1553 4698 suorum
1581 4645 1784 4715 optima
1799 4660 2024 4715 qumque
2055 4637 2101 4694 Ι)
2132 4661 2262 4717 ergo
2297 4661 2419 4716 qua:
2451 4645 2649 4699 dicitur
2680 4645 2938 4700 meretrix
2962 4685 2979 4710 ,
3013 4646 3127 4715 ipsa
3157 4656 3242 4702 est
3271 4647 3476 4701 malitia
3505 4665 3518 4701 :
3549 4657 3604 4701 et
3627 4650 3721 4716 qui

449 4725 712 4796 signaret,
747 4729 834 4784 ubi
882 4731 949 4785 ad
983 4731 1151 4786 Cham
1201 4744 1424 4790 ventqu
1460 4743 1562 4798 est,
1615 4754 1633 4787 ς
1687 4733 2022 4804 Maledictus,

450 4815 624 4885 inquit
648 4818 712 4882 η,
743 4817 1020 4875 Chanaam
1050 4838 1202 4892 puer.
1234 4843 1252 4876 ι
1282 4823 1451 4878 Cham
1479 4826 1744 4895 peccavit,
1793 4836 1844 4878 ct
1877 4825 2017 4880 Cha-

452 4920 607 4961 naam
641 4909 929 4978 progenies
960 4911 1076 4980 ejus
1100 4913 1464 4979 maledicitur,
1491 4922 1544 4969 et
1590 4915 1880 4970 maledicta
1913 4929 2018 4974 est.

448 4997 516 5052 Et
546 4999 667 5058 ideo
690 5002 868 5057 acrius
921 5003 1077 5058 nobis
1125 5005 1510 5062 intendendum
1552 5017 1655 5075 est,
1703 5019 1758 5062 et
1809 5014 2025 5082 prospi-

451 5093 726 5164 ciendum,
767 5113 834 5151 ne
861 5095 1000 5151 forte
1031 5110 1256 5168 generet
1291 5101 1494 5170 aliquid
1520 5103 1702 5157 anima
1738 5107 1880 5174 quod
1915 5122 2029 5160 ma-

451 5181 648 5239 ledicto
676 5187 897 5257 dignum
931 5188 1024 5256 sit,
1060 5199 1117 5243 ut
1143 5192 1355 5246 etiamsi
1387 5192 1625 5246 nondum
1649 5207 1813 5261 opere
1842 5196 2029 5266 imple-

453 5276 612 5343 verit,
645 5278 698 5333 in
736 5279 857 5349 ipsa
891 5289 1073 5334 tamen
1113 5280 1391 5337 voluntate
1413 5293 1468 5336 et
1498 5285 1779 5354 proposito
1812 5285 1928 5356 ejus
1957 5289 2031 5344 sit

451 5368 762 5437 hujusmodi
813 5373 1102 5428 maledicta
1139 5375 1446 5445 progenies.
1494 5376 1647 5444 Quod
1687 5387 1742 5431 et
1791 5377 1836 5431 si
1890 5379 2032 5437 forte

452 5462 742 5532 aliquando
773 5465 1016 5520 evenerit
1049 5468 1190 5536 (quis
1220 5470 1364 5522 enim
1413 5467 1726 5524 invenietur
1753 5469 1911 5525 facile
1937 5473 2030 5541 qui

453 5557 522 5609 ab
550 5558 854 5628 hujusmodi
881 5561 1251 5630 generatione,
1278 5561 1330 5617 id
1357 5572 1442 5617 est
1465 5564 1724 5632 peccandi
1749 5565 2031 5624 voluntate

453 5645 726 5706 habeatur
751 5652 1172 5728 immunis?),si
1195 5669 1327 5725 ergo
1364 5655 1627 5712 acciderit
1653 5658 1760 5714 tale
1801 5659 2026 5730 aliquid,

525 5855 547 5888 ⁸
579 5855 704 5924 Sap.
743 5873 824 5921 ut,
861 5857 950 5911 16.

456 5924 500 5958 ³³
550 5925 695 5981 Psal.
743 5942 984 5995 cxxxvu,
1032 5926 1087 5996 8,
1121 5929 1174 5984 9.

1025 5858 1046 5889 ⁹
1088 5856 1236 5912 Psal.
1267 5872 1474 5922 cxx-In,
1505 5859 1557 5912 5.

1254 5929 1298 5959 ιθ
1333 5929 1349 5981 l
1381 5930 1504 5985 Cor.
1534 5945 1609 5999 Vl,
1644 5931 1728 5989 Π.

1659 5863 1700 5893 ¹⁰
1723 5861 1824 5916 Job
1853 5879 1942 5928 In;
1975 5866 2176 5926 Jerem.
2208 5885 2300 5922 xx.

1809 5935 2010 6007 ".bid.,
2047 5941 2135 5996 to.

2131 4757 2192 4797 se
2227 4739 2472 4808 iunxerit.
2525 4740 2652 4794 huic
2705 4740 3020 4806 meretrici,
3065 4755 3228 4794 unum
3269 4754 3468 4809 corpus
3498 4740 3722 4794 malitia:

2134 4832 2383 4889 efﬁcitur.
2419 4832 2574 4887 Sicut
2618 4847 2749 4902 ergo
2781 4832 2870 4901 qui
2903 4847 2961 4887 se
2986 4831 3163 4902 jungit
3191 4831 3412 4887 Christo
3447 4833 3678 4888 Domino
3702 4871 3718 4896 ,

2125 4923 2306 4993 jungit
2332 4939 2393 4980 se
2418 4925 2725 4993 sapientiae,
2752 4923 2932 4994 jungit
2954 4939 3012 4978 se
3037 4925 3286 4992 iustitiae,
3309 4926 3490 4995 jungit
3521 4939 3580 4979 se
3607 4925 3722 4993 pie-

2133 5021 2226 5071 tati
2254 5058 2268 5082 ,
2301 5027 2356 5072 et
2386 5017 2601 5072 veritati
2631 5057 2647 5085 ,
2677 5025 2733 5071 et
2761 5031 2882 5070 cum
2911 5018 2994 5072 his
3021 5019 3275 5074 omnibus
3311 5033 3450 5074 unus
3484 5017 3723 5073 efﬁcitur

2130 5109 2358 5179 Spiritus
2393 5127 2407 5163 :
2445 5109 2520 5163 ita
2551 5117 2606 5162 et
2633 5108 2724 5177 qui
2757 5122 2815 5162 se
2842 5108 3024 5178 jungit
3055 5110 3180 5164 huic
3212 5109 3517 5175 meretrici,
3544 5109 3723 5179 jungit.

2132 5201 2607 5271 seimpudicitiaa,
2642 5202 2907 5270 impietati
2931 5240 2946 5268 ,
2980 5201 3290 5270 iniquitati,
3325 5201 3640 5266 mendacio,
3667 5210 3722 5254 ct

2137 5294 2298 5348 simul
2320 5295 2573 5349 omnibus
2596 5303 2944 5362 peccatorum
2973 5292 3152 5360 malis,
3181 5307 3303 5348 cum
3327 5292 3526 5362 quibus
3552 5306 3718 5344 unum

2138 5401 2341 5454 corpus
2367 5385 2620 5440 efﬁcitur.

2211 5481 2265 5534 5.
2304 5477 2688 5534 Verumtamen
2740 5498 2758 5530 ‹
2801 5477 3064 5548 applicuit
3101 5474 3264 5531 Israel
3291 5475 3348 5530 in
3378 5473 3558 5528 Sattin
3587 5473 3655 5526 ".
3693 5491 3715 5527 ι

2137 5571 2194 5624 lu
2231 5571 2686 5639 interpretatione
2708 5568 3100 5623 llcbraicorum
3127 5565 3405 5620 nominum
3431 5565 3608 5620 Sattin
3639 5566 3722 5619 iu-

2137 5663 2386 5718 venimus
2415 5663 2466 5716 iu
2497 5662 2679 5732 lingua
2715 5669 2900 5715 nostra
2936 5658 3347 5726 responsionem,
3396 5655 3483 5713 vel
3513 5657 3722 5728 refuta-

2386 5869 2426 5900 ¹¹
2457 5867 2611 5921 llum.
2650 5882 2726 5924 tx.
2753 5867 2837 5928 11,
2874 5864 2960 5926 l9,
2995 5865 3076 5930 l5,
3108 5863 3194 5916 M.
3277 5860 3318 5890 ¹²
3350 5863 3486 5918 Gen.
3514 5881 3593 5927 rx,
3619 5860 3710 5919 ‘25.

2214 5939 2260 5972 ¹⁶
2289 5939 2449 5994 Prov.
2501 5953 2597 6004 vn,
2630 5937 2682 6002 6,
2722 5936 2775 6003 7,
2801 5939 2854 6002 8,
2882 5937 2933 6004 9,
2966 5936 3054 5990 10.
3135 5935 3174 5967 ³⁷
3203 5931 3362 5990 Num.
3398 5950 3525 6000 xxv,
3557 5937 3606 5988 l.
