4134 6398
436 460 536 517 751

1904 451 2226 511 ORIGENIS

3613 455 3721 511 753

439 583 639 633 tionem
689 578 793 631 dici
838 577 971 647 (95).
1031 576 1306 647 Applicuit
1336 591 1468 644 ergo
1496 575 1659 629 Israel
1703 574 1769 630 ad
1801 592 2026 643 t‘espon-
2060 580 2103 635 Α
2138 574 2277 628 forte
2309 571 2569 628 fornicari
2605 584 2655 629 te
2685 573 2887 629 faciant
2914 589 2943 629 a
2980 574 3089 631 Deo
3119 583 3231 630 luo.
3270 595 3287 628 ι
3323 574 3411 630 Ille
3434 592 3563 645 ergo
3594 592 3717 631 cum

439 672 670 733 sionem,
706 671 787 723 vel
827 669 1228 723 refutationem.
1264 668 1379 722 Non
1413 670 1549 722 bene
1576 667 1860 736 applicuit.
1894 669 2027 719 Vile

440 762 672 829 denique
700 761 827 829 quid
862 761 1092 813 incurrit
1122 761 1173 813 in
1200 760 1300 813 hac
1326 756 1540 828 positus
1568 760 1865 812 mansione.
1897 757 2005 811 Fur

438 855 656 908 nicatus
683 862 767 906 est
803 868 925 905 cum
961 853 1283 907 mulieribus
1310 851 1727 904 Madiauitarum
1752 892 1765 912 ,
1797 860 1849 904 et
1883 849 2031 903 refu-

442 954 589 998 tatus
624 954 701 997 est
739 960 767 997 a
804 943 912 997 Deo
944 960 955 995 :
988 945 1110 1013 quia
1145 960 1249 996 non
1287 943 1457 997 solum
1500 942 1821 1004 fornicatus,
1856 946 1948 996 sed
1978 954 2030 996 ct

441 1036 599 1090 idolis
652 1037 895 1105 gentium
942 1047 1295 1090 consecratus
1342 1050 1458 1100 est,
1494 1047 1548 1092 et
1580 1038 1815 1092 comedit
1854 1053 1916 1091 ex
1966 1038 2030 1092 iis

442 1144 563 1191 quae
598 1128 817 1182 fuerant
847 1127 1003 1181 idolis
1046 1128 1320 1181 immolata
1346 1169 1361 1193 ,
1402 1144 1522 1196 qua:
1556 1132 1740 1198 utique
1778 1145 2029 1185 exsecra-

442 1217 571 1271 I‘ilia
613 1230 739 1273 sunt
797 1220 862 1272 ad
924 1218 1112 1274 Deum.
1164 1220 1265 1287 Qui
1317 1223 1458 1273 enim
1501 1237 1801 1276 consensus
1831 1221 2030 1290 templo

444 1312 537 1364 Dei
573 1327 693 1364 cum
727 1312 921 1365 idolis?
945 1310 1144 1365 Verum
1182 1328 1279 1380 ego
1308 1314 1473 1366 etiam
1506 1314 1571 1366 de
1602 1314 1668 1366 iis
1690 1354 1704 1376 ,
1739 1329 1858 1381 qua:
1889 1314 2031 1381 Apo-

443 1402 618 1456 s:olus
672 1404 736 1455 ad
788 1403 1104 1457 Corinthios
1149 1403 1344 1457 scribit
1378 1405 1563 1459 dicens
1615 1404 1658 1435 ¹⁸
1703 1419 1717 1457 :
1756 1422 1773 1455 (
1816 1405 1871 1458 Si
1908 1405 2031 1475 quis

444 1503 627 1548 autem
695 1494 892 1548 viderit
940 1495 1225 1548 scientiam
1271 1494 1557 1548 habentem
1622 1496 1671 1549 in
1733 1496 1895 1550 idolio
1945 1512 2029 1551 re-

442 1586 739 1649 cumbere,
799 1601 979 1640 nonne
1024 1587 1363 1640 conscientia
1397 1585 1511 1653 ejus
1550 1603 1672 1641 cun:
1712 1589 1781 1641 sit
1815 1589 2029 1643 inﬁrma

444 1676 804 1731 a‘tlificahitur
851 1677 916 1729 ad
967 1676 1407 1730 mantlucamlum
1452 1677 1774 1733 immolata?
1812 1698 1830 1731 ι
1874 1680 2031 1734 valde

446 1768 677 1821 miratus
721 1783 861 1821 smn.
918 1767 1143 1822 Videtur
1201 1770 1344 1824 cnim
1389 1789 1494 1826 non
1548 1783 1653 1826 tam
1705 1790 1817 1827 rem
1856 1772 2030 1841 ipsam

443 1874 664 1928 gravem
694 1860 1068 1927 pronuntiare,
1099 1878 1264 1931 quam
1298 1864 1444 1918 illius
1470 1864 1760 1929 olieusam,
1793 1868 1883 1935 qui
1917 1865 2032 1918 lucc

441 1949 631 2003 videns
664 1951 827 2004 simili
864 1965 1193 2021 provocatur
1236 1957 1519 2026 exemplo.
1560 1974 1681 2011 cum
1727 1974 1831 2011 non
1868 1958 2028 2013 simili

443 2042 674 2096 scientia
709 2044 1011 2110 tnuniatur,
1045 2046 1117 2100 ita
1153 2056 1209 2100 ut
1243 2051 1496 2102 ostendat
1530 2064 1651 2103 emn
1696 2050 1785 2119 qui
1825 2050 2031 2105 habens

443 2136 733 2189 scientiam
771 2138 1038 2191 recumbit
1068 2139 1119 2191 iu
1150 2140 1335 2203 idolio,
1370 2157 1473 2194 non
1505 2153 1613 2195 tam
1652 2144 1732 2197 sui
1762 2158 1923 2209 quam
1952 2144 2030 2197 al-

444 2226 616 2282 terius
670 2228 851 2282 damni
911 2228 1055 2284 cftici
1107 2247 1280 2285 reum.
1331 2232 1436 2287 Sed
1483 2234 1605 2287 vide
1643 2252 1707 2289 ne
1751 2235 1891 2290 forte
1924 2252 2030 2290 nou

446 2316 550 2371 hoc
596 2317 770 2372 solum
819 2321 985 2375 fiebat
1016 2324 1153 2390 apud
1190 2323 1539 2392 Corinthios,
1570 2336 1624 2379 ut
1660 2327 1710 2380 iu
1754 2327 1914 2381 idolio
1947 2342 2033 2380 re-

444 2408 806 2472 cumberent,
843 2422 894 2464 et
934 2412 1211 2467 inuuolata
1254 2414 1417 2469 idolis
1466 2416 1882 2472 manducarent.
1924 2419 2031 2473 Sed

445 2505 588 2557 torte
635 2504 890 2573 quoniam
947 2505 1177 2561 studiOsi
1231 2506 1541 2563 litterarum
1575 2508 1891 2566 Grzccarum
1936 2515 2031 2567 ho-

447 2595 621 2647 mines
659 2604 840 2659 eraut,
890 2608 945 2650 ct
992 2607 1267 2652 amatores
1313 2599 1670 2669 philosophia:
1698 2643 1712 2667 ,
1758 2603 2033 2657 desiderio

446 2685 622 2737 adhuc
663 2686 969 2740 studiorum
1013 2698 1254 2742 veterum
1302 2690 1667 2755 tenebantur,
1699 2702 1751 2747 et
1796 2695 2035 2763 philoso-

447 2776 675 2843 phorum
712 2778 959 2846 dogmata
989 2818 1004 2843 ,
1038 2781 1189 2848 quasi
1229 2780 1385 2834 idolis
1429 2781 1705 2838 immolata
1750 2788 1981 2839 edebant
2019 2809 2029 2842 :

451 2885 575 2934 qum
619 2878 803 2922 tamen
858 2871 1052 2925 Ia-dere
1096 2872 1331 2929 fortasse
1365 2891 1468 2928 non
1502 2888 1750 2943 poterant
1779 2893 1871 2930 eos
1896 2918 1909 2942 ,
1943 2878 2031 2945 qui

447 2962 661 3025 plenam
719 2963 1000 3017 scientiam
1051 2966 1302 3020 veritatis
1348 2979 1694 3037 acceperant.
1738 2971 1803 3025 Hi
1850 2984 2031 3027 autem

446 3059 538 3125 qui
579 3059 631 3111 iu
665 3058 886 3115 Christo
918 3061 1095 3116 minus
1131 3064 1455 3119 eruditionis
1485 3065 1797 3131 habebant,
1827 3068 1869 3122 si
1904 3068 2030 3121 imi-

449 3160 694 3205 tarcutur
742 3169 835 3207 eos
882 3153 1126 3224 legentes
1181 3156 1349 3222 talia,
1392 3166 1447 3211 et
1483 3157 1589 3212 illis
1621 3160 1799 3213 adhuc
1838 3160 2031 3215 studiis

444 3256 665 3309 operam
704 3244 898 3299 dantes
926 3284 940 3307 ,
974 3246 1249 3300 vulnerari
1279 3258 1561 3314 poterant,
1599 3260 1654 3303 et
1693 3251 2029 3305 diversorum

441 3334 759 3404 dogmatum
794 3338 958 3390 variis
990 3339 1271 3393 erroribus
1312 3339 1603 3409 implicari.
1638 3341 1729 3395 Sic
1759 3357 1889 3411 ergo
1933 3345 2029 3399 tie-

444 3428 559 3492 bat,
588 3439 646 3481 ut
683 3428 971 3483 larderetur
996 3430 1151 3497 alios,
1190 3434 1329 3487 unde
1353 3432 1397 3486 is
1427 3436 1516 3502 qui
1551 3433 1788 3490 habebat
1819 3438 2029 3504 [.leuam

445 3520 730 3572 scientiam
770 3522 1017 3576 veritatis
1038 3564 1051 3586 ,
1081 3523 1198 3576 laedi
1225 3540 1331 3577 non
1361 3535 1599 3594 poterat.
1636 3525 1740 3581 Sed
1776 3530 2030 3595 quoniam

444 3612 692 3666 cliaritas
724 3628 832 3665 non
870 3615 1100 3682 requirit
1130 3617 1273 3683 quod
1304 3616 1403 3670 sibi
1439 3618 1570 3671 utile
1604 3628 1723 3684 est,
1758 3621 1852 3671 sed
1892 3621 2032 3689 quod

448 3704 654 3765 multis,
682 3704 978 3757 observare
1001 3714 1217 3773 oportet
1243 3708 1404 3760 talem
1432 3709 1579 3761 verbi
1609 3724 1805 3776 capere
1830 3710 2029 3774 cibum,

447 3795 536 3860 qui
591 3810 696 3848 non
751 3795 924 3848 solum
969 3812 1065 3849 nos
1096 3796 1325 3851 aediﬁcet
1356 3807 1409 3851 et
1440 3799 1669 3852 delectet
1690 3840 1703 3858 .
1734 3800 1825 3853 sed
1858 3810 1913 3852 ct
1942 3802 2031 3870 qui

447 3889 694 3940 videntes
730 3905 834 3939 non
868 3889 1101 3941 oll'eudat
1124 3928 1137 3951 ,
1171 3898 1261 3941 aut
1303 3888 1479 3941 laniat.
1518 3891 1611 3944 Est
1641 3906 1771 3959 ergo
1805 3909 1907 3945 non
1942 3908 2032 3946 so-

448 3978 557 4031 lum
589 3978 638 4031 in
669 3978 804 4032 cibis
827 3978 983 4032 idolis
1008 3978 1369 4044 immolatum,
1393 3982 1485 4034 sed
1512 3992 1565 4035 ct
1597 3983 1649 4035 in
1684 3984 1886 4037 verbis.
1922 3983 2033 4049 Ego

446 4081 577 4139 puto
604 4110 618 4136 ,
652 4071 777 4140 quia
822 4072 962 4126 sicut
992 4073 1170 4127 omnis
1193 4088 1373 4127 sermo
1410 4074 1497 4143 qui
1531 4076 1807 4143 pietatem,
1851 4086 1906 4130 et
1946 4076 2036 4145 ju-

445 4163 669 4229 stitiam,
700 4174 753 4217 et
790 4164 1075 4218 veritatem
1107 4164 1287 4229 docet,
1318 4164 1424 4219 Deo
1450 4179 1803 4225 consecratus
1833 4180 1951 4233 est,
1984 4178 2036 4224 et

446 4254 557 4308 Deo
597 4255 905 4311 immolatus
949 4274 963 4311 :
1011 4257 1084 4310 ita
1115 4266 1169 4312 et
1204 4259 1385 4314 omnis
1419 4276 1602 4316 sermo
1629 4262 1723 4330 qui
1757 4262 1823 4315 ad
1859 4264 2033 4329 impu-

448 4346 722 4414 dicitiam,
766 4348 849 4401 vel
887 4347 1247 4418 iniustitiam,
1282 4350 1365 4404 vel
1399 4352 1734 4421 impietatem
1778 4353 2031 4422 respicit,

446 4438 603 4493 idolis
624 4439 940 4495 immolatus
964 4441 1058 4505 sit,
1088 4451 1138 4495 et
1164 4442 1255 4511 qui
1284 4458 1406 4497 eum
1438 4444 1663 4513 recipit,
1691 4446 1845 4511 quasi
1876 4445 2033 4499 idolis

446 4530 726 4584 immolata
778 4533 1088 4587 manducet.
1136 4533 1481 4589 Manducavit
1526 4551 1658 4605 ergo
1706 4535 1935 4605 populus
1968 4537 2034 4591 de

2132 676 2277 723 esset
2302 668 2765 737 sapientissimus,
2800 680 2854 724 et
2878 671 3117 740 ingentis
3144 671 3284 741 apud
3316 670 3482 724 Deum
3514 671 3717 737 meriti,

2135 773 2313 814 I:t!lit‘ll
2349 762 2474 830 quia
2512 777 2568 816 se
2604 762 2825 815 tradidit
2861 762 3047 816 multis
3082 763 3427 830 mulieribus,
3460 763 3720 832 deceptus

2133 863 2234 903 est.
2272 851 2380 919 ligo
2412 862 2540 919 puto
2566 854 2709 920 quod
2744 851 2926 905 multa:
2950 853 3236 919 mulieres,
3274 853 3440 906 multa
3467 854 3717 922 dogmata

2133 953 2186 996 et
2238 943 2529 996 multarum
2586 944 2827 1013 gentium
2880 944 3112 997 diversae
3153 943 3509 1013 philosophia:
3544 946 3720 997 nomi-

2134 1048 2351 1090 nentur.
2409 1035 2540 1101 Quac
2590 1052 2712 1090 cum
2760 1036 2971 1104 singula
3020 1047 3432 1106 agnoscere,et
3468 1052 3719 1105 perscru-

2136 1126 2235 1178 tari
2286 1135 2471 1193 utpote
2526 1133 2581 1178 et
2626 1124 3024 1179 scientissimus
3067 1136 3122 1180 et
3161 1124 3594 1193 sapientissimus
3624 1137 3719 1175 vo-

2135 1218 2357 1282 luisset,
2393 1219 2744 1288 semetipsum
2790 1220 2931 1271 intra
2969 1218 3105 1287 legis
3135 1218 3330 1272 divinae
3363 1216 3604 1286 regulam
3639 1225 3719 1270 tc-

2135 1325 2266 1363 nere
2313 1326 2420 1363 non
2474 1310 2669 1375 potuit.
2726 1309 2946 1378 Decepit
2985 1325 3109 1362 eum
3153 1309 3445 1364 Moabitica
3476 1308 3717 1376 philoso-

2134 1399 2257 1468 phia
2277 1438 2290 1461 ,
2317 1408 2377 1452 et
2405 1400 2679 1467 persuasit
2702 1410 2758 1453 ut
2792 1400 2933 1454 idolo
2960 1399 3249 1455 Moabitico
3279 1398 3616 1465 immolaret,
3645 1399 3720 1452 si-

2137 1492 2340 1544 militer
2385 1501 2441 1545 et
2483 1492 2917 1546 Ammonitarum
2945 1534 2961 1558 ,
3006 1494 3098 1545 sed
3129 1502 3183 1545 et
3219 1492 3548 1561 reliquarum
3582 1507 3715 1560 gen-

2135 1585 2303 1649 tiuzn,
2338 1599 2567 1652 quarum
2605 1584 2863 1639 mulieres
2907 1585 3105 1638 dicitur
3144 1585 3454 1654 recepisse,
3499 1594 3553 1636 et
3587 1584 3718 1636 a-dio

2133 1678 2328 1733 fit-asse
2347 1678 2566 1749 templa,
2592 1680 2675 1734 vel
2700 1678 3012 1733 immolasse
3031 1678 3189 1732 idolis
3206 1693 3389 1732 earum
3409 1678 3475 1731 ".
3501 1676 3719 1733 Grande

2135 1783 2211 1825 est
2252 1787 2380 1840 ergo
2425 1780 2479 1824 et
2526 1787 2652 1825 vere
2686 1786 2823 1841 opus
2857 1771 2947 1825 Dei
2977 1811 2991 1836 ,
3020 1780 3126 1824 tam
3166 1769 3351 1824 multis
3379 1768 3720 1837 dogmatibus

2136 1864 2285 1932 quasi
2322 1863 2641 1919 mulieribus
2672 1864 2925 1931 misceri,
2960 1878 3059 1918 nec
3093 1874 3272 1919 tamen
3306 1879 3333 1916 a
3364 1863 3609 1917 veritatis
3636 1878 3722 1917 re-

2138 1954 2259 2025 gula
2324 1956 2601 2011 declinare
2626 1997 2641 2021 ,
2692 1954 2787 2011 sed
2826 1966 3143 2010 constanter
3170 1954 3356 2009 dicere
3395 1954 3439 1987 "
3483 1970 3497 2007 :
3549 1955 3725 2009 Sexa-

2138 2048 2287 2120 ginta
2321 2058 2449 2101 sunt
2483 2048 2703 2119 reginae,
2733 2057 2790 2103 et
2814 2048 3089 2118 octoginta
3127 2046 3478 2111 concubinae,
3509 2054 3563 2100 et
3590 2047 3720 2100 ado-

2140 2140 2450 2196 Icsceutula:
2497 2156 2725 2209 quarum
2775 2155 2880 2194 non
2923 2149 3010 2194 est
3055 2152 3313 2193 numerus
3347 2154 3361 2191 :
3400 2153 3503 2191 una
3542 2147 3720 2191 tamen

2136 2243 2219 2289 est
2246 2233 2493 2287 columba
2531 2249 2669 2295 inca,
2696 2232 2931 2303 perfecta
2958 2246 3097 2294 mea,
3122 2245 3227 2284 una
3257 2239 3339 2284 est
3370 2229 3560 2283 matris
3588 2242 3720 2292 suae,

2137 2340 2241 2378 una
2282 2333 2362 2377 cst
2396 2323 2676 2392 genitricis
2712 2339 2843 2378 suae.
2878 2323 2984 2378 Sed
3020 2322 3108 2377 isti
3141 2322 3509 2377 adoravcrunt
3536 2319 3677 2373 idola
3705 2356 3720 2380 ,

2140 2428 2195 2472 et
2222 2417 2531 2471 consecrati
2564 2425 2689 2470 sunt
2721 2415 3070 2485 Beclphegor.
3111 2413 3439 2483 Bcclphegor
3469 2411 3594 2466 idoli
3627 2427 3725 2465 uo-

2137 2523 2260 2562 meu
2297 2516 2380 2561 est
2405 2547 2416 2566 ,
2451 2510 2592 2575 quod
2629 2508 2769 2574 apud
2802 2505 3124 2559 Madiauitas
3154 2504 3425 2573 praecipue
3463 2519 3491 2555 a
3529 2504 3722 2557 mulie-

2136 2598 2287 2653 ribus
2321 2598 2622 2652 colebatur.
2676 2597 2731 2650 In
2764 2596 2925 2665 hujus
2961 2609 3091 2663 ergo
3125 2595 3251 2648 idoli
3283 2594 3561 2663 mysteriis
3590 2608 3719 2647 con-

2137 2702 2382 2746 secratus
2434 2700 2516 2745 est
2558 2689 2741 2745 Israel.
2784 2687 3301 2758 luterpretatiouem
3354 2688 3591 2741 nominis
3640 2687 3721 2755 ip-

2136 2784 2247 2839 sius
2285 2798 2408 2836 cum
2447 2784 2850 2846 requirerenms
2882 2784 3142 2835 attentius
3188 2782 3329 2835 inter
3361 2778 3585 2835 Hebraea
3621 2796 3718 2833 no-

2138 2874 2285 2928 mina
2309 2912 2324 2936 ,
2360 2873 2462 2926 hoc
2498 2882 2709 2926 tantum
2738 2873 3044 2926 invenimus
3072 2873 3371 2940 scriptum,
3403 2870 3530 2939 quia
3570 2869 3721 2922 Beel—

2137 2966 2344 3036 phegor
2392 2964 2601 3034 species
2636 2965 2707 3019 sit
2752 2964 3102 3034 turpitudinis
3139 2963 3272 3032 (96).
3316 2962 3493 3016 Noluit
3536 2972 3717 3015 tamen

2136 3058 2420 3112 declarare
2470 3074 2589 3126 qua:
2638 3058 2721 3112 vel
2772 3057 2949 3125 qualis
2995 3058 3205 3126 species
3236 3096 3250 3119 ,
3280 3055 3362 3109 vel
3393 3054 3544 3121 cujus
3572 3062 3723 3108 esset

2138 3151 2524 3220 turpitudinis,
2560 3148 2828 3204 honestati
2874 3145 3037 3203 credo
3073 3149 3386 3213 consulens,
3423 3145 3585 3217 35o
3626 3145 3719 3215 qui

2059 3279 2101 3336 ϐ
2139 3243 2529 3311 interpretatus
2556 3250 2675 3306 est,
2709 3241 2789 3295 uti
2824 3256 2890 3294 ne
2917 3241 3159 3293 auditum
3192 3239 3459 3310 pollueret
3494 3239 3724 3291 audien-

2135 3334 2290 3389 tium.
2331 3334 2496 3404 Igitur
2531 3349 2653 3387 cum
2690 3332 2870 3386 multa:
2905 3332 3015 3385 sint
3048 3332 3447 3399 turpitudinum
3480 3330 3721 3399 species,

2137 3442 2240 3479 una
2271 3426 2519 3495 quaulam
2554 3440 2617 3477 ex
2655 3423 2899 3492 pluribus
2926 3422 3277 3491 turpitudinis
3313 3422 3526 3492 species
3568 3420 3725 3475 Beel-

2138 3518 2344 3585 phegor
2372 3515 2700 3584 appellatur.
2734 3511 2888 3567 Unde
2916 3513 3195 3566 sciendum
3228 3524 3340 3573 est,
3375 3510 3516 3581 quod
3548 3511 3727 3565 omnis

2138 3606 2229 3675 qui
2266 3604 2467 3675 aliquid
2499 3614 2659 3673 turpe
2690 3603 3020 3668 committit,
3049 3614 3101 3657 et
3138 3604 3188 3657 in
3222 3604 3460 3672 aliquam
3489 3602 3724 3672 speciem

2140 3698 2492 3765 turpitudinis
2515 3697 2776 3760 declinat,
2809 3696 3151 3767 Bcelphcgor
3174 3696 3587 3749 lliadianitarum
3618 3696 3726 3748 daa-

2140 3792 2325 3845 mouio
2356 3798 2732 3845 consecratur.
2774 3788 2879 3841 Sed
2912 3797 2963 3842 et
2993 3804 3088 3857 per
3115 3788 3325 3857 singula
3356 3799 3577 3857 peccata
3609 3801 3728 3857 qua:

2139 3884 2534 3938 committimus
2561 3924 2576 3948 ,
2622 3881 2856 3936 maxime
2890 3881 2933 3935 si
2971 3881 3081 3949 jam
3117 3898 3223 3936 non
3253 3883 3603 3950 subrcpliuue
3630 3882 3728 3934 ali-

2138 3994 2266 4047 qua,
2299 3978 2395 4031 sed
2420 3977 2603 4031 studio
2634 3976 2939 4044 all‘ectuque
2968 3991 3276 4044 peccamus,
3310 3976 3382 4029 illi
3414 3978 3532 4031 sine
3564 3977 3728 4029 dubio

2139 4071 2393 4135 daemoni,
2427 4070 2511 4122 cui
2547 4080 2833 4138 peccatum
2867 4070 2995 4125 illud
3029 4071 3172 4139 quod
3201 4071 3575 4124 commisimus
3610 4071 3728 4123 iuo-

2142 4163 2324 4233 perari
2366 4178 2512 4216 cura)
2556 4172 2669 4226 est,
2708 4177 3114 4217 consecramur.
3156 4162 3220 4215 Et
3259 4160 3491 4216 fortasse
3520 4164 3731 4216 contiu-

2138 4265 2229 4325 get
2262 4256 2419 4310 nobis
2444 4264 2522 4309 tot
2549 4255 2883 4309 tia-monibus
2909 4270 3030 4309 esse
3055 4264 3425 4318 consecratos,
3452 4264 3581 4322 quot
3607 4270 3732 4323 pec-

2138 4358 2258 4401 cata
2289 4348 2716 4412 committimus,
2742 4357 2795 4402 et
2828 4348 2881 4401 in
2912 4347 3140 4415 singulis
3174 4346 3486 4414 quibusque
3517 4346 3729 4401 delictis

2139 4440 2284 4494 velut
2316 4442 2573 4511 mysteria
2612 4441 2790 4508 illius,
2827 4450 2919 4495 aut
2949 4440 3090 4493 illius
3121 4438 3246 4493 idoli
3274 4438 3624 4504 suscipimus.
3664 4439 3728 4493 Et

2139 4533 2373 4589 fortasse
2420 4547 2644 4605 propter
2689 4536 2793 4588 hoc
2839 4533 3058 4587 dicebat
3104 4530 3394 4599 Apostolus
3425 4532 3471 4563 ²¹
3504 4546 3517 4582 :
3556 4550 3574 4582 ι
3610 4530 3727 4587 Jam

444 4622 731 4677 sacrificiis
757 4639 971 4690 eorum,
1001 4636 1057 4680 et
1095 4628 1461 4681 adoraveruut
1491 4627 1633 4683 idola
1670 4643 1880 4683 eorum.
1914 4627 2029 4683 Non
2064 4633 2111 4692 D
2138 4629 2285 4680 enim
2318 4628 2638 4699 mysterium
2672 4626 2978 4695 iniquitatis
3009 4634 3285 4692 operatur.
3321 4643 3340 4676 ι
3376 4623 3729 4679 Circumeunt

447 4714 622 4768 solum
680 4717 1181 4781 manducaverunt,
1222 4720 1318 4773 sed
1363 4730 1418 4775 et
1469 4721 1851 4777 adoraverunt.
1897 4721 2031 4778 Vide

443 4806 691 4863 ordinem
750 4809 874 4863 tituli
935 4828 948 4864 :
999 4826 1188 4865 servos
1254 4812 1463 4867 Domini
1531 4813 1706 4882 prima
1766 4814 2027 4884 concupi-

446 4898 673 4965 scentia,
712 4900 836 4955 inde
873 4902 1077 4956 ventris
1113 4902 1394 4972 ingluvies,
1438 4915 1710 4974 postrema
1740 4907 2032 4976 captivavit

449 4993 723 5062 impietas.
764 4991 1062 5063 Impietatis
1106 5005 1286 5050 autem
1325 5011 1539 5051 merces
1573 4999 1872 5053 exsolvitur
1917 4999 2028 5055 for-

448 5083 669 5139 nicatio.
711 5084 766 5139 Si
807 5085 1014 5156 relegas
1042 5101 1163 5157 quae
1192 5087 1394 5157 scripta
1438 5098 1565 5143 sunt
1598 5090 1663 5143 de
1702 5089 2028 5158 Salomone,

446 5178 690 5233 invenies
722 5197 868 5244 eum,
900 5191 955 5234 et
983 5181 1199 5250 quidem
1232 5196 1352 5235 cum
1386 5193 1534 5235 esset
1569 5184 2028 5253 sapientissimus,

445 5273 630 5328 multis
684 5273 1002 5329 mulieribus
1048 5276 1338 5331 inclinasse
1390 5276 1557 5330 latera
1606 5291 1736 5337 sua,
1781 5291 1907 5330 cum
1943 5276 2027 5330 lex

388 5432 391 5445 κ
445 5365 539 5421 Dei
574 5366 715 5421 dicat
756 5369 798 5400 ¹⁹
837 5387 849 5422 :
889 5387 907 5419 ‹
945 5367 1060 5421 Non
1094 5368 1477 5439 multiplicabis
1514 5367 1606 5421 tibi
1650 5366 1926 5433 mulieres,
1966 5386 2033 5425 uc

520 5508 562 5539 ⁵⁸
599 5508 889 5574 lCor.vut,
912 5510 996 5564 I0.
1077 5512 1117 5541 ¹⁹
1146 5512 1299 5565 llcut.
1325 5526 1452 5575 xvn,
1485 5509 1571 5564 I7.
1648 5509 1693 5539 ¹⁰
1720 5508 1781 5563 lll
1811 5510 1920 5580 Reg
1957 5528 2032 5565 xi.

519 5621 634 5687 (95)
693 5622 759 5676 In
820 5626 1254 5693 interpretatione
1312 5625 1696 5680 llebraicorum
1758 5627 2025 5679 nominum

451 5692 634 5746 Sattiu
660 5692 967 5747 invenimus
994 5701 1047 5749 in
1091 5696 1273 5765 lingua
1314 5707 1491 5749 nostra
1528 5709 1914 5749 nesroxswxen
1952 5696 2029 5749 vel

454 5776 852 5817 aerumnosas
874 5766 1001 5820 dici.
1034 5766 1185 5821 Unde
1230 5768 1404 5820 Sattiu
1454 5768 1734 5833 responsio
1768 5769 1843 5817 vel
1883 5767 2021 5820 refu-

454 5836 587 5886 tatio
616 5834 718 5886 dici
751 5836 941 5897 possit,
993 5852 1095 5888 non
1141 5836 1322 5897 video,
1363 5836 1462 5889 nisi
1504 5837 1643 5889 forte
1678 5852 1705 5887 a
1754 5845 1915 5895 πεπυ(
1943 5835 2032 5888 ﬂa-

454 5904 617 5970 gcilo.
656 5922 673 5954 ι
712 5906 851 5971 qttod
892 5904 1083 5973 inepta:
1126 5907 1360 5961 ratione:
1386 5906 1709 5961 refutatione
1744 5908 1898 5975 quasi
1932 5907 2028 5958 lla-

1077 5512 1117 5541 ”
1146 5512 1299 5565 llcut.
1325 5526 1452 5575 .vvn,
1485 5509 1571 5564 I7.

2138 4735 2268 4789 ergo
2306 4721 2532 4789 spiritus
2567 4719 2830 4787 maligni,
2858 4727 2907 4771 et
2953 4726 3203 4786 qurerunt
3235 4717 3506 4785 quomodo
3535 4733 3729 4771 unum-

2138 4832 2409 4888 quemque
2438 4815 2751 4885 decipiant,
2785 4822 2839 4868 et
2871 4828 2966 4881 per
2993 4811 3303 4867 illecebram
3350 4813 3558 4881 peccati
3611 4828 3729 4881 my-

2141 4909 2323 4962 steriis
2352 4914 2691 4971 consecrent,
2716 4917 2769 4959 et
2799 4920 2973 4975 neque
3000 4904 3349 4969 sentientem,
3377 4920 3550 4975 neque
3580 4903 3729 4959 intel-

2138 5001 2424 5071 Iigenlem,
2460 4999 2609 5054 verbi
2646 5013 2808 5051 causa
2833 5038 2847 5063 ,
2892 5016 2988 5068 per
3024 4998 3408 5053 fornicationis
3447 5006 3727 5067 peccatum

2142 5091 2497 5145 introducunt
2536 5088 2603 5143 ad
2644 5090 2969 5143 dmmouium
3010 5088 3461 5155 Madianitarum,
3508 5100 3559 5145 et
3599 5105 3728 5143 con-

2143 5194 2361 5239 secrant
2405 5182 2779 5253 Beclphcgor,
2817 5192 3146 5239 consecrant
3182 5183 3525 5251 turpitudini.
3560 5183 3728 5239 Simi-

2145 5279 2266 5331 Iitcr
2310 5289 2365 5332 et
2414 5293 2509 5347 per
2540 5277 2643 5329 alia
2678 5285 2895 5344 peccata
2922 5315 2937 5340 ,
2972 5286 3031 5329 ut
3063 5274 3321 5339 diximus,
3369 5274 3491 5329 aliis
3523 5276 3727 5329 dietuo-

2145 5372 2305 5424 uibus
2348 5369 2597 5423 homines
2639 5376 3049 5421 consecrantur.
3098 5364 3202 5421 Sed
3247 5374 3300 5419 tu
3346 5367 3575 5421 observa
3609 5364 3720 5419 dili-

2115 5512 2156 5543 ²¹
2187 5507 2424 5567 Cuttt.vl,
2454 5503 2502 5563 7,
2539 5502 2593 5556 8.
2670 5504 2713 5535 “
2748 5500 2785 5554 II
2822 5500 3018 5555 Thess.
3048 5514 3109 5565 ll,
3160 5498 3213 5551 7.

2140 5623 2281 5693 gello
2304 5631 2613 5693 arceantur,
2643 5618 2745 5693 Avel
2791 5619 2952 5693 quod
2980 5616 3142 5687 paulo
3182 5612 3526 5667 verisimilius
3560 5622 3661 5675 est,
3700 5629 3727 5667 ο

2133 5689 2259 5753 iam?
2296 5711 2314 5744 ε
2358 5691 2617 5753 circuire,
2643 5690 2860 5752 iterare,
2903 5689 3232 5741 discurrere.
3277 5704 3294 5735 ι

2209 5762 2318 5831 196)
2351 5763 2489 5826 Quin
2530 5759 2848 5828 Beelphegor
2877 5758 3069 5824 species
3116 5758 3181 5809 sit
3232 5754 3602 5831 turpitudinis:
3654 5754 3725 5808 Ex

2130 5819 2241 5897 Sy:
2288 5819 2315 5885 ί
2355 5819 2664 5889 Ϊῇοιηὶηιις,¹
2713 5819 2831 5883 »νει
2873 5819 2989 5892 "rga
3026 5847 3044 5880 ι
3095 5819 3341 5898 aperuit,
3395 5842 3414 5877 ι
3466 5824 3728 5881 conflatur

2135 5920 2329 5961 nomen
2368 5922 2384 5956 ί
2432 5902 2781 5972 Beelplwgor.
2823 5918 2841 5951 ι
