4134 6440
443 478 547 532 735

1618 483 1683 538 IN
1722 485 2055 542 NUMEROS
2096 487 2378 544 llOMlLlA
2441 490 2559 544 XX.

3611 501 3713 555 754

445 598 658 652 centius
688 596 829 663 quod
858 598 1115 666 scriptum
1149 615 1224 652 ρει
1249 639 1263 663 ,
1297 607 1351 654 ct
1395 609 1476 655 sta
1526 601 1578 655 in
1614 604 1743 668 viis,
1775 612 1829 657 et
1864 604 2031 657 inter—
2062 615 2103 668 Α
2139 609 2189 659 in
2221 625 2379 674 quam
2412 608 2641 660 voluerit
2680 619 2884 675 partem
2924 619 3003 662 est
3038 610 3085 663 ei
3125 609 3351 665 liberum
3382 607 3653 665 declinare
3692 626 3709 665 :

446 703 572 756 roga
625 704 745 757 qua:
787 689 895 742 sint
933 691 1030 743 via:
1063 691 1269 745 Domini
1322 702 1557 759 αξιοι-ηαξ,
1598 705 1651 748 et
1684 711 1804 763 qua:
1841 697 1913 750 sit
1945 698 2026 750 via

444 782 616 843 bona,
670 791 723 834 et
763 780 956 835 incede
1004 782 1057 834 in
1093 798 1154 835 ea
1181 822 1195 847 ,
1241 794 1294 837 et
1333 800 1437 839 non
1474 787 1704 840 accedas
1737 788 1802 841 ad
1830 787 2028 856 januas

440 872 633 927 damus
666 872 901 931 malitiae.
939 873 1046 929 Sed
1086 876 1145 929 si-
1167 879 1405 931 senseris
1439 878 1736 948 malignum
1771 882 2024 948 spiritum

441 965 587 1034 loqui
618 966 672 1020 in
709 967 871 1022 corde
904 976 1015 1030 tuo,
1050 976 1109 1021 ut
1135 979 1184 1023 te
1212 969 1372 1022 ducat
1398 971 1463 1023 ad
1495 971 1711 1040 aliquod
1747 986 1880 1042 opus
1904 989 2027 1042 pec-

441 1056 585 1123 cati,
625 1057 868 1127 intellige
907 1059 1031 1127 quia
1072 1068 1123 1112 te
1155 1060 1355 1114 ducere
1391 1061 1540 1125 vult,
1568 1071 1627 1116 ut
1652 1072 1934 1118 consecret
1976 1073 2025 1118 te

439 1147 599 1201 alicui
637 1149 890 1203 dmmoni.
929 1151 1134 1206 Ducere
1165 1162 1217 1207 te
1249 1154 1361 1207 vult
1387 1165 1443 1209 ut
1470 1155 1742 1224 suscipias
1765 1157 2019 1225 mysteria

439 1240 744 1301 diabolica,
789 1243 1047 1311 mysteria
1098 1243 1418 1312 iniquitatis.
1473 1248 1537 1300 Et
1586 1247 1686 1302 hoc
1729 1261 1845 1301 esse
1895 1258 2023 1317 puto

438 1332 580 1397 quod
611 1333 803 1386 scribit
830 1333 1119 1399 Apostolus
1150 1335 1196 1367 ³³
1229 1353 1243 1388 :
1281 1356 1298 1388 ι
1338 1337 1472 1392 Cum
1499 1350 1678 1394 autem
1707 1349 1897 1410 gentes
1930 1356 2017 1394 es-

438 1424 589 1488 setis,
615 1424 681 1478 ad
710 1426 998 1481 simulacra
1029 1440 1176 1484 muta
1202 1440 1392 1486 euntes
1417 1434 1955 1502 proutducebamini.
1993 1456 2012 1489 ι

437 1516 479 1569 Α
516 1530 622 1583 quo
646 1517 730 1571 vel
760 1535 787 1571 a
812 1521 1011 1588 quibus
1046 1523 1427 1580 ducebamini?
1454 1541 1482 1578 a
1516 1526 1797 1595 spiritibus
1826 1542 2018 1595 nempe

442 1608 694 1677 malignis
749 1613 1091 1669 ducebamini
1150 1618 1216 1669 ad
1270 1632 1431 1685 opera
1481 1630 1845 1687 peccatorum.
1893 1620 2019 1675 [hee

436 1702 662 1756 audiens
708 1705 940 1775 vigilans
987 1710 1222 1778 quisque
1271 1712 1486 1765 auditor
1536 1713 1681 1766 dicet
1726 1712 1954 1768 fortasse
2001 1736 2012 1769 :

436 1791 575 1856 Quid
604 1808 732 1863 ergo
759 1793 1058 1852 faciemus?
1090 1802 1133 1852 si
1161 1801 1503 1855 circumeunt
1532 1802 1757 1872 spiritus
1791 1804 2013 1874 maligni

435 1897 873 1953 unumquemque
910 1896 1176 1952 nostrum,
1208 1899 1262 1944 et
1291 1890 1535 1953 ducunt,
1585 1907 1648 1947 ac
1688 1894 2015 1962 pertralmnt

433 1974 500 2027 ad
545 1986 828 2044 peccaturo
867 1996 881 2032 :

437 2064 566 2117 tiam
602 2068 824 2134 trahat,
856 2071 947 2137 qui
985 2070 1173 2127 invitet
1203 2082 1257 2128 et
1285 2074 1447 2129 ducat
1475 2076 1542 2130 ad
1573 2076 1915 2145 pudicitiam,
1947 2077 2015 2130 ad

434 2159 730 2226 pietatem,
781 2163 1053 2228 quomodo
1100 2179 1208 2219 non
1252 2166 1525 2221 videbitur
1570 2166 1638 2221 ad
1679 2168 2012 2237 pereundum

432 2247 647 2314 quidem
697 2249 802 2305 lata
842 2253 927 2306 via
964 2262 1189 2321 patere,
1221 2256 1288 2311 ad
1317 2257 1546 2314 salutem
1578 2273 1708 2313 vero
1742 2275 2013 2329 nusquam

435 2339 576 2394 ullus
620 2342 802 2398 aditus
842 2344 986 2400 dari?
1022 2348 1137 2403 lmo
1177 2364 1307 2405 vero
1353 2351 1573 2406 adverte
1602 2351 1936 2420 diligentius,
1968 2353 2011 2407 si

429 2439 623 2496 potes,
676 2442 731 2486 et
778 2446 966 2503 aperto
1017 2440 1201 2494 cordis
1257 2441 1452 2507 oculo,
1506 2442 1762 2497 interiora
1802 2458 2011 2498 mecum

427 2521 717 2576 considera
748 2528 1006 2595 mysteria
1033 2544 1048 2593 ;
1080 2537 1133 2583 et
1159 2530 1371 2585 videbis
1393 2541 1599 2599 quanto
1634 2531 1807 2598 major
1839 2532 1891 2585 in
1927 2547 2012 2586 se-

425 2615 590 2669 cretis
634 2619 829 2672 salutis
872 2630 1068 2674 nostra:
1106 2637 1235 2674 cura
1271 2631 1502 2691 geratur
1532 2662 1548 2686 ,
1584 2637 1746 2692 quam
1780 2622 2013 2678 facultas

428 2706 494 2759 ad
561 2707 935 2776 decipiendum
987 2713 1313 2779 pm-beatur.
1350 2713 1518 2769 Adest
1567 2714 1857 2785 unicuique
1911 2732 2010 2771 no-

426 2807 598 2851 strum
620 2799 731 2870 (97)
753 2841 767 2863 ,
793 2801 956 2857 etiam
990 2803 1228 2861 minimis
1257 2807 1346 2875 qui
1379 2815 1505 2862 sunt
1535 2806 1589 2861 in
1624 2806 1861 2862 Ecclesia
1892 2807 2008 2874 Dei,

429 2889 652 2960 angelus
686 2892 860 2949 bonus
881 2934 896 2960 ,
932 2897 1159 2966 angelus
1193 2898 1405 2954 Domini
1433 2901 1523 2970 qui
1552 2909 1737 2970 regat,
1770 2901 1860 2968 qui
1893 2917 2009 2955 mo-

429 2995 574 3049 neat,
611 2982 702 3052 qui
740 2985 1042 3053 gubernet,
1076 2990 1165 3057 qui
1204 3004 1298 3058 pro
1342 2992 1554 3045 actibus
1597 2992 1799 3045 nostris
1839 2994 2010 3046 corri-

425 3074 614 3141 gendis
634 3115 650 3140 ,
680 3085 735 3130 et
764 3077 1207 3135 miserationibus
1235 3083 1594 3150 exposcendis
1616 3120 1632 3147 ,
1661 3082 1900 3151 quotidie
1931 3084 2009 3137 vi-

424 3164 549 3219 deat
577 3165 771 3222 faciem
808 3167 988 3225 Patris
1028 3172 1193 3239 quiin
1227 3174 1378 3228 cmlis
1405 3183 1488 3228 est
1520 3193 1533 3228 :
1571 3175 1711 3228 sicut
1750 3175 2007 3229 Dominus

423 3256 669 3325 designat
718 3258 771 3313 in
812 3259 1118 3326 Evangeliis
1154 3262 1220 3319 “.
1260 3262 1326 3317 Et
1369 3265 1564 3318 iterum
1608 3266 1907 3319 secundum
1940 3281 2002 3319 ca

424 3361 547 3415 qute
573 3346 810 3406 Joannes
839 3352 891 3405 in
916 3354 1244 3426 Apocalypsi
1275 3357 1465 3411 scribit
1490 3358 1556 3421 ⁸⁵,
1586 3356 1874 3425 unicuique
1905 3357 2002 3411 Ec-

421 3439 599 3495 clesiae
624 3442 949 3510 generaliter
972 3446 1198 3514 angelus
1224 3457 1421 3516 praeest
1441 3447 1530 3517 qui
1560 3446 1642 3501 vel
1671 3448 2007 3504 collaudatur

423 3546 519 3598 pro
558 3530 693 3586 bene
735 3534 906 3602 gestis
940 3536 1159 3606 populi;
1186 3538 1269 3593 vel
1304 3541 1466 3593 etiam
1504 3555 1601 3609 pro
1644 3541 1853 3595 delictis
1885 3541 2004 3611 ejus

422 3620 687 3690 culpatur.
738 3623 792 3677 In
830 3639 936 3694 quo
976 3628 1141 3681 etiam
1186 3631 1435 3699 stupendi
1481 3632 1731 3702 mysterii
1766 3634 2005 3687 admira-

424 3713 568 3768 tione
600 3730 951 3785 permoveor,
1001 3720 1141 3791 quod
1189 3721 1456 3777 inlantum
1495 3722 1605 3777 Deo
1636 3739 1767 3779 cura
1799 3726 1865 3779 de
1909 3742 2006 3780 no-

423 3804 504 3858 bis
528 3807 636 3872 sit,
681 3818 738 3863 ut
779 3812 941 3864 etiam
981 3814 1200 3881 angelos
1234 3831 1362 3871 suos
1393 3817 1597 3885 culpari
1633 3833 1730 3886 pro
1767 3819 1921 3873 nobis
1950 3829 2003 3874 et

418 3896 689 3952 confutari
737 3902 994 3968 patiatur.
1038 3904 1133 3959 Sic
1165 3908 1308 3960 enim
1350 3924 1470 3961 cum
1502 3910 1793 3980 ptedagogo
1828 3911 2003 3965 tradi-

421 3997 510 4040 tur
538 4004 706 4058 puer,
739 3991 785 4046 si
822 3992 962 4048 forte
992 3996 1173 4050 minus
1207 3998 1384 4067 dignis
1426 4015 1525 4055 nec
1564 4001 1862 4055 secundum
1909 4016 2003 4071 pa-

421 4088 633 4133 ternam
686 4082 1021 4140 nobilitatem
1073 4087 1312 4144 imbutus
1351 4101 1609 4159 appareat
1654 4091 1955 4160 disciplinis
1984 4133 1997 4158 ,

416 4172 678 4227 continuo
731 4174 887 4244 culpa
941 4178 1007 4230 ad
1060 4178 1407 4249 pzndagogum
1458 4183 1729 4245 refertur,
1780 4198 1879 4237 nec
1928 4183 1999 4236 ita

416 4278 553 4332 puer
593 4279 622 4318 a
667 4274 824 4335 patre
875 4277 933 4321 ut
983 4271 1305 4341 padagogus
1337 4273 1586 4341 arguitur
1613 4312 1629 4338 ,
1672 4272 1773 4327 nisi
1811 4274 2001 4327 durior

414 4352 614 4423 fuerit,
665 4367 718 4412 et
753 4358 1027 4431 paedagogi
1063 4363 1263 4417 monita
1302 4366 1598 4434 spreverit,
1637 4376 1798 4436 atque
1827 4367 1879 4420 in
1920 4366 1999 4419 la-

413 4445 639 4501 sciviam
685 4464 887 4520 pronus
933 4467 997 4507 ac
1028 4453 1356 4521 proterviam
1385 4454 1642 4510 salutaria
1684 4455 1798 4525 ejus
1836 4459 1998 4515 verba

414 4541 823 4610 contempserit,
853 4543 958 4599 illis
990 4545 1160 4614 magis
1193 4547 1583 4618 obtemperans
1610 4551 1699 4620 qui
1725 4551 1996 4606 luxuriant

2131 710 2185 751 et
2234 700 2350 753 ideo
2379 702 2588 769 justum
2635 700 2725 753 Dei
2767 701 3027 770 judicium
3065 713 3180 767 est,
3222 704 3349 772 quia
3391 716 3579 774 sponte
3613 719 3709 757 sua

2132 791 2245 844 sive
2281 792 2435 844 bonis
2466 792 2580 845 sive
2614 792 2866 859 pessimis
2897 793 3258 847 monitoribus
3286 803 3456 861 paret.
3492 792 3582 846 Vis
3614 794 3707 845 tibi

2133 881 2310 934 adlmc
2339 882 2570 949 amplius
2599 882 2726 950 quid
2757 896 2822 935 ex
2857 882 3154 951 Scripturis
3173 885 3369 938 divinis
3398 887 3703 949 ostendam,

2130 972 2400 1037 quomodo
2432 974 2605 1042 major
2640 989 2772 1026 cura
2802 973 2998 1027 salutis
3030 990 3157 1043 erga
3189 975 3435 1030 homines
3468 979 3571 1031 Deo
3598 991 3704 1039 est,

2128 1076 2286 1129 quam
2320 1063 2534 1117 diabolo
2566 1065 2933 1134 perditionis?
2965 1064 3215 1136 Nunquid
3259 1084 3365 1121 non
3407 1069 3704 1125 sufﬁciebat

2127 1154 2438 1222 angelorum
2491 1158 2769 1226 diligentia
2821 1159 3083 1215 adversus
3128 1161 3352 1215 insidias
3397 1162 3698 1216 daamonum

2123 1256 2178 1300 et
2217 1247 2505 1302 adversum
2548 1264 2642 1304 eos
2677 1251 2766 1319 qui
2818 1252 2883 1305 ad
2934 1254 3269 1321 peccandum
3308 1254 3553 1308 homines
3596 1265 3707 1309 tra-

2124 1339 2299 1393 hunt?
2355 1338 2474 1408 Ipse
2512 1341 2873 1410 Unigenitus,
2922 1346 3058 1414 ipse,
3108 1346 3324 1414 inquam
3350 1386 3366 1411 ,
3404 1346 3572 1403 Filius
3610 1349 3701 1402 Dei

2124 1431 2298 1497 adest,
2347 1431 2461 1499 ipse
2500 1432 2775 1498 defendit,
2817 1436 2931 1501 ipse
2963 1436 3232 1498 custodit,
3274 1436 3385 1504 ipse
3422 1452 3518 1491 nos
3550 1437 3615 1491 ad
3646 1453 3705 1490 se

2125 1520 2309 1572 trahit.
2352 1520 2491 1573 Audi
2529 1522 2797 1590 quomodo
2835 1524 2950 1590 ipse
2978 1525 3112 1578 dicit
3144 1527 3187 1557 ’9
3227 1544 3239 1579 :
3283 1544 3301 1576 ι
3344 1526 3408 1579 Et
3442 1542 3568 1581 ecce
3602 1542 3700 1593 ego

2124 1611 2401 1664 vobiscum
2446 1627 2564 1666 sum
2598 1614 2853 1668 omnibus
2896 1615 3088 1668 diebus
3121 1631 3290 1685 usque
3330 1618 3395 1669 ad
3450 1633 3701 1670 consum-

2123 1702 2409 1755 mationcm
2448 1702 2645 1756 smeuli.
2680 1722 2698 1755 ›
2725 1704 2826 1757 Sed
2859 1718 2957 1757 nee
2988 1705 3324 1761 sufiiciteum
3364 1723 3483 1762 esse
3520 1709 3703 1762 nobis-

2119 1808 2266 1854 cum,
2297 1794 2390 1847 sed
2420 1795 2821 1862 quodammodo
2855 1796 2958 1849 vim
2985 1796 3143 1851 nobis
3174 1796 3326 1861 facit,
3363 1808 3420 1850 ut
3449 1813 3547 1852 nos
3577 1815 3699 1867 per-

2122 1885 2300 1939 trahat
2332 1885 2399 1939 ad
2434 1886 2682 1941 salutem.
2716 1887 2801 1938 Ait
2832 1886 2975 1939 enim
3007 1888 3057 1939 in
3090 1888 3194 1941 alio
3220 1888 3337 1941 loco
3368 1887 3413 1919 ³⁰
3443 1906 3455 1941 :
3501 1906 3519 1938 ι
3560 1888 3692 1943 Cum

929 1994 1089 2035 nemo
1117 1990 1297 2035 autem
1336 1982 1472 2039 anus
1510 1993 1595 2039 εει
1628 1984 1719 2052 qui
1758 1986 1823 2039 ad
1859 1986 2016 2052 ιυειί..
2051 1972 2092 2026 Β
2119 1986 2297 2029 autem
2354 1975 2625 2031 exaltatus
2666 1975 2861 2040 fuero,
2903 1976 3086 2029 omnia
3137 1977 3203 2030 ad
3249 1992 3335 2030 me
3381 1976 3613 2030 traham.
3670 1996 3690 2028 ι

2122 2065 2283 2121 Vides
2323 2068 2596 2136 quomodo
2630 2082 2735 2121 non
2774 2069 2950 2122 solum
2986 2067 3179 2122 invitat
3208 2069 3486 2132 volentes,
3518 2068 3611 2122 sed
3642 2078 3699 2123 ct

2116 2166 2439 2212 cunctantes
2477 2158 2664 2213 trahit.
2703 2156 2798 2212 Vis
2828 2166 3009 2212 autem
3042 2159 3230 2213 audire
3260 2159 3535 2226 quomodo
3578 2167 3695 2211 tra-

2118 2248 2212 2301 hat
2242 2247 2408 2303 etiam
2440 2250 2789 2304 cunetantes?
2817 2250 2934 2305 Non
2962 2250 3235 2305 concessit
3260 2250 3336 2303 illi
3364 2251 3452 2319 qui
3481 2248 3697 2303 volebat

2118 2340 2215 2403 ire,
2242 2348 2295 2394 et
2320 2339 2549 2409 sepelire
2575 2352 2783 2410 patrem
2820 2359 3002 2409 suum,
3037 2358 3136 2397 nec
3167 2342 3399 2411 spatium
3435 2341 3693 2408 temporis

2042 2432 2049 2435 ’
2116 2433 2279 2499 dedit,
2312 2437 2404 2488 sed
2433 2435 2511 2487 ait
2544 2434 2617 2490 illi
2656 2436 2698 2467 “
2740 2452 2752 2487 :
2791 2454 2808 2487 ι
2842 2434 2971 2490 Sine
3000 2445 3243 2489 mortuos
3277 2432 3509 2501 sepelire
3542 2448 3692 2486 mor-

2118 2534 2236 2579 tuos
2267 2540 2427 2590 suos,
2460 2536 2514 2579 tu
2546 2537 2727 2581 autem
2757 2542 2985 2596 sequere
3015 2543 3119 2581 me.
3158 2545 3176 2579 ι
3209 2525 3275 2580 Ει
3295 2526 3418 2580 alibi
3443 2526 3572 2579 dicit
3600 2524 3643 2555 ³³
3672 2541 3691 2579 :

2119 2635 2137 2667 ι
2185 2616 2355 2671 Nemo
2401 2618 2619 2673 mittens
2666 2635 2881 2673 manum
2932 2634 3084 2673 suam
3121 2634 3284 2687 super
3321 2629 3596 2683 aratrum,
3639 2627 3694 2669 et

2115 2716 2260 2760 retro
2311 2709 2629 2777 respiciens,
2685 2718 2846 2777 aptus
2883 2719 2966 2765 est
3013 2722 3177 2777 regno
3212 2708 3330 2761 Dei.
3386 2725 3404 2758 ι
3449 2707 3603 2774 Quod
3643 2708 3688 2760 si

2112 2798 2343 2868 amplius
2412 2801 2591 2854 adhuc
2657 2802 2739 2855 vis
2804 2802 2871 2855 de
2947 2802 3047 2855 hoc
3110 2814 3445 2868 cognoscere
3504 2814 3689 2851 sacra-

2115 2901 2322 2956 mento,
2354 2894 2636 2946 ostendam
2684 2891 2776 2946 tibi
2820 2893 2887 2946 de
2945 2890 3284 2959 Scripturis,
3338 2889 3481 2958 quod
3524 2888 3689 2941 etiam

2114 2984 2226 3053 ipse
2270 2984 2526 3038 Dominus
2583 2984 2742 3038 Pater
2802 2983 3264 3053 dispensationem
3329 2982 3523 3035 salutis
3589 2996 3689 3034 no-

2111 3089 2240 3131 stra“:
2290 3092 2393 3130 non
2440 3076 2690 3146 ncgligit,
2740 3075 2831 3129 sed
2862 3084 2915 3128 et
2956 3075 3069 3144 ipse
3102 3089 3199 3126 nos
3230 3076 3294 3125 ad
3324 3072 3551 3125 salutem
3583 3084 3689 3122 non

2109 3167 2281 3220 solum
2318 3178 2507 3231 vocat,
2540 3166 2633 3220 sed
2664 3176 2716 3219 et
2762 3166 3050 3234 pertrahit.
3102 3164 3193 3218 Sic
3242 3162 3385 3216 enim
3430 3159 3691 3215 Dominus

2109 3262 2240 3315 dicit
2304 3262 2354 3315 in
2410 3261 2700 3329 Evangelia
2755 3260 2798 3291 ³³
2851 3279 2865 3315 :
2930 3277 2950 3311 ι
3012 3257 3181 3312 Nemo
3239 3256 3385 3311 venit
3441 3254 3508 3308 ad
3565 3268 3683 3315 me,

2108 3352 2265 3427 351
2303 3352 2401 3405 nisi
2453 3368 2607 3420 quem
2640 3349 2799 3405 Pater
2835 3364 2987 3404 meus
3037 3348 3272 3403 cmlcstis
3312 3345 3617 3401 attraxerit.
3663 3364 3683 3398 ο

2111 3445 2216 3495 Sed
2248 3451 2300 3495 et
2331 3441 2742 3509 paterfamilias,
2776 3440 2866 3510 qui
2900 3440 3064 3492 mittit
3085 3452 3268 3492 servos
3297 3452 3424 3492 suos
3460 3437 3689 3490 invitare

2110 3535 2315 3589 amicos
2341 3535 2405 3587 ad
2429 3534 2638 3603 nuptias
2665 3532 2757 3585 lilii
2781 3532 2884 3597 sui,
2911 3541 3265 3600 posteaquam
3288 3538 3690 3583 excusaverunt

2108 3624 2183 3679 illi
2236 3625 2326 3693 qui
2375 3626 2586 3696 priores
2638 3625 2851 3679 fuerant
2895 3622 3134 3686 invitati,
3185 3621 3316 3676 dicit
3358 3620 3532 3675 servis
3573 3620 3620 3653 “
3669 3637 3686 3674 :

2115 3742 2132 3774 ι
2183 3720 2341 3775 Exite
2372 3719 2438 3773 ad
2472 3721 2586 3773 vias
2617 3729 2671 3772 et
2695 3706 3032 3789 angiportus,
3067 3724 3121 3769 et
3145 3729 3499 3785 quoscunque
3539 3714 3688 3767 iuve-

2109 3812 2323 3875 neritis,
2356 3809 2532 3878 c0gite
2563 3808 2809 3863 introire.
2848 3824 2868 3858 ι
2907 3806 2999 3859 Sic
3028 3820 3158 3875 ergo
3211 3820 3314 3859 non
3348 3805 3521 3858 solum
3552 3805 3691 3857 invi-

2111 3915 2289 3957 tamur
2319 3917 2347 3955 a
2387 3902 2519 3967 Deo,
2557 3903 2651 3956 sed
2696 3912 2756 3955 et
2801 3899 3087 3963 trahimur,
3117 3907 3172 3952 et
3225 3898 3470 3967 cogimur
3505 3896 3571 3949 ad
3600 3912 3690 3950 sa-

2106 3998 2293 4051 lutem.
2324 3996 2430 4051 Sed
2463 4009 2562 4049 nec
2589 4004 2809 4048 sanctus
2836 3997 3053 4066 quidem
3082 3996 3306 4064 spiritus
3338 3996 3390 4049 in
3428 3995 3686 4065 hujusce~

2106 4089 2247 4142 modi
2296 4086 2795 4157 dispensationibus
2847 4087 3021 4140 deest.
3076 4086 3192 4154 Ipse
3222 4086 3366 4139 enim
3415 4085 3546 4138 dicit
3590 4082 3685 4138 ":

2111 4200 2128 4233 ι
2167 4181 2459 4249 Segregate
2486 4178 2613 4231 mihi
2659 4176 2883 4229 Paulum
2914 4186 2970 4230 et
3014 4175 3319 4229 Barnabam
3345 4176 3399 4228 in
3442 4175 3692 4228 ministe-

2108 4272 2271 4333 rium,
2303 4270 2369 4322 ad
2408 4271 2552 4337 quod
2586 4267 2855 4334 assumpsi
2890 4282 3004 4322 eos.
3046 4285 3064 4317 ι
3098 4267 3161 4319 Et
3196 4266 3389 4319 iterum
3437 4266 3687 4333 prohibet

2105 4356 2329 4412 Paulum
2373 4356 2451 4409 ire
2488 4355 2541 4409 in
2568 4354 2778 4418 Asiam,
2833 4364 2888 4407 et
2921 4369 3135 4409 rursum
3164 4355 3307 4424 cogit
3340 4368 3467 4408 cum
3521 4354 3602 4408 ire
3628 4354 3681 4407 in

2102 4451 2515 4521 Jerosolymam,
2551 4447 2851 4518 praedicens
2880 4447 2952 4513 ei,
3001 4448 3127 4516 quia
3160 4445 3374 4501 vincula
3413 4456 3467 4502 et
3498 4462 3685 4503 carce-

2105 4561 2191 4599 res
2230 4559 2352 4599 eum
2409 4542 2481 4597 ibi
2534 4550 2787 4593 maneant
2819 4539 2887 4595 ³⁸.
2946 4539 3098 4606 Quod
3138 4540 3183 4594 si
3238 4537 3415 4608 angeli
3470 4538 3682 4593 Domini

414 4632 662 4699 suadent,
698 4643 754 4688 et
786 4635 852 4689 ad
897 4636 1176 4695 lasciviam
1225 4652 1546 4712 provocant,
1595 4644 1734 4710 Quid
1783 4646 1875 4700 nar
1920 4646 1993 4700 iui
2028 4662 2072 4715 υ
2105 4636 2440 4691 circumdant
2474 4635 2527 4688 in
2558 4634 2787 4688 circuitu
2821 4633 3129 4687 timentium
3160 4646 3305 4698 eum,
3370 4641 3425 4684 ut
3454 4630 3686 4699 eripiant

414 4723 612 4779 anima:
663 4727 937 4797 prophetae
986 4731 1211 4787 vocibus
1255 4734 1423 4789 disce.
1460 4753 1480 4787 ‹
1536 4736 1992 4806 Derelinquetur,

413 4812 590 4883 inquit
626 4816 706 4882 ’⁸,
748 4818 853 4872 lilia
890 4818 1018 4875 Sion
1058 4821 1199 4876 sicut
1239 4825 1645 4880 tabernaculum
1688 4827 1741 4881 in
1794 4829 1949 4883 vinea
1976 4870 1991 4894 ,

410 4916 466 4960 et
493 4908 635 4964 sicut
663 4924 787 4965 casa
812 4913 1138 4969 custodiaria
1166 4915 1221 4970 in
1246 4920 1642 4985 cucumorario,
1665 4928 1718 4973 et
1747 4920 1888 4975 sicut
1917 4922 1995 4975 ci-

414 4999 555 5054 vitas
586 5016 706 5071 quaa
741 5016 1045 5075 expugnata
1076 5017 1181 5063 est.
1232 5026 1250 5060 ι
1301 5009 1365 5064 Ει
1408 5010 1606 5065 iterum
1643 5013 1686 5043 ’⁷
1720 5030 1734 5067 :
1774 5031 1792 5064 ι
1830 5012 1994 5068 Aufe-

413 5099 563 5145 rctur
609 5096 842 5149 maceria
887 5095 1023 5164 ejus,
1061 5107 1116 5153 et
1161 5100 1267 5154 erit
1304 5101 1356 5155 in
1383 5103 1852 5159 conculcationem
1878 5144 1894 5168 ,
1938 5118 1995 5161 et

412 5182 671 5253 d:ripient
702 5202 821 5240 eam
856 5204 1048 5245 omnes
1084 5193 1171 5260 qui
1215 5202 1497 5248 transeunt
1524 5196 1665 5249 viam
1703 5213 1764 5263 ›;
1806 5208 1860 5251 et
1890 5198 1935 5229 ³⁸
1967 5215 1983 5252 :

417 5291 436 5325 ι
476 5272 781 5344 Singularis
817 5278 965 5335 ferus
997 5284 1250 5351 depascet
1284 5300 1427 5342 eam.
1464 5305 1483 5338 ι
1520 5286 1645 5342 llam
1678 5289 1916 5358 patietur
1945 5291 1991 5345 si

413 5383 518 5420 non
567 5369 881 5437 acquiescat
923 5375 1149 5431 monitis
1189 5377 1395 5448 angeli,
1435 5380 1528 5449 qui
1565 5380 1672 5434 sibi
1712 5383 1993 5449 appositus

411 5469 495 5512 Cal.
536 5460 601 5514 ad
643 5460 897 5518 salutem.
929 5464 1026 5520 Sui
1059 5483 1292 5538 namque
1328 5470 1543 5525 arbitrii
1574 5481 1659 5527 est
1691 5474 1869 5527 anima
1893 5514 1908 5539 ,
1939 5486 1994 5529 ct

483 5576 574 5649 {'l
609 5578 734 5635 Cor.
775 5595 873 5643 xu,
912 5581 968 5635 2.
1076 5583 1311 5639 “Matth.
1348 5602 1501 5649 xvni,
1535 5587 1622 5640 10.

412 5645 456 5720 ff
475 5647 663 5706 .‘llatth.
683 5666 874 5719 xxvm,
893 5654 984 5706 ΞΟ.
1063 5654 1106 5685 ³ο
1127 5652 1282 5710 Joan.
1309 5673 1409 5720 xn,
1428 5645 1517 5711 '52.

417 5716 455 5747 ³³
478 5720 598 5773 Act.
634 5736 751 5784 xm,
780 5716 867 5774 ἓξ
909 5725 954 5755 ³⁸
992 5724 1114 5779 Act.
1156 5741 1266 5779 xxi.
1344 5716 1405 5759 ³⁷ν
1440 5727 1600 5782 Num.
1648 5745 1779 5796 xxv,
1826 5732 1881 5796 5,
1920 5729 1976 5784 4.

438 5898 447 5908 1
482 5830 593 5901 (97)
616 5833 790 5910 .Adest
814 5838 1093 5907 unicuique
1122 5850 1378 5904 nostrum,
1406 5848 1512 5896 etc.
1542 5840 1681 5908 Quid
1717 5844 1781 5897 de
1816 5857 1979 5910 ange-

416 5899 819 5962 lis‘tutelaribus
842 5899 1094 5977 opinatus
1127 5911 1196 5965 sit
1221 5899 1502 5983 Origenes,
1527 5899 1646 5969 vide
1682 5912 1821 5984 apud
1847 5899 1987 5968 1Ιῖιο-

1737 5589 1783 5620 ¹⁵
1826 5590 1995 5659 Apoc.
2022 5603 2111 5659 Αιι.

1594 5658 1635 5689 ³⁸
1664 5657 1853 5714 Matth.
1873 5657 1989 5722 vni,
2013 5657 2104 5711 22.

2094 4751 2187 4791 eus
2220 4749 2234 4798 ;
2268 4730 2311 4785 si
2344 4729 2484 4784 Deus
2508 4727 2694 4792 Pater,
2732 4727 2776 4781 si
2822 4726 3013 4793 Filius,
3055 4727 3100 4781 si
3150 4726 3386 4795 Spiritus
3438 4734 3678 4786 sanctus,

2094 4844 2202 4882 non
2239 4825 2412 4880 solum
2464 4825 2754 4883 hortan‘tur
2798 4831 2853 4874 et
2884 4830 3220 4891 provocant,
3254 4819 3349 4875 sed
3379 4828 3434 4872 et
3465 4828 3682 4888 pertra—

2094 4919 2251 4982 lmnt,
2296 4917 2569 4987 quomodo
2618 4929 2723 4968 non
2785 4917 2952 4967 multo
3001 4912 3175 4981 major
3220 4928 3350 4968 cura
3399 4927 3496 4981 pro
3525 4912 3681 4967 nobis

2094 5011 2297 5082 geritur
2337 5009 2404 5063 ad
2436 5008 2690 5072 salutem,
2714 5023 2877 5075 quam
2905 5007 2971 5060 ab
3001 5006 3335 5061 adversariis
3358 5015 3683 5074 procuretur

2097 5105 2161 5157 ad
2198 5103 2465 5158 mortem?
2495 5101 2619 5156 llam
2642 5112 2822 5155 autem
2856 5102 2999 5154 dicta
3033 5100 3143 5155 sint
3170 5115 3267 5171 pro
3290 5115 3354 5155 eo
3376 5099 3517 5171 quod
3550 5115 3679 5155 con-

2098 5203 2342 5249 secratus
2373 5202 2458 5247 est
2498 5191 2725 5262 populus
2743 5190 3101 5262 Beelphegor.

2169 5286 2225 5340 4.
2266 5303 2285 5336 ι
2325 5284 2390 5338 Et
2446 5284 2618 5337 iratus
2681 5292 2784 5348 est,
2846 5282 3019 5352 inquit
3080 5282 3148 5347 ³⁷,
3200 5280 3380 5337 furore
3420 5278 3681 5334 Dominus

2101 5388 2291 5433 contra
2328 5375 2514 5438 Israel,
2548 5385 2601 5427 et
2631 5374 2769 5430 dixit
2802 5375 3062 5428 Dominus
3110 5373 3177 5427 ad
3208 5373 3427 5438 Moysen
3460 5388 3474 5426 :
3510 5371 3681 5425 Assu-

2100 5486 2186 5524 me
2218 5469 2488 5539 principes
2524 5467 2726 5536 populi,
2760 5477 2813 5522 et
2843 5479 3057 5521 ostenta
3094 5466 3213 5519 illos
3240 5464 3467 5518 Domino
3490 5471 3675 5517 contra

2211 5588 2256 5618 ’“
2280 5587 2382 5641 lsa.
2418 5600 2457 5647 ι,
2488 5585 2539 5638 3.
2645 5585 2687 5616 ³⁷
2718 5583 2816 5636 lsa.
2852 5599 2901 5650 ν,
2938 5583 2992 5638 5.
3101 5582 3144 5612 ³⁸
3181 5579 3323 5633 Psal.
3365 5594 3552 5641 Lxxtx,
3590 5578 3675 5632 l4.

2180 5659 2224 5689 ³²
2251 5658 2377 5713 Luc.
2406 5655 2587 5722 tx,62.
2664 5656 2708 5686 ³³
2739 5654 2894 5709 Joan.
2916 5669 2990 5718 vr,
3021 5651 3110 5705 AM.
3164 5650 3209 5682 ³⁸
3240 5653 3431 5707 Matth.
3461 5666 3595 5716 χχιι,
3621 5650 3675 5706 9.

2088 5842 2219 5895 tium
2255 5840 2693 5911 Origeniunormu
2724 5838 2815 5893 lib.
2857 5855 2919 5904 tt,
2959 5846 3147 5907 qua'st.
3187 5836 3241 5905 5,
3291 5854 3438 5893 num.
3478 5837 3559 5901 l9,
3584 5833 3674 5903 20,

2094 5913 2188 5979 es,
2218 5915 2307 5981 :27,
2337 5915 2427 5980 es,
2461 5912 2529 5965 29
2555 5922 2606 5965 cl
2639 5911 2728 5965 se.
