4134 6380
491 437 595 493 735
1973 447 2297 506 OIllGENIS
3644 451 3744 506 756

493 553 685 618 solem,
723 564 770 607 et
795 565 1072 612 avertetur
1119 561 1196 614 ira
1243 563 1444 620 furoris
1498 568 1709 622 Domini
1741 569 2012 626 ablsrael.
2041 589 2060 621 ι
2095 575 2125 626 Α

2112 575 2136 625 ι
2171 565 2260 617 alii
2291 564 2432 618 idolo
2471 581 2567 632 pro
2596 565 2856 633 qualitate
2889 565 3096 620 scilicet
3159 564 3414 634 peccandi
3458 579 3744 618 consecra-

490 645 684 700 Nescio
723 649 766 702 si
815 648 881 704 de
913 650 998 706 his
1044 653 1401 721 disserentes,
1450 675 1553 713 non
1599 660 1934 720 olfendamus
1960 665 2092 721 ali-.

2167 669 2276 709 rer.
2319 654 2470 720 Quod
2507 658 2551 708 si
2581 656 2832 725 princeps
2859 671 3008 709 meus
3042 655 3316 726 (angelum
3340 655 3463 710 dico
3489 656 3583 726 qui
3609 655 3739 710 mibi

487 751 627 804 quos
655 753 669 791 :
706 741 798 794 sed
843 751 899 795 et
943 744 987 796 si
1019 741 1377 811 oll'eudamus,
1409 748 1630 805 obedire
1662 756 1833 822 magis
1890 767 1942 811 et,
1973 759 2062 812 de.
2163 760 2249 803 est
2274 749 2647 822 consignatus)
2676 768 2780 806 non
2812 753 3004 815 defuit,
3033 754 3129 806 sed
3177 753 3514 807 commonuit
3548 755 3613 808 de
3641 755 3741 808 bo-

485 830 692 883 servire
742 843 955 900 oportet
1001 837 1165 889 verbo
1203 836 1438 903 Domini,
1472 857 1632 911 quam
1667 847 1853 912 gratia-
1887 847 2056 902 Ιιοιηί.
2165 840 2269 896 nis.
2300 850 2353 894 et
2378 841 2590 896 loculus
2619 853 2702 897 est
2750 843 2802 896 in
2831 843 2995 898 corde
3041 859 3160 897 meo
3207 844 3261 896 itt
3293 858 3360 896 eo
3392 843 3656 898 duntaxat
3684 843 3737 898 iu

483 934 635 974 num.
670 920 1125 992 Peccavitlsrael,
1153 939 1206 982 et
1242 930 1379 985 dixit
1419 933 1679 990 Dominus
1713 939 1780 992 ad
1816 939 2058 1012 Moysen,

2161 945 2270 999 quo
2299 946 2383 985 me
2411 933 2738 987 conscientia
2777 936 3070 989 revocabat
3114 950 3143 986 a
3197 943 3447 1002 peccato,
3493 937 3589 989 sed
3638 949 3738 1004 ego

480 1019 803 1067 “lassumal
839 1032 1030 1073 omnes
1058 1022 1353 1092 prim-ipes,
1391 1035 1445 1080 et
1472 1039 1713 1085 ostentet,
1739 1047 1834 1087 eos
1876 1034 2058 1090 Domi-
2162 1024 2488 1092 contemptis
2527 1027 2643 1094 ejus
2673 1027 2916 1090 monitis,
2947 1039 3001 1081 et
3041 1039 3224 1094 spreto
3269 1029 3621 1083 conscientia:
3651 1044 3738 1081 re-

481 1123 550 1161 no
573 1123 760 1164 contra
793 1113 982 1168 solem.
1009 1116 1246 1185 Populus
1272 1132 1478 1189 peccat,
1504 1135 1551 1179 et
1585 1128 1859 1198 principes
1876 1141 2060 1187 osten-

2164 1113 2396 1169 tinaculo
2440 1129 2679 1184 praeceps
2719 1116 2770 1170 in
2820 1129 3041 1185 peccata
3090 1121 3275 1187 prorui
3304 1161 3320 1184 ,
3372 1120 3733 1189 duplicabitur

482 1212 663 1258 tantur
695 1217 882 1263 contra
912 1211 1102 1266 solent.
1153 1214 1314 1270 Iidem
1363 1219 1427 1271 ad
1459 1225 1877 1280 examinandum
1935 1243 2058 1297 pro-

2161 1203 2293 1256 milti
2325 1218 2504 1271 pmna,
2539 1206 2622 1261 Vel
2675 1223 2771 1276 pro
2802 1220 3117 1279 contemptu
3170 1213 3473 1274 monitoris,
3523 1213 3608 1266 vel
3634 1228 3732 1281 pro

479 1295 770 1357 ducuntur.
809 1311 867 1353 ttt
891 1316 1193 1371 arguantur
1223 1322 1250 1361 a
1287 1309 1432 1364 luce.
1477 1311 1640 1368 Vides
1667 1332 1786 1384 qua:
1818 1319 1888 1372 sit
1926 1291 2057 1374 con-
2161 1291 2404 1348 “amre
2437 1299 2736 1354 commissi“
2778 1300 2886 1354 Nec
2908 1301 3126 1357 mireris
3155 1318 3286 1357 sane
3316 1303 3360 1356 Si
3400 1303 3619 1373 angelos
3649 1303 3730 1356 di-

477 1385 612 1440 (ῃιίο
645 1391 946 1458 principum
995 1397 1170 1463 Imm,“
1211 1417 1223 1451 ε
1261 1416 1368 1455 non
1421 1404 1595 1458 solum
1647 1423 1743 1474 pm
1773 1409 1888 1462 suis
1929 1426 2055 1478 pro.
2155 1385 2327 1478 cimus
2373 1389 2558 1443 venire
2613 1407 2737 1444 eum
2782 1393 3092 1448 hominibus
3149 1397 3215 1448 ad
3267 1396 3556 1465 judicium,
3606 1410 3728 1449 cum

475 1475 609 1543 priis
641 1491 940 1548 arguuntur
973 1485 1206 1552 delictis,
1238 1489 1332 1543 sed
1380 1499 1434 1545 et
1461 1508 1560 1560 pro
1593 1497 1772 1564 populi
1818 1475 2054 1566 peccatis

2157 1477 2436 1548 Scriptura
2489 1481 2632 1536 dicat
2661 1484 2726 1547 ³⁸,
2790 1485 2916 1553 quia
2953 1503 2972 1536 ‹
3009 1487 3124 1556 ipse
3178 1489 3441 1542 Dominus
3490 1491 3555 1541 :td
3584 1487 3729 1558 judi-

474 1579 748 1636 cogtmtur
774 1575 1002 1630 reddere
1059 1579 1344 1646 rationem,
1396 1599 1460 1638 ne
1503 1586 1739 1654 ipsorum
1792 1591 1862 1644 sit
1892 1593 2049 1661 culpa
2154 1574 2296 1625 cm'“
2327 1573 2507 1627 "enim
2552 1591 2674 1629 cum
2707 1578 3021 1635 ⁵⁰¹¹ί⁰τί¹³υε
3049 1581 3227 1650 Ρ⁶³Ρ¹¹¹ί
3268 1591 3323 1636 et
3366 1597 3488 1637 ⁰¹¹¹¹¹
3522 1584 3725 1652 Winei"

473 1662 615 1727 quod
665 1666 893 1732 Impulus
930 1668 1192 1738 deliquit,
1238 1689 1304 1727 ,ιο
1358 1674 1498 1731 [Ol-le
1550 1696 1654 1733 mm
1717 1685 2047 1750 monuerim’
2153 1665 2308 1732 pibus
2333 1664 2468 1732 ejus.
2511 1685 2528 1718 ι
2577 1668 2941 1725 Ostentantur
2991 1687 3121 1742 ergo
3157 1674 3447 1742 principes,
3496 1683 3551 1729 et
3589 1674 3722 1728 siin

475 1765 648 1818 neque
674 1754 892 1811 solliciti
922 1759 1125 1814 fuerint
1148 1779 1377 1832 arguere
1401 1783 1492 1823 eos
1519 1771 1609 1839 qui
1639 1773 1847 1828 initium
1875 1776 2048 1846 cnlpte

2152 1760 2255 1814 illis
2285 1759 2441 1826 culpa
2473 1770 2576 1827 est,
2612 1762 2812 1816 desinit
2836 1763 2913 1817 ira
2940 1763 3030 1817 Dei
3059 1780 3088 1818 a
3130 1765 3345 1834 populo.
3376 1763 3542 1820 Debet
3568 1767 3722 1821 nobis

471 1840 742 1913 dederint,
773 1847 848 1899 ttti
897 1864 963 1903 ne
1003 1855 1254 1924 contagio
1285 1856 1694 1930 dispergere“..-
1744 1864 1795 1916 ίη
1839 1840 2042 1935 μιαί-ξε,
2082 1909 2119 1935 υ
2152 1861 2206 1905 ct
2231 1851 2411 1905 acrior
2437 1865 2558 1907 esse
2579 1851 2882 1907 sollicitudo
2904 1865 3120 1908 actuum
3181 1865 3510 1921 nostrorum,
3551 1856 3724 1910 scien-

470 1929 595 1986 Ilarc
625 1937 769 1989 enim
797 1941 976 1995 omnia
1008 1909 1196 2000 facere]
1216 1909 1554 2020 principibuus
1590 1909 1918 2012 inuninctrel
1949 1959 2046 2014 do.
2082 1909 2120 1965 Β
2154 1943 2296 1997 tibus
2325 1945 2468 2013 quod
2522 1959 2630 1999 non
2664 1946 2838 1999 solum
2875 1960 2972 2001 nos
3017 1956 3142 2001 ante
3185 1948 3421 2000 tribunal
3478 1947 3570 2001 Dei
3625 1963 3724 2015 pro

466 2023 728 2081 ctoribus.
762 2027 818 2083 Si
858 2035 1004 2086 enim
1037 2033 1143 2091 illis
1171 2037 1284 2094 haec
1319 2057 1425 2095 non
1461 2045 1768 2114 agentibus,
1801 2061 1900 2102 nec
1934 2049 2045 2104 sol-
2149 2038 2362 2092 aclibus
2409 2039 2610 2095 nostris
2652 2041 2939 2103 Stabimus,
2985 2039 3080 2094 sed
3116 2041 3290 2110 angeli
3337 2056 3436 2111 pro
3467 2041 3624 2095 nobis
3653 2045 3720 2094 ad

467 2109 801 2172 “Piludinem
835 2126 1147 2192 gerentibus
1177 2129 1323 2185 circa
1356 2109 1564 2200 plebem
1593 2109 1907 2204 peccaverit
1951 2158 2044 2209 βο.
2142 2127 2409 2197 judicium
2473 2131 2813 2186 deducentur
2861 2142 3113 2201 tanquam
3166 2133 3437 2201 principes
3461 2141 3517 2187 et
3558 2134 3722 2186 duces

459 2205 641 2274 pulos,
689 2212 788 2279 ipsi
819 2223 1187 2286 ostentantur,
1212 2233 1266 2278 et
1297 2223 1396 2293 ipsi
1437 2227 1502 2280 ad
1539 2227 1799 2296 jndicimn
1848 2234 2044 2300 produ-

2148 2226 2340 2276 nostri.
2370 2222 2657 2291 Propterea
2689 2223 2833 2278 enim
2863 2235 2918 2277 et
2949 2223 3228 2293 Scriptura
3258 2225 3387 2278 dicit
3417 2224 3461 2254 ⁸ο
3487 2243 3497 2274 :
3525 2242 3542 2273 ι
3573 2224 3717 2276 Obe-

464 2305 684 2355 cuntnr.
730 2303 922 2374 Arguit
969 2309 1109 2362 enin.
1161 2327 1255 2368 eos
1303 2312 1540 2386 Moyses,
1593 2319 1642 2371 id
1672 2329 1757 2374 ρει
1786 2321 1869 2375 [ex
1926 2325 2040 2389 Dei,
2145 2313 2256 2368 dite
2279 2316 2584 2384 praepositis
2617 2317 2841 2380 vestris,
2876 2325 2931 2371 ct
2956 2317 3330 2385 obtemperate
3360 2316 3514 2369 cisiu
3542 2315 3718 2369 omni-

461 2388 607 2443 vcllll
640 2393 970 2463 negligentes
999 2413 1050 2456 et
1086 2403 1323 2470 desides,
1359 2416 1412 2461 οι
1448 2410 1498 2463 in
1562 2411 1706 2480 ipsos
1757 2388 2040 2470 converte.
2147 2405 2262 2459 bus.
2292 2405 2394 2474 Ipsi
2427 2407 2570 2460 enim
2609 2407 2933 2475 pervigilant
2959 2408 3114 2478 quasi
3159 2408 3423 2462 rationem
3482 2423 3578 2476 pro
3608 2407 3715 2460 ani-

463 2487 551 2532 tttr
585 2479 866 2540 iracundia
900 2487 1014 2558 Dei,
1043 2502 1098 2546 et
1127 2496 1368 2551 cessabit
1399 2515 1426 2552 a
1460 2501 1677 2568 populo.
1714 2503 1838 2558 llaec
1865 2507 1908 2559 si
1946 2523 2037 2561 co-

1292 2496 1368 2551 bit
1399 2515 1426 2552 a
1460 2479 1677 2568 populo,
1714 2503 1838 2558 [nec
1865 2507 1908 2559 si
1946 2523 2037 2561 co-
2144 2497 2332 2552 mabus
2362 2499 2556 2553 vestris
2581 2500 2863 2554 reddituri.
2897 2517 2916 2551 ι

458 2570 697 2638 gitarent
727 2576 997 2649 homines,
1035 2602 1309 2656 nunquam
1338 2604 1619 2661 cuperent,
1646 2613 1743 2650 nec
1767 2599 2039 2655 ambirent
2209 2609 2262 2664 5.
2304 2609 2433 2665 Post
2467 2612 2582 2665 haec
2607 2609 2859 2677 rcfcrtttr,
2894 2611 3016 2679 quia
3050 2629 3170 2666 cum
3209 2614 3431 2667 vidisse!
3483 2612 3712 2668 ΡΙιῘιιθῡε

458 2664 524 2716 ad
553 2668 734 2734 ponuli
770 2671 1387 2743 principatum.Sullicil
1425 2683 1566 2737 enim
1610 2686 1738 2738 mihi
1775 2703 1873 2756 pro
1903 2690 2039 2744 meis
2141 2701 2285 2758 ﬁlius
2344 2703 2568 2757 Eleazar
2649 2702 2740 2757 ﬁlii
2801 2705 2979 2758 Aaron
3041 2705 3340 2758 saccrtIOIis
3406 2703 3709 2758 Israelilem

455 2764 694 2832 propriis
735 2770 889 2837 argui
919 2771 1153 2837 delictis,
1191 2775 1388 2830 sullieit
1419 2779 1548 2833 ntibi
1587 2798 1684 2848 pro
1714 2785 2035 2854 memetipso
2137 2793 2427 2860 quemdam
2481 2792 2740 2847 introisse
2787 2793 2852 2846 ad
2915 2793 3195 2847 mulierem
3265 2787 3706 2856 Madianitidem,

454 2861 511 2906 et
535 2855 772 2923 peccatis
804 2861 937 2915 meis
967 2864 1193 2919 reddere
1247 2868 1535 2924 rationem.
1573 2871 1711 2938 Quid
1755 2873 1888 2928 mihi
1937 2892 2031 2930 nc-
2137 2893 2291 2952 rapto
2321 2883 2604 2939 siromastc
2653 2886 2704 2938 in
2747 2901 2906 2940 manu
2941 2902 3059 2950 stta,
3101 2886 3373 2956 ingressus
3419 2887 3708 2954 sitprosti-

453 2956 606 2996 cessc
651 2959 735 3000 est
772 2950 935 3004 etiam
986 2969 1082 3022 pro
1128 2957 1310 3025 pepuli
1361 2963 1599 3028 peccatis
1639 2969 1928 3033 ostentari,
1979 2978 2033 3022 ct
2135 2950 2342 3039 bulum,
2391 2985 2444 3030 et
2482 2985 2771 3044 utrumque
2801 2993 2896 3046 per
2944 2979 3056 3047 ipsa
3111 2977 3357 3045 pudenda
3396 2978 3707 3032 transfode-

450 3038 712 3092 ostentari
769 3053 956 3097 contra
1025 3046 1216 3111 solem,
1272 3062 1396 3106 ante
1447 3069 1607 3121 quem
1664 3057 1795 3111 nihil
1853 3069 2027 3126 potest
2137 3063 2363 3136 rit(99).
2409 3084 2428 3116 ι
2495 3066 2560 3119 Ει
2606 3038 2853 3136 probae,
2884 3067 3058 3136 inquit
3090 3067 3314 3130 “,dixit
3352 3066 3613 3123 Dominus
3639 3067 3706 3121 ad

448 3125 731 3193 abscondi,
762 3131 895 3186 nihil
930 3136 1245 3191 obscurari?
1297 3138 1403 3195 Sed
1453 3142 1702 3202 fortassis
1749 3125 1910 3204 etiam
1956 3153 2027 3207 sit
2132 3125 2351 3226 “lly‘SCIl
2381 3173 2394 3208 :
2425 3155 2658 3211 Pltinees
2682 3157 2821 3212 filius
2860 3157 3084 3213 Eleazar
3109 3157 3200 3212 lilii
3230 3159 3411 3214 Aaron
3445 3159 3705 3214 sacerdo-

447 3217 644 3287 aliquis
679 3221 728 3274 in
769 3221 871 3278 ltoc
911 3240 1144 3282 arcanus
1186 3239 1239 3283 et
1287 3236 1600 3290 reconditus
1653 3253 1876 3305 sensus,
1931 3246 2020 3312 qui
2053 3258 2094 3314 α
2133 3250 2197 3302 tis
2223 3250 2433 3305 sedavit
2464 3247 2801 3305 iracundiam
2843 3268 3041 3307 meam.
3080 3271 3098 3304 ι
3133 3251 3256 3307 llzcc
3311 3252 3706 3308 mdilicaverint

444 3307 564 3376 plus
590 3309 792 3379 aliquid
841 3314 1052 3380 doceat,
1107 3335 1265 3388 quam
1308 3328 1613 3387 communis
1672 3331 1786 3386 haec
1818 3333 2021 3390 habere
2126 3343 2360 3411 priorem
2395 3345 2687 3412 pepulum:
2723 3344 2816 3398 tibi
2846 3353 3027 3400 autem
3061 3343 3150 3412 qui
3181 3361 3209 3398 a
3232 3341 3454 3400 Christo
3488 3347 3704 3400 redem-

444 3397 663 3452 videtur
696 3404 988 3469 expositio.
1045 3407 1313 3466 Fortassis
1368 3415 1512 3468 enim
1569 3419 1760 3474 referri
1811 3433 1866 3476 et
1916 3425 2020 3478 hoc
2124 3397 2248 3498 ptus
2277 3450 2359 3496 es,
2391 3397 2552 3489 etcui
2581 3434 2743 3506 352
2781 3437 2847 3490 dc
2884 3439 3135 3490 manibus
3165 3437 3374 3508 gladius
3403 3436 3702 3506 corporalis

443 3499 622 3558 potest
668 3495 734 3546 ad
769 3493 890 3549 illos
922 3499 1192 3569 principes
1243 3505 1443 3574 populi,
1498 3509 1563 3563 de
1606 3512 1804 3580 quibus
1856 3517 2019 3582 paulo
2125 3493 2335 3580 ablatus
2382 3536 2487 3590 est,
2542 3493 2811 3582 εἴξεως
2839 3540 2919 3583 est
2967 3529 3180 3598 gladius
3211 3531 3459 3599 spiritus.
3515 3531 3702 3600 arripe

441 3584 691 3649 Superius
742 3586 998 3644 ἀίκῖιιιυςο
1074 3593 1300 3652 Venient
1353 3600 1496 3654 enim
1554 3605 1730 3672 angeli
1763 3607 1830 3660 ad
1866 3605 2017 3676 judi-
2123 3613 2265 3676 hunc
2296 3616 2534 3686 gladium
2569 3627 2663 3671 :et
2689 3618 2731 3672 si
2761 3618 2907 3672 vides
2937 3619 3297 3673 lsraeliticum
3327 3633 3544 3674 sensum
3574 3636 3700 3675 cum

440 3671 587 3725 eium
619 3674 730 3745 (98)
759 3678 1059 3748 nobiscum,
1090 3694 1143 3739 et
1175 3691 1395 3743 stabunt
1431 3706 1528 3760 pro
1557 3671 1713 3750 nobis
1768 3671 1896 3753 ante
1923 3713 2014 3753 so-
2122 3671 2484 3766 Madiaiiiticis
2508 3721 2837 3766 scortantem
2880 3713 3278 3776 meretricibus,
3333 3712 3384 3768 id
3446 3726 3527 3768 est
3573 3731 3694 3770 cum

440 3761 544 3815 "3‘"
571 3765 814 3830 Ιιιειίιίίῐέθ
850 3787 914 3824 ἰθ
952 3769 1089 3829 forte
1118 3777 1322 3847 and"id
1367 3783 1529 3836 εῑῖίιιη
1561 3800 1627 3839 εἰ
1659 3786 1792 3855 ἱρεῖε
1834 3804 2015 3844 (ἰθυδίὲ
2119 3801 2402 3857 ἀίςιὺοιίρίε
2433 3819 2492 3858 se
2516 3803 2942 3871 cogitationibus
2989 3805 3340 3873 volutantem,
3397 3808 3521 3861 nolo
3572 3823 3698 3876 par-

440 3856 598 3876 .-____..
759 3861 768 3876 .
1110 3868 1121 3876 .
1397 3875 1409 3876 ,

437 3856 891 3925 ίίιιει-ίιίιυυιιηοε
923 3864 1362 3938 ιιοιίίιυίιηιιε,ηε
1387 3875 1527 3930 forte
1558 3877 1735 3932 minus
1761 3895 1889 3951 erga
1919 3901 2017 3940 nos
2117 3907 2232 3956 cas,
2284 3894 2408 3948 nolo
2459 3893 2789 3958 dissimules,
2856 3895 2953 3950 sed
3001 3897 3183 3951 statim
3233 3907 3479 3966 percute,
3506 3900 3695 3952 statim

434 3951 615 4016 operis
643 3963 696 4006 et
726 3954 929 4013 laboris
981 3965 1363 4031 expenderint,
1411 3983 1519 4037 quo
1564 3985 1660 4024 nos
1693 3989 1722 4025 a
1753 3987 2009 4042 peccato-

2118 3986 2348 4054 perime.
2383 3985 2555 4056 Ipsam
2589 4001 2806 4056 quoque
2839 3988 3080 4053 vulvam,
3107 3988 3156 4043 id
3185 3999 3269 4044 est
3306 3999 3512 4045 secreta
3541 4003 3696 4045 natu-

436 4055 553 4093 rttm
588 4043 708 4100 labe
735 4052 1063 4106 revocarint.
1095 4053 1209 4115 Nisi
1248 4056 1390 4112 enim
1424 4070 1567 4115 esset
1603 4063 1768 4118 etiam
1801 4067 2008 4136 aliquid
2218 4043 2518 4130 discutiens
2549 4085 2606 4130 et
2640 4085 2953 4145 penetrans,
3006 4075 3158 4132 illum
3207 4080 3383 4148 ipsum
3431 4081 3692 4149 peccandi

432 4131 486 4185 in
520 4135 646 4202 ipsis
674 4142 816 4210 quod
844 4143 894 4196 in
939 4160 1100 4200 causa
1143 4151 1315 4204 nostri
1347 4153 1670 4221 culpandum
1713 4159 2010 4226 videretur,
2116 4166 2358 4220 fomitem
2399 4169 2613 4234 deseca,
2652 4183 2716 4222 ne
2744 4167 2879 4222 ultra
2908 4171 3203 4240 concipiat,
3240 4188 3306 4228 ne
3336 4171 3474 4227 ultra
3523 4189 3689 4243 gene-

434 4242 708 4297 nunquam
746 4233 951 4288 diceret
977 4250 1159 4291 sermo
1183 4239 1477 4309 Scriptura:
1502 4243 1547 4274 ³⁸
1571 4249 1636 4299 ad
1661 4249 1910 4315 angelum
1946 4252 2012 4305 il-
2115 4269 2218 4321 ret,
2247 4268 2299 4313 et
2326 4260 2610 4316 maledicta
2635 4269 2979 4330 peccatorum
3011 4265 3229 4320 soboles
3262 4265 3560 4319 Israelitica
3594 4281 3688 4319 ea-

430 4319 553 4385 lius,
587 4324 668 4379 vel
693 4326 833 4381 illius
864 4328 1142 4395 EOCICSIlB,
1181 4335 1306 4403 quia
1363 4335 1554 4403 habes,
1618 4341 1768 4394 verbi
1808 4345 2006 4411 gratia,
2111 4359 2223 4404 stra
2257 4351 2612 4406 contaminet.
2665 4352 2777 4407 Hoc
2803 4353 2949 4406 enim
2980 4355 3024 4407 si
3059 4355 3248 4418 facias,
3289 4355 3550 4409 continuo
3602 4371 3690 4410 sc-

424 4416 690 4477 qnosdam
724 4430 972 4477 tenentes
1003 4424 1310 4480 doctrinam
1358 4428 1597 4496 Balaam,
1644 4433 1728 4487 vel
1759 4435 1885 4502 quia
1916 4435 2009 4490 de-
2111 4440 2263 4494 dabis
2288 4440 2627 4496 iracundiam
2664 4443 2913 4499 Domini;
2961 4444 3270 4513 praevenisti
3303 4443 3447 4498 enim
3496 4444 3686 4511 jtnlicii

427 4506 691 4575 rt-liquisti
731 4513 1057 4567 cltaritatem
1116 4525 1260 4604 t|uam
1317 4519 1628 4589 pristinam,
1681 4525 1765 4578 vel
1799 4529 2005 4594 patien-
2109 4531 2275 4596 diem,
2310 4548 2430 4602 qua:
2461 4533 2576 4588 dies
2601 4534 2694 4589 ira:
2723 4536 2921 4590 dicitur
2945 4545 2998 4590 et
3026 4535 3244 4598 furoris,
3273 4543 3326 4586 el
3355 4534 3688 4587 οπιοηηῖηθ-

426 4600 554 4652 tiam
589 4609 756 4668 tuam,
800 4605 880 4658 vel
915 4605 1018 4658 alia
1079 4600 1407 4677 lmjusmodi,
1463 4629 1582 4683 quae
1606 4614 1719 4682 jam
1749 4621 1998 4686 superius
2037 4604 2081 4662 ο
2109 4633 2163 4679 ιο
2204 4642 2231 4678 a
2265 4600 2531 4682 lciomile
2556 4629 2786 4696 peccati,
2819 4628 2909 4696 qui
2935 4642 3079 4680 nunc
3121 4627 3276 4680 vulva
3311 4627 3686 4685 Madianitidis

424 4698 861 4763 memoravimus,
900 4714 997 4767 pro
1063 4705 1260 4770 quibus
1317 4708 1370 4760 in
1427 4709 1754 4784 Apocalypsi
1817 4719 1996 4786 angeli
2107 4716 2352 4772 mulieris
2383 4718 2702 4788 appellatur,
2735 4732 2960 4772 securus
2996 4717 3178 4772 venies
3205 4716 3487 4785 adjudtcii
3516 4718 3680 4778 diem.

422 4785 846 4858 uniuscujusque
879 4791 1131 4847 Ecclesia
1158 4798 1472 4866 culpantur.
1507 4801 1562 4856 Si
1614 4803 1757 4858 enim
1787 4785 1998 4862 tnerice-
2107 4809 2174 4863 Et
2204 4810 2325 4865 ideo
2377 4819 2665 4879 surgentes
2701 4823 2944 4875 orenms,
2977 4820 3034 4861 ut
3065 4809 3402 4863 inveniamus
3435 4820 3681 4879 paratum

419 4878 540 4932 dem
565 4893 747 4950 sperat
781 4884 1022 4954 angelus,
1057 4888 1203 4942 verbi
1239 4894 1434 4959 gratia,
1464 4897 1554 4964 qui
1591 4913 1674 4951 me
1707 4903 1995 4972 cnnsigna-
2105 4916 2320 4969 semper
2348 4901 2511 4955 istum
2542 4899 2777 4968 gladium
2819 4899 3063 4968 spiritus,
3121 4914 3216 4968 per
3243 4915 3402 4970 quem
3429 4901 3684 4955 extermi-

419 4981 533 5025 lmn
567 4976 780 5043 accepit
816 4994 844 5030 a
879 4977 1007 5042 Deo,
1039 4995 1138 5048 pro
1162 4981 1226 5037 iis
1255 4999 1374 5052 qua:
1401 4985 1539 5040 bene
1587 4990 1752 5059 gessi,
1783 5004 1992 5048 cet-tu...
2109 5002 2309 5044 nentur
2355 5002 2404 5044 el
2432 4991 2638 5044 semina
2691 4990 2828 5057 ipsa,
2891 4999 2944 5044 ct
3001 4993 3381 5061 conceptacula
3429 5005 3680 5062 peccato-

415 5077 498 5120 cst
530 5068 658 5137 quia
687 5079 742 5123 et
771 5070 979 5140 culpari
1007 5074 1247 5142 sperabit
1273 5094 1370 5146 pro
1400 5080 1503 5145 eis,
1555 5097 1675 5151 qua:
1709 5101 1736 5136 ει
1775 5100 1858 5138 me
1893 5103 1998 5141 ηοη
2109 5093 2251 5143 rum,
2289 5096 2352 5135 ac
2409 5081 2673 5150 propitius
2707 5082 2801 5134 fiat
2848 5082 3005 5136 nobis
3033 5082 3174 5137 Deus
3209 5100 3303 5152 per
3344 5099 3531 5139 verum
3562 5085 3682 5139 Phi-

415 5157 555 5214 bene
577 5169 726 5230 gesta
759 5174 910 5218 sunt.
943 5165 1004 5219 Et
1044 5166 1166 5220 ideo
1208 5173 1470 5226 ostentari
1523 5174 1782 5228 dicuntur
1812 5186 2000 5233 contra
2104 5190 2234 5228 necs
2288 5176 2463 5243 ipsum
2533 5176 2816 5230 Dominum
2867 5190 3110 5232 nostrum
3163 5177 3348 5232 .Iesum
3377 5179 3675 5245 Christum,

410 5253 606 5320 solem,
644 5259 833 5323 procul
888 5258 1050 5312 dubio
1106 5270 1163 5312 ut
1214 5273 1473 5331 appareat
1522 5274 1701 5319 utrum
1747 5284 1992 5337 promea
2095 5267 2178 5319 cui
2223 5277 2307 5320 est
2360 5267 2529 5336 gloria
2572 5275 2625 5322 et
2675 5270 2964 5340 imperium
3011 5271 3062 5324 itt
3091 5269 3286 5324 saecula
3332 5270 3672 5324 seculorum.

353 5382 360 5407 ι
410 5342 802 5411 inobedicntia,
864 5364 930 5402 att
991 5366 1086 5420 per
1133 5351 1276 5408 illius
1328 5356 1712 5426 negligentiam
1768 5370 1988 5426 peccata
2091 5362 2287 5414 Amen.

409 5439 698 5492 commissa
725 5439 854 5507 sint,
904 5459 1001 5511 per
1042 5461 1160 5512 qua:
1211 5445 1568 5517 Bcclpltegor,
1618 5451 1733 5503 sive
1763 5452 1985 5507 euilibet
2786 5485 2854 5494 --

483 5573 525 5604 ³⁸
557 5577 727 5642 Apoc.
755 5591 815 5634 ιι.
894 5578 937 5610 ³³
977 5578 1102 5634 Isai.
1143 5597 1227 5649 Ill,
1261 5581 1348 5639 M.
1426 5585 1472 5615 ’⁸⁸
1509 5584 1676 5642 IIebr.
1719 5604 1838 5655 xm,
1891 5589 1978 5656 l7,
2018 5589 2105 5645 18.

1225 5581 1348 5639 .14.
1426 5585 1472 5615 ’⁸⁸
1509 5584 1676 5642 IIebr.
1719 5604 1838 5655 xm,
1891 5589 1978 5656 l7,
2018 5589 2105 5645 18.
2184 5589 2226 5621 ⁸³
2275 5589 2436 5643 Nunt.
2473 5605 2600 5657 xxv,
2649 5591 2710 5645 l0
2779 5592 2857 5645 Il.

638 5726 849 5821 γθίζίίῖηί
897 5735 1034 5812 (inim
1089 5738 1260 5821 "ngf-fl}.
1290 5742 1360 5792 ad
1395 5741 1679 5821 judicium,
1705 5756 1811 5801 etc.
1855 5746 1986 5821 Vide
2165 5748 2279 5816 (99)
2307 5747 2597 5818 Utrumque
2627 5767 2717 5816 per
2739 5750 2848 5815 ipso
2874 5751 3117 5821 pudenda
3143 5749 3504 5821 tt'ansfotleril.
3537 5745 3671 5804 Vide

414 5793 658 5918 Ιιιμξῧυιιι
706 5793 1281 5869 Ονὶσεηὶωιοιίιυινιίι).
1317 5798 1598 5882 ιιβιμιιυδῑ.
1644 5793 1698 5879 Si,
1741 5833 1888 5870 num.
1921 5818 1986 5872 l9

414 5876 461 5917 et
489 5881 521 5916 :.
564 5903 578 5918 .

2193 5793 2250 5801 νυ
2309 5793 2510 5801 sum...
2537 5793 2594 5802 ..ν
2739 5793 2750 5802 ,
2777 5793 2847 5802 ,νη
3143 5793 3504 5816 ......-,-.--..-.
3550 5793 3664 5804 η.--

2094 5793 2469 5885 supra/notam
2501 5793 2565 5874 aid
2605 5793 2835 5875 liomil'ta:
2869 5793 3056 5890 pruna:
3105 5821 3158 5873 in
3206 5819 3447 5875 Gcrtcsim
3479 5834 3664 5873 nume-

2092 5906 2210 5941 rum
2249 5889 2327 5941 l7.

409 5880 461 5917 et
489 5880 578 5918 ῖιυ.
1429 5880 1438 5882 ἡ
2092 5880 2210 5943 rum
2249 5889 2327 5942 I7.
