4134 6438
434 400 535 457 737

991 512 1264 567 IIOMILIA
1313 510 1457 568 XXI.

580 608 657 662 De
681 623 742 662 co
767 607 908 676 quod
935 608 1165 659 secundo
1190 605 1415 674 populus
1443 613 1748 657 numeratus
1773 615 1868 657 est.

507 702 559 756 I.
595 698 819 756 Numeri
868 708 995 753 sunt
1020 712 1156 766 quos
1194 697 1424 765 legimus
1475 695 1650 767 (I):et
1675 696 1864 766 priore
1893 697 2017 766 qui-

436 797 558 852 dem
604 793 834 849 leetione
884 801 1130 860 tempore
1180 789 1388 843 exclusi
1453 803 1660 848 sumus,
1714 804 1781 843 ne
1808 789 2016 858 aliquid

436 890 597 946 etiam
644 887 712 942 de
752 885 993 941 secunda
1043 880 1482 936 dinumeratione
1529 880 1861 946 diceremus,
1922 885 2016 936 sed

437 979 770 1036 conveniens
815 985 899 1032 est
937 974 1135 1030 omissa
1174 974 1256 1029 vel
1300 975 1520 1031 exclusa
1571 991 1717 1030 nunc
1759 975 2012 1031 reddere.

437 1072 603 1142 Igitur
632 1085 729 1138 per
756 1075 1084 1136 praeceptum
1120 1063 1333 1119 Domini
1359 1066 1539 1134 primo
1585 1077 1904 1120 numeratus
1933 1077 2016 1122 est

437 1162 686 1233 populus,
721 1161 813 1215 sed
842 1158 1096 1227 quoniam
1126 1156 1224 1222 illi,
1260 1158 1351 1225 qui
1380 1158 1556 1225 primo
1584 1158 1802 1213 fuerant
1831 1162 2012 1226 asciti,

437 1257 748 1312 ceciderunt
784 1264 1004 1323 propter
1030 1254 1496 1323 perseverantiam
1527 1251 1870 1314 delictorum,
1920 1269 2007 1308 sc-

437 1349 647 1403 euudus
678 1363 820 1402 nunc
848 1347 1098 1417 populus,
1125 1347 1220 1416 qui
1271 1347 1323 1400 in
1357 1346 1630 1414 lapsorum
1663 1346 1838 1402 Iocmn
1872 1346 2015 1400 redi-

434 1441 554 1494 viva
585 1439 941 1510 generatione
978 1438 1266 1503 successit,
1316 1447 1542 1492 vocatur
1572 1438 1638 1492 ad
1699 1452 2014 1501 numerum,

435 1545 488 1590 ct
523 1534 666 1603 quod
697 1533 762 1587 de
793 1531 896 1584 illis
934 1531 1210 1600 prioribus
1235 1531 1441 1584 dictum
1473 1545 1580 1584 non
1608 1529 1807 1595 fuerat,
1838 1530 1904 1584 de
1947 1533 2014 1585 iis

434 1627 652 1682 dicitur.
686 1624 876 1680 Postea
903 1625 1044 1678 enim
1071 1639 1233 1693 quam
1267 1638 1363 1692 per
1400 1623 1575 1676 tribus
1606 1631 1661 1676 et
1691 1623 1892 1691 plebes,
1919 1624 2015 1677 do-

437 1734 682 1790 mosque,
721 1733 786 1772 ac
833 1715 1070 1771 familias
1121 1715 1379 1770 collectus
1421 1725 1506 1770 est
1567 1730 1849 1779 umnerus,
1883 1716 2017 1770 dicit

435 1811 696 1866 Dominus
725 1809 792 1864 ad
819 1808 1038 1878 Moysen
1080 1806 1151 1838 “‘
1180 1825 1193 1861 :
1231 1825 1250 1858 ‹
1286 1805 1355 1860 lis
1386 1806 1740 1860 distribuetur
1784 1816 1925 1860 terra
1961 1809 2012 1860 in

431 1911 658 1964 sortem,
694 1915 760 1955 ex
799 1912 1026 1952 numero
1074 1895 1374 1951 nominum.
1417 1894 1668 1951 Pluribus
1708 1897 1866 1966 plura
1921 1898 2014 1951 da-

433 1991 631 2045 buntur
659 1990 714 2045 in
745 1998 970 2054 sortem,
1005 1996 1063 2043 et
1090 1987 1304 2056 exiguis
1344 1985 1600 2058 exiguam
1651 1989 1809 2044 dabis
1837 1991 2013 2044 luere-

432 2085 685 2139 ditatem.
724 2103 743 2136 ι
778 2081 834 2137 Si
867 2085 934 2137 de
972 2080 1246 2152 prioribus
1272 2080 1480 2134 dictum
1513 2079 1730 2145 fuisset,
1788 2081 1914 2150 quia
1946 2082 2012 2135 iis

431 2177 785 2231 distribuatur
817 2185 958 2230 terra
997 2174 1051 2229 in
1088 2172 1539 2237 sortem,fa|sum
1575 2173 1763 2242 utique
1794 2173 2008 2242 fuisset,

429 2271 555 2339 quia
582 2269 902 2323 ceciderunt
931 2267 1003 2321 illi
1047 2267 1102 2320 in
1137 2267 1359 2321 deserto
1392 2275 1620 2334 propter
1650 2265 1846 2322 delicta
1885 2282 2008 2322 sua.

428 2362 583 2430 Quod
611 2376 743 2431 ergo
778 2360 970 2430 primis
1011 2369 1227 2414 nonest
1275 2361 1504 2424 dictum,
1555 2359 1849 2428 postremis
1877 2361 2014 2415 dici-

431 2461 539 2516 tur,
583 2451 782 2521 quibus
813 2459 866 2504 et
900 2459 1093 2504 cuncta
1155 2466 1276 2520 qua:
1324 2450 1736 2518 promittuntur,
1791 2449 2012 2519 impleta

427 2553 577 2600 sunt.
611 2543 738 2599 Haec
782 2555 963 2597 autem
994 2542 1120 2597 nolo
1171 2552 1330 2611 putes
1370 2542 1542 2598 solius
1591 2542 1834 2598 historia:
1865 2553 2010 2598 textu

428 2637 699 2693 concludi.
759 2636 1008 2708 Mysteria
1069 2644 1196 2688 sunt
1223 2652 1342 2705 qua:
1393 2651 1490 2705 per
1542 2635 1678 2704 legis
1714 2635 2009 2706 imaginem

429 2734 872 2788 conscribuntur.
898 2731 1240 2801 Reprohatur
1269 2730 1416 2784 enim
1456 2729 1606 2796 prior
1635 2729 1890 2798 populus,
1915 2729 2009 2799 qui

427 2827 591 2882 estin
645 2827 1066 2882 circumcisione
1121 2839 1132 2870 :
1192 2832 1246 2877 et
1295 2822 1662 2876 introducitur
1709 2823 2007 2890 secundus,

427 2918 517 2988 qui
553 2927 911 2988 congregatur
943 2931 1007 2971 ex
1035 2917 1308 2985 gentibus.
1369 2923 1423 2968 et
1457 2915 1571 2982 ipse
1595 2923 1680 2969 est
1713 2916 1804 2984 qui
1833 2915 2008 2970 haere-

428 3009 653 3064 ditatem
678 3009 1033 3078 consequitur
1061 3018 1367 3076 paternam.
1416 3007 1476 3058 Et
1510 3023 1538 3059 a
1577 3020 1687 3074 quo
1716 3008 2007 3076 consequi-

430 3102 557 3157 tur?
605 3100 722 3156 Non
768 3101 838 3155 ab
883 3101 1085 3170 Moyse,
1152 3099 1245 3153 sed
1296 3098 1364 3152 ab
1411 3097 1560 3152 .It-esu.
1615 3097 1748 3151 Nam
1796 3099 2008 3169 Moyses

1599 391 1664 444 IN
1697 385 2034 447 NUMEKOS
2073 387 2358 444 IIOMILIA
2420 391 2563 444 XXI.

2045 515 2092 568 Α
2120 509 2199 563 eis
2226 518 2282 562 et
2311 509 2602 564 lnereditas
2636 523 2756 564 esse
2790 520 3143 568 memoratur.
3175 513 3283 570 Per
3323 515 3423 571 hos
3452 517 3527 574 illi
3567 521 3702 576 mihi

3601 401 3702 455 738

2115 601 2372 656 videntur
2401 599 2653 664 indicari,
2683 601 2777 670 qui
2799 602 2960 658 nullis
2989 620 3270 675 corporea)
3293 617 3504 667 natura:
3518 613 3703 670 obsta-

2089 692 2256 762 _culis
2284 691 2544 758 hebetati,
2581 694 2678 748 sed
2719 693 2960 748 omnium
2999 697 3293 754 visibilium
3333 701 3565 772 gloriam
3613 722 3704 762 su-

2118 783 2414 855 pergressi,
2454 785 2508 839 in
2551 785 2663 840 sola
2695 786 2798 841 sibi
2853 788 3119 856 sapientia
3161 792 3252 847 Dei
3284 803 3339 848 et
3373 795 3542 851 verbo
3583 799 3704 867 ejus

2118 876 2331 930 vivendi
2367 890 2522 930 usum
2559 878 2990 950 exercitiumque
3019 891 3337 950 posuerunt,
3374 885 3469 952 qui
3506 901 3705 956 corpo-

2121 983 2271 1023 reum
2299 968 2432 1022 nihil
2467 970 2776 1036 requirunt,
2812 973 2946 1027 nihil
2999 973 3228 1029 rationis
3267 974 3527 1033 ahenum.
3559 977 3706 1033 Conn

2118 1059 2408 1127 cupierunt
2439 1059 2584 1112 extim
2621 1061 2973 1129 sapientiam,
3029 1065 3427 1133 concupierunt
3462 1079 3704 1122 secreto-

2121 1165 2239 1206 rum
2275 1149 2366 1204 Dei
2401 1151 2737 1220 agnitionem
2774 1171 2788 1208 :
2822 1164 2878 1210 et
2909 1156 3000 1211 ubi
3033 1167 3116 1212 est
3147 1173 3243 1214 cor
3268 1173 3482 1223 eorum,
3516 1160 3588 1213 ibi
3617 1172 3701 1215 est

2119 1251 2174 1296 et
2204 1243 2491 1298 thesaurus
2535 1258 2724 1297 eorum
2760 1245 2826 1298 ⁸³.
2858 1245 2951 1301 Isti
3001 1263 3134 1316 ergo
3161 1247 3538 1306 hrercditatem
3593 1272 3698 1309 non

2120 1335 2320 1388 habent
2351 1335 2402 1388 in
2443 1336 2625 1401 terris,
2669 1338 2762 1392 sed
2815 1343 3310 1409 supergrediuutur
3336 1358 3552 1401 summa
3581 1353 3702 1404 coeli

2119 1425 2355 1495 fastigia,
2391 1437 2444 1481 et
2482 1427 2553 1484 ibi
2586 1443 2805 1497 semper
2841 1429 2893 1482 in
2923 1431 3172 1501 Domino,
3206 1450 3424 1506 semper
3453 1438 3506 1491 in
3539 1443 3706 1498 verbo

2117 1518 2257 1588 ejus,
2288 1535 2504 1588 semper
2533 1520 2584 1574 in
2630 1522 2897 1590 sapientia
2941 1533 2995 1577 et
3043 1527 3094 1579 in
3142 1527 3418 1598 voluptate
3462 1532 3706 1588 scientiae

2118 1611 2236 1679 ejus
2267 1612 2689 1670 deliciahuntur.
2727 1613 2826 1669 llic
2854 1615 2933 1671 eis
2957 1617 3132 1681 cibus,
3158 1620 3259 1676 hoc
3285 1624 3386 1676 erit
3423 1626 3704 1692 poculum,

2121 1705 2237 1758 ista:
2276 1703 2499 1769 divitiae,
2531 1704 2636 1759 hoc
2669 1705 2775 1759 erit
2806 1720 3057 1775 regnum.
3090 1707 3250 1765 Tales
3283 1727 3416 1782 ergo
3443 1725 3628 1782 erunt,
3647 1727 3706 1771 et

2121 1797 2172 1850 in
2211 1797 2276 1850 iis
2329 1806 2488 1851 erunt
2541 1796 2644 1863 illi,
2687 1797 2887 1865 quibus
2931 1799 3224 1856 Inereditas
3283 1805 3398 1872 ipse
3444 1807 3706 1863 Dominus

2118 1892 2242 1946 erit.
2286 1890 2390 1957 Qui
2421 1900 2601 1944 autem
2635 1890 2929 1949 inferiores
2961 1903 3110 1958 sunt,
3149 1911 3252 1951 nec
3286 1896 3338 1950 in
3377 1898 3541 1954 istum
3579 1917 3707 1971 pro-

2118 1982 2360 2038 fectuum
2387 1985 2650 2038 verticem
2683 1997 3076 2052 pervenerunt,
3132 1989 3507 2045 hatreditatem
3543 2002 3706 2048 terrae

2116 2074 2407 2142 accipient,
2439 2073 2566 2128 licet
2596 2074 2931 2129 sublimioris
2983 2075 3212 2146 alicujus
3243 2089 3299 2134 et
3351 2082 3701 2149 potentioris.

2117 2165 2290 2222 Terra
2342 2167 2490 2220 enim
2543 2167 2841 2220 viventium
2886 2168 3309 2236 repromittitur,
3368 2175 3705 2244 quantique

2119 2258 2324 2313 idcirco
2359 2268 2503 2312 terra
2533 2259 2827 2313 viventium
2874 2260 3098 2326 dicitur,
3139 2264 3283 2330 quod
3318 2266 3521 2320 nesciat
3556 2285 3708 2322 mor-

2119 2359 2247 2405 tem.
2301 2349 2366 2404 Et
2394 2349 2480 2404 isti
2532 2350 2750 2418 quidem
2789 2352 2990 2420 magni,
3025 2362 3082 2406 et
3115 2354 3199 2407 isti
3230 2355 3406 2421 beati;
3439 2360 3535 2414 sed
3572 2361 3702 2415 bea-

2118 2441 2286 2496 tiores
2319 2440 2394 2495 illi
2423 2441 2512 2507 qui
2535 2439 2648 2508 jam
2683 2456 2788 2495 non
2823 2456 2921 2511 per
2947 2443 3235 2511 speculum
3269 2456 3323 2500 et
3355 2446 3408 2499 in
3441 2449 3706 2518 :rnigma-

2118 2543 2188 2599 te,
2225 2548 2402 2603 neque
2431 2535 2482 2588 in
2530 2534 2857 2588 substantiis
2882 2535 3280 2604 corporalibus,
3340 2541 3434 2593 sed
3465 2541 3600 2596 facie
3631 2547 3698 2596 ad

2115 2623 2314 2680 faciem
2350 2624 2514 2679 Deum
2545 2624 2828 2689 videbunt,
2863 2626 3144 2694 sapientia:
3184 2629 3581 2689 illuminatione
3611 2652 3702 2688 ra-

2115 2717 2270 2780 diati,
2313 2725 2368 2770 et
2399 2731 2569 2784 ,verae
2617 2716 2928 2773 divinitatis
2971 2735 3204 2790 capaces
3271 2738 3368 2793 per
3410 2727 3702 2794 puritatem

2114 2809 2300 2866 cordis
2332 2809 2509 2865 effecti
2544 2824 2560 2863 :
2589 2810 3008 2882 portionemque
3042 2829 3197 2869 suam
3230 2832 3336 2870 non
3401 2819 3453 2872 in
3483 2832 3702 2875 creatu-

2115 2919 2196 2970 ra,
2224 2902 2321 2958 sed
2351 2903 2402 2956 iu
2433 2910 2682 2956 creatore
2716 2902 3000 2968 habentes,
3037 2906 3130 2974 qui
3179 2917 3263 2962 est
3319 2924 3487 2977 super
3515 2913 3702 2968 omnia

2113 2994 2254 3051 Deus
2287 2993 2363 3065 (4)
2401 2993 2722 3048 benedictus
2748 2993 2798 3046 in
2841 2996 3064 3054 saecula.

2181 3121 2342 3192 353
2374 3121 2428 3174 9..
2455 3121 2542 3172 Ait
2569 3134 2698 3188 ergo
2726 3119 2774 3152 “
2807 3139 2819 3174 :
2855 3139 2872 3172 ι
2913 3121 2986 3174 Ex
3022 3137 3246 3176 numero
3277 3125 3551 3179 nominum
3584 3131 3703 3197 plu-

427 3199 594 3252 ctiam
624 3197 668 3250 si
703 3196 795 3248 dat
831 3193 1103 3289 aliquibus
1147 3192 1543 3289 hereditatem,
1597 3207 1703 3244 non
1733 3195 1824 3244 dat
1864 3194 2003 3246 intra
2036 3214 2081 3273 α
2115 3213 2264 3267 ribus
2316 3211 2465 3280 plum
2493 3211 2767 3264 dabuntur
2798 3211 2850 3265 in
2877 3219 3102 3276 sortem,
3130 3221 3183 3267 et
3209 3216 3420 3284 exiguis
3450 3192 3701 3289 exiguam

427 3287 746 3350 Iordanem,
774 3301 872 3340 nec
908 3284 1101 3338 transit
1127 3284 1354 3338 omnino
1378 3281 1697 3346 Iordanem,
1729 3285 1821 3337 sed
1852 3295 2006 3338 extra

425 3363 718 3436 Iordanem
748 3379 838 3432 dat
873 3388 1096 3441 terram,
1129 3391 1234 3430 non
1264 3374 1520 3429 ﬂuentem
1552 3375 1695 3431 lacte
1742 3387 1796 3431 et
1828 3377 2005 3443 melle,

427 3475 521 3528 sed
556 3473 842 3543 pecoribus
884 3480 1086 3541 aptam,
1137 3479 1192 3523 et
1222 3479 1366 3524 mnta
1404 3470 1684 3534 animalia,
1739 3480 1903 3540 atque
1935 3472 2011 3525 ir-

428 3565 724 3620 rationales
753 3565 991 3635 pecudes
1037 3562 1230 3616 melius
1285 3579 1449 3630 quam
1503 3563 1799 3618 rationales
1832 3564 2008 3617 homi-

428 3676 524 3714 nes
551 3659 904 3713 nutrientem.
957 3656 1114 3712 Jesus
1168 3672 1299 3711 vero
1337 3672 1490 3710 uictis
1539 3657 1778 3711 secundo
1811 3658 2008 3726 populo

429 3762 630 3806 terram
663 3766 826 3820 quam
873 3752 988 3811 dat,
1023 3760 1164 3802 terra
1211 3757 1297 3802 est
1329 3748 1469 3802 lacte
1515 3757 1571 3802 et
1621 3751 1776 3804 melle
1811 3752 2004 3814 fluens,

427 3846 534 3897 imo
586 3842 741 3897 favus
794 3842 967 3895 mellis
1018 3851 1102 3894 est
1153 3856 1264 3908 prae
1294 3842 1441 3894 omni
1481 3848 1647 3896 terra.
1699 3843 1764 3896 Et
1796 3841 2008 3912 Moyses

426 3937 796 3990 haereditate":
835 3951 941 3988 non
975 3935 1063 3986 dat
1091 3937 1142 3987 in
1173 3934 1344 3997 clero,
1379 3948 1481 3987 nec
1516 3945 1665 3988 sorte
1705 3936 2003 4003 distribuit,

427 4042 527 4082 nec
563 4035 739 4095 potest
763 4042 858 4095 per
893 4025 1074 4094 plebes
1105 4024 1203 4095 (2),
1241 4034 1298 4077 et
1329 4025 1539 4084 domos.
1577 4043 1640 4080 ac
1669 4028 1926 4092 familias,
1955 4037 2010 4081 et

427 4119 666 4179 nomina.
695 4127 749 4172 et
777 4117 967 4172 merita
997 4116 1331 4184 singulorum
1360 4117 1540 4170 divina
1565 4129 1711 4172 sorte
1738 4133 2002 4186 pensare:

425 4216 531 4271 hoc
559 4214 708 4269 solus
738 4213 866 4267 facit
895 4212 1076 4276 Jcsus,
1103 4212 1187 4266 cui
1229 4227 1392 4266 omne
1416 4211 1681 4279 judicium
1707 4211 1870 4266 Pater
1892 4224 2004 4265 tra-

424 4310 561 4364 didit
586 4308 631 4340 “
662 4326 676 4362 :
706 4308 820 4377 ipse
850 4307 953 4360 scit
977 4307 1252 4373 quomodo
1281 4305 1540 4374 populum
1588 4321 1743 4358 Stltltll
1776 4321 1883 4358 non
1917 4321 2008 4358 so-

425 4401 534 4456 lum
558 4417 654 4471 per
684 4402 882 4467 tribus,
907 4409 963 4453 et
992 4397 1249 4462 familias,
1280 4409 1335 4451 et
1361 4399 1575 4460 domos,
1613 4413 1799 4450 verum
1831 4407 1884 4451 et
1909 4413 2007 4467 per

427 4495 641 4550 nomina
683 4505 1128 4562 unumquemque
1178 4491 1338 4558 digna
1375 4498 1429 4544 et
1472 4491 1801 4560 competenti
1861 4507 2009 4545 man-

425 4591 580 4644 sione
603 4589 899 4657 dispenset.
927 4584 1068 4639 Sunt
1098 4594 1278 4639 tamen
1316 4583 1481 4653 aliqui
1515 4583 1566 4636 in
1608 4583 1725 4637 istis
1747 4583 1839 4653 qui
1871 4598 2004 4638 con-

425 4680 629 4736 ditione
659 4679 828 4734 sortis
860 4678 1285 4746 superemineat,
1319 4685 1372 4731 et
1397 4676 1623 4730 omnino
1660 4690 1759 4730 nec
1789 4676 2002 4730 addun-

426 4783 516 4828 tur
535 4777 601 4828 ad
630 4783 834 4829 sortem
864 4773 963 4841 (5).
995 4771 1198 4825 Omnes
1227 4770 1450 4830 Levita).
1489 4769 1539 4823 id
1573 4779 1658 4823 est
1689 4783 1878 4824 omnes
1911 4768 2001 4837 qui

426 4869 635 4924 intente
692 4875 746 4921 et
809 4865 1178 4919 indesinenter
1222 4872 1547 4934 permanent
1592 4863 1644 4915 in
1697 4863 2005 4916 ministerio

425 4962 542 5028 Dei,
579 4971 636 5016 et
673 4958 964 5032 pervigiles
1006 4959 1056 5010 in
1083 4957 1306 5011 servitio
1333 4955 1450 5023 ejus
1477 4956 1744 5010 excubias
1781 4964 1997 5024 gerunt,

423 5065 625 5111 sortem
653 5056 791 5109 inter
822 5061 1044 5107 creteros
1079 5068 1186 5105 non
1219 5051 1497 5119 accipiunt
1531 5069 1544 5102 :
1575 5050 1669 5102 sed
1703 5063 1801 5102 nec
1822 5049 2002 5102 omni-

425 5162 498 5204 no
531 5147 584 5203 in
619 5158 759 5202 terra
793 5157 876 5201 est
907 5162 1027 5200 sors
1056 5161 1269 5209 eorum,
1303 5146 1395 5199 sed
1431 5145 1546 5214 ipse
1586 5143 1848 5198 Dominus
1877 5158 1998 5198 sors

496 5336 567 5374 δι’
591 5338 749 5395 Num.
801 5334 1076 5398 xxvt,'55,
1123 5335 1213 5390 54.

423 5410 473 5445 ⁸⁸
511 5411 638 5466 Luc.
695 5428 813 5477 xm,
860 5411 950 5466 25.
1027 5409 1071 5441 “
1103 5408 1295 5462 Matth.
1357 5406 1617 5470 mni“).

1290 5336 1337 5366 δ’
1365 5335 1519 5391 Joan.
1547 5351 1602 5396 ν,
1623 5334 1713 5387 2‘2.

500 5588 576 5663 (I)
613 5590 704 5645 Sic
727 5589 906 5663 Codex
933 5587 1116 5640 Sancti
1149 5584 1471 5663 Theudorici
1509 5584 1806 5663 Bernensis.
1838 5581 1993 5663 bibl).

424 5653 573 5726 editi,
611 5680 628 5712 σ
667 5661 875 5713 nutneri
921 5665 1045 5711 sunt
1075 5667 1128 5712 et
1161 5659 1212 5709 in
1244 5657 1309 5710 iis
1346 5672 1482 5723 quos
1515 5655 1761 5723 legimus.
1794 5675 1812 5703 ι
1852 5653 1991 5706 Infra

429 5733 565 5784 idem
599 5747 722 5795 ms.,
764 5747 783 5780 ε
820 5731 1054 5783 secundo
1079 5743 1219 5782 mmc
1251 5727 1476 5795 populus
1507 5728 1620 5793 qui,
1659 5745 1678 5776 ι
1705 5738 1809 5778 etc.

495 5802 572 5870 (οξ)
607 5802 746 5855 Idem
782 5815 904 5865 ms.,
943 5817 962 5850 ι
995 5808 1048 5852 ct
1107 5797 1316 5867 Moyses
1360 5797 1576 5870 quidem
1623 5795 1988 5850 haereditatem

432 5868 562 5924 non
590 5874 641 5925 in
680 5871 849 5934 clero,
906 5885 1080 5939 neque
1127 5878 1274 5923 sorte
1327 5868 1625 5931 distribuit,
1677 5881 1774 5920 nec
1809 5876 1988 5933 potest

1792 5334 1837 5364 "
1869 5333 2138 5400 II'IJIlIlJ'l,
2170 5334 2264 5389 2|.

1693 5405 1739 5436 ⁸⁸
1766 5404 1903 5460 Gen.
1957 5421 2031 5458 γι.

2115 3304 2270 3358 dabis
2301 3303 2695 3362 htereditatem,
2746 3303 3040 3373 unicuique
3076 3305 3218 3360 sicut
3261 3310 3561 3365 recensitus
3593 3327 3699 3377 est,

2114 3395 2338 3450 dabitur
2391 3394 2678 3447 haereditas
2732 3393 2867 3460 ejus.
2909 3413 2928 3446 ι
2964 3395 3201 3452 Ilistoria
3259 3399 3363 3454 hoc
3428 3415 3510 3457 est
3558 3408 3701 3474 quod

2111 3489 2292 3554 docet,
2325 3495 2385 3540 ut
2414 3486 2458 3540 si
2489 3501 2593 3554 qua
2654 3485 2827 3539 tribus
2878 3491 3221 3544 numerosior
3257 3492 3488 3548 habetur
3523 3497 3573 3549 in
3605 3512 3701 3566 po-

2113 3581 2274 3652 pulis,
2311 3577 2516 3646 majora
2549 3589 2709 3632 terra:
2743 3580 2914 3647 spatia
2947 3583 3248 3638 sortiatur:
3284 3587 3328 3639 si
3373 3602 3475 3654 qua
3521 3598 3700 3642 autem

2113 3674 2324 3727 minore
2374 3671 2652 3725 hominum
2707 3687 2935 3726 innuero
2973 3686 3248 3740 censetur,
3279 3679 3525 3734 breviore
3575 3698 3702 3750 pos-

2111 3766 2358 3821 sessione
2411 3774 2667 3818 coutenta
2718 3765 2811 3820 sit.
2866 3765 2973 3820 Sed
3025 3769 3282 3836 quoniam
3320 3779 3477 3825 terra:
3542 3773 3702 3840 hujus

2111 3859 2428 3913 divisionem
2469 3857 2955 3925 ha'reditatnmque
3005 3869 3299 3926 terrenam,
3329 3867 3563 3932 speciem
3621 3867 3704 3919 di—

2111 3953 2285 4006 cimus
2307 3961 2492 4006 tenere
2523 3950 2602 4020 (5)
2636 3959 2690 4004 et
2718 3949 3005 4020 imaginem
3046 3951 3354 4008 futurorum
3407 3957 3696 4023 honormu,

2111 4058 2174 4096 ac
2208 4043 2435 4096 formam
2471 4041 2716 4096 caelestis
2752 4043 2919 4106 illius,
2949 4059 3070 4111 quae
3110 4060 3139 4097 a
3193 4045 3440 4099 fidelibus
3469 4058 3524 4102 et
3574 4065 3703 4103 san-

2110 4137 2216 4191 etis
2251 4145 2525 4203 speratur,
2558 4134 2892 4188 hacreditatis
2923 4136 3249 4191 ostendere:
3279 4139 3499 4207 requiro
3525 4141 3574 4194 in
3610 4141 3698 4196 illa

2112 4227 2432 4283 hzereditate
2463 4243 2583 4293 quae
2617 4227 2884 4295 Spei-arida
2909 4237 3010 4292 est,
3041 4229 3129 4296 qui
3157 4229 3266 4282 sint
3293 4231 3495 4300 plures,
3527 4241 3580 4287 et
3605 4237 3698 4302 qui

2036 4382 2044 4388 _
2107 4320 2218 4374 sint
2250 4317 2431 4388 pauci,
2466 4327 2521 4371 et
2565 4318 2781 4371 invenio
2817 4318 2888 4372 ibi
2941 4318 3215 4376 beatiores
3260 4338 3464 4390 paucos
3505 4326 3696 4381 haberi

2107 4427 2268 4482 quam
2308 4411 2510 4482 plures.
2537 4410 2667 4463 Nam
2694 4410 2784 4478 qui
2818 4426 2912 4479 per
2933 4413 3076 4466 viam
3108 4413 3270 4467 latam
3297 4425 3350 4469 et
3374 4417 3696 4486 spatiosum,

2107 4520 2230 4574 qua:
2269 4504 2416 4558 ducit
2467 4502 2534 4557 ad
2581 4504 2963 4572 perditionem,
2997 4506 3206 4576 egerint
3242 4509 3364 4574 iter,
3412 4511 3564 4564 multi
3607 4512 3696 4566 di-

2111 4609 2310 4652 cuntur
2339 4595 2406 4652 “.
2433 4597 2534 4664 Qui
2579 4611 2709 4653 vero
2757 4614 2855 4668 per
2898 4607 3104 4653 arctam
3147 4609 3201 4653 et
3232 4611 3512 4668 angustam
3550 4604 3692 4658 viam

2113 4690 2473 4758 perruxerint,
2497 4705 2618 4760 quae
2645 4691 2796 4745 ducit
2830 4690 2894 4744 ad
2922 4692 3106 4756 vitam,
3135 4693 3290 4760 pauci
3329 4695 3692 4763 appellantur.

2112 4776 2175 4830 Et
2206 4779 2401 4832 iterum
2444 4779 2496 4832 in
2539 4779 2664 4834 aliis
2703 4779 2902 4835 dicitur
2929 4780 3017 4834 “z
3058 4798 3078 4832 σ
3125 4782 3294 4848 Quam
3340 4786 3496 4854 pauci
3545 4801 3695 4855 sunt,

2112 4871 2202 4940 qui
2236 4869 2535 4926 salvantur.
2570 4891 2589 4924 ι
2624 4872 2688 4926 Et
2720 4874 2913 4928 iterum
2951 4872 3005 4927 in
3044 4874 3169 4929 aliis
3195 4875 3279 4930 ἰτς
3313 4895 3330 4928 ι
3369 4877 3469 4934 Ubi
3507 4882 3696 4936 multi-

2109 4961 2343 5030 plicatur
2382 4963 2662 5034 iniquitas,
2694 4965 3010 5036 refrigescet
3044 4968 3286 5023 eharitas
3320 4971 3638 5039 multorum,
3672 4995 3692 5026 ι

2111 5070 2215 5109 non
2247 5069 2566 5125 paucorum.
2595 5055 2700 5111 Sed
2733 5069 2788 5111 et
2817 5059 2868 5111 in
2903 5073 3050 5124 arca,
3084 5076 3205 5129 qua:
3244 5077 3270 5113 a
3298 5061 3412 5118 Noe
3446 5075 3698 5121 constru-

2110 5155 2196 5199 cta
2232 5145 2406 5213 est“,
2438 5148 2530 5202 ubi
2568 5163 2835 5202 mensura:
2866 5149 3085 5206 coalitus
3115 5155 3332 5220 dantur,
3367 5155 3420 5210 in
3468 5157 3692 5211 inferio-

2341 5333 2390 5368 “
2427 5333 2583 5391 Num.
2623 5352 2770 5402 xxvi,
2799 5339 2887 5402 55,
2915 5340 3010 5392 δι.
3084 5340 3130 5371 ι’
3157 5339 3347 5392 Matth.
3378 5353 3472 5403 vlt,
3502 5336 3686 5402 15,“.

2107 5580 2312 5651 plebes,
2353 5601 2372 5633 ι
2411 5595 2517 5638 etc.

2174 5655 2251 5722 (5)
2287 5655 2430 5706 Idem
2463 5671 2587 5715 ms.,
2627 5673 2644 5705 ι
2681 5652 3047 5722 ducuntur‘ad
3078 5659 3306 5704 sortem.
3337 5669 3358 5701 ρ

2175 5721 2252 5793 (ι)
2285 5725 2491 5779 Nomen
2532 5743 2550 5774 ι
2595 5727 2730 5778 Deus
2761 5744 2777 5775 ι
2813 5723 3091 5793 suppletur
3115 5738 3152 5793 ie
3189 5735 3322 5772 mss.

2277 5795 2454 5849 (iudex
2512 5794 2699 5849 Sancti
2739 5792 3060 5848 Theudorici
3109 5790 3415 5858 llemensis,
3441 5797 3678 5852 «didici-

2100 5882 2216 5919 1111Ιὸ
2249 5879 2451 5920 tenere.
2485 5883 2504 5914 ι
