4134 6450
417 387 523 443 739

1868 382 2192 438 ORiGENIS

3592 386 3697 443 740

413 508 567 560 ribus
602 511 967 560 trecentorum
996 500 1305 555 cubitorum
1350 502 1570 569 ponitur
1603 501 1907 569 longitudo,
1942 510 1996 555 et
2026 509 2071 563 Α
2101 503 2283 557 educit
2314 518 2435 557 eum
2469 504 2647 569 foras,
2685 518 2807 557 cum
2848 518 2935 559 res
2964 503 3223 573 postulat.
3257 514 3311 559 et
3349 520 3528 561 rerum
3559 509 3692 562 visi-

411 594 803 665 quinquaginta
853 593 1157 647 cubitormn
1211 592 1457 646 latitudo.
1503 590 1602 646 Ubi
1643 606 1771 645 vero
1820 600 2000 646 textus

411 690 531 760 ejus
565 688 629 741 ad
672 686 865 740 altiora
909 684 1209 752 consurgit,
1256 684 1308 736 in
1353 691 1643 753 angustum
1681 683 1911 752 cogitur,
1947 692 2045 741 et,

413 796 714 852 paucorum
766 779 1071 833 cubitorum
1107 775 1463 831 conclusione
1507 775 1797 844 colligitur,
1836 774 1909 829 ita
1944 784 2001 827 ut

415 874 699 926 summitas
728 870 845 936 eius
878 871 930 923 in
970 870 1131 925 unius
1166 870 1332 922 cubiti
1380 867 1614 937 spatium
1660 882 2003 920 consumme-

416 975 502 1016 tur
530 981 543 1016 :
573 972 968 1032 proptereaque
1001 963 1052 1015 in
1094 961 1443 1015 inferioribus
1488 960 1725 1028 quidem,
1758 960 1845 1013 ubi
1891 959 1999 1012 lata

412 1067 466 1108 et
506 1055 745 1123 spatiosa
777 1056 1115 1109 habebantur
1138 1054 1277 1117 loca,
1304 1053 1384 1107 vel
1415 1053 1622 1117 bestiae,
1657 1052 1738 1106 vel
1767 1053 2002 1121 pecudes

414 1156 574 1198 erant
608 1146 904 1209 collocata,
930 1146 982 1199 in
1017 1147 1391 1215 superioribus
1422 1159 1551 1199 vero
1577 1159 1702 1198 aves
1730 1158 1745 1198 :
1774 1144 1825 1197 in
1857 1159 2003 1197 smn-

416 1239 519 1291 mis
545 1247 747 1304 autem,
772 1254 891 1307 qua:
914 1239 1227 1309 augustiora
1247 1248 1299 1292 et
1324 1237 1514 1291 altiora
1538 1246 1716 1300 erant,
1744 1236 1813 1290 ibi
1841 1237 2001 1289 homo

423 1332 706 1384 rationalis
744 1331 1059 1385 collocatur.
1097 1332 1212 1401 Ipse
1239 1346 1366 1384 vero
1394 1338 1583 1383 vertex
1628 1330 1677 1382 iu
1714 1344 1878 1382 unum
1906 1345 2003 1383 cu-

414 1421 585 1475 bitum
611 1422 905 1492 colligitur.
937 1420 1131 1476 Omnia
1167 1423 1309 1476 enim
1336 1420 1404 1474 ad
1432 1421 1713 1475 monadem
1747 1420 2001 1488 redigun-

415 1525 525 1568 tur.
561 1515 689 1580 Quze
724 1526 904 1569 tamen
936 1514 1218 1568 Trinitatis
1248 1524 1649 1567 sacramentum
1689 1512 1739 1565 in
1778 1527 2002 1566 numero

417 1618 782 1662 trecentorum
804 1609 1107 1662 cubitorum
1134 1608 1398 1675 designat,
1421 1616 1475 1661 et
1502 1607 1628 1660 huic
1654 1616 2002 1660 sacramento

416 1703 695 1769 proximus
721 1701 939 1770 ponitur
967 1701 1128 1753 homo
1165 1708 1355 1768 utpote
1389 1698 1670 1752 rationalis
1700 1708 1755 1753 et
1785 1698 1874 1752 Dei
1907 1714 2000 1751 ca-

414 1808 537 1860 pax.
573 1792 676 1845 Sed
710 1792 849 1845 unde
888 1806 1007 1859 quae
1060 1792 1132 1845 sit
1181 1788 1487 1845 diﬁerentia
1532 1788 1673 1842 inter
1713 1803 1915 1859 paucos
1946 1798 2001 1842 et

416 1887 629 1948 multos,
664 1884 979 1954 colligamus
1017 1883 1258 1938 indicia?
1311 1882 1459 1937 Pone
1505 1896 1721 1936 omnem
1772 1881 1994 1935 humani

414 1978 627 2044 generis
659 1992 970 2040 numerum,
996 1991 1061 2029 ex
1091 1974 1365 2029 universis
1410 1975 1659 2044 gentibus
1688 1972 1826 2043 elige
1863 1972 1997 2026 Iide—

415 2069 516 2131 les,
540 2070 657 2122 sine
689 2069 854 2123 dubio
878 2069 1160 2136 pauciores
1188 2083 1372 2134 erunt,
1396 2082 1557 2135 quam
1585 2076 1710 2119 sunt
1732 2066 1992 2120 universi.

411 2158 564 2213 Tunc
591 2159 788 2212 deinde
831 2171 898 2210 ex
950 2157 1186 2211 fidelium
1235 2175 1482 2224 numero,
1530 2159 1669 2225 elige
1724 2156 1996 2213 meliores.

409 2252 626 2305 Certum
656 2261 738 2305 est
771 2251 914 2320 quod
955 2251 1124 2305 multo
1157 2250 1387 2307 inferior
1436 2267 1695 2306 numerus
1748 2267 1999 2306 remane-

409 2344 509 2397 bit.
547 2342 613 2395 Et
642 2342 835 2396 itermu
868 2356 933 2395 ex
970 2342 1102 2411 ipsis
1138 2358 1275 2412 quos
1316 2344 1566 2414 elegi-ris,
1593 2343 1731 2413 elige
1782 2359 1994 2397 rursum

407 2437 783 2506 perfectiores.
821 2437 1110 2504 pauciores
1136 2437 1381 2504 profecto
1416 2437 1672 2505 reperies.
1704 2438 1769 2490 Et
1792 2448 1997 2505 quanto

411 2530 644 2597 amplius
672 2530 919 2599 eligendo
966 2531 1320 2597 processeris,
1352 2538 1500 2583 tanto
1556 2530 1727 2600 magis
1768 2533 1995 2602 exiguos

409 2632 465 2675 et
515 2624 798 2691 pauciores
852 2625 1096 2679 invenies
1145 2638 1429 2693 usquequo
1470 2623 1662 2677 ultimo
1704 2623 1888 2676 venias
1929 2622 1995 2676 ad

410 2730 573 2766 unum
608 2714 863 2783 aliquem,
895 2716 985 2785 qui
1021 2715 1354 2769 conlidenter
1396 2716 1542 2768 dicat
1570 2714 1636 2780 κθ,
1668 2715 1792 2783 quia
1821 2732 1842 2765 ι
1876 2730 1994 2767 am-

412 2800 554 2869 plius
583 2815 745 2870 quam
788 2818 977 2857 omnes
1030 2803 1106 2857 illi
1141 2804 1405 2858 laboravi.
1446 2822 1465 2855 ι
1504 2803 1564 2856 Ili
1602 2818 1731 2872 ergo
1768 2803 1860 2873 qui
1894 2805 1996 2858 hoc

413 2891 572 2945 modo
607 2893 791 2962 plures
812 2903 958 2957 sunt,
999 2896 1117 2962 plus
1149 2904 1308 2948 terrae
1333 2905 1389 2947 et
1417 2893 1537 2962 plus
1569 2909 1849 2963 corporea:
1882 2894 1994 2947 lup.-

409 2984 655 3041 reditatis
701 2987 1016 3057 accipiunt:
1054 2988 1209 3056 pauci
1254 2997 1433 3041 autem
1486 2987 1738 3057 exiguum
1787 2987 1991 3056 aliquid

409 3081 477 3131 de
510 3089 650 3134 terra
673 3091 1100 3149 consequuntur,
1131 3081 1225 3151 qui
1256 3083 1375 3152 plus
1404 3083 1454 3136 in
1491 3082 1719 3137 Domino
1753 3084 1988 3137 habent:

409 3174 500 3226 alii
544 3183 721 3228 autem
789 3174 920 3228 nihil
964 3176 1189 3229 omnino
1238 3174 1313 3247 (ti)
1369 3184 1600 3230 terrena:
1657 3176 1991 3231 haereditatis

408 3266 700 3335 accipiunt,
749 3266 793 3319 si
836 3267 926 3336 qui
961 3267 1108 3335 digni
1158 3268 1363 3322 fuerint
1407 3268 1718 3323 sacerdotes
1767 3284 1889 3323 esse
1940 3278 1997 3324 et

414 3359 648 3413 ministri
682 3359 797 3426 Dei,
833 3360 1025 3413 borum
1065 3362 1211 3414 enim
1240 3376 1306 3414 ex
1344 3361 1559 3430 integro
1591 3361 1704 3430 ipse
1732 3360 1995 3417 Dominus

411 3451 697 3505 haereditas
725 3450 851 3507 erit.
888 3451 951 3505 Et
994 3455 1117 3520 quis
1166 3453 1239 3506 ita
1288 3454 1480 3508 beatus
1507 3463 1612 3518 est,
1648 3463 1707 3507 ut
1735 3453 1819 3509 vel
1857 3454 1996 3509 inter

410 3560 614 3611 paucos
636 3544 892 3614 exiguum
920 3554 1079 3599 terra:
1105 3545 1357 3615 accipiat,
1384 3545 1466 3599 vel
1506 3546 1649 3598 inter
1676 3544 1880 3601 electos
1908 3563 1996 3600 sa-

409 3637 659 3690 cerdotes
680 3646 732 3689 et
756 3636 1035 3691 ministros
1052 3637 1225 3691 Solum
1254 3637 1420 3691 Deum
1438 3653 1633 3705 capere
1660 3638 1996 3693 hmreditatis

410 3737 559 3784 sorte
583 3730 899 3784 mereatur?
924 3730 1071 3785 Licet
1094 3732 1262 3785 etiam
1289 3730 1387 3799 ipsi
1404 3735 1878 3800 propterjumenta
1899 3747 1993 3786 sua

409 3821 680 3889 accipiant
707 3821 909 3891 aliquid
941 3830 1123 3887 teme,
1157 3825 1250 3877 sed
1278 3822 1421 3877 illius
1446 3832 1604 3875 terra:
1626 3838 1746 3891 qua:
1773 3822 1995 3879 urbibus

410 3914 660 3982 contigua
685 3920 837 3968 estet
859 3914 1097 3968 adhaaret
1117 3914 1452 3969 civitatibus.
1480 3914 1662 3969 Potest
1685 3924 1864 3967 tamen
1896 3916 1992 3969 ad-

413 3998 519 4053 huc
552 4010 604 4052 et
632 4000 737 4054 alio
775 4001 933 4054 modo
966 4001 1191 4070 intelligi
1249 4017 1431 4056 sermo
1467 4003 1591 4065 iste,
1629 4005 1718 4072 qui
1762 4005 1893 4057 dicit
1940 4014 1997 4057 ut

412 4093 655 4161 pluribus
686 4094 1074 4162 multiplicetur
1111 4095 1423 4149 bmreditas.
1458 4093 1608 4149 Unus
1641 4095 1787 4149 enim
1816 4097 1995 4165 justus

410 4188 708 4241 secundum
735 4189 837 4243 boc
862 4188 1004 4255 quod
1032 4196 1289 4257 acceptus
1318 4197 1400 4241 est
1425 4185 1536 4243 Deo
1563 4186 1660 4259 (7),
1694 4203 1790 4255 pro
1833 4189 1996 4258 pluri-

412 4279 513 4333 bus
564 4280 811 4334 habetur.
864 4279 1105 4348 Denique
1157 4288 1214 4333 et
1257 4280 1524 4349 scriptum
1573 4290 1654 4334 est
1684 4281 1776 4336 l’°:
1826 4300 1845 4332 ι
1894 4280 1997 4335 Per

411 4384 576 4421 unum
602 4369 899 4438 sapientem
936 4370 1332 4424 inbabitabitur
1355 4371 1562 4432 civitas,
1600 4371 1769 4425 tribus
1808 4382 1993 4425 autem

412 4460 719 4530 iniquorum
762 4462 1119 4517 dcsolabitur.
1161 4482 1179 4514 ι
1217 4463 1281 4516 Et
1330 4479 1467 4516 unus
1511 4462 1691 4530 justus
1738 4480 1836 4533 pro
1885 4474 1996 4518 toto

2104 593 2290 647 bilium
2316 596 2454 649 ratio
2483 595 2745 664 deposcit.
2773 594 2961 649 Potest
2989 611 3118 666 ergo
3144 606 3197 651 et
3234 598 3335 652 hoc
3368 601 3527 653 modo
3552 600 3691 653 mul-

2106 688 2175 741 tis
2204 688 2342 752 istis,
2374 689 2464 757 qui
2508 697 2633 741 sunt
2674 689 2814 743 sicut
2849 689 3021 743 stcllm
3066 690 3189 745 εαξιί
3232 690 3284 744 in
3321 692 3687 758 multitudine,

2103 779 2447 847 multiplicari
2483 780 2794 847 hzereditas,
2831 791 2884 835 et
2920 782 3131 853 exiguis
3167 782 3271 837 illis
3305 783 3559 839 videlicet
3593 785 3685 854 qui

2105 872 2321 926 etiamsi
2358 888 2588 927 numero
2619 872 2772 926 multi
2812 885 2959 936 sunt,
3003 876 3127 929 vitae
3178 884 3353 931 tamen
3403 892 3519 931 suae
3551 879 3691 932 indi-

2104 962 2310 1031 gnitate
2355 973 2409 1016 et
2453 963 2656 1017 vilitate
2689 963 2869 1033 exigui
2905 964 3197 1029 habentur,
3231 967 3423 1035 exigua
3457 967 3691 1021 bzeredi-

2107 1066 2190 1109 tas
2236 1055 2382 1124 poni.

2176 1146 2229 1198 5.
2268 1166 2285 1196 ι
2329 1145 2430 1200 Per
2454 1154 2682 1210 sortem,
2714 1144 2891 1215 inquit
2919 1146 2986 1210 ⁸¹,
3012 1147 3116 1199 erit
3150 1147 3484 1203 haereditatis
3508 1150 3692 1203 distri-

2106 1238 2279 1293 butio.
2316 1258 2335 1289 ι
2377 1237 2487 1291 Hoc
2527 1238 2746 1307 quidem
2780 1239 3111 1308 praecipitur,
3142 1241 3239 1294 sed
3270 1256 3392 1293 eum
3422 1242 3580 1295 venio
3624 1241 3690 1294 ad

2104 1330 2437 1399 Scripturas,
2462 1329 2620 1383 video
2666 1331 2840 1399 ipsum
2874 1330 3116 1401 Moysen.
3145 1332 3233 1385 cui
3272 1331 3374 1387 ista
3428 1334 3690 1386 mandan-

2107 1432 2214 1487 tur,
2244 1431 2391 1476 sorte
2426 1437 2530 1474 non
2579 1423 2657 1474 uti
2707 1423 2759 1475 iu
2806 1424 3070 1478 divisione
3113 1425 3444 1479 luereditatis
3478 1424 3691 1490 Ruben,

2104 1524 2158 1571 et
2203 1514 2340 1578 Gad,
2388 1522 2444 1566 et
2478 1512 2715 1568 dimidia:
2759 1515 2931 1571 tribus
2966 1514 3236 1570 Mauassc.
3284 1517 3403 1570 Sed'
3441 1528 3495 1571 et
3536 1515 3694 1571 Jesns

2104 1605 2271 1670 Nave,
2300 1616 2454 1659 extra
2486 1616 2690 1659 sortem
2734 1608 2825 1661 dat
2861 1608 3229 1662 hereditatem
3261 1609 3423 1663 tribui
3451 1608 3611 1674 Juda,
3638 1618 3694 1663 et

2104 1697 2287 1763 Caleh,
2316 1710 2371 1752 et
2394 1709 2547 1753 extra
2591 1707 2791 1752 sortem
2826 1699 2917 1753 dat
2943 1709 2996 1755 et
3032 1701 3195 1754 tribui
3232 1699 3485 1769 Ephrem,
3515 1710 3570 1754 et
3605 1701 3690 1752 di-

2105 1790 2285 1843 midite
2316 1788 2477 1843 tribui
2513 1790 2759 1845 Manasse
2793 1809 2807 1845 :
2843 1792 2894 1845 iu
2935 1792 3150 1846 caeteris
3199 1807 3317 1846 sors
3353 1792 3604 1857 mittitur,
3636 1802 3690 1844 et

2103 1882 2274 1951 prima
2306 1897 2424 1937 sors
2459 1882 2738 1952 Beniamin
2774 1884 3036 1953 procedit,
3063 1896 3118 1938 et
3150 1886 3273 1939 Inde
3309 1885 3421 1955 jam
3457 1887 3687 1941 tribuum

2103 1975 2453 2045 reliquarum.
2485 1975 2640 2031 Unde
2672 1989 2801 2045 puto
2842 1976 2983 2045 quod
3022 1986 3078 2029 et
3114 1977 3164 2029 in
3208 1976 3294 2031 illa
3342 1978 3492 2045 regni
3520 1977 3692 2031 ctelo-

2104 2083 2220 2122 rum
2256 2069 2415 2123 beata
2445 2069 2765 2123 hmreditate
2790 2077 2951 2122 erunt
2980 2068 3167 2138 aliqui,
3202 2070 3291 2138 qui
3335 2084 3438 2122 non
3472 2069 3691 2123 veniant

2102 2159 2169 2212 ad
2198 2169 2421 2225 sortem,
2458 2176 2635 2229 neque
2664 2176 2785 2215 cum
2814 2160 3048 2226 cazteris,
3071 2162 3321 2229 quamvis
3358 2162 3466 2214 sint
3492 2161 3687 2221 sancti.

2101 2253 2532 2306 numerabuntur
2568 2270 2583 2306 :
2621 2255 2715 2307 sed
2747 2253 2856 2306 erit
2888 2252 3106 2321 egregia
3133 2239 3377 2320 quaedam
3406 2262 3461 2307 et
3492 2250 3692 2305 eximia

2100 2359 2290 2399 eorum
2322 2345 2628 2410 haereditas,
2651 2346 2795 2404 sicut
2828 2345 2931 2399 l'uit
2968 2344 3132 2400 Caleb
3168 2361 3234 2398 ex
3266 2346 3406 2399 tribu
3441 2341 3597 2406 Juda,
3637 2351 3691 2395 et

2098 2436 2223 2492 Jesu
2269 2437 2439 2507 ipsius
2485 2434 2577 2492 lilii
2625 2436 2793 2493 Nave.
2841 2438 2992 2491 Sicut
3041 2438 3208 2503 enim,
3238 2436 3387 2491 verbi
3425 2451 3586 2490 causa
3618 2434 3688 2501 ",

2099 2541 2222 2581 eum
2266 2536 2388 2596 post
2432 2528 2673 2596 praelium
2723 2529 3024 2583 victoribus
3068 2529 3357 2599 provincia:
3386 2528 3691 2598 partiuntur

2103 2621 2296 2688 spolia.
2326 2622 2530 2691 egregii
2562 2622 2765 2691 quique
2794 2630 2847 2675 et
2886 2622 3067 2676 eximii
3106 2620 3400 2675 bellatores
3431 2634 3535 2673 non
3566 2635 3688 2673 cum

2099 2714 2313 2767 czeteris
2341 2713 2604 2768 militibus
2628 2714 2681 2767 in
2710 2712 2980 2767 divisione
3006 2711 3301 2778 spoliorum
3324 2711 3594 2764 ducuntur
3619 2711 3685 2762 ad

2100 2816 2329 2869 sortem,
2360 2807 2455 2861 sed
2503 2808 2705 2877 optima
2762 2820 2989 2876 quaeque
3026 2815 3079 2860 et
3111 2804 3378 2874 praecipua
3410 2803 3489 2857 eis
3519 2802 3690 2855 virtu-

2100 2906 2212 2949 tqu
2244 2899 2436 2952 merito
2478 2899 2866 2964 decernuntur,
2904 2897 3084 2952 czeteri
3120 2911 3248 2951 vero
3285 2904 3513 2949 utuntur
3542 2904 3688 2948 sorte

2098 2987 2212 3040 solo
2252 2986 2376 3055 jure
2426 2990 2668 3043 victoriae
2708 3004 2724 3043 :
2772 2990 2843 3043 ita
2901 2990 3030 3043 mihi
3073 2989 3287 3042 videtur
3336 2998 3389 3041 et
3430 2988 3689 3042 Dominus

2099 3076 2268 3149 355,
2303 3094 2452 3133 meus
2477 3078 2633 3133 Jesus
2657 3080 2907 3134 Christus
2935 3078 3178 3133 facturus
3204 3097 3217 3131 :
3251 3080 3517 3147 quosdam
3544 3079 3687 3131 enim

2021 3207 2063 3264 ϐ
2096 3185 2233 3238 quos
2272 3170 2373 3223 scit
2408 3170 2773 3225 abundantius
2822 3185 2987 3240 quam
3029 3179 3277 3237 caeteros.
3310 3169 3606 3234 laborasse,
3634 3181 3690 3222 ct

2099 3277 2329 3330 quorum
2365 3272 2517 3332 gesta
2555 3264 2839 3332 magniliea
2886 3263 3257 3332 sublimesque
3294 3264 3526 3319 virtutes
3570 3264 3688 3330 ipse

2099 3355 2398 3423 cognoscit,
2420 3354 2524 3408 illis
2549 3355 2850 3425 prmeipuos
2873 3371 3115 3425 quosque
3137 3366 3192 3411 et
3223 3357 3472 3421 eximios,
3504 3366 3685 3424 atque,

2099 3453 2158 3498 ut
2188 3444 2260 3498 ita
2297 3444 2520 3499 audeam
2555 3446 2759 3508 dicere,
2798 3446 3005 3500 similes
3040 3447 3143 3501 sibi
3180 3447 3414 3502 honores
3443 3446 3689 3501 decernit

2099 3546 2155 3588 et
2195 3536 2418 3605 glorias.
2469 3540 2665 3592 Annon
2710 3537 2808 3591 tibi
2849 3538 3063 3592 videtur
3105 3538 3281 3594 simile
3327 3538 3532 3606 aliquid
3578 3555 3689 3592 sua:

2100 3628 2451 3682 beatitudinis
2473 3628 2799 3684 clarissimis
2823 3631 2935 3685 suis
2958 3610 3209 3686 conferre
3233 3632 3533 3701 discipulis,
3563 3646 3683 3685 cum

2101 3718 2233 3772 dicit
2265 3719 2352 3770 ’νς
2391 3738 2409 3769 ι
2448 3717 2629 3784 Pater,
2661 3721 2784 3775 volo
2828 3730 2887 3773 ut
2936 3721 3023 3774 ubi
3060 3737 3160 3790 ego
3203 3737 3319 3776 sum
3366 3733 3418 3775 et
3451 3723 3537 3775 isti
3579 3723 3687 3775 sint

2101 3812 2351 3867 mecum?
2380 3832 2398 3862 ι
2428 3813 2494 3867 Et
2547 3829 2669 3867 cum
2717 3814 2907 3867 iterum
2958 3815 3088 3869 dicit
3113 3816 3178 3879 ⁸⁸,
3222 3814 3347 3884 quia
3381 3834 3399 3866 ι
3432 3816 3688 3869 sedebitis

2099 3915 2154 3957 et
2185 3918 2279 3957 vos
2305 3918 2471 3973 super
2501 3905 2780 3959 duodecim
2815 3904 3038 3960 thronos
3066 3906 3372 3973 judicantes
3400 3908 3684 3962 duodecuu

2102 3995 2274 4048 tribus
2308 3994 2506 4050 Israel?
2545 4014 2562 4046 ι
2601 3994 2660 4048 Et
2718 3996 2916 4050 iterum
2949 3996 2995 4027 ⁸⁸
3029 4012 3042 4049 :
3086 4014 3103 4046 ί
3144 3993 3296 4049 Sicut
3353 4006 3406 4050 tu
3462 3998 3512 4049 in
3567 4015 3686 4059 mc,

2100 4087 2277 4152 Pater,
2305 4098 2360 4143 et
2386 4105 2487 4158 ego
2512 4090 2562 4142 in
2602 4100 2675 4150 te,
2710 4090 2779 4143 ita
2815 4102 2869 4145 et
2898 4090 2986 4145 isti
3018 4090 3071 4143 in
3103 4091 3258 4145 nobis
3294 4108 3457 4145 unum
3487 4092 3634 4146 sint?
3666 4110 3683 4142 ι

2102 4180 2225 4235 Ιιειιε
2270 4185 2453 4236 omnia
2508 4198 2613 4237 non
2651 4193 2801 4238 sorte
2851 4185 3239 4247 decernuntur,
3270 4186 3365 4239 sed
3405 4184 3689 4238 electionis

2099 4276 2454 4345 praerogativa
2488 4274 2565 4347 (8)
2599 4275 2868 4330 donantur
2914 4276 2982 4331 ab
3031 4292 3096 4331 eo
3127 4277 3216 4346 qui
3258 4280 3421 4329 corda
3454 4284 3507 4328 et
3537 4290 3690 4328 meu-

2103 4379 2180 4423 tes
2215 4370 2494 4424 hominum
2546 4371 2694 4426 videt
2740 4372 2910 4436 solus,
2943 4375 3032 4442 qui
3082 4388 3179 4427 nos
3213 4388 3427 4441 quoque
3472 4371 3691 4425 etiamsi

2101 4478 2207 4515 non
2236 4462 2379 4516 inter
2406 4463 2637 4518 eximios
2667 4475 2724 4518 et
2758 4465 2979 4529 electos,
3014 4474 3175 4534 atque
3225 4465 3343 4517 illos
3390 4464 3480 4532 qui
3523 4477 3685 4532 supra

412 4553 612 4607 mundo
648 4563 950 4622 reputatur,
984 4556 1153 4623 iniqui
1197 4566 1400 4621 autem,
1425 4555 1640 4610 etiamsi
1676 4556 1829 4609 multi
1864 4556 1994 4623 sint,
2031 4553 2074 4606 D
2105 4567 2304 4609 sortem
2332 4564 2480 4618 sunt,
2515 4555 2566 4607 in
2599 4563 2800 4609 sortem
2855 4566 3034 4609 tamen
3082 4563 3392 4608 sanctorum
3439 4552 3691 4621 dignetur

410 4647 590 4716 exigui
626 4659 678 4699 et
709 4662 806 4715 pro
843 4648 1009 4701 nihilo
1042 4652 1313 4702 ducuntur
1339 4650 1479 4717 apud
1516 4651 1702 4703 Deum.
1740 4648 1836 4704 Est
1864 4666 1992 4719 ergo

406 4750 460 4793 et
516 4738 802 4792 multitudo
859 4738 1179 4804 laudabilis,
1224 4741 1370 4794 sicut
1415 4740 1663 4794 videmus
1714 4741 1876 4795 etiam
1926 4743 1991 4796 ad

406 4828 686 4882 Abraham
717 4828 940 4893 dictum,
989 4844 1111 4882 eum
1153 4830 1343 4883 eduxit
1381 4844 1500 4883 eum
1556 4830 1695 4885 Deus
1740 4830 1904 4897 foras,
1939 4843 1994 4887 et

407 4920 545 4973 uixit
578 4920 644 4972 ad
680 4936 802 4975 cum
827 4919 870 4950 ³⁸
908 4936 920 4972 :
960 4938 978 4971 ‹
1017 4919 1244 4990 Respice
1280 4923 1345 4977 ad
1374 4925 1597 4991 caelum,
1638 4925 1681 4981 si
1723 4936 1874 4997 potes
1908 4928 1988 4982 di-

406 5027 703 5067 ntuuerare
738 5013 947 5078 stellas,
979 5014 1048 5067 ita
1074 5016 1177 5068 erit
1218 5030 1401 5070 scmeu
1435 5028 1603 5072 tuum.
1639 5037 1657 5070 ι
1689 5018 1742 5073 In
1793 5036 1899 5090 quo
1947 5036 2001 5080 et

407 5105 507 5158 hoc
553 5104 786 5171 intuere,
816 5107 1085 5176 quomodo
1124 5105 1305 5173 justus
1339 5110 1486 5163 intus
1530 5120 1634 5174 est,
1671 5121 1723 5165 et
1754 5113 1807 5166 in
1856 5114 1998 5166 inte-

406 5197 644 5251 rioribus
676 5213 890 5268 semper
914 5198 1163 5253 consistit
1191 5218 1205 5254 :
1249 5205 1370 5268 quia
1411 5205 1552 5256 intus
1586 5203 1639 5255 in
1678 5206 1998 5258 abscondito

404 5300 526 5343 orat
567 5288 806 5353 Patrem,
855 5300 909 5345 et
960 5294 1138 5347 omnis
1189 5294 1361 5364 gloria
1414 5295 1535 5349 lilia:
1592 5296 1756 5365 regis,
1787 5296 1838 5348 id
1889 5304 1991 5358 est,

407 5382 604 5437 animze
657 5383 876 5454 regalis,
933 5385 1262 5439 intrinsecus
1312 5396 1429 5451 cSI;
1485 5386 1575 5438 scd
1624 5399 1804 5438 tamen
1858 5385 1996 5439 Deus

476 5480 519 5512 "
558 5482 576 5536 I
622 5482 743 5536 Cor.
779 5496 864 5545 xv,
910 5481 995 5534 10.
1070 5481 1114 5511 ⁸⁰
1149 5481 1309 5536 Eccli.
1338 5498 1449 5549 va,
1484 5481 1534 5535 5.

409 5550 452 5581 ⁸⁸
487 5553 670 5606 Matth.
704 5568 813 5615 xtx,
836 5554 927 5607 28.
1005 5552 1051 5583 ⁵⁸
1083 5550 1237 5606 Joau.
1271 5569 1402 5618 xvn,
1436 5554 1524 5606 2t.

483 5639 559 5710 (6)
584 5642 686 5710 Alii
714 5654 887 5695 autent
908 5642 1039 5696 nihil
1065 5645 1298 5708 omnino,
1321 5655 1427 5698 etc.
1454 5643 1545 5698 Sic
1572 5644 1772 5697 habent
1801 5659 1991 5697 manu-

411 5709 618 5777 scripti.
658 5709 809 5767 Libri
839 5728 964 5766 vero
994 5715 1147 5776 editi,
1182 5733 1199 5763 ε
1234 5715 1319 5767 ubi
1359 5728 1539 5767 autem
1588 5715 1721 5767 nihil
1764 5714 1991 5768 omnino

413 5788 641 5855 terrenae
677 5781 1013 5835 haereditatis
1051 5783 1342 5855 accipiant,
1375 5785 1417 5836 si
1454 5785 1544 5853 qui
1576 5785 1720 5855 digni
1767 5784 1986 5847 fuerint,

412 5850 727 5902 Sacerdotes
759 5860 885 5903 sunt
909 5862 963 5904 et
996 5854 1253 5918 ministri,
1287 5873 1303 5904 ι
1334 5866 1442 5907 etc.

1614 5484 1654 5513 ⁵¹
1692 5480 1825 5535 Ceu.
1860 5498 1948 5546 xv,
1980 5480 2034 5537 5.

2102 4647 2372 4700 adducere
2419 4666 2429 4699 :
2474 4646 2559 4699 cui
2603 4654 2681 4699 est
2743 4647 2914 4712 gloria
2960 4657 3015 4700 et
3060 4645 3346 4714 imperium
3396 4647 3445 4698 in
3493 4645 3687 4697 sacculu

2101 4740 2446 4793 sa‘culurum.
2486 4743 2677 4793 Amen.

2652 4830 2932 4887 IIOMILIA
2976 4830 3138 4885 XXII.

2208 4922 2279 4976 De
2309 4924 2519 4991 ﬁliabus
2549 4910 2824 4990 Salpliaat,
2857 4932 2904 4976 et
2933 4923 2996 4976 de
3023 4922 3349 4983 successione
3393 4920 3585 4991 Moysi.

2173 5016 2224 5068 I.
2253 5014 2504 5084 Quinque
2554 5014 2677 5069 lilia;
2718 5015 2954 5078 fuerunt,
2990 5029 3220 5083 quarum
3273 5014 3432 5066 etiam
3471 5014 3685 5069 nomina

2102 5105 2152 5158 iu
2196 5106 2476 5175 Scriptura
2519 5106 2909 5176 comprehensa
2962 5114 3114 5168 sunt,
3146 5106 3211 5158 de
3257 5103 3521 5174 Salpltaat
3551 5121 3688 5173 quo-

2100 5197 2220 5249 dam
2248 5197 2488 5252 Israelita
2515 5199 2831 5268 progenita},
2853 5198 2941 5267 qui
2972 5208 3215 5250 mortuus
3244 5206 3327 5251 est
3360 5199 3411 5251 in
3450 5199 3684 5255 deserto,

2100 5291 2242 5348 nulla
2268 5292 2410 5344 virili
2442 5292 2627 5345 sobole
2653 5291 2932 5346 derelicta.
2963 5289 3086 5345 lslze
3112 5305 3242 5359 ergo
3275 5291 3396 5345 lilia:
3428 5290 3687 5358 Salphaat

2097 5385 2446 5454 interpellant
2474 5385 2715 5455 Moysen,
2746 5396 2800 5438 et
2841 5398 3042 5439 sortem
3081 5394 3322 5453 pateer
3360 5382 3687 5437 haereditatis

2126 5481 2171 5515 ⁸³
2199 5481 2357 5536 Num.
2397 5498 2549 5547 xxvi,
2577 5482 2666 5535 55.
2743 5480 2789 5513 ⁸³
2818 5480 2929 5537 1's.
2958 5496 3067 5535 xw.
3148 5479 3193 5509 ⁵³
3216 5477 3372 5533 Joan.
3406 5492 3537 5541 xvtt,
3592 5475 3682 5527 24.

2173 5646 2249 5715 (7)
2280 5644 2432 5707 IlIss.,
2463 5661 2480 5694 ε
2520 5645 2662 5713 quod
2706 5654 2961 5712 acceptus
2986 5653 3069 5697 est
3117 5642 3245 5697 Deo.
3285 5661 3303 5694 ι
3346 5638 3497 5693 Libb.
3532 5636 3687 5701 editi,

2105 5734 2121 5767 (
2162 5718 2303 5782 quml
2334 5726 2616 5783 acceptum
2645 5724 2725 5768 est
2755 5717 2881 5767 Deo.
2920 5734 2938 5765 ι

2172 5778 2248 5855 (8)
2309 5784 2429 5847 Ms.,
2476 5778 2505 5835 ’ς
2556 5786 2647 5837 sed
2702 5784 2981 5839 electionis
3022 5781 3404 5853 prmrogativa.
3457 5799 3474 5831 ι
3528 5778 3685 5834 Libb.

2110 5858 2263 5920 edin,
2303 5876 2319 5907 ι
2360 5858 2456 5909 sed
2483 5856 2787 5911 dilectionis
2816 5855 3190 5926 pr-erngativa.
3236 5870 3257 5907 θ
