4134 6384
352 383 451 437 ῚΗ

1520 376 1585 431 IN
1629 375 1959 429 NllillillOS
1996 373 2277 428 llOMlldA
2318 376 2481 429 XXII.

3518 378 3622 431 7i!

352 507 656 568 exposcunt
702 500 964 557 dicentes,
1005 510 1070 547 ue
1115 494 1359 547 deleatur
1400 507 1594 546 nomen
1644 494 1813 560 patris
1844 508 1932 545 ea-
1963 494 2007 549 Α
2039 499 2369 556 terpretatnr
2399 492 2583 543 umbra
2637 488 2691 542 in
2733 504 2822 542 ore
2871 488 2983 547 eius
3017 489 3165 559 (ll);
3199 500 3350 560 pater
3393 506 3618 561 Operam

355 608 471 644 rtnu
506 594 571 644 de
608 589 782 643 medio
814 586 985 657 plebis
1016 600 1147 650 suae,
1189 587 1311 653 quia
1346 600 1450 637 non
1480 593 1574 637 est-
1597 584 1645 637 ei
1680 584 1763 637 vir
1793 584 1935 636 ﬁlius

355 693 534 735 natus.
582 681 764 734 Refert
822 696 923 749 pro
971 679 1075 733 hoc
1119 678 1328 747 Moyses
1378 674 1828 729 consultationem
1868 675 1932 727 ad

357 771 543 825 Deum.
568 768 967 837 Omnipotentis
1000 776 1180 821 autem
1214 766 1303 819 Dei
1336 764 1621 817 clementia
1652 781 1757 818 non
1786 780 1936 832 sper-

356 864 457 925 nit,
521 877 619 915 nec
677 862 903 931 despicit
956 859 1410 914 consultationem
1464 873 1583 926 quae
1634 857 1860 911 oll'crtur
1904 874 1931 909 a

358 954 569 1021 puellis,
593 963 647 1007 et
693 969 798 1007 non
854 953 1025 1008 solum
1074 965 1330 1017 responsa
1363 951 1492 1003 dare
1540 949 1811 1017 dignatur,
1840 948 1933 1002 sed

358 1045 623 1097 iutantum
676 1045 889 1112 probat,
941 1052 995 1097 et
1040 1039 1379 1109 amplectitur
1432 1038 1593 1092 verba
1634 1052 1840 1100 earum,
1877 1047 1934 1091 ut

352 1151 418 1188 ex
454 1136 586 1205 ipsis
611 1146 815 1189 aeterna
857 1137 1167 1191 hominibus
1197 1135 1314 1202 jura
1346 1131 1639 1185 constituat
1674 1142 1725 1184 et
1762 1146 1930 1185 s:ecu-

356 1229 419 1283 lis
445 1228 696 1283 omnibus
717 1227 1070 1281 observanda.
1100 1228 1185 1279 Ait
1208 1225 1351 1278 enim
1372 1223 1415 1253 ⁸⁷
1450 1242 1463 1277 :
1494 1243 1509 1273 ι
1546 1221 1794 1290 Loquens
1816 1233 1932 1276 erat

359 1322 613 1376 Dominus
637 1319 701 1373 ad
729 1318 997 1397 Moysen;
1026 1318 1193 1373 Recte
1288 1317 1477 1371 locuta:
1503 1328 1625 1371 sunt
1657 1318 1777 1370 ﬁlizc
1815 1317 1930 1370 Sal-

355 1416 537 1478 phaat.
572 1411 729 1465 Dabis
759 1410 839 1464 eis
869 1410 1261 1480 possessionem
1295 1410 1346 1463 in
1374 1410 1550 1464 medio
1580 1408 1801 1461 fratrum
1838 1426 1929 1479 pa-

355 1507 452 1561 tris
488 1504 594 1566 sui,
625 1513 678 1558 et
708 1502 860 1557 dabis
909 1512 1107 1556 sortem
1155 1501 1323 1569 patris
1378 1502 1617 1569 ipsarum
1674 1502 1824 1570 ipsis,
1875 1512 1929 1557 et

354 1600 480 1654 liliis
505 1597 665 1651 Israel
697 1596 933 1665 loqueris
969 1597 1194 1649 dicens:
1228 1594 1394 1648 Homo
1424 1596 1467 1648 si
1519 1604 1765 1650 mortuus
1814 1595 1930 1649 fue-

351 1693 442 1755 rit,
480 1700 534 1745 et
568 1690 708 1744 ﬁlius
738 1704 841 1741 non
877 1686 1037 1740 fuerit
1071 1687 1145 1748 ei,
1183 1686 1379 1739 dabitis
1411 1687 1784 1740 hzereditatem
1813 1687 1928 1754 ejus

353 1782 475 1834 ﬁliae
521 1780 657 1848 ejus.
695 1778 846 1845 Quod
900 1778 942 1832 si
981 1793 1087 1831 non
1131 1776 1293 1830 fuerit
1340 1778 1388 1829 ei
1444 1777 1548 1829 ﬁlia
1580 1778 1678 1845 (9),
1728 1777 1926 1833 dabitis

350 1873 723 1927 hmreditatem
756 1870 907 1925 fratri
940 1869 1075 1936 ejus.
1105 1870 1255 1935 Quod
1286 1869 1331 1922 si
1365 1885 1466 1922 non
1507 1870 1704 1924 fuerint
1740 1873 1787 1925 ei
1820 1873 1927 1925 fra-

352 1969 484 2022 tres,
521 1957 721 2011 dabitis
772 1956 1137 2010 litereditatem
1180 1955 1331 2010 fratri
1369 1961 1538 2025 patris
1584 1959 1718 2025 ejus.
1772 1962 1923 2027 Quod

350 2050 393 2102 si
428 2064 531 2102 non
563 2048 764 2103 fuerint
793 2049 838 2102 ei
875 2049 1069 2103 fratres
1098 2053 1261 2119 patris
1294 2049 1427 2117 ejus.
1457 2052 1653 2106 dabitis
1702 2054 1925 2108 haeredi-

351 2148 516 2193 tatem
548 2140 868 2204 domestico,
893 2141 983 2210 qui
1007 2139 1171 2194 fuerit
1202 2144 1555 2213 propinquior
1589 2143 1657 2195 illi
1684 2161 1746 2197 ex
1783 2145 1923 2198 tribu

349 2247 468 2295 sua,
517 2241 571 2285 et
614 2231 789 2299 capiet
832 2231 1199 2285 litereditatem
1251 2233 1389 2300 ejus,
1437 2245 1490 2287 et
1528 2236 1634 2288 erit
1669 2236 1766 2289 hoc
1805 2236 1926 2291 ﬁliis

350 2321 511 2376 Israel
539 2321 858 2389 jusdﬁcatio
900 2322 1112 2390 judicii,
1157 2324 1298 2378 sicut
1357 2326 1642 2380 constituit
1671 2328 1928 2382 Dominus

349 2412 540 2483 Moysi.
582 2432 600 2465 ι
637 2412 761 2469 Haec
790 2416 1085 2469 secundum
1118 2417 1405 2471 historiam
1434 2418 1560 2487 quid
1593 2418 1797 2486 vigoris
1828 2422 1924 2472 Ιι.ι-

347 2506 533 2568 beant,
565 2508 816 2561 omnibus
844 2508 1019 2576 palam
1049 2517 1131 2563 est
1159 2510 1249 2579 qui
1280 2511 1457 2565 sciunt
1485 2510 1631 2580 leges
1663 2514 1792 2565 istas
1821 2528 1925 2567 non

347 2597 522 2651 solum
557 2598 696 2669 apud
737 2598 875 2653 ﬁlios
918 2598 1081 2653 Israel
1124 2602 1404 2665 custodiri,
1437 2604 1531 2656 sed
1569 2605 1709 2671 apud
1738 2619 1928 2661 omnes

348 2691 614 2756 homines,
646 2692 740 2761 qui
779 2704 957 2747 tamen
1008 2692 1217 2764 legibus
1272 2695 1478 2749 vivunt.
1513 2694 1667 2751 Unde
1706 2708 1929 2767 apparet

350 2786 497 2854 quod
549 2784 774 2841 libertas
822 2788 1052 2841 ﬁliarum
1104 2788 1363 2858 Salphaat
1414 2804 1518 2843 non
1583 2792 1755 2845 solum
1797 2794 1928 2862 ipsis

347 2877 715 2933 limreditatem
763 2879 1088 2946 contulerit,
1139 2884 1232 2935 sed
1287 2890 1343 2935 et
1397 2893 1656 2953 perpetua
1710 2886 1925 2941 vivendi

343 2968 462 3037 jura
493 2970 690 3024 sacculo
724 2972 951 3025 dederit.
983 2973 1146 3027 Vides
1194 2982 1395 3042 quanta
1433 2976 1505 3028 sit
1546 2977 1709 3030 etiam
1758 2979 1930 3033 histo-

346 3060 441 3113 ria:
477 3061 647 3129 ipsius
683 3062 887 3115 utilitas
936 3064 987 3116 in
1052 3063 1166 3133 lege
1210 3064 1327 3119 Dei.
1380 3066 1511 3133 Quis
1560 3079 1734 3137 potest
1780 3070 1927 3141 leges

346 3152 477 3206 istas
526 3152 815 3221 aliquando
849 3155 1168 3222 dissolvere,
1197 3158 1394 3227 quibus
1444 3161 1730 3217 universus
1758 3164 1928 3218 utitur
1956 3181 1997 3237 (ς

345 3246 619 3301 mundus?
650 3246 755 3301 Sed
790 3258 966 3301 tamen
1000 3262 1097 3303 nos
1124 3264 1431 3318 quaeramus
1453 3258 1725 3323 quomodo
1763 3258 1926 3311 etiam

343 3339 662 3408 spiritaliter
695 3342 1048 3396 aediﬁcentur.
1084 3342 1264 3399 Potest
1302 3347 1448 3400 enim
1502 3348 1615 3401 ﬁeri
1662 3358 1719 3402 ut
1755 3366 1928 3421 neque

345 3434 465 3488 ﬁliae
494 3433 607 3506 (10)
640 3434 771 3489 mihi
795 3436 903 3489 sint
927 3435 1220 3490 secundum
1248 3453 1491 3503 carnem,
1521 3456 1694 3510 neque
1724 3442 1926 3510 aliquid

346 3529 508 3592 ruris,
540 3528 692 3596 cujus
714 3530 833 3597 capi
866 3529 1039 3596 possit
1078 3529 1386 3585 hiereditas.
1426 3531 1562 3599 Quid
1592 3535 1759 3605 ergo?
1792 3535 1927 3589 nihil

341 3622 481 3689 apud
517 3637 638 3674 eum
681 3622 773 3691 qui
813 3621 1117 3688 huiusmodi
1174 3632 1279 3687 est,
1326 3624 1425 3677 ista
1473 3626 1553 3678 lex
1594 3628 1927 3695 Operahitnr,

342 3722 395 3765 et
424 3713 529 3766 erit
569 3715 729 3767 alicui
777 3715 1010 3769 otiosum
1056 3716 1201 3784 quod
1244 3716 1423 3769 divina
1472 3734 1605 3773 voce
1654 3721 1924 3777 sancitum

339 3805 456 3860 est?
487 3806 844 3875 Requiramus
874 3822 1005 3878 ergo
1032 3808 1194 3861 etiam
1241 3810 1379 3879 apud
1412 3810 1712 3880 spiritalem
1756 3814 1927 3885 legem

339 3912 461 3967 qua:
497 3899 605 3951 sint
643 3899 759 3953 ista:
787 3898 910 3953 ﬁlia:
960 3900 1222 3969 quinque,
1255 3917 1484 3971 quarum
1528 3906 1740 3959 etiamsi
1774 3916 1930 3977 pater

338 3998 586 4043 mortuus
623 3991 783 4044 fuerit
809 4006 907 4060 pro
938 3990 1121 4059 aliquo
1145 4003 1391 4061 peccato,
1425 3995 1555 4065 ipsae
1603 4007 1781 4052 tamen
1818 3998 1929 4053 lue—

340 4081 629 4135 reditatem
678 4098 741 4136 ex
790 4085 956 4138 verbo
998 4086 1092 4143 Dei
1148 4091 1384 4158 capiant.
1424 4091 1483 4142 ιιι
1530 4092 1924 4159 superioribus,

344 4192 467 4231 cum
500 4177 566 4232 de
592 4178 925 4247 spiritalibus
951 4179 1075 4236 ﬁliis
1101 4191 1479 4251 tractaretnus,
1501 4184 1732 4240 virtutes
1760 4186 1924 4241 animi

338 4284 392 4326 et
429 4288 621 4327 sensus
653 4273 850 4328 mentis
900 4274 1039 4329 ﬁlios
1073 4274 1181 4329 dici
1231 4277 1534 4331 docuimus.
1578 4280 1927 4349 Consequens

338 4368 454 4421 sine
481 4365 647 4420 dubio
680 4375 734 4422 et
771 4369 1103 4423 conveniens
1134 4370 1353 4424 videtur
1392 4372 1554 4426 etiam
1590 4372 1727 4428 ﬁlias
1761 4388 1924 4441 Opera

339 4475 457 4526 qua:
499 4459 745 4528 corporis
783 4462 1086 4516 ministerio
1130 4463 1449 4529 explentur,
1498 4465 1766 4533 accipere.
1802 4466 1925 4521 Ideo

2042 584 2345 639 intellectus
2367 592 2469 637 est.
2496 583 2653 648 Saepe
2675 595 2805 649 ergo
2830 583 3048 649 accidit,
3079 592 3132 637 et
3163 598 3265 637 non
3298 585 3454 651 pauci
3480 585 3622 637 inter

2037 677 2238 732 fratres
2263 686 2476 731 nosnos
2510 684 2659 739 sunt,
2689 676 2738 729 in
2773 675 2973 743 quibus
3026 675 3329 730 intellectus
3375 676 3535 730 altior
3565 686 3621 728 et

2038 768 2361 837 proftmdior
2392 767 2586 831 nullus,
2618 768 2712 821 sed
2763 776 2845 821 est
2886 768 2936 820 in
2973 767 3051 820 eis
3088 783 3277 822 sensus
3318 778 3618 832 emortuus,

2036 859 2175 912 sicut
2223 860 2287 912 de
2324 858 2554 927 quodam
2590 858 2853 926 scriptum
2907 865 2990 911 est
3024 858 3069 888 ⁵⁸
3102 874 3114 910 :
3148 877 3166 908 ι
3204 858 3269 911 Ει
3314 868 3617 911 emortuum

2035 960 2118 1003 est
2146 965 2242 1004 cor
2265 949 2387 1016 ejus
2419 950 2469 1003 iu
2508 951 2643 1018 ipso.
2684 968 2704 1001 ι
2744 950 2846 1004 lste
2878 965 3006 1019 ergo
3055 951 3266 1005 etiamsi
3310 952 3374 1003 ad
3415 950 3617 1003 intelli-

2036 1042 2271 1109 gentiam
2308 1042 2611 1111 spiritalem
2667 1042 2801 1095 nihil
2855 1042 3015 1111 sapit,
3050 1043 3142 1097 sed
3185 1050 3267 1096 est
3317 1050 3617 1103 emortuus,

2039 1144 2215 1186 tamen
2264 1132 2308 1185 si
2358 1134 2605 1199 genuerlt
2661 1132 2817 1196 ﬁlias,
2868 1133 2921 1187 id
2970 1144 3052 1187 est
3097 1149 3259 1203 opera
3308 1133 3618 1194 ministerii,

2035 1239 2198 1291 opera
2237 1225 2647 1292 obsequiorum,
2684 1241 2849 1294 opera
2885 1226 3260 1280 mandatorum
3302 1226 3417 1287 Dei,
3446 1227 3620 1279 luere-

2034 1315 2255 1368 ditatem
2286 1325 2442 1370 terrte
2475 1333 2596 1370 eum
2645 1317 2802 1385 plebe
2843 1318 3053 1372 Domini
3102 1319 3472 1386 consequitur.
3507 1316 3618 1371 Neu

2035 1405 2228 1471 poterit
2263 1406 2478 1473 quidem
2526 1407 2671 1461 inter
2714 1425 2808 1465 eos
2857 1410 3152 1473 numerari,
3182 1425 3408 1477 quorum
3444 1409 3621 1477 portio

2036 1498 2295 1553 Dominus
2325 1510 2429 1563 est,
2458 1515 2689 1569 quorum
2737 1502 3026 1557 haereditas
3060 1503 3198 1557 Dens
3228 1514 3334 1566 est,
3378 1518 3482 1557 non
3521 1516 3620 1573 po-

2031 1590 2159 1644 terit
2183 1592 2235 1643 in
2267 1592 2641 1646 ministrorum
2673 1603 2725 1647 et
2748 1595 3093 1648 sacerdotum
3127 1610 3357 1650 numero
3383 1594 3619 1663 suscipi,

2034 1683 2086 1735 in
2118 1682 2331 1751 plebeio
2380 1694 2556 1738 tamen
2608 1686 2797 1739 ordine
2846 1687 3213 1740 htereditatem
3246 1698 3404 1741 terra:
3434 1702 3623 1756 repro-

2032 1773 2307 1827 missionis
2341 1774 2611 1839 accipiet:
2649 1794 2667 1825 ι
2704 1775 2853 1829 Multi
2885 1777 3029 1830 enim
3064 1787 3187 1830 stmt
3215 1778 3415 1842 vocati,
3457 1779 3617 1846 pauci

2030 1873 2209 1915 autem
2259 1862 2416 1917 electi
2471 1864 2537 1915 ⁵³.
2573 1884 2591 1915 ›
2626 1863 2943 1919 Ostenditur
2992 1875 3171 1920 tamen
3222 1876 3277 1920 et
3332 1880 3494 1919 causa
3550 1879 3619 1919 ex

2028 1953 2195 2022 ipsius
2240 1956 2476 2009 nominis
2530 1957 3004 2027 interpretatione,
3042 1959 3168 2027 quia
3218 1958 3319 2013 iste
3358 1956 3619 2027 Salphaat

2028 2060 2133 2099 non
2186 2048 2423 2113 potuerit
2480 2048 2616 2102 ﬁlios
2675 2064 2967 2119 generare,
3018 2050 3109 2104 sed
3149 2050 3307 2105 ﬁlias.
3353 2050 3621 2117 Interpre—

2040 2142 2185 2189 tatur
2226 2138 2395 2200 enim,
2455 2148 2507 2193 ut
2557 2140 2815 2204 diximus,
2854 2147 3039 2194 umbra
3079 2143 3131 2194 in
3162 2157 3249 2194 ore
3285 2140 3418 2210 ejus.
3458 2138 3622 2193 Vides

2028 2241 2155 2295 ergo
2215 2228 2467 2291 quoniam
2540 2230 2583 2283 si
2658 2231 2781 2299 quis
2843 2232 3090 2285 umbram
3147 2229 3276 2301 legis
3346 2231 3512 2285 habet
3566 2230 3619 2282 in

2027 2332 2143 2382 ore,
2176 2328 2227 2372 et
2258 2334 2362 2372 non
2394 2320 2565 2387 ipsam
2596 2321 2885 2392 imaginem
2941 2338 3146 2387 rerum,
3176 2324 3263 2377 hic
3307 2324 3432 2392 quia
3480 2322 3622 2376 nihil

2028 2410 2189 2481 355
2241 2411 2523 2479 spiritale,
2576 2413 2709 2467 nihil
2758 2413 3008 2483 profundi
3060 2414 3366 2470 intellectus
3417 2415 3622 2469 sentire

2031 2514 2231 2574 potest,
2263 2506 2357 2559 sed
2391 2507 2506 2560 sola
2533 2509 2727 2560 umbra
2764 2506 2898 2577 legis
2927 2507 2979 2561 in
3012 2523 3105 2562 ore
3136 2508 3252 2576 ejus
3280 2518 3385 2573 est,
3420 2523 3618 2563 sensus

2029 2597 2181 2652 vivos
2222 2606 2279 2652 et
2322 2599 2602 2667 Spiritales
2644 2615 2749 2655 nou
2798 2610 2976 2669 potest
3031 2615 3320 2671 generare,
3355 2617 3619 2669 generare

2033 2700 2211 2745 tamen
2250 2701 2430 2759 potest
2457 2706 2621 2761 opera
2659 2701 2709 2744 et
2752 2702 2933 2756 actus,
2962 2709 3082 2760 quae
3111 2701 3237 2746 sunt
3270 2692 3621 2761 simplicioris

2030 2783 2156 2837 vita:
2203 2783 2528 2835 ministeria.
2575 2782 2639 2835 Et
2675 2783 2798 2837 ideo
2850 2783 3090 2838 ostendit
3138 2784 3188 2835 in
3230 2783 3314 2836 his
3378 2782 3617 2836 clemen-

2032 2876 2105 2928 tia
2138 2875 2250 2937 Dei,
2302 2875 2445 2943 quod
2487 2875 2892 2928 innocentiores
2940 2877 3158 2944 quique,
3193 2876 3405 2930 etiamsi
3456 2892 3617 2930 sensu

2032 2967 2310 3031 deﬁciant,
2353 2966 2555 3020 habent
2595 2975 2773 3020 tamen
2831 2982 2993 3036 opera
3052 2966 3225 3030 bona,
3276 2982 3382 3020 non
3427 2968 3618 3021 exclu-

2033 3058 2233 3113 duntur
2279 3062 2348 3112 ab
2399 3059 2716 3113 lttcreditate
2753 3069 3089 3111 sanetorum.
3145 3057 3310 3112 Recte
3355 3071 3484 3128 ergo
3530 3059 3609 3112 lo-

2033 3160 2171 3204 cuta:
2198 3160 2323 3203 sunt
2354 3150 2477 3203 ﬁlia:
2511 3149 2791 3218 Salphaat.

2106 3264 2163 3317 2.
2208 3264 2331 3317 Post
2382 3264 2495 3317 luce
2542 3262 2763 3329 ponitur
2794 3261 2877 3315 lex
2915 3260 3006 3315 Dei
3054 3262 3121 3317 de
3162 3263 3530 3329 successione,
3560 3272 3620 3317 ut

2033 3357 2210 3426 primo
2240 3359 2404 3420 ﬁlius,
2453 3359 2563 3411 ﬁlia
2611 3359 2851 3413 secundo
2883 3360 2934 3413 iu
2984 3359 3101 3414 loco
3133 3360 3421 3425 succedat,
3456 3363 3617 3415 tertio

2034 3449 2224 3513 frater,
2272 3460 2467 3518 quarto
2501 3452 2672 3521 patris
2718 3450 2907 3505 frater.
2952 3452 3186 3519 Quintus
3236 3468 3374 3507 vero
3418 3454 3619 3523 gradus

2032 3550 2242 3594 certum
2276 3542 2517 3612 aliquem
2549 3558 2653 3595 non
2681 3544 2951 3612 designat,
2982 3546 3073 3598 sed
3105 3544 3362 3615 quisquis
3395 3545 3469 3599 illi
3500 3562 3617 3615 pro-

2033 3631 2287 3698 pinquior
2318 3647 2380 3685 ex
2430 3633 2576 3687 omni
2621 3632 2823 3686 familia
2864 3632 3054 3700 fuerit,
3090 3646 3145 3688 ut
3185 3636 3300 3705 ipse
3332 3641 3613 3693 succedat.

2033 3722 2086 3774 lu
2138 3724 2222 3777 his
2259 3735 2366 3776 tam
2400 3726 2613 3793 integer
2656 3737 2710 3780 et
2761 3727 3037 3796 perfectus
3084 3741 3169 3784 est
3206 3730 3446 3785 historia:
3490 3746 3615 3786 sen-

2032 3831 2147 3881 sus,
2180 3826 2238 3870 ut
2282 3817 2416 3871 nihil
2466 3820 2751 3888 requirere
2784 3822 3035 3877 videatur
3081 3826 3425 3879 extrinsecus
3476 3825 3612 3896 (l2).

2032 3911 2236 3964 Tamen
2286 3913 2330 3963 si
2381 3911 2507 3978 quis
2543 3912 2681 3964 bene
2728 3912 2780 3966 iu
2833 3914 3179 3982 spiritalibus
3228 3916 3436 3985 legibus
3482 3935 3611 3972 eru-

2032 4002 2178 4056 ditus
2215 4011 2332 4066 eSt,
2371 4010 2427 4056 et
2480 4002 2726 4072 pleniore
2788 3998 3032 4060 scientia:
3085 4007 3293 4062 lumine
3342 4010 3611 4077 radiatus,

2032 4093 2119 4146 ille
2169 4103 2349 4163 potest
2389 4094 2689 4163 intelligere
2730 4096 2975 4152 diversos
3024 4100 3157 4152 istos
3200 4101 3609 4155 successionum

2029 4186 2248 4256 gradus,
2283 4195 2335 4239 et
2383 4187 2652 4253 quomodo
2697 4185 2905 4255 primus
2950 4189 3021 4241 sit
3056 4192 3449 4257 consequendte
3498 4207 3612 4246 cu:-

2030 4282 2185 4335 lestis
2222 4281 2554 4335 litereditatis
2584 4281 2803 4348 gradus,
2831 4282 3091 4336 doctrina:
3122 4293 3177 4337 et
3209 4285 3455 4343 scientiae
3494 4302 3609 4339 me-

2032 4373 2157 4437 rito,
2204 4372 2295 4442 qui
2342 4380 2425 4426 est
2476 4372 2749 4426 masculus
2808 4372 2966 4427 ﬁlius.
3020 4374 3304 4430 Secundus
3374 4391 3602 4445 operum

2031 4466 2417 4536 praerogativa,
2468 4482 2588 4536 qua:
2637 4466 2745 4520 ﬁlia
2797 4476 2900 4521 est.
2949 4467 3171 4523 Tertius
3208 4472 3609 4539 compassionis

338 4551 568 4619 denique
604 4560 659 4604 et
682 4551 968 4619 quinarius
1012 4554 1091 4607 eis
1122 4570 1378 4609 numerus
1411 4532 1719 4611 ascribitur.
1756 4559 1924 4625 Quin-
1954 4532 2005 4593 υ
2027 4532 2261 4628 alicujus
2302 4567 2357 4613 et
2393 4532 2736 4623 imitationis,
2768 4569 2995 4629 propter
3026 4561 3168 4630 quod
3217 4572 3271 4616 et
3307 4561 3477 4616 frater
3508 4579 3610 4617 no-

338 4657 443 4710 que
483 4642 625 4697 enim
652 4645 901 4712 corporei
946 4661 1137 4701 sensus
1173 4656 1323 4713 sunt,
1370 4648 1567 4717 quibus
1596 4665 1757 4705 omne
1788 4667 1925 4720 epos

337 4732 582 4802 expletur
614 4732 665 4786 in
693 4747 942 4802 corpore.
979 4735 1099 4789 lstze
1130 4751 1261 4806 ergo
1289 4738 1528 4807 quinque
1567 4738 1708 4803 ﬁliae,
1741 4740 1791 4793 id
1839 4751 1924 4797 est

334 4840 556 4893 operum
588 4825 872 4893 perfectio,
898 4828 1111 4883 etiamsi
1145 4838 1299 4899 patre
1341 4832 1603 4885 orbentnr
1636 4840 1689 4885 et
1736 4847 1919 4887 rema-

337 4926 499 4970 neant
549 4916 827 4986 orphanze,
883 4932 987 4972 non
1020 4927 1203 4975 tamen
1254 4919 1544 4987 ejiciuntnr
1573 4923 1641 4975 ab
1692 4923 1920 4977 Incredi-

335 5016 466 5068 tate,
507 5023 681 5077 neque
716 5009 1074 5065 excluduntur
1104 5027 1132 5064 a
1162 5027 1350 5075 regno,
1379 5014 1471 5066 sed
1513 5012 1563 5064 iu
1597 5013 1774 5067 medio
1808 5014 1919 5083 ple-

336 5100 420 5154 bis
461 5100 552 5155 Dei
604 5102 908 5170 portionem
956 5104 1291 5160 haereditatis
1345 5106 1641 5175 accipiunt.
1698 5107 1916 5164 Interim

336 5193 617 5249 videamus
658 5196 781 5265 quis
828 5204 911 5250 est
968 5196 1070 5250 iste
1113 5206 1265 5266 pater
1314 5212 1522 5261 earum,
1551 5200 1641 5267 qui
1677 5210 1921 5254 mortuus

334 5299 458 5340 esse
490 5288 708 5343 dicitur.
745 5288 1024 5357 Salphaat,
1068 5290 1259 5358 inquit,
1311 5289 1568 5359 Salpltaat
1601 5300 1781 5345 autem
1836 5294 1918 5346 in~

408 5402 453 5433 ⁸⁷
478 5398 636 5455 Num.
672 5417 841 5466 xxvn,
872 5402 925 5467 7,
948 5402 1003 5465 8,
1027 5404 1082 5467 9,
1117 5402 1205 5467 l0,
1240 5404 1325 5457 ll.

410 5493 488 5565 (9)
518 5494 670 5559 Mss.,
700 5514 719 5546 ι
756 5496 899 5563 quod
927 5498 969 5550 si
1002 5513 1109 5550 non
1151 5498 1311 5551 fuerit
1338 5498 1385 5551 ei
1418 5499 1545 5559 lilia,
1587 5517 1605 5549 ι
1634 5508 1686 5551 et
1716 5499 1788 5551 ita
1824 5502 1918 5552 ha-

337 5566 430 5643 bet
451 5575 658 5643 _tex_t_ns
699 5565 1074 5643 Graecus'rt'bv
1110 5568 1186 5643 Of,
1220 5566 1337 5643 sai
1363 5568 1419 5621 δὲ
1470 5567 1543 5641 μὴ
1671 5568 1915 5643 Θυγάτηρ

341 5634 508 5707 αὐτῷ.
552 5635 852 5710 hlaleergo
898 5637 1027 5693 libb.
1075 5638 1204 5691 editi
1253 5634 1483 5700 habent,
1509 5634 1700 5710 (quod
1730 5634 1774 5694 si
1810 5634 1913 5693 non

338 5704 543 5759 fuerint
573 5707 621 5758 ei
654 5704 803 5759 ﬁlia}.
835 5724 852 5755 ›

410 5778 522 5845 (Ιυ)
552 5775 706 5838 Mss.,
739 5792 755 5825 I
795 5776 934 5829 tiliae.
962 5778 1153 5830 »|.ilili.
1186 5774 1337 5837 editi,
1376 5792 1393 5825 ι
1432 5772 1547 5827 ﬁlii.
1593 5793 1614 5824 ι

408 5847 518 5913 (lt)
555 5848 809 5914 Sutphuut
851 5860 1021 5901 autem
1075 5849 1446 5915 interpretatur
1493 5855 1667 5901 vitam
1713 5851 1763 5890 IN
1805 5850 1911 5891 eas

2027 4652 2288 4706 minatur.
2333 4651 2473 4707 Sunt
2518 4653 2662 4706 enim
2708 4654 2978 4717 nonnulli,
3024 4655 3112 4722 qui
3163 4664 3355 4723 sponte
3387 4656 3607 4724 quidem

2022 4757 2141 4808 sua,
2170 4751 2225 4797 et
2264 4744 2486 4812 proprio
2512 4743 2798 4798 intellectu
2841 4745 2977 4799 nihil
3006 4757 3191 4816 agunt,
3223 4749 3379 4817 positi
3427 4758 3606 4803 tamen

2021 4834 2165 4889 inter
2200 4835 2418 4899 fratres,
2451 4851 2516 4891 ex
2560 4837 2867 4892 imitatione
2910 4848 3235 4892 caaterorum
3281 4840 3470 4893 eadem
3523 4842 3607 4894 vi-

2025 4928 2221 4982 dentur
2251 4943 2412 4997 agere
2442 4944 2562 4998 qua}
2590 4940 2644 4984 et
2684 4930 2758 4983 illi
2802 4940 2991 4998 agunt,
3037 4931 3129 4999 qui
3167 4931 3442 4986 intellectu
3479 4948 3606 5001 pro-

2025 5018 2145 5087 prio
2191 5029 2498 5074 moventur.
2538 5022 2708 5074 Datur
2740 5021 2904 5075 etiam
2953 5010 3073 5075 istis
3128 5024 3318 5075 tertius
3369 5022 3606 5075 lucredi~

2027 5112 2156 5165 tatis
2198 5113 2298 5165 sub
2346 5112 2499 5166 titulo
2536 5111 2770 5167 fratrum
2831 5114 3070 5168 nominis
3112 5115 3334 5183 gradus.
3366 5112 3604 5179 Quartus

2024 5218 2174 5268 vero,
2227 5219 2389 5273 quem
2440 5205 2663 5261 fratrem
2711 5208 2884 5277 patris
2940 5208 3220 5276 nominat,
3263 5218 3439 5278 potest
3488 5210 3605 5262 lor-

2025 5296 2188 5348 tassis
2235 5296 2459 5367 intelligi
2515 5298 2603 5353 ille
2660 5301 2795 5355 ordo
2849 5301 3167 5367 hominum,
3210 5302 3299 5370 qui
3344 5301 3525 5354 audita
3570 5313 3603 5353 a

1404 5404 1450 5436 ⁵⁸
1484 5404 1499 5457 l
1536 5403 1671 5474 Reg.
1708 5421 1838 5470 xxv,
1866 5408 1957 5461 57.
2018 5410 2063 5441 ⁵9
2096 5407 2284 5461 Matth.
2318 5424 2453 5476 xxn,
2489 5412 2587 5480 Η..

2028 5511 2168 5551 mus.
2188 5499 2228 5553 Α
2252 5484 2344 5565 '71:,
2374 5521 2391 5553 ι
2421 5506 2631 5570 umbra,
2660 5524 2679 5557 ι
2708 5516 2761 5560 et
2782 5516 2879 5569 ηε),
2919 5526 2936 5559 ι
2972 5522 3053 5570 οε,
3077 5508 3208 5562 oris.
3244 5526 3262 5556 ι

2079 5572 2203 5650 ,(12)
2244 5572 2423 5629 Codex
2471 5575 2653 5631 Sancti
2698 5577 3021 5632 Theudorici
3076 5575 3381 5643 ltemeusis,
3430 5595 3449 5630 ι
3508 5579 3594 5634 in-

2023 5648 2313 5698 trinsecus.
2342 5662 2359 5694 ι

2092 5710 2205 5785 (15)
2248 5710 2406 5777 Mss,
2460 5733 2478 5765 ι
2510 5715 2635 5771 huic
2681 5714 2983 5784 proximus.
3016 5734 3034 5769 ι
3085 5715 3240 5774 Libb.
3268 5718 3438 5781 edin,
3480 5735 3499 5770 ι
3532 5720 3599 5785 iis

2018 5784 2319 5849 proximus.
2348 5802 2367 5836 ι
