4134 6422
447 424 553 481 765

1915 385 2238 449 ORlGENlS

3615 373 3720 428 7H

448 537 716 609 pan-ibus,
756 539 808 584 et
841 538 1085 583 veterum
1121 519 1439 576 narratione
1477 527 1730 584 suscepta
1762 524 2032 566 conantur
2061 515 2104 567 Α
2136 495 2936 572 ipsetransgressioniscrimen
2959 487 3530 556 incurrit,etiamipse
3547 485 3721 541 factus

1829 604 1842 609 -
2205 607 2213 609 _
2249 608 2254 609 ,
2307 593 2318 609 ι
2362 607 2381 609 α
2403 607 2414 609 _
2436 607 2448 609 _
2469 607 2480 609 _
2503 599 2574 609 _.-
2621 587 2824 609 |_I-:_-..
2872 599 2963 609 -..Α
2986 584 3033 609 1,.
3075 597 3193 609 ιιι-η.
3220 578 3541 609 ηηηίιιιοηιῖη
3568 578 3720 609 Αζιιο-

451 626 698 695 imp'lere,
743 633 937 678 etnon
984 629 1091 673 tam
1129 615 1364 686 propriis
1411 611 1663 666 sensibus
1716 604 1884 667 moti,
1933 615 2030 656 nec

449 717 738 787 praesentis
767 713 1027 768 doctrinae
1053 702 1570 763 commonitionibus
1589 695 1836 756 excitati,
1865 709 2029 762 quam

452 820 695 865 veterum
741 805 824 860 vel
872 802 1185 866 traditione,
1229 799 1312 852 vel
1356 794 1749 851 consuetudine
1797 788 1910 844 sola
1953 788 2035 840 in-

452 901 648 962 stituti,
685 899 811 954 boni
863 907 1044 950 tamen
1097 893 1298 960 aliquid
1351 899 1568 957 gerunt.
1622 885 1858 941 Ultimus
1906 894 2036 933 vero

459 997 659 1064 gradus
695 991 958 1046 scribitur
990 988 1101 1051 ille,
1137 986 1230 1055 qui
1265 983 1511 1053 quolibet
1555 989 1713 1049 pacto
1749 976 1874 1030 huic
1915 988 2036 1041 pro-

413 1143 425 1166 ”,
453 1087 634 1140 ximus
665 1085 775 1154 (15)
812 1083 978 1136 fuerit
1005 1101 1018 1136 :
1050 1081 1208 1149 quasi
1254 1079 1298 1132 si
1341 1077 1571 1137 diceret,
1591 1072 1718 1126 Sive
1751 1067 2039 1121 occasione

454 1180 568 1232 sive
594 1178 825 1232 veritate
869 1174 1132 1229 doctrinm
1162 1173 1204 1226 si
1253 1170 1377 1238 quis
1411 1166 1612 1237 aliquid
1659 1163 1786 1215 boni
1820 1159 2035 1222 l‘i-cerit,

425 1259 563 1323 [non
598 1267 794 1337 peribit
823 1266 949 1320 boni
982 1263 1166 1334 operis
1217 1275 1447 1321 merces,
1493 1256 1585 1311 sed
1634 1255 1896 1323 largiente
1936 1252 2041 1304 Do-

456 1363 604 1415 mino
640 1362 814 1414 locum
867 1356 1206 1412 haereditatis
1256 1353 1512 1419 accipiet.
1561 1347 1688 1400 llmc
1743 1343 1960 1411 quidem
2009 1357 2038 1394 a

456 1455 614 1509 nobis
669 1454 925 1506 audacter
984 1447 1229 1502 fortassis
1293 1449 1654 1511 prtesumpttt,
1701 1446 1754 1488 et
1809 1435 1860 1487 in
1926 1446 2042 1485 me-

460 1545 610 1598 dium
653 1542 865 1611 prolata
896 1539 1205 1597 videantur,
1244 1550 1348 1587 non
1391 1542 1565 1584 tamen
1604 1527 1709 1580 erit
1749 1524 2042 1578 absurdqu

466 1640 513 1690 si
571 1632 909 1704 spiritalibus
962 1627 1228 1699 spiritalia
1288 1630 1684 1693 proponentes,
1733 1617 2047 1670 secretioris

464 1744 558 1783 eos
599 1722 970 1793 intelligentiae
993 1718 1358 1777 aemulatores,
1379 1712 1713 1782 cupidosque
1736 1707 2045 1760 reddamus.

531 1819 585 1871 '5.
629 1817 758 1870 Post
794 1817 905 1867 haec
939 1813 1167 1865 historia
1210 1805 1466 1867 refertur,
1504 1812 1558 1858 et
1591 1800 1906 1855 narratione
1950 1797 2049 1849 ini-

461 1909 670 1971 rabilis,
696 1915 750 1960 et
783 1905 1057 1958 intellectu
1110 1899 1418 1968 magnillea.
1453 1895 1678 1949 Ponitur
1721 1894 1864 1947 enim
1912 1903 2048 1958 quo-

461 2000 624 2056 modo
671 1999 811 2051 Deus
857 1995 1055 2048 dixerit
1093 1992 1157 2044 ad
1214 1989 1467 2058 Moysen,
1517 1996 1574 2040 nt
1626 1984 1947 2038 ascenderet
1994 1979 2048 2031 in

463 2101 725 2155 montem,
746 2098 802 2143 et
834 2087 956 2142 inde
985 2100 1107 2140 cum
1131 2081 1524 2152 prospexisset,
1545 2076 1840 2132 ctintnitus
1859 2075 2053 2128 fuisset

467 2196 686 2238 omnem
710 2190 909 2233 terram
940 2170 1400 2245 repromissionis,
1426 2169 1500 2222 ibi
1522 2167 1924 2236 defungeretur.
1946 2164 2051 2220 Sed

465 2275 556 2330 ille
613 2273 704 2342 qui
764 2269 939 2340 populi
990 2281 1173 2321 curam
1234 2264 1406 2332 magis
1452 2276 1613 2332 quam
1659 2259 1743 2314 sui
1801 2268 2051 2327 gereret,

467 2376 590 2422 orat
626 2366 690 2418 ad
733 2363 898 2415 Deum
937 2369 992 2413 ut
1025 2358 1309 2428 provideat
1345 2355 1614 2409 hominem
1649 2351 1738 2420 qui
1771 2358 1925 2419 regat
1957 2365 2052 2419 po-

469 2461 653 2530 pulum
706 2455 916 2510 Israel:
958 2471 976 2504 ι
1007 2451 1086 2506 Ne
1136 2452 1266 2514 fiat,
1316 2446 1582 2516 inquit“,
1635 2457 1902 2512 synagoga
1943 2442 2056 2495 lia-c

471 2555 614 2608 sicut
645 2565 776 2605 oves
806 2549 1004 2618 quibus
1036 2561 1142 2600 non
1176 2553 1258 2598 cst
1295 2551 1532 2612 pastor.»
1560 2537 1695 2592 Vide
1721 2549 1849 2606 ergo
1876 2533 2056 2602 primo

471 2646 712 2699 omnium
748 2641 1018 2711 quomodo
1050 2639 1141 2707 qui
1180 2635 1455 2706 perfectus
1496 2641 1552 2684 et
1586 2631 1776 2684 beatus
1806 2639 1912 2691 est,
1948 2642 2055 2680 non

475 2739 528 2790 in
564 2735 720 2798 valle,
771 2749 870 2787 nec
906 2733 956 2784 in
991 2730 1172 2798 aliqua
1211 2736 1370 2780 terrae
1404 2723 1650 2794 planitie,
1686 2729 1779 2773 aut
1815 2721 1866 2774 in
1921 2718 2060 2774 colle

474 2832 676 2900 aliquo,
724 2827 813 2882 sed
852 2824 908 2879 in
953 2833 1156 2885 monte,
1201 2819 1251 2872 id
1313 2826 1398 2871 est
1444 2819 1494 2869 in
1537 2814 1644 2867 alto
1679 2821 1733 2867 et
1784 2811 1838 2866 in
1890 2813 2060 2865 arduo

473 2919 781 2988 defungitur
812 2916 947 2969 loco.
980 2913 1114 2966 Vita:
1147 2923 1378 2977 namque
1409 2907 1524 2976 ejus
1564 2903 1970 2958 consummatio
2005 2909 2061 2955 et

478 3010 740 3083 perfectio
770 3006 1076 3061 habebatur
1114 3001 1169 3055 in
1219 2999 1459 3055 excelso.
1503 2995 1608 3050 Sed
1639 3003 1696 3050 et
1737 2993 1915 3049 oculis
1947 2993 2062 3047 suis

477 3101 726 3159 contueri
764 3100 986 3170 jubetur
1011 3107 1226 3150 omnem
1264 3101 1463 3144 terram
1503 3085 1968 3158 repromissionis,
2003 3094 2062 3138 et

483 3199 774 3268 diligenter
799 3207 866 3248 ex
914 3186 1174 3242 eminenti
1223 3183 1457 3239 statione
1488 3190 1686 3238 cuncta
1723 3179 2058 3249 perspicere.

483 3289 788 3359 Oportebat
819 3283 962 3338 enim
1008 3291 1277 3333 summam
1309 3271 1664 3344 perfectionis
1706 3279 2065 3324 consecutura

490 3381 626 3436 nibil
673 3374 1008 3444 incognitum
1075 3381 1380 3429 remanere,
1429 3364 1521 3419 sed
1575 3370 1898 3416 cunctorum
1945 3374 2069 3428 quas

487 3474 736 3528 videntur
784 3477 839 3522 et
887 3465 1183 3518 audiuntur
1241 3461 1446 3514 habere
1499 3456 1799 3511 notitiam:
1843 3452 1913 3506 ob
1967 3453 2069 3504 hoc

489 3566 672 3629 credo,
701 3571 759 3614 ιιι
792 3557 1033 3615 omnium
1067 3569 1188 3623 quze
1226 3553 1278 3605 in
1319 3565 1483 3605 carne
1525 3549 1756 3618 positus,
1792 3543 2065 3613 corporali

490 3658 655 3727 cmpit
700 3658 953 3720 aspectu,
991 3647 1042 3700 iu
1089 3644 1283 3713 spiritu
1335 3641 1580 3705 effectus,
1624 3647 1679 3692 et
1713 3637 1860 3690 nuda
1895 3643 2076 3689 mente

491 3752 557 3806 ad
594 3746 862 3801 auditoria
895 3750 951 3796 et
981 3736 1368 3806 discipulatunt
1419 3731 1700 3802 sapientia:
1751 3742 2069 3799 preperaus,

495 3843 756 3899 velociter
781 3851 968 3893 eorum
999 3831 1240 3888 rationes
1263 3836 1583 3895 assequatur
1607 3833 1662 3878 et
1692 3838 1907 3877 causas.
1941 3820 2073 3874 Nam

500 3937 632 4007 quid
664 3932 938 3987 videbitur
975 3923 1231 3980 utilitatis
1264 3931 1321 3973 ut
1347 3921 1640 3974 decessum
1671 3915 1736 3971 de
1773 3913 1993 3977 smeulo,
2024 3923 2079 3967 et

498 4032 662 4085 ﬁnem
701 4027 829 4080 vitae
859 4019 1020 4088 hujus
1062 4015 1312 4086 protinus
1338 4019 1626 4080 accepturo
1657 4007 2080 4062 ostenderentur

499 4133 660 4179 terra:
705 4128 760 4174 et
808 4117 927 4172 loca
983 4124 1216 4183 quorum
1275 4119 1375 4161 nec
1428 4104 1666 4159 laborem
1721 4112 2083 4171 perpessurus

492 4228 644 4275 esset
679 4214 815 4288 (14),
847 4224 948 4264 nec
982 4206 1211 4278 gratiam
1247 4197 1638 4270 suscepturus?
1667 4195 1949 4250 Perterret
1994 4207 2081 4247 me

497 4327 632 4367 sane
674 4284 852 4365 sermo
898 4304 989 4374 qui
1041 4299 1307 4369 sequitur,
1353 4306 1410 4351 et
1445 4294 1512 4347 ad
1553 4288 1844 4346 dicendum
1894 4284 2077 4339 reddit

503 4404 750 4458 timidum
788 4414 855 4454 ac
904 4395 1210 4464 trepidmn,
1257 4406 1364 4461 quo
1419 4389 1486 4442 de
1531 4397 1727 4453 magno
1767 4381 1859 4434 illo
1902 4378 2085 4448 Moyse

502 4495 709 4550 famulo
748 4502 805 4548 et
839 4491 1016 4545 amico
1063 4489 1180 4552 Dei,
1211 4487 1301 4542 cui
1353 4483 1492 4539 facie
1538 4479 1603 4533 ad
1642 4478 1833 4532 facient
1874 4474 2086 4527 locutus

503 4598 590 4644 est
616 4589 782 4651 Deus,
810 4601 906 4655 per
933 4599 1094 4655 quem
1129 4582 1282 4651 signa
1310 4587 1365 4633 et
1393 4577 1625 4629 virtutes
1669 4568 1918 4625 mirifica:
1967 4582 2091 4636 per-

509 4689 732 4752 petratze
757 4689 905 4740 sunt,
931 4685 1038 4729 tam
1068 4673 1275 4744 gravia,
1305 4680 1410 4722 tam
1435 4664 1734 4735 periculosa
1760 4661 2091 4716 referuntur.

512 4750 650 4839 Quid
680 4771 825 4824 enim
860 4767 908 4822 ei
943 4766 1078 4820 dicit
1120 4763 1293 4818 Deus?
1331 4779 1351 4814 ι
1380 4761 1449 4816 Ει
1492 4755 1799 4827 apponeris,
1833 4750 2094 4821 inquit“,

517 4868 580 4920 ad
619 4863 871 4935 populum
905 4869 1054 4914 tuum
1084 4868 1139 4912 et
1170 4865 1248 4926 tu,
1285 4856 1426 4909 sicut
1474 4849 1752 4920 appositus
1796 4853 1878 4899 est
1917 4844 2096 4897 Aaron

525 4959 694 5010 frater
719 4964 838 5008 tuus
873 4953 926 5007 in
965 4956 1145 5005 monte
1178 4946 1271 5002 0r.
1302 4966 1321 4999 ι
1362 4946 1426 4999 Ει
1457 4941 1618 5012 quasi
1647 4953 1869 4994 causam
1905 4935 2096 4989 mortis

518 5048 738 5116 exponit
758 5046 943 5100 dicens
971 5061 986 5098 :
1012 5061 1030 5095 ι
1064 5030 1292 5108 Propter
1319 5036 1461 5107 quod
1479 5030 1803 5100 transgressi
1825 5027 1956 5082 estis
1975 5041 2094 5078 ver-

521 5140 644 5194 bum
677 5152 856 5192 menm
890 5137 942 5190 in
967 5135 1182 5188 deserto
1207 5132 1323 5195 Sin,
1349 5143 1472 5183 cum
1504 5123 1701 5180 restitit
1728 5131 1999 5191 synagoga
2033 5129 2099 5168 ne

521 5249 607 5288 me
640 5229 1027 5287 sanctificaret.
1061 5228 1176 5282 Non
1221 5240 1308 5280 me
1350 5217 1729 5278 saactilicastis
1767 5216 1818 5268 in
1842 5225 1981 5281 aqua
2014 5223 2105 5261 co-

517 5340 637 5382 ram
669 5326 768 5381 cis.
796 5344 814 5377 ι
856 5324 1069 5393 Ergone
1097 5319 1152 5374 in
1176 5318 1330 5387 culpa
1351 5326 1432 5371 est
1457 5315 1619 5368 etiam
1656 5303 1905 5378 Moyses?
1931 5301 2103 5354 Etiam

1838 5441 1882 5472 θ’
1923 5439 2150 5497 Ront.v,
2183 5431 2268 5482 H.

1885 5511 1930 5541 ⁵⁸
1972 5495 2253 5564 ΙὺίιηῚὸ,
2299 5495 2499 5561 19,ΞΟ.

593 5464 639 5496 ⁸ο
682 5464 839 5517 Num.
881 5475 1062 5522 xxvii,
1109 5457 1194 5510 l7.
1268 5457 1310 5487 ⁶¹
1355 5453 1485 5508 ibid.
1527 5449 1615 5522 1ῖὸἳ
1643 5445 1746 5522 ⁸14)

533 5535 578 5567 ⁶⁸
623 5534 785 5589 Νιιιιι.
821 5549 900 5598 x1,
940 5517 1060 5584 16(
1107 5530 1148 5560 ⁸⁷
1189 5525 1353 5580 Nunt.
1386 5537 1558 5584 χχιιι,
1603 5517 1689 5580 16,
1726 5517 1803 5568 17.

601 5671 712 5741 (14)
752 5671 917 5727 Mss..
975 5689 993 5718 ι
1039 5677 1396 5736 perpessurus
1450 5665 1617 5714 esset.
1650 5675 1667 5707 ι
1730 5651 1885 5705 Libb.
1933 5645 2104 5709 editi,

535 5761 553 5792 ι
588 5755 872 5808 perpessus
901 5748 1003 5793 est.
1025 5757 1043 5789 ι

606 5789 1102 5881 (1ἴῖι11ὲιῖιιξίιιεε.
1130 5806 1357 5881 habent,
1404 5819 1421 5851 ι
1447 5798 1680 5881 Gnersnm
1722 5801 1778 5846 et.
1815 5789 2059 5881 'EIliezer,
2087 5804 2104 5835 ι

539 5887 678 5937 male
702 5863 838 5935 [vero
873 5879 993 5932 libri
1025 5887 1182 5930 antea
1222 5863 1384 5933 editi,
1429 5890 1445 5920 I
1475 5869 1680 5920 Gerson
1720 5873 1772 5916 et
1815 5863 2056 5916 Eleazar.
2087 5873 2106 5904 ι

2139 607 2217 646 est
2241 593 2338 646 sub
2359 599 2600 661 peccato.
2621 587 2849 649 Idcirco,
2869 584 3059 646 credo,
3073 597 3195 635 eum
3218 578 3542 634 confidentia
3568 578 3720 632 dice-

2141 683 2533 755 batApostolus
2553 679 2619 744 θ’,
2638 678 2762 749 quia
2785 695 2804 728 ι
2835 675 3080 746 regnavit
3105 687 3250 727 mors
3276 671 3345 725 ab
3365 669 3535 723 Adam
3555 683 3725 738 usque

2143 781 2206 835 ad
2241 779 2478 847 Moysen.
2506 793 2524 825 ι
2566 769 2812 826 Accessit
2842 768 2986 822 enim
3025 766 3092 820 ad
3126 765 3370 836 Moysen,
3395 771 3452 816 et
3481 776 3585 816 nec
3619 762 3732 830 ipse

2143 868 2402 938 ιιιιμιετείι.
2429 865 2496 918 Ει
2516 864 2657 928 ideo,
2685 860 2900 930 opinor,
2929 856 3142 912 dicebat
3160 855 3230 919 ⁸³,
3255 854 3378 923 quia
3397 871 3416 905 ι
3445 861 3743 920 ρθοοιιιιιῐιι-

2145 960 2391 1014 introivit
2423 959 2473 1010 iu
2509 955 2654 1009 hunc
2689 952 2971 1012 mundum,
2997 959 3053 1003 et
3099 961 3195 1014 per
3229 955 3516 1015 peccatum
3550 942 3733 1004 mors,’

2147 1053 2200 1104 in
2244 1063 2351 1117 quo
2379 1060 2573 1101 omnes
2613 1050 3040 1112 peccaverunt.»
3081 1039 3146 1091 Ει
3183 1038 3377 1091 iterum
3414 1035 3500 1088 °":
3535 1052 3554 1084 ι
3583 1033 3724 1088 Con-

2147 1144 2310 1197 elusit
2344 1141 2486 1194 Deus
2516 1151 2705 1191 omnes
2751 1134 2854 1189 sub
2899 1141 3142 1201 peccato,
3187 1137 3246 1182 ut
3275 1127 3528 1182 omnibus
3559 1116 3725 1180 misr}

2148 1246 2350 1288 reatur.
2375 1249 2396 1285 ι
2435 1229 2538 1284 Sed
2571 1227 2772 1297 gratias
2804 1224 3031 1277 Domino
3059 1219 3184 1274 Jesu
3216 1219 3456 1280 Christo,
3491 1215 3585 1284 qui
3630 1228 3726 1268 nos

2151 1322 2404 1375 liberavit
2435 1319 2500 1372 de
2529 1330 2756 1385 corpore
2790 1313 2978 1365 mortis
3007 1311 3187 1380 hujus,
3221 1319 3278 1361 ut
3309 1308 3399 1362 ubi
3435 1300 3738 1360 abundavit

2150 1423 2456 1484 peccatum,
2506 1405 2975 1475 superabundaret
3021 1401 3194 1470 gratia
3224 1401 3290 1453 ⁸⁵.
3334 1398 3468 1452 Nam
3521 1396 3731 1469 Moyses

2153 1507 2422 1576 quomodo
2477 1501 2710 1567 aliquem
2772 1494 3007 1548 liberare
3058 1491 3328 1561 potuisset
3374 1504 3407 1543 a
3469 1489 3732 1557 peccatis,

2153 1617 2274 1655 cum
2299 1599 2460 1652 etiam
2491 1593 2589 1661 ipsi
2619 1590 2850 1649 dicatur,
2877 1584 3002 1655 quia
3043 1601 3060 1634 ι
3099 1581 3424 1650 transgressi
3449 1579 3588 1634 estis
3615 1594 3734 1633 ver.

2154 1696 2279 1747 bum
2334 1703 2510 1744 meum
2558 1687 2610 1738 in
2659 1685 2881 1737 deserto
2923 1679 3018 1732 Sin
3046 1716 3062 1742 ,
3103 1683 3159 1728 et
3205 1690 3312 1727 tton
3362 1688 3447 1726 me
3487 1672 3736 1729 sanctifi-

2156 1787 2320 1840 rastis
2345 1785 2397 1836 in
2422 1794 2559 1848 aqua
2583 1789 2766 1831 coram
2795 1773 2920 1825 ﬁliis
2946 1767 3143 1824 Israel?
3167 1785 3185 1818 ι
3214 1773 3273 1819 ιιι
3294 1763 3638 1818 manifestum
3666 1765 3738 1816 sit

2082 1877 2124 1931 Β
2157 1877 2408 1932 omnibus
2429 1869 2570 1942 quod
2598 1869 2686 1922 ille
2711 1867 2903 1922 debeat
2926 1863 3071 1917 solus
3097 1857 3320 1926 requiri,
3338 1857 3429 1926 qui
3455 1857 3604 1911 solus
3619 1870 3738 1925 pec.

2155 1981 2334 2026 catum
2376 1980 2480 2020 non
2506 1962 2664 2024 fecit,
2706 1973 2804 2012 nec
2835 1959 3088 2010 inventus
3115 1961 3198 2006 est
3223 1950 3376 2005 dolus
3400 1951 3454 2003 in
3478 1963 3574 2003 ore
3599 1947 3735 2015 ejus.

2224 2062 2278 2115 4.
2323 2059 2428 2113 Sed
2458 2054 2672 2110 interim
2699 2051 2976 2103 videamus
3001 2046 3202 2116 Moysis
3247 2041 3734 2112 magnificentiam.

2155 2153 2494 2208 Recessurus
2541 2147 2606 2198 de
2653 2140 2854 2198 saeculo
2912 2147 3036 2193 orat
3093 2137 3293 2196 Deum,
3337 2142 3398 2186 ut
3463 2131 3741 2201 provideat

2155 2244 2350 2298 ducem
2393 2237 2612 2308 populo.
2654 2232 2793 2299 Quid
2825 2229 2964 2300 agis,
2990 2243 3023 2282 ο
3064 2223 3311 2297 Moyses?
3340 2222 3594 2291 Nunquid
3646 2219 3739 2274 lilii

2159 2334 2256 2389 tibi
2285 2346 2391 2386 non
2428 2337 2576 2390 sunt,
2599 2324 2829 2380 Gersum
2853 2332 2907 2376 et
2929 2320 3142 2376 Eliezer
3179 2316 3327 2389 (ιδῃ
3361 2314 3526 2385 356
3555 2315 3668 2366 Ant
3693 2312 3739 2366 si

2159 2425 2363 2493 aliquid
2393 2423 2459 2475 de
2487 2420 2620 2489 ipsis
2648 2417 2888 2479 dubitas,
2914 2426 3021 2465 non
3049 2417 3176 2465 sunt
3210 2407 3306 2462 lilii
3342 2405 3529 2461 fratris
3558 2404 3739 2473 magni

2159 2529 2216 2572 et
2241 2513 2443 2586 egregii
2472 2510 2609 2564 viri?
2647 2505 2933 2574 Quomodo
2971 2515 3076 2555 non
3102 2514 3229 2554 oras
3257 2499 3421 2552 Demn
3461 2511 3560 2565 pro
3587 2495 3741 2564 ipsis,

2162 2617 2220 2665 ut
2242 2585 2339 2664 eos
2381 2602 2678 2660 constituat
2708 2596 2905 2669 populo
2931 2593 3130 2648 duces?
3169 2591 3275 2646 Sed
3306 2590 3534 2650 discant,
3559 2585 3745 2641 Eccle-

2162 2703 2364 2757 siarmn
2393 2694 2666 2765 principes
2691 2699 3036 2744 successores
3060 2683 3165 2738 sibi
3207 2696 3312 2735 non
3342 2695 3459 2739 eos.
3486 2680 3577 2747 qui
3609 2692 3737 2732 con-

2162 2789 2532 2861 s:mguinitate
2553 2783 2769 2855 generis
2787 2779 2961 2849 juncti
2989 2783 3137 2843 sunt,
3165 2787 3265 2827 nec
3288 2771 3379 2840 qui
3410 2769 3594 2824 carnis
3617 2782 3745 2837 pro-

2165 2885 2473 2957 pinqnitate
2518 2878 2819 2939 sociantur,
2895 2877 3222 2925 testamento
3280 2864 3529 2934 signare,
3574 2874 3749 2927 neque

2168 2955 2580 3037 li'aereditarium
2630 2970 2849 3026 tradere
2897 2962 3159 3018 Ecclesia:
3215 2955 3749 3029 principatum,.sed

2169 3073 2377 3130 referre
2400 3069 2467 3124 ad
2487 3063 2750 3135 judicium
2786 3058 2902 3120 Dei,
2933 3064 2988 3108 ct
3017 3068 3124 3107 non
3149 3053 3355 3120 eligere
3385 3048 3561 3110 illum,
3589 3058 3750 3113 quem

2170 3166 2441 3219 humanus
2475 3152 2820 3212 commendat
2861 3143 3108 3207 all'ectus,
3146 3143 3240 3196 sed
3285 3139 3374 3194 Dei
3417 3138 3625 3206 judicio
3671 3144 3752 3187 to-

2173 3267 2287 3310 tum
2327 3254 2396 3308 de
2434 3241 2775 3305 successoris
2813 3239 3083 3294 electione
3115 3231 3460 3303 permittere.
3502 3225 3754 3294 Nunquid

2173 3368 2278 3407 non
2309 3351 2524 3417 poterat
2568 3340 2781 3410 Moyses
2827 3332 3027 3400 eligere
3073 3326 3384 3397 principem
3437 3319 3658 3392 populo,
3700 3328 3759 3372 et

2176 3411 2531 3511 vero'judicio
2558 3435 2783 3504 eligere,
2809 3439 2864 3484 et
2906 3434 3051 3481 recta
3086 3423 3342 3491 justaque
3367 3414 3664 3474 sententia,
3691 3411 3758 3465 ad

2176 3503 2343 3610 queui
2379 3537 2591 3589 dixerat
2634 3503 2778 3583 Deus
2809 3524 2896 3576 “z
2939 3539 2957 3574 ι
2989 3519 3139 3587 Elige
3179 3519 3521 3584 presbyteros
3567 3503 3760 3578 populo

2179 3596 2316 3702 quos
2360 3637 2414 3682 tu
2449 3627 2564 3695 ipse
2595 3623 2704 3676 scis
2746 3621 3098 3688 presbyteros
3123 3623 3265 3673 esse,
3298 3623 3318 3657 ι
3346 3614 3400 3658 et
3427 3600 3593 3670 elegit
3623 3596 3762 3651 tales

2181 3697 2235 3781 in
2285 3723 2484 3793 quibus
2527 3715 2787 3772 continuo
2840 3710 2932 3764 Dei
2981 3705 3212 3775 spiritus
3264 3697 3668 3767 requiesceret,
3707 3697 3763 3742 et

2185 3782 2578 3890 prophetarent
2606 3805 2832 3865 omnes?
2859 3801 2993 3870 Quis
3039 3810 3171 3866 ergo
3223 3793 3296 3846 ita
3344 3785 3520 3857 potuit
3559 3782 3762 3850 eligere

2183 3877 2485 3982 principem
2513 3901 2721 3974 populi,
2749 3910 2809 3952 ut
2853 3897 3068 3965 Moyses
3104 3881 3358 3957 poterat?
3393 3878 3499 3982 sed
3521 3877 3631 3982 hoc
3657 3888 3764 3926 non

2189 3964 2341 4065 iacit,
2367 3964 2476 4052 iton
2503 3964 2678 4064 eligit,
2710 3964 2814 4043 neu
2862 3964 3048 4038 audet.
3075 3978 3186 4034 Cur
3215 3989 3320 4031 non
3352 3967 3545 4025 audet?
3571 3964 3645 4019 Ne
3673 3978 3770 4032 po-

2189 4093 2354 4152 steris
2421 4082 2863 4160 praesumptionis
2933 4075 3208 4141 relinquat
3270 4061 3602 4130 exemplum.
3661 4056 3767 4111 Sed

2189 4147 2438 4240 ausculta
2462 4177 2592 4248 quid
2618 4147 2750 4230 dicit
2775 4191 2788 4225 :
2825 4191 2842 4222 ι
2871 4167 3184 4224 Provideat,
3216 4155 3389 4226 inquit
3409 4152 3476 4218 °",
3513 4147 3772 4204 Dominus

2193 4277 2334 4331 Deus
2365 4271 2654 4343 spirituum
2704 4275 2761 4320 et
2798 4261 2976 4318 omnis
3020 4254 3229 4319 carnis,
3283 4242 3559 4301 hominem
3609 4251 3772 4307 super

2193 4381 2522 4444 synagogam
2567 4364 2729 4424 hanc,
2767 4359 2859 4428 qui
2907 4353 3219 4424 egrediatur
3264 4354 3394 4398 ante
3437 4341 3632 4396 faciem
3674 4351 3772 4390 eo-

2197 4427 2336 4530 riun,
2361 4471 2415 4516 et
2440 4460 2532 4529 qui
2569 4452 2925 4524 ingrediatur,
2957 4456 3011 4498 et
3035 4443 3125 4511 qui
3155 4440 3421 4509 producat
3441 4449 3564 4499 eos,
3592 4439 3646 4486 et
3678 4427 3773 4498 qui

2121 4563 2166 4618 ι)
2201 4526 2487 4609 reducani
2525 4548 2584 4602 Si
2630 4558 2760 4614 ergo
2805 4547 2988 4593 tantus
3015 4535 3104 4588 ille
3132 4547 3195 4586 ac
3237 4530 3359 4585 talis
3405 4526 3623 4595 Moyses
3665 4534 3773 4574 non

2194 4612 2715 4718 permittitjudicioi
2740 4648 2837 4687 suo
2879 4630 2946 4683 de
2983 4624 3236 4695 eligendo
3268 4621 3514 4692 principe
3553 4612 3775 4685 populi,

2198 4707 2264 4794 ile
2306 4707 2693 4793 constituendo
2739 4735 3079 4784 successore,
3127 4717 3252 4786 quis
3287 4713 3393 4768 erit
3431 4710 3520 4780 qui
3550 4707 3776 4771 audeat,

2197 4830 2280 4885 vel
2324 4844 2392 4883 ex
2419 4825 2571 4897 plebe
2596 4834 2717 4889 quae
2745 4832 2889 4888 smpe
2929 4812 3265 4868 clamoribus
3291 4807 3356 4861 ad
3404 4803 3655 4871 gratiam,
3686 4807 3780 4852 aut

2199 4923 2376 4993 pretio
2411 4891 2661 4974 fortassis
2707 4912 2947 4965 excitata
2994 4903 3108 4975 (16)
3141 4901 3348 4957 moveri
3376 4896 3546 4960 solet,
3587 4891 3671 4945 vel
3712 4905 3777 4942 ex

2208 5015 2340 5085 ipsis
2365 5013 2530 5067 etiaut
2556 5005 2932 5063 sacerdotibus
2957 4998 3080 5069 quis
3105 4997 3210 5050 erit
3231 4994 3318 5062 qui
3349 5007 3409 5046 se
3435 4989 3683 5044 idoneum
3713 4986 3778 5034 ad

2205 5111 2310 5165 hoc
2333 5106 2560 5174 judicet,
2589 5101 2690 5155 nisi
2731 5100 2776 5154 si
2807 5097 2894 5152 cui
2925 5092 3126 5158 oranti,
3164 5099 3219 5142 et
3245 5083 3450 5154 petenti
3495 5095 3523 5133 a
3556 5075 3783 5132 Domino

2211 5165 2516 5256 reveletur?
2551 5165 2718 5249 Sient
2752 5201 2804 5246 et
2838 5189 2978 5242 Deus
3006 5185 3138 5237 dicit
3164 5182 3230 5234 ad
3273 5177 3489 5246 Moysen
3517 5169 3562 5202 θ’
3588 5187 3604 5224 :
3635 5186 3652 5217 ι
3681 5165 3785 5218 As-

2214 5306 2367 5347 sutne
2390 5289 2455 5343 ad
2501 5287 2849 5354 temetipsum
2893 5276 3078 5333 Jesum
3103 5273 3281 5334 lilium
3309 5267 3475 5328 Nave,
3507 5259 3782 5315 hominem

2362 5425 2406 5457 ³³
2460 5424 2586 5474 ibid.
2631 5419 2716 5473 19..
2794 5417 2840 5449 ⁸⁸
2875 5416 3030 5468 Ιὶοιιι.
3063 5428 3137 5472 χι,
3175 5405 3265 5460 39..
3345 5405 3388 5434 (⁵⁵
3419 5401 3575 5453 Boni.
3606 5411 3658 5458 v,
3692 5390 3785 5445 εἷο.

2220 5639 2350 5695 \‘ide
2383 5634 2550 5690 Exod.
2581 5647 2639 5694 ιι,
2665 5628 2758 5686 ‘22,
2786 5637 2838 5679 et
2871 5621 3038 5695 Exod:
3072 5613 3316 5695 xvut..$.
3572 5690 3582 5695 ἢ
3625 5669 3638 5695 Ι
3669 5667 3679 5695 ε

2288 5668 2649 5778 ili
2669 5668 3270 5778 iii-iiilineae-fortassis
3297 5676 3553 5778 eat-itala.
3571 5690 3588 5721 ι
3623 5668 3684 5724 Li
3697 5668 3789 5722 bb.

2215 5759 2430 5844 editi,'¢
2460 5786 2551 5828 ant
2581 5759 2643 5826 ad
2679 5759 2913 5839 pretium
2947 5765 3179 5814 fortasse
3207 5759 3478 5807 excitatis.
3500 5761 3518 5794 ι
