4134 6410
383 377 491 436 τω

385 598 577 638 manus
605 592 724 637 tuas
752 597 915 649 super
940 598 1084 649 eum,
1109 591 1163 637 et
1185 591 1396 637 statues
1420 597 1542 636 eum
1577 597 1764 636 coram
1809 582 1963 635 Elea-

385 689 514 729 zaro
554 674 855 733 sacerdote,
891 682 946 728 et
987 683 1257 743 przecepta
1301 672 1429 726 dato
1472 673 1519 725 ei
1568 673 1620 725 in
1668 682 1960 741 conspectu

386 766 551 820 toﬁus
589 780 894 836 synagogae,
920 773 974 820 et
1001 762 1237 834 praecipe
1274 764 1340 818 de
1386 765 1503 830 ipso
1542 778 1728 817 coram
1776 763 1879 827 eis,
1908 771 1963 817 et

384 857 542 912 dabis
566 856 871 912 claritatem
910 865 1056 911 tuam
1082 870 1243 923 super
1268 854 1443 919 illum,
1470 863 1529 908 ut
1554 854 1774 909 audiant
1808 854 1959 909 illum

387 949 478 1003 ﬁlii
511 949 703 1003 Israel.
732 968 751 1002 ι
782 948 953 1003 Audis
974 948 1255 1002 evidenter
1278 947 1675 1002 ordinationem
1700 948 1962 1017 principis

387 1041 569 1110 populi
611 1051 720 1095 tam
757 1039 1046 1095 manifeste
1088 1039 1441 1107 descriptam,
1478 1048 1537 1091 ut
1578 1053 1715 1107 pene
1756 1040 1966 1107 exposi-

388 1130 533 1184 tione
560 1145 667 1184 non
697 1138 875 1201 egeat.
900 1128 1056 1183 Nulla
1085 1128 1178 1183 hic
1202 1128 1382 1198 populi
1421 1128 1773 1193 acclamatio,
1819 1129 1963 1185 nulla

386 1221 885 1289 consanguinitatis
914 1222 1076 1287 ratio,
1118 1222 1264 1276 nulla
1310 1223 1733 1293 propinquitatis
1778 1222 1965 1277 habita

387 1314 776 1381 contemplatio
812 1323 915 1367 est.
963 1313 1295 1383 Propinquis
1339 1330 1596 1384 agrorum
1641 1324 1697 1370 et
1740 1316 1967 1385 praedio-

388 1419 506 1457 rum
554 1404 896 1474 relinquatur
939 1405 1231 1460 luereditas
1258 1423 1271 1459 :
1300 1408 1623 1477 gubernatio
1669 1407 1849 1476 populi
1888 1407 1964 1461 illi

390 1496 663 1561 tradatur,
690 1512 853 1567 quem
882 1497 1021 1551 Deus
1048 1497 1275 1566 elegerit
1302 1515 1316 1551 :
1350 1498 1554 1553 homini
1584 1499 1795 1554 scilicet
1840 1499 1963 1565 tali,

387 1591 478 1656 qui
524 1590 709 1654 habet,
761 1590 906 1643 sicut
952 1590 1214 1660 scriptum
1260 1592 1523 1657 audistis,
1569 1592 1623 1646 in
1667 1592 1967 1659 semetipso

386 1678 656 1747 Spiritum
705 1681 802 1735 Dei
853 1690 910 1735 et
959 1688 1229 1750 praecepta
1274 1680 1370 1735 Dei
1420 1682 1472 1736 in
1508 1692 1800 1750 conspectu
1847 1680 1967 1747 ejus

385 1783 529 1841 sunt,
556 1786 610 1829 et
645 1775 737 1845 qui
776 1773 944 1843 Moysi
976 1773 1131 1827 valde
1172 1783 1334 1829 notus
1374 1783 1430 1827 et
1461 1772 1748 1828 lamiliaris
1788 1773 1880 1839 sit,
1912 1773 1965 1827 id

1553 372 1617 426 IN
1655 371 1985 429 NUMEROS
2019 372 2301 429 IIOMILIA
2336 372 2522 427 XXIII.

383 490 477 560 qui
520 490 684 545 habet
736 488 999 560 Spiritum
1047 460 1145 545 Dei
1186 490 1239 544 in
1285 489 1602 559 semetipso,
1630 498 1686 543 et
1720 490 1964 559 impones
1994 497 2038 550 Α

3540 373 3640 431 7άῦ

2606 485 2881 543 HOMILIA
2926 487 3107 544 XXIII.

2068 581 2144 635 De
2190 598 2249 634 eo
2298 581 2437 649 quod
2486 581 2741 646 scriptum
2792 591 2864 633 est
2907 597 2925 633 :
2969 599 2986 631 t
3032 580 3253 634 Munera
3307 597 3462 647 mea,
3510 584 3639 639 data

2294 668 2407 703 mea
2431 650 2500 713 ⁷³,
2527 669 2544 701 ›
2575 661 2621 705 et
2651 651 2714 702 de
2742 651 3046 703 diversitate
3076 652 3445 718 festivitatum.

2139 764 2191 818 I.
2232 762 2288 816 Si
2334 763 2646 817 observatio
2696 765 3129 829 sacriﬁciorum,
3178 775 3230 818 et
3278 766 3525 821 instituta
3557 768 3640 823 Ie-

2065 858 2228 929 galia,
2264 872 2384 925 qua:
2414 857 2467 910 in
2506 868 2628 928 typo
2664 859 2783 913 data
2832 869 2959 912 sunt
3000 858 3197 926 populo
3234 858 3421 925 Israel,
3468 877 3640 931 usque

2066 951 2132 1003 ad
2165 962 2407 1018 ρτωεειιε
2452 957 2665 1019 tempus
2696 961 2849 1005 stare
2893 951 3229 1018 potuissent,
3277 953 3642 1009 exclusissent

2068 1040 2187 1094 sine
2222 1039 2388 1094 dubio
2433 1038 2709 1109 Evangelii
2758 1041 2913 1093 [idem
2963 1054 3061 1107 per
3099 1055 3260 1108 quam
3298 1055 3364 1095 ex
3406 1044 3641 1098 adventu

2070 1132 2281 1186 Domini
2313 1132 2482 1187 nostri
2522 1131 2647 1187 Jesu
2686 1132 2888 1186 Christi
2936 1142 3125 1200 gentes
3151 1144 3547 1189 convertuntur
3575 1139 3641 1191 ad

2068 1223 2259 1278 Deum.
2286 1223 2415 1276 Erat
2442 1222 2584 1277 enim
2626 1224 2675 1276 in
2712 1224 2819 1278 illis
2846 1239 2967 1294 quin
3018 1233 3146 1278 tunc
3182 1225 3640 1294 observabantur,

2069 1314 2351 1384 magniﬁca
2381 1314 2652 1382 qumdam,
2694 1324 2747 1368 ct
2781 1315 2946 1369 totius
2987 1317 3310 1369 reverentiae
3349 1316 3507 1383 plena
3556 1333 3645 1372 re-

2069 1406 2218 1475 ligio,
2261 1419 2382 1474 quae
2408 1420 2475 1458 ex
2507 1404 2625 1473 ipso
2661 1405 2822 1459 etiam
2857 1406 3032 1475 primo
3062 1418 3285 1477 aspectu
3330 1408 3648 1479 obSIupef-i-

2069 1509 2222 1554 ceret
2259 1501 2546 1553 intuentes.
2580 1498 2713 1565 Quis
2743 1500 2887 1553 enim
2934 1502 3123 1555 videns
3170 1502 3329 1566 illud,
3370 1505 3511 1572 quod
3549 1522 3648 1572 ap-

2069 1590 2371 1660 pellabatur
2442 1592 2817 1645 sanctuarium
2847 1592 2963 1647 sive
2990 1596 3319 1661 sacrarium,
3348 1606 3402 1650 ct
3431 1598 3647 1652 intuens

2069 1682 2261 1746 altare,
2290 1687 2527 1736 astantes
2553 1683 2717 1736 etiam
2747 1685 3064 1739 sacerdotes
3091 1687 3359 1741 sacriﬁcia
3390 1704 3647 1743 consum-

2072 1784 2303 1837 mantes,
2329 1789 2653 1844 omnemque
2692 1776 2940 1829 ordinem
2976 1791 3088 1844 quo
3116 1787 3315 1839 cuncta,
3354 1778 3445 1832 illa
3489 1795 3646 1849 gere-

385 1874 490 1927 est,
527 1864 578 1917 in
618 1879 726 1932 quo
752 1865 823 1918 sit
857 1864 1079 1917 claritas
1110 1862 1244 1932 legis
1270 1872 1326 1918 et
1369 1862 1622 1931 scientia,
1667 1872 1724 1917 ut
1754 1862 1964 1931 possint
1994 1853 2039 1909 Β
2067 1863 2267 1918 bantur
2284 1864 2571 1940 aspiciens,
2591 1880 2694 1919 non
2722 1872 2935 1934 putaret
2959 1865 3334 1934 plenissimum
3361 1868 3511 1937 hunc
3526 1883 3647 1923 esse

386 1969 510 2007 eum
551 1956 741 2008 audire
775 1953 869 2008 ﬁlii
914 1953 1099 2007 Israel.
1145 1952 1344 2009 Verum
1385 1953 1640 2022 quoniam
1686 1952 1965 2026 mysteriis

389 2056 587 2099 cuncta
620 2046 819 2100 referta
858 2057 1007 2111 sunt,
1032 2063 1136 2101 non
1168 2062 1454 2117 possumus
1488 2061 1609 2117 quae
1638 2046 1967 2115 pretiosiora

388 2146 515 2191 sunt
570 2137 850 2204 omittere,
903 2139 1113 2193 etiamsi
1170 2140 1284 2193 haec
1336 2154 1458 2209 quae
1519 2139 1816 2194 secundum
1876 2138 1968 2195 Iit-

390 2235 563 2281 teram
603 2231 951 2297 mandantur,
1005 2232 1311 2285 necessaria
1364 2232 1651 2285 videantur
1691 2240 1745 2287 et
1786 2231 1963 2288 utilia.

386 2316 806 2373 Consideremns
833 2335 961 2389 ergo
987 2336 1106 2388 qua:
1140 2322 1211 2376 sit
1238 2320 1438 2390 Moysis
1483 2336 1651 2387 mors,
1682 2321 1806 2375 ﬁnis
1850 2323 1968 2378 sine

388 2410 553 2465 dubio
587 2411 721 2480 legis
751 2434 761 2466 :
789 2414 882 2467 sed
910 2414 1042 2484 legis
1078 2412 1219 2467 illius
1246 2429 1365 2483 quae
1398 2414 1693 2468 secundum
1729 2414 1966 2469 litteram

386 2505 606 2558 dicitur.
650 2505 780 2572 Quis
826 2514 1008 2560 autem
1056 2504 1172 2575 ejus
1216 2506 1340 2559 linis
1384 2507 1503 2561 est?
1562 2505 1964 2562 Sacriﬁciorum

386 2595 596 2648 scilicet
642 2597 987 2665 interruptio,
1018 2607 1075 2651 et
1120 2605 1445 2651 cmterorum
1498 2613 1619 2667 qua:
1662 2599 1826 2653 simili
1864 2600 1965 2654 ob-

388 2687 662 2740 servantia
696 2688 1025 2741 mandantur
1052 2687 1103 2741 in
1148 2686 1286 2756 lege.
1328 2688 1453 2743 Ilaec
1496 2704 1625 2760 ergo
1664 2691 1753 2745 ubi
1800 2690 1963 2747 ﬁnem

388 2778 679 2847 accipiunt,
709 2777 870 2833 Iesus
896 2779 1124 2849 suscipit
1150 2781 1514 2850 principatum
1543 2799 1556 2834 :
1596 2800 1614 2833 ι
1642 2783 1793 2838 Finis
1818 2785 1962 2839 enim

388 2867 522 2937 legis
568 2868 819 2923 Christus
865 2869 932 2923 ad
966 2869 1237 2937 justit‘tam
1277 2871 1424 2924 omni
1472 2872 1713 2927 credenti
1738 2875 1804 2927 ⁸ο.
1835 2892 1853 2924 ›
1899 2873 1966 2928 Et

389 2959 529 3013 sicut
551 2959 616 3013 de
635 2959 910 3029 prioribus
935 2960 1137 3014 dictum
1167 2968 1266 3026 est,
1291 2962 1417 3031 quia
1444 2980 1462 3012 ι
1484 2979 1674 3018 omnes
1699 2964 1752 3018 in
1780 2964 1966 3036 Moyse

391 3052 643 3121 baptizati
680 3062 807 3107 sunt
833 3053 886 3107 in
915 3052 1056 3107 nube
1085 3062 1140 3108 et
1172 3054 1225 3108 in
1263 3057 1396 3109 mari
1422 3056 1499 3121 7°;
1527 3075 1545 3106 ι
1579 3056 1650 3108 ita
1672 3066 1724 3109 et
1749 3057 1815 3111 de
1839 3057 1963 3113 Jcsu

385 3144 588 3200 dicitur
614 3143 749 3218 (I7),
776 3145 903 3215 quia
928 3160 1119 3201 omnes
1167 3148 1220 3201 in
1260 3145 1385 3202 Jesu
1436 3146 1692 3216 baptizati
1739 3160 1867 3203 sunt
1911 3151 1962 3204 in

386 3237 591 3305 Spiritu
621 3246 808 3293 sancto
827 3247 881 3293 et
902 3253 1063 3307 aqua.
1082 3236 1241 3293 Jesus
1264 3253 1498 3309 namque
1526 3251 1629 3304 est,
1648 3243 1739 3310 qui
1773 3244 1965 3298 transit

386 3342 556 3396 aquas
578 3327 852 3393 Iordanis,
877 3338 931 3383 et
956 3328 1009 3384 in
1036 3330 1171 3399 ipsis
1190 3331 1714 3400 quodammodojam
1744 3343 1851 3386 tum
1878 3350 1964 3403 po-

388 3416 572 3484 pulum
600 3419 845 3488 baptizat
870 3434 885 3472 :
912 3428 966 3473 et
1000 3418 1113 3489 ipse
1138 3431 1221 3475 est
1262 3421 1352 3490 qui
1386 3431 1582 3476 terram
1609 3424 1960 3492 hatreditatis,

388 3518 587 3565 terram
606 3522 847 3568 sanctam
869 3512 1104 3581 partitur
1122 3514 1412 3577 universis,
1429 3530 1533 3569 non
1555 3517 1720 3584 priori
1742 3519 1962 3588 populo,

386 3605 481 3659 sed
525 3606 783 3660 secundo.
825 3605 982 3659 I‘rior
1015 3605 1159 3660 enim
1186 3605 1417 3675 populus
1456 3616 1677 3675 propter
1706 3608 1964 3675 praevari-

386 3696 658 3752 cationem
699 3713 852 3751 suam
900 3697 1101 3752 cecidit
1145 3698 1196 3751 in
1227 3699 1467 3753 deserto.
1504 3699 1578 3753 De
1616 3698 1743 3754 Jesu
1782 3710 1962 3757 autem

389 3789 730 3859 temporibus
753 3790 976 3855 dicitur,
1000 3792 1131 3858 quia
1161 3808 1179 3841 ι
1212 3798 1357 3845 terra
1383 3790 1591 3859 quievit
1613 3806 1642 3845 a
1672 3792 1906 3859 bellis“;
1937 3813 1956 3847 ι

386 3881 531 3948 quod
564 3878 733 3950 Moysi
768 3888 1013 3951 tempore
1039 3881 1147 3935 dici
1196 3896 1301 3935 non
1354 3883 1548 3950 potuit.
1582 3883 1687 3938 Sed
1732 3888 1797 3940 de
1837 3884 1962 3941 .Iesu

387 3973 492 4025 hoc
532 3969 728 4023 dicitur
755 3986 875 4025 meo
900 3971 1147 4034 Domino,
1191 3988 1298 4025 non
1328 3974 1421 4027 illo
1447 3971 1613 4026 Nave.
1650 3976 1828 4043 Atque
1856 3977 1965 4030 uti-

387 4082 511 4121 nam
546 4083 663 4121 mea
696 4076 840 4121 terra
868 4076 1043 4121 cesset
1069 4082 1098 4119 a
1129 4066 1305 4121 bellis.
1348 4068 1414 4122 Et
1456 4083 1670 4124 cessare
1701 4081 1886 4140 posset
1917 4070 1962 4125 si

383 4178 485 4231 ego
512 4160 635 4215 Jesu
664 4159 893 4230 principi
936 4174 1055 4213 meo
1085 4159 1315 4213 ﬁdeliter
1356 4160 1673 4216 militarem.
1710 4160 1769 4216 Si
1816 4162 1961 4217 enim

386 4269 606 4325 pareatn
652 4268 772 4307 meo
810 4253 1036 4307 Domino
1061 4250 1218 4317 .Iesu,
1247 4266 1522 4319 nunquam
1565 4264 1696 4304 caro
1734 4266 1853 4307 mea
1883 4253 1964 4308 in-

386 4355 572 4417 surget
598 4348 860 4400 adversns
896 4345 1146 4414 spiritum
1190 4358 1394 4406 memn,
1424 4357 1523 4398 nec
1552 4342 1962 4413 impugnabitur

388 4439 535 4495 terra
568 4455 684 4494 mea
724 4440 792 4493 ab
818 4437 1149 4492 adversariis
1176 4436 1454 4506 gentibus,
1483 4435 1718 4489 diversis
1755 4435 1963 4490 scilicet

384 4532 845 4601 concupiscentiis
889 4530 1185 4585 stimulata.
1235 4528 1467 4583 Oremus
1507 4542 1659 4597 ergo,
1704 4537 1764 4582 ut
1802 4526 1960 4582 Jesus
1993 4560 2041 4618 υ

388 4634 577 4694 regnet
616 4638 779 4694 super
813 4639 934 4689 nos,
978 4630 1033 4676 et
1065 4628 1244 4675 cesset
1289 4630 1435 4675 terra
1483 4629 1671 4674 nostra
1713 4636 1741 4673 a
1782 4619 1958 4685 bellis,

384 4726 563 4772 cesset
605 4718 673 4771 ab
722 4714 1224 4785 impugnationibus
1286 4711 1589 4767 carnalium
1658 4711 1960 4766 desiderio-

382 4823 503 4864 rum
541 4825 556 4861 :
596 4818 652 4861 et
694 4821 817 4862 cum
868 4807 974 4861 ista
1019 4804 1384 4871 cessaverint,
1410 4814 1540 4858 tunc
1591 4803 1963 4872 unusquisque

388 4901 691 4970 requiescet
718 4899 817 4953 sub
841 4900 949 4952 vite
974 4912 1091 4959 sua,
1117 4906 1169 4951 et
1197 4898 1297 4952 sub
1322 4896 1427 4950 ﬁcu
1454 4910 1574 4958 sua,
1602 4905 1658 4948 et
1686 4893 1787 4947 sub
1814 4892 1958 4947 oliva

384 5008 480 5047 sua
503 4994 573 5046 τ’.
604 4992 717 5047 Sub
744 4991 1049 5046 velamento
1086 4990 1232 5044 enim
1261 4989 1461 5055 Patris,
1497 4997 1552 5041 et
1580 4985 1724 5050 Filii,
1753 4996 1810 5041 et
1839 4985 1961 5053 Spi-

386 5087 526 5142 ritus
572 5086 742 5141 sancti
782 5084 1087 5153 requiescet
1136 5081 1314 5135 auima
1341 5121 1355 5145 ,
1393 5095 1514 5149 quae
1562 5094 1753 5148 pacem
1798 5078 1855 5131 in
1900 5092 1961 5133 se

388 5181 788 5248 recuperaverit
817 5178 1000 5231 carnis
1044 5191 1108 5230 ac
1157 5173 1404 5243 spiritus.
1452 5170 1558 5239 Ipsi
1612 5179 1820 5224 aeterno
1849 5168 1961 5223 Deo

385 5269 555 5340 gloria
582 5270 634 5323 in
660 5268 852 5325 szecuIa
881 5267 1223 5323 saeculorum.
1249 5264 1446 5318 Amen.

455 5570 501 5604 ⁶⁹
542 5570 698 5626 Rom.
742 5586 797 5631 κ,
828 5568 882 5621 4.
960 5564 1007 5597 τ’
1045 5563 1221 5618 ICor.
1254 5579 1308 5630 ι,
1342 5563 1399 5615 2.
1474 5562 1519 5593 ⁷¹
1561 5558 1672 5615 los.
1723 5574 1816 5626 XI,
1861 5557 1955 5613 25.

411 5655 496 5707 nt,
523 5646 574 5708 I,
597 5643 652 5696 2.
748 5641 795 5673 ⁷⁸
818 5638 976 5693 Num.
1004 5650 1197 5699 xxvtn,
1217 5633 1268 5699 l,
1296 5634 1349 5699 2,
1377 5634 1433 5688 5.

461 5827 572 5901 (17)
610 5826 765 5889 .‘llss.,
800 5845 818 5877 t
850 5825 1102 5879 dicitur.»
1140 5820 1295 5875 Libb.
1321 5819 1473 5884 editi,
1509 5836 1526 5870 ι
1559 5817 1773 5873 dicatur
1818 5833 1837 5865 ι

708 5924 974 5985 Parnm.
1021 5919 1138 5979 Gtt.
1184 5918 1328 5979 XII.

2069 1955 2252 2017 ritum,
2282 1970 2390 2024 quo
2415 1952 2558 2009 Deus
2583 1964 2800 2009 creator
2822 1956 3063 2009 omnium
3089 1955 3157 2008 ab
3180 1956 3417 2009 humano
3446 1971 3647 2027 genere

2068 2047 2171 2103 coli
2193 2046 2448 2101 deberet?
2465 2046 2569 2101 Sed
2589 2048 2794 2117 gratias
2811 2047 3065 2102 adventui
3085 2047 3311 2113 Christi,
3330 2050 3418 2118 qui
3436 2051 3646 2103 animas

2069 2150 2287 2194 nostras
2318 2139 2556 2194 avellens
2580 2139 2646 2192 ab
2673 2140 2775 2193 hoc
2803 2139 3021 2205 intuitu,
3054 2140 3119 2194 ad
3149 2141 3642 2196 considerationem

2067 2229 2229 2300 357
2268 2229 2572 2284 catlestium
2617 2237 2671 2282 et
2715 2228 3222 2298 contemplationem
3260 2246 3440 2285 rerum
3487 2232 3651 2300 spiri-

2070 2320 2258 2373 talium
2291 2319 2543 2384 contulit,
2574 2327 2625 2375 et
2656 2320 2924 2373 destruxit
2952 2320 3174 2389 quidem
3200 2322 3284 2375 illa
3311 2338 3429 2389 qua:
3452 2337 3646 2388 magna

2071 2411 2395 2467 videbantur
2443 2412 2498 2467 in
2552 2412 2750 2475 terris,
2799 2411 3114 2483 cultumque
3151 2413 3242 2468 Dei
3277 2430 3305 2467 a
3342 2415 3649 2470 visibilibus

2069 2504 2138 2559 ad
2169 2503 2467 2558 invisibilia
2504 2503 2803 2568 transtulit,
2830 2514 2885 2558 et
2916 2520 2943 2557 a
2972 2506 3364 2575 temporalibus
3392 2508 3458 2561 ad
3486 2519 3641 2565 mter.

2069 2612 2160 2651 na.
2197 2597 2300 2653 Sed
2346 2612 2538 2651 revera
2593 2598 2709 2665 ipse
2765 2599 3026 2651 Dominus
3085 2596 3241 2651 Iesus
3294 2598 3544 2655 Christus
3592 2615 3648 2657 et

2070 2704 2231 2744 aures
2273 2689 2502 2756 requirit
2534 2704 2654 2758 qua:
2687 2690 2800 2743 lucc
2838 2689 3060 2743 audiant
3108 2698 3163 2743 et
3195 2688 3381 2744 oculos
3411 2692 3501 2759 qui
3537 2693 3651 2748 haec

2071 2781 2306 2836 videant.
2343 2781 2498 2836 Unde
2525 2792 2576 2837 cl
2607 2796 2705 2835 nos
2740 2796 2883 2834 nunc
2927 2780 3097 2849 legem
3148 2780 3330 2834 datam
3368 2796 3464 2849 per
3494 2781 3651 2856 Moy-

2070 2887 2181 2928 sem
2208 2872 2471 2927 habentes
2500 2872 2551 2925 in
2589 2872 2859 2935 manibus,
2883 2880 2936 2925 et
2960 2870 3203 2925 volentes
3220 2887 3339 2927 eam
3363 2877 3651 2932 ostendere

2071 2968 2243 3035 legem
2278 2980 2400 3020 esse
2430 2965 2728 3035 spiritalem
2760 3002 2774 3026 ,
2812 2979 2972 3018 aures
3010 2980 3038 3017 a
3088 2964 3242 3019 vobis
3271 2977 3324 3019 et
3354 2969 3541 3023 oculos
3571 2979 3650 3022 ta-

2070 3052 2146 3109 Ics
2179 3056 2526 3125 requirimus,
2572 3056 2663 3123 qui
2707 3068 2812 3108 non
2846 3053 2909 3105 ad
2948 3053 3040 3108 illa
3071 3070 3190 3123 qua:
3220 3067 3344 3110 sunt
3370 3058 3647 3113 destructa

2072 3147 2391 3215 respiciant,
2419 3148 2511 3200 sed
2541 3146 2632 3215 qui
2672 3144 2741 3198 ibi
2775 3146 2888 3198 haec
2921 3145 3222 3215 requirant,
3270 3146 3355 3200 ubi
3401 3147 3647 3204 Christus

2074 3250 2159 3294 est
2212 3240 2265 3293 in
2300 3239 2486 3292 dextra
2532 3238 2627 3292 Dei
2680 3238 2899 3301 sedens,
2928 3246 2984 3290 et
3010 3252 3130 3304 qua:
3161 3251 3375 3292 sursum
3408 3250 3531 3292 sunt
3562 3255 3645 3293 sa-

2073 3333 2245 3401 piant,
2284 3348 2386 3385 non
2416 3346 2537 3400 qua:
2570 3340 2698 3384 sunt
2733 3344 2901 3397 supra
2941 3336 3118 3383 terras
3146 3329 3211 3382 ⁷³.
3249 3328 3490 3383 Sufficiat
3520 3346 3647 3399 ergo

2075 3424 2175 3476 ista
2220 3423 2555 3492 praelationis
2603 3422 2723 3476 loco
2769 3436 2868 3490 pro
2916 3420 2981 3474 iis
3019 3434 3141 3489 qua:
3175 3421 3403 3477 dicenda
3435 3432 3582 3491 sunt,
3617 3439 3645 3477 a

2073 3514 2230 3568 nobis
2260 3527 2381 3569 esse
2413 3511 2711 3583 praemissa.

2142 3605 2197 3658 2.
2228 3604 2382 3658 Nunc
2408 3615 2586 3659 autem
2625 3608 2692 3658 ad
2720 3619 2782 3659 ea
2808 3603 2938 3672 jam,
2986 3618 3106 3672 quae
3142 3605 3342 3671 scripta
3369 3613 3518 3668 sunt,
3556 3618 3649 3660 ve.

2075 3696 2308 3750 niamus.
2368 3714 2385 3747 t
2423 3695 2489 3749 Et
2533 3699 2747 3751 locutus
2798 3704 2878 3749 est
2908 3734 2921 3758 ,
2984 3695 3159 3761 inquit
3187 3696 3252 3758 ⁷⁵,
3295 3695 3551 3748 Dominus
3583 3697 3648 3749 ad

2074 3790 2296 3859 Moysen
2327 3789 2559 3844 dicens:
2597 3788 2841 3857 Praecipe
2896 3787 3018 3840 liliis
3081 3787 3264 3853 Israel,
3305 3796 3357 3841 et
3404 3789 3552 3849 dices
3585 3790 3650 3841 ad

2072 3897 2212 3937 eos:
2250 3881 2471 3935 Munera
2511 3896 2650 3945 mea,
2695 3882 2817 3935 data
2848 3894 2987 3943 mea,
3026 3879 3235 3934 hostias
3259 3894 3408 3933 meas
3438 3881 3489 3933 in
3522 3879 3651 3933 odo-

2072 3989 2185 4029 rem
2242 3974 2529 4029 suavitatis
2575 3973 2884 4037 observate,
2915 3979 2973 4024 ut
3005 3970 3246 4025 oll‘cratis
3283 3971 3414 4023 mihi
3450 3971 3501 4025 in
3539 3971 3651 4024 die-

2072 4068 2173 4122 bus
2193 4068 2344 4123 festis
2369 4066 2520 4127 meis,
2541 4075 2595 4121 et
2610 4066 2757 4119 dices
2781 4064 2846 4117 ad
2871 4077 2965 4117 eos
2988 4078 2999 4113 :
3024 4061 3115 4115 llte
3133 4070 3256 4115 sunt
3283 4062 3473 4115 hostiae
3490 4078 3645 4126 mere,

2072 4176 2207 4230 quas
2241 4158 2489 4215 offeratis
2515 4157 2766 4212 Domino.
2801 4175 2818 4206 ι
2856 4153 3026 4208 Nemo
3056 4168 3209 4208 SlIIIlll
3256 4152 3459 4221 aliquid
3494 4153 3647 4209 olfert

2070 4252 2202 4318 Deo,
2240 4255 2333 4306 sed
2370 4234 2514 4320 quod
2549 4247 2706 4302 oll'ert
2740 4244 2950 4301 Domini
2986 4253 3110 4308 est,
3158 4252 3211 4297 et
3252 4258 3357 4297 non
3408 4255 3516 4297 tam
3550 4260 3645 4298 sua

2070 4344 2193 4414 quis
2245 4342 2402 4396 offert
2452 4341 2583 4403 Deo,
2620 4354 2782 4408 quam
2822 4336 2923 4406 ipsi
2967 4350 3088 4406 quae
3136 4350 3231 4388 sua
3287 4343 3415 4388 sunt
3450 4336 3644 4390 reddit.

2070 4438 2369 4506 Propterea
2411 4449 2542 4504 ergo
2595 4431 2784 4486 volens
2834 4429 3098 4483 Dominus
3149 4428 3549 4482 sacriﬁciorum
3591 4440 3648 4482 et

2071 4543 2354 4584 munerum
2403 4524 2805 4579 oll'erendorum
2854 4520 2958 4575 sibi
3013 4519 3082 4573 ab
3138 4518 3452 4574 hominibus
3500 4519 3645 4590 leges

2067 4620 2330 4682 scribere,
2389 4616 2565 4687 primo
2615 4614 2856 4668 omnium
2892 4613 3154 4680 ipsorum,
3197 4624 3318 4678 quae
3371 4608 3646 4665 offerenda

2067 4720 2246 4774 erant,
2308 4709 2485 4779 aperit
2540 4706 2804 4760 rationem
2847 4714 2902 4758 et
2951 4704 3085 4758 dicit
3120 4721 3133 4756 :
3170 4720 3189 4754 ί
3228 4701 3450 4755 Munera
3502 4718 3644 4764 mea,

2069 4802 2192 4856 data
2226 4813 2370 4865 mea,
2402 4798 2671 4853 sacriﬁcia
2700 4810 2817 4849 mea
2875 4795 2926 4849 in
2970 4794 3191 4849 odorem
3231 4793 3513 4848 suavitatis
3547 4794 3649 4845 ob-

2067 4902 2319 4957 servate,
2367 4901 2427 4945 ut
2472 4888 2717 4946 oll'eratis
2766 4886 2897 4941 mihi
2932 4886 2984 4940 in
3020 4886 3209 4940 diebus
3237 4886 3389 4940 festis
3434 4885 3587 4938 meis.
3620 4899 3641 4937 θ

2070 4984 2217 5048 llaec.
2252 4984 2448 5052 inquit,
2491 4995 2717 5036 munera
2763 4980 2829 5034 de
2862 4978 3059 5048 quibus
3092 4977 3243 5033 vobis
3279 4984 3647 5048 praeceptores

2064 5092 2186 5131 sum
2219 5086 2279 5132 ut
2304 5074 2550 5131 offeratis
2599 5073 2733 5128 mihi
2784 5074 2835 5127 in
2891 5073 3085 5129 diebus
3124 5072 3281 5127 festis
3326 5071 3482 5132 meis,
3517 5068 3645 5121 data

2066 5185 2182 5225 mea
2222 5179 2374 5235 sunt,
2404 5169 2508 5223 hoc
2534 5176 2650 5232 est,
2691 5181 2720 5220 a
2756 5180 2842 5219 me
2869 5165 3027 5220 vobis
3058 5165 3269 5219 dantur.
3309 5162 3350 5214 Α
3387 5176 3471 5214 me
3501 5159 3645 5213 enim

2064 5271 2262 5315 cuncta
2312 5275 2435 5329 quae
2481 5260 2643 5315 habet
2695 5258 2992 5312 humanum
3044 5256 3276 5327 percipit
3333 5266 3523 5319 genus.
3567 5248 3645 5302 Ne.

2068 5350 2184 5420 quis
2214 5365 2346 5415 ergo
2377 5350 2433 5404 in
2473 5348 2772 5405 oliercndis
2819 5347 3138 5402 muneribus
3168 5342 3418 5400 beneﬁcii
3452 5354 3508 5394 se
3538 5336 3641 5390 ali-

3347 5546 3391 5578 ⁷⁸
3428 5542 3636 5600 Coloss.

2054 5559 2101 5593 ¹¹²
2155 5557 2222 5614 III
2281 5556 2415 5629 Reg.
2447 5573 2535 5625 tv,
2571 5557 2661 5612 25.
2738 5555 2787 5588 "
2835 5554 3142 5616 Nummi",
3180 5550 3269 5603 40.

3254 5898 3327 5953 24
