4134 6408
374 365 473 419 τω

1532 364 1599 416 IN
1634 362 1969 418 NUMEROS
2006 360 2287 417 IIOMILIA
2318 360 2508 416 XXIII.

3540 363 3650 421 ’750

372 483 718 540 Sacrificium
756 497 1009 552 namque,
1042 486 1188 553 quod
1240 485 1613 539 indesinenter
1645 496 1698 539 ct
1754 487 1805 538 in
1839 500 1956 539 uta-
1988 490 2032 546 Α
2062 483 2288 546 habeas,
2326 497 2431 535 non
2466 480 2729 549 respicias
2762 480 2826 535 ad
2857 484 3149 551 prmsentia
3179 493 3236 538 et
3260 481 3521 549 visibilis,
3551 482 3646 538 sed

374 577 565 631 tutinis
596 588 649 630 et
682 577 734 630 in
767 578 1095 646 vespertinis
1141 581 1434 632 mandatur
1478 578 1681 643 offerri,
1732 580 1834 633 hoc
1872 580 1955 631 in-

2064 577 2129 629 ad
2162 574 2458 629 invisibilia
2487 584 2543 627 et
2570 574 2772 637 futura,
2809 573 2927 629 ιιωο
2960 585 3045 629 est
3070 576 3385 631 observatio
3419 574 3643 630 Sabbati

374 671 616 734 dicatur,
657 680 715 723 ut
742 671 949 749 inlcge
1005 687 1067 725 ac
1109 672 1416 741 prophetis,
1456 687 1577 740 qua:
1630 674 1955 726 matutinum
2060 667 2382 721 CbriStiani.
2429 667 2535 722 Sed
2580 668 2695 721 haec
2734 676 2788 721 et
2827 667 2999 722 Judaei
3036 670 3329 723 observare
3360 668 3645 725 deberent.

374 775 585 834 tempus
625 765 949 829 ostendunt,
977 773 1030 817 et
1059 764 1109 816 itt
1143 765 1457 834 evangelica
1492 766 1766 827 doctrina,
1800 765 1849 817 id
1877 775 1957 818 est

372 857 517 910 enim
566 857 959 924 vespertinum,
1006 871 1126 924 quae
1195 871 1422 925 vespera
1474 858 1661 910 mundi
1715 856 1960 910 Salvato~

376 949 450 1000 ris
484 948 725 1000 ostendit
764 948 1083 1011 adventum,
1122 946 1452 999 indesinenti
1497 946 1795 999 intentione
1836 961 1959 1012 pcr-

373 1040 553 1093 sistat.
613 1038 721 1091 llas
766 1054 894 1106 ergo
937 1038 1262 1093 festivitates
1308 1039 1567 1092 Dominus
1620 1040 1754 1092 dicit
1789 1056 1801 1089 :
1838 1058 1855 1088 ι
1898 1039 1958 1091 Iit

372 1129 737 1184 observabitis
761 1130 878 1184 dies
912 1128 1083 1183 festos
1110 1144 1281 1182 meos.
1315 1148 1333 1179 ι
1368 1130 1489 1183 Dies
1517 1146 1646 1198 ergo
1682 1131 1851 1184 festus
1876 1142 1959 1184 est

377 1222 613 1283 Domini,
646 1221 690 1274 si
730 1230 786 1275 et
816 1221 1143 1276 sacrificium
1201 1222 1516 1275 iudesinens
1562 1221 1878 1284 offeramus,
1912 1223 1955 1276 si

372 1314 496 1369 sine
546 1314 955 1368 intermissione
1005 1330 1224 1369 oremus
1253 1356 1267 1377 ,
1302 1316 1375 1368 ita
1406 1325 1463 1369 ut
1492 1318 1755 1369 ascendat
1780 1317 1959 1369 oratio

375 1416 561 1459 nostra
608 1407 752 1460 sicut
785 1406 1064 1493 incensum
1108 1408 1161 1462 in
1208 1418 1502 1476 conspectu
1536 1409 1651 1474 ejus
1686 1424 1865 1472 mane,
1907 1419 1958 1461 et

373 1498 608 1551 elevatio
663 1513 921 1552 manuum
989 1511 1295 1555 nostrarum
1357 1501 1450 1554 ﬁat
1511 1502 1559 1554 ei
1625 1501 1956 1555 sacriﬁcium

375 1589 748 1656 vespertinum
775 1590 867 1641 δ”.
900 1590 992 1643 Est
1025 1590 1190 1661 igitur
1222 1593 1394 1661 prima
1432 1590 1748 1644 solemnitas
1784 1591 1959 1644 sacri-

378 1682 483 1735 ficii
539 1682 898 1737 indesinentis
928 1725 941 1749 ,
996 1699 1116 1752 quae
1156 1700 1184 1737 a
1233 1684 1534 1738 cultoribus
1578 1684 1853 1754 Evangelii
1893 1699 1960 1738 co

376 1774 538 1829 modo
583 1790 691 1844 quo
723 1790 885 1844 supra
920 1776 1316 1844 exposuimus,
1367 1777 1530 1831 debet
1582 1779 1807 1845 expleri.
1851 1778 1957 1832 Sed

375 1868 656 1936 quoniam,
700 1869 841 1922 sicut
874 1868 1227 1938 propheticus
1273 1885 1454 1924 sermo
1494 1871 1801 1939 perdocuit,
1838 1872 1956 1926 dies
1987 1849 2035 1907 Β

379 1960 505 2015 festi
549 1971 902 2030 peccatorum
943 1971 1345 2016 convertuntur
1397 1964 1450 2017 in
1489 1963 1716 2030 luctum,
1751 1973 1805 2018 et
1835 1980 1960 2019 can-

380 2053 484 2106 tica
511 2067 699 2107 eorum
746 2052 798 2105 in
840 2052 1146 2122 planctum,
1190 2066 1400 2110 certum
1437 2064 1522 2110 est
1548 2058 1673 2126 quia
1705 2059 1796 2126 qui
1841 2074 1959 2127 pec-

377 2154 469 2199 cat
529 2154 582 2199 et
633 2145 746 2213 agit
799 2145 940 2199 diem
992 2146 1234 2214 peccati,
1271 2162 1433 2217 agere
1464 2163 1569 2202 non
1604 2158 1783 2219 potest
1815 2150 1957 2204 diem

380 2235 577 2290 festum
609 2255 621 2290 :
650 2246 701 2290 et
729 2237 851 2291 ideo
878 2237 984 2292 illis
1016 2238 1209 2294 diebus
1244 2240 1442 2308 quibus
1487 2250 1713 2307 peccat,
1761 2240 1959 2295 offerre

379 2341 482 2380 non
513 2336 691 2396 potest
720 2329 1035 2383 indesinens
1068 2332 1399 2385 sacriﬁcium
1436 2331 1562 2386 Deo.
1601 2332 1709 2386 Sed
1753 2332 1840 2387 ille
1883 2334 1961 2387 of—

380 2418 523 2474 ferre
555 2429 756 2489 potest,
789 2421 880 2489 qui
907 2421 1282 2477 indesinenter
1316 2423 1557 2477 custodit
1584 2423 1875 2492 justitiam,
1907 2432 1960 2478 ct

377 2521 671 2566 conservat
719 2514 1073 2581 semetipsum
1113 2529 1142 2567 a
1190 2524 1434 2585 peccato.
1482 2516 1593 2581 Qua
1644 2517 1732 2569 die
1777 2526 1957 2570 autem

380 2601 736 2671 iuterruperit
771 2612 827 2656 et
861 2606 1191 2671 peccaverit,
1226 2615 1438 2659 certum
1474 2618 1558 2660 est
1602 2609 1744 2675 quod
1777 2608 1827 2660 iu
1869 2608 1957 2660 illa

376 2692 467 2747 die
517 2710 623 2747 non
667 2694 825 2748 offert
874 2697 1205 2751 sacriﬁcium
1240 2697 1556 2752 indesinens
1588 2699 1715 2753 Deo.
1758 2700 1961 2754 Vereor

376 2787 583 2855 aliquid
615 2788 795 2843 dicere
839 2791 983 2859 quod
1030 2806 1094 2845 ex
1144 2793 1493 2847 sermonibus
1534 2793 1846 2863 apostolicis
1880 2795 1954 2847 in-

381 2881 545 2952 telligi
605 2883 808 2947 datur,
845 2897 913 2936 ne
962 2882 1100 2939 forte
1128 2884 1314 2937 videar
1347 2885 1561 2954 aliquos
1600 2886 1955 2941 contristare.

380 2974 508 3027 Nam
542 2976 585 3029 si
613 2978 792 3031 oratio
816 2975 946 3044 justi
974 2978 1117 3031 sicut
1151 2979 1431 3033 incensum
1462 2977 1695 3033 offertur
1733 2979 1785 3031 itt
1828 2994 1957 3032 cono

377 3079 563 3136 spectu
593 3069 828 3134 Domini,
853 3079 908 3123 et
928 3070 1161 3124 elevatio
1190 3085 1446 3123 manuum
1474 3069 1593 3137 ejus
1624 3070 1957 3125 sacrificium

376 3170 461 3215 est
497 3164 898 3231 vespertinum,
941 3164 1078 3218 dicit
1112 3172 1295 3218 autem
1323 3163 1625 3232 Apostolus
1662 3164 1726 3219 iis
1769 3165 1859 3234 qui
1904 3166 1957 3218 in

376 3254 648 3325 conjugiis
683 3266 812 3309 sunt
838 3255 884 3287 ⁸³
916 3273 929 3310 :
968 3274 988 3306 ι
1023 3254 1200 3309 Nolite
1251 3254 1508 3309 fraudare
1549 3255 1815 3321 invicem,
1858 3258 1958 3311 nisi

376 3349 518 3405 forte
550 3365 618 3404 ex
653 3365 922 3404 consensu
967 3351 1035 3404 ad
1071 3359 1316 3419 tempus,
1366 3358 1426 3403 ut
1458 3351 1658 3405 vacetis
1698 3352 1957 3415 orationi,

374 3451 431 3494 et
467 3441 664 3495 iterum
708 3442 759 3495 in
796 3441 1025 3511 idipsutn
1061 3442 1213 3507 sitis;
1248 3461 1266 3493 ι
1304 3452 1514 3496 cet-tum
1555 3452 1640 3496 est
1677 3442 1804 3511 quia
1860 3442 1962 3496 im-

375 3533 592 3601 peditur
638 3533 969 3588 sacriﬁcium
1004 3534 1321 3588 indesinens
1354 3534 1419 3588 iis
1453 3534 1544 3602 qui
1579 3533 1961 3603 conjugalibus

378 3625 801 3681 necessitatibus
846 3628 1120 3681 serviunt.
1172 3626 1326 3682 Unde
1368 3627 1585 3681 videtur
1644 3627 1775 3680 mihi
1813 3629 1958 3695 quod

377 3720 522 3775 illius
563 3731 649 3775 est
697 3721 869 3776 solius
902 3720 1107 3776 offerre
1135 3721 1469 3777 sacriﬁcium
1501 3720 1839 3784 indesinens,
1867 3722 1960 3791 qui

375 3812 705 3867 indesineuti
755 3822 811 3867 et
850 3822 1123 3883 perpetuae
1154 3827 1212 3867 se
1239 3812 1518 3867 devoverit
1547 3811 1808 3868 castitati.
1853 3810 1960 3865 Sed

374 3912 502 3957 sunt
528 3914 582 3957 et
607 3903 700 3956 alii
734 3905 850 3957 dies
878 3904 995 3958 festi
1030 3905 1116 3968 iis,
1144 3904 1234 3973 qui
1267 3903 1411 3958 forte
1457 3918 1564 3957 non
1607 3910 1834 3971 possunt
1876 3902 1961 3956 in-

374 3995 691 4051 desinenter
730 3996 1015 4052 immolare
1056 3996 1326 4051 sacriﬁcia
1362 3997 1655 4052 castitatis.

443 4087 499 4143 4.
539 4088 789 4143 Secunda
841 4104 975 4158 ergo
1020 4088 1292 4143 festivitas
1322 4100 1449 4157 post
1484 4089 1843 4143 indesinentis
1870 4103 1960 4141 sa-

375 4181 569 4236 crificii
616 4180 972 4236 festivitatem
1028 4181 1252 4249 ponitur
1308 4181 1572 4245 Sabbati,
1628 4190 1684 4235 et
1741 4189 1959 4249 oportet

374 4282 689 4328 sanctorum
720 4287 992 4343 quemque
1019 4282 1074 4327 et
1099 4272 1310 4339 justum
1352 4287 1513 4342 agere
1537 4273 1701 4326 etiam
1727 4272 1955 4327 Sabbati

372 4363 747 4421 festivitatem.
783 4365 915 4432 Qua:
949 4372 1035 4419 est
1065 4373 1251 4418 autem
1291 4362 1563 4418 festivitas
1596 4362 1820 4418 Sabbati
1852 4362 1954 4417 nisi

373 4458 484 4518 illa.
520 4460 585 4514 de
619 4474 724 4528 qua
771 4452 1067 4525 Apostolus
1113 4455 1247 4509 dicit
1277 4454 1356 4520 ⁸⁵,
1395 4453 1792 4523 «Relinquetur
1827 4468 1956 4523 ergo

2064 762 2308 828 Denique
2338 761 2501 813 etiam
2544 762 2687 829 apud
2719 762 2869 829 ipsos
2900 763 2944 815 si
2979 761 3153 827 faber,
3193 763 3238 817 si
3275 773 3517 817 structor
3539 800 3557 826 ,
3590 771 3647 816 et

2062 854 2105 904 si
2152 853 2276 919 quis
2327 853 2637 921 hujusntodi
2678 852 2933 921 opificum
2988 855 3175 917 fuerit,
3220 854 3422 907 otiatur
3470 854 3523 908 in
3562 853 3651 909 die

2061 944 2306 997 Sabbati.
2340 944 2535 998 Lector
2567 956 2746 998 autem
2791 945 2922 1014 legis
2955 947 3174 1008 divinae,
3206 946 3291 999 vel
3323 946 3510 1001 doetor
3540 960 3645 1000 non

2064 1040 2263 1091 desinit
2293 1039 2359 1093 ab
2384 1054 2549 1108 opere
2582 1056 2706 1102 suo,
2738 1050 2790 1093 et
2828 1051 3005 1095 tamen
3042 1041 3337 1096 Sabbalttm
3374 1056 3480 1093 non
3515 1055 3649 1094 con-

2064 1132 2294 1184 taminat
2331 1150 2343 1184 :
2383 1133 2459 1185 sic
2483 1132 2625 1185 enim
2653 1142 2707 1186 et
2734 1134 2992 1186 Dominus
3027 1149 3176 1188 meus
3200 1132 3329 1187 dicit
3358 1132 3422 1185 ad
3443 1148 3538 1186 eos
3564 1131 3646 1184 ἐξ

2066 1243 2084 1275 ι
2114 1228 2222 1279 Aut
2260 1241 2366 1279 nOu
2410 1225 2619 1294 legistis
2647 1266 2660 1289 ,
2693 1225 2821 1294 quia
2877 1235 2929 1277 et
2983 1224 3295 1278 sacerdotes
3344 1224 3397 1277 in
3449 1224 3649 1291 templo

2063 1318 2362 1372 Sabbattttn
2396 1319 2623 1380 violant,
2649 1327 2701 1369 et
2737 1320 2855 1369 sine
2885 1318 3112 1370 crimine
3147 1328 3271 1368 sunt
3296 1314 3455 1386 (I9)?
3490 1335 3507 1368 ι
3545 1316 3647 1382 Qui

2063 1430 2190 1484 ergo
2212 1422 2393 1468 cessat
2426 1415 2491 1466 ab
2523 1413 2779 1481 operibus
2808 1412 2990 1465 szcculi
3030 1421 3083 1465 et
3112 1411 3447 1480 spiritalibus
3470 1421 3650 1471 vacat,

2065 1507 2168 1560 iste
2202 1516 2284 1558 est
2325 1506 2413 1573 qui
2447 1504 2774 1558 sacrificium
2810 1504 3030 1556 Sabbati
3077 1512 3129 1556 et
3155 1504 3297 1557 diem
3326 1503 3518 1557 festum
3541 1505 3652 1573 agit

2064 1601 2452 1655 Sabbatorum.
2477 1596 2660 1665 Neque
2686 1610 2852 1649 onera
2880 1604 3059 1664 portat
3090 1595 3141 1647 in
3180 1596 3285 1649 via.
3326 1594 3478 1649 Onus
3502 1595 3647 1649 enim

2062 1703 2146 1748 est
2196 1705 2357 1745 omne
2398 1699 2711 1757 peceatum,
2764 1687 3221 1756 quemadmodum
3258 1687 3390 1741 dicit
3430 1697 3483 1740 et
3521 1686 3651 1742 Pro-

2062 1792 2221 1859 pheta
2239 1789 2314 1840 ⁸⁶ε
2342 1806 2360 1838 ‹
2386 1786 2539 1841 Sicut
2560 1799 2698 1838 onus
2726 1798 2890 1853 grave
2909 1792 3143 1850 gravatae
3169 1766 3297 1836 sunt
3320 1797 3485 1850 super
3504 1798 3608 1835 me.
3628 1802 3645 1831 ι

2065 1883 2254 1952 Neque
2286 1881 2466 1950 ignem
2500 1877 2772 1939 accendit,
2801 1876 2952 1930 illutn
2986 1875 3195 1929 scilicet
3230 1875 3432 1943 ignem,
3455 1874 3650 1941 dequo

2069 1976 2268 2031 dicitur
2295 1975 2340 2006 ⁸⁷
2372 1989 2386 2025 :
2420 1991 2437 2023 ι
2474 1971 2549 2026 Ite
2576 1971 2630 2024 in
2676 1969 2880 2023 lumine
2914 1968 3055 2039 ignis
3085 1968 3273 2031 vestri,
3300 1979 3355 2021 ct
3397 1967 3449 2020 in
3494 1965 3651 2020 flatu-

2068 2084 2156 2122 ma
2204 2082 2367 2138 quam
2419 2062 2771 2118 accendistis.
2807 2080 2825 2113 ι
2875 2060 2929 2114 In
2986 2058 3225 2114 Sabbato
3278 2059 3651 2128 unusquisque

2068 2161 2226 2216 sedet
2256 2160 2375 2213 loco
2407 2172 2526 2220 suo,
2554 2164 2606 2208 et
2636 2170 2742 2208 non
2770 2154 3015 2223 procedit
3042 2168 3105 2207 ex
3141 2167 3226 2206 eo.
3258 2151 3389 2219 Quis
3419 2168 3548 2222 ergo
3568 2163 3652 2208 est

2068 2254 2221 2305 locus
2256 2248 2519 2317 spiritalis
2545 2246 2789 2301 animat?
2826 2244 3048 2299 Iustitia
3088 2255 3173 2299 est
3207 2245 3356 2297 locus
3399 2245 3516 2311 ejus
3543 2288 3557 2312 ,
3598 2256 3653 2300 et

2068 2344 2233 2415 359
2255 2344 2481 2404 veritas,
2506 2340 2795 2411 sapientia,
2827 2338 3210 2402 sanctiﬁcatio,
3245 2349 3300 2392 et
3325 2339 3503 2392 omnia
3531 2353 3650 2407 quzc

2067 2438 2316 2493 Christus
2338 2444 2439 2499 est,
2474 2435 2622 2487 locus
2644 2433 2838 2486 animae
2860 2441 2963 2486 est.
2994 2432 3070 2484 Ex
3104 2446 3210 2499 quo
3248 2430 3366 2484 loco
3387 2445 3505 2485 eam
3545 2446 3649 2484 non

2064 2538 2282 2599 oportet
2333 2529 2506 2590 exire,
2540 2537 2598 2581 ut
2646 2542 2771 2581 vera
2805 2525 3043 2580 Sabbata
3089 2524 3386 2588 custodiat,
3423 2533 3476 2577 et
3503 2524 3647 2576 diem

2067 2617 2268 2674 festum
2308 2620 2361 2672 in
2400 2617 2687 2671 Saet'iﬁciis
2744 2617 2929 2683 exigat
2977 2614 3336 2669 Sabbatorutn
3368 2630 3383 2669 :
3421 2615 3561 2667 sicut
3597 2624 3652 2665 et

2072 2711 2332 2763 Dominus
2364 2709 2583 2763 dicebat
2614 2708 2659 2739 ⁸⁸
2692 2724 2706 2762 :
2737 2726 2756 2758 ι
2788 2706 2888 2772 Qui
2935 2706 2985 2759 in
3030 2720 3116 2759 me
3146 2713 3346 2769 manet,
3380 2714 3435 2759 et
3464 2718 3563 2773 ego
3596 2704 3647 2756 in

2070 2803 2179 2856 illo.
2219 2821 2236 2853 ι
2275 2802 2425 2867 Quod
2456 2811 2636 2853 autem
2678 2800 2915 2854 diximus
2947 2814 3073 2851 vera
3107 2797 3372 2861 Sabbato,
3408 2797 3452 2851 si
3489 2796 3652 2849 altius

2069 2902 2378 2960 repetamus
2406 2906 2526 2958 qtue
2550 2892 2659 2944 sint
2694 2904 2819 2941 vera
2857 2887 3114 2953 Sabbata,
3150 2886 3286 2938 ultra
3320 2886 3460 2940 hunc
3494 2902 3651 2938 mun-

2070 2986 2194 3036 dum
2223 2993 2303 3037 est
2334 2984 2443 3037 veri
2496 2982 2722 3035 Sabbati
2769 2981 3101 3035 observatio.
3148 2978 3299 3044 Quod
3338 2978 3483 3031 cuitu
3511 2978 3643 3031 scri-

2070 3084 2218 3143 ptunt
2247 3084 2332 3127 cst
2360 3074 2415 3127 in
2457 3073 2656 3127 Genesi
2695 3073 2764 3136 9’,
2796 3071 2920 3140 quia
2951 3090 2968 3122 ι
3007 3070 3272 3139 requievit
3304 3071 3443 3124 Deus
3475 3069 3528 3123 in
3565 3071 3651 3125 die

2074 3165 2297 3220 Sabbati
2329 3167 2397 3219 ab
2447 3165 2702 3233 operibus
2735 3164 2873 3227 suis,
2916 3183 2934 3213 ι
2968 3179 3072 3216 ιιοη
3110 3163 3355 3223 videmus
3407 3162 3488 3215 vel
3523 3171 3651 3217 tunc

2071 3258 2271 3313 factum
2327 3274 2446 3312 esse
2481 3261 2529 3311 in
2576 3258 2662 3310 die
2709 3259 2962 3325 septima,
2997 3259 3077 3309 vel
3114 3257 3278 3309 etiam
3333 3271 3473 3307 nunc
3506 3253 3648 3310 ﬁeri.

2071 3353 2302 3420 Semper
2353 3352 2497 3405 enim
2541 3352 2783 3404 videmus
2834 3351 2999 3403 Deum
3040 3349 3289 3416 Operari,
3340 3359 3392 3402 et
3446 3348 3646 3401 nullum

2066 3444 2367 3499 Sabbatum
2397 3456 2477 3497 est
2504 3445 2553 3497 itt
2585 3458 2691 3511 quo
2720 3444 2858 3495 Deus
2887 3458 2991 3496 non
3015 3452 3294 3510 operetur,
3329 3441 3379 3493 in
3414 3458 3519 3507 quo
3545 3457 3647 3494 non

2065 3537 2332 3608 producat
2383 3536 2550 3588 solem
2599 3551 2756 3587 suum
2811 3548 2974 3602 super
3032 3533 3202 3587 bonos
3252 3542 3307 3586 et
3355 3534 3542 3597 malus,
3598 3544 3652 3588 et

2064 3627 2215 3695 pluat
2246 3625 2606 3695 superjustos
2637 3636 2689 3677 et
2721 3625 2970 3692 injttstos,
3008 3624 3061 3677 in
3092 3640 3197 3695 quo
3227 3641 3330 3679 ttou
3384 3628 3650 3693 producat

2066 3720 2119 3772 in
2149 3719 2425 3771 mentibus
2461 3716 2670 3782 fenum,
2712 3724 2767 3771 et
2796 3715 3021 3770 herbam
3067 3716 3313 3770 servituti
3340 3718 3646 3772 hominum.

2067 3812 2119 3866 in
2160 3826 2269 3879 quo
2305 3826 2410 3863 non
2443 3809 2713 3878 percutiat
2738 3821 2785 3864 et
2815 3818 2991 3873 sanet,
3017 3809 3249 3863 deducat
3287 3809 3339 3862 in
3377 3810 3649 3861 infer-uim

2063 3914 2118 3957 et
2146 3904 2389 3965 redueat,
2421 3904 2475 3956 in
2509 3919 2617 3972 quo
2644 3902 2985 3956 nou-occidat
3009 3910 3063 3955 et
3098 3902 3277 3955 vivere
3306 3901 3471 3956 faciat
3504 3902 3647 3956 ⁰⁰’⁷⁰.

2065 3997 2225 4053 Unde
2262 4007 2314 4051 et
2352 3998 2614 4051 Dominus
2645 3998 2696 4049 in
2728 3996 3037 4064 Evangeliis
3061 4012 3182 4049 cum
3206 3995 3371 4049 Judaei
3401 3999 3651 4065 prtescri-

2064 4091 2260 4145 berent
2288 4090 2391 4143 sibi
2424 4089 2488 4141 de
2515 4089 2837 4157 operatione
2867 4098 2924 4140 et
2963 4089 3247 4141 curatione
3278 4086 3526 4148 Sabbati,
3564 4106 3648 4142 re-

2063 4183 2281 4252 spondit
2307 4182 2389 4237 eis
2413 4182 2457 4212 '“
2495 4199 2508 4234 :
2549 4200 2567 4232 ι
2602 4182 2764 4235 Pater
2793 4196 2946 4235 meus
2969 4196 3139 4250 usque
3175 4181 3335 4235 modo
3366 4194 3644 4247 cperatur,

2063 4283 2119 4329 et
2147 4290 2248 4345 ego
2277 4290 2506 4343 operor;
2546 4293 2564 4325 ι
2598 4274 2891 4329 ostendens
2922 4288 3017 4340 per
3052 4273 3167 4327 haec
3196 4274 3249 4327 in
3280 4273 3426 4327 nullo
3456 4274 3643 4328 saeculi

2063 4365 2225 4434 hujus
2259 4366 2505 4421 Sabbato
2550 4366 2898 4435 requiescere
2944 4365 3112 4419 Deum
3156 4381 3184 4419 a
3222 4366 3648 4434 dispensationi-

2062 4460 2164 4513 bus
2187 4459 2374 4513 mundi
2404 4469 2456 4513 et
2482 4475 2510 4511 a
2544 4458 2946 4526 provisionibus
2976 4459 3193 4527 generis
3238 4459 3478 4513 humani.
3509 4458 3646 4513 Nam

371 4548 759 4612 sabbatismus,
792 4565 810 4599 ι
869 4546 972 4601 hoc
1004 4552 1121 4609 est,
1162 4542 1386 4598 Sabbati
1416 4544 1727 4598 Observalio
1758 4543 1957 4613 ρορυιο
1988 4561 2037 4619 ι)
2065 4563 2377 4606 creaturam
2423 4553 2640 4620 quidem
2695 4551 2825 4605 fecit
2869 4566 2935 4605 ex
2974 4552 3131 4606 initio
3158 4592 3173 4617 ,
3221 4560 3275 4606 et
3311 4552 3648 4608 substantias

374 4641 505 4695 Dei?
540 4639 935 4710 Relinquentes
963 4652 1094 4709 ergo
1123 4636 1380 4691 Judaicas
1428 4637 1653 4691 Sabbati
1692 4638 1951 4690 observa-

373 4732 573 4796 tiones,
609 4732 787 4800 qualis
835 4732 1031 4786 debeat
1078 4744 1201 4786 esse
1250 4729 1567 4785 Christiano
1599 4728 1823 4782 Sabbati
1855 4727 1955 4781 ob-

371 4827 632 4891 servatio,
667 4825 973 4879 videamus.
1024 4824 1122 4879 Die
1172 4823 1398 4878 Sabbati
1437 4821 1669 4875 nihilex
1701 4820 1954 4877 omnibus

372 4918 559 4973 mundi
591 4916 802 4971 actibus
831 4926 1050 4986 oportet
1091 4917 1333 4986 operari.
1378 4914 1436 4970 Si
1476 4929 1611 4985 ergo
1633 4913 1857 4969 desinas
1886 4914 1955 4968 ab

369 5012 626 5066 omnibus
653 5011 1003 5067 saecularibus
1028 5011 1311 5080 operibus,
1348 5020 1405 5064 et
1443 5009 1576 5063 nihil
1616 5009 1953 5063 mundanum

368 5120 551 5175 geras,
580 5107 675 5161 sed
710 5104 1047 5176 spiritalibus
1069 5103 1330 5172 operibus
1355 5118 1539 5168 vaces,
1573 5104 1639 5157 ad
1663 5101 1953 5158 ecclesiam

367 5199 685 5261 convenias,
719 5198 1046 5253 lectionibus
1079 5198 1279 5252 divinis
1304 5205 1361 5249 et
1408 5195 1729 5249 tractatibus
1766 5208 1951 5247 aurem

368 5293 630 5360 praebeas,
667 5299 723 5346 et
767 5292 834 5345 de
881 5290 1205 5345 caelestibus
1237 5288 1451 5359 cogites
1475 5327 1491 5351 ,
1540 5288 1607 5341 de
1638 5285 1821 5339 futura
1859 5299 1955 5353 spe

366 5385 789 5442 sollicitudinem
816 5399 994 5455 geras,
1023 5393 1313 5439 venturum
1335 5382 1604 5449 judicium
1638 5395 1749 5450 prae
1782 5379 1956 5434 oculis

425 5550 493 5581 ⁸¹⁴
522 5548 664 5606 Psal.
694 5566 839 5615 cxu,
867 5546 922 5599 2.
999 5546 1089 5600 ⁸³1
1120 5546 1246 5602 Cor.
1280 5560 1376 5608 vn,
1425 5543 1479 5597 5.
1557 5540 1766 5615 δευρὶ).
1798 5555 1868 5603 tv,
1895 5539 1948 5615 Si.

365 5622 408 5651 ”
437 5621 595 5676 Joan.
628 5636 716 5686 xv,
742 5620 798 5675 5.
875 5618 920 5649 ⁸⁹
954 5616 1153 5673 Genes.
1198 5634 1258 5683 Il,
1298 5617 1355 5669 2ο

364 5694 408 5723 “
434 5691 588 5750 Joan.
619 5706 675 5757 ν,
698 5692 784 5746 I7.

435 5787 547 5859 (I9)
576 5788 678 5841 Aut
712 5805 813 5842 non
837 5785 1196 5859 legistisun
1221 5794 1271 5859 et
1296 5781 1703 5859 gsncerdotcsjn
1754 5778 1945 5846 templo

366 5853 660 5913 Sobbotum
691 5853 907 5921 uiolant,
937 5868 983 5912 et
1014 5853 1124 5912 sine
1153 5857 1371 5908 crimine
1411 5862 1554 5907 sunt.
1604 5853 1803 5905 Ilortttn
1839 5864 1957 5919 qutc

2030 5540 2074 5571 ⁸⁵
2113 5537 2271 5593 Joan.
2300 5555 2399 5602 vn,
2436 5538 2529 5592 22.

1431 5615 1551 5647 ⁹⁰·⁷⁰
1593 5613 1781 5670 Maltlt.
1814 5627 1866 5676 v,
1895 5611 2002 5677 45;
2034 5613 2172 5664 f’sal.
2197 5626 2378 5675 (λιιι,
2408 5610 2468 5673 8;
2496 5609 2616 5664 Jul).
2642 5610 2865 5674 v,18;l
2898 5611 3024 5678 llcg.
3058 5625 3119 5672 tt,
3143 5609 3210 5672 6;
3242 5606 3305 5659 IV
3332 5608 3466 5677 Ileg.
3498 5608 3555 5673 ὅ,
3587 5612 3640 5663 6.

2067 4646 2311 4712 protulit,
2359 4655 2592 4715 quantas
2620 4645 2827 4699 sciebat
2854 4653 3041 4713 utpote
3074 4660 3256 4698 rerum
3290 4648 3544 4700 conditor
3581 4648 3647 4700 ad

2066 4736 2454 4804 perfectionem
2491 4736 2681 4790 mundi
2712 4750 2872 4804 posse
2905 4735 3183 4803 sufﬁcere,
3222 4738 3314 4806 sed
3364 4754 3533 4808 usque
3577 4742 3647 4793 ad

2065 4828 2594 4881 consummationem
2641 4825 2824 4880 saeculi
2878 4827 2946 4881 ab
2981 4841 3171 4881 carum
3224 4828 3535 4897 provisione
3591 4841 3649 4884 et

2064 4917 2474 4986 dispensatione
2489 4934 2596 4971 non
2615 4932 2764 4972 cessn
2777 4928 2814 4972 t.
2833 4916 2950 4971 Erit
2971 4933 3100 4987 ergo
3118 4935 3301 4974 verum
3319 4920 3496 4976 Sabba
3509 4935 3517 4971 ι
3530 4939 3645 4987 um,

2068 5011 2121 5064 in
2154 5027 2264 5081 quo
2298 5013 2602 5081 requiescet
2625 5011 2768 5064 Deus
2810 5011 2877 5063 ab
2909 5012 3165 5065 omnibus
3194 5014 3453 5083 operibus
3493 5016 3607 5070 suis
3628 5057 3642 5078 .

2064 5103 2325 5157 sarculum
2358 5103 2625 5165 futurum,
2652 5112 2778 5157 tunc
2808 5118 2929 5156 cum
2955 5102 3201 5172 aufugiet
3230 5104 3404 5173 dolor,
3432 5117 3488 5161 et
3542 5108 3644 5161 tri-

2063 5195 2236 5257 stitia,
2263 5205 2315 5250 ct
2348 5196 2602 5266 gemitus,
2621 5205 2674 5250 et
2706 5197 2809 5251 erit
2831 5196 3013 5252 omnia
3044 5198 3171 5251 etin
3198 5199 3449 5253 omnibus
3480 5198 3643 5254 Deus.

2061 5288 2115 5340 In
2158 5304 2265 5357 quo
2308 5290 2550 5343 Sabbato
2600 5291 2866 5343 concedat
2898 5290 3063 5344 etiam
3120 5292 3276 5345 nobis
3326 5290 3465 5345 Deus
3497 5290 3641 5344 diem

2066 5378 2268 5433 festum
2302 5394 2465 5446 agere
2518 5396 2702 5435 secum
2784 5390 2837 5435 et
2883 5398 3004 5437 cum
3049 5383 3253 5436 sanctis
3303 5381 3507 5450 angelis
3532 5380 3646 5435 suis

2609 5539 2654 5571 ⁸⁸
2686 5538 2825 5592 Psal.
2855 5554 3085 5602 χκκγιιι,
3128 5538 3183 5591 5.
3260 5537 3301 5568 ⁸⁷
3336 5537 3436 5592 Isa.
3467 5553 3519 5594 ι..
3552 5537 3641 5593 II.

2060 5793 2121 5829 ex
2158 5774 2416 5844 nictttoria
2456 5772 2798 5844 citattlttr‘ftlt
2824 5771 3048 5844 Origine
3086 5784 3305 5838 sensus,
3345 5786 3448 5826 non
3480 5769 3643 5825 verba

2072 5849 2342 5902 habentur
2369 5843 2524 5899 Joau.
2560 5858 2655 5908 vn,
2689 5841 2779 5895 9.2.
