4134 6382
502 313 600 371 781

1940 313 2263 369 ORIGENIS

3680 329 3783 386 752

502 434 643 490 festa
696 432 975 489 celebrare
998 472 1012 498 ,
1067 431 1363 486 olferentcs
1414 432 1748 488 sacrificium
1797 435 1996 503 laudis,
2041 446 2096 492 et
2125 442 2169 501 Α
2203 439 2425 494 Ρειςειιω
2452 439 2789 504 solemnitas,
2827 439 2878 494 in
2910 455 3014 509 qua
3045 442 3345 500 festivitate
3371 462 3541 516 agnus
3570 452 3776 505 occidi-

502 525 794 583 reddentes
825 525 1107 580 Altissimo
1135 535 1267 579 vota
1305 534 1517 589 nostra,
1555 540 1677 595 quae
1701 527 1790 582 hic
1830 528 2092 584 distinxe-

505 631 631 677 runt
664 623 805 676 labia
834 631 1042 676 nostra.
1073 620 1227 675 Tunc
1248 618 1501 672 fortassis
1542 628 1596 673 et
1627 620 1964 675 sacrificium
2004 623 2090 676 in-

502 714 779 777 desinens,
811 713 878 767 de
901 727 1011 782 quo
1038 726 1199 782 supra
1235 709 1590 780 exposuimus
1611 752 1625 777 ,
1658 712 1853 767 melius
1890 712 2089 769 ollere-

471 817 613 906 ⁴ιιιιν.
637 804 794 861 Tunc
835 805 981 859 enim
1012 804 1208 859 melius
1258 805 1639 860 indesinenter
1667 808 1871 874 poterit
1906 809 2088 864 anima

500 991 702 1065 tificem
735 1004 1016 1060 magnum,
1053 991 1144 1059 qui
1186 999 1273 1045 est
1320 991 1577 1046 sacerdos
1622 991 1674 1045 in
1704 1001 1970 1048 aeternum
1998 1009 2088 1050 se-

500 1084 738 1139 cundum
770 1080 1015 1136 ordinem
1042 1080 1439 1137 Melchisedech
1464 1082 1534 1136 τ’.

572 1176 630 1231 5.
674 1173 861 1230 Tertia
910 1172 1184 1229 festivitas
1248 1174 1469 1244 ponitur
1516 1174 1827 1231 Neomenia:
1873 1177 1992 1233 dies
2032 1178 2084 1233 in

499 1284 607 1341 qua
632 1268 860 1324 offertur
890 1280 943 1322 et
978 1266 1177 1322 hostia.
1205 1264 1500 1322 Neomenia
1526 1277 1705 1323 autem
1728 1270 1927 1325 dicitur
1949 1287 2084 1327 nova

499 1365 646 1419 luna.
681 1362 940 1432 Estcrgo
969 1370 1026 1416 et
1061 1360 1163 1415 ista
1209 1357 1485 1415 festivitas
1527 1375 1648 1415 cum
1691 1361 1816 1416 luna
1866 1362 2087 1418 innova-

505 1468 611 1511 tur.
646 1454 794 1507 Nova
832 1462 1014 1507 autem
1042 1452 1267 1516 dicitur,
1303 1466 1424 1505 cum
1468 1452 1570 1507 soli
1621 1454 1866 1522 proxima
1919 1455 2087 1511 fuerit

496 1546 709 1611 eﬂ'ecta,
751 1554 806 1599 et
838 1544 996 1598 valde
1041 1543 1091 1598 ei
1132 1540 1458 1609 conjuncta,
1492 1542 1563 1597 ita
1605 1553 1658 1597 ιιι
1696 1543 1796 1599 sub
1836 1546 2087 1603 claritate

495 1640 614 1710 ejus
652 1638 841 1692 lateat.
873 1634 987 1689 Sed
1024 1635 1221 1690 mirum
1254 1634 1495 1689 fortasse
1526 1636 1810 1705 videatur,
1856 1639 1964 1694 imo
1994 1656 2085 1695 su-

499 1734 761 1802 perfluum
814 1732 897 1785 lex
929 1730 1111 1785 divina
1142 1730 1427 1786 mandare.
1475 1731 1616 1798 Quid
1655 1732 1802 1786 enim
1833 1733 2080 1805 religioni

496 1828 774 1889 conducit,
804 1825 943 1880 lunre
976 1838 1152 1890 novm,
1194 1823 1247 1879 id
1279 1833 1363 1879 est
1389 1839 1514 1880 cum
1556 1823 1915 1894 conjungitur
1955 1826 2079 1894 soli,

495 1932 549 1977 et
580 1921 822 1976 adlneret
850 1919 924 1985 ei,
975 1920 1274 1972 observare
1303 1915 1697 1974 festivitatem?
1748 1917 1873 1974 Haec
1922 1921 1966 1975 si
1999 1934 2084 1976 se-

494 2015 733 2069 cundum
763 2014 1002 2069 litteram
1044 2010 1488 2077 considerentur,
1522 2026 1631 2066 non
1676 2018 1792 2066 tam
1827 2012 2082 2083 religiosa

494 2123 658 2179 quam
692 2105 1076 2175 superstitiosa
1107 2102 1458 2168 videbuntur,
1491 2104 1585 2158 sed
1612 2103 1822 2159 sciebat
1870 2113 2084 2174 aposto-

497 2199 583 2253 lus
620 2196 850 2261 Paulus,
879 2196 1005 2266 quia
1042 2208 1148 2249 non
1177 2192 1243 2247 de
1272 2192 1342 2248 iis
1384 2193 1629 2264 loquitur
1658 2193 1765 2260 lex,
1806 2210 1905 2249 nec
1931 2195 2080 2249 illum

497 2293 662 2346 ritum
688 2290 778 2361 qui
809 2305 839 2343 a
860 2287 1064 2344 Judaeis
1103 2289 1387 2345 observari
1412 2290 1647 2355 videtur,
1680 2289 1918 2361 Spiritus
1948 2305 2077 2346 san-

493 2397 616 2441 ctus
642 2383 943 2454 praecepit;
981 2390 1037 2438 et
1065 2381 1188 2437 ideo
1224 2384 1292 2440 ad
1322 2397 1419 2439 eos
1444 2384 1533 2453 qui
1571 2381 1733 2439 ﬁdem
1764 2382 1857 2437 Dei
1894 2397 2079 2439 susce-

493 2485 699 2549 perunt
731 2473 946 2531 dicebat
966 2474 1013 2507 ⁷³
1055 2491 1070 2529 :
1103 2493 1121 2526 ι
1145 2472 1318 2531 Nemo
1357 2490 1486 2547 ergo
1505 2475 1828 2546 vosjudicet
1856 2476 1908 2529 in
1933 2475 2075 2544 cibo,

494 2577 587 2623 aut
619 2577 772 2637 potu,
803 2575 897 2621 aut
923 2574 1079 2638 parte
1119 2567 1225 2623 diei
1259 2567 1411 2637 festi,
1448 2575 1541 2622 aut
1578 2567 1870 2623 Neomenia
1920 2566 2032 2639 (20)
2058 2608 2076 2636 ,

492 2670 587 2715 aut
618 2659 876 2726 Sabbato,
916 2673 1037 2729 quae
1061 2667 1191 2715 sunt
1216 2661 1407 2715 umbra
1444 2660 1774 2715 futurorum.
1814 2678 1835 2713 ι
1864 2659 1922 2715 Si
1946 2676 2077 2733 ergo

496 2754 687 2809 umbra
728 2752 1033 2808 futurorum
1058 2762 1143 2809 est
1169 2753 1491 2818 Sabbatum,
1524 2752 1591 2807 de
1613 2768 1722 2822 quo
1744 2768 1845 2822 pro
1868 2753 2077 2810 viribus

494 2862 658 2916 supra
696 2844 1063 2913 exlilicuintus
1084 2884 1099 2909 ,
1130 2853 1182 2899 et
1214 2843 1509 2899 Neomenia
1544 2844 1734 2899 umbra
1763 2846 2073 2902 futurorum

491 2949 601 3005 est,
638 2948 848 2994 certum
896 2946 980 2992 est
1007 2939 1150 3008 quod
1173 2948 1226 2992 et
1248 2944 1460 2992 caetera;
1483 2935 1805 2993 festivitates
1827 2938 2076 2994 similiter

491 3030 696 3087 umbra:
731 3038 858 3087 sunt
925 3030 1255 3084 futurorum.
1313 3026 1423 3081 Sed
1484 3043 1631 3083 nunc
1679 3029 1963 3086 videamus
2006 3030 2075 3086 de

456 894 757 953 fassistere
779 898 893 951 Deo
919 907 973 951 et
999 894 1197 952 oilerre
1224 896 1557 952 sacrificium
1591 898 1769 953 laudis
1826 915 1924 971 per
1957 916 2093 971 pon-

2196 544 2303 588 tur.
2341 533 2447 590 Sed
2474 536 2593 588 vide
2624 544 2678 587 tu
2721 548 2918 601 agnum
2947 553 3160 601 verum,
3195 554 3395 609 agnum
3430 539 3547 604 Dei,
3583 558 3779 612 agnum

2196 628 2288 698 qui
2327 627 2467 682 tollit
2523 638 2745 697 peccata
2799 631 2983 684 mundi
3011 631 3080 696 ⁷⁸,
3109 640 3163 684 et
3185 631 3373 696 dicito,
3409 633 3535 701 quia
3575 636 3776 705 pascha

2195 730 2442 776 nostrum
2476 722 2796 776 immolatus
2835 730 2919 775 est
2954 722 3211 778 Christus
3245 724 3313 778 ⁷⁷.
3365 722 3535 779 Judaei
3567 727 3779 784 carnali

2193 827 2355 867 sensu
2399 816 2693 868 comedant
2744 825 2943 866 carnes
2988 814 3139 882 agni,
3178 830 3276 868 nos
3306 824 3491 869 autem
3521 817 3777 872 comeda-

2193 920 2315 960 mus
2349 920 2572 962 carnem
2604 906 2768 961 Verbi
2817 906 2932 960 Dei.
2980 907 3100 975 Ipse
3141 907 3287 960 enim
3319 908 3456 960 dixit
3484 908 3570 962 7“:
3606 927 3624 959 ι
3662 908 3774 964 Nisi

2192 999 2543 1055 comederitis
2575 1014 2771 1055 carnes
2818 1013 2968 1053 meas
2991 1040 3005 1063 ,
3039 1013 3145 1052 non
3196 997 3466 1053 habebitis
3513 999 3680 1053 vitam
3717 1001 3771 1055 in

2195 1092 2352 1147 vobis
2374 1093 2526 1163 ipsis.
2552 1113 2570 1148 ι
2595 1093 2712 1149 Hoc
2737 1096 2880 1165 quod
2905 1092 3067 1147 modo
3090 1091 3389 1161 loquimur,
3427 1106 3622 1146 carnes
3646 1104 3772 1147 sunt

2192 1184 2355 1241 Verbi
2389 1187 2508 1253 Dei,
2559 1189 2604 1242 si
2644 1196 2825 1241 tamen
2860 1204 2964 1243 non
3015 1187 3173 1256 quasi
3210 1185 3440 1239 infirmis
3468 1185 3640 1252 olera,
3676 1196 3770 1240 aut

2188 1279 2343 1346 quasi
2378 1282 2563 1349 pueris
2607 1279 2767 1335 lactis
2806 1280 3123 1334 alimoniam
3154 1277 3519 1349 proferamus.
3558 1276 3613 1331 Si
3651 1291 3770 1347 pero

2191 1369 2329 1423 fecta
2361 1370 2657 1442 loquimur,
2688 1370 2733 1424 si
2765 1371 3016 1434 robusta,
3042 1370 3086 1423 si
3117 1368 3369 1433 fortiora,
3394 1383 3592 1423 carnes
3621 1371 3771 1423 vobis

2191 1458 2350 1515 Verbi
2379 1461 2471 1517 Dei
2504 1461 2825 1531 apponimus
2848 1463 3234 1517 comedendas.
3273 1460 3374 1516 Ubi
3400 1460 3545 1515 enim
3576 1464 3769 1530 mysti-

2186 1566 2284 1607 cus
2306 1566 2507 1617 sermo,
2540 1552 2628 1606 ubi
2654 1552 2994 1622 dogmaticus
3047 1562 3102 1607 et
3139 1549 3425 1605 Trinitatis
3454 1550 3559 1604 fide
3594 1552 3768 1620 reple—

2189 1652 2274 1697 tus
2305 1644 2582 1713 profertur
2628 1659 2692 1698 ac
2733 1643 2969 1709 solidus,
3016 1644 3106 1698 ubi
3149 1642 3315 1697 futuri
3357 1643 3540 1695 saeculi
3586 1654 3769 1695 amoto

2186 1735 2457 1791 velamine
2486 1736 2683 1791 littera:
2712 1736 2844 1805 legis
2868 1736 3136 1804 spiritalis
3154 1749 3497 1793 sacramenta
3522 1735 3767 1805 pandun-

2187 1835 2295 1891 tur,
2347 1827 2439 1883 ubi
2498 1841 2627 1898 spes
2660 1826 2858 1880 animae
2888 1827 3075 1881 avulsa
3119 1829 3187 1881 de
3231 1828 3394 1883 terris
3422 1827 3665 1898 jactatur
3709 1825 3762 1878 in

2184 1920 2376 1988 caelos,
2399 1931 2452 1977 et
2488 1922 2540 1975 in
2572 1921 2678 1975 illis
2710 1918 3030 1986 collocatur,
3069 1936 3191 1990 quae
3223 1921 3413 1977 oculus
3468 1934 3577 1976 non
3606 1917 3761 1975 vidit.

2185 2030 2285 2070 nec
2310 2014 2459 2069 auris
2488 2014 2714 2081 audivit,
2734 2029 2835 2071 nec
2852 2016 2907 2070 in
2934 2014 3281 2069 corltominis
3306 2014 3672 2068 ascenderunt
3690 2012 3766 2078 τ’,

2184 2107 2299 2162 haec
2328 2108 2510 2163 omnia
2544 2122 2738 2162 carnes
2774 2117 2901 2162 sunt
2943 2106 3105 2161 Verbi
3148 2106 3240 2159 Dei
3271 2122 3286 2159 :
3320 2106 3518 2174 quibus
3542 2104 3631 2174 qui
3669 2118 3765 2173 p0-

2184 2208 2291 2254 test
2335 2198 2581 2270 perfecto
2627 2199 2901 2255 intellectu
2951 2199 3098 2255 vesci
3136 2207 3189 2254 et
3220 2200 3386 2254 corde
3437 2198 3760 2268 puriﬁcato,

2187 2292 2276 2347 ille
2307 2307 2435 2347 vere
2463 2291 2780 2347 festivitatis
2817 2289 3041 2347 Pascha:
3088 2291 3333 2345 immolat
3386 2290 3759 2354 sacrificium,

2179 2384 2346 2456 360
2377 2394 2433 2440 et
2455 2385 2599 2440 diem
2628 2384 2828 2439 festum
2876 2385 2987 2455 agit
3022 2399 3144 2438 cum
3171 2385 3281 2439 Deo
3300 2393 3354 2437 et
3382 2383 3588 2453 angelis
3617 2382 3762 2451 ejus.

2253 2478 2304 2530 7.
2340 2475 2471 2531 Post
2499 2475 2662 2543 hanc,
2698 2476 2808 2530 imo
2833 2475 3156 2530 continuata
3208 2476 3333 2529 huic
3370 2475 3642 2529 festivitas
3674 2488 3761 2527 se-

2179 2568 2367 2638 quitur
2387 2570 2741 2639 Azymorum,
2770 2581 2932 2634 quam
2957 2568 3156 2622 merito
3184 2565 3518 2630 celebrabis,
3570 2570 3615 2619 st
3660 2580 3759 2619 ex-

2180 2662 2439 2718 termines
2459 2674 2624 2716 omne
2658 2660 2986 2715 fermentum
3038 2659 3258 2714 malitiae
3299 2668 3354 2712 et
3399 2658 3656 2728 nequitia:
3691 2659 3761 2713 ab

2179 2752 2358 2807 anima
2388 2760 2502 2817 tua,
2530 2759 2793 2821 etazyma
2818 2748 3149 2805 sinceritatis
3198 2748 3549 2816 veritatisque
3576 2755 3762 2802 custo-

2176 2845 2319 2898 dias.
2373 2843 2563 2912 Neque
2617 2844 2762 2897 enim
2820 2842 3117 2911 putandum
3177 2850 3283 2908 est,
3334 2841 3758 2910 omnipotentem

2178 2938 2347 2992 Deum
2374 2936 2524 3006 leges
2558 2936 2764 2991 homini
2798 2950 2898 3005 pro
2946 2933 3213 2991 fermento
3244 2933 3489 2989 scribere
3539 2941 3593 2987 et
3628 2945 3759 3001 pro-

2178 3037 2366 3100 pterea
2392 3027 2584 3099 jubere
2609 3027 2963 3083 exterminari
3004 3027 3243 3080 animam
3275 3027 3344 3080 de
3382 3025 3581 3095 popqu
3633 3038 3759 3086 suo,

490 3123 808 3179 Neomenia.
844 3120 1091 3177 Diximus
1129 3119 1273 3191 quod
1304 3118 1611 3176 Neomenia:
1658 3121 1930 3179 festivitas
1971 3137 2070 3193 ap-
2098 3145 2140 3205 ρ
2175 3123 2220 3177 si
2245 3136 2351 3191 qua
2379 3120 2522 3176 forte
2545 3136 2734 3191 parum
2770 3119 2975 3189 aliquid
3004 3117 3255 3174 fermenti
3294 3117 3455 3187 hujus
3482 3132 3548 3171 ex
3581 3116 3758 3169 farina

486 3217 744 3287 pellatur,
773 3230 896 3271 cum
926 3214 1051 3268 luna
1084 3213 1330 3267 innovari
1352 3214 1602 3283 coeperit,
1631 3223 1687 3270 et
1702 3214 1799 3270 soli
1819 3214 2068 3285 proxima

489 3310 659 3366 fuerit
718 3309 1043 3380 penitusque
1071 3306 1382 3375 conjuncta.
1418 3304 1511 3360 Sol
1557 3306 1782 3375 iustitia:
1821 3308 2069 3363 Christus

486 3413 612 3459 est:
645 3401 773 3456 huic
812 3399 856 3454 si
905 3398 1058 3462 luna,
1087 3397 1138 3452 id
1170 3408 1256 3452 est
1285 3397 1527 3453 Ecclesia
1565 3413 1685 3466 sua,
1717 3413 1837 3469 qua:
1866 3400 2070 3456 lumine

488 3494 664 3565 ipsius
687 3490 946 3561 repletur,
972 3490 1160 3559 juncta
1191 3489 1358 3545 fuerit
1395 3500 1447 3545 et
1478 3494 1692 3561 penitus
1740 3491 1790 3546 ei
1823 3492 2068 3548 adhaese-

487 3585 584 3651 rit,
638 3583 712 3637 ita
759 3589 819 3634 ut
870 3579 1168 3635 secundum
1221 3581 1447 3636 verbum
1489 3580 1734 3650 Apostoli
1763 3581 1832 3648 ⁷⁵,
1880 3584 1973 3651 qui
2007 3597 2069 3638 se

483 3674 661 3746 jungit
692 3671 922 3727 Domino
950 3687 1089 3727 unus
1117 3687 1238 3727 cum
1270 3686 1336 3727 eo
1362 3671 1586 3741 spiritus
1623 3673 1736 3737 ﬁat,
1768 3682 1894 3727 tune
1916 3671 2068 3728 festi-

490 3768 716 3820 vitatem
764 3763 1077 3820 Neomeniae
1126 3766 1279 3834 agit:
1313 3772 1440 3817 tune
1473 3764 1620 3819 enim
1668 3779 1806 3818 nova
1835 3762 2068 3821 edicitur

491 3872 615 3911 cum
652 3856 910 3924 abjeeerit
942 3864 1182 3910 veterem
1233 3853 1534 3918 hominem,
1572 3863 1628 3908 et
1659 3854 1849 3909 induta
1901 3853 2070 3912 fuerit

493 3966 717 4015 novum,
766 3951 856 4019 qui
909 3948 1207 4005 secundum
1242 3947 1412 4003 Deum
1454 3954 1672 4002 creatus
1699 3948 1875 4016 est";
1902 3956 2068 4019 atque

494 4044 567 4098 ita
592 4044 787 4098 merito
813 4042 1183 4098 innovationis
1218 4041 1647 4107 solemnitatem,
1677 4058 1797 4111 qute
1829 4041 2067 4098 estNeo—

490 4136 683 4192 menia:
721 4135 1029 4203 festivitas,
1064 4144 1237 4207 geret.
1270 4134 1428 4189 Tunc
1464 4133 1698 4204 denique
1726 4144 1809 4188 est
1848 4135 2065 4204 quando

490 4244 667 4301 neque
692 4229 888 4294 videri,
915 4245 1091 4300 neque
1118 4227 1509 4299 comprehendi
1546 4227 1799 4282 humanis
1831 4229 2066 4299 aspecti-

489 4322 587 4376 bus
616 4328 816 4390 potest.
853 4320 1051 4375 Anima
1081 4320 1226 4375 enim
1254 4334 1375 4373 cum
1414 4326 1525 4374 tota
1550 4332 1608 4373 se
1636 4318 1926 4372 sociaverit
1957 4318 2065 4374 Do»

487 4414 658 4480 mino,
683 4422 739 4466 et
769 4413 1047 4481 splendori
1078 4412 1217 4467 lucis
1242 4412 1361 4481 ejus
1387 4420 1495 4465 tota
1520 4409 1875 4476 concesserit,
1901 4409 2067 4464 nihil-

2173 3213 2457 3284 conspersi
2484 3213 2539 3268 in
2559 3213 2720 3268 domo
2735 3226 2831 3267 sua
2851 3209 3110 3267 habuisse
3133 3210 3558 3280 deprehenditur
3579 3224 3592 3260 :
3613 3224 3753 3261 earu-

2171 3322 2279 3377 que
2312 3320 2498 3362 curam
2526 3317 2861 3376 magnopere
2895 3300 3065 3358 fuisse
3099 3303 3296 3357 divinae
3331 3300 3623 3371 majestati,
3644 3314 3757 3368 qua

2170 3399 2605 3470 fermentilhujus
2618 3412 2782 3453 causa
2801 3398 2856 3451 in
2879 3404 3084 3451 tantum
3102 3411 3159 3450 se
3172 3395 3549 3460 dieatolleudi,
3569 3404 3624 3447 ut
3642 3394 3761 3447 ani-

2172 3510 2342 3561 mam,
2369 3509 2530 3565 quam
2550 3494 2665 3564 ipse
2693 3491 2762 3546 ad
2784 3491 3078 3563 imaginem
3097 3499 3150 3545 et
3166 3490 3577 3545 similitudinem
3599 3502 3753 3541 suam

2172 3588 2325 3655 fecit,
2350 3586 2701 3643 exterminari
2728 3600 2828 3655 pro
2861 3586 2962 3640 hoc
2985 3583 3175 3653 jubeat
3199 3590 3254 3637 et
3277 3581 3468 3646 everti,
3498 3577 3756 3634 nonmihi

2170 3680 2387 3735 videtur
2404 3679 2520 3734 haec
2548 3677 2750 3735 divinis
2776 3676 2986 3746 legibus
3018 3676 3175 3745 digna
3206 3689 3326 3729 esse
3350 3672 3749 3743 intelligentia;

2170 3772 2264 3826 sed
2296 3770 2427 3825 illud
2462 3770 2636 3839 magis
2666 3777 2749 3823 est
2779 3767 2923 3836 quod
2955 3765 3245 3829 horrescit,
3277 3773 3331 3820 et
3383 3764 3580 3817 merito
3622 3762 3752 3815 hor.

2171 3863 2339 3918 rescit
2370 3862 2514 3916 Deus
2560 3861 2605 3916 si
2641 3859 2886 3925 malitiae,
2917 3858 2962 3913 si
2998 3859 3111 3921 iraa,
3160 3856 3205 3912 si
3253 3855 3505 3925 nequitiae
3556 3853 3750 3922 spiritu

2171 3951 2587 4009 infermentetur
2608 3951 2789 4005 anima
2822 3958 2877 4004 et
2910 3951 3239 4003 intumescat
3265 3947 3332 4001 ad
3369 3946 3591 4017 ﬂagitia.
3627 3944 3750 3999 Haec

2170 4058 2279 4098 non
2308 4043 2422 4099 vult
2452 4056 2575 4098 esse
2594 4044 2647 4097 in
2674 4041 2855 4096 anima
2884 4041 3049 4108 Deus,
3069 4051 3122 4095 et
3151 4039 3258 4095 tale
3280 4040 3610 4093 fermentum
3645 4037 3749 4090 nisi

2170 4138 2541 4209 abjeeerimus
2568 4139 2635 4193 de
2662 4138 2825 4191 domo
2860 4136 3056 4189 animae
3085 4142 3306 4199 nostrae,
3344 4131 3542 4187 merito
3570 4140 3753 4184 exter-

2170 4230 2528 4286 minabimur.
2583 4227 2688 4283 Sed
2721 4242 2790 4281 ne
2821 4236 3140 4284 contemnas
3171 4224 3389 4279 etiamsi
3421 4238 3643 4292 parvam
3669 4223 3750 4276 vi-

2170 4323 2316 4379 deris
2340 4321 2454 4393 (21)
2488 4322 2626 4376 intra
2658 4331 2710 4374 te
2739 4320 3053 4375 fermentari
3097 4317 3379 4380 malitiam,
3407 4314 3535 4384 quia
3576 4314 3751 4368 modi-

2169 4430 2293 4471 cum
2330 4413 2587 4470 fermenti
2620 4421 2789 4467 totam
2848 4426 3081 4465 massam
3128 4407 3473 4477 corrumpit:
3518 4416 3572 4461 et
3626 4406 3746 4459 ideo

487 4521 592 4576 qua
648 4507 871 4559 omnino
928 4515 1205 4560 terrenum
1259 4504 1484 4572 cogitat,
1534 4502 1669 4557 nihil
1728 4503 2062 4557 mundanum
2094 4486 2140 4542 D
2170 4519 2344 4576 neque
2378 4504 2444 4559 de
2473 4518 2638 4575 parvo
2682 4510 2907 4575 peccato
2942 4502 3207 4570 negligas,
3238 4498 3495 4568 quoniam
3529 4512 3597 4551 ex
3641 4511 3748 4550 uno

486 4598 738 4667 requirit,
770 4612 868 4651 nec
909 4600 1221 4654 hominibus
1255 4597 1470 4668 placere
1502 4596 1721 4651 studet:
1751 4596 1846 4651 sed
1896 4604 2064 4651 totam

484 4703 544 4743 se
571 4690 876 4759 sapientiw,
908 4697 1077 4745 totam
1104 4690 1317 4755 lumini,
1346 4699 1511 4743 totam
1537 4687 1704 4743 calori
1736 4687 1913 4743 sancti
1941 4687 2065 4758 Spi-

490 4782 627 4835 ritus
658 4782 1069 4851 mancipaverit,
1102 4782 1315 4838 subtilis
1343 4792 1397 4837 et
1418 4779 1681 4851 spiritalis
1697 4778 1909 4846 eﬂ‘ecta,
1931 4795 2067 4849 quo-

488 4873 649 4928 modo
697 4873 845 4928 cerni
875 4872 943 4927 ab
999 4871 1332 4938 hominibus,
1369 4882 1463 4927 aut
1494 4873 1560 4927 ab
1613 4871 1862 4925 humanis
1887 4879 2066 4940 potest

482 4966 869 5036 conspectibus
903 4965 1271 5037 apprehendi?
1315 4964 1583 5019 Animalia
1623 4978 1857 5032 namque
1898 4963 2061 5017 homo

483 5060 786 5130 intelligere
812 5068 867 5116 et
906 5060 1220 5117 discernere
1253 5074 1357 5113 non
1393 5065 1575 5126 potest
1626 5056 1947 5124 spiritalem.
1990 5055 2058 5111 Et

482 5151 603 5205 ideo
628 5152 942 5221 dignissime
975 5153 1115 5207 diem
1146 5152 1344 5206 festum
1378 5158 1521 5218 aget,
1554 5155 1610 5201 et
1649 5147 1881 5201 hostiam
1919 5144 2064 5203 Neo-

482 5246 674 5299 muniat!
689 5246 940 5311 Domino,
966 5254 1154 5315 utpote
1174 5260 1269 5316 per
1291 5243 1466 5311 ipsum
1484 5238 2057 5311 innovata,jugulabit.

551 5339 606 5393 6.
653 5316 861 5406 Quarto
901 5341 953 5393 in
990 5339 1108 5395 loco
1162 5338 1385 5411 ponitur
1434 5336 1574 5390 inter
1607 5332 1927 5389 festivitates
1961 5334 2057 5389 Dei

547 5474 594 5507 ⁷⁸
625 5474 769 5531 Psal.
802 5491 912 5538 crx,
952 5475 1004 5531 4.
1107 5474 1153 5506 ⁷³
1175 5473 1384 5530 Coloss.
1418 5488 1479 5536 It,
1522 5472 1612 5539 ‘16,
1646 5472 1735 5527 Π.

481 5559 532 5609 v,
565 5542 620 5598 7.
694 5548 738 5578 ⁷⁸
761 5546 916 5602 Joan.
953 5562 1026 5609 vt,
1064 5546 1155 5600 54.
1228 5546 1273 5578 ⁷³
1304 5543 1326 5597 l
1356 5546 1482 5599 Cor.
1508 5560 1569 5612 tt,
1600 5543 1654 5599 9.

551 5679 665 5754 (20)
706 5681 906 5754 omnes
935 5682 1091 5754 codd.
1130 5683 1507 5754 manuscripti,
1537 5702 1555 5735 ι
1585 5694 1680 5739 aut
1699 5682 2047 5741 Neomenia.»

482 5751 816 5817 Libb.'editi,
848 5771 866 5804 ι
900 5762 994 5807 aut
1024 5751 1353 5809 Neomenia).
1386 5773 1405 5809 ι

1813 5473 1859 5504 ⁷⁵
1895 5471 1914 5526 Ι
1943 5472 2072 5529 Cor.
2104 5475 2306 5541 v1.17.

2168 4605 2395 4668 peccato
2440 4604 2736 4665 generatur
2764 4603 2819 4648 et
2847 4594 3015 4648 aliud.
3044 4593 3198 4647 Sicut
3226 4592 3371 4646 enim
3416 4605 3483 4644 ex
3535 4589 3748 4657 justitia

2167 4697 2466 4760 generatur
2508 4685 2745 4756 justitia,
2779 4696 2835 4739 et
2861 4698 2925 4738 ex
2962 4668 3216 4738 castitate
3256 4682 3479 4738 castitas
3522 4678 3590 4752 (si
3621 4679 3749 4749 quis

2172 4781 2320 4838 enim
2346 4779 2524 4849 primo
2550 4779 2786 4833 tenuiter
2813 4788 3001 4833 castus
3034 4792 3155 4833 esse
3198 4775 3464 4845 coeperit,
3519 4784 3745 4843 accepto

2174 4872 2447 4930 castitatis
2478 4871 2748 4927 fermento
2774 4870 3017 4941 quotidie
3048 4869 3253 4925 castior
3277 4866 3554 4935 ellicitur),
3588 4867 3662 4919 ita
3692 4874 3746 4919 et

2168 4967 2259 5037 qui
2290 4966 2454 5022 semel
2491 4966 2630 5022 intra
2661 4980 2719 5021 se
2751 4964 2878 5019 licet
2923 4978 3149 5034 parvum
3180 4962 3403 5017 malitiae
3444 4958 3745 5031 reposuerit

2169 5061 2521 5125 fermentum,
2550 5060 2793 5129 quotidie
2823 5059 3117 5127 semetipso
3158 5056 3389 5124 nequior
3416 5053 3651 5109 elIicitur
3684 5065 3744 5105 ac

2167 5153 2427 5209 deterior.
2457 5153 2522 5207 Et
2552 5154 2676 5207 ideo
2706 5152 2752 5208 si
2793 5153 2875 5207 vis
2905 5165 3066 5220 agere
3095 5152 3422 5219 Azyrnorum
3469 5145 3734 5201 festivita-

2167 5252 2276 5297 tem
2302 5257 2426 5297 cum
2475 5242 2607 5309 Deo,
2641 5260 2707 5300 ne
2753 5257 2983 5315 parvum
3007 5239 3222 5309 quidem
3252 5234 3476 5290 malitia
3500 5232 3740 5289 fermen-

2166 5347 2279 5390 tum
2308 5335 2448 5390 intra
2483 5343 2536 5391 te
2556 5337 2795 5393 residere
2822 5334 3069 5406 patiaris.

2401 5473 2447 5507 ⁷⁵
2477 5471 2678 5543 Ephes.
2710 5486 2785 5537 tv,
2814 5470 2908 5526 24.
2990 5469 3037 5502 ⁷⁵
3071 5467 3229 5525 Joan.
3259 5484 3298 5534 ι,
3323 5468 3413 5521 29.
3490 5466 3534 5495 ⁷⁷
3565 5462 3735 5524 lCor.

2234 5680 2345 5749 (2l)
2380 5678 2562 5736 Codex
2609 5677 2793 5752 Sancti
2824 5678 3169 5752 Theoderici,
3203 5692 3225 5752 ι
3254 5671 3731 5752 exterminabitur,

2168 5746 2263 5809 sed
2295 5746 2361 5807 ne
2378 5762 2693 5807 contemnas
2708 5746 2921 5806 etiamsi
2956 5762 3144 5815 parum
3175 5746 3398 5803 videris.
3423 5760 3441 5795 ι
