4134 6390
426 361 531 420 7'35

1555 344 1621 401 lN
1654 343 1988 401 NUMEROS
2019 342 2306 399 HOMlLlA
2347 341 2536 399 XXIII.

3576 336 3672 389 7M

492 482 548 538 8.
578 478 707 534 Post
743 479 884 533 hanc
911 472 1159 543 sequitur
1194 475 1349 524 sexta
1384 464 1687 526 festivitas,
1718 477 1839 531 quae
1862 460 2000 516 dici-
2030 464 2076 521 A
2106 462 2325 527 festum,
2348 460 2453 516 nisi
2473 457 2782 513 alliictionis
2807 471 2999 528 panem
3023 453 3503 511 manducaveritet
3527 466 3683 506 man-

415 585 509 632 tur
538 572 834 634 Novorum,
870 569 919 622 id
956 577 1060 629 est,
1093 577 1216 618 cum
1251 558 1508 632 primitias
1537 557 1604 610 de
1628 555 1782 609 novis
1812 552 1999 608 fructi-

417 668 518 722 bus
542 663 867 721 ol’feruntur.
898 657 1001 715 Ubi
1037 658 1182 713 enim
1233 654 1533 708 seminatus
1577 648 1742 704 fuerit
1782 663 1913 718 ager
1947 656 2001 702 et

418 757 707 827 diligenter
732 753 1003 818 excultus,
1026 761 1188 821 atque
1204 748 1274 801 ad
1305 743 1676 799 maturitatem
1698 740 2003 810 pervenerit

420 826 595 917 seges,
629 848 824 901 tuncin
842 844 1112 898 fructuum
1131 833 1468 909 perfectione
1492 830 1766 886 festivitas
1789 826 2002 883 Domini

422 939 653 1007 geritur.
701 935 760 991 Si
779 950 910 1003 ergo
924 943 979 989 et
998 943 1054 986 tu
1068 933 1148 985 vis
1163 929 1434 984 Novorum
1458 924 1599 979 diem
1619 922 1814 976 festum
1844 933 2008 989 agere

422 1046 545 1085 cum
566 1026 945 1094 Domino,vide
963 1022 1236 1093 quomodo
1250 1017 1505 1081 semines,
1524 1022 1618 1067 aut
1638 1010 1727 1066 ubi
1745 1010 2005 1075 semipes,

425 1111 673 1191 ntpossis
693 1122 825 1173 tales
848 1126 1049 1170 metere
1069 1112 1298 1177 fructus,
1324 1124 1391 1164 ex
1412 1105 1611 1177 quibus
1632 1100 1807 1157 laetari
1838 1098 2008 1154 facias

428 1212 623 1276 Deum,
667 1218 723 1264 et
754 1224 915 1279 agere
965 1207 1106 1261 diem
1136 1203 1353 1258 festum.
1390 1198 1543 1267 Quod
1579 1196 1739 1251 aliter
1785 1191 2010 1262 implere

429 1318 534 1358 non
590 1301 815 1370 poteris,
869 1299 973 1353 nisi
1022 1295 1215 1351 audias
1263 1290 1585 1362 Apostolum
1609 1288 1881 1342 dicentem
1910 1283 2007 1335 3°:

438 1414 454 1445 ι
493 1394 598 1461 Qui
640 1392 874 1447 seminat
929 1391 981 1444 in
1024 1388 1245 1459 Spiritu,
1293 1386 1359 1440 de
1404 1383 1599 1455 spiritu
1630 1386 1799 1434 metet
1846 1375 2010 1429 vitam

427 1498 708 1542 aeternam.
747 1504 765 1537 ι
804 1484 859 1539 Si
890 1483 970 1539 sic
1000 1481 1237 1537 semines
1274 1488 1328 1533 et
1382 1478 1463 1533 sic
1487 1483 1684 1538 metas,
1715 1483 1844 1525 vere
1869 1468 2011 1522 diem

429 1576 625 1632 festum
666 1591 794 1645 ages
834 1573 1127 1628 Novarum.
1170 1570 1464 1639 Propterea
1515 1564 1751 1632 denique
1789 1568 1842 1615 et
1884 1572 2011 1627 pro-

428 1667 589 1735 pheta
622 1668 900 1731 admonet,
930 1666 1117 1720 dicens
1142 1662 1186 1695 ⁸¹
1214 1679 1227 1715 :
1266 1681 1283 1711 ι
1309 1662 1564 1714 lnnovate
1588 1654 1741 1709 vobis
1774 1648 2012 1712 novalia,

428 1765 482 1811 et
502 1757 669 1810 nolite
688 1755 960 1810 seminare
978 1764 1139 1822 super
1164 1750 1372 1818 spinas.
1399 1766 1417 1799 ›
1447 1745 1548 1812 Qui
1573 1759 1701 1813 ergo
1738 1756 1831 1795 cor
1859 1750 2015 1793 suum

2111 554 2393 608 ducaverit
2427 551 2626 622 pascha
2676 566 2797 604 cum
2846 549 3233 604 amaritudine.
3290 544 3683 600 Manducabitis

2106 645 2273 711 enim,
2312 644 2489 712 inquit
2518 642 2587 708 ⁸³,
2618 657 2808 713 azyma
2843 656 2966 695 cum
3001 639 3389 701 amaritudine,
3446 637 3561 691 sive
3610 636 3685 703 pi-

2106 735 2260 790 criis.
2291 735 2464 789 Audis
2496 748 2629 805 ergo
2666 731 2794 801 quid
2831 742 3015 786 essent
3050 730 3370 785 festivitates
3408 728 3500 781 Dei
3532 743 3547 777 :
3576 741 3682 779 non

2109 827 2379 895 recipiunt
2409 826 2751 882 dulcedinem
2780 823 3154 894 corporalem,
3187 822 3320 876 nihil
3352 820 3638 875 remissum
3668 858 3683 882 ,

2111 917 2249 973 nihil
2282 917 2806 987 voluptuosum,aut
2834 914 3169 969 luxuriosum
3194 912 3403 977 volunt,
3428 910 3520 964 sed
3551 907 3685 963 allii-

2110 1008 2349 1063 ctionem
2396 1008 2590 1063 animae
2640 1017 2696 1061 et
2752 1004 3170 1059 amaritudinem
3219 1001 3687 1069 humilitatemque

2110 1102 2436 1171 deposcunt,
2471 1101 2599 1170 quia
2635 1100 2726 1170 qui
2765 1113 2823 1154 se
2874 1098 3146 1161 humiliat,
3201 1096 3315 1165 ipso
3361 1092 3688 1147 exaltabitur

2111 1195 2253 1263 apud
2309 1195 2495 1249 Deum.
2534 1192 2649 1248 lloe
2699 1206 2832 1263 ergo
2878 1191 3124 1260 deposcit
3177 1199 3233 1243 et
3286 1184 3690 1257 propitiationis

2111 1284 2252 1339 dies.
2280 1282 2419 1340 Cum
2450 1285 2595 1338 enim
2631 1282 2829 1338 alIlicta
2877 1282 3041 1336 fuerit
3082 1279 3263 1335 anima
3324 1286 3379 1333 et
3407 1276 3688 1331 humiliata

2114 1376 2168 1431 in
2197 1385 2491 1445 conspectu
2536 1375 2770 1442 Domini,
2800 1384 2928 1431 tunc
2949 1375 2998 1429 ei
3038 1372 3422 1443 repropitiatur
3454 1370 3615 1435 Deus,
3639 1378 3693 1421 et

2115 1478 2245 1521 tunc
2280 1466 2347 1521 ad
2372 1480 2489 1521 eam
2525 1466 2672 1521 venit
2698 1465 2807 1531 ille,
2848 1484 2865 1517 ι
2903 1480 3061 1534 quem
3090 1462 3372 1533 proposuit
3397 1460 3540 1514 Deus
3566 1474 3691 1528 pro-

2116 1559 2426 1629 pitiaterem
2464 1572 2562 1626 per
2586 1557 2744 1612 fidem
2780 1558 2832 1610 in
2870 1556 3133 1626 sanguine
3167 1569 3265 1610 suo
3294 1553 3362 1617 εδ,
3394 1572 3411 1604 ι
3447 1552 3695 1606 Christus

2116 1646 2277 1703 Jesus
2314 1647 2577 1702 Dominus
2601 1655 2656 1700 et
2683 1647 2995 1715 redemptor
3026 1646 3166 1714 ejus.

2191 1738 2413 1795 ll.Jam
2440 1754 2570 1793 vero
2599 1739 2824 1793 ultimus
2856 1739 2970 1794 dies
3006 1737 3174 1793 festus
3205 1738 3297 1792 Dei
3337 1739 3461 1807 quis
3486 1737 3557 1792 sit
3591 1749 3696 1804 quo

430 1855 484 1900 et
514 1846 831 1901 interiorem
861 1842 1135 1897 hominem
1164 1846 1390 1892 renovat
1420 1836 1486 1889 de
1521 1833 1608 1888 die
1643 1832 1696 1885 in
1727 1829 1891 1892 diem,
1918 1825 2021 1878 iste
2052 1818 2092 1874 Β
2124 1832 2267 1888 Deus
2290 1832 2505 1887 133mm
2525 1833 2580 1887 in
2613 1831 3177 1897 ιιοιιιῑηθ,ινίάρδιιιυε,
3229 1826 3697 1899 δεθηορεῧξςι,ίη-

432 1939 533 1991 sibi
564 1938 785 1990 innovat
804 1932 1106 1997 novalia,et
1127 1945 1232 1984 non
1255 1928 1489 1984 seminat
1508 1940 1672 1995 super
1690 1922 1895 1993 spinas,
1911 1915 2007 1971 sed

430 2041 596 2096 super
615 2035 816 2079 terram
840 2023 1059 2087 bonam,
1088 2035 1209 2091 quae
1242 2019 1432 2074 reddat
1452 2018 1500 2071 ei
1520 2016 1771 2083 fructum
1800 2009 2013 2065 tricesi-

437 2135 604 2184 mum,
629 2126 720 2171 ant
747 2114 1168 2184 sexagesimum,
1205 2120 1297 2165 aut
1330 2110 1711 2166 centesimum.
1750 2104 1858 2161 Iste
1885 2118 2015 2173 ergo

437 2220 543 2276 est,
568 2211 658 2279 qui
684 2210 736 2263 in
771 2207 963 2277 spiritu
1001 2208 1252 2268 seminat,
1288 2212 1345 2258 et
1383 2200 1594 2271 colligit
1624 2200 1863 2253 fructum
1905 2195 2016 2265 spi-

438 2316 597 2368 ritus.
626 2313 858 2369 Fructus
897 2308 1356 2379 autemSpiritus,
1385 2306 1618 2375 primum
1661 2302 1904 2359 omnium
1934 2308 2017 2355 est

439 2406 695 2476 gaudium
719 2404 785 2459 ⁸⁸.
827 2404 895 2458 Et
940 2402 1138 2457 merito
1180 2402 1321 2456 diem
1366 2401 1566 2454 festum
1613 2410 1875 2451 novorum
1905 2392 2018 2446 fru-

441 2506 625 2552 etuum
663 2498 795 2567 agit,
827 2494 917 2564 qui
958 2494 1216 2564 gaudium
1250 2491 1441 2555 metit;
1473 2488 1745 2558 praecipue
1779 2486 1823 2541 si
1859 2483 2020 2540 simul

441 2596 607 2644 metat
636 2596 693 2643 et
744 2602 952 2656 pacem,
986 2595 1039 2640 et
1096 2583 1436 2655 patientiam,
1492 2591 1547 2637 et
1598 2581 1918 2644 bonitatem,
1967 2588 2024 2633 et

444 2679 936 2742 mansuetudinem,
1000 2677 1243 2745 aliosque
1294 2676 1490 2730 horum
1542 2672 1752 2728 similes
1809 2669 2023 2725 fructus

439 2775 485 2831 si
519 2773 753 2843 colligat,
789 2770 1109 2841 dignissime
1142 2782 1408 2825 novorum
1444 2765 1721 2823 fructuum
1760 2763 2023 2821 festivita-

444 2877 549 2922 tem
581 2865 809 2920 Domino
840 2869 984 2933 aget.

512 2993 565 3049 9.
583 2991 734 3048 Tunc
748 2990 937 3048 deinde
949 2990 1190 3061 sequitur
1204 2989 1467 3045 festivitas
1481 2984 2027 3059 Septimorum.Sicut

444 3086 590 3141 enim
610 3086 751 3140 inter
768 3085 882 3140 dies
902 3084 1170 3154 septimus
1182 3083 1409 3152 quisque
1425 3081 1541 3136 dies
1554 3081 1875 3136 observatur
1892 3078 2021 3135 Saba

448 3182 658 3246 batum,
678 3188 733 3233 et
757 3186 840 3232 est
868 3176 1244 3241 festivitas,ita
1264 3184 1317 3231 et
1342 3175 1485 3230 inter
1507 3187 1728 3227 menses
1762 3172 2027 3242 septimus
2053 3159 2095 3217 (Ἰ

447 3272 680 3343 quisque
697 3271 899 3326 mensis
938 3268 1235 3324 Sabbatum
1266 3275 1350 3322 est
1372 3264 1875 3335 mensium.Agitur
1900 3277 2031 3333 ergo

450 3367 503 3420 in
520 3379 584 3420 eo
601 3364 890 3429 festivitas,
904 3378 1025 3433 quae
1039 3360 1234 3417 dicitur
1252 3356 1488 3415 Sabbata
1512 3358 1886 3423 sabbatorum,
1903 3365 1957 3412 et
1975 3356 2034 3411 fit

452 3462 505 3516 in
524 3458 609 3512 die
623 3455 793 3526 prima
810 3456 1008 3511 mensis
1024 3455 1271 3509 tubarum
1293 3451 1687 3508 memoria.Sed
1704 3451 1824 3520 quis
1843 3457 1924 3505 est
1940 3448 2033 3519 qui

454 3560 801 3616 festivitatem
827 3546 1272 3625 geratmemoriae
1296 3546 1569 3611 tubarum,
1604 3544 1706 3598 nisi
1738 3543 1829 3613 qui
1855 3547 2029 3612 potest

458 3652 767 3722 Scripturas
817 3643 1163 3716 propheticas
1206 3650 1261 3697 et
1291 3639 1657 3711 evangelicas,
1710 3650 1830 3706 quae
1861 3632 2029 3689 veluti

458 3752 703 3808 cmlestis
762 3748 1010 3818 quaedam
1058 3752 1351 3816 personant
1400 3742 1527 3797 tuba
1565 3739 1716 3810 (22),
1775 3736 2036 3792 mandare

460 3843 738 3897 memoria:
771 3850 826 3896 et
869 3839 1015 3894 intra
1041 3838 1357 3892 thesaurum
1382 3834 1561 3892 cordis
1584 3832 1665 3897 sui
1703 3829 2037 3886 recondere?

461 3934 564 4001 Qui
594 3947 724 4003 ergo
754 3932 871 3986 haec
905 3929 1104 3983 facitet
1134 3928 1187 3982 in
1223 3927 1341 3998 lege
1384 3926 1477 3980 Dei
1515 3925 1807 3980 meditatur
1840 3921 1930 3978 die
1968 3936 2034 3978 ac

463 4034 640 4090 nocte,
694 4024 797 4080 iste
844 4021 1194 4077 festivitatem
1248 4020 1388 4091 gerit
1440 4018 1719 4075 memorias
1757 4016 2033 4072 tubarum.

463 4117 572 4173 Sed
604 4116 726 4171 etsi
760 4114 883 4184 quis
917 4120 1099 4183 potest
1147 4111 1355 4181 gratias
1400 4110 1527 4167 illas
1572 4110 1747 4167 sancti
1795 4107 2038 4180 Spiritus

466 4207 761 4277 promereri
802 4205 1002 4275 quibus
1039 4203 1291 4272 inspirati
1323 4211 1448 4257 sunt
1475 4205 1775 4273 prophetae,
1803 4213 1859 4259 et
1892 4201 2040 4273 psal-

468 4302 583 4356 lens
612 4300 797 4354 dicere
833 4315 847 4351 :
879 4314 898 4348 ‹
938 4296 1130 4353 Canite
1155 4293 1371 4349 initium
1398 4295 1601 4351 mensis
1649 4295 1798 4361 tuba,
1851 4295 1904 4349 in
1952 4294 2040 4351 die

466 4390 1085 4464 insignissolemnitatis
1113 4390 1284 4457 ejus,»
1305 4400 1361 4444 et
1384 4388 1474 4457 qui
1491 4386 1596 4443 scit
1619 4387 1674 4442 in
1699 4386 1925 4454 psalmis
1944 4386 2036 4457 ju-

466 4485 637 4540 bilare
663 4484 736 4547 ei,
770 4482 930 4554 digne
961 4480 1072 4552 agit
1102 4479 1501 4537 solemnitatem
1526 4478 1823 4535 Tubarum.

536 4613 624 4667 lO.
658 4612 753 4667 Est
778 4611 957 4667 adhuc
980 4620 1036 4666 et
1051 4610 1154 4664 alia
1190 4607 1479 4672 festivitas,
1501 4621 1623 4662 cum
1650 4604 1894 4676 afﬂigunt
1923 4606 2044 4659 ani-

469 4721 585 4761 mas
614 4719 740 4758 suas
765 4712 820 4759 et
846 4702 1135 4758 humiliant
1187 4716 1246 4756 se
1281 4700 1392 4755 Deo
1427 4697 1567 4755 festa
1598 4698 1964 4753 celebrantes.
1998 4698 2042 4754 0

469 4797 605 4849 mira
643 4793 934 4849 festivitas!
957 4792 1074 4848 dies
1106 4792 1278 4847 festus
1317 4799 1543 4845 vocatur
1568 4789 1791 4844 afflictio
1817 4789 2037 4844 animae.

472 4886 572 4943 Hic
596 4887 766 4952 enim,
794 4885 987 4954 inquit,
1015 4885 1129 4939 dies
1160 4892 1242 4939 est
1272 4884 1680 4954 propitiationis
1714 4885 1928 4940 decima
1954 4883 2043 4939 die

471 4978 673 5035 mensis
702 4976 941 5045 septimi.
971 4976 1108 5031 Vide
1143 4990 1296 5043 ergo,
1332 4975 1376 5029 si
1403 4975 1483 5031 vis
1506 4976 1647 5031 diem
1683 4975 1879 5030 festum
1908 4989 2039 5044 age-

472 5083 552 5135 re,
579 5068 624 5123 si
663 5068 744 5123 vis
775 5073 835 5120 ut
866 5064 1078 5120 laetetur
1116 5064 1259 5119 Deus
1293 5079 1455 5135 super
1484 5075 1557 5132 te,
1593 5063 1767 5136 afllige
1799 5067 2039 5120 animam

475 5171 623 5217 tuam
672 5168 729 5214 et
772 5156 995 5213 humilia
1035 5171 1177 5212 eam.
1218 5155 1334 5211 Non
1378 5156 1426 5212 ei
1487 5156 1773 5225 permittas
1819 5157 2043 5228 explere

472 5252 741 5309 desideria
770 5265 890 5315 sua,
914 5264 1013 5305 nec
1046 5247 1316 5303 concedas
1339 5248 1391 5303 ei
1426 5247 1663 5303 lasciviis
1684 5250 1931 5320 evagari,
1949 5248 2043 5305 sed

472 5345 791 5415 inquantum
831 5340 946 5396 fieri
976 5349 1174 5411 potest,
1206 5340 1380 5411 afllige
1410 5351 1464 5395 et
1491 5339 1718 5395 humilia
1745 5355 1886 5395 eam.
1935 5342 2040 5397 De-

475 5436 641 5505 nique
666 5432 891 5488 Paschae
923 5432 1188 5487 festivitas
1215 5440 1270 5487 et
1298 5433 1625 5504 Azymorum
1644 5471 1660 5497 ,
1687 5446 1885 5501 panem
1909 5432 2043 5487 allii-

472 5525 673 5580 ctionis
708 5523 909 5579 habere
930 5521 1172 5579 dicitur:
1203 5538 1302 5577 nec
1336 5510 1514 5594 potest
1542 5524 1665 5593 quis
1695 5538 1857 5595 agere
1904 5525 2043 5580 diem

539 5648 584 5678 ⁸⁰
612 5645 781 5700 Galat.
818 5661 888 5706 vr,
922 5644 972 5698 8.
1048 5642 1092 5675 ⁸¹
1129 5640 1327 5695 Jercm.
1362 5658 1430 5705 ιν,
1465 5642 1515 5696 '5.

472 5718 557 5773 l3.
633 5717 680 5747 ⁸⁸
714 5718 813 5771 lsa.
850 5732 972 5781 xxx,
1001 5716 1089 5771 26.

1617 5642 1661 5673 ⁸¹
1692 5641 1861 5697 Galat.
1920 5661 1970 5706 γ,
2002 5642 2089 5697 22.

2115 1925 2259 1993 quit.
2272 1921 2511 1978 Laetatur
2525 1937 2655 1992 ergo
2671 1934 2837 1989 super
2855 1927 2925 1986 te,
2939 1936 3061 1975 cum
3083 1929 3134 1974 te
3150 1920 3343 1974 viderit
3362 1922 3413 1972 in
3436 1921 3533 1973 hoc
3551 1935 3701 1970 mun-

2117 2021 2183 2073 do
2216 2017 2267 2071 in
2305 2014 2663 2071 tabernaculis
2684 2014 2841 2085 361
2880 2015 3242 2079 habitantem,
3270 2029 3391 2069 eum
3426 2023 3476 2066 te
3503 2011 3699 2065 viderit

2117 2126 2223 2164 non
2271 2108 2474 2163 habere
2519 2105 2684 2161 fixum
2722 2116 2777 2160 et
2807 2104 3087 2160 fundatum
3126 2105 3367 2159 animum
3400 2119 3464 2158 ac
3500 2116 3697 2171 propo-

2116 2202 2280 2257 situm
2313 2214 2473 2270 super
2505 2207 2679 2253 terras
2699 2237 2713 2261 ,
2742 2212 2843 2251 nec
2872 2196 3274 2252 desiderantem
3312 2209 3432 2265 quae
3481 2202 3697 2246 terrena

2118 2302 2277 2363 sunt,
2329 2308 2429 2349 nec
2454 2293 2701 2348 umbram
2731 2290 2856 2344 vita:
2902 2288 3063 2358 hujus
3109 2289 3260 2359 quasi
3297 2288 3699 2357 possessionem

2121 2388 2395 2459 propriam
2427 2395 2481 2441 et
2517 2393 2835 2457 perpetuam
2880 2385 3227 2455 deputantem
3250 2426 3263 2451 ,
3318 2384 3414 2437 sed
3462 2382 3609 2436 velut
3647 2381 3701 2435 in

2124 2481 2356 2537 transitu
2388 2481 2622 2552 positum
2654 2519 2669 2544 ,
2702 2488 2758 2536 et
2789 2477 2855 2533 ad
2885 2492 3069 2531 veram
3120 2477 3264 2531 illam
3294 2476 3527 2547 patriam
3562 2474 3703 2528 unde

2122 2589 2376 2645 egressus
2402 2591 2463 2630 es
2486 2615 2501 2641 ,
2533 2572 2775 2646 paradisi
2829 2570 3172 2627 festinantem
3221 2584 3282 2624 ac
3311 2569 3582 2624 dicentem
3612 2567 3658 2599 ⁸⁵
3684 2585 3696 2619 :

2130 2692 2148 2725 ‹
2185 2670 2363 2728 lueola
2391 2685 2491 2741 ego
2522 2683 2640 2726 sum
2669 2675 2725 2723 et
2754 2668 3097 2738 peregrinus,
3126 2663 3268 2718 sicut
3298 2674 3488 2716 omnes
3519 2666 3703 2729 patres

2127 2766 2253 2822 mei.
2280 2783 2301 2820 ι
2338 2765 2393 2820 ln
2429 2762 2799 2821 tabernaculis
2832 2760 2974 2817 enim
3004 2756 3392 2814 habitaverunt
3416 2762 3469 2808 et
3500 2764 3703 2822 patres,

2125 2871 2179 2916 et
2206 2861 2481 2916 Abraham
2512 2860 2565 2914 in
2596 2856 2829 2922 casulis,
2861 2856 2915 2910 id
2959 2864 3043 2911 est
3066 2897 3079 2919 ,
3114 2855 3168 2907 in
3204 2846 3573 2906 tabernaculis
3606 2846 3706 2900 ha-

2128 2954 2325 3011 bitavit
2353 2968 2474 3008 eum
2508 2952 2659 3007 lsaae
2706 2958 2763 3004 et
2792 2948 2959 3004 Jacob
2997 2942 3371 3003 colueredibus
3411 2939 3708 3009 repromis-

2128 3047 2299 3103 sionis
2327 3044 2592 3116 ejusdem.
2622 3043 2755 3097 Cum
2791 3056 2921 3111 ergo
2956 3039 3131 3095 incola
3178 3036 3347 3091 fueris
3381 3042 3436 3088 et
3470 3030 3708 3103 peregri-

2133 3155 2233 3197 nus
2262 3139 2317 3193 in
2353 3137 2513 3192 terris
2538 3176 2553 3200 ,
2585 3142 2639 3189 et
2670 3149 2777 3189 non
2809 3143 2891 3188 est
2941 3146 3093 3187 mens
3121 3139 3211 3184 tua
3242 3128 3347 3182 fixa
3375 3135 3430 3181 et
3468 3124 3708 3179 radicata

2133 3232 2188 3288 in
2226 3227 2513 3286 desideriis
2560 3236 2900 3282 terrenorum
2929 3263 2943 3288 ,
2976 3222 3069 3277 sed
3114 3227 3339 3291 paratus
3382 3231 3442 3271 es
3497 3225 3559 3270 ut
3600 3214 3711 3269 cito

2134 3336 2400 3390 transeas,
2428 3332 2483 3378 et
2509 3327 2731 3391 paratus
2754 3332 2812 3373 es
2843 3317 3137 3371 extendere
3175 3321 3227 3365 te
3267 3323 3481 3379 semper
3511 3308 3579 3362 ad
3625 3306 3711 3360 in-

2137 3416 2364 3480 teriora,
2392 3390 2679 3482 usquequo
2707 3404 2993 3477 pervenias
3024 3400 3092 3456 ad
3125 3410 3324 3454 terram
3348 3394 3605 3450 fluentem
3629 3390 3713 3445 lae

2135 3518 2191 3567 et
2222 3507 2363 3573 mel,
2417 3514 2471 3560 et
2516 3502 2890 3558 haereditatem
2936 3494 3119 3565 capias
3166 3492 3511 3547 futurorum:
3552 3484 3598 3541 si
3638 3492 3710 3549 te,

2136 3601 2355 3670 inquam
2380 3637 2395 3662 ,
2430 3595 2666 3667 positum
2695 3592 2749 3646 in
2793 3590 2879 3645 his
2910 3587 3088 3642 videat
3124 3584 3300 3647 Deus,
3332 3582 3544 3636 laetatur
3571 3578 3625 3633 in
3657 3584 3709 3631 te

2136 3700 2188 3748 et
2217 3691 2359 3746 diem
2388 3688 2583 3743 festum
2612 3683 2723 3756 agit
2763 3695 2926 3752 super
2974 3688 3045 3735 te.
3082 3675 3209 3733 llaec
3235 3674 3451 3746 quidem
3494 3672 3550 3727 in
3579 3684 3715 3741 pra:-

2137 3782 2273 3839 senti
2300 3824 2316 3850 ,
2349 3783 2403 3836 in
2436 3780 2619 3835 futuro
2652 3790 2781 3832 vero
2806 3814 2821 3842 ,
2854 3774 2900 3829 si
2935 3773 3017 3828 vis
3057 3770 3405 3826 considerare
3445 3765 3715 3836 quomodo

2139 3885 2372 3947 agantur
2408 3874 2522 3929 dies
2551 3869 2693 3937 festi,
2722 3870 2873 3941 erige
2901 3867 3199 3939 paululum,
3241 3863 3285 3919 si
3316 3870 3494 3933 potes,
3524 3872 3717 3916 sensus

2141 3979 2262 4024 tuos
2294 3983 2324 4022 a
2358 3974 2504 4022 terra
2526 4003 2541 4031 ,
2573 3970 2628 4020 et
2655 3960 2981 4017 obliviscere
3006 3958 3285 4028 paulisper
3313 3956 3431 4010 haec
3465 3966 3586 4029 qua:
3612 3950 3715 4005 ha-

2140 4061 2337 4116 bentur
2362 4058 2415 4113 in
2443 4056 2604 4112 facie.
2637 4052 2897 4109 Describe
2928 4065 3057 4106 vero
3085 4050 3184 4105 tibi
3215 4046 3488 4118 quomodo
3518 4042 3717 4098 omium

2141 4163 2197 4210 et
2251 4162 2396 4209 terra
2437 4156 2754 4215 transeant,
2798 4152 2855 4201 et
2902 4144 3098 4199 transit
3136 4141 3315 4197 omnis
3361 4140 3453 4195 hic
3497 4135 3718 4192 habitus

2142 4245 2349 4310 mundi,
2368 4242 2567 4300 ccelum
2598 4255 2726 4297 vero
2756 4253 2975 4300 novum,
3005 4244 3062 4293 et
3093 4244 3235 4291 terra
3269 4248 3410 4289 nova
3440 4231 3713 4287 fundetur.

2142 4340 2348 4395 Amove
2370 4338 2436 4393 de
2459 4333 2842 4405 conspectibus
2870 4332 2975 4387 tuis
2994 4332 3157 4386 etiam
3182 4329 3311 4386 solis
3335 4326 3498 4398 hujus
3519 4325 3717 4387 lucem,

2143 4440 2200 4488 et
2225 4430 2292 4484 da
2323 4428 2397 4485 illi
2433 4426 2633 4483 mundo
2659 4425 2753 4496 qui
2785 4432 3048 4479 venturus
3077 4430 3162 4479 est
3187 4462 3202 4489 ,
3243 4421 3377 4478 solis
3413 4416 3723 4491 septuplum

2073 4511 2119 4567 Ῑ)
2150 4521 2326 4577 lumen
2357 4519 2424 4575 ⁸⁸.
2457 4516 2571 4573 lmo
2601 4516 2783 4587 potius
2809 4518 3106 4572 secundum
3146 4514 3445 4584 Scriptura}
3481 4508 3723 4566 auctori-

2146 4621 2313 4669 tatem
2361 4610 2535 4681 ipsum
2570 4606 2619 4664 ei
2656 4606 2723 4663 da
2754 4605 3043 4662 Dominum
3075 4605 3274 4660 lucem.
3302 4601 3452 4659 Pone
3478 4606 3724 4657 astantes

2147 4701 2369 4773 angelos
2392 4698 2601 4771 gloriae,
2628 4710 2768 4768 pone
2796 4696 3050 4762 virtutes,
3073 4688 3394 4766 potestates,
3420 4691 3599 4757 sedes,
3627 4690 3725 4748 de-

2149 4792 2504 4856 minationes,
2536 4799 2701 4860 atque
2729 4803 2889 4844 omne
2921 4802 3120 4844 nomen
3158 4784 3583 4844 clarissimarum
3609 4794 3723 4837 c03-

2146 4884 2471 4952 lestiumque
2501 4880 2761 4936 virtutum
2782 4921 2799 4948 ,
2852 4895 2960 4936 non
3004 4878 3177 4935 solum
3208 4876 3349 4947 quod
3384 4876 3437 4930 in
3468 4875 3723 4944 prresenti

2148 4978 2344 5037 saeculo
2381 4975 2713 5038 nominatur,
2744 4972 2837 5030 sed
2870 4972 3012 5042 quod
3040 4971 3204 5028 etiam
3246 4971 3298 5025 in
3340 4967 3548 5025 futuro.
3577 4965 3727 5023 inter

2148 5072 2247 5127 hos
2292 5083 2482 5125 omnes
2521 5066 2810 5122 considera
2835 5074 2891 5121 et
2933 5062 3139 5133 conjice
3183 5060 3454 5132 quomodo
3482 5060 3566 5132 agi
3599 5074 3726 5129 pos-

2149 5164 2257 5219 sint
2281 5164 2399 5219 dies
2429 5160 2551 5219 festi
2578 5159 2825 5217 Domini:
2859 5173 2982 5229 quae
3011 5158 3083 5214 ibi
3114 5156 3413 5222 festivitas,
3445 5169 3567 5226 qua:
3592 5169 3726 5223 gau-

2149 5258 2260 5324 dia,
2298 5271 2418 5327 quae
2451 5254 2651 5310 laetitiae
2678 5251 3013 5325 magnitudo.
3040 5249 3174 5305 Nam
3205 5250 3271 5306 de
3297 5250 3363 5305 iis
3394 5262 3532 5317 quos
3560 5260 3726 5315 supra

2148 5347 2384 5402 diximus
2415 5342 2752 5416 spiritalibus
2798 5340 3221 5407 festivitatibus,
3250 5337 3485 5397 etiamsi
3513 5349 3727 5404 magna:

2150 5440 2261 5496 sint
2291 5446 2346 5493 et
2373 5453 2537 5504 verae,
2574 5437 2846 5508 praecipue
2870 5452 2994 5494 cum
3023 5434 3340 5508 spiritaliter
3372 5434 3638 5501 geruntur
3670 5431 3725 5479 'm

2154 5530 2358 5596 anima,
2386 5542 2580 5598 magna
2618 5537 2795 5585 tamen
2824 5542 2895 5583 ex
2920 5535 3074 5600 parte
3097 5534 3242 5591 sunt,
3264 5534 3370 5577 non
3393 5534 3459 5574 ex
3492 5516 3724 5584 integro.

2188 5644 2233 5675 ⁸³
2264 5645 2432 5701 Exod.
2466 5661 2561 5711 χιι,
2593 5644 2646 5699 8.
2730 5645 2775 5679 ⁸⁵
2801 5644 2957 5701 Rom.
2993 5656 3075 5700 ut.
3103 5639 3192 5697 25.
3262 5638 3307 5671 ⁸⁸
3337 5639 3478 5697 Psal.
3508 5655 3737 5697 XXXV)”-

545 5812 654 5881 (ἢ)
690 5811 833 5868 idem
866 5806 1288 5877 manuscriptus,
1327 5823 1344 5857 ‹
1380 5817 1498 5873 quze
1530 5803 1677 5860 velut
1709 5804 1915 5862 caelesti
1948 5805 2180 5875 quadam
2214 5815 2514 5878 personant
2541 5804 2689 5863 tuba.
2730 5824 2747 5857 ›
