4134 6390
465 338 574 394 755

1907 354 2226 441 ORIGENIS

3645 357 3754 418 756

466 464 623 518 Stcnt
645 463 791 520 enim
828 465 964 520 dixit
993 467 1283 538 Apostolus
1307 471 1351 504 ⁸⁷
1375 513 1392 540 ,
1429 475 1555 544 quia
1594 495 1610 527 ι
1650 492 1713 531 ex
1763 487 1914 547 parte
1939 480 2049 534 sci-
2079 485 2129 542 Α
2160 489 2242 534 ter
2273 477 2508 533 famulus
2531 477 2628 534 Dei
2662 478 2717 532 in
2748 477 2967 533 cantico
2993 476 3162 532 Exodi
3194 477 3440 548 designat
3460 478 3649 533 dicens
3666 478 3747 538 υς

467 569 607 621 mus,
644 565 698 611 et
747 572 813 612 ex
846 569 1003 628 parte
1050 564 1441 632 prophetamus
1481 584 1495 632 ;
1537 587 1554 620 ι
1597 569 1668 623 ita
1715 584 2058 640 consequens

463 654 569 712 est,
616 657 675 702 ut
719 662 784 702 ex
828 661 982 720 parte
1010 654 1153 709 diem
1201 656 1399 712 festum
1447 675 1720 728 geramus.
1769 660 1840 716 Ut
1873 671 2053 718 autem

463 737 608 793 scias
634 737 751 795 haec
779 741 851 796 ita
879 758 1021 808 esse,
1045 746 1334 804 redeamus
1362 753 1427 804 ad
1466 751 1644 820 ipsius'
1666 751 1817 807 Pauli
1846 767 2055 809 sermo-

462 845 587 885 nem
613 870 630 897 ,
661 847 822 901 quem
857 838 924 890 de
975 837 1163 894 diebus
1194 839 1349 896 festis
1389 852 1444 897 ct
1491 846 1795 900 neomeniis
1829 848 2048 916 posuit;

459 932 515 977 et
545 924 669 980 vide
702 930 975 996 quomodo
1014 933 1376 990 observanter
1409 938 1587 995 dixit:
1630 957 1649 991 ι
1687 939 1860 995 Nemo
1899 956 2050 1012 ergo,

460 1015 538 1070 ait
567 1016 635 1088 ξε,
672 1032 770 1074 vos
791 1018 1000 1089 judicet
1021 1022 1076 1078 in
1113 1025 1256 1092 cibo,
1293 1038 1387 1083 aut
1421 1031 1471 1084 in
1500 1041 1662 1101 potu,
1692 1045 1781 1087 ant
1812 1033 1866 1087 in
1900 1045 2052 1103 parte

459 1109 569 1164 diei
602 1110 751 1166 festi.
791 1131 810 1164 ι
862 1115 1095 1172 Attende
1126 1132 1254 1190 ergo
1298 1123 1612 1194 diligentius
1638 1126 1912 1195 quomodo
1944 1144 2048 1182 non

459 1202 600 1259 dixit
635 1205 690 1260 in
727 1205 813 1261 die
845 1205 985 1263 festo
1010 1251 1025 1275 ,
1058 1211 1153 1264 sed
1182 1212 1235 1266 in
1268 1225 1422 1284 parte
1455 1217 1561 1271 diei
1595 1216 1743 1272 feSIi.
1773 1219 1850 1272 Ex
1898 1229 2051 1289 parte

459 1295 605 1350 enim
636 1305 693 1350 et
739 1313 842 1352 non
875 1313 941 1354 ex
975 1301 1189 1374 integro
1221 1305 1363 1361 diem
1397 1307 1594 1363 festum
1629 1311 1680 1364 in
1718 1313 1819 1364 hoc
1849 1311 2049 1365 mundo

458 1388 617 1456 positi
648 1391 1012 1450 celebramus.
1045 1394 1462 1466 Interpellamur
1500 1403 1647 1456 enim
1692 1404 1906 1458 etiamsi
1947 1420 2040 1458 no-

457 1481 636 1536 lumus
665 1484 731 1536 ab
756 1499 924 1540 onere
958 1489 1175 1552 carnis,
1207 1490 1485 1558 pulsamur
1510 1508 1539 1546 a
1590 1495 2047 1564 concupiscentiis

456 1573 595 1639 ejus,
622 1576 876 1646 curisque
893 1586 947 1632 et
977 1579 1434 1638 sollicitudinibus
1457 1587 1823 1643 terebrarnur.
1863 1607 1881 1640 ι
1911 1589 2048 1643 Cor-

452 1680 555 1735 pus
578 1669 722 1722 cnim
750 1672 1117 1740 corruptibile,
1152 1693 1170 1726 ι
1203 1685 1260 1729 ιιι
1292 1677 1369 1731 ait
1401 1678 1491 1733 ille
1520 1681 1951 1749 sapientissimus
1973 1683 2040 1750 3°,

458 1775 475 1807 ι
514 1768 776 1825 aggravat
811 1762 1071 1827 animam,
1117 1774 1172 1817 et
1203 1767 1461 1838 deprimit
1499 1787 1717 1829 sensum
1752 1775 1919 1829 multa
1951 1791 2044 1830 co-

2170 586 2190 619 ι
2226 568 2394 623 lnduc
2443 577 2496 622 et
2525 568 2709 637 planta
2753 582 2848 623 eos
2881 566 2934 621 in
2966 575 3151 621 monte
3182 566 3516 620 hmreditatis
3547 575 3670 631 tua),
3696 566 3750 620 in

2162 672 2463 732 praeparata
2501 659 2839 715 habitatione
2870 669 2958 714 tua
2987 701 3001 726 ,
3032 675 3192 729 quam
3241 647 3558 728 praeparasti
3586 697 3601 722 ,
3643 656 3751 710 Do-

2161 753 2326 806 mine.
2364 769 2385 804 ι
2421 750 2627 806 Paulus
2662 764 2878 819 quoque
2913 751 3189 818 apostolus
3235 750 3416 804 sciens
3448 763 3572 802 esse
3601 763 3752 818 qum-

2158 847 2280 900 dam
2312 847 2484 916 prima
2515 846 2792 900 imbuendi
2825 845 3007 908 initia,
3035 854 3163 898 tunc
3189 844 3384 897 deinde
3407 859 3501 914 per
3533 852 3748 910 tempus

2159 940 2323 993 etiam
2366 939 2432 992 ad
2468 938 2860 1009 perfectionem
2895 939 3093 1003 veniri,
3125 939 3372 994 scribens
3419 938 3742 1007 quibusdam

2157 1033 2478 1088 dicebat”:
2530 1052 2549 1084 ι
2585 1033 2796 1088 Etenim
2848 1049 2971 1086 cum
3015 1032 3286 1087 deberetis
3329 1031 3441 1102 jam
3495 1031 3740 1100 magistri

2155 1139 2274 1178 esse
2308 1135 2532 1193 propter
2561 1133 2796 1194 tempus,
2824 1141 3037 1178 rursum
3073 1124 3329 1194 indigetis
3355 1135 3411 1177 ut
3435 1124 3738 1178 doceamini

2155 1233 2275 1284 qua:
2310 1217 2418 1270 sint
2447 1218 2715 1271 elementa
2743 1218 2951 1274 exordii
2995 1231 3306 1272 sermonum
3337 1216 3468 1280 Dei,
3516 1225 3570 1269 et
3609 1215 3736 1270 facti

2151 1311 2283 1364 estis
2315 1311 2511 1380 quibus
2563 1311 2703 1364 lacte
2750 1327 2882 1382 Opus
2929 1313 2999 1366 sit
3025 1351 3040 1377 ,
3075 1327 3180 1364 non
3209 1313 3331 1366 cibo
3359 1309 3507 1363 forti.
3547 1310 3737 1364 Omnis

2151 1406 2292 1459 enim
2325 1406 2416 1473 qui
2450 1405 2588 1460 lacte
2618 1407 2782 1458 alitur
2817 1422 3014 1474 expers
3051 1415 3132 1460 est
3167 1403 3438 1460 sermonis
3481 1402 3734 1470 iustitiae,

2150 1495 2406 1564 parvulus
2435 1496 2576 1549 enim
2611 1505 2712 1549 est.
2761 1495 3135 1550 Perfectorum
3185 1510 3314 1550 vero
3349 1495 3502 1549 cibus
3530 1494 3736 1548 solidus

2149 1597 2254 1653 cst,
2288 1588 2379 1658 qui
2428 1604 2525 1658 pro
2577 1588 2933 1658 possibilitate
2978 1589 3222 1642 sumendi
3271 1587 3596 1642 exercitatos
3641 1589 3737 1641 ha-

2147 1681 2276 1736 bent
2302 1697 2496 1737 sensus
2527 1682 2596 1736 ad
2622 1683 3006 1737 discretionem
3042 1683 3167 1736 boni
3197 1683 3279 1735 vel
3308 1682 3459 1736 mali.
3486 1701 3504 1732 ι
3535 1680 3602 1736 Ει
3635 1683 3736 1737 ite-

2145 1789 2266 1826 rum
2302 1773 2354 1827 in
2385 1770 2505 1828 aliis
2532 1815 2546 1840 ,
2582 1774 2819 1828 litteram
2849 1773 2981 1844 legis
3006 1815 3018 1837 ,
3049 1789 3378 1843 omnemque
3426 1771 3730 1840 huiusmodi

451 1847 736 1916 gitantem.
773 1871 792 1904 ι
839 1854 916 1908 Ex
974 1867 1130 1924 parte
1166 1874 1296 1929 ergo
1353 1862 1403 1917 in
1462 1864 1565 1920 hoc
1614 1870 1816 1924 mundo
1863 1872 2038 1926 sancti
2074 1840 2116 1894 Β
2146 1865 2471 1933 scripturam
2521 1866 2790 1921 elementa
2842 1865 3028 1919 mumli
3067 1879 3190 1920 esse
3237 1875 3632 1920 commemorat
3660 1863 3725 1916 ”.

451 1952 616 2007 agunt
645 1942 784 1996 diem
821 1943 1042 2014 festum,
1088 1949 1211 2018 quia
1245 1961 1300 2006 et
1337 1970 1402 2009 ex
1435 1966 1587 2026 parte
1625 1961 1839 2027 sciunt,
1890 1975 1944 2018 et
1973 1981 2038 2018 ex

450 2042 599 2098 parte
623 2035 976 2105 prophetant.
1005 2040 1138 2094 Cum
1171 2053 1350 2099 autem
1379 2050 1628 2106 venerint
1651 2069 1769 2122 qua:
1797 2054 2036 2123 perfecta

448 2132 613 2191 sunt,
662 2129 1013 2184 dcstruentur
1059 2133 1159 2187 ista
1199 2151 1319 2204 qum
1363 2155 1426 2194 ex
1483 2152 1634 2211 parte
1685 2155 1831 2202 sunt.
1885 2147 2039 2203 Sicut

448 2215 596 2267 enim
628 2216 880 2284 perfecta:
912 2222 1152 2279 scientia:
1188 2229 1332 2282 cedit
1374 2230 1472 2284 ista
1506 2249 1624 2302 qua}
1650 2250 1715 2289 ex
1752 2247 1906 2304 parte
1929 2247 2033 2304 est,

449 2318 502 2360 et
534 2309 786 2376 perfecta:
823 2315 1118 2383 prophetia:
1148 2321 1292 2374 cedit
1336 2322 1436 2377 ista
1467 2339 1585 2394 quae
1617 2343 1680 2381 ex
1728 2339 1883 2397 parte
1912 2342 2032 2385 est:

451 2400 526 2454 ita
556 2410 607 2455 et
641 2403 894 2470 perfecta:
923 2407 1204 2466 festivitati
1231 2413 1375 2468 cedit
1405 2415 1506 2470 ista
1534 2433 1652 2487 quae
1683 2434 1746 2472 ex
1783 2431 1936 2490 parte
1953 2431 2036 2477 est

450 2491 743 2554 iestivitas.
779 2497 966 2570 Neque
1012 2503 1157 2557 enim
1193 2507 1339 2573 quod
1376 2510 1675 2577 perfectum
1701 2515 2034 2568 estmundus

449 2588 550 2642 iste
583 2603 781 2657 capere
808 2602 1003 2660 potest,
1041 2597 1162 2662 ubi,
1195 2607 1252 2650 ut
1284 2600 1545 2667 diximus,
1576 2605 1878 2659 necessitas
1909 2622 2032 2661 cor-

445 2682 590 2746 poris
619 2699 764 2738 nunc
795 2687 997 2754 cibum,
1030 2706 1175 2744 nunc
1200 2703 1408 2761 potmn,
1442 2711 1586 2750 nunc
1622 2712 1871 2753 somnum
1899 2715 2028 2770 sug-

445 2773 613 2840 gerit,
647 2789 791 2830 nunc
837 2778 999 2834 etiam
1041 2795 1522 2856 quantumcunque
1568 2791 1878 2846 necessario
1907 2792 2030 2846 vita:

445 2867 730 2930 praesentis
778 2869 1198 2940 sollicitpdinem
1250 2888 1449 2941 movet,
1485 2891 1607 2947 quat
1631 2881 1816 2934 omnia
1858 2882 2029 2936 inter-

446 2966 701 3024 rumpunt
728 2959 846 3013 sine
875 2961 1038 3017 dubio
1069 2965 1537 3022 continuationem
1567 2971 1877 3028 festivitatis
1907 2973 2024 3032 Dei.

440 3047 574 3100 tium
603 3059 784 3105 autem
811 3055 1026 3108 venerit
1052 3055 1178 3110 illud
1211 3059 1354 3126 quod
1388 3060 1593 3114 dictum
1625 3072 1706 3117 est
1740 3063 1806 3118 de
1837 3065 1902 3120 iis
1932 3065 2025 3135 qui

439 3142 804 3199 restituuntur
837 3145 890 3200 in
926 3157 1115 3204 sancta
1140 3191 1152 3214 ,
1183 3151 1226 3205 si
1262 3161 1439 3206 tamen
1473 3162 1525 3208 et
1558 3171 1655 3210 nos
1685 3172 1752 3212 ex
1795 3159 1861 3214 iis
1905 3175 2025 3216 esse

439 3248 748 3288 mereamur
769 3237 861 3306 qui
900 3242 1221 3295 restituendi
1245 3255 1393 3310 sunt,
1424 3246 1515 3314 qui
1548 3263 1722 3317 neque
1756 3252 2022 3320 esurient,

436 3333 612 3394 neque
642 3324 864 3393 sitient,
911 3345 1086 3399 neque
1132 3331 1539 3403 dormitabunt,
1581 3336 1755 3408 neque
1804 3341 2026 3396 labora-

434 3417 596 3484 bunt,
617 3417 710 3472 sed
735 3428 898 3473 erunt
921 3422 1230 3492 pervigiles,
1261 3427 1400 3480 sicut
1422 3429 1739 3498 angelorum
1767 3433 1879 3486 vita
1903 3449 2045 3510 per:

435 3509 566 3579 vigil
598 3511 798 3566 dicitur
830 3530 845 3566 :
885 3527 1010 3568 cum
1046 3515 1096 3568 in
1131 3516 1284 3570 illum
1313 3519 1562 3574 ordinem
1599 3523 1809 3577 restitui
1847 3540 2024 3580 mere-

436 3603 656 3667 bimur,
709 3613 838 3658 tunc
888 3605 992 3659 erit
1038 3622 1161 3662 vera
1223 3621 1279 3665 et
1340 3612 1654 3682 incorrupta
1718 3616 2020 3685 festivitas,

431 3692 588 3761 cujus
641 3694 956 3751 festivitatis
1009 3697 1261 3769 princeps
1311 3711 1367 3756 et
1436 3719 1666 3773 sponsus
1725 3716 1780 3761 et
1837 3709 2020 3763 domi-

432 3799 535 3838 nus
590 3785 697 3839 erit
770 3785 886 3854 ipse
957 3787 1115 3845 Jesus
1164 3792 1413 3850 Christus
1473 3795 1730 3854 Salvator
1785 3811 2016 3868 noster,

429 3875 518 3929 cui
559 3885 644 3931 est
683 3875 854 3947 gloria
895 3889 952 3936 et
990 3883 1279 3953 imperium
1321 3886 1374 3942 in
1411 3890 1612 3945 szecula
1667 3893 2014 3950 saeculorum.

427 3970 624 4025 Amen.

963 4089 1245 4148 llOMlLIA
1287 4095 1482 4152 XXIV.

431 4175 862 4263 Deqs‘acriﬁciit
889 4201 1008 4263 quo:
1068 4203 1164 4263 per
1212 4206 1634 4263 unamquamque
1672 4193 2014 4263 festivitatem

488 4244 748 4316 iubentur
780 4244 960 4321 offerri
981 4296 994 4318 ,
1025 4244 1078 4309 ei
1101 4259 1164 4309 de
1199 4261 1329 4313 votis
1367 4244 2011 4330 q'ttwabutantur-Deo“;

500 4341 557 4396 Ξ.
589 4341 793 4400 Omnes
820 4348 910 4415 qui
946 4348 1222 4405 imbuendi
1255 4360 1382 4407 sunt
1411 4356 1869 4413 eminentioribus
1897 4360 2009 4414 dis-

426 4434 688 4504 eiplinis,
741 4438 928 4492 tandiu
981 4440 1266 4495 molestum
1315 4444 1523 4499 ducunt
1574 4448 2008 4503 rudimentornm

425 4529 692 4595 laborem,
719 4530 909 4595 donec,
939 4533 1063 4602 quis
1091 4534 1160 4587 sit
1183 4545 1235 4589 et
1261 4536 1560 4606 disciplinae
1590 4539 1731 4594 illius
1755 4543 1820 4594 ad
1846 4557 2006 4610 quam

426 4621 850 4678 introducantur
882 4623 1004 4678 finis
1033 4633 1088 4678 et
1118 4623 1349 4690 fructus,
1399 4628 1671 4696 ignorant.
1715 4631 1849 4686 Cum
1869 4648 2009 4689 vero

427 4712 666 4768 imbutos
716 4728 813 4783 per
858 4716 1106 4769 ordinem
1175 4718 1442 4787 perfectio
1504 4734 1796 4777 consecuta
1845 4723 2012 4781 fuerit

423 4805 749 4874 disciplima,
783 4815 910 4860 tunc
934 4807 1224 4863 delectabit
1256 4813 1685 4868 rndimentorum
1719 4818 2012 4885 pertulisse

424 4893 724 4954 molestias.
755 4899 895 4954 Sunt
925 4913 1053 4972 ergo
1085 4911 1137 4957 et
1174 4905 1226 4957 in
1258 4907 1464 4962 sanctis
1495 4923 1560 4962 ac
1601 4910 1798 4965 divinis
1849 4912 2010 4968 rebus

424 4991 598 5060 prima
631 4994 880 5062 quaedam
927 4995 1232 5050 rudimenta
1259 4998 1457 5069 quibus
1483 5001 1812 5058 inducuntur
1845 5006 1880 5059 ii
1913 5007 2006 5076 qui

420 5084 488 5141 abl
520 5085 912 5156 perfectionem
942 5087 1298 5147 beatitudinis
1327 5093 1574 5149 tendunt.
1597 5095 1754 5163 Quod
1785 5099 2006 5153 eviden-

488 5279 535 5312 ⁸⁷
569 5277 743 5339 ICor.‘
771 5299 888 5348 xm,
924 5283 980 5338 9.
1041 5281 1087 5316 ⁸⁸
1116 5281 1323 5338 Coloss.
1356 5301 1412 5349 ιι,
1446 5286 1530 5340 16.

417 5367 468 5414 v,
512 5351 600 5419 12,
641 5355 729 5419 t3,
779 5354 863 5408 14.
945 5353 994 5387 ’³
1021 5351 1201 5410 Galat.
1233 5369 1305 5420 Iv,
1329 5355 1363 5410 5
1401 5357 1650 5422 ;Coloss.
1679 5351 1814 5422 ",8.

490 5445 602 5520 (‘25)
630 5447 811 5505 Codex
847 5451 1033 5504 Sancti
1057 5450 1405 5516 Theodorici,
1437 5471 1455 5502 ι
1485 5454 1948 5521 pnrillcationum,
1980 5475 1998 5507 ι

421 5519 764 5575 Ebroiecnsis
801 5522 1004 5574 habet:
1043 5539 1062 5571 σ
1097 5519 1511 5587 ιιιιτὶἥοειιὶυηὶἑ.
1554 5548 1570 5578 ι
1617 5553 1624 5558 -

492 5589 605 5660 (24)
633 5588 748 5660 Per
780 5589 1024 5644 meritum
1054 5591 1325 5658 sanguinis
1378 5588 1596 5660 Christi.
1635 5595 1760 5650 ihec
1789 5598 2000 5653 deside-

419 5655 678 5712 ranturin
705 5663 893 5714 codice
913 5655 1353 5713 abbatiag'Sancti
1380 5655 1698 5720 Theoderici
1726 5667 1996 5723 Rhemen-

419 5730 518 5789 sis,
548 5739 602 5781 et
638 5731 688 5782 in
737 5730 908 5784 altero
943 5730 1279 5784 Ebroiceusi.
1330 5731 1594 5788 Caeterum
1629 5739 1993 5795 conferendus

417 5799 507 5852 hic
540 5799 690 5852 locus
715 5814 838 5853 cum
872 5800 1048 5854 altero
1073 5801 1165 5870 qui
1195 5811 1375 5857 exstat
1405 5805 1506 5859 sub
1538 5805 1697 5862 ﬁnem
1731 5808 1991 5865 Exhorta-

1609 5287 1654 5318 δ’
1685 5286 1811 5355 Sap.
1847 5305 1896 5340 Ix
1926 5291 2059 5351 ,15.

1892 5360 1938 5391 9"
1967 5359 2125 5417 Joan.
2171 5381 2204 5426 l,
2232 5364 2322 5418 ‘23.

2146 1959 2212 2014 Et
2245 1975 2388 2013 nunc
2415 1974 2545 2029 ergo
2573 1975 2635 2014 ea
2667 1975 2789 2030 qua:
2818 1959 3200 2030 pertinuerunt
3227 1959 3294 2014 ad
3329 1957 3471 2023 illos,
3491 1959 3584 2028 qui
3619 1961 3730 2029 pri-

2146 2053 2247 2104 mis
2278 2053 2658 2106 in'tbuebanlur
2703 2051 3029 2119 elementis,
3087 2049 3312 2105 molesta
3352 2052 3506 2105 nobis
3554 2051 3729 2120 primo

2142 2145 2393 2198 videntur
2421 2146 2629 2212 auditu,
2663 2145 2871 2201 volenti
2913 2145 3059 2200 enim
3090 2144 3385 2214 unicuique
3416 2145 3722 2198 auditorum

2139 2239 2300 2310 362
2329 2241 2542 2296 discere
2572 2242 2640 2297 de
2668 2242 2732 2297 iis
2763 2258 2884 2312 qua:
2912 2242 2978 2296 ad
3010 2241 3239 2297 salutem
3269 2243 3569 2311 pertinent,
3600 2255 3723 2295 cum

2141 2335 2206 2388 de
2258 2335 2546 2390 sacriticiis
2599 2336 2831 2391 arietum
2883 2345 2936 2390 et
2988 2337 3264 2392 hircorum
3323 2336 3722 2405 vitulormnquc

2140 2426 2434 2490 recitatur,
2489 2427 2622 2480 nihil
2674 2428 2775 2481 sibi
2831 2427 3089 2482 utilitatis
3130 2428 3383 2484 conferre
3413 2427 3718 2496 bujusmodi

2139 2517 2344 2571 litteras
2369 2516 2617 2584 judicant
2645 2556 2660 2580 ,
2692 2527 2961 2587 quantum
2993 2520 3060 2573 ad
3102 2520 3280 2588 ipsum
3328 2530 3540 2590 spectat
3570 2519 3722 2573 audi-

2139 2619 2270 2662 tnn't.
2324 2607 2381 2662 Si
2418 2625 2544 2663 vero
2597 2609 2720 2678 quis
2765 2609 3075 2663 inveniatur
3119 2610 3212 2678 qui
3254 2612 3426 2678 possit
3473 2612 3717 2664 velamen

2135 2701 2279 2770 quod
2312 2712 2394 2756 est
2429 2703 2738 2770 impositura
2773 2701 2826 2753 in
2852 2701 3086 2756 lectione
3119 2701 3331 2756 Veteris
3357 2701 3717 2769 Testamenti,

2136 2808 2437 2860 removere,
2471 2805 2635 2863 atque
2679 2793 2802 2848 inde
2842 2795 3160 2864 perquirere
3183 2808 3301 2863 quae
3331 2794 3442 2848 sint
3474 2809 3599 2847 vera
3629 2811 3718 2848 sa-

2133 2885 2357 2950 crificia,
2385 2901 2504 2954 qua:
2530 2885 2820 2955 purificent
2863 2883 3122 2954 populum
3174 2885 3227 2938 in
3279 2884 3470 2940 diebus
3520 2883 3717 2940 festis:

2135 2988 2260 3032 tunc
2295 2979 2494 3032 videbit
2519 2993 2682 3047 quam
2717 2977 2854 3031 mira
2890 2986 2945 3031 et
2977 2977 3262 3048 magnifica
3299 2988 3426 3031 sunt
3470 2993 3592 3047 qua:
3620 2992 3716 3046 per

2131 3070 2248 3124 haec
2280 3069 2625 3134 indicantur,
2660 3084 2780 3139 qua:
2815 3067 3082 3134 superﬂua
3115 3069 3499 3138 ignorantibus
3527 3084 3594 3124 ac
3624 3084 3718 3124 su-

2131 3161 2440 3231 pcrstitiosa
2472 3162 2764 3216 ducuntur.
2795 3160 2900 3215 Sed
2935 3161 3050 3215 haec
3087 3159 3305 3230 quidem
3348 3159 3550 3215 Paulus
3573 3171 3630 3214 et
3664 3163 3711 3216 si

2129 3255 2229 3322 qui
2273 3254 2322 3307 ei
2373 3253 2582 3309 similes
2624 3262 2787 3320 sunt,
2831 3253 3045 3322 plenius
3083 3252 3152 3308 ab
3191 3253 3306 3322 ipsa
3353 3253 3623 3322 sapientia
3661 3265 3716 3308 et

2133 3347 2312 3401 Verbo
2359 3347 2451 3400 Dei
2488 3344 2894 3415 perfectiusque
2931 3346 3285 3415 cognoverint
3323 3363 3338 3401 :
3383 3360 3486 3401 nos
3532 3354 3712 3400 autem

2129 3447 2393 3506 quantum
2424 3454 2491 3492 ex
2525 3438 2766 3505 ipsorum
2798 3437 2994 3491 litteris
3019 3437 3276 3507 colligere
3303 3453 3616 3508 possumus,
3654 3438 3708 3492 in

2125 3531 2324 3600 quibus
2348 3531 2504 3584 nobis
2530 3529 2676 3583 velut
2702 3545 2798 3596 per
2822 3531 3069 3583 umbram
3098 3537 3153 3583 et
3187 3529 3476 3600 imaginem
3508 3528 3710 3584 indicia

2125 3622 2373 3690 quazdam
2418 3621 2730 3685 dederunt,
2779 3620 2844 3674 ad
2895 3619 3312 3676 ardilicationem
3363 3635 3707 3676 communem

2125 3715 2401 3769 discutere
2449 3713 2766 3768 summatim
2816 3715 2882 3769 de
2933 3713 3326 3768 sacrificiorum
3378 3715 3485 3768 ritu
3531 3714 3706 3783 aliqua

2127 3808 2473 3862 tentabimus.
2503 3805 2558 3860 In
2604 3806 2828 3862 Pascltte
2875 3805 3174 3861 festivitate
3224 3821 3397 3875 agnus
3446 3808 3710 3861 scribitur

2122 3915 2245 3956 esse
2287 3899 2378 3969 qui
2414 3898 2664 3968 puritlcat
2690 3897 2970 3966 populum,
3000 3895 3056 3950 in
3104 3896 3227 3951 aliis
3256 3897 3476 3966 vitulus,
3510 3900 3561 3954 in
3586 3899 3709 3953 aliis

2122 3992 2307 4045 hircus
2339 3998 2430 4042 aut
2457 3989 2624 4053 aries,
2660 3990 2740 4044 vel
2774 4004 2933 4058 capra
2956 4029 2972 4054 ,
3005 3988 3091 4042 vel
3123 3988 3312 4055 vitula,
3358 3990 3500 4045 sicut
3530 4005 3598 4046 ex
3642 3992 3706 4046 iis

2119 4097 2241 4151 qua:
2273 4081 2498 4134 recitata
2533 4091 2658 4134 sunt
2696 4081 2983 4135 didicistis.
3029 4080 3176 4135 Unus
3220 4097 3350 4152 ergo
3391 4097 3458 4136 ex
3491 4083 3557 4136 iis
3588 4082 3706 4135 ani-

2119 4175 2373 4239 malibus,
2411 4189 2533 4244 quae
2563 4175 2628 4227 ad
2663 4173 3061 4243 purificandum
3104 4175 3360 4249 populum
3395 4187 3703 4242 sumuntur,

2118 4285 2238 4324 esse
2283 4269 2483 4323 dicitur
2533 4268 2796 4322 Dominus
2824 4277 2876 4322 et
2911 4267 3163 4322 Salvator
3200 4277 3402 4322 noster.
3441 4268 3531 4323 Sic
3559 4269 3703 4324 enim

2119 4363 2388 4418 intellexit
2417 4361 2656 4418 Joannes
2684 4364 2775 4431 qui
2805 4373 2889 4417 est
2920 4360 3092 4430 major
3122 4363 3364 4416 onmium
3410 4362 3704 4431 propheta-

2118 4471 2261 4522 rum,
2306 4465 2360 4508 et
2407 4455 2645 4524 signavit
2693 4458 2760 4509 dc
2796 4456 2913 4524 ipso
2951 4455 3140 4509 dicens
3163 4455 3250 4509 ’δε
3290 4473 3310 4506 ι
3351 4454 3489 4510 Ecce
3516 4458 3705 4525 Agnus

2118 4545 2380 4610 Dei,ecce
2414 4546 2504 4615 qui
2541 4546 2678 4599 tollit
2711 4555 2933 4615 peccata
2970 4545 3174 4600 mundi.
3215 4564 3234 4597 ι
3266 4544 3417 4612 Quod
3452 4549 3497 4600 si
3531 4559 3703 4614 agnus

2119 4640 2208 4706 qui
2238 4640 2302 4692 ad
2328 4637 2721 4708 purificandum
2747 4637 3000 4706 populum
3024 4638 3183 4692 datus
3203 4647 3305 4703 est,
3325 4638 3391 4691 ad
3417 4653 3702 4708 personam

2120 4732 2333 4786 Domini
2379 4742 2432 4786 et
2481 4732 2783 4785 Salvatoris
2831 4731 3000 4784 nostri
3045 4731 3320 4796 refertur,
3361 4745 3704 4800 consequens

2120 4825 2335 4878 videtur
2379 4824 2522 4892 quod
2568 4823 2734 4876 etiam
2769 4833 2965 4877 caetera
3018 4822 3272 4876 animalia
3300 4865 3315 4889 ,
3349 4839 3469 4892 qua:
3498 4823 3701 4877 eisdem

2123 4918 2483 4987 purificativis
2511 4917 2622 4988 (23)
2657 4915 2848 4970 usibus
2875 4917 3128 4985 deputata
3177 4926 3339 4980 sunt,
3389 4916 3580 4971 referri
3609 4917 3704 4970 de-

2120 5012 2283 5065 beant
2313 5010 2562 5064 similiter
2590 5009 2657 5063 ad
2687 5008 2900 5080 aliquas
2936 5022 3196 5076 personas
3216 5049 3229 5072 ,
3264 5025 3383 5079 qua;
3416 5025 3513 5079 per
3541 5011 3701 5064 meri-

2123 5117 2234 5159 tum
2265 5104 2545 5175 sanguinis
2573 5103 2778 5159 Christi
2803 5101 2916 5175 (24)
2947 5102 3344 5172 purificationis
3372 5103 3577 5175 aliquid
3605 5105 3703 5159 hu-

3465 5292 3510 5322 "
3535 5291 3697 5348 Hebr.

2138 5294 2182 5324 9°
2218 5293 2375 5344 Num.
2411 5306 2602 5353 λιιι-ιιι,
2631 5291 2721 5354 29,
2754 5290 2844 5348 30.
2924 5290 2966 5321 ⁸³
2988 5289 3155 5345 Exod.
3184 5306 3271 5357 xv,
3300 5291 3386 5346 17.

2107 5463 2264 5514 tionis
2290 5461 2359 5512 ut!
2385 5461 2700 5529 martyrium
2730 5471 2956 5511 numero
2983 5456 3174 5529 ultimo
3201 5456 3283 5529 his
3307 5457 3484 5529 verbis
3507 5474 3522 5529 :_
3549 5457 3699 5527 Τάχα

2101 5531 2157 5584 δὲ
2191 5533 2286 5584 καὶ
2317 5530 2506 5602 ὥσπερ
2530 5526 2937 5602 ῖειμξῳναῖματι-
2956 5526 3076 5602 eo?
3098 5527 3268 5602 Ἰησᾳῦ
3293 5526 3697 5602 ῇπόράσοηημεέ),

2115 5603 2290 5683 ’[ησοῦ
2325 5597 2680 5684 λαϐόῇτοζτδ
2699 5597 2870 5684 agape
2895 5599 2953 5653 τὸ
2987 5599 3128 5684 ὑςτὲρ
3159 5600 3266 5680 πᾶγ
3294 5599 3467 5684 tivo;an
3483 5615 3498 5684 ζ
3525 5597 3698 5663 οὕτως

2099 5668 2188 5742 τῷ
2229 5674 2394 5745 τιμίῳ
2438 5673 2630 5742 αἵματι
2696 5668 2805 5724 τῶιί
2866 5668 3157 5745 μαρτύρων
3206 5668 3698 5745 *ἀγορασθήσοντλᾳι

2094 5741 2512 5808 unanimus
2546 5754 2772 5813 uterque
2833 5741 2971 5796 alter
3033 5755 3098 5794 ex
3171 5743 3338 5794 altero
3394 5753 3477 5793 est
3523 5741 3688 5812 expli-

2090 5818 2314 5871 candus.
