4134 6434
434 394 537 445 757.

1556 369 1625 425 IN
1660 364 1995 424 NUMEROS
2027 362 2308 420 lIOMlLlA
2341 358 2531 418 XXIV.

3587 352 3699 405 738‘

433 516 596 558 mano
642 496 826 570 generi
874 493 1176 549 conferant.
1213 486 1348 543 Vide
1391 500 1523 555 ergo
1569 499 1637 538 ne
1686 482 1827 537 forte
1870 481 2010 536 sicut
2041 485 2085 545 Α
2114 483 2280 537 situm
2304 474 2565 547 iugulari,
2590 472 2684 528 sed
2713 469 2999 524 mansisset
3029 468 3133 570 hoc
3165 467 3310 570 quod
3345 466 3694 570 ing-principio

439 592 699 649 Dominus
728 595 779 644 et
826 584 1076 641 Salvator
1112 587 1317 644 noster,
1367 575 1525 647 quasi
1561 590 1731 645 agnus
1766 574 1833 629 ad
1870 572 2010 629 occi-

436 688 643 741 sionem
673 682 870 735 ductus
892 717 908 743 ,
939 685 999 731 et
1032 676 1084 730 in
1121 672 1452 731 sacriﬁcium
1494 668 1682 722 altaris
1712 666 1827 738 (25)
1863 666 2012 722 obla-

438 789 563 839 tus,
610 780 956 842 peccatorum
1010 767 1386 824 remissionem
1442 761 1693 816 universo
1760 758 2013 828 praestitit

438 863 671 918 nnmdo:
712 861 785 915 ita
816 855 1063 912 fortassis
1091 863 1142 909 et
1176 862 1494 909 cacterorum
1514 858 1827 905 sanctorum
1844 862 1907 900 ac
1925 846 2013 916 ju-

436 965 643 1010 storum
694 952 955 1022 sanguis,
988 950 1079 1020 qui
1121 948 1322 1003 ell‘usus
1372 953 1454 1000 est
1506 958 1534 997 a
1587 943 1852 1013 sanguine
1880 939 2014 995 Abel

435 1047 587 1115 justi.
625 1061 795 1114 usque
823 1047 888 1097 ad
914 1042 1230 1110 sanguinem
1262 1037 1541 1092 Zachariae
1567 1034 1842 1104 prophetae
1874 1031 2007 1102 (26),

435 1140 527 1208 qui
563 1136 879 1191 interiectus
924 1144 1008 1190 est
1042 1133 1183 1186 inter
1209 1131 1379 1184 aedem
1431 1136 1488 1182 ct
1530 1126 1738 1181 altare:
1792 1123 2014 1179 alterius

438 1230 656 1294 quidem
688 1226 915 1293 sanguis
962 1226 1102 1278 sicut
1134 1221 1318 1275 vitula:
1343 1259 1356 1282 ,
1390 1218 1614 1272 alterius
1664 1216 1805 1272 sicut
1851 1214 2010 1279 hirci,

438 1328 532 1375 aut
562 1332 740 1386 capra:
782 1323 873 1371 aut
903 1312 1130 1380 alicujus
1161 1312 1354 1366 horum
1387 1309 1539 1363 fusus
1582 1316 1667 1362 est
1693 1307 1760 1361 ad
1788 1305 2012 1374 expian-

436 1412 563 1464 dum
592 1423 691 1478 pro
722 1418 874 1476 parte
899 1405 1079 1474 aliqua
1112 1402 1392 1472 populum.
1431 1401 1567 1454 Sive
1605 1399 1719 1452 haec
1750 1397 1818 1451 ad
1844 1397 2018 1465 justo-

438 1518 557 1557 rum
593 1500 1089 1570 prophetarumque
1127 1508 1411 1565 personas,
1439 1493 1530 1561 qui
1581 1493 1634 1543 in
1678 1491 1783 1545 hoc
1812 1489 2016 1542 mundo

432 1592 661 1664 jugulati
688 1599 856 1655 sunt,
886 1589 971 1645 vel
1003 1602 1190 1642 eorum
1222 1585 1313 1655 qui
1360 1584 1545 1637 dicunt
1567 1579 1652 1635 9"z
1696 1599 1714 1633 ι
1749 1578 2015 1646 Quoniam

436 1694 659 1754 propter
692 1696 741 1737 te
772 1692 946 1737 morte
979 1679 1243 1734 alﬁcimur
1271 1684 1381 1730 tota
1413 1676 1520 1741 die,
1550 1671 1804 1727 aestimati
1828 1686 2017 1725 sumus

437 1775 579 1829 sicut
612 1788 742 1827 ovcs
786 1770 1113 1831 occisionis,
1157 1786 1175 1818 ι
1213 1763 1494 1819 referenda
1531 1763 1858 1816 videantur:
1905 1760 2016 1814 sive

437 1866 603 1922 etiam
637 1865 702 1918 ad
733 1862 1047 1932 superiores
1076 1860 1325 1922 virtutes,
1358 1857 1555 1925 quibus
1578 1853 1892 1924 procuratio
1920 1852 2018 1905 hu-

440 1957 585 2011 mani
611 1956 827 2025 generis
856 1955 978 2007 data
1008 1958 1114 2018 est,
1138 1951 1264 2020 quis
1297 1950 1456 2003 facile
1489 1948 1685 2003 audeat
1708 1946 2018 2001 afﬁrmare?

440 2048 624 2118 Neque
647 2047 790 2102 enim
835 2046 951 2099 haec
983 2040 1242 2097 animalia
1286 2056 1382 2112 per
1408 2039 1641 2110 speciem
1668 2080 1683 2105 ,
1715 2038 1807 2093 sed
1838 2053 1932 2107 per
1960 2037 2019 2089 li-

438 2156 627 2209 guratn
682 2136 871 2193 referri
913 2137 980 2191 ad
1034 2134 1180 2189 illam
1249 2132 1332 2187 vel
1399 2132 1543 2186 illam
1590 2130 1828 2200 putanda
1872 2138 2014 2184 sunt.

440 2228 573 2283 Nam
599 2238 653 2281 et
682 2229 793 2296 ipse
823 2226 1082 2281 Dominus
1112 2223 1270 2279 Jesus
1286 2222 1556 2287 Christus,
1580 2236 1685 2275 non
1712 2221 1831 2275 ideo
1849 2235 2019 2292 agnus

437 2321 640 2376 dicitur
665 2321 815 2388 quasi
841 2320 930 2389 qui
961 2328 1202 2375 mutatus
1231 2318 1301 2373 sit
1327 2325 1380 2372 et
1402 2315 1764 2371 conversusin
1782 2313 2017 2382 speciem

437 2414 585 2483 agni.
624 2413 834 2468 Dicitur
865 2422 1042 2468 tamen
1071 2426 1262 2482 agnus,
1292 2411 1418 2479 quia
1442 2407 1693 2467 voluntas
1717 2416 1771 2461 et
1802 2406 2019 2460 bonitas

436 2508 556 2576 ejus
581 2522 686 2576 qua
722 2507 891 2561 Deum
922 2503 1298 2576 repropitiavit
1321 2501 1651 2565 hominibus,
1680 2509 1735 2555 et
1764 2508 2017 2568 peccato-

441 2610 559 2648 rum
593 2594 982 2663 indulgentiam
1033 2594 1215 2659 dedit,
1254 2591 1377 2647 talis
1412 2590 1621 2647 exstitit
1654 2589 1892 2644 humano
1928 2604 2020 2658 ge-

442 2688 557 2739 neri
586 2684 742 2755 quasi
771 2687 897 2755 agni
931 2687 1110 2742 hostia
1145 2683 1491 2739 immaculata
1521 2694 1578 2738 et
1608 2683 1890 2747 innocens,
1915 2696 2019 2751 qua

439 2775 641 2845 placari
679 2777 989 2832 hominibus
1020 2777 1204 2832 divina
1232 2775 1551 2831 creduntur.
1607 2774 1698 2829 Sic
1742 2790 1870 2845 ergo
1910 2773 2021 2829 for-

438 2870 603 2926 tassis
630 2879 685 2925 et
712 2870 757 2924 si
788 2870 910 2938 quis
942 2878 1025 2924 est
1056 2868 1393 2938 angelorum,
1450 2868 1863 2936 cmlestiumquo
1912 2867 2023 2922 vir.

438 2971 610 3017 tutum
634 3000 649 3027 ,
686 2968 781 3017 aut
820 2962 864 3016 si
896 2959 1021 3029 quis
1058 2960 1333 3027 justorum
1367 2960 1645 3015 hominum
1673 2998 1690 3023 ,
1723 2959 1808 3013 vel
1852 2959 2018 3013 etiam

438 3060 753 3107 sanctorum
800 3051 1186 3121 prophetarum
1245 3033 1410 3118 atque
1469 3051 1881 3119 apostolorum,
1928 3050 2019 3118 qui

2114 587 2231 634 erat
2257 576 2397 629 Deus
2424 570 2660 626 Verbum
2689 585 2702 621 :
2734 579 2920 621 verum
2950 563 3207 633 quoniam
3250 561 3455 616 introiit
3497 576 3693 630 pecca-

2115 679 2227 724 tnm
2277 667 2330 721 in
2379 666 2523 721 hunc
2569 658 2860 723 mundum,
2907 658 3113 727 peccati
3164 665 3346 710 autem
3397 654 3695 710 necessitas

2114 757 2551 830 propitiationem
2586 750 2854 820 requirit,
2888 756 2944 802 et
2984 748 3301 818 propitiatio
3330 762 3437 804 non
3484 748 3545 803 ﬁt
3588 747 3693 801 nisi

2114 868 2211 925 per
2240 849 2493 911 hostiam,
2521 842 2889 901 necessarium
2915 839 3017 896 fuit
3041 840 3313 911 provideri
3339 841 3572 897 hostiam
3599 856 3696 910 pro

2115 949 2355 1014 peccato.
2388 938 2453 994 Et
2469 936 2726 1007 quoniam
2758 933 2965 1004 peccati
3002 933 3174 1003 ipsius
3204 932 3430 988 diversae
3454 940 3505 988 et
3532 933 3698 986 variae

2115 1029 2404 1101 qualitates
2442 1025 2682 1090 fuerunt,
2706 1024 3051 1079 diversorum
3078 1022 3397 1079 animalium
3427 1023 3695 1077 mandan-

2119 1133 2207 1177 tur
2227 1119 2437 1182 hostiae,
2471 1115 2844 1188 proculdubio
2875 1129 2996 1184 quae
3026 1115 3386 1171 convenirent
3411 1116 3694 1171 varietati-

2116 1213 2218 1268 bus
2264 1217 2635 1281 peccatorum.
2688 1208 2785 1263 Sic
2829 1223 2960 1279 ergo
3004 1206 3236 1264 eﬁicitur
3285 1209 3422 1264 alius
3480 1218 3698 1265 sancto-

2118 1319 2236 1358 rum
2262 1302 2376 1372 (28)
2400 1340 2415 1367 ,
2460 1300 2575 1358 sive
2597 1300 2912 1368 angelorum
2937 1340 2953 1365 ,
2987 1307 3049 1356 ut
3078 1300 3317 1356 diximus
3342 1340 3359 1367 ,
3386 1301 3499 1357 sive
3528 1302 3700 1357 homi-

2118 1410 2253 1451 num
2282 1394 2501 1457 vitulus,
2534 1391 2625 1461 qui
2664 1391 2722 1447 in
2762 1390 2853 1446 illa
2883 1391 3183 1448 festivitate
3227 1393 3551 1448 interveniat
3604 1410 3702 1463 pro

2118 1484 2297 1555 populi
2341 1484 2549 1540 delictis
2587 1502 2602 1538 :
2652 1483 2792 1538 alius
2842 1491 3021 1537 autem
3065 1482 3209 1538 aries
3255 1483 3308 1537 in
3349 1484 3455 1543 alia
3492 1484 3700 1539 festivi-

2121 1587 2232 1634 tate
2263 1592 2526 1646 :quorum
2560 1574 2947 1632 intercessione
2997 1574 3089 1629 ﬁat
3117 1574 3426 1646 puriﬁcatio
3452 1592 3549 1646 pro
3581 1592 3703 1646 pcc-

2121 1670 2275 1724 catis.
2344 1667 2493 1735 Quod
2564 1668 2609 1722 si
2681 1665 2957 1736 puriﬁcari
3026 1665 3304 1735 potuerint
3360 1668 3608 1723 homines
3670 1684 3701 1722 a

2120 1762 2389 1832 peccatis,
2419 1770 2475 1816 et
2523 1774 2645 1815 esse
2687 1757 2935 1827 puriores
2961 1798 2977 1822 ,
3027 1757 3344 1813 minuuntur
3384 1769 3440 1813 et
3486 1760 3699 1816 hosti-.9.

2124 1854 2180 1910 Si
2211 1857 2353 1908 enim
2392 1868 2488 1922 pro
2526 1850 2766 1921 peccatis
2810 1856 2941 1903 sunt
2974 1848 3201 1914 hostia},
3248 1859 3302 1905 et
3331 1866 3426 1920 pro
3461 1852 3701 1906 multituo

2122 1946 2245 2001 dine
2299 1954 2645 2016 peccatorum
2708 1940 3077 2009 multiplicatae
3138 1952 3267 1995 sunt
3323 1943 3442 1997 sine
3499 1943 3700 2008 dubio",

2120 2048 2176 2094 et
2211 2054 2309 2109 pro
2349 2036 2646 2107 exiguitate
2685 2035 3028 2088 minuuntur.
3083 2033 3255 2101 Hujus
3304 2048 3485 2092 autem
3529 2037 3605 2091 rei
3649 2039 3702 2091 in

2124 2130 2479 2201 przrsentibus
2531 2128 2665 2181 locis
2705 2126 3003 2195 Scriptura:
3045 2127 3306 2182 habemus
3366 2127 3568 2184 indicia
3596 2168 3610 2194 ,
3654 2129 3704 2182 id

2121 2220 2282 2291 363
2324 2228 2407 2273 est
2454 2218 2505 2272 in
2554 2216 2740 2271 ultima
2797 2215 3094 2270 festivitate
3140 2215 3512 2288 Scenopegim,
3580 2234 3703 2275 cum

2120 2329 2219 2383 per
2251 2322 2374 2368 octo
2423 2312 2540 2365 dies
2598 2306 3084 2375 hostimjuhcntur
3143 2308 3346 2364 offerri.
3405 2310 3471 2365 Et
3533 2310 3704 2379 prima

2123 2404 2338 2473 quidem
2369 2403 2455 2457 die
2483 2402 2636 2472 quasi
2662 2402 2840 2458 adhuc
2876 2403 2927 2457 in
2948 2402 3282 2458 abundantia
3329 2410 3704 2471 peccatorum,

2122 2494 2534 2565 quatuordecim
2573 2493 2725 2548 vituli
2760 2491 3019 2562 jubentur
3052 2489 3257 2546 oﬁ‘erri.
3310 2490 3558 2546 Secunda
3610 2506 3705 2545 au-

2126 2597 2234 2641 tem
2285 2587 2373 2642 die
2420 2585 2721 2641 imminutis
2779 2595 2967 2655 utpote
3001 2584 3241 2655 peccatis
3292 2584 3612 2638 minuuntur
3652 2593 3707 2639 et

2126 2677 2338 2744 hostim,
2379 2686 2436 2731 et
2497 2676 2754 2732 tredecim
2806 2675 2965 2732 vituli
3014 2673 3337 2731 oﬂ‘eruntur.
3392 2673 3576 2731 Tertia
3618 2674 3707 2729 die

2124 2771 2429 2838 duodecim,
2471 2779 2525 2826 et
2553 2780 2676 2841 post
2698 2771 2815 2825 hate
2843 2772 3095 2828 undecim
3132 2790 3145 2825 :
3176 2778 3231 2826 et
3264 2768 3338 2826 ita
3369 2769 3529 2840 quasi
3556 2768 3709 2837 puri-

2123 2864 2469 2919 ﬁcationibus
2518 2862 2655 2933 (‘29),
2713 2863 3002 2921 deﬁciente
3046 2880 3144 2934 per
3192 2862 3308 2918 dies
3357 2861 3704 2917 multitudine

2124 2963 2499 3025 peccatorum,
2531 2955 2796 3010 minuitur
2823 2964 3224 3025 consequenter
3248 2954 3411 3009 etiam
3441 2970 3704 3010 numerus

2128 3048 2451 3123 hostiarum.
2491 3047 2583 3104 Sic
2610 3050 2777 3103 etiam
2805 3064 2902 3119 pro
2934 3048 3342 3118 dispensatione
3376 3046 3489 3118 ('50)
3538 3049 3705 3103 totius

437 3143 653 3197 enixius
710 3143 1037 3198 interveniat
1086 3158 1185 3211 pro
1247 3142 1483 3211 peccatis
1550 3142 1829 3196 hominum
1873 3155 1889 3195 :
1930 3142 2091 3219 hiec
2127 3138 2314 3195 mundi
2368 3139 2635 3194 rationem
2684 3139 3086 3210 puriﬁcationis
3114 3138 3415 3209 ,intelligis.
3462 3138 3707 3208 indigent

441 3250 536 3304 pro
560 3233 1003 3303 repropitiatione
1035 3231 1241 3295 divina,
1277 3230 1424 3285 velut
1450 3232 1629 3295 aries,
1666 3239 1763 3284 aut
1796 3229 2018 3295 vitulus,

440 3334 531 3378 aut
564 3324 770 3388 hircus,
802 3322 1017 3377 oblatus
1044 3336 1163 3376 esse
1204 3321 1256 3374 in
1301 3320 1633 3375 sacriﬁcium
1667 3321 1737 3374 ob
1768 3320 2023 3390 purifica-

441 3414 643 3467 tionem
689 3412 887 3482 p0pulo
941 3411 1340 3480 impetrandam
1386 3411 1558 3481 accipi
1594 3419 1791 3481 potest.
1823 3412 2021 3467 Annon

439 3507 653 3559 videtur
684 3514 742 3559 ut
773 3506 918 3559 aries
940 3543 956 3569 ,
989 3514 1082 3558 aut
1130 3503 1313 3558 hircus
1364 3502 1738 3559 holocaustum
1771 3518 1830 3560 se
1860 3505 2021 3559 obtuo

441 3597 568 3654 lisse
626 3596 824 3652 Paulus
871 3611 969 3665 pro
1013 3597 1210 3668 populo
1260 3595 1463 3663 Israel,
1511 3613 1635 3651 cum
1681 3596 1897 3652 dicebat
1934 3597 2018 3652 '5:

444 3707 464 3740 ι
498 3689 759 3758 Optabam
785 3696 961 3743 autem
993 3702 1096 3757 ego
1121 3688 1236 3757 ipse
1268 3691 1561 3746 anathema
1593 3705 1716 3744 esse
1748 3706 1777 3744 a
1805 3691 2023 3747 Christo

442 3796 540 3851 pro
573 3779 831 3835 fratribus
865 3780 1031 3847 meis,
1064 3780 1156 3850 qui
1189 3790 1317 3836 sunt
1348 3781 1563 3852 cognati
1592 3783 1696 3835 mei
1725 3782 2021 3839 secundum

438 3871 702 3926 carnem?
734 3889 751 3921 ι
787 3871 879 3927 Vis
907 3880 1087 3927 autem
1115 3873 1274 3940 scire,
1299 3874 1424 3941 quia
1457 3887 1518 3928 se
1541 3873 1777 3927 hostiam
1810 3872 2017 3930 Paulus

440 3960 628 4015 oﬁ‘erat
651 3960 1003 4031 jugulandum
1028 3961 1052 4015 ?
1078 3961 1215 4016 Audi
1244 3977 1369 4016 eum
1400 3963 1454 4016 in
1487 3962 1611 4017 aliis
1639 3963 1908 4018 dicentem
1932 3964 1977 3996 ⁸⁷
2008 3982 2020 4017 :

446 4075 465 4107 ι
501 4054 618 4111 Jarn
661 4054 804 4109 enim
846 4069 946 4125 ego
995 4054 1247 4111 immolor
1274 4064 1330 4111 et
1358 4065 1569 4127 tempus
1594 4056 1969 4126 resolutionis,
2000 4076 2019 4109 ι

440 4147 547 4215 vel,
567 4141 687 4200 utin
700 4140 1194 4201 Graeciscodicibus
1222 4146 1450 4217 legimus
1478 4148 1612 4221 (27),
1638 4167 1656 4201 ι
1692 4150 2023 4207 reversionis

442 4248 577 4289 meae
626 4234 810 4291 instat.
851 4253 869 4287 ι
924 4237 1016 4289 Sic
1059 4250 1189 4305 ergo
1243 4236 1547 4307 ﬁguraliter
1595 4248 1774 4307 potest
1825 4240 2022 4305 videri,

442 4325 586 4394 quod
621 4325 759 4381 alius
788 4340 887 4396 pro
920 4326 1213 4382 festivitate
1244 4324 1537 4393 Novorum,
1567 4329 1707 4385 alius
1735 4345 1835 4400 pro
1868 4329 2024 4385 festi-

443 4420 607 4473 vitate
628 4418 873 4482 Sabbati,
899 4418 1037 4473 alius
1058 4434 1154 4487 pro
1179 4417 1477 4474 festivitate
1497 4419 2021 4489 Tabernaculorum,

2126 3231 2269 3288 enim
2303 3230 2706 3300 puriﬁcatione,
2760 3246 2865 3286 non
2904 3230 3076 3287 solum
3112 3245 3234 3300 qua:
3280 3232 3333 3285 in
3374 3240 3521 3286 terra
3556 3240 3707 3296 sunt,

2126 3322 2220 3377 sed
2247 3337 2366 3393 quae
2390 3322 2444 3377 in
2472 3322 2646 3378 coelis.
2687 3322 2937 3379 imminet
2985 3337 3221 3395 namque
3249 3332 3306 3379 et
3333 3322 3485 3379 cmlis
3529 3322 3709 3392 perdio

2130 3413 2223 3478 tio,
2253 3414 2331 3468 sic
2359 3414 2506 3467 enim
2538 3413 2672 3469 dicit
2708 3413 2978 3484 Propheta
3001 3412 3049 3447 ⁸⁸
3080 3431 3095 3469 :
3137 3431 3155 3466 ‹
3183 3412 3320 3469 Cteli
3347 3414 3622 3484 peribunt,
3652 3420 3708 3467 et

2126 3520 2317 3562 omnes
2356 3509 2425 3561 ut
2443 3506 2826 3563 vestimentum
2883 3515 3223 3564 veterascent
3245 3546 3262 3574 ,
3295 3515 3352 3563 et
3391 3507 3533 3563 sicut
3566 3508 3705 3562 ami-

2126 3604 2271 3652 ctum
2303 3596 2547 3652 involves
2573 3612 2688 3662 eos,
2720 3606 2776 3652 et
2812 3599 3186 3654 mutabuntur.
3230 3618 3249 3652 ι
3286 3597 3502 3654 Intuere
3540 3598 3709 3668 igitur

2132 3688 2296 3743 totius
2324 3688 2531 3755 mundi,
2571 3689 2624 3743 id
2662 3698 2745 3744 est
2793 3688 3093 3751 caelestium
3138 3705 3204 3744 ac
3248 3691 3591 3746 terrestrium
3645 3697 3699 3744 et

2128 3779 2468 3836 infernorum
2493 3780 2929 3850 puriﬁcationem
2963 3797 2977 3835 :
3012 3782 3135 3837 vide
3178 3784 3400 3852 quantis
3425 3782 3704 3853 indigeant

2130 3870 2233 3927 ista
2264 3871 2446 3927 omnia
2471 3871 2687 3936 hostiis,
2716 3881 2951 3942 quantos
2979 3873 3261 3944 requirant
3288 3874 3508 3940 vitulos,
3533 3888 3707 3944 quan-

2134 3974 2219 4021 tos
2251 3964 2473 4031 arietes,
2503 3972 2736 4035 quantos
2759 3964 2963 4021 hircos.
3008 3963 3117 4022 Sed
3163 3976 3219 4022 et
3248 3966 3301 4021 in
3340 3967 3425 4023 his
3454 3966 3707 4023 omnibus

2130 4072 2273 4112 unus
2304 4069 2392 4111 est
2438 4072 2631 4127 agnus,
2667 4057 2759 4128 qui
2808 4057 2973 4112 totius
3022 4060 3207 4114 mundi
3256 4060 3434 4129 potuit
3487 4059 3705 4115 auferre

2065 4212 2073 4222 ,
2129 4158 2435 4219 peccatum,
2458 4159 2514 4205 et
2540 4150 2659 4205 ideo
2689 4161 3042 4209 cessaverunt
3067 4163 3277 4208 caeteras
3306 4152 3497 4208 hostia:
3534 4167 3550 4206 :
3579 4152 3704 4222 quia

2131 4242 2253 4297 talis
2296 4241 2412 4297 hac
2465 4242 2567 4297 fuit
2620 4244 2818 4309 hostia,
2874 4256 2934 4302 ut
2994 4261 3102 4301 una
3136 4245 3249 4300 sola
3291 4243 3565 4301 suﬁiceret
3608 4260 3706 4314 pro

2130 4334 2295 4390 totius
2327 4333 2512 4388 mundi
2539 4333 2731 4391 salute.
2763 4335 2957 4391 Caeteri
3006 4336 3151 4392 enim
3182 4336 3433 4405 precibus
3459 4345 3702 4405 peccata,

2128 4429 2215 4485 hic
2244 4429 2392 4485 solus
2420 4437 2685 4499 potestate
2718 4428 2943 4485 dimisit.
2979 4429 3205 4485 Dicebat
3231 4428 3376 4485 enim
3406 4430 3451 4463 ’θ
3483 4446 3497 4483 :
3529 4448 3547 4480 ι
3576 4427 3701 4492 Fili,

442 4513 595 4583 quasi
631 4514 835 4580 hircus,
867 4522 961 4568 aut
994 4512 1217 4580 vitulus,
1252 4524 1345 4570 aut
1368 4517 1513 4573 aries
1543 4515 1805 4572 oiIeratur
1834 4516 1902 4571 ad
1935 4531 2021 4571 re-
2053 4514 2098 4569 D
2129 4520 2351 4576 remissa
2380 4528 2509 4575 sunt
2540 4521 2639 4577 tibi
2673 4533 2895 4593 peccata
2931 4528 3045 4574 tua.
3082 4541 3100 4574 ι
3143 4521 3233 4577 Sic
3278 4535 3408 4593 ergo
3439 4521 3702 4577 imbuitur

441 4603 839 4663 conciliandum
891 4604 1200 4663 hominibus
1242 4606 1435 4663 Deum.
1486 4608 1669 4664 Donec
1713 4607 1857 4663 enim
1889 4618 2018 4664 sunt

443 4704 685 4765 peccata,
712 4711 936 4753 necesse
965 4707 1048 4752 est
1072 4699 1276 4769 requiri
1304 4708 1359 4755 et
1387 4699 1596 4755 hostias
1623 4713 1722 4771 pro
1753 4700 2016 4770 peccatis.

443 4787 576 4841 Nam
615 4803 774 4858 pone,
810 4788 959 4844 verbi
987 4790 1157 4863 gratio
1185 4830 1200 4857 ,
1235 4806 1339 4846 non
1394 4789 1561 4847 fuisse
1596 4799 1877 4860 peccatum
1920 4807 1935 4844 :
1975 4790 2019 4847 si
2056 4859 2065 4870 _

440 4895 549 4935 non
584 4881 779 4937 fuisset
809 4893 1113 4952 peccatum,
1161 4900 1266 4939 non
1321 4899 1548 4941 necesse
1606 4884 1786 4941 fuerat
1820 4884 2018 4940 Filium

445 4972 536 5027 Dei
563 4988 763 5042 agnum
792 4974 932 5039 ﬁeri,
962 4990 1061 5031 nec
1090 4991 1226 5046 opus
1255 4974 1437 5033 fuerat
1480 4991 1605 5033 cum
1638 4976 1689 5031 in
1716 4991 1882 5032 carne
1918 4992 2015 5047 po.

512 5088 560 5123 "
597 5087 739 5144 Psal.
780 5104 940 5157 XLIV,
973 5089 1065 5147 22.
1140 5090 1187 5123 ⁸⁵
1226 5090 1383 5147 Rom.
1418 5107 1469 5146 ix
1496 5130 1511 5156 ,
1551 5092 1606 5147 5.

443 5248 838 5374 “ﬁssum!”
870 5248 1056 5306 Sancti
1086 5248 1451 5319 Theodorici,
1506 5270 1525 5303 ‹
1586 5252 1639 5306 in
1685 5253 2018 5310 sacriﬁcium

515 5388 628 5456 (26)
656 5387 934 5444 Zacharia:
975 5391 1258 5459 prop/cette.
1294 5392 1429 5447 Vide
1473 5400 1584 5448 not.
1639 5393 1692 5447 in
1738 5390 1907 5461 Epist.
1954 5396 2021 5449 ad

442 5457 777 5510 Africanum.

442 5458 777 5526 Africanum.
1786 5458 1793 5461 ⁷

396 5548 410 5601 ρ
444 5598 457 5601 _
513 5527 723 5601 (27)_Ut
752 5530 805 5581 in
833 5526 1029 5601 Cascis
1059 5530 1327 5601 codicibus
1366 5532 1605 5601 lggimus.
1643 5532 2019 5590 Parenthcsim

389 5598 410 5654 ρ
443 5598 583 5652 hanc
618 5599 685 5654 de
718 5615 816 5651 suo
845 5598 1050 5652 addidit
1079 5599 1351 5668 interpres
1380 5598 1629 5657 Ruﬁnus.

518 5668 630 5747 (g8)
679 5670 856 5724 Codex
903 5667 1087 5723 Sancti
1139 5667 1461 5725 Theoderici
1492 5711 1507 5738 ,
1554 5691 1573 5725 ι
1633 5672 1831 5729 dicitur
1878 5672 2016 5729 alius

443 5738 661 5807 quidem
706 5749 1040 5791 sanctorum.
1079 5758 1096 5790 ι

514 5806 627 5879 (29)
670 5807 1167 5877 Puriﬁcationibus.
1210 5809 1369 5867 Deest
1393 5810 1448 5867 in
1476 5811 1628 5868 libris
1655 5818 1816 5869 antea
1840 5814 2015 5884 editis,

2129 4611 2366 4667 mundus
2388 4652 2403 4681 ,
2444 4612 2619 4683 primo
2653 4627 2752 4683 per
2784 4615 3029 4670 diversas
3063 4614 3271 4670 hostias
3323 4615 3719 4671 remissionem.

2127 4718 2373 4772 quaerere
2399 4688 2769 4775 peccatorum,
2801 4706 2972 4760 donec
2999 4705 3184 4759 veniat
3213 4705 3283 4760 ad
3317 4705 3550 4760 hostiam
3577 4722 3701 4776 per-

2127 4791 2348 4862 fectam,
2374 4796 2440 4850 ad
2468 4796 2700 4852 hostiam
2741 4807 3213 4865 consummatam,
3248 4812 3443 4868 agnum
3473 4799 3703 4854 annicu-

2126 4886 2258 4955 lum,
2319 4888 2641 4958 perfectum,
2679 4891 2772 4959 qui
2803 4891 2951 4946 tollat
2995 4900 3221 4960 peccata
3259 4892 3426 4947 totius
3463 4892 3699 4948 mundi:

2127 4994 2221 5049 per
2253 4996 2412 5050 quem
2437 4981 2766 5039 festivitates
2801 4995 2927 5054 agat
2950 4984 3246 5055 spiritales,
3282 4999 3389 5040 non
3431 4984 3498 5040 ad
3533 4984 3702 5042 satic-

1688 5093 1732 5124 ⁸⁷
1761 5091 1803 5147 ll
1838 5093 1979 5151 Tim.
2010 5109 2082 5160 tv,
2116 5095 2170 5151 6.
2222 5099 2269 5133 ’8
2305 5097 2449 5155 Psal.
2490 5115 2586 5167 cu,
2616 5100 2707 5169 27,
2735 5101 2823 5157 28.
2899 5104 2945 5136 ⁹⁹
2974 5101 3161 5156 Matth.
3190 5115 3269 5167 ιιη,
3293 5099 3349 5154 2.

2130 5258 2224 5311 sed
2251 5257 2532 5326 suppletur
2563 5272 2627 5312 ex
2659 5257 2914 5313 omnibus
2940 5273 3077 5315 mss.

2203 5325 2438 5451 $30)Sic
2471 5328 2630 5382 etiam
2660 5343 2755 5398 pro
2785 5328 2839 5380 di
2903 5330 3174 5383 ensatione
3198 5369 3213 5394 ,
3244 5337 3351 5385 etc.
3392 5327 3467 5381 lla
3505 5326 3701 5382 habent

2238 5398 2291 5451 d.
2354 5395 2690 5451 Turonensis
2742 5406 2797 5451 et
2836 5345 3208 5451 Ebroiccnsis.
3258 5413 3287 5451 a
3341 5397 3541 5451 auibus
3592 5414 3699 5451 non

2134 5395 2307 5453 codd.’
2354 5395 2690 5453 Turonensis
2742 5406 2797 5453 et
2836 5395 3208 5464 Ebroiccnsis,
3258 5413 3287 5452 a
3341 5397 3541 5467 quibus
3592 5414 3699 5452 non

2132 5467 2364 5522 multum
2412 5468 2619 5522 recedit
2676 5468 2848 5524 codex
2908 5467 3093 5524 Sancti
3153 5467 3516 5531 Theodorici,
3574 5469 3703 5522 «sic

2131 5538 2297 5592 etiam
2344 5552 2445 5608 per
2498 5538 2957 5608 dispensationem
3014 5537 3176 5608 totius
3208 5536 3394 5591 mundi
3436 5537 3701 5608 rationem

2168 5606 2805 5679 uriﬁcationisintellige.
2837 5626 2856 5661 ι
2907 5607 2964 5662 ln
3016 5606 3170 5679 libris
3198 5621 3327 5679 vero
3356 5615 3513 5661 antea
3541 5607 3701 5679 editis

2149 5679 2328 5748 egitur
2382 5696 2398 5734 :
2456 5696 2493 5731 σν
2527 5678 2609 5734 sic
2665 5677 2827 5735 etiam
2878 5677 3485 5748 per_tlispensationem
3538 5677 3702 5735 totius

2129 5746 2329 5804 mundi,
2352 5750 2493 5807 ratio
2527 5764 2610 5806 es:
2654 5746 3047 5821 puriﬁcationis
3081 5758 3133 5800 et
3166 5746 3555 5805 intellectuum.
3602 5766 3633 5799 ι
