4134 6438
464 356 567 411 759

1885 349 2208 408 ORIGENIS

3612 358 3713 415 760

463 483 630 528 tatem
667 472 872 541 carnis,
912 474 1005 529 sed
1054 473 1120 529 ad
1161 473 1463 544 profectum
1496 471 1721 542 spiritus
1751 469 2038 527 sacriﬁciis
2067 476 2113 530 Α
2142 469 2209 523 ab
2236 482 2301 524 eo
2328 469 2749 527 auferatomnes
2778 469 3150 530 immunditias
3174 514 3189 541 ,
3223 474 3383 530 citius
3404 486 3558 531 eruat
3588 492 3711 532 eum

459 565 801 632 spiritalibus
871 567 1249 636 puriﬁcatione
1322 566 1518 620 mentis
1575 564 1791 620 oblatis.
1875 562 2038 616 Decet

459 654 606 707 enim
655 654 765 709 Deo
797 656 1064 712 immolari
1115 658 1391 712 victimam
1444 657 1645 721 cordis,
1704 664 1759 709 et
1804 653 2035 709 hostiam

461 746 813 802 contribulati
849 750 1094 819 spiritus,
1128 766 1234 806 non
1290 750 1471 804 carnis
1491 760 1544 804 et
1578 748 1853 819 sanguinis
1876 744 2037 816 jugu-

464 837 559 891 lari
593 854 603 888 :
638 828 797 917 quia"
835 859 854 893 ι
880 851 931 897 et
967 843 1012 898 si
1067 842 1388 911 agnovimus
1437 842 1712 897 Christum
1740 842 2036 913 aliquando

461 931 759 985 secundum
789 947 1045 999 carnem;
1087 933 1180 989 sed
1220 948 1363 988 nunc
1388 932 1501 1003 jam
1529 948 1633 987 non
1661 936 1912 990 novimus
1941 937 1959 967 ί
1988 949 2035 1002 ;›

460 1032 515 1075 ct
536 1022 656 1077 ideo
678 1026 731 1079 in
766 1024 959 1093 spiritu
988 1025 1129 1080 diem
1173 1025 1366 1080 festum
1398 1040 1642 1096 agamus,
1676 1036 1733 1081 et
1767 1030 2034 1096 spiritalia

459 1115 729 1169 sacriﬁcia
772 1117 1101 1187 jugulemus.
1159 1118 1283 1174 Haec
1314 1134 1411 1189 pro
1458 1119 1666 1175 viribus
1714 1123 1920 1179 nostris
1968 1124 2035 1179 de

459 1209 778 1265 diversitate
810 1211 1205 1266 sacriﬁciorum
1236 1212 1486 1268 discussa
1519 1214 1667 1279 sint,
1703 1230 1935 1284 quorum
1964 1216 2034 1272 ad

459 1300 723 1370 liquidum
753 1302 1167 1372 intelligentiam
1194 1303 1298 1358 scit
1330 1303 1441 1368 ille,
1480 1304 1567 1358 cui
1598 1306 1741 1360 nuda
1780 1318 1836 1363 et
1882 1325 2035 1365 reve-

459 1393 564 1448 lata
589 1400 715 1448 sunt
744 1394 947 1459 omnia,
979 1408 1081 1448 nec
1110 1401 1192 1449 est
1219 1394 1325 1448 ulla
1351 1403 1601 1449 creatura
1646 1395 1700 1450 in
1736 1409 2031 1469 conspectu

456 1484 574 1554 ejus
614 1485 921 1540 invisibilis.

525 1575 582 1631 2.
627 1576 755 1630 Post
786 1578 899 1632 haec
927 1584 1178 1632 votorum
1216 1577 1301 1631 lex
1348 1577 1591 1648 ponitur,
1618 1587 1671 1634 et
1704 1595 1843 1636 novo
1882 1580 2033 1650 prin-

456 1664 600 1733 cipio
630 1666 803 1721 utitur
835 1668 887 1721 in
916 1669 1017 1723 hac
1050 1668 1391 1737 legislatione
1424 1668 1619 1724 Moses.
1649 1669 1738 1724 Ait
1787 1671 1928 1724 enim
1960 1672 1982 1702 ¹
2012 1687 2029 1726 :

459 1777 478 1809 ι
505 1756 697 1823 Homo,
733 1760 896 1813 homo
926 1760 1238 1829 quicunque
1268 1760 1478 1815 voverit
1508 1769 1688 1813 votum
1726 1761 1976 1815 Domino.
2006 1782 2023 1815 ι

453 1848 583 1915 Qua:
610 1860 694 1904 est
721 1851 818 1905 ista
864 1851 1140 1919 repetendi
1184 1852 1419 1906 nominis
1462 1852 1668 1906 causa?
1712 1853 1875 1920 Quasi
1924 1869 2027 1907 non

453 1940 725 1995 suﬁiceret
756 1943 976 2009 dixisse,
1017 1944 1178 1997 homo
1206 1945 1296 2013 qui
1329 1944 1539 1998 voverit
1571 1955 1750 1998 votum
1783 1946 2029 1999 Domino.

450 2033 591 2100 Quid
622 2042 703 2086 est
756 2048 886 2103 ergo
937 2037 1080 2105 quod
1114 2037 1210 2100 ait,
1248 2036 1410 2090 homo
1442 2038 1624 2103 homo,
1686 2046 1740 2091 et
1771 2040 1900 2105 quid
1928 2039 2030 2092 sibi

457 2124 586 2178 velit
642 2124 971 2195 ingeminata
1030 2128 1263 2181 hominis
1320 2128 1655 2197 appellatio,
1734 2146 1839 2183 non
1901 2131 2030 2183 mihi

452 2213 669 2270 silentio
729 2219 1163 2283 praetereundum
1228 2220 1456 2273 videtur.
1527 2219 1818 2287 Apostolus
1874 2220 2031 2274 docet

453 2306 615 2358 alium
647 2322 767 2361 csse
801 2308 1120 2363 interiorem
1168 2310 1474 2376 hominem,
1517 2321 1569 2363 et
1602 2312 1762 2363 alium
1796 2312 2031 2366 exterio-

456 2416 566 2452 rem
610 2416 623 2451 :
665 2409 720 2455 et
750 2400 897 2455 illum
950 2417 1072 2457 esse
1114 2404 1204 2474 qui
1263 2415 1556 2457 renovatur
1583 2405 1647 2458 de
1681 2405 1766 2458 die
1801 2407 1851 2458 in
1885 2407 2028 2460 diem

451 2492 749 2545 secundum
802 2492 1091 2563 imaginem
1128 2493 1244 2562 ejus
1286 2496 1375 2564 qui
1418 2496 1621 2550 creavit
1669 2511 1829 2564 eum;
1884 2499 2028 2553 hunc

454 2598 582 2637 vero
613 2599 733 2639 esse
770 2584 1065 2650 visibilem,
1107 2587 1196 2655 qui
1231 2588 1601 2656 corrumpitur
1633 2587 1675 2643 ³.
1726 2588 1859 2643 Cum
1900 2604 2029 2660 ergo

451 2675 668 2729 venitur
699 2673 763 2728 ad
799 2677 956 2729 istum
980 2676 1089 2745 jam
1119 2677 1423 2746 profectum
1449 2719 1463 2742 ,
1512 2688 1565 2732 ut
1605 2678 1688 2732 lex
1724 2679 1819 2734 Dei
1852 2679 2029 2733 susci-

450 2769 654 2836 piatur,
686 2777 741 2823 et
773 2778 893 2823 vota
923 2770 1147 2824 Domino
1173 2770 1511 2837 offerantur;
1546 2781 1667 2828 vota
1701 2782 1883 2827 autem
1918 2773 2027 2827 Do-

451 2861 601 2913 mino
644 2861 841 2916 oﬁ‘errc
882 2877 1038 2917 nemo
1078 2871 1278 2933 potest,
1310 2864 1413 2918 nisi
1443 2864 1530 2933 qui
1563 2864 1721 2919 habet
1746 2864 1948 2933 aliquid
1972 2864 2027 2919 in

449 2952 741 3022 semetipso
779 2962 834 3007 et
894 2955 946 3007 in
980 2954 1279 3011 Substantia
1321 2973 1417 3011 sua
1462 2957 1605 3027 quod
1643 2956 1836 3013 offerat
1874 2958 2022 3015 Deo:

451 3058 557 3098 non
590 3045 787 3098 suﬁicit
817 3046 923 3101 iste
943 3050 1183 3103 exterior
1213 3049 1375 3105 homo
1397 3050 1568 3120 legem
1596 3050 1690 3106 Dei
1723 3051 2021 3120 suscipere,

2139 564 2206 618 ab
2239 566 2385 618 omni
2420 567 2830 634 inquinamento
2856 570 3035 627 carnis
3064 580 3117 627 et
3151 573 3450 644 sanguinis,
3484 589 3710 631 conver-

2143 662 2287 710 tatur
2317 656 2608 727 aliquando
2629 660 2694 714 ad
2717 661 3116 729 ptenitentiam,
3148 675 3368 720 revocet
3407 666 3475 721 ad
3508 683 3566 722 se
3602 681 3710 722 me.»

2136 750 2365 803 muriam
2399 750 2515 815 Dei,
2543 760 2762 808 revocet
2792 768 2940 823 spem
2964 754 3172 810 salutis.
3200 755 3315 809 Non
3343 757 3486 811 enim
3516 760 3710 814 extrin-

2135 854 2296 895 secus
2346 841 2562 897 aliunde
2608 846 2899 913 quaerenda
2957 853 3117 913 sunt,
3173 848 3267 902 sed
3316 848 3458 903 intra
3498 865 3595 905 nos
3630 860 3711 906 est

2136 930 2328 987 salutis
2374 937 2613 999 occasio,
2669 934 2814 990 sicut
2855 945 2911 991 et
2966 935 3227 993 Dominus
3267 939 3405 993 dixit
3431 938 3453 971 ⁸
3479 956 3494 996 :
3522 959 3540 991 ι
3571 941 3711 996 Ecce

2133 1022 2278 1077 enim
2308 1037 2528 1094 regnum
2556 1025 2651 1080 Dei
2676 1027 2817 1081 intra
2846 1042 2943 1083 vos
2973 1038 3077 1083 est.
3115 1047 3134 1081 ι
3170 1028 3314 1085 intra
3348 1046 3445 1087 nos
3477 1047 3711 1102 namque

2135 1126 2219 1173 est
2278 1121 2653 1175 conversionis
2725 1120 2970 1180 facultas.
3024 1124 3159 1180 Cum
3215 1126 3359 1181 enim
3408 1140 3709 1183 conversus

2136 1210 2484 1281 ingemueris,
2510 1214 2689 1270 salvus
2712 1215 2843 1280 eris,
2863 1226 2917 1273 et
2951 1227 3078 1274 tunc
3109 1220 3313 1288 poteris
3348 1219 3507 1289 digne
3538 1219 3705 1276 Altis-

2126 1301 2263 1357 simo
2288 1302 2514 1357 reddere
2540 1312 2662 1358 vota
2686 1313 2797 1369 tua,
2829 1312 2884 1358 et
2907 1305 3071 1358 homo
3104 1305 3267 1359 homo
3290 1306 3567 1375 appellari.
3593 1306 3702 1362 Vo-

2127 1402 2239 1446 tum
2265 1401 2443 1445 autem
2466 1402 2567 1458 est,
2594 1408 2717 1447 cum
2743 1394 2942 1463 aliquid
2966 1394 3033 1448 de
3054 1395 3254 1449 nostris
3272 1394 3552 1451 oﬁ'erimus
3572 1397 3701 1453 Deo.

2126 1488 2253 1543 Vult
2283 1504 2409 1560 ergo
2434 1505 2463 1543 a
2495 1490 2649 1543 nobis
2684 1490 2836 1560 prius
2869 1490 3070 1560 aliquid
3104 1491 3352 1561 accipere
3386 1492 3530 1546 Deus
3567 1492 3702 1566 (5'5),

2128 1588 2183 1635 et
2233 1579 2305 1633 ita
2356 1580 2512 1635 nobis
2550 1580 2751 1649 aliquid
2799 1582 2913 1651 ipse
2957 1582 3169 1653 largiri,
3221 1590 3280 1636 ut
3318 1583 3459 1637 dona
3506 1599 3605 1637 sua
3651 1594 3708 1639 et

2135 1680 2360 1719 munera
2390 1668 2728 1721 merentibus
2759 1678 2813 1720 et
2843 1682 2947 1720 non
2984 1668 3271 1722 immeritis
3309 1669 3493 1738 largiri
3522 1669 3707 1723 videa-

2136 1763 2240 1809 tur.
2280 1754 2418 1822 Quid
2482 1766 2660 1811 autem
2695 1767 2778 1813 est
2830 1759 2973 1826 quod
3020 1760 3131 1812 vult
3182 1761 3429 1829 accipere
3476 1777 3505 1813 a
3555 1761 3708 1815 nobis

2135 1850 2273 1904 Deus
2294 1850 2317 1902 ?
2342 1850 2476 1903 Audi
2515 1850 2810 1920 Scriptura:
2845 1851 3173 1906 sententiam
3205 1852 3260 1905 ’τ
3292 1871 3310 1903 ι
3336 1851 3399 1906 Ει
3452 1869 3591 1907 nunc
3636 1853 3706 1908 ls-

2135 1939 2265 2006 rael,
2300 1940 2430 2010 quid
2456 1938 2717 1994 Dominus
2746 1939 2886 1995 Deus
2926 1949 3050 1995 tuus
3082 1942 3255 2009 poscit
3295 1956 3323 1994 a
3376 1951 3426 1996 te
3451 1982 3466 2006 ,
3520 1943 3622 1996 nisi
3651 1952 3708 1996 ut

2134 2029 2325 2083 timeas
2366 2028 2647 2083 Dominum
2700 2028 2867 2084 Deum
2913 2038 3060 2084 tuum
3103 2038 3154 2083 et
3185 2031 3348 2103 364
3377 2033 3622 2087 ambules
3651 2033 3706 2087 in

2132 2122 2385 2177 Omnibus
2409 2121 2512 2175 viis
2535 2119 2671 2188 ejus,
2710 2130 2764 2174 et
2798 2121 2988 2192 diligas
3021 2135 3142 2175 cum
3167 2137 3233 2176 ex
3259 2134 3370 2178 toto
3399 2127 3563 2179 corde
3593 2136 3705 2190 tuo,

2132 2220 2183 2265 ct
2222 2228 2288 2267 ex
2334 2221 2442 2266 tota
2498 2214 2678 2267 anima
2714 2222 2839 2277 tua,
2884 2224 2939 2267 et
2984 2228 3049 2267 ex
3082 2215 3209 2269 totis
3260 2216 3463 2272 viribus
3504 2218 3654 2273 tuis?
3683 2238 3703 2271 ι

2135 2303 2258 2358 llrec
2281 2314 2406 2359 sunt
2437 2320 2566 2375 ergo
2594 2320 2713 2373 qua:
2741 2306 2881 2359 Deus
2908 2306 3081 2372 poscit
3105 2321 3134 2360 a
3171 2306 3346 2367 nobis.
3375 2308 3504 2375 Quae
3524 2311 3567 2364 si
3600 2326 3705 2365 non

2133 2399 2283 2467 prius
2312 2396 2625 2463 oll‘eramus,
2652 2400 2715 2453 ab
2744 2399 2857 2467 ipso
2891 2400 3222 2468 accipiemus
3263 2402 3417 2456 nihil.
3455 2402 3707 2473 Legimus

2130 2498 2185 2544 et
2216 2490 2269 2543 in
2311 2490 2416 2543 alio
2446 2488 2565 2544 loco
2596 2490 2616 2522 ⁸
2645 2504 2658 2539 :
2695 2506 2717 2540 ι
2744 2489 2877 2544 Date
2930 2489 3160 2559 gloriam
3206 2492 3335 2557 Deo,
3358 2513 3376 2545 ι
3428 2501 3541 2550 εις(
3571 2493 3708 2549 Date

2132 2578 2586 2649 magniﬁcentiam
2621 2580 2751 2634 Deo.
2782 2600 2800 2632 ι
2824 2579 2881 2634 Si
2912 2582 3171 2636 dederitis
3204 2582 3451 2651 gloriam,
3478 2586 3709 2650 recipiee

2131 2671 2202 2725 tis
2227 2670 2478 2739 gloriam.
2517 2670 2610 2726 Sic
2652 2672 2799 2725 enim
2832 2672 2964 2727 dicit
3010 2673 3125 2740 ipse
3176 2672 3315 2728 Deus
3341 2676 3361 2705 "
3400 2693 3413 2727 :
3449 2692 3467 2724 ι
3490 2675 3705 2727 Gloriﬁ-

2128 2775 2317 2819 cautes
2346 2780 2434 2821 me
2456 2764 2789 2836 glorilicabo.
2826 2785 2847 2818 ι
2891 2766 3003 2835 Ego
3035 2780 3163 2819 vero
3203 2765 3345 2830 dico,
3387 2769 3529 2835 quod
3569 2776 3622 2822 et
3657 2768 3702 2820 si

2127 2855 2419 2913 oﬁ‘eramus
2454 2857 2503 2911 ei
2530 2855 2798 2926 justitiam
2838 2866 3102 2923 nostram,
3135 2856 3464 2925 accipiemus
3491 2860 3559 2913 ab
3587 2859 3702 2929 ipso

2123 2946 2392 3018 justitiam
2426 2948 2543 3005 Dei.
2577 2948 2645 3002 Et
2682 2947 2728 3003 si
2760 2946 3055 3003 offeramus
3094 2948 3145 3002 ei
3187 2958 3428 3003 nostram
3454 2990 3471 3010 .
3531 2947 3585 3004 id
3623 2959 3708 3006 est

2126 3043 2371 3112 corporis
2434 3043 2763 3108 castitatem,
2822 3044 3156 3112 accipiemus
3219 3043 3286 3096 ab
3356 3043 3471 3113 ipso
3547 3043 3709 3112 Spiri-

453 3150 553 3189 nec
604 3146 725 3190 vota
778 3137 924 3194 solus
981 3137 1198 3204 oﬁ‘erre,
1256 3158 1361 3197 non
1415 3143 1561 3197 enim
1594 3152 1772 3213 potest
1818 3142 2023 3214 aliquid

2131 3142 2215 3190 tus
2261 3134 2571 3201 castitatem
2625 3133 2759 3205 (54).
2818 3134 2884 3187 Ει
2941 3134 2986 3188 si
3043 3131 3337 3189 oﬁ'eramus
3391 3134 3437 3187 ci
3489 3144 3705 3187 sensum

451 3227 670 3297 dignum
725 3228 835 3282 Deo
881 3230 1079 3286 habere
1114 3250 1127 3287 :
1163 3234 1256 3287 sed
1310 3233 1401 3289 ille
1454 3234 1683 3289 interior
1721 3244 1805 3290 est
1839 3237 2022 3301 homo,

448 3318 542 3388 qui
577 3320 752 3390 magis
797 3321 961 3376 habet
1001 3322 1055 3377 in
1103 3339 1163 3379 se
1214 3326 1361 3394 quod
1408 3323 1598 3379 oﬂ'erat
1647 3323 1778 3380 Deo.
1838 3324 1896 3381 in
1932 3326 2026 3383 illo

452 3425 687 3480 namque
739 3421 824 3468 est
884 3414 1247 3471 habitaculum
1275 3417 1533 3471 virtutum
1558 3458 1573 3484 ,
1610 3417 1661 3470 in
1716 3417 1808 3471 illo
1846 3418 2024 3474 omnis

453 3501 757 3559 intellectus
811 3505 1075 3571 scientias,
1143 3508 1196 3562 in
1248 3507 1341 3562 illo
1385 3518 1467 3562 est
1520 3509 1718 3563 divinas
1771 3510 2023 3582 imaginis

454 3596 749 3652 innovatio.
779 3598 878 3666 Qui
907 3615 1030 3654 cum
1061 3600 1297 3670 speciem
1336 3616 1488 3655 suam
1510 3643 1524 3665 ,
1572 3616 1677 3670 qua
1714 3616 1781 3655 ex
1808 3602 1966 3657 initio
1993 3618 2023 3657 a

455 3689 562 3743 Deo
586 3689 759 3747 factus
782 3700 865 3747 est
889 3691 1000 3762 (5|)
1027 3695 1447 3762 recuperaverit,
1467 3703 1523 3749 et
1550 3695 1809 3749 virtutum
1842 3696 2025 3751 redin-

454 3784 756 3853 Iegratione
788 3786 1241 3854 pulchritudinem
1275 3785 1472 3855 prioris
1507 3786 1695 3841 formae
1726 3789 2021 3857 receperit,

455 3888 581 3933 tunc
604 3872 936 3949 jam'potest
978 3887 1101 3933 vota
1136 3876 1330 3933 oﬁ‘erre
1362 3878 1501 3948 Deo,
1533 3888 1587 3934 et
1624 3890 1749 3936 tunc
1773 3877 1887 3947 jam
1915 3894 2022 3934 non

453 3968 616 4023 homo
651 3968 861 4036 solum,
907 3968 999 4023 sed
1049 3968 1211 4024 homo
1247 3970 1409 4023 homo
1462 3970 1689 4025 dicetur.
1746 3972 1879 4043 Nam
1930 3970 2022 4040 qui

451 4061 768 4116 interiorem
796 4059 1067 4114 hominem
1100 4074 1207 4114 non
1250 4060 1469 4127 excolit,
1515 4062 1608 4131 qui
1652 4060 1793 4117 illius
1835 4077 2021 4117 curam

454 4168 559 4206 non
597 4151 758 4222 gerit,
782 4151 872 4219 qui
907 4151 1199 4225 virtutibus
1225 4167 1347 4207 eum
1375 4169 1482 4209 non
1513 4153 1753 4219 instruit,
1782 4155 2025 4212 moribus

454 4264 558 4302 non
609 4248 863 4313 adornat,
909 4249 1107 4305 divinis
1143 4250 1574 4308 institutionibus
1619 4269 1726 4309 non
1784 4265 2023 4321 exercet,

451 4340 771 4409 sapientiam
804 4341 897 4397 Dei
931 4358 1037 4397 non
1067 4345 1282 4413 quaerit,
1338 4345 1581 4401 scientiae
1611 4345 2024 4416 Scripturarum

450 4447 673 4499 operam
700 4450 805 4488 non
841 4436 1123 4515 impendit,
1158 4438 1247 4493 hic
1289 4454 1397 4493 non
1432 4447 1609 4509 potest
1656 4439 1818 4496 homo
1859 4441 2024 4496 homo

451 4525 578 4589 dici,
617 4528 709 4583 sed
748 4528 911 4584 homo
940 4538 1172 4596 tantum,
1224 4539 1280 4586 et
1332 4532 1493 4587 homo
1544 4533 1795 4588 animalis
1834 4550 1849 4588 :
1890 4534 2018 4600 quia

452 4614 540 4668 ille
566 4615 811 4683 interior,
839 4620 926 4674 cui
955 4621 1136 4675 verius
1153 4631 1209 4675 et
1243 4622 1472 4678 nobilius
1504 4622 1664 4680 homo
1697 4639 1888 4680 nomen
1916 4633 2019 4690 est,

451 4708 661 4774 sopitus
687 4708 737 4761 in
774 4724 838 4763 eo
871 4719 954 4764 est
977 4712 1289 4766 carnalibus
1320 4712 1463 4768 vitiis
1488 4752 1505 4779 ,
1559 4722 1613 4768 et
1642 4715 1825 4769 mundi
1860 4717 2020 4785 hujus

450 4799 597 4851 curis
624 4812 686 4851 ac
714 4799 1172 4856 sollicitudinibus
1225 4804 1489 4865 obrutus,
1541 4804 1615 4859 ita
1650 4815 1709 4859 ut
1744 4807 1795 4860 in
1827 4822 1891 4861 eo
1921 4823 2020 4863 nec

451 4889 686 4943 nominis
731 4890 845 4959 ejus
894 4891 1078 4946 haberi
1126 4892 1297 4962 possit
1340 4892 1627 4962 appellatio
1673 4894 1808 4967 (ὃῖ).
1873 4896 2025 4954 Unde

450 4983 585 5036 satis
624 4984 890 5054 agendum
918 4994 1008 5039 ἐει
1046 4986 1336 5056 unicuique
1365 4996 1631 5054 nostrum,
1696 4999 1753 5043 ut
1788 4990 1832 5044 si
1879 4989 2025 5048 forte

448 5076 595 5129 videt
629 5076 680 5129 in
712 5091 769 5128 se
801 5076 1112 5131 interiorem
1160 5075 1434 5132 hominem
1470 5087 1815 5147 peccatorum
1841 5084 2024 5137 sordi-

451 5169 550 5220 lius
589 5175 643 5221 et
664 5166 918 5221 vitiorum
952 5166 1239 5223 ruderibus
1267 5182 1585 5238 oppressum
1608 5169 1796 5240 jacere
1816 5211 1831 5238 ,
1861 5174 2022 5229 citius

523 5329 538 5359 '
563 5324 599 5379 ΙΙ
632 5326 818 5390 Conv,
862 5326 949 5380 16.
1024 5328 1043 5356 ²
1066 5326 1219 5379 Num.
1245 5329 1449 5394 xxx,2.

447 5399 467 5430 ⁷
506 5400 521 5450 l
568 5398 696 5466 lieg.
743 5414 800 5458 ιι.
836 5397 923 5450 50.
999 5398 1020 5428 ⁸
1055 5398 1069 5451 l
1101 5396 1224 5452 Cor.
1262 5415 1324 5463 ιι,
1386 5401 1472 5454 16.

516 5487 630 5558 (51)
676 5489 855 5542 Codex
899 5488 1087 5558 Sancti
1114 5487 1460 5556 Theudorici,
1506 5506 1524 5540 ι
1567 5504 1687 5558 qua:
1715 5505 1779 5544 ex
1808 5489 1961 5545 initio
1989 5507 2019 5545 a

448 5557 559 5611 Deo
611 5561 751 5613 facta
790 5570 891 5611 ρει.
923 5577 941 5609 r
1007 5557 1171 5613 Paulo
1217 5573 1336 5627 post
1373 5557 1737 5614 omuesimss.
1783 5560 2021 5626 habent,

462 5627 971 5700 «pulchritudinem
1035 5630 1231 5698 prioris
1297 5631 1558 5685 formai.-
1638 5629 1790 5684 Libh.
1867 5632 2020 5700 editi,

463 5714 483 5748 ι
524 5698 975 5767 pulchritudinem
1005 5702 1239 5767 priorem
1269 5700 1474 5755 formae.
1506 5721 1523 5753 ι

527 5765 639 5835 (52)
681 5767 847 5821 Codd.
897 5765 1244 5824 Ebroiccnsis
1300 5781 1355 5824 et
1406 5771 1589 5826 Sancti
1652 5770 2022 5839 Theoderici,

456 5854 477 5890 ι
508 5842 580 5893 ita
618 5846 674 5891 ut
704 5852 802 5893 nec
863 5842 1094 5893 nominis
1147 5840 1261 5907 ejus
1304 5840 1504 5897 habere
1560 5842 1730 5910 possit
1786 5842 2025 5911 appella-

1524 5330 1545 5361 ³
1575 5327 1616 5382 ll
1646 5328 1771 5384 Cor;
1815 5346 1887 5396 ιν,
1921 5334 2008 5388 i6.
2079 5348 2099 5377 ι
2140 5332 2428 5397 Luc.xvn,
2457 5330 2549 5386 21.

1549 5401 1571 5433 ’
1609 5401 1629 5453 l
1673 5400 1800 5469 Reg.
1833 5417 1881 5459 ι.
1910 5404 2093 5459 "Jud.
2121 5420 2200 5459 ιιι.

2130 3235 2398 3293 nostrum,
2431 3227 2762 3297 accipiemus
2801 3228 2868 3282 ab
2911 3227 3028 3296 ipso
3077 3240 3297 3282 sensum
3329 3226 3534 3295 ipsius;
3566 3227 3709 3281 sicut

2127 3331 2183 3377 et
2210 3320 2501 3391 Apostolus
2534 3320 2751 3376 dicebat
2781 3322 2803 3353 ³
2834 3339 2887 3376 ιι
2913 3320 3023 3376 Nos
3048 3332 3228 3377 autem
3262 3320 3473 3376 Domini
3503 3320 3706 3375 Christi

2128 3429 2344 3470 sensum
2402 3415 2683 3470 habemus.
2726 3434 2744 3466 ι
2788 3413 2923 3468 Cum
2978 3426 3158 3469 autem
3211 3428 3311 3469 nos
3350 3414 3709 3471 obtulerimus

2129 3509 2240 3564 Deo
2267 3524 2387 3578 qua:
2417 3508 2471 3562 in
2502 3507 2655 3563 nobis
2685 3520 2832 3573 sunt,
2863 3519 2917 3561 et
2942 3507 3032 3562 ille
3054 3507 3348 3562 contulerit
3376 3510 3431 3562 in
3458 3524 3560 3564 nos
3586 3524 3706 3578 qua:

2126 3617 2224 3658 sua
2254 3611 2402 3667 sunt,
2438 3608 2563 3655 tunc
2591 3615 2718 3657 vere
2738 3602 2849 3671 jam
2874 3615 2976 3655 non
3008 3601 3171 3655 homo
3204 3600 3399 3664 solum,
3429 3602 3520 3655 sed
3546 3603 3708 3656 homo

2126 3694 2293 3749 homo
2322 3694 2589 3749 dicemur.
2655 3692 2896 3762 Uterque
2948 3692 3092 3746 enim
3135 3692 3301 3747 homo
3348 3692 3593 3747 vocabuli
3622 3693 3704 3746 sui

2126 3785 2458 3856 perfectione
2514 3786 2769 3840 decenter
2821 3792 3046 3839 ornatus
3082 3791 3184 3838 est.
3244 3781 3349 3837 Ista
3397 3792 3525 3837 sunt
3572 3798 3705 3853 ergo

2126 3892 2273 3943 vora,
2299 3891 2420 3947 quae
2453 3876 2612 3932 debet
2637 3875 2919 3931 exsolvere
2936 3875 3002 3941 is,
3024 3876 3115 3945 qui
3138 3874 3299 3930 homo
3332 3876 3495 3929 homo
3520 3874 3703 3944 appel-

2127 3968 2292 4023 latur.
2323 3966 2449 4024 Scio
2472 3968 2685 4023 diversa
2716 3974 2838 4023 vota
2867 3966 2920 4021 in
2950 3964 3247 4035 Scripturis
3286 3964 3501 4019 referri.
3541 3967 3703 4020 Anna

2127 4061 2346 4131 quidem
2373 4058 2521 4114 vovit
2550 4056 2662 4113 Deo
2687 4057 2922 4111 fructum
2948 4057 3154 4111 ventris
3178 4057 3287 4119 sui,
3310 4064 3365 4109 et
3396 4056 3702 4110 Samuelem

2127 4154 2469 4211 consecravit
2521 4154 2575 4208 in
2621 4149 2822 4219 templo
2858 4150 2900 4205 ’.
2944 4148 3140 4214 Alius,
3195 4150 3555 4218 quodcunque
3602 4147 3704 4202 sibi

2127 4258 2249 4317 post
2311 4244 2593 4302 victoriam
2655 4245 2904 4300 redeunti
2964 4242 3299 4297 occurrisset
3344 4241 3493 4294 vovit
3555 4241 3699 4305 Deo,

2126 4347 2448 4395 occurrente
2482 4335 2626 4400 ﬁlia,
2680 4346 2807 4390 vota
2850 4333 3199 4403 lacrymanda
3254 4329 3704 4400 persolvit'°.Alii

2130 4432 2345 4496 vitulos,
2378 4440 2471 4484 aut
2497 4430 2720 4497 arietes,
2755 4436 2845 4481 aut
2872 4426 3063 4480 domos
3088 4466 3101 4491 ,
3133 4433 3227 4477 aut
3256 4423 3358 4477 alia
3389 4422 3701 4493 hujusmodi

2057 4493 2101 4548 Β
2131 4493 2345 4580 ratione
2391 4521 2654 4588 carentia,
2690 4493 2815 4575 vota
2849 4517 3083 4573 oﬁ'erunt
3140 4517 3271 4573 Deo.
3322 4514 3413 4570 Ille
3452 4531 3582 4571 vero
3611 4515 3706 4585 qui

2128 4617 2431 4687 appellatur
2456 4615 2768 4679 Nazartcus,
2805 4612 3157 4681 semetipsum
3193 4608 3410 4664 devovit
3433 4607 3562 4663 Deo.
3593 4606 3708 4663 Hoc

2127 4720 2210 4766 est
2257 4711 2405 4767 enim
2456 4723 2642 4765 verum
2696 4706 2936 4761 Nazaraei
2983 4703 3125 4777 quod
3185 4707 3269 4755 est
3327 4714 3487 4769 super
3546 4713 3708 4754 omne

2128 4813 2333 4857 votum.
2362 4801 2497 4857 Nam
2527 4802 2697 4856 ﬁlium
2732 4797 2949 4864 oﬂ‘erre,
3002 4795 3086 4850 vel
3119 4792 3287 4849 ﬁliam
3314 4833 3329 4860 ,
3378 4803 3473 4847 aut
3517 4806 3704 4860 pecus,

2124 4903 2216 4948 aut
2253 4896 2537 4964 praedium,
2570 4896 2675 4949 hoc
2704 4901 2875 4947 totum
2903 4898 3059 4945 extra
3084 4901 3182 4942 nos
3203 4894 3307 4943 est.
3337 4887 3701 4955 Semetipsum

2126 4985 2237 5042 Deo
2261 4983 2480 5049 oﬂerre,
2511 4995 2565 5040 et
2601 5000 2707 5039 non
2754 4983 2933 5039 alieno
2961 4980 3163 5042 labore,
3191 4978 3285 5034 sed
3326 4977 3546 5048 proprio
3582 4976 3701 5043 pla-

2122 5091 2271 5142 cere,
2319 5078 2422 5132 hoc
2473 5086 2559 5132 est
2596 5075 2891 5145 perfectius
2947 5083 3003 5129 et
3048 5072 3387 5133 eminentius
3453 5069 3707 5124 omnibus

2127 5171 2264 5227 votis
2297 5188 2310 5225 :
2341 5171 2489 5241 quod
2541 5170 2632 5239 qui
2684 5167 2849 5234 facit,
2919 5164 3159 5220 imitator
3212 5173 3296 5218 est
3342 5161 3564 5216 Christi.
3617 5158 3708 5214 Ille

2626 5330 2647 5363 ⁵
2690 5328 2844 5384 Deut.
2887 5342 2950 5392 x,
2994 5325 3081 5380 12.
3156 5325 3176 5353 ³
3210 5323 3410 5379 Jerem.
3454 5338 3571 5387 xm,
3616 5319 3703 5375 16.

2128 5500 2614 5632 ηοξξὸῗογζιζι-ειῃρ
2639 5553 2845 5632 a_nobis
2875 5555 3027 5632 prius
3052 5551 3255 5632 aliquid
3283 5550 3514 5616 accipere
3541 5546 3702 5632 Deus,

2126 5615 2231 5686 elo.
2267 5615 2399 5685 Vide
2434 5615 2611 5682 Hue't'ii
2669 5615 3113 5692 Origeuiauorum
3140 5615 3261 5675 'hb.
3295 5637 3353 5685 ιι,
3398 5615 3592 5687 quaest.
3646 5615 3699 5681 7,

2129 5714 2408 5770 numerum
2445 5697 2618 5770 l2,l3
2639 5707 2693 5752 et
2726 5695 2840 5770 l4_.__
2954 5766 2965 5770 _
3039 5764 3049 5770 _
3094 5764 3105 5770 _
3284 5761 3293 5770 ,
3332 5759 3343 5770 ,
3577 5757 3610 5770 _.

2197 5771 2310 5841 (34)
2341 5769 2523 5841 Codex
2558 5767 2745 5841 Sancti
2779 5764 3132 5841 Theoderici.
3168 5783 3186 5814 ‹
3216 5764 3438 5823 spiritus
3477 5764 3699 5814 castita-

2130 5835 2258 5899 tem.
2291 5835 2308 5889 ἰ
2358 5839 2512 5894 Libb.
2548 5839 2703 5906 editi,
2747 5853 2765 5888 ι
2794 5838 2963 5907 ipsius
2985 5835 3309 5889 castitatem.
3347 5847 3366 5881 ι
