4134 6408
381 425 481 484 761

1524 403 1588 460 IN
1623 396 1961 457 NUMEROS
1999 390 2289 451 HOMILIA
2322 384 2517 445 XXIV.

3547 371 3653 424 762

376 544 522 602 enim
550 538 698 597 dedit
722 532 942 593 homini
976 539 1199 593 terram,
1232 539 1382 581 mare
1403 563 1417 588 ,
1449 534 1503 578 et
1540 523 1722 577 omnia
1757 534 1878 589 qua:
1904 516 1957 571 in
1994 516 2035 571 Α
2063 508 2205 565 Etsi
2261 504 2479 577 quidem
2513 498 2738 572 parvula
2765 505 2849 553 est
2901 492 3082 548 anima
3125 498 3181 546 et
3208 487 3361 543 initia
3392 471 3561 542 habet
3597 487 3654 542 in

379 642 461 697 eis
494 644 641 700 sunt,
672 632 737 687 ad
775 626 1097 698 obsequium
1128 623 1278 679 dedit
1299 630 1349 675 et
1374 617 1598 682 ctelum,
1629 616 1798 670 solem
1822 628 1960 683 quo-

378 749 486 804 que
523 741 577 786 et
609 712 811 789 lunam,
839 739 903 778 ac
927 722 1115 779 stellas
1136 759 1149 785 ,
1187 717 1463 773 hominum
1495 710 1799 766 ministerio
1834 722 1961 761 con-

380 821 831 892 cessitzpluvias,
864 825 1080 879 ventos,
1116 821 1170 868 et
1203 824 1364 864 omne
1389 803 1647 876 quidquid
1681 802 1735 857 in
1763 799 1964 854 mundo

382 927 467 973 est
501 890 819 972 hominibus
850 908 1079 978 largitus
1120 912 1226 959 est.
1272 899 1377 955 Sed
1432 903 1553 965 post
1597 893 1710 948 haec
1757 890 1961 955 omnia,

383 1009 731 1077 semetipsum
756 1003 920 1058 dedit.
955 1018 975 1052 ι
1006 997 1097 1054 Sic
1127 995 1271 1049 enim
1298 991 1481 1045 dilexit
1506 988 1647 1042 Deus
1681 986 1963 1046 mundum,

388 1111 447 1156 ut
468 1076 667 1155 Filium
693 1109 850 1152 suum
880 1088 1219 1160 unigenitum
1244 1086 1399 1139 daret
1430 1101 1447 1135 ι
1471 1095 1569 1151 pro
1593 1078 1776 1133 mundi
1810 1076 1967 1146 hujus

387 1194 499 1249 vita
533 1194 598 1246 ‘°.
631 1190 772 1257 Quid
804 1201 935 1258 ergo
962 1196 1213 1253 magnum
1242 1179 1403 1234 faciet
1430 1178 1614 1237 homo,
1646 1173 1689 1227 si
1711 1171 1970 1237 semetip-

387 1302 507 1343 sum
538 1284 732 1339 oﬂ‘erat
779 1281 912 1345 Deo,
946 1278 1034 1334 cui
1087 1276 1203 1345 ipse
1246 1288 1304 1328 se
1348 1271 1499 1340 prior
1550 1265 1746 1321 obtulit
1792 1262 1969 1316 Deus?

390 1379 448 1434 Si
484 1393 616 1448 ergo
650 1375 809 1431 tollas
842 1384 1062 1428 crucem
1092 1377 1263 1433 tuam,
1310 1373 1367 1419 et
1389 1360 1637 1431 sequaris
1663 1357 1966 1419 Christum,

390 1473 434 1528 si
460 1471 611 1527 dicas
645 1487 659 1524 :
695 1487 714 1521 t
738 1466 873 1523 Vivo
896 1472 1100 1529 autem,
1127 1461 1237 1529 jam
1268 1472 1372 1513 non
1415 1472 1537 1525 ego,
1598 1452 1731 1506 vivit
1756 1465 1885 1504 vero
1916 1448 1968 1500 in

392 1580 477 1621 me
503 1564 750 1620 Christus
774 1561 839 1625 “,
865 1578 883 1611 ι
924 1557 971 1614 si
1000 1555 1273 1612 desideret
1310 1563 1365 1607 et
1391 1551 1544 1606 sitiat
1577 1547 1757 1601 anima
1783 1552 1971 1597 nostra

390 1659 572 1715 redire
626 1663 682 1711 et
724 1668 848 1710 esse
895 1666 1021 1707 cum
1074 1647 1326 1712 Christo,
1376 1645 1515 1700 sicut
1566 1650 1623 1695 et
1676 1636 1972 1707 A-poslolus

392 1749 633 1812 dicebat,
682 1755 736 1800 et
786 1741 1074 1815 praesentis
1107 1737 1290 1794 saeculi
1322 1750 1426 1790 non
1456 1732 1761 1787 delectatur
1790 1729 1973 1782 illece-

393 1840 530 1904 bris,
564 1850 619 1894 et
652 1839 696 1893 si
729 1850 943 1891 omnem
969 1833 1143 1903 legem
1172 1844 1291 1902 qua:
1317 1828 1384 1883 de
1408 1824 1683 1879 Nazarteis
1717 1823 1840 1877 data
1866 1829 1971 1884 εει,

393 1930 711 2002 spiritaliter
736 1928 975 1997 impleat,
999 1939 1127 1981 tunc
1152 1923 1524 1993 semetipsum,
1552 1920 1603 1974 id
1630 1930 1711 1973 est
1735 1916 1970 1970 animam

395 2039 573 2089 suam,
621 2022 821 2077 obtulit
862 2022 990 2075 Deo.
1046 2019 1146 2087 Qui
1188 2018 1243 2071 in
1280 2015 1533 2071 castitate
1582 2012 1746 2077 vivit,
1780 2023 1978 2078 corpus

396 2132 551 2172 suum
590 2116 735 2171 vovit
765 2115 872 2169 Deo
897 2114 1196 2169 secundum
1224 2126 1347 2165 eum
1374 2110 1467 2179 qui
1502 2108 1638 2164 dixit
1670 2109 1712 2138 ¹²
1744 2124 1756 2161 :
1783 2104 1981 2172 «Virgo

396 2220 574 2264 autem
606 2210 807 2278 cogitat
862 2207 1137 2278 quomodo
1173 2206 1245 2261 sit
1299 2216 1488 2261 sancta
1529 2216 1759 2273 corpore
1790 2208 1844 2254 ct
1872 2197 1981 2266 spi-

400 2303 529 2358 ritu.
556 2321 576 2355 ι
623 2300 756 2355 Nam
783 2310 833 2356 ει
872 2301 977 2355 hoc
1006 2301 1179 2371 ipsum
1219 2298 1360 2367 quod
1388 2296 1526 2351 dixit
1560 2313 1578 2346 ι
1610 2302 1819 2355 sancta,
1849 2309 1867 2340 ι
1916 2289 1981 2343 ad

396 2394 500 2450 hoc
530 2392 751 2462 respicit
781 2407 796 2444 :
835 2392 1007 2447 sancti
1033 2392 1178 2445 enim
1209 2391 1467 2445 dicuntur
1492 2387 1564 2440 illi
1596 2386 1685 2454 qui
1740 2398 1798 2438 se
1821 2397 1984 2437 vove-

403 2500 529 2545 runt
557 2491 687 2545 Deo.
717 2488 871 2545 Unde
910 2498 962 2543 et
1006 2490 1183 2556 aries,
1248 2488 1399 2541 verbi
1444 2499 1607 2542 causa
1666 2486 1710 2537 si
1755 2488 1986 2537 vovctur

402 2584 537 2649 Deo,
565 2592 790 2639 sanctus
822 2582 1148 2652 appellatur,
1180 2596 1341 2651 quem
1385 2579 1597 2635 tonderi
1632 2576 1698 2631 ad
1737 2591 1986 2631 comnm-

404 2691 500 2730 nes
530 2690 663 2730 usus
696 2690 799 2728 non
827 2673 976 2728 licet.
1019 2672 1125 2727 Sed
1166 2679 1222 2727 et
1261 2670 1464 2725 vitulus
1488 2673 1531 2724 si
1559 2669 1787 2724 devotus
1822 2665 1990 2720 fuerit

407 2771 537 2835 Deo,
564 2777 785 2824 sanctus
817 2765 1174 2821 nihilominus
1201 2764 1527 2834 appellatur,
1570 2777 1671 2817 nec
1710 2761 1837 2815 licet
1862 2774 1988 2814 eum

398 2861 551 2932 jungi
581 2861 633 2915 in
657 2876 792 2928 opus
825 2870 1136 2915 commune.
1166 2856 1244 2912 Ex
1272 2857 1337 2911 iis
1360 2870 1491 2924 ergo
1515 2853 1834 2924 colligamus
1863 2849 1989 2920 quid

403 2964 488 3008 est
518 2953 797 3008 hominem
831 2952 1070 3021 seipsum
1112 2962 1318 3005 vovere
1366 2947 1501 3004 Deo.
1567 2946 1623 3001 Si
1679 2953 1729 2999 te
1777 2942 1993 2997 voveris

405 3045 540 3111 Deo,
571 3043 872 3098 imitandus
914 3041 1008 3096 tibi
1030 3049 1114 3097 est
1146 3039 1346 3094 vitulus
1370 3079 1385 3104 ,
1414 3052 1574 3107 quem
1607 3035 1868 3090 nonilicel
1893 3033 1996 3087 hu-

409 3138 585 3193 manis
637 3136 895 3207 operibus
948 3133 1247 3200 deservire,
1301 3131 1435 3187 nihil
1489 3129 1674 3186 facere
1721 3127 1864 3198 quod
1922 3126 1989 3180 ad

408 3231 662 3287 homines
719 3238 775 3284 et
821 3230 889 3285 ad
939 3236 1267 3300 praesentem
1312 3227 1585 3297 pertineat
1636 3225 1829 3279 vitam.
1886 3218 2066 3278 SedC

408 3322 674 3392 quidquid
690 3321 758 3377 ad
774 3322 1012 3376 animam
1030 3322 1266 3392 pertinet
1283 3328 1335 3375 et
1352 3320 1417 3373 ad
1433 3319 1600 3374 divini
1617 3317 1797 3373 cultus
1814 3317 1998 3373 obser-

409 3415 676 3482 vantiam,
701 3417 807 3471 hoc
834 3424 892 3470 et
923 3415 1192 3484 agendum
1220 3424 1275 3470 et
1299 3412 1653 3484 cogitandum
1689 3410 1785 3466 tibi
1815 3419 1920 3466 est.

479 3523 536 3578 5.
585 3522 693 3579 Sed
741 3522 962 3579 interim
1007 3537 1251 3591 praesens
1280 3521 1442 3576 lectio
1480 3519 1731 3576 continet
1764 3517 1997 3573 diversi-

414 3625 555 3673 tatcs
597 3618 861 3688 quasdam
906 3624 1184 3672 votorum.
1238 3613 1451 3668 Etenim
1499 3614 1543 3669 si
1582 3612 1666 3667 vir
1714 3611 1879 3665 fuerit
1908 3610 2000 3680 qui

411 3710 580 3777 vovit,
613 3710 751 3766 liber
778 3724 901 3765 esse
926 3707 1127 3763 dicitur
1158 3707 1213 3761 in
1237 3706 1380 3762 votis
1407 3705 1522 3760 suis
1541 3744 1556 3770 ,
1595 3702 1839 3770 nullique
1872 3700 2002 3755 sub—

410 3803 608 3873 jectus.
642 3802 834 3857 Mulier
859 3812 1042 3857 autem
1073 3800 1119 3857 si
1145 3808 1362 3863 voveat,
1396 3798 1443 3853 si
1473 3797 1693 3867 quidem
1732 3794 1788 3848 in
1838 3794 2003 3849 domo

417 3896 593 3967 patris
615 3896 700 3951 sui
732 3893 825 3960 sit,
856 3902 1039 3950 votum
1069 3894 1187 3965 ejus
1220 3893 1273 3946 in
1302 3891 1473 3961 patris
1504 3888 1702 3958 pendet
1726 3885 1955 3941 arbitrio
1985 3900 2002 3939 :

418 3997 475 4044 et
513 3990 559 4045 si
600 3989 818 4059 quidem
866 3988 954 4043 ille
982 3987 1355 4050 recusaverit,
1395 3982 1737 4039 liberabitur.
1777 3979 1836 4035 Si
1872 3993 2005 4041 vero

423 4101 531 4141 non
577 4086 937 4150 recusaverit,
977 4091 1032 4139 et
1071 4084 1184 4152 ipse
1230 4089 1285 4135 et
1325 4081 1432 4135 lilia
1471 4088 1727 4134 tenentur
1758 4075 2005 4133 obnoxii.

423 4179 579 4247 Quod
615 4180 663 4235 si
717 4187 1077 4248 posteaquam
1111 4191 1218 4231 non
1272 4174 1613 4229 recusaverit
1667 4180 1839 4242 pater,
1895 4183 2007 4225 non

425 4271 724 4328 reddiderit
754 4280 939 4327 votum
987 4268 1120 4337 ﬁlia,
1156 4274 1440 4337 peccatum
1470 4263 1570 4332 ipsi
1600 4270 1809 4318 manet.
1845 4259 2011 4315 Simi-

424 4366 549 4421 liter
581 4375 764 4422 autem
813 4373 871 4419 et
924 4376 1053 4433 erga
1089 4361 1347 4416 maritum
1377 4356 1717 4421 decernitur,
1769 4363 1831 4408 ut
1863 4352 1907 4408 si
1956 4352 2009 4405 in

426 4458 590 4512 domo
620 4454 799 4512 mariti
830 4468 967 4509 uxor
989 4451 1195 4522 aliquid
1223 4450 1467 4514 voverit,
1498 4456 1553 4503 et
1582 4446 1813 4501 audiens
1840 4445 2013 4500 mari-

2064 597 2466 660 eruditionibus
2518 593 2741 657 divinis,
2790 591 2907 645 hmc
2951 587 3051 640 sub
3105 593 3263 655 patre
3316 595 3477 652 agere
3534 595 3659 635 ere—

2064 697 2239 754 denda
2280 702 2385 750 est.
2418 690 2474 747 Si
2505 702 2637 744 vero
2683 686 2795 755 iam
2831 680 3064 737 adultior
3117 677 3258 732 facta
3300 683 3425 739 est,
3472 674 3543 728 ita
3598 681 3659 727 ut

2065 790 2361 857 viripotens
2407 784 2477 837 sit
2509 781 2575 835 ad
2619 774 3043 846 concipiendum
3090 783 3278 824 semen
3323 764 3479 821 verbi
3536 762 3657 828 Dei,

2067 890 2121 939 et
2151 854 2412 936 doctrinae
2441 870 2706 945 spiritalis
2742 880 2941 938 capere
2973 871 3210 927 secreta,
3248 860 3363 912 hare
3404 856 3507 911 sub
3536 854 3657 909 viro

2065 970 2241 1040 posita
2267 965 2490 1022 dicitur.
2558 960 2650 1015 Sic
2681 959 2824 1013 enim
2856 965 2913 1010 et
2964 952 3163 1008 Paulus
3207 949 3421 1003 dicebat
3455 948 3520 1000 de
3550 945 3657 999 Co-

2069 1057 2290 1113 rinthiis
2313 1056 2357 1089 ¹³
2387 1072 2400 1108 :
2445 1051 2611 1107 tVolo
2651 1058 2830 1103 autem
2863 1057 3056 1100 omnes
3092 1056 3188 1095 vos
3221 1038 3315 1092 uni
3348 1036 3466 1090 viro
3493 1034 3663 1102 virgi-

2070 1167 2193 1208 nem
2220 1157 2431 1205 castam
2455 1145 2715 1202 exhibere
2746 1140 2989 1195 Christo.
3020 1154 3040 1188 ι
3080 1134 3180 1201 Qui
3208 1146 3343 1187 vero
3369 1127 3666 1200 perfectio-

2072 1257 2160 1297 rcs
2184 1249 2311 1295 sunt
2345 1249 2394 1294 et
2421 1234 2816 1293 eminentiores
2849 1230 3069 1292 horum,
3100 1228 3165 1280 de
3200 1225 3308 1279 illis
3341 1238 3445 1276 non
3467 1220 3666 1274 dicitur

2073 1339 2216 1406 quod
2257 1336 2358 1391 sub
2389 1336 2506 1387 viro
2561 1331 2693 1388 sint.
2731 1327 2824 1381 sed
2864 1321 2988 1377 audi
3049 1317 3321 1388 quomodo
3373 1315 3439 1368 de
3466 1319 3669 1366 seruet-

2074 1430 2190 1498 ipso
2221 1427 2415 1494 suique
2459 1421 2733 1477 similibus
2769 1416 3087 1486 pronuntiet
3130 1410 3334 1466 Paulus
3382 1407 3469 1460 ιιι
3511 1422 3529 1455 ι
3557 1403 3666 1457 Do-

2076 1536 2175 1574 nec
2200 1530 2579 1577 occurramus,
2610 1510 2806 1578 inquit,
2842 1522 3033 1562 omnes
3056 1507 3109 1558 in
3144 1504 3320 1557 virum
3341 1498 3668 1569 perfectum,

2076 1612 2131 1666 in
2167 1622 2479 1663 mensuram
2535 1603 2715 1657 aetatis
2762 1598 3122 1669 plenitudinis
3177 1594 3405 1648 Christi.
3443 1611 3461 1643 ι
3533 1588 3670 1641 1ν1ιιίε

2077 1716 2206 1772 ergo
2235 1701 2451 1763 anitum,
2473 1711 2593 1763 qua:
2620 1694 2673 1746 in
2696 1692 2872 1743 virum
2900 1686 3197 1755 perfectum
3226 1680 3488 1745 occurrit,
3509 1695 3669 1732 nemo

2078 1792 2393 1849 dominatur
2433 1789 2485 1842 in
2528 1785 2691 1849 votis,
2737 1781 2828 1837 sed
2873 1778 3039 1833 habet
3082 1782 3409 1845 potestatem
3448 1784 3669 1823 suorum

2005 1864 2048 1921 Β
2079 1885 2496 1948 libertatemque
2545 1884 2822 1931 votorum.
2872 1869 2935 1922 Si
2993 1875 3174 1921 autem
3229 1861 3446 1917 feminei
3495 1858 3672 1911 adhuc

2081 1974 2296 2046 generis
2322 1971 2485 2025 fuerit
2519 1968 2722 2029 anima,
2756 1963 2837 2016 cui
2867 1960 2949 2013 vel
2990 1958 3071 2011 vir
3096 1955 3179 2009 vel
3221 1963 3373 2023 pater
3418 1951 3671 2004 domine-

2085 2079 2171 2123 tur
2220 2068 2275 2120 in
2330 2062 2492 2129 votis,
2549 2077 2655 2115 non
2700 2069 2915 2123 semper
2953 2056 3006 2104 in
3059 2051 3174 2117 ipsa
3225 2056 3308 2100 est
3355 2043 3533 2110 culpa,
3578 2040 3670 2095 sed

2085 2158 2357 2216 interdum
2394 2154 2534 2209 redit
2568 2151 2633 2204 ad
2675 2138 2827 2202 viros}
2879 2143 2961 2197 vel
3016 2148 3299 2209 parentes.
3357 2136 3430 2188 De
3475 2133 3675 2201 quibus

2088 2248 2359 2319 applicare
2387 2241 2605 2298 diiIicile
2628 2240 2717 2303 sit,
2747 2246 2928 2291 tamen
2973 2246 3090 2301 qum
3143 2227 3371 2283 Domino
3407 2224 3677 2292 largiente

2086 2340 2247 2413 365
2282 2336 2580 2410 potuerint,
2634 2331 2962 2386 inferentes.
2996 2325 3153 2394 Saepe
3188 2321 3425 2375 diximus
3469 2316 3683 2369 anima-

2088 2446 2208 2485 rum
2237 2443 2359 2498 qua:
2400 2426 2452 2481 in
2512 2419 2754 2477 Ecclesia
2795 2417 2890 2472 Dei
2922 2421 3071 2478 sunt,
3104 2425 3293 2466 curam
3330 2404 3676 2476 procuratio—

2089 2536 2323 2591 nemque
2347 2518 2535 2574 haberi
2570 2530 2668 2585 per
2687 2512 2928 2582 angelos,
2962 2519 3209 2577 quosque
3236 2502 3400 2557 etiam
3432 2498 3497 2550 ad
3535 2495 3679 2562 judi-

2091 2614 2237 2669 cium
2298 2607 2487 2665 venire
2532 2621 2656 2660 cum
2702 2600 3016 2658 hominibus
3054 2594 3395 2650 ostendimus
3440 2586 3579 2659 (56),
3619 2594 3680 2639 ut

2093 2708 2184 2763 illo
2205 2704 2389 2759 divino
2414 2707 2626 2756 constet
2656 2695 2927 2757 examine,
2960 2698 3145 2744 utrum
3172 2700 3273 2740 sua
3306 2681 3511 2737 desidia
3548 2693 3679 2748 pec-

2094 2796 2339 2855 caverint
2361 2792 2629 2857 homines,
2660 2804 2728 2840 an
2767 2786 3094 2840 monitorum
3142 2776 3535 2843 custodemque
3587 2786 3684 2825 ne-

2099 2888 2376 2962 gligentia.
2413 2884 2642 2942 Videtur
2700 2878 2834 2934 mihi
2887 2877 3052 2931 etiam
3106 2871 3160 2927 in
3198 2870 3301 2923 hoc
3347 2867 3488 2929 loco,
3516 2863 3683 2918 etiam

2096 2954 2202 3037 sub
2234 2977 2494 3049 mysterio
2556 2970 2828 3042 designari
2861 2976 2915 3022 et
2962 2963 3203 3027 ostendi,
3240 2958 3380 3029 quod
3410 2956 3529 3010 alia:
3559 2954 3683 3020 qui-

2101 3074 2226 3130 dem
2281 3082 2340 3126 ut
2387 3070 2510 3124 tilia:
2544 3067 2643 3122 sub
2694 3065 2774 3120 eis
2813 3061 2926 3132 (57)
2972 3058 3170 3113 anima:
3217 3055 3438 3123 degunt,
3475 3050 3594 3104 alia:
3626 3057 3684 3103 ut

2104 3179 2304 3221 uxores
2370 3161 2667 3217 secundum
2724 3171 2786 3211 ea
2848 3167 2970 3222 qua:
3016 3148 3265 3219 superius
3311 3144 3684 3200 distinximus.

2102 3257 2160 3312 Si
2188 3271 2294 3328 qua
2326 3268 2456 3326 ergo
2488 3252 2679 3306 harum
2733 3244 2929 3303 olIerre
2975 3240 3177 3311 aliquid
3204 3247 3260 3293 et
3286 3250 3483 3291 vovere
3505 3231 3689 3303 cupiat

2101 3324 2234 3415 Deo,
2262 3324 2530 3416 siquidem
2567 3350 2970 3412 praeproperum
3018 3342 3072 3386 et
3102 3331 3282 3384 minus
3320 3336 3502 3398 aptum
3543 3324 3701 3394 quod

2101 3440 2252 3496 vovit
2309 3445 2414 3503 est,
2449 3434 2597 3490 illius
2653 3441 2761 3496 est,
2818 3434 3005 3492 utpote
3039 3422 3284 3477 custodis
3312 3431 3366 3475 et
3403 3418 3692 3471 monitoris

2102 3532 2303 3605 angeli,
2334 3529 2615 3586 retruderc
2656 3533 2711 3580 et
2754 3520 3054 3587 reprimere
3100 3512 3352 3568 voventis
3380 3508 3691 3563 audaciam.

2106 3627 2165 3684 Si
2206 3640 2336 3680 vero
2411 3621 2641 3676 audiens
2692 3631 2799 3670 non
2859 3606 3204 3679 represserit,
3253 3619 3359 3657 non
3398 3601 3694 3663 monuerit,

2106 3718 2287 3774 anima
2322 3713 2541 3785 quidem
2583 3705 2909 3764 liberabitur
2966 3716 2993 3755 a
3056 3697 3235 3766 culpa,
3277 3695 3389 3765 ipse
3416 3709 3552 3747 vero
3586 3691 3695 3746 voti

2106 3783 2355 3863 manebit
2406 3799 2696 3860 obnoxius.
2774 3794 2889 3850 Hoc
2936 3789 3153 3861 quidem
3211 3802 3341 3856 erga
3400 3783 3697 3838 inferiores

2108 3913 2357 3972 quasque
2399 3895 2515 3950 ﬁeri
2570 3888 2950 3960 accipiendum
3005 3891 3108 3947 est,
3138 3878 3555 3951 perfectioribus
3584 3874 3700 3941 ipse

2108 3965 2282 4047 adest
2304 3987 2472 4052 Deus,
2527 3983 2668 4039 sicut
2715 3978 2980 4047 scriptum
3025 3982 3107 4027 est
3136 3972 3202 4025 de
3256 3969 3452 4040 populo
3486 3965 3697 4020 lsrael:

2114 4100 2133 4134 ι
2160 4079 2421 4136 Dominus
2471 4076 2586 4145 ipse
2623 4068 2856 4126 ducebat
2903 4080 3018 4122 eos.
3058 4082 3076 4116 ι
3115 4062 3308 4117 Postea
3352 4074 3483 4113 vero
3538 4072 3700 4126 quam

2111 4174 2459 4242 deliquerunt
2524 4176 2582 4222 et
2640 4164 2926 4219 inferiores
2980 4156 3293 4225 semetipsis
3363 4152 3493 4206 facti
3543 4159 3695 4207 sunt,

2112 4265 2305 4336 angelo
2338 4262 2644 4316 traduntur.
2676 4255 2831 4313 Unde
2863 4263 2917 4307 et
2942 4251 3152 4319 Moyses
3182 4248 3399 4302 dicebat
3427 4245 3470 4277 ¹⁸
3492 4260 3507 4300 :
3533 4261 3551 4294 ι
3589 4242 3700 4294 Nisi

2116 4368 2173 4413 tu
2198 4358 2316 4427 ipse
2344 4350 2564 4408 veneris
2615 4347 2927 4411 nobiscum,
2975 4360 3083 4398 non
3120 4356 3207 4397 me
3248 4340 3452 4393 educas
3498 4334 3647 4388 hinc.
3679 4350 3698 4383 ι

2116 4451 2222 4507 Sed
2258 4458 2314 4505 et.
2345 4447 2411 4502 de
2435 4444 2585 4514 justo
2618 4442 2750 4499 dicit
2794 4439 2936 4493 Deus
2966 4438 3045 4491 "z
3078 4455 3096 4487 ι
3126 4435 3259 4491 Cum
3308 4431 3427 4501 ipso
3496 4443 3617 4482 sum
3648 4427 3699 4479 in

430 4557 518 4604 tus
564 4562 673 4603 non
728 4543 1085 4610 recusaverit,
1140 4556 1268 4599 reus
1321 4540 1394 4597 sit
1428 4537 1540 4593 voti
1610 4536 1817 4606 pariter
1884 4551 1992 4590 cun

2123 4540 2494 4600 tribulatione,
2535 4556 2553 4589 ι
2588 4545 2643 4591 et
2685 4532 2813 4588 alibi
2862 4532 2994 4587 dicit
3017 4531 3102 4584 ιτς
3153 4548 3171 4580 ι
3218 4525 3332 4581 Non
3379 4524 3573 4579 timeas
3614 4520 3708 4575 de-

431 4656 619 4696 uxore.
686 4639 747 4695 Si
786 4652 918 4694 vero
960 4634 1326 4699 recusaverit,
1378 4641 1487 4688 tam
1533 4645 1674 4686 uxor
1712 4629 1786 4683 sit
1819 4629 2007 4695 libera,

431 4750 593 4806 quam
633 4732 881 4787 maritus.
916 4729 974 4786 Si
1010 4743 1139 4785 vero
1167 4727 1419 4793 tacuerit,
1459 4734 1723 4795 uterque,
1776 4732 1836 4778 ut
1874 4724 2013 4777 dixi-

433 4848 576 4897 mus,
615 4845 740 4886 reus
766 4829 1053 4884 habeatur.
1101 4824 1229 4880 llaec
1255 4831 1383 4879 sunt
1411 4823 1629 4891 quidem
1660 4835 1780 4888 quae
1811 4820 2015 4888 scripta

434 4932 563 4978 sunt
605 4944 616 4978 :
654 4921 747 4977 sed
775 4917 1019 4975 orandus
1042 4926 1128 4972 est
1170 4916 1328 4971 nobis
1360 4914 1537 4979 Deus,
1582 4920 1642 4966 ut
1682 4912 2015 4966 intellectum

432 5009 561 5065 dare
584 5008 838 5079 dignetur
862 5021 921 5061 se
942 5004 1189 5075 dignum,
1225 5015 1334 5071 quo
1371 4999 1509 5065 haec,
1534 5006 1595 5053 ut
1619 4996 1795 5060 decet,
1823 4996 1891 5051 de
1915 4994 2013 5049 Dei

435 5100 616 5156 verbis
639 5098 939 5170 intelligere
965 5095 1237 5167 possimus
1264 5100 1319 5147 et
1346 5092 1649 5146 advertere.
1680 5087 1884 5143 Omnes
1922 5084 2012 5154 qui

436 5194 538 5249 sub
566 5194 683 5265 lege
718 5192 812 5246 Dei
840 5188 1075 5245 vivimus
1095 5228 1109 5252 ,
1143 5192 1198 5240 et
1226 5182 1281 5237 in
1311 5180 1550 5235 Ecclesia
1579 5178 1699 5249 ejus
1728 5177 2013 5233 habemur,

437 5285 600 5354 aliqui
645 5284 748 5340 sub
798 5279 1076 5352 patribus,
1134 5272 1296 5343 aliqui
1355 5271 1459 5325 sub
1516 5268 1647 5324 viris
1695 5267 1739 5299 ³⁵
1787 5265 2014 5337 agimus.

508 5390 554 5423 ¹⁰
589 5385 748 5441 Joan.
784 5398 871 5444 tu,
898 5384 986 5435 ib.
1071 5379 1109 5411 “
1149 5378 1329 5433 Galat.
1370 5392 1430 5439 ιι,
1458 5375 1549 5429 20.

440 5474 635 5521 χχχιιι,
662 5455 748 5509 15.
827 5453 871 5484 ³⁸
901 5450 1043 5505 Psal.
1084 5464 1192 5513 xei,
1217 5449 1302 5502 l5.
1382 5447 1422 5478 ¹⁷
1447 5444 1647 5501 Cenes.
1680 5459 1833 5511 xtvr,
1872 5444 1925 5498 '5.

439 5622 452 5632 '
512 5549 625 5623 (55)
656 5549 843 5632 Codex
874 5542 1501 5632 SanctiTheodoriciq
1531 5542 1699 5632 aliqui
1733 5540 1835 5596 sub
1855 5539 2027 5632 patri:

442 5610 562 5687 bus,
606 5610 784 5690 'aliqui
818 5616 1103 5690 sub_viris.
1141 5613 1349 5690 i‘Libb:
1383 5624 1542 5670 antea
1567 5612 1722 5677 editi,
1774 5629 1793 5663 ι
1819 5610 2028 5681 aliquid

440 5684 835 5761 subpatribus,
874 5684 1080 5761 aliquid
1108 5686 1212 5741 sub
1237 5684 1399 5761 viris.
1431 5703 1454 5761 ι

511 5752 627 5833 (56)
670 5752 931 5833 Quosque
967 5752 1138 5811 'etiam
1178 5756 1247 5809 ad
1268 5755 1537 5833 judicium
1574 5755 1750 5833 uenire
1782 5770 1900 5833 cunt
1927 5752 2025 5805 Ito-

443 5822 711 5888 miinbinw
728 5822 1077 5889 ostendimus,
1126 5837 1231 5879 etc.
1269 5822 1435 5883 'Vide
1487 5822 1799 5896 Origenian.
1843 5823 1934 5880 lib.
1968 5838 2026 5890 tl,

444 5913 633 5977 quaest.
667 5904 721 5971 5,
765 5916 979 5958 numer.
1012 5900 1077 5956 19
1102 5907 1155 5954 et
1180 5897 1271 5954 20.

1630 5377 1672 5406 "
1703 5372 1720 5426 l
1755 5372 1883 5428 Cor.
1917 5388 2012 5439 vn,
2047 5373 2138 5427 54.

2115 4637 2379 4696 scendere
2409 4632 2463 4688 in
2488 4626 3085 4700 Egyptum,quoniam
3114 4632 3293 4678 tecum
3324 4631 3442 4674 ero.
3485 4634 3503 4667 ι
3538 4611 3709 4668 Justis

2114 4744 2247 4799 ergo
2289 4736 2346 4783 et
2403 4724 2592 4781 electis
2640 4720 2756 4790 ipsc
2808 4719 2964 4773 adest
3008 4714 3268 4770 Dominus
3306 4730 3320 4766 :
3357 4705 3710 4764 inferioribus

2116 4834 2250 4876 vero
2284 4818 2483 4875 adsunt
2525 4811 2727 4884 angeli,
2767 4807 3065 4865 secundum
3097 4820 3160 4859 ea
3195 4817 3318 4873 quae
3335 4797 3585 4869 superius
3625 4795 3710 4848 di-

2118 4913 2319 4975 ximus,
2375 4906 2740 4978 gubernantes
2786 4915 2883 4955 eos
2932 4906 2987 4953 et
3034 4901 3418 4966 procurantes,
3476 4897 3712 4950 votaque

2122 5014 2312 5071 eorum
2336 4976 2631 5066 aliquando
2663 4991 2730 5046 ad
2779 4988 3106 5056 semetipsos
3158 4980 3574 5042 transferentes,
3613 4976 3714 5029 ali-

2122 5069 2341 5161 quando
2370 5101 2498 5143 vero
2520 5098 2682 5155 super
2704 5083 2850 5151 ipsos
2876 5079 3246 5148 relinquentes
3271 5071 3406 5145 ('58).
3445 5069 3550 5124 Sed
3583 5082 3716 5122 con-

2126 5180 2348 5241 tendere
2371 5177 2633 5234 debemus
2656 5184 2716 5229 ttt
2732 5184 3092 5230 occurramus
3115 5168 3169 5222 in
3195 5166 3373 5221 virum
3393 5162 3713 5234 perfectum,

2128 5279 2183 5333 in
2241 5287 2558 5331 mensuram
2592 5270 2771 5326 aetatis
2818 5263 3173 5339 plenitudinis
3207 5258 3453 5322 Christi;
3497 5262 3558 5307 ut
3592 5260 3711 5305 uta-

2216 5372 2260 5403 ¹³
2297 5369 2339 5425 ll
2379 5370 2507 5426 Cor.
2551 5382 2633 5433 xt,
2664 5366 2723 5428 2.
2824 5362 2873 5396 ⁸⁸
2911 5361 3113 5432 Ephes.
3157 5372 3231 5421 tv,
3280 5355 3369 5409 l5.
3448 5349 3492 5382 "
3541 5346 3711 5403 Exod.

2203 5537 2315 5609 (57)
2346 5533 2639 5609 ΟοιῙθΧλὸ.
2692 5528 3040 5592 Theodorici,
3102 5543 3119 5576 ι
3177 5523 3276 5575 sub
3325 5519 3423 5573 eis.
3480 5533 3501 5567 ι
3552 5510 3713 5568 Libb.

2132 5605 2337 5666 edi‘ti.'c
2373 5605 2604 5675 superis.
2650 5622 2668 5654 ι

2202 5667 2715 5749 (58)(ἱιιὺενηαιιιεδ
2746 5680 2913 5749 eos_et
2956 5671 3316 5749 procurqnles,
3361 5667 3580 5749 eantque
3625 5669 3704 5749 e3-

2134 5724 2251 5803 ruin
2284 5724 2981 5815 dliquandonidis'emetipsos
3006 5724 3711 5815 transferenteshaliqnando

2133 5836 2252 5873 vero
2303 5799 2460 5886 super
2517 5816 2657 5880 ipsos
2694 5799 3066 5886 relinquentes.
3124 5799 3249 5886 llaec
3292 5802 3343 5853 in
3370 5799 3521 5853 libris
3553 5804 3711 5851 antea

2134 5890 2294 5946 editis
2330 5874 2877 5954 omissa'supplentu'r
2902 5894 2966 5935 ex
2993 5874 3243 5933 omnibus
3281 5886 3411 5926 mss.
