4134 6436
440 386 547 440 7155

1936 375 2256 433 OBIGENIS

3572 385 3700 455 σοι

439 524 567 565 mur
615 508 865 563 libertate
918 514 1190 571 votorum,
1233 514 1290 559 et
1346 506 1420 559 ita
1470 505 1752 560 adhterere
1792 502 2023 558 Domino
2052 506 2097 559 A
2128 500 2290 555 Musei
2335 503 2506 569 libris,
2539 519 2673 573 quos
2707 507 2993 575 recipiunt,
3030 514 3086 561 et
3122 521 3355 576 quorum
3403 506 3701 561 auctorita-

440 602 786 663 festinemus,
812 609 872 653 ut
894 616 1015 654 cum
1042 599 1159 669 ipso
1187 614 1325 655 unus
1350 599 1571 668 spiritus
1596 599 1789 661 simus,
1820 605 1875 649 et
1910 596 2025 664 ipse

440 692 493 745 in
530 691 685 744 nobis
708 700 945 754 maneat,
996 700 1051 745 et
1083 705 1179 745 nos
1226 691 1276 744 in
1316 690 1433 759 ipso
1464 706 1480 756 ;
1529 697 1583 745 et
1618 689 1751 744 nihil
1782 689 1835 743 in
1867 687 2023 741 nobis

438 781 754 845 femineum,
783 783 917 836 nihil
936 782 1173 851 parvulas
1194 783 1366 836 aetatis
1383 782 1667 847 habeatur,
1705 796 1773 837 ne
1802 794 2023 835 necesse

437 876 511 928 sit
541 875 697 930 nobis
716 876 818 931 sub
854 876 1125 930 tutoribus
1156 884 1211 928 et
1235 875 1688 945 procuratoribus
1711 871 2019 941 derelinqui

437 984 465 1020 a
502 978 656 1034 patre
687 986 701 1022 :
734 968 827 1022 sed
882 966 1206 1022 festinemus
1255 967 1447 1022 audire
1485 966 1629 1021 illam
1655 982 1685 1021 a
1710 966 1939 1021 Domino
1967 972 2022 1019 et

440 1058 728 1111 Salvatore
762 1066 946 1113 nostro
968 1071 1295 1127 vocem,qua
1326 1059 1421 1121 ait,
1448 1058 1491 1089 ¹⁸
1523 1076 1542 1110 ι
1578 1059 1692 1128 ipse
1716 1056 1877 1113 Pater
1898 1057 2020 1111 dili-

437 1151 512 1217 git
546 1164 659 1215 vos,
700 1169 718 1202 ι
774 1151 874 1219 ipsi
904 1149 1072 1219 gloria
1118 1150 1169 1202 in
1215 1151 1413 1205 saecula
1446 1150 1786 1207 saeculorum.
1819 1152 2016 1206 Amen.

979 1241 1256 1297 IIOMILIA
1306 1242 1469 1299 XXV.

632 1334 705 1387 De
735 1334 936 1388 ultione
962 1352 1078 1403 quw
1112 1335 1168 1387 in
1203 1334 1519 1388 Madirmilis
1549 1334 1693 1403 facta
1722 1342 1819 1387 est.

512 1430 561 1480 I.
593 1426 646 1479 In
676 1428 1050 1495 Superioribus
1097 1428 1349 1483 fornicati
1384 1438 1509 1481 sunt
1539 1428 1635 1481 [iiii
1688 1427 1855 1481 Israel
1891 1441 2012 1481 cum

438 1521 754 1574 mulieribus
807 1522 1258 1583 Madianitarum,
1304 1531 1358 1575 et
1394 1523 1496 1575 hoc
1534 1520 1634 1573 fuit
1698 1518 2012 1574 scandalum

439 1612 564 1665 [illis
592 1611 754 1665 Israel
787 1612 837 1664 in
869 1628 974 1680 quo
1000 1612 1344 1666 olIenderunt
1392 1613 1554 1664 Deum
1590 1621 1641 1665 et
1671 1611 1738 1664 ad
1797 1611 2013 1665 iracun-

436 1705 579 1755 diam
632 1714 1063 1770 provocavcrunt
1110 1715 1363 1757 sanctum
1411 1702 1597 1758 Israel.
1648 1702 1799 1756 Nunc
1830 1712 2009 1755 autem

435 1801 784 1857 posteaquam
817 1792 1037 1859 pertulit
1079 1792 1241 1846 Israel
1289 1808 1411 1861 quae
1458 1793 1680 1860 pertulit
1708 1792 1839 1861 (δυ),
1877 1810 1894 1841 ι
1931 1791 2010 1845 lo-

434 1892 591 1937 cutus
625 1894 728 1949 est,
777 1884 952 1951 inquit
984 1884 1047 1949 ‘9,
1083 1883 1339 1939 Dominus
1389 1886 1455 1938 ad
1492 1884 1731 1955 Moysem
1769 1884 2006 1939 dicens:

440 1972 711 2027 Ulciscere
772 1974 1033 2027 ultionem
1074 1974 1305 2029 filiorum
1360 1976 1529 2031 Israel
1565 1978 1630 2030 de
1676 1975 2005 2037 Madianitis,

430 2071 485 2116 ct
511 2062 576 2115 ad
600 2061 847 2115 ultimum
890 2065 1181 2132 apponeris
1227 2066 1294 2119 ad
1327 2066 1582 2135 populum
1625 2077 1797 2117 tuum.
1841 2082 1859 2115 ι
1901 2062 2007 2132 Igi-

438 2164 527 2208 tur
615 2155 868 2208 scandala
908 2169 1028 2222 quae
1076 2155 1388 2211 acciderant
1432 2156 1709 2223 lsraelitis,
1750 2157 2007 2225 quoniam

436 2248 887 2316 tergiversatione
911 2248 1329 2304 Madianitarnm
1351 2253 1661 2305 acciderant
1691 2271 1703 2306 :
1730 2253 1830 2320 ipsi
1861 2253 2005 2307 enim

430 2341 871 2397 subornavernnt
942 2347 1196 2401 mulieres
1256 2363 1377 2417 qum
1426 2364 1520 2402 eos
1568 2351 1883 2417 deciperent
1950 2362 2007 2404 ut

434 2441 721 2496 peccarent
754 2448 935 2489 coram
991 2435 1251 2502 Domino;
1288 2437 1362 2491 illi
1415 2440 1628 2506 quidem
1656 2455 1755 2507 pro
1784 2450 2007 2510 peccato

431 2537 531 2576 suo
582 2525 924 2592 pertulerunt
969 2528 1288 2595 vindictam,
1342 2532 1670 2586 mediocrius
1728 2542 1907 2587 tamen
1953 2543 2008 2588 et

430 2616 682 2681 parcius;
738 2617 790 2671 hi
826 2634 971 2681 vero,
1022 2622 1113 2689 qui
1160 2621 1237 2675 eis
1268 2621 1490 2676 fuerunt
1524 2639 1687 2678 causa
1721 2625 2001 2693 peccandi,

430 2705 603 2759 multo
633 2706 1020 2762 vehementiori
1049 2709 1333 2778 subjacent
1371 2712 1583 2766 ultioni.
1618 2713 1774 2768 Unde
1810 2715 2004 2768 edoce-

429 2811 571 2857 mur,
602 2798 729 2866 quia
789 2798 947 2869 longe
976 2801 1045 2856 sit
1086 2802 1308 2871 gravius
1346 2804 1468 2857 aliis
1500 2819 1721 2860 causam
1755 2809 2004 2874 praebere

429 2889 662 2957 peccati,
694 2904 855 2958 quam
881 2892 1053 2960 ipsum
1092 2909 1531 2964 unumquemque
1565 2911 1823 2964 peccare;
1858 2898 2002 2952 sicut

426 2990 484 3033 et
504 2980 766 3035 Dominus
816 2982 1066 3051 designat
1127 2999 1247 3038 cum
1301 2985 1436 3040 dicit
1465 2986 1531 3050 ³⁸³,
1588 2988 1713 3056 quia
1755 3006 1773 3038 ι
1812 2988 2003 3043 melius

425 3073 604 3127 fuerat
638 3072 845 3129 homini
882 3074 956 3127 illi
989 3090 1095 3129 non
1143 3077 1315 3142 nasci,
1350 3087 1443 3131 aut
1477 3081 1672 3133 molam
1703 3081 1997 3136 asinariam

2131 605 2236 648 tem
2290 595 2551 662 fatentur,
2608 599 2968 654 eonvincendi
3008 609 3218 654 suntet
3262 599 3511 663 curandi,
3547 600 3590 653 si
3623 609 3700 654 ta-

2127 705 2247 744 men
2279 700 2494 759 ορειτιρι
2528 689 2874 761 Babyloniam
2898 694 3103 747 curari.
3135 695 3229 747 Est
3252 707 3386 763 ergo
3432 691 3583 748 locus
3614 692 3701 748 hic

2128 782 2577 835 resurrecuoaem
2627 794 2968 838 mortuorum
3040 785 3324 839 evidenter
3383 785 3698 839 ostendens.

2126 873 2379 942 Designat
2398 875 2544 928 enim
2573 889 2699 930 esse
2728 875 3007 945 populum.
3036 877 3120 931 cui
3155 885 3275 945 post
3301 876 3507 931 obitum
3539 890 3697 929 suum

2124 958 2335 1029 Moyses
2354 961 2726 1032 adjungendus
2755 964 2848 1029 sit,
2880 975 2935 1021 et
2964 965 3030 1018 ad
3057 982 3194 1036 quos
3226 981 3325 1036 pro
3341 967 3453 1022 suis
3487 965 3697 1019 meritis

2124 1053 2553 1112 transferendus.

2187 1148 2246 1201 2.
2286 1166 2305 1200 ι
2333 1147 2463 1202 Post
2489 1149 2603 1203 htec
2638 1149 2853 1205 locutus
2887 1161 2971 1205 est
3002 1150 3215 1219 Moyses
3248 1153 3312 1205 ad
3339 1154 3590 1224 populum
3614 1156 3699 1211 di-

2120 1250 2288 1291 cens:
2311 1238 2536 1294 Armate
2552 1257 2616 1295 ex
2640 1242 2794 1295 vobis
2816 1242 2985 1304 viros,
3012 1254 3066 1297 et
3082 1244 3393 1313 belligerate
3411 1246 3693 1301 adversum

2120 1329 2352 1397 Madiau,
2370 1333 2596 1387 reddere
2607 1334 2905 1389 vindictam
2924 1336 2975 1389 in
2992 1335 3201 1391 Madian
3221 1352 3249 1389 a
3273 1336 3530 1391 Domino:
3553 1338 3695 1391 mille

2117 1438 2185 1480 ex
2216 1423 2379 1489 tribu,
2410 1434 2466 1477 et
2492 1423 2639 1479 mille
2664 1440 2729 1479 ex
2766 1427 2930 1492 tribu,
2959 1443 3026 1482 ex
3055 1428 3309 1482 omnibus
3340 1429 3587 1482 tribubus
3620 1428 3696 1482 ls-

2118 1517 2226 1571 rael
2244 1516 2441 1570 mittite
2459 1517 2522 1570 ad
2545 1517 2973 1587 belligerandum
3006 1519 3073 1572 ".
3112 1539 3131 1572 ο
3159 1519 3433 1574 Attendite
3448 1520 3691 1577 lectioni.

2115 1609 2230 1666 Non
2268 1610 2440 1664 solum
2469 1612 2614 1664 enim
2654 1610 2721 1665 ad
2746 1613 2989 1667 auditum
3006 1627 3339 1677 sermonum,
3371 1614 3467 1668 sed
3498 1614 3566 1667 ad
3601 1628 3693 1668 re-

2115 1717 2231 1755 rum
2253 1700 2746 1757 considerationem
2764 1701 3121 1757 intendendus
3142 1711 3222 1757 est
3238 1701 3469 1756 animus.
3491 1704 3693 1756 [iecor-

2118 1794 2247 1847 dare
2269 1793 2433 1863 366
2457 1794 2750 1861 praeterita,
2773 1795 2898 1849 audi
2915 1794 3228 1863 praesentia,
3251 1808 3371 1863 quae
3391 1802 3694 1862 sequuntur

2116 1887 2358 1941 adverte.
2392 1886 2597 1940 Confer
2619 1886 2800 1956 priora
2840 1887 3255 1956 posterioribus,
3292 1898 3346 1941 et
3385 1886 3691 1940 divinarum

2112 1977 2370 2029 virtutum
2403 1976 2865 2045 magnificentiam
2919 1977 3311 2046 contemplare.
3360 1976 3481 2030 Filii
3526 1974 3689 2031 Israel

2111 2068 2311 2121 dudum
2370 2076 2627 2122 sexcenta
2677 2067 2843 2122 millia
2904 2068 3122 2122 fuerant
3182 2077 3556 2133 armatorum,
3594 2069 3688 2138 qui

2110 2166 2488 2229 processerant
2537 2160 2826 2212 adversum
2878 2158 3115 2221 Madian,
3158 2169 3212 2213 et
3264 2158 3317 2212 hi
3348 2174 3537 2214 omnes
3562 2158 3689 2213 victi

2109 2261 2255 2314 sunt,
2290 2250 2549 2321 quoniam
2584 2261 2869 2321 peccatum
2902 2262 3021 2306 erat
3068 2253 3121 2305 in
3170 2252 3323 2321 ipsis.
3367 2250 3522 2304 Nunc
3560 2266 3689 2307 vero

2110 2345 2345 2399 victores
2371 2345 2701 2408 Madianitm.
2731 2345 2822 2415 qui
2856 2356 3114 2399 sexcenta
3152 2344 3320 2398 millia
3346 2344 3686 2414 fugaverant,

2109 2437 2400 2491 vincuntur
2430 2451 2456 2489 a
2493 2437 2783 2491 duodecim
2834 2436 3092 2501 millibus,
3134 2447 3191 2490 ut
3227 2438 3369 2492 scias
3414 2436 3544 2507 quia
3580 2451 3685 2491 non

2108 2527 2159 2580 in
2187 2525 2548 2590 multitudine,
2574 2542 2672 2579 nec
2706 2526 2758 2579 in
2778 2540 3003 2579 numero
3033 2524 3263 2577 militum
3295 2524 3463 2576 vineit
3492 2521 3687 2584 Israel,

2108 2617 2199 2672 sed
2229 2616 2439 2685 justitia
2465 2628 2519 2671 et
2542 2618 2715 2685 pietas
2743 2624 2824 2670 est
2856 2616 2908 2668 in
2940 2615 3019 2669 eis
3050 2629 3167 2679 quae
3189 2613 3373 2666 vincit.
3396 2612 3687 2680 Propterea

2105 2710 2339 2780 denique
2370 2719 2423 2765 et
2471 2711 2522 2763 in
2560 2707 3033 2765 benedictionibus
3064 2720 3253 2759 eorum
3308 2703 3505 2757 dicitur
3553 2702 3680 2770 quia

2103 2803 2147 2857 si
2183 2804 2520 2858 servaverint
2557 2801 2729 2871 legem
2780 2800 3018 2865 Domini,
3064 2814 3204 2852 unus
3230 2812 3297 2850 ex
3338 2796 3469 2863 ipsis
3495 2808 3683 2864 perse-

2102 2903 2303 2965 quatur
2331 2896 2500 2959 mille,
2527 2902 2579 2948 et
2612 2895 2715 2948 duo
2753 2901 2967 2946 vertant
2999 2894 3187 2945 decem
3221 2888 3389 2943 millia
3417 2889 3483 2943 ”.
3518 2885 3683 2942 Vides

2102 3004 2233 3056 ergo
2280 2989 2407 3056 quia
2463 2987 2636 3041 multo
2673 2986 2792 3055 plus
2832 2985 2977 3040 valet
3011 2999 3152 3039 unus
3200 2992 3419 3037 sanctus
3449 2979 3685 3045 orando,

2101 3096 2262 3153 quam
2299 3089 2614 3150 peccatores
2647 3079 2914 3133 innumeri
2953 3077 3266 3145 prmliando.
3296 3073 3484 3135 Oratio
3506 3073 3685 3127 sancti

420 3164 634 3235 alligari
689 3168 835 3225 circa
898 3170 1097 3225 collum
1125 3171 1263 3240 ejus,
1305 3179 1358 3223 et
1413 3172 1739 3241 praecipitari
1779 3174 1830 3227 in
1870 3189 1999 3243 pro—
2027 3187 2071 3247 ρ
2104 3181 2352 3242 penetrat
2411 3171 2628 3223 coelum.
2668 3170 2950 3236 Quomodo
2990 3184 3094 3223 non
3148 3177 3202 3221 et
3243 3167 3455 3219 hostem
3492 3164 3680 3216 vincat

425 3256 648 3312 fundum
681 3261 864 3327 maris,
929 3278 1095 3331 quam
1138 3270 1196 3316 ut
1244 3261 1578 3318 scandalizet
1610 3281 1776 3319 unum
1814 3268 1879 3320 de
1908 3282 1999 3336 pn-

421 3350 555 3404 sillis
588 3352 725 3407 istis.
761 3372 780 3405 ι
822 3354 1103 3425 Simulque
1152 3356 1538 3411 advertendum
1593 3368 1698 3423 εει,
1744 3360 1996 3428 quoniam

418 3444 636 3510 quidem
671 3460 862 3498 nomen
906 3448 1147 3501 scandali
1183 3463 1213 3501 a
1253 3449 1523 3504 nonnullis
1562 3452 1998 3520 incompetenter

420 3538 795 3603 prmsumitur.
860 3538 990 3594 lllud
1043 3541 1209 3610 igitur
1259 3543 1577 3597 scandalum
1623 3546 1849 3605 dicitur,
1904 3544 1994 3599 ubi

422 3638 573 3682 recto
632 3629 829 3685 itinere
877 3632 1174 3689 ambulanti
1218 3637 1463 3708 deceptio
1491 3641 1672 3709 aliqua
1712 3638 1997 3693 instruitur

420 3720 487 3772 ad
537 3724 891 3788 peccandum,
944 3734 998 3778 et
1046 3726 1331 3795 subjicitur
1361 3746 1524 3787 causa
1571 3731 1814 3800 peccati;
1853 3729 1996 3783 sicut

418 3821 471 3863 ct
508 3810 828 3882 Madianitm,
870 3817 1271 3875 ambulantibus
1312 3822 1363 3876 in
1389 3823 1509 3893 lege
1542 3823 1752 3877 Domini
1780 3823 1994 3878 Israeli-

418 3904 512 3967 tis,
563 3915 618 3959 et
668 3909 1094 3967 custodientibus
1158 3916 1506 3981 castitatem,
1560 3917 1996 3971 subornaverunt

419 3996 701 4062 mulieres,
735 4015 855 4069 quae
898 4017 992 4056 eos
1020 4004 1333 4074 deciperent
1367 4006 1433 4060 ad
1459 4008 1818 4076 peccandum.
1849 4008 1992 4063 Cau-

417 4103 535 4143 Sam
571 4105 701 4160 ergo
757 4094 996 4163 praebere
1050 4099 1281 4166 peccati,
1322 4099 1422 4154 hoc
1476 4108 1557 4152 est
1591 4101 1988 4157 scandalizare.

424 4182 807 4240 Verumtamen
861 4188 1021 4243 datur
1052 4191 1317 4260 vindicta,
1345 4192 1439 4246 sed
1485 4192 1657 4247 multo
1687 4195 1908 4263 gravior
1938 4195 1990 4249 in

416 4291 509 4328 eos
538 4276 625 4343 qui
697 4279 1222 4345 scandalizaverunt,
1280 4293 1333 4337 et
1372 4284 1465 4353 qui
1510 4299 1731 4340 causam
1782 4288 1991 4357 peccati

417 4369 782 4435 praebuerunt,
825 4387 985 4440 quam
1040 4374 1093 4427 in
1136 4389 1230 4430 eos
1263 4376 1355 4444 qui
1392 4387 1772 4446 peccaverunt.
1819 4378 1991 4434 Simul

417 4466 600 4511 autem
637 4470 693 4513 et
745 4461 874 4516 illud
932 4465 1189 4529 observa,
1237 4469 1381 4536 quod
1422 4468 1490 4523 iis
1519 4469 1787 4539 subjecit:
1827 4490 1846 4522 ι
1884 4471 1992 4525 Νο-

419 4548 858 4619 vissimeautem,
886 4557 1062 4626 inquit
1090 4559 1155 4626 ἰ,
1185 4570 1238 4613 et
1261 4570 1313 4613 tu
1328 4561 1613 4631 apponeris
1640 4562 1706 4615 ad
1738 4563 1987 4632 populum

416 4651 587 4695 tuum.
631 4663 650 4695 ι
689 4645 743 4700 Si
776 4649 993 4716 quando
1024 4651 1180 4706 nobis
1204 4665 1325 4705 cum
1367 4652 1657 4709 Samaritis
1680 4670 1858 4709 sermo
1886 4666 1988 4720 est,

416 4737 669 4802 quoniam
696 4740 913 4807 quidem
946 4744 1399 4799 resurrectionem
1416 4754 1748 4800 mortuorum
1774 4756 1987 4817 negant,

418 4844 516 4882 nec
543 4832 808 4901 recipiunt
831 4833 996 4888 futuri
1026 4836 1211 4891 surculi
1250 4836 1435 4905 fidem,
1472 4852 1860 4908 perurgeamus
1894 4857 1988 4896 eos

413 4935 482 4972 ex
533 4920 599 4973 iis
650 4924 850 4988 verbis,
908 4927 1105 4993 quibus
1152 4927 1410 4983 Dominus
1446 4930 1577 4984 dicit
1611 4930 1676 4983 ad
1722 4930 1985 5001 Moysem,

413 5012 536 5077 quia
574 5025 877 5083 apponatur
910 5019 976 5071 ad
1002 5019 1252 5087 populum
1287 5035 1465 5075 suum.
1514 5020 1683 5078 Nemo
1718 5025 1987 5094 enim'ap-

412 5101 631 5166 ponitur
682 5105 748 5159 ad
798 5120 912 5171 eos,
967 5110 1059 5177 qui
1094 5125 1197 5163 non
1246 5120 1390 5165 sunt.
1420 5110 1572 5168 Unde
1607 5124 1822 5170 constat
1867 5131 1986 5171 esse

413 5194 647 5263 aliquem
683 5199 967 5267 populum,
1001 5201 1086 5255 cui
1113 5202 1325 5276 Moyses
1379 5216 1500 5277 post
1530 5208 1655 5262 vitae
1684 5208 1842 5279 hujus
1863 5210 1986 5264 exi-

414 5295 528 5341 tum
565 5287 761 5343 dieitur
782 5292 1157 5359 applicandus.
1204 5296 1339 5365 Quia
1388 5314 1519 5370 ergo
1571 5300 1850 5371 prophetis
1875 5316 1979 5357 non

410 5378 643 5432 credunt
681 5379 991 5449 Samaritae,
1017 5400 1080 5439 ex
1114 5390 1311 5456 quibus
1343 5398 1527 5458 posset
1565 5392 1983 5447 resurrectionis

318 5518 325 5523 .
411 5478 749 5526 mortuorum
811 5472 974 5530 latius
1021 5477 1154 5535 fides
1212 5481 1531 5551 approbari,
1584 5484 1753 5537 exiis
1787 5482 1979 5537 saltem

481 5649 523 5678 ’⁸
546 5646 702 5701 Joan.
730 5662 837 5709 χιι,
860 5648 950 5702 27.
1027 5647 1068 5678 ¹⁹
1098 5645 1266 5700 Nunt.
1297 5660 1442 5709 xxxr,
1479 5645 1526 5705 I,
1555 5645 1608 5697 2.

405 5714 454 5751 ⁸³
480 5716 654 5773 Lavit.
694 5734 837 5772 xxvr.

2019 4522 2069 4582 D

1687 5644 1732 5676 ²⁰
1763 5643 1925 5697 Marc.
1957 5659 2064 5709 xtv,
2090 5645 2179 5711 21,
2212 5655 2265 5701 ct
2299 5646 2427 5701 Luc.
2461 5663 2591 5711 xvii,
2628 5648 2672 5701 I.

914 5717 957 5748 ⁵³³
984 5717 1183 5786 Epltes.
1217 5733 1290 5782 vr,
1323 5717 1408 5778 Η,
1443 5715 1528 5779 16,
1562 5716 1662 5787 I7:
1723 5715 1767 5747 ’⁸
1798 5715 1938 5769 Psal.
1974 5732 2095 5781 xxv,
2130 5718 2182 5772 5.

2102 3263 2155 3317 in
2193 3261 2399 3316 terris?
2437 3261 2500 3313 Et
2532 3259 2652 3313 ideo
2691 3259 3001 3314 omnimode
3036 3257 3358 3313 studendum
3403 3263 3487 3310 est
3536 3268 3683 3323 qua:-

2103 3369 2223 3409 rere
2278 3354 2454 3421 primo
2503 3361 2560 3407 et
2601 3351 2877 3407 custodire
2923 3352 3190 3421 justitiam
3254 3349 3371 3403 Dei.
3431 3347 3602 3414 Quam
3634 3345 3678 3400 si

2098 3444 2401 3499 obtinueris
2451 3452 2506 3499 et
2576 3442 2907 3509 servaveris,
2959 3458 3148 3497 onmes
3202 3442 3297 3496 tibi
3346 3441 3531 3495 hostes
3562 3437 3677 3505 ipsa

2100 3535 2351 3604 subjiciet
2385 3552 2398 3589 :
2429 3538 2472 3591 si
2520 3535 2691 3591 fueris
2744 3534 2987 3600 indutus,
3024 3535 3166 3590 sicut
3195 3533 3487 3605 Apostolus
3519 3530 3672 3591 dicit,

2099 3628 2324 3683 loricam
2352 3630 2597 3699 justitizn,
2639 3640 2693 3684 et
2720 3629 3002 3686 accinctus
3034 3630 3341 3692 veritatem,
3374 3626 3420 3679 si
3461 3624 3675 3692 galeam

2098 3721 2289 3777 salutis
2309 3725 2606 3791 acceperis,
2632 3733 2686 3777 et
2716 3723 2952 3794 gladium
2977 3723 3223 3793 spiritus,
3255 3728 3310 3775 et
3342 3727 3470 3772 ante
3495 3714 3680 3770 omnia

2097 3829 2307 3871 scutum
2372 3816 2516 3882 fidei,
2564 3818 2615 3871 in
2646 3833 2754 3887 quo
2787 3820 2963 3888 possis
3010 3816 3191 3873 omnia
3225 3811 3407 3881 iacula
3456 3808 3681 3875 maligni

2099 3910 2263 3980 ignita
2293 3911 2638 3981 exstinguere
2664 3911 2730 3966 ".
2761 3911 2984 3966 Talibus
3003 3910 3146 3964 enim
3182 3907 3483 3961 instructus
3506 3900 3684 3956 armis

2098 4004 2345 4058 universa
2378 4003 2646 4058 diabolica
2693 4014 2893 4069 castra,
2944 4016 3271 4070 omnemque
3305 3996 3424 4067 ejus
3456 3996 3681 4066 fugabis

2096 4097 2420 4163 exercitum,
2466 4106 2517 4152 et
2569 4112 2692 4151 cum
2747 4096 2949 4152 ﬁducia
2990 4092 3236 4150 cantabis
3267 4092 3313 4123 ’⁵
3346 4111 3359 4146 :
3396 4106 3419 4143 ι
3453 4089 3511 4144 Si
3544 4101 3673 4142 eon-

2095 4192 2296 4245 sistant
2321 4190 2611 4245 adversum
2639 4203 2724 4243 me
2750 4199 2956 4252 castra,
2981 4202 3087 4241 non
3103 4185 3314 4240 timebit
3339 4198 3433 4237 cor
3457 4195 3635 4237 meum
3657 4194 3673 4243 ;

2096 4285 2139 4338 si
2186 4287 2431 4353 insurgat
2461 4285 2625 4338 inme
2661 4280 2924 4351 praelium,
2961 4281 3014 4336 in
3072 4282 3178 4335 hoc
3218 4293 3324 4348 ego
3353 4276 3605 4346 sperabo.
3649 4295 3671 4329 ν

2097 4379 2534 4449 Congrediuntur
2560 4391 2691 4447 ergo
2727 4376 3008 4430 duodecim
3049 4374 3213 4428 millia
3242 4372 3529 4425 adversum
3553 4370 3658 4423 Ma-

2098 4471 2357 4536 dianitas,
2395 4490 2413 4522 ι
2451 4480 2505 4525 et
2532 4469 2891 4535 interficiunt,
2950 4467 3127 4531 inquit
3177 4466 3244 4530 “,
3274 4476 3433 4517 omne
3459 4477 3675 4517 mascu-

2096 4564 2262 4617 linum
2313 4579 2500 4618 eorum
2561 4572 2616 4617 et
2669 4577 2824 4633 reges
2871 4574 3087 4623 eorum,
3137 4567 3191 4612 et
3245 4554 3464 4609 Balaam
3500 4554 3670 4607 filium

2093 4656 2231 4710 Beor
2294 4656 2690 4709 interfecerunt
2738 4651 2916 4722 gladio
2959 4664 3083 4705 cum
3117 4647 3345 4716 reliquis
3368 4647 3671 4702 vulneratis

2092 4761 2303 4801 eorum.
2339 4764 2359 4797 ι
2395 4744 2547 4811 Quod
2596 4744 2648 4797 in
2684 4740 3055 4812 superioribus
3098 4741 3499 4807 quaerebamus,
3530 4754 3668 4807 quo-

2093 4836 2252 4890 modo
2283 4836 2348 4890 de
2376 4833 2679 4902 Scripturis
2712 4831 2933 4901 probari
2980 4829 3155 4898 possit
3189 4827 3409 4882 Balaam
3441 4827 3671 4883 consilio

2093 4929 2414 4985 subornatas
2447 4941 2567 4981 esse
2593 4925 2847 4980 mulieres
2889 4921 3332 4986 Madianitarum,
3369 4936 3489 4989 qua:
3525 4921 3671 4976 deci~

2094 5030 2284 5091 perent
2344 5018 2483 5072 ﬁlios
2526 5016 2688 5071 Israel
2735 5016 2803 5070 ad
2855 5014 3256 5080 fornicandum,
3296 5028 3536 5083 praesens
3582 5014 3672 5067 hic

2096 5114 2392 5184 Scriptura:
2421 5112 2568 5165 locus
2593 5109 2874 5165 evidenter
2906 5109 3165 5175 ostendit,
3186 5107 3371 5162 dicens
3399 5121 3521 5162 eum
3546 5120 3670 5178 per-

2093 5214 2334 5276 emptum
2395 5218 2516 5258 esse
2583 5202 2799 5273 gladio,
2864 5201 3012 5256 velut
3062 5210 3337 5255 auctorem
3397 5198 3666 5266 scandali,

2093 5299 2232 5369 quod
2260 5297 2558 5352 immissum
2594 5303 2679 5349 est
2747 5294 2875 5349 IIIIlS
2931 5292 3117 5348 Israel.
3154 5292 3364 5348 Dicitur
3392 5302 3573 5349 autem
3601 5292 3668 5345 de

2091 5406 2176 5454 eo,
2212 5401 2266 5443 et
2294 5389 2345 5442 itt
2370 5387 2721 5456 sequentibus
2739 5386 2916 5440 adhuc
2940 5384 3243 5441 evidentius
3271 5385 3372 5440 hoc
3396 5386 3553 5440 modo
3580 5384 3664 5439 "z

2097 5498 2115 5532 ι
2153 5482 2217 5535 Ει
2251 5482 2329 5535 ait
2357 5481 2421 5535 ad
2444 5495 2537 5534 eos
2559 5479 2773 5552 Moyses
2803 5496 2816 5535 :
2846 5482 2957 5536 Cur
2987 5482 3165 5535 vivam
3198 5478 3521 5536 reservastis
3544 5491 3669 5532 om-

2750 5647 2791 5679 “
2818 5646 2979 5702 Num.
3007 5667 3152 5716 xxxr,
3184 5652 3237 5707 2.
3315 5652 3358 5682 ¹²
3385 5649 3513 5705 ibid.
3539 5652 3594 5720 3,
3627 5655 3681 5709 4.

2259 5719 2305 5749 ³⁸
2334 5717 2495 5773 Num.
2529 5734 2676 5783 xxxx,
2714 5719 2763 5782 7,
2797 5719 2850 5774 8.
2927 5720 2971 5750 ’⁷
2998 5721 3158 5778 Num.
3182 5737 3325 5787 xui,
3362 5721 3448 5783 I5,
3489 5723 3570 5782 16.

478 5808 588 5879 (59)
616 5808 742 5873 Qua:
776 5808 1008 5877 pertulit.
1044 5808 1221 5863 Codex
1258 5808 1429 5863 sancti
1460 5807 1500 5862 Τ
1510 5806 1803 5872 ltcodorici,
1841 5828 1857 5859 ι
1892 5824 2010 5877 quae.
2044 5825 2142 5878 pro
2165 5810 2307 5867 facto
2336 5827 2435 5866 suo
2470 5811 2668 5866 meruit
2701 5812 2928 5875 perpeti.
2967 5833 2982 5864 ι
