4134 6396
378 436 482 488 765

1533 415 1598 471 IN
1638 408 1973 471 NUMEROS
2001 405 2288 462 HOMILIA
2318 400 2484 459 XXV.

3544 391 3646 444 ’166

377 567 503 610 nem
544 548 838 606 feminam?
887 544 1021 615 Ipsa:
1077 541 1220 596 enim
1262 548 1412 604 sunt,
1456 553 1578 608 qua:
1620 513 1758 591 ﬁlios
1801 531 1966 590 Israel
1994 534 2040 592 Α
2068 545 2199 600 ergo
2225 512 2352 596 quia
2413 533 2520 578 tam
2556 501 3004 580 Israeliticorum,
3041 527 3200 584 quam
3250 512 3416 566 etiam
3447 509 3648 564 barba-

381 641 685 700 sccundum
729 639 956 694 verbum
1015 633 1234 689 Balaam
1289 637 1566 700 apostatas
1618 627 1888 684 fecerunt.
1930 643 1948 676 ι

383 733 789 790 Interﬁciuntur
847 738 1028 784 autem
1054 735 1108 782 et
1140 739 1300 793 reges
1327 719 1772 781 Madiauitarum,
1799 725 1964 785 alque

383 828 457 881 illi
485 827 574 894 qui
599 823 792 894 priusa
823 821 1142 876 mulieribus
1159 817 1287 871 victi
1313 823 1461 880 sunt,
1482 828 1627 868 nunc
1655 810 1965 881 expiatione

386 915 596 979 habita,
619 922 675 966 et
714 920 864 982 gesta
889 908 1230 980 poenitentia,
1253 904 1418 962 etiam
1439 917 1592 973 reges
1609 903 1854 958 vincunt.
1887 899 1964 954 Ex

383 1006 483 1058 hoc
503 1003 889 1075 intelligamus,
908 1009 1174 1071 quantum
1195 999 1370 1053 valeat
1387 995 1670 1051 conversio
1686 996 1751 1047 ad
1772 993 1970 1058 Deum,

384 1104 649 1166 quantum
689 1095 862 1164 prosit
891 1092 1201 1147 emendatio
1231 1097 1597 1159 peccatorum.
1624 1085 1796 1141 Omne
1823 1099 1968 1139 mas—

389 1188 653 1253 eulinum,
681 1201 872 1240 omnes
923 1197 1077 1253 reges
1114 1167 1532 1236 Madianitarum
1569 1178 1862 1232 vincuntur
1911 1183 1970 1229 et

394 1285 733 1344 perimuntur
753 1279 821 1332 ab
864 1276 933 1330 iis
993 1275 1084 1345 qui
1150 1289 1247 1343 per
1293 1271 1697 1340 corrcptioncm
1736 1269 1967 1336 Domini,

395 1380 449 1424 et
512 1385 611 1439 per
665 1378 942 1439 gestorum
1007 1366 1380 1436 pcenitentiam
1437 1363 1670 1432 correpti
1733 1372 1861 1416 sunt
1918 1371 1972 1415 et

393 1461 685 1515 emendati.
724 1459 976 1527 Quinque
1037 1471 1168 1526 ergo
1197 1470 1356 1524 reges
1413 1454 1836 1508 Madianitarum
1889 1468 1970 1505 re—

395 1554 646 1606 feruntur
676 1552 743 1605 ab
768 1550 1077 1604 Israeliticis
1111 1549 1372 1603 militibus
1397 1547 1662 1615 superari.

459 1677 513 1730 5.
555 1677 661 1731 Sed
721 1686 777 1731 et
835 1692 1054 1732 nomina
1104 1692 1294 1731 eorum
1353 1688 1496 1728 cura:
1535 1672 1633 1726 fuit
1675 1671 1969 1739 Scriptum:

386 1768 583 1823 divina:
615 1784 920 1822 memorare
947 1767 1081 1839 (40).
1115 1786 1132 1818 t
1176 1768 1328 1825 Eviu.
1366 1765 1542 1834 inquit
1579 1765 1648 1829 ³⁸,
1672 1773 1726 1818 et
1759 1763 1964 1828 Rocou,

385 1868 440 1912 et
473 1860 602 1924 Sur,
629 1871 681 1912 et
711 1857 807 1923 Ur,
846 1870 900 1914 et
956 1858 1163 1913 Rohoc.
1203 1877 1222 1909 ι
1269 1858 1358 1911 Isti
1417 1867 1543 1910 sunt
1592 1857 1685 1926 qui
1739 1867 1968 1927 regnant

387 1954 531 2021 apud
568 1951 912 2017 Madiauitas,
943 1967 1080 2021 quos
1135 1965 1399 2020 superare
1430 1959 1482 2003 et
1523 1950 1739 2018 penitus
1769 1951 1968 2004 dehent

384 2042 733 2110 exstinguere
764 2056 953 2094 omnes
979 2040 1068 2108 qui
1105 2039 1340 2093 militant
1372 2038 1502 2091 Deo.
1541 2038 1674 2091 Evin
1736 2051 1968 2105 namque

386 2134 647 2188 belluinus
678 2135 756 2188 vel
815 2135 1018 2203 ferinus
1077 2135 1471 2204 interpretatur
1523 2133 1658 2205 (M).
1697 2132 1767 2186 Et
1831 2147 1968 2201 qut)-

387 2227 543 2279 modo
577 2227 780 2294 poteris
803 2227 1018 2295 placere
1040 2227 1088 2278 ei
1124 2227 1215 2295 qui
1248 2237 1300 2279 te
1337 2225 1610 2292 probavit,
1632 2225 1804 2279 sinon
1842 2228 1969 2278 abs-

391 2317 592 2371 rideris
621 2334 651 2370 a
680 2327 728 2372 te
767 2327 818 2370 et
853 2318 1070 2387 penitus
1109 2319 1410 2386 peremeris
1441 2315 1711 2372 bclluiuos
1739 2324 1794 2370 et
1822 2313 1967 2371 feros

386 2410 608 2464 mores?
633 2411 915 2475 Quomodo
941 2410 1144 2479 poteris
1176 2411 1241 2463 ad
1277 2419 1688 2464 mansuetorum
1731 2407 1970 2462 beatitu-

383 2507 564 2563 dinem
598 2511 899 2578 pervenire,
920 2509 1018 2562 nisi
1051 2507 1523 2578 priusiuterﬁcias
1549 2507 1710 2573 Evin,
1733 2516 1788 2560 et
1807 2507 1968 2561 morti

385 2597 569 2652 tradas
600 2599 750 2667 prius
807 2597 1107 2652 iracundiae
1157 2598 1470 2652 feritatem?
1509 2598 1622 2667 Ego
1651 2606 1783 2667 puto
1824 2595 1968 2665 quod

383 2691 603 2747 nomina
636 2693 749 2745 haec
786 2690 1067 2760 Scriptura
1102 2690 1287 2745 divina
1319 2707 1424 2745 non
1459 2706 1557 2760 pro
1592 2689 1817 2744 historia
1844 2703 1966 2741 nar-

387 2789 590 2840 raverit
621 2782 754 2854 (44),
777 2786 871 2837 sed
897 2797 997 2852 pro
1022 2781 1204 2836 causis
1233 2791 1285 2836 et
1314 2781 1478 2836 rebus
1508 2785 1800 2851 aptaverit.
1833 2780 1968 2834 Nam

386 2893 545 2956 putas
573 2883 738 2937 fuerit
768 2882 968 2951 aliquis
998 2881 1072 2934 ita
1097 2879 1319 2944 Stultus,
1351 2883 1440 2949 qui
1478 2880 1590 2935 ﬁlio
1632 2896 1731 2935 suo
1772 2895 1969 2934 nomen

384 2973 664 3030 Belluinus
701 2973 1045 3044 imponeret?
1065 2971 1171 3027 Sed
1197 2975 1298 3026 hoc
1324 2974 1566 3028 arbitror
1593 2973 1792 3042 magis,
1825 2971 1969 3042 quod

389 3067 735 3122 instructioni
765 3067 1072 3120 animarum
1127 3067 1470 3136 prospexerit
1501 3081 1684 3120 sermo
1728 3066 1968 3134 divinus,

386 3161 576 3216 volens
601 3161 755 3216 nobis
794 3161 1086 3214 ostendere
1137 3159 1283 3227 quod
1320 3158 1611 3212 adversum
1664 3156 1970 3224 hujusmodi

2067 635 2254 675 rerum
2285 614 2565 671 hominum
2618 610 2861 673 nomina,
2911 622 3019 662 non
3076 604 3347 665 fortuitu,
3407 603 3502 657 sed
3547 614 3648 668 pro

2070 712 2235 766 rebus
2264 719 2318 764 et
2345 705 2529 764 causis
2585 710 2840 774 aptantur
2871 701 2926 754 in
2962 699 3097 768 lege.
3125 695 3297 766 Igitur
3324 693 3648 748 Madianita-

2070 818 2191 858 rum
2225 815 2404 871 regem
2461 796 2672 867 Moyses
2720 792 3017 863 appellavit
3047 831 3062 855 ,
3104 798 3263 860 prout
3297 787 3414 856 ipse
3436 785 3650 840 censuit

2070 885 2472 960 appellandum.
2521 883 2787 949 Belluina,
2847 880 3060 950 inquit,
3117 879 3307 932 feritas
3356 886 3462 940 est,
3530 889 3684 952 quae"

2070 981 2334 1050 regnatin
2374 977 2705 1040 Madianitis,
2736 983 2792 1030 et
2817 989 2922 1029 non
2948 974 3064 1042 ipsa
3094 971 3291 1036 solum,
3314 968 3406 1024 sed
3430 977 3482 1023 et
3512 967 3650 1020 alius

2070 1075 2210 1144 apud
2239 1075 2384 1143 ipsos
2406 1087 2501 1126 rex
2553 1069 2777 1126 nomine
2810 1067 2996 1122 Rocon
3025 1083 3042 1121 :
3073 1064 3217 1134 quod
3255 1071 3340 1116 est
3378 1061 3429 1114 in
3467 1067 3647 1114 nostra

2070 1163 2278 1235 lingua,
2307 1163 2537 1216 inanitas
2560 1160 2694 1233 (45).
2721 1159 2935 1229 Regnat
2977 1173 3110 1227 ergo
3127 1153 3438 1211 etinanitas
3457 1151 3508 1205 in
3537 1149 3648 1205 Ma-

2071 1257 2401 1311 dianitarum
2423 1264 2596 1324 gente.
2626 1254 2722 1308 Est
2743 1253 2885 1307 enim
2911 1265 3101 1304 revera
3135 1249 3298 1302 multa
3322 1247 3559 1302 inanitas
3598 1254 3652 1297 et

2072 1347 2286 1400 vanitas
2307 1347 2357 1398 in
2385 1345 2488 1398 hoc
2515 1348 2738 1403 mundo.
2768 1341 2879 1396 imo
2895 1349 2952 1396 et
2972 1359 2990 1392 ε
3021 1339 3570 1398 vanitasvanitatum,
3600 1342 3650 1387 et

2071 1437 2249 1491 omnia
2293 1435 2585 1496 vanitas“,
2613 1453 2630 1484 ι
2659 1448 2821 1503 quam
2839 1433 2930 1486 Dei
2956 1431 3111 1486 miles
3139 1444 3398 1497 superare
3417 1427 3578 1483 debet
3597 1438 3655 1480 et

2071 1529 2234 1599 367
2276 1529 2514 1580 vincere.
2553 1524 2734 1579 Vincit
2782 1534 2958 1579 autem
3016 1523 3357 1588 inanitatem,
3389 1521 3482 1590 qui
3517 1517 3652 1573 nihil

2073 1620 2328 1682 inaniter,
2368 1616 2499 1671 nihil
2532 1614 2823 1686 superﬂue,
2859 1625 2914 1669 et
2957 1616 3098 1683 quod
3141 1615 3205 1666 ad
3250 1629 3360 1665 rem
3393 1628 3496 1665 nou
3527 1625 3654 1680 per—

2075 1713 2228 1773 tinet,
2270 1709 2412 1781 gerit
2445 1727 2458 1763 :
2489 1708 2580 1778 qui
2631 1707 2879 1762 meminit
2908 1705 3164 1775 praecepti
3216 1705 3360 1758 illius
3389 1701 3654 1757 Dominici

2072 1822 2180 1876 quo
2209 1805 2285 1858 ait
2315 1802 2384 1870 3‘,
2419 1803 2544 1870 quia
2573 1822 2592 1853 ι
2623 1801 2786 1858 etiam
2817 1801 2882 1855 de
2911 1799 3080 1852 verbo
3105 1797 3283 1852 otioso
3308 1798 3529 1851 reddent
3556 1797 3654 1849 ho-

1999 1909 2042 1964 Β
2072 1899 2247 1953 mines
2287 1897 2554 1951 rationem
2580 1895 2632 1949 in
2667 1894 2753 1949 die
2790 1890 3001 1959 iudicii.
3042 1908 3060 1940 ι
3097 1889 3149 1942 In
3182 1889 3282 1941 hac
3309 1897 3490 1939 autem
3521 1885 3650 1945 vita,

2075 1991 2323 2046 homines
2367 1999 2534 2044 totum
2589 2001 2724 2056 pene
2767 1985 3024 2048 otiosum,
3059 1989 3113 2035 et
3158 1989 3323 2032 totum
3359 1977 3518 2030 inane
3553 1985 3656 2038 est,

2075 2082 2217 2152 quod
2242 2081 2553 2150 loquuntur,
2576 2079 2718 2149 quod
2743 2083 2924 2146 agunt.
2950 2072 3128 2126 Inanis
3155 2071 3300 2125 enim
3327 2069 3523 2123 dicitur
3542 2083 3656 2120 om-

2075 2174 2160 2228 nis
2187 2182 2339 2229 actus
2373 2181 2428 2228 et
2467 2171 2646 2227 omnis
2673 2183 2873 2232 sermo,
2909 2166 2962 2220 in
2994 2180 3100 2235 quo
3143 2180 3246 2217 non
3286 2170 3369 2216 est
3399 2160 3659 2214 intrinse-

2075 2281 2172 2320 cus
2226 2265 2426 2335 aliquid
2461 2278 2556 2332 pro
2593 2261 2725 2323 Deo,
2761 2260 2844 2314 vel
2885 2274 2985 2328 pro
3033 2257 3288 2310 mandato
3331 2254 3444 2309 Dei.
3480 2253 3575 2306 Est
3606 2262 3662 2306 et

2077 2356 2216 2410 alius
2270 2370 2365 2410 rex
2421 2352 2650 2406 Madiam
2682 2349 2778 2417 Ur,
2821 2362 2875 2404 et
2923 2349 3012 2404 hic
3054 2348 3442 2415 interpretatur
3473 2343 3655 2396 irrita-

2077 2449 2148 2502 tio
2180 2446 2316 2518 (44).
2351 2445 2513 2500 Vides
2535 2443 2723 2512 quales
2753 2441 3009 2511 sunt,qni
3036 2448 3267 2510 regnent
3295 2437 3432 2505 apud
3456 2433 3655 2488 Madia-

2077 2540 2244 2606 nitas,
2263 2537 2457 2608 quibus
2478 2535 2790 2591 hominibus
2817 2532 3094 2588 adversari
3123 2539 3360 2600 oportet,
3385 2527 3493 2580 imo
3525 2540 3660 2595 quos

2076 2628 2271 2700 perimi
2303 2627 2559 2683 convenit
2605 2625 2674 2680 ab
2715 2626 2779 2680 iis
2818 2624 2907 2694 qui
2941 2623 3105 2677 Deum
3141 2629 3464 2689 sequuntur,
3503 2626 3557 2671 ct
3588 2615 3664 2670 in-

2079 2721 2274 2777 terfici.
2309 2719 2426 2775 Non
2460 2721 2605 2774 enim
2639 2728 2748 2772 tam
2784 2731 2970 2786 reges,
3006 2729 3168 2784 quam
3199 2714 3452 2766 vitiorum
3482 2709 3660 2764 nomi-

2079 2830 2169 2881 na,
2197 2829 2320 2884 qua:
2357 2821 2588 2884 regnant
2619 2812 2673 2866 in
2703 2810 3042 2873 hominibus,
3079 2806 3393 2863 referuntur
3423 2805 3476 2859 in
3504 2804 3622 2873 lege
3642 2815 3664 2856 τ

2077 2916 2132 2964 et
2153 2923 2258 2962 non
2301 2915 2409 2960 tam
2435 2905 2672 2974 gentium
2716 2902 2880 2968 bella,
2907 2915 3068 2968 quant
3101 2897 3665 2966 concupiscentiarum

2079 2999 2400 3062 carnalium,
2425 3009 2546 3065 qua:
2587 2991 2822 3046 militant
2863 2989 3125 3042 adversus
3165 2987 3422 3050 animam,
3455 2987 3661 3038 descri-

2079 3091 2298 3146 buntur.
2345 3088 2586 3157 Denique
2627 3084 2683 3138 hi
2720 3083 2814 3153 qui
2859 3082 2913 3135 in
2952 3079 3104 3134 vitiis
3135 3087 3388 3148 regnant,
3426 3076 3666 3146 quion

2081 3199 2238 3254 reges
2274 3197 2396 3238 esse
2438 3181 2696 3237 dicuntur
2729 3195 2743 3232 :
2775 3187 2834 3230 ut
2884 3171 3291 3230 evidentissime
3345 3169 3660 3231 doceamur,

386 3255 517 3306 vitia
559 3252 792 3346 militare
819 3251 1140 3346 debeamus,
1174 3262 1228 3305 et
1252 3254 1319 3305 de
1346 3248 1671 3304 habitaculis
1693 3263 1757 3302 ea
1791 3249 1972 3304 carnis
1999 3269 2042 3327 ο
2076 3248 2203 3346 quia
2232 3289 2392 3330 omne
2419 3272 2608 3327 vilium
2640 3268 2784 3338 quod
2813 3273 3005 3334 mgna;
3037 3263 3089 3318 ίη
3122 3275 3382 3329 corpore,
3410 3273 3478 3313 ex
3507 3258 3679 3327 ηυίιι-.

389 3355 588 3402 nostra:
612 3344 906 3414 depellere,
947 3345 1080 3399 istos
1112 3359 1268 3414 reges
1316 3341 1509 3412 fugare
1553 3342 1618 3396 de
1650 3357 1818 3413 regno
1848 3357 1973 3396 cor-

390 3448 534 3516 poris
583 3446 799 3500 nostri:
841 3447 986 3514 quod
1029 3443 1325 3512 Apostolus
1365 3441 1670 3497 evidentius
1701 3442 1971 3512 designat,

389 3540 579 3594 dicens
611 3536 659 3570 "
687 3556 702 3592 :
734 3557 751 3588 ε
787 3537 903 3592 Non
958 3551 1089 3604 ergo
1140 3547 1327 3605 regnet
1363 3545 1644 3603 peccatum
1704 3533 1758 3587 in
1793 3545 1978 3588 vestro

393 3631 612 3688 mortali
668 3645 918 3700 corpore.
961 3647 980 3680 ι
1019 3627 1111 3682 Vis
1142 3638 1324 3681 autem
1362 3627 1544 3680 videre
1573 3625 1830 3695 quoniam
1867 3640 1974 3678 non

391 3725 568 3780 solum
612 3725 753 3792 apud
813 3731 1033 3776 sanctos
1087 3719 1305 3772 nomina
1348 3735 1444 3786 pro
1486 3718 1650 3771 rebus
1695 3726 1976 3785 aptantur,

392 3817 487 3871 sed
518 3815 680 3872 etiam
725 3813 867 3883 apud
927 3811 1160 3881 gentiles
1181 3821 1236 3864 et
1289 3808 1592 3863 barbaros?
1645 3807 1720 3863 De
1772 3809 1978 3862 sanctis

391 3907 611 3978 quidem
641 3915 824 3960 notum
874 3913 960 3958 est
1016 3917 1117 3956 cur
1147 3901 1353 3955 Abram
1387 3901 1665 3954 Abraham
1709 3898 1979 3954 vocitatus

393 3999 485 4064 sit,
521 4007 574 4052 et
607 3996 762 4051 Sarai
789 3995 1022 4059 Sara,et
1045 3992 1214 4047 Jacob
1247 3991 1436 4045 Israel.
1474 3991 1779 4044 Doceamus
1794 3999 1976 4042 autem

392 4088 534 4158 quod
603 4102 720 4141 mos
790 4085 892 4139 iste
948 4083 1215 4137 habeatur
1275 4081 1443 4135 etiam
1499 4079 1640 4149 apud
1685 4079 1976 4132 barbaros.

397 4183 586 4237 Nonne
617 4196 757 4234 unus
784 4194 848 4233 ex
881 4176 1008 4230 [iliis
1035 4174 1201 4230 Israel
1232 4190 1261 4227 a
1285 4174 1604 4243 parentibus
1630 4172 1742 4226 suis
1775 4170 1977 4240 Joseph

395 4289 592 4328 nomen
635 4269 959 4338 acceperat?
1009 4267 1146 4322 Cum
1215 4274 1399 4319 autem
1458 4263 1676 4317 transiit
1712 4263 1765 4315 in
1813 4261 1981 4332 [Egy-

395 4375 542 4430 ptum
596 4371 654 4417 et
709 4359 862 4414 stetit
914 4367 1041 4412 ante
1083 4357 1448 4418 Pharaonem,
1491 4351 1848 4408 couunutavit
1881 4367 1977 4405 no-

396 4469 517 4508 men
571 4453 706 4522 ejus,
734 4463 789 4506 et
829 4451 896 4506 de
937 4448 1137 4516 Joseph
1193 4446 1598 4518 cognominavit
1631 4459 1754 4498 eum
1793 4443 1975 4498 Psomo

397 4547 804 4615 phtomphauec
845 4541 914 4606 ³ο,
938 4541 1083 4610 quod
1113 4540 1294 4607 lingua
1324 4552 1421 4591 sua
1453 4522 1667 4590 Pharao
1703 4535 1769 4588 de
1793 4548 1975 4589 secre-

397 4649 570 4694 torum
623 4637 704 4691 vel
762 4633 1098 4689 somniorum
1157 4629 1494 4685 revelatione
1545 4627 1869 4695 composuit.
1913 4625 1980 4679 Et
2011 4611 2056 4667 Β

395 4747 502 4785 non
535 4727 709 4784 solum
741 4725 941 4795 Joseph
980 4725 1105 4779 huic
1136 4722 1275 4792 apud
1300 4721 1643 4775 Pharaonem
1679 4732 1747 4772 ex
1783 4732 1841 4772 re
1882 4731 1982 4770 no—

395 4837 517 4877 men
549 4828 792 4890 aptatur,
833 4819 930 4872 sed
973 4827 1029 4871 et
1062 4814 1256 4869 Daniel
1291 4815 1344 4867 in
1379 4809 1676 4882 Babylonia
1706 4808 1982 4863 Baltassar

402 4927 711 4980 nominatur
740 4941 753 4977 :
781 4931 836 4977 et
864 4921 1130 4986 Ananias,
1170 4931 1334 4990 atque
1365 4919 1614 4984 Marias,
1672 4925 1727 4973 et
1768 4915 1984 4989 Misael,

397 5027 651 5094 Sidrach,
707 5026 934 5091 Misach,
998 5026 1292 5094 Ahdenago
1348 5020 1662 5076 vocitantur
1700 5017 1768 5070 ³⁸.
1815 5017 1978 5074 Vides

467 5124 514 5157 ⁸⁸
535 5123 698 5178 Num.
722 5138 878 5186 χχχι,
905 5121 959 5176 8.
1038 5123 1080 5154 ³³
1117 5120 1272 5175 Rom.
1309 5133 1386 5185 vn,
1414 5117 1502 5172 I2.

398 5196 444 5232 ³³
474 5195 665 5248 Matth.
700 5193 864 5259 v.29.

471 5285 583 5370 (ρο)
618 5285 772 5353 Mss,
823 5303 842 5337 c
896 5296 1227 5340 memorare.
1279 5298 1298 5332 ι
1329 5278 1487 5335 Libb.
1529 5276 1683 5344 editi,
1721 5294 1740 5328 ‹
1772 5291 1980 5331 memo~

401 5375 534 5416 rari.
573 5377 592 5409 ι

473 5428 586 5500 (ιη)
617 5427 664 5480 Ε
669 5425 753 5478 vin
775 5433 1309 5500 namq-aestimamus
1323 5419 1637 5500 venerimus
1664 5416 1979 5500 intem-reta-

403 5485 508 5552 tur.
529 5485 690 5551 Num.
716 5507 830 5558 xxI,
853 5485 1060 5545 8.'Evin
1080 5491 1346 5544 IIehraice
1377 5489 1637 5558 scribitur
1667 5492 1751 5546 ἡκ
1783 5503 1801 5535 ε
1828 5485 1978 5538 Ενὶ.»

405 5568 560 5634 Quod
581 5579 777 5622 nomen
809 5556 1001 5615 melius
1026 5566 1370 5634 verteretur}
1396 5556 1723 5634 desiderium
1739 5570 1939 5608 meum.
1955 5573 1974 5606 ι

407 5628 516 5694 Sed
541 5639 633 5706 qui
663 5635 872 5705 primus
906 5632 1121 5706 nomina
1156 5628 1424 5706 IIebraica
1465 5630 1852 5696 interpretatus
1875 5634 1981 5687 est,

407 5698 679 5776 quoniam.
712 5704 1013 5776 gutturales
1068 5699 1224 5776 facile
1275 5698 1416 5750 inter
1454 5713 1517 5776 se
1550 5703 1977 5776 commutantur,

408 5765 548 5833 forte
574 5765 767 5831 nomén
803 5780 887 5833 ηδτ
915 5772 1136 5828 deduxit
1158 5771 1224 5824 ab
1252 5775 1352 5829 nan
1374 5785 1391 5820 ι
1426 5769 1530 5823 vita
1556 5807 1570 5834 ,
1623 5767 1833 5833 vivens,
1865 5765 1980 5822 ani-

408 5846 540 5915 mal,
575 5846 768 5908 bestia,
800 5843 935 5899 fera.
952 5865 968 5896 ι

1579 5115 1625 5147 ³⁸
1659 5114 1860 5172 Genes.
1885 5129 1996 5178 xu,
2036 5113 2128 5170 45.

2077 3383 2183 3437 que
2229 3365 2479 3420 sensibus
2521 3361 2737 3431 pendet.
2771 3356 2865 3412 Isti
2887 3369 3016 3425 ergo
3039 3353 3279 3422 quinque
3299 3363 3494 3406 sensus
3519 3348 3664 3416 peri-

2079 3455 2260 3511 mendi
2308 3462 2436 3509 sunt
2479 3452 2546 3505 de
2592 3463 2761 3519 regno
2803 3445 3246 3509 Madianitarum,
3273 3451 3331 3493 ut
3364 3438 3504 3493 ultra
3535 3438 3663 3491 vitia

2079 3565 2185 3604 non
2217 3553 2443 3614 regnent
2464 3557 2629 3612 super
2655 3556 2774 3605 eos,
2795 3539 2889 3593 sed
2911 3535 3147 3606 iustitia,
3167 3549 3233 3587 nc
3262 3532 3327 3586 ad
3351 3528 3665 3585 scandalum

2080 3639 2301 3695 videant
2347 3650 2468 3707 qua:
2514 3633 2728 3698 vident,
2776 3632 2870 3686 sed
2907 3631 2971 3683 ad
3018 3624 3457 3682 :edilicationem.
3512 3621 3668 3690 Apud

2078 3727 2405 3785 Madianitas
2422 3726 2565 3781 enim
2581 3739 2775 3779 sensus
2795 3721 2882 3776 isti
2896 3720 2962 3774 ad
2981 3715 3453 3774 scandalizandum
3470 3727 3668 3782 regna-

2080 3823 2234 3888 bant,
2272 3818 2787 3875 utscandalizarent
2821 3823 2877 3867 et
2906 3812 3244 3880 deciperent.
3275 3807 3339 3861 Et
3377 3805 3501 3860 ideo
3530 3818 3670 3874 pra:-

2078 3919 2222 3988 cepit
2252 3913 2529 3975 Dominus,
2564 3919 2623 3964 ut
2649 3909 2700 3963 si
2734 3919 2785 3962 te
2823 3901 3276 3962 scandalizaverit
3305 3899 3500 3954 oculus
3525 3906 3673 3957 tuus.

2079 3987 2241 4065 eruas
2263 4022 2411 4070 eum,
2431 4005 2476 4060 si
2508 4018 2702 4058 manus
2729 4009 2823 4053 aut
2854 4013 2972 4066 pes,
3007 3994 3297 4050 abscindas
3319 4007 3444 4046 eum
3475 3990 3541 4044 “.
3577 3987 3673 4043 Vi-

2080 4100 2175 4154 des
2202 4111 2352 4167 ergo,
2383 4095 2510 4164 quia
2543 4101 2599 4148 et
2646 4092 2761 4161 ipse
2804 4089 2958 4156 jubet
2990 4083 3234 4140 abscindi
3267 4091 3322 4137 et
3352 4079 3544 4150 perimi
3579 4095 3670 4133 rc-

2081 4206 2178 4260 ges
2217 4184 2730 4244 scandalizantium.
2764 4180 2958 4235 Melius
2997 4187 3099 4242 est,
3137 4175 3336 4244 inquit,
3377 4182 3428 4228 te
3455 4172 3676 4227 luscum

2082 4285 2309 4340 introire
2334 4283 2386 4336 in
2412 4294 2635 4351 regnum
2664 4276 2780 4338 Dei,
2808 4285 3083 4334 mancum,
3105 4277 3198 4322 aut
3217 4267 3672 4332 claudum,quam

2081 4388 2205 4428 cum
2243 4372 2313 4428 iis
2343 4370 2485 4426 mitti
2533 4369 2600 4433 in,
2642 4365 2966 4436 gehennam.
3003 4359 3062 4413 In
3098 4357 3295 4428 quibus
3327 4370 3434 4409 non
3480 4352 3670 4420 utique

2080 4463 2444 4520 ell'odiendum
2496 4457 2744 4531 praecipit
2797 4453 3012 4509 oculum
3059 4448 3306 4520 corporis
3351 4446 3543 4510 nostri,
3568 4458 3668 4498 nec

2083 4569 2327 4619 manum,
2351 4563 2445 4606 aut
2474 4551 2662 4621 pedem
2687 4545 3111 4604 abscindendum
3139 4539 3266 4595 :sed
3299 4552 3518 4594 sensum
3546 4550 3672 4590 car-

2085 4645 2229 4702 nalia
2281 4644 2608 4701 sentientem
2652 4649 2708 4696 et
2753 4634 3207 4706 concupiscentiis
3248 4630 3562 4687 carnalibus
3591 4627 3673 4681 Ia-

2085 4741 2410 4796 scivientem
2459 4739 2680 4791 mandat
2710 4733 2955 4789 abscindi
2987 4748 3005 4786 :
3040 4738 3098 4784 ut
3128 4725 3273 4782 oculi
3319 4722 3487 4779 nostri
3521 4729 3670 4776 recta

2085 4835 2323 4897 videant,
2355 4841 2411 4886 et
2457 4844 2620 4886 aures
2673 4836 2870 4883 nostra:
2911 4832 3062 4878 recta
3095 4819 3340 4884 audiant,
3377 4826 3432 4871 et
3483 4820 3674 4882 gustus

2087 4935 2277 4981 noster
2331 4925 2558 4979 verbum
2603 4921 2696 4976 Dei
2733 4926 2934 4990 gustet,
2971 4927 3275 4982 manusque
3319 4917 3522 4964 nostra:
3553 4903 3672 4975 pal-

2085 5028 2216 5087 pent
2254 5024 2309 5072 et
2337 5014 2656 5084 contingant
2688 5011 2754 5066 de
2785 5009 2964 5065 Verbo
2996 5006 3113 5062 Dei.
3145 5003 3213 5059 Et
3235 5005 3336 5058 hoc
3367 5009 3452 5056 est
3486 4999 3538 5052 in
3565 5011 3676 5068 quo

2207 5115 2251 5147 ³⁸
2282 5113 2418 5167 Dan.
2449 5128 2486 5177 t,
2511 5111 2565 5166 7.
2642 5107 2690 5140 ³³
2717 5105 2884 5162 Eccli.
2912 5121 2951 5170 ι,
2978 5105 3032 5157 ἓ.
3128 5100 3174 5134 ³³
3210 5098 3404 5154 Matth.
3435 5110 3534 5161 xu,
3567 5093 3660 5149 56.

2163 5269 2277 5343 (42)
2309 5267 2423 5339 Ego
2455 5277 2581 5334 puto
2601 5263 2742 5334 quod
2764 5261 2975 5316 nomina
3020 5260 3130 5316 haec
3177 5255 3456 5330 Scriptura
3490 5248 3672 5330 diuina

2165 5361 2198 5391 ιι
2237 5356 2331 5391 oro
2370 5337 2593 5391 historia
2621 5333 2939 5391 narraverit,
2979 5346 3085 5385 etc.
3134 5325 3268 5378 Vide
3316 5321 3668 5391 Ortgemano-

2093 5337 2198 5396 non
2235 5337 2331 5408 pro
2361 5337 2593 5392 historia
2621 5337 2939 5396 narraverit,
2979 5346 3085 5385 etc.
3140 5337 3268 5378 Vide
3316 5337 3444 5391 urtg

2098 5428 2217 5466 rum
2256 5410 2350 5464 lib.
2389 5423 2451 5474 Il,
2493 5416 2699 5477 quaest.
2731 5403 2818 5465 I5.
2857 5400 3069 5477 ωιτη-,3
3091 5408 3145 5453 et
3176 5395 3264 5449 I4.
3303 5471 3315 5477 Δ

2164 5481 2277 5551 (45)
2309 5471 2527 5543 Bacon;
2561 5476 2700 5547 quod
2758 5483 2850 5551 ut
2875 5474 2932 5526 in
2978 5473 3170 5551 lingua
3197 5471 3668 5518 nostratmsn'ts.

2093 5537 2272 5606 Radix,
2303 5559 2387 5604 est
2408 5537 2518 5612 pt‘i
2550 5537 2898 5602 (evacuavit.
2925 5537 3194 5595 exhausit.
3221 5552 3241 5583 ›

2308 5597 2571 5694 iii-ﬂatu
2585 5597 2964 5694 interpretatur
2974 5599 3378 5694 magalia-ﬁll
3527 5597 3666 5694 αρετιά

2090 5667 2275 5759 ese-il
2298 5667 2996 5754 aiiés'éér’éféipauescere
3037 5695 3056 5727 ι
3087 5671 3302 5744 proprie
3339 5687 3357 5720 ‹
3407 5682 3515 5736 prae
3555 5667 3667 5724 ira-

2089 5764 2307 5820 cundia.
2350 5778 2370 5815 ι
