  <div class='ocr_page' id='page_1' title='image "/cluster/home/n/w/nwhite01/storage/ocr_20150623/12:no.2/coo.31924054873074/397.png"; bbox 0 0 4134 6438; ppageno 0'>
   <div class='ocr_carea' id='block_1_1' title="bbox 440 412 541 468">
    <p class='ocr_par' dir='ltr' id='par_1_1' title="bbox 440 412 541 468">
     <span class='ocr_line' id='line_1_1' title="bbox 440 412 541 468; baseline -0.03 0"><span class='ocrx_word' id='word_1_1' title='bbox 440 412 541 468; x_wconf 79' lang='grc' dir='ltr'><strong>ἸϐἹ</strong></span> 
     </span>
    </p>
   </div>
   <div class='ocr_carea' id='block_1_2' title="bbox 1912 396 2232 455">
    <p class='ocr_par' dir='ltr' id='par_1_2' title="bbox 1912 396 2232 455">
     <span class='ocr_line' id='line_1_2' title="bbox 1912 396 2232 455; baseline -0.009 0"><span class='ocrx_word' id='word_1_2' title='bbox 1912 396 2232 455; x_wconf 81' lang='lat' dir='ltr'><strong>ORIGENIS</strong></span> 
     </span>
    </p>
   </div>
   <div class='ocr_carea' id='block_1_3' title="bbox 3593 403 3696 457">
    <p class='ocr_par' dir='ltr' id='par_1_3' title="bbox 3593 403 3696 457">
     <span class='ocr_line' id='line_1_3' title="bbox 3593 403 3696 457; baseline 0.01 -1"><span class='ocrx_word' id='word_1_3' title='bbox 3593 403 3696 457; x_wconf 82' lang='grc'><strong>768</strong></span> 
     </span>
    </p>
   </div>
   <div class='ocr_carea' id='block_1_4' title="bbox 432 490 3695 586">
    <p class='ocr_par' dir='ltr' id='par_1_4' title="bbox 432 490 3695 586">
     <span class='ocr_line' id='line_1_4' title="bbox 432 490 3695 586; baseline 0.002 -21"><span class='ocrx_word' id='word_1_4' title='bbox 432 513 728 582; x_wconf 78' lang='lat' dir='ltr'><strong>peremptis</strong></span> <span class='ocrx_word' id='word_1_5' title='bbox 763 513 976 582; x_wconf 83' lang='lat' dir='ltr'><strong>regibus</strong></span> <span class='ocrx_word' id='word_1_6' title='bbox 1020 511 1463 578; x_wconf 80' lang='lat' dir='ltr'><strong>Madianitarum,</strong></span> <span class='ocrx_word' id='word_1_7' title='bbox 1509 490 1565 569; x_wconf 81' lang='lat' dir='ltr'><strong>et</strong></span> <span class='ocrx_word' id='word_1_8' title='bbox 1614 514 1852 569; x_wconf 88' lang='lat' dir='ltr'><strong>scandali</strong></span> <span class='ocrx_word' id='word_1_9' title='bbox 1892 513 2016 569; x_wconf 82' lang='lat' dir='ltr'><strong>ali&#39;e-</strong></span> <span class='ocrx_word' id='word_1_10' title='bbox 2041 519 2091 575; x_wconf 82' lang='grc' dir='ltr'>Α</span> <span class='ocrx_word' id='word_1_11' title='bbox 2121 513 2272 568; x_wconf 90' lang='lat' dir='ltr'><strong>Beati</strong></span> <span class='ocrx_word' id='word_1_12' title='bbox 2310 522 2438 568; x_wconf 91' lang='lat' dir='ltr'><strong>sunt</strong></span> <span class='ocrx_word' id='word_1_13' title='bbox 2464 514 2575 578; x_wconf 89' lang='lat' dir='ltr'><strong>isti,</strong></span> <span class='ocrx_word' id='word_1_14' title='bbox 2612 513 2703 585; x_wconf 91' lang='lat' dir='ltr'><strong>qtti</strong></span> <span class='ocrx_word' id='word_1_15' title='bbox 2735 530 2832 584; x_wconf 88' lang='lat' dir='ltr'><strong>pro</strong></span> <span class='ocrx_word' id='word_1_16' title='bbox 2862 514 3007 569; x_wconf 92' lang='lat' dir='ltr'><strong>omni</strong></span> <span class='ocrx_word' id='word_1_17' title='bbox 3052 514 3246 584; x_wconf 87' lang='lat' dir='ltr'><strong>popqu</strong></span> <span class='ocrx_word' id='word_1_18' title='bbox 3278 530 3517 585; x_wconf 86' lang='lat' dir='ltr'><strong>pugnare</strong></span> <span class='ocrx_word' id='word_1_19' title='bbox 3568 532 3695 586; x_wconf 84' lang='lat' dir='ltr'><strong>pos-</strong></span> 
     </span>
    </p>
   </div>
   <div class='ocr_carea' id='block_1_5' title="bbox 432 604 2014 678">
    <p class='ocr_par' dir='ltr' id='par_1_5' title="bbox 432 604 2014 678">
     <span class='ocr_line' id='line_1_5' title="bbox 432 604 2014 678; baseline 0.004 -22"><span class='ocrx_word' id='word_1_20' title='bbox 432 604 607 658; x_wconf 82' lang='lat' dir='ltr'><strong>ctibus</strong></span> <span class='ocrx_word' id='word_1_21' title='bbox 657 606 974 673; x_wconf 89' lang='lat' dir='ltr'><strong>amputatis,</strong></span> <span class='ocrx_word' id='word_1_22' title='bbox 1008 618 1199 677; x_wconf 88' lang='lat' dir='ltr'><strong>regnat</strong></span> <span class='ocrx_word' id='word_1_23' title='bbox 1232 608 1285 662; x_wconf 90' lang='lat' dir='ltr'><strong>in</strong></span> <span class='ocrx_word' id='word_1_24' title='bbox 1322 609 1477 663; x_wconf 91' lang='lat' dir='ltr'><strong>nobis</strong></span> <span class='ocrx_word' id='word_1_25' title='bbox 1501 607 1713 678; x_wconf 87' lang='lat' dir='ltr'><strong>justitia</strong></span> <span class='ocrx_word' id='word_1_26' title='bbox 1761 608 1879 677; x_wconf 90' lang='lat' dir='ltr'><strong>ipse</strong></span> <span class='ocrx_word' id='word_1_27' title='bbox 1906 608 2014 662; x_wconf 86' lang='lat' dir='ltr'><strong>Do-</strong></span> 
     </span>
    </p>
   </div>
   <div class='ocr_carea' id='block_1_6' title="bbox 434 696 2015 771">
    <p class='ocr_par' dir='ltr' id='par_1_6' title="bbox 434 696 2015 771">
     <span class='ocr_line' id='line_1_6' title="bbox 434 696 2015 771; baseline 0.004 -22"><span class='ocrx_word' id='word_1_28' title='bbox 434 698 613 751; x_wconf 89' lang='lat' dir='ltr'><strong>minus</strong></span> <span class='ocrx_word' id='word_1_29' title='bbox 655 706 841 753; x_wconf 87' lang='lat' dir='ltr'><strong>noster</strong></span> <span class='ocrx_word' id='word_1_30' title='bbox 887 696 1044 754; x_wconf 86' lang='lat' dir='ltr'><strong>Jesus</strong></span> <span class='ocrx_word' id='word_1_31' title='bbox 1078 699 1326 756; x_wconf 89' lang='lat' dir='ltr'><strong>Christus</strong></span> <span class='ocrx_word' id='word_1_32' title='bbox 1348 743 1363 767; x_wconf 93' lang='lat'><strong>,</strong></span> <span class='ocrx_word' id='word_1_33' title='bbox 1392 701 1484 771; x_wconf 88' lang='lat' dir='ltr'><strong>qui</strong></span> <span class='ocrx_word' id='word_1_34' title='bbox 1537 700 1713 755; x_wconf 89' lang='lat' dir='ltr'><strong>factus</strong></span> <span class='ocrx_word' id='word_1_35' title='bbox 1744 710 1826 755; x_wconf 92' lang='lat' dir='ltr'><strong>est</strong></span> <span class='ocrx_word' id='word_1_36' title='bbox 1857 702 2015 755; x_wconf 92' lang='lat' dir='ltr'><strong>nobis</strong></span> 
     </span>
    </p>
   </div>
   <div class='ocr_carea' id='block_1_7' title="bbox 426 791 2017 865">
    <p class='ocr_par' dir='ltr' id='par_1_7' title="bbox 426 791 2017 865">
     <span class='ocr_line' id='line_1_7' title="bbox 426 791 2017 865; baseline 0.002 -19"><span class='ocrx_word' id='word_1_37' title='bbox 426 791 635 861; x_wconf 75' lang='lat' dir='ltr'><strong>iustitia</strong></span> <span class='ocrx_word' id='word_1_38' title='bbox 668 807 697 845; x_wconf 90' lang='lat' dir='ltr'><strong>a</strong></span> <span class='ocrx_word' id='word_1_39' title='bbox 732 793 861 858; x_wconf 91' lang='lat' dir='ltr'><strong>Deo,</strong></span> <span class='ocrx_word' id='word_1_40' title='bbox 893 806 947 847; x_wconf 91' lang='lat' dir='ltr'><strong>et</strong></span> <span class='ocrx_word' id='word_1_41' title='bbox 976 808 1098 861; x_wconf 82' lang='lat' dir='ltr'><strong>pax.</strong></span> <span class='ocrx_word' id='word_1_42' title='bbox 1136 806 1191 848; x_wconf 93' lang='lat' dir='ltr'><strong>et</strong></span> <span class='ocrx_word' id='word_1_43' title='bbox 1219 795 1537 864; x_wconf 73' lang='lat' dir='ltr'><strong>redemptio.</strong></span> <span class='ocrx_word' id='word_1_44' title='bbox 1573 795 1740 865; x_wconf 88' lang='lat' dir='ltr'><strong>Igitur</strong></span> <span class='ocrx_word' id='word_1_45' title='bbox 1779 811 1845 849; x_wconf 83' lang='lat' dir='ltr'><strong>ex</strong></span> <span class='ocrx_word' id='word_1_46' title='bbox 1879 811 2017 863; x_wconf 74' lang='lat' dir='ltr'><strong>pra:-</strong></span> 
     </span>
    </p>
   </div>
   <div class='ocr_carea' id='block_1_8' title="bbox 432 884 2016 955">
    <p class='ocr_par' dir='ltr' id='par_1_8' title="bbox 432 884 2016 955">
     <span class='ocr_line' id='line_1_8' title="bbox 432 884 2016 955; baseline 0.003 -16"><span class='ocrx_word' id='word_1_47' title='bbox 432 895 587 955; x_wconf 90' lang='lat' dir='ltr'><strong>cepto</strong></span> <span class='ocrx_word' id='word_1_48' title='bbox 640 884 851 939; x_wconf 90' lang='lat' dir='ltr'><strong>Domini</strong></span> <span class='ocrx_word' id='word_1_49' title='bbox 888 901 916 938; x_wconf 92' lang='lat' dir='ltr'><strong>a</strong></span> <span class='ocrx_word' id='word_1_50' title='bbox 967 885 1093 941; x_wconf 90' lang='lat' dir='ltr'><strong>filiis</strong></span> <span class='ocrx_word' id='word_1_51' title='bbox 1141 886 1310 942; x_wconf 90' lang='lat' dir='ltr'><strong>Israel</strong></span> <span class='ocrx_word' id='word_1_52' title='bbox 1351 891 1638 946; x_wconf 90' lang='lat' dir='ltr'><strong>adversum</strong></span> <span class='ocrx_word' id='word_1_53' title='bbox 1686 888 2016 943; x_wconf 87' lang='lat' dir='ltr'><strong>Madianitas</strong></span> 
     </span>
    </p>
   </div>
   <div class='ocr_carea' id='block_1_9' title="bbox 433 976 2013 1050">
    <p class='ocr_par' dir='ltr' id='par_1_9' title="bbox 433 976 2013 1050">
     <span class='ocr_line' id='line_1_9' title="bbox 433 976 2013 1050; baseline 0.003 -19"><span class='ocrx_word' id='word_1_54' title='bbox 433 976 569 1031; x_wconf 91' lang='lat' dir='ltr'><strong>bella</strong></span> <span class='ocrx_word' id='word_1_55' title='bbox 603 978 849 1032; x_wconf 89' lang='lat' dir='ltr'><strong>confecta</strong></span> <span class='ocrx_word' id='word_1_56' title='bbox 881 989 1029 1044; x_wconf 91' lang='lat' dir='ltr'><strong>sunt,</strong></span> <span class='ocrx_word' id='word_1_57' title='bbox 1055 979 1226 1049; x_wconf 87' lang='lat' dir='ltr'><strong>spolia</strong></span> <span class='ocrx_word' id='word_1_58' title='bbox 1257 995 1323 1035; x_wconf 78' lang='lat' dir='ltr'><strong>ex</strong></span> <span class='ocrx_word' id='word_1_59' title='bbox 1350 982 1481 1050; x_wconf 91' lang='lat' dir='ltr'><strong>ipsis</strong></span> <span class='ocrx_word' id='word_1_60' title='bbox 1511 984 1726 1047; x_wconf 90' lang='lat' dir='ltr'><strong>copiosa</strong></span> <span class='ocrx_word' id='word_1_61' title='bbox 1761 982 2013 1037; x_wconf 84' lang='lat' dir='ltr'><strong>referun—</strong></span> 
     </span>
    </p>
   </div>
   <div class='ocr_carea' id='block_1_10' title="bbox 432 1070 2015 1143">
    <p class='ocr_par' dir='ltr' id='par_1_10' title="bbox 432 1070 2015 1143">
     <span class='ocr_line' id='line_1_10' title="bbox 432 1070 2015 1143; baseline 0.004 -21"><span class='ocrx_word' id='word_1_62' title='bbox 432 1077 542 1135; x_wconf 90' lang='lat' dir='ltr'><strong>tur,</strong></span> <span class='ocrx_word' id='word_1_63' title='bbox 576 1070 694 1123; x_wconf 91' lang='lat' dir='ltr'><strong>auri</strong></span> <span class='ocrx_word' id='word_1_64' title='bbox 754 1079 917 1138; x_wconf 92' lang='lat' dir='ltr'><strong>atque</strong></span> <span class='ocrx_word' id='word_1_65' title='bbox 964 1071 1196 1141; x_wconf 77' lang='lat' dir='ltr'><strong>argenti,</strong></span> <span class='ocrx_word' id='word_1_66' title='bbox 1242 1083 1676 1143; x_wconf 66' lang='lat' dir='ltr'><strong>etetcrorumque</strong></span> <span class='ocrx_word' id='word_1_67' title='bbox 1732 1074 2015 1129; x_wconf 87' lang='lat' dir='ltr'><strong>mobilium</strong></span> 
     </span>
    </p>
   </div>
   <div class='ocr_carea' id='block_1_11' title="bbox 434 1160 2017 1237">
    <p class='ocr_par' dir='ltr' id='par_1_11' title="bbox 434 1160 2017 1237">
     <span class='ocr_line' id='line_1_11' title="bbox 434 1160 2017 1237; baseline 0.006 -24"><span class='ocrx_word' id='word_1_68' title='bbox 434 1160 645 1229; x_wconf 87' lang='lat' dir='ltr'><strong>pondus</strong></span> <span class='ocrx_word' id='word_1_69' title='bbox 703 1162 1061 1230; x_wconf 91' lang='lat' dir='ltr'><strong>immensum,</strong></span> <span class='ocrx_word' id='word_1_70' title='bbox 1111 1164 1514 1233; x_wconf 87' lang='lat' dir='ltr'><strong>jttmentorum,</strong></span> <span class='ocrx_word' id='word_1_71' title='bbox 1570 1168 2017 1237; x_wconf 85' lang='lat' dir='ltr'><strong>captivorumque</strong></span> 
     </span>
    </p>
   </div>
   <div class='ocr_carea' id='block_1_12' title="bbox 434 1252 2015 1326">
    <p class='ocr_par' dir='ltr' id='par_1_12' title="bbox 434 1252 2015 1326">
     <span class='ocr_line' id='line_1_12' title="bbox 434 1252 2015 1326; baseline 0.008 -25"><span class='ocrx_word' id='word_1_72' title='bbox 434 1266 691 1306; x_wconf 89' lang='lat' dir='ltr'><strong>nmnerus</strong></span> <span class='ocrx_word' id='word_1_73' title='bbox 752 1252 1034 1320; x_wconf 87' lang='lat' dir='ltr'><strong>plurimus.</strong></span> <span class='ocrx_word' id='word_1_74' title='bbox 1092 1253 1289 1309; x_wconf 87' lang='lat' dir='ltr'><strong>Verum</strong></span> <span class='ocrx_word' id='word_1_75' title='bbox 1344 1260 1600 1326; x_wconf 90' lang='lat' dir='ltr'><strong>quoniam</strong></span> <span class='ocrx_word' id='word_1_76' title='bbox 1656 1270 1853 1313; x_wconf 88' lang='lat' dir='ltr'><strong>cuncta</strong></span> <span class='ocrx_word' id='word_1_77' title='bbox 1899 1260 2015 1314; x_wconf 66' lang='lat' dir='ltr'><strong>haec</strong></span> 
     </span>
    </p>
   </div>
   <div class='ocr_carea' id='block_1_13' title="bbox 432 1344 2016 1419">
    <p class='ocr_par' dir='ltr' id='par_1_13' title="bbox 432 1344 2016 1419">
     <span class='ocr_line' id='line_1_13' title="bbox 432 1344 2016 1419; baseline 0.008 -23"><span class='ocrx_word' id='word_1_78' title='bbox 432 1345 571 1414; x_wconf 89' lang='lat' dir='ltr'><strong>apud</strong></span> <span class='ocrx_word' id='word_1_79' title='bbox 602 1344 870 1399; x_wconf 88' lang='lat' dir='ltr'><strong>lsraelitas</strong></span> <span class='ocrx_word' id='word_1_80' title='bbox 909 1345 1185 1400; x_wconf 90' lang='lat' dir='ltr'><strong>immunda</strong></span> <span class='ocrx_word' id='word_1_81' title='bbox 1235 1349 1528 1414; x_wconf 88' lang='lat' dir='ltr'><strong>ducuntur,</strong></span> <span class='ocrx_word' id='word_1_82' title='bbox 1562 1352 1869 1419; x_wconf 89' lang='lat' dir='ltr'><strong>purificatio</strong></span> <span class='ocrx_word' id='word_1_83' title='bbox 1902 1353 2016 1407; x_wconf 90' lang='lat' dir='ltr'><strong>sin-</strong></span> 
     </span>
    </p>
   </div>
   <div class='ocr_carea' id='block_1_14' title="bbox 430 1434 2014 1514">
    <p class='ocr_par' dir='ltr' id='par_1_14' title="bbox 430 1434 2014 1514">
     <span class='ocr_line' id='line_1_14' title="bbox 430 1434 2014 1514; baseline 0.009 -29"><span class='ocrx_word' id='word_1_84' title='bbox 430 1434 571 1502; x_wconf 82' lang='lat' dir='ltr'><strong>gulis</strong></span> <span class='ocrx_word' id='word_1_85' title='bbox 606 1435 912 1504; x_wconf 81' lang='lat' dir='ltr'><strong>quibusque</strong></span> <span class='ocrx_word' id='word_1_86' title='bbox 967 1447 1281 1506; x_wconf 86' lang='lat' dir='ltr'><strong>competens</strong></span> <span class='ocrx_word' id='word_1_87' title='bbox 1337 1439 1626 1494; x_wconf 84' lang='lat' dir='ltr'><strong>adhibetur</strong></span> <span class='ocrx_word' id='word_1_88' title='bbox 1658 1457 1673 1493; x_wconf 91' lang='lat'><strong>:</strong></span> <span class='ocrx_word' id='word_1_89' title='bbox 1711 1453 1764 1497; x_wconf 89' lang='lat' dir='ltr'><strong>et</strong></span> <span class='ocrx_word' id='word_1_90' title='bbox 1797 1459 1859 1498; x_wconf 91' lang='lat' dir='ltr'><strong>ea</strong></span> <span class='ocrx_word' id='word_1_91' title='bbox 1891 1446 2014 1514; x_wconf 84' lang='lat' dir='ltr'><strong>qui-</strong></span> 
     </span>
    </p>
   </div>
   <div class='ocr_carea' id='block_1_15' title="bbox 431 1527 2014 1604">
    <p class='ocr_par' dir='ltr' id='par_1_15' title="bbox 431 1527 2014 1604">
     <span class='ocr_line' id='line_1_15' title="bbox 431 1527 2014 1604; baseline 0.008 -27"><span class='ocrx_word' id='word_1_92' title='bbox 431 1527 575 1590; x_wconf 88' lang='lat' dir='ltr'><strong>dem,</strong></span> <span class='ocrx_word' id='word_1_93' title='bbox 608 1541 727 1593; x_wconf 81' lang='lat' dir='ltr'><strong>quae</strong></span> <span class='ocrx_word' id='word_1_94' title='bbox 762 1542 828 1580; x_wconf 81' lang='lat' dir='ltr'><strong>ex</strong></span> <span class='ocrx_word' id='word_1_95' title='bbox 859 1527 1088 1583; x_wconf 91' lang='lat' dir='ltr'><strong>metallis</strong></span> <span class='ocrx_word' id='word_1_96' title='bbox 1120 1538 1393 1593; x_wconf 85' lang='lat' dir='ltr'><strong>constant,</strong></span> <span class='ocrx_word' id='word_1_97' title='bbox 1416 1532 1552 1601; x_wconf 84' lang='lat' dir='ltr'><strong>ignis</strong></span> <span class='ocrx_word' id='word_1_98' title='bbox 1583 1533 1868 1601; x_wconf 91' lang='lat' dir='ltr'><strong>purificat;</strong></span> <span class='ocrx_word' id='word_1_99' title='bbox 1891 1550 2014 1604; x_wconf 74' lang='lat' dir='ltr'><strong>qua:</strong></span> 
     </span>
    </p>
   </div>
   <div class='ocr_carea' id='block_1_16' title="bbox 431 1617 2011 1696">
    <p class='ocr_par' dir='ltr' id='par_1_16' title="bbox 431 1617 2011 1696">
     <span class='ocr_line' id='line_1_16' title="bbox 431 1617 2011 1696; baseline 0.009 -29"><span class='ocrx_word' id='word_1_100' title='bbox 431 1631 561 1670; x_wconf 83' lang='lat' dir='ltr'><strong>vero</strong></span> <span class='ocrx_word' id='word_1_101' title='bbox 612 1617 889 1687; x_wconf 80' lang='lat' dir='ltr'><strong>fragiliora</strong></span> <span class='ocrx_word' id='word_1_102' title='bbox 950 1628 1076 1673; x_wconf 88' lang='lat' dir='ltr'><strong>sunt</strong></span> <span class='ocrx_word' id='word_1_103' title='bbox 1134 1632 1187 1674; x_wconf 92' lang='lat' dir='ltr'><strong>et</strong></span> <span class='ocrx_word' id='word_1_104' title='bbox 1241 1622 1419 1688; x_wconf 83' lang='lat' dir='ltr'><strong>ignem</strong></span> <span class='ocrx_word' id='word_1_105' title='bbox 1474 1640 1579 1677; x_wconf 92' lang='lat' dir='ltr'><strong>non</strong></span> <span class='ocrx_word' id='word_1_106' title='bbox 1625 1622 1828 1692; x_wconf 89' lang='lat' dir='ltr'><strong>ferunt,</strong></span> <span class='ocrx_word' id='word_1_107' title='bbox 1870 1642 2011 1696; x_wconf 89' lang='lat' dir='ltr'><strong>aqua</strong></span> 
     </span>
    </p>
   </div>
   <div class='ocr_carea' id='block_1_17' title="bbox 431 1710 2014 1789">
    <p class='ocr_par' dir='ltr' id='par_1_17' title="bbox 431 1710 2014 1789">
     <span class='ocr_line' id='line_1_17' title="bbox 431 1710 2014 1789; baseline 0.009 -28"><span class='ocrx_word' id='word_1_108' title='bbox 431 1710 705 1777; x_wconf 85' lang='lat' dir='ltr'><strong>purificari</strong></span> <span class='ocrx_word' id='word_1_109' title='bbox 735 1714 1015 1780; x_wconf 90' lang='lat' dir='ltr'><strong>jubentur.</strong></span> <span class='ocrx_word' id='word_1_110' title='bbox 1045 1715 1210 1769; x_wconf 91' lang='lat' dir='ltr'><strong>Fiunt</strong></span> <span class='ocrx_word' id='word_1_111' title='bbox 1248 1729 1379 1785; x_wconf 88' lang='lat' dir='ltr'><strong>ergo</strong></span> <span class='ocrx_word' id='word_1_112' title='bbox 1414 1732 1481 1771; x_wconf 83' lang='lat' dir='ltr'><strong>ex</strong></span> <span class='ocrx_word' id='word_1_113' title='bbox 1516 1718 1769 1773; x_wconf 90' lang='lat' dir='ltr'><strong>omnibus</strong></span> <span class='ocrx_word' id='word_1_114' title='bbox 1821 1719 2014 1789; x_wconf 90' lang='lat' dir='ltr'><strong>spoliis</strong></span> 
     </span>
    </p>
   </div>
   <div class='ocr_carea' id='block_1_18' title="bbox 428 1804 2008 1877">
    <p class='ocr_par' dir='ltr' id='par_1_18' title="bbox 428 1804 2008 1877">
     <span class='ocr_line' id='line_1_18' title="bbox 428 1804 2008 1877; baseline 0.006 -23"><span class='ocrx_word' id='word_1_115' title='bbox 428 1804 663 1870; x_wconf 85' lang='lat' dir='ltr'><strong>aequales</strong></span> <span class='ocrx_word' id='word_1_116' title='bbox 686 1806 803 1859; x_wconf 68' lang='lat' dir='ltr'><strong>dua:</strong></span> <span class='ocrx_word' id='word_1_117' title='bbox 828 1817 1031 1872; x_wconf 90' lang='lat' dir='ltr'><strong>partes,</strong></span> <span class='ocrx_word' id='word_1_118' title='bbox 1059 1816 1115 1860; x_wconf 92' lang='lat' dir='ltr'><strong>ut</strong></span> <span class='ocrx_word' id='word_1_119' title='bbox 1142 1823 1247 1861; x_wconf 90' lang='lat' dir='ltr'><strong>una</strong></span> <span class='ocrx_word' id='word_1_120' title='bbox 1270 1810 1339 1862; x_wconf 84' lang='lat' dir='ltr'><strong>sit</strong></span> <span class='ocrx_word' id='word_1_121' title='bbox 1370 1823 1555 1862; x_wconf 91' lang='lat' dir='ltr'><strong>eorum</strong></span> <span class='ocrx_word' id='word_1_122' title='bbox 1600 1811 1688 1877; x_wconf 90' lang='lat' dir='ltr'><strong>qui</strong></span> <span class='ocrx_word' id='word_1_123' title='bbox 1714 1810 1777 1863; x_wconf 91' lang='lat' dir='ltr'><strong>ad</strong></span> <span class='ocrx_word' id='word_1_124' title='bbox 1811 1810 2008 1864; x_wconf 90' lang='lat' dir='ltr'><strong>bellum</strong></span> 
     </span>
    </p>
   </div>
   <div class='ocr_carea' id='block_1_19' title="bbox 431 1897 2015 1966">
    <p class='ocr_par' dir='ltr' id='par_1_19' title="bbox 431 1897 2015 1966">
     <span class='ocr_line' id='line_1_19' title="bbox 431 1897 2015 1966; baseline 0.006 -22"><span class='ocrx_word' id='word_1_125' title='bbox 431 1905 834 1961; x_wconf 82' lang='lat' dir='ltr'><strong>processerant,</strong></span> <span class='ocrx_word' id='word_1_126' title='bbox 869 1906 923 1950; x_wconf 90' lang='lat' dir='ltr'><strong>et</strong></span> <span class='ocrx_word' id='word_1_127' title='bbox 951 1897 1059 1949; x_wconf 89' lang='lat' dir='ltr'><strong>alia</strong></span> <span class='ocrx_word' id='word_1_128' title='bbox 1101 1912 1289 1952; x_wconf 89' lang='lat' dir='ltr'><strong>eorum</strong></span> <span class='ocrx_word' id='word_1_129' title='bbox 1330 1900 1420 1966; x_wconf 92' lang='lat' dir='ltr'><strong>qui</strong></span> <span class='ocrx_word' id='word_1_130' title='bbox 1462 1900 1514 1952; x_wconf 88' lang='lat' dir='ltr'><strong>itt</strong></span> <span class='ocrx_word' id='word_1_131' title='bbox 1560 1902 1759 1955; x_wconf 89' lang='lat' dir='ltr'><strong>castris</strong></span> <span class='ocrx_word' id='word_1_132' title='bbox 1798 1902 2015 1954; x_wconf 83' lang='lat' dir='ltr'><strong>resede-</strong></span> 
     </span>
    </p>
   </div>
   <div class='ocr_carea' id='block_1_20' title="bbox 433 1980 2013 2049">
    <p class='ocr_par' dir='ltr' id='par_1_20' title="bbox 433 1980 2013 2049">
     <span class='ocr_line' id='line_1_20' title="bbox 433 1980 2013 2049; baseline 0.011 -17"><span class='ocrx_word' id='word_1_133' title='bbox 433 1991 574 2034; x_wconf 86' lang='lat' dir='ltr'><strong>rant.</strong></span> <span class='ocrx_word' id='word_1_134' title='bbox 606 1980 876 2037; x_wconf 82' lang='lat' dir='ltr'><strong>Jnhentur</strong></span> <span class='ocrx_word' id='word_1_135' title='bbox 905 1986 1067 2038; x_wconf 90' lang='lat' dir='ltr'><strong>etiam</strong></span> <span class='ocrx_word' id='word_1_136' title='bbox 1096 2002 1160 2039; x_wconf 82' lang='lat' dir='ltr'><strong>ex</strong></span> <span class='ocrx_word' id='word_1_137' title='bbox 1200 1987 1265 2041; x_wconf 91' lang='lat' dir='ltr'><strong>iis</strong></span> <span class='ocrx_word' id='word_1_138' title='bbox 1290 1986 1489 2041; x_wconf 79' lang='lat' dir='ltr'><strong>offerre</strong></span> <span class='ocrx_word' id='word_1_139' title='bbox 1525 1987 1576 2042; x_wconf 93' lang='lat' dir='ltr'><strong>in</strong></span> <span class='ocrx_word' id='word_1_140' title='bbox 1618 1989 1754 2044; x_wconf 90' lang='lat' dir='ltr'><strong>dona</strong></span> <span class='ocrx_word' id='word_1_141' title='bbox 1781 1992 1911 2047; x_wconf 90' lang='lat' dir='ltr'><strong>Dei:</strong></span> <span class='ocrx_word' id='word_1_142' title='bbox 1938 1992 2013 2049; x_wconf 92' lang='lat' dir='ltr'><strong>illi</strong></span> 
     </span>
    </p>
   </div>
   <div class='ocr_carea' id='block_1_21' title="bbox 429 2072 2014 2152">
    <p class='ocr_par' dir='ltr' id='par_1_21' title="bbox 429 2072 2014 2152">
     <span class='ocr_line' id='line_1_21' title="bbox 429 2072 2014 2152; baseline 0.011 -29"><span class='ocrx_word' id='word_1_143' title='bbox 429 2072 647 2140; x_wconf 82' lang='lat' dir='ltr'><strong>quidem</strong></span> <span class='ocrx_word' id='word_1_144' title='bbox 676 2076 765 2142; x_wconf 92' lang='lat' dir='ltr'><strong>qui</strong></span> <span class='ocrx_word' id='word_1_145' title='bbox 793 2085 1175 2144; x_wconf 84' lang='lat' dir='ltr'><strong>processerant</strong></span> <span class='ocrx_word' id='word_1_146' title='bbox 1197 2079 1261 2131; x_wconf 91' lang='lat' dir='ltr'><strong>ad</strong></span> <span class='ocrx_word' id='word_1_147' title='bbox 1297 2080 1518 2149; x_wconf 86' lang='lat' dir='ltr'><strong>bellum,</strong></span> <span class='ocrx_word' id='word_1_148' title='bbox 1549 2100 1714 2137; x_wconf 92' lang='lat' dir='ltr'><strong>unum</strong></span> <span class='ocrx_word' id='word_1_149' title='bbox 1744 2093 1907 2152; x_wconf 90' lang='lat' dir='ltr'><strong>caput</strong></span> <span class='ocrx_word' id='word_1_150' title='bbox 1946 2100 2014 2139; x_wconf 80' lang='lat' dir='ltr'><strong>ex</strong></span> 
     </span>
    </p>
   </div>
   <div class='ocr_carea' id='block_1_22' title="bbox 429 2166 2011 2238">
    <p class='ocr_par' dir='ltr' id='par_1_22' title="bbox 429 2166 2011 2238">
     <span class='ocr_line' id='line_1_22' title="bbox 429 2166 2011 2238; baseline 0.007 -21"><span class='ocrx_word' id='word_1_151' title='bbox 429 2166 740 2235; x_wconf 82' lang='lat' dir='ltr'><strong>quingentis</strong></span> <span class='ocrx_word' id='word_1_152' title='bbox 771 2185 783 2219; x_wconf 92' lang='lat'><strong>:</strong></span> <span class='ocrx_word' id='word_1_153' title='bbox 812 2167 883 2221; x_wconf 92' lang='lat' dir='ltr'><strong>illi</strong></span> <span class='ocrx_word' id='word_1_154' title='bbox 910 2183 1038 2223; x_wconf 89' lang='lat' dir='ltr'><strong>vero</strong></span> <span class='ocrx_word' id='word_1_155' title='bbox 1065 2170 1157 2238; x_wconf 90' lang='lat' dir='ltr'><strong>qui</strong></span> <span class='ocrx_word' id='word_1_156' title='bbox 1188 2171 1239 2224; x_wconf 87' lang='lat' dir='ltr'><strong>itt</strong></span> <span class='ocrx_word' id='word_1_157' title='bbox 1274 2173 1471 2227; x_wconf 88' lang='lat' dir='ltr'><strong>castris</strong></span> <span class='ocrx_word' id='word_1_158' title='bbox 1496 2183 1827 2238; x_wconf 87' lang='lat' dir='ltr'><strong>manserant,</strong></span> <span class='ocrx_word' id='word_1_159' title='bbox 1848 2190 2011 2228; x_wconf 91' lang='lat' dir='ltr'><strong>unum</strong></span> 
     </span>
    </p>
   </div>
   <div class='ocr_carea' id='block_1_23' title="bbox 430 2257 2011 2331">
    <p class='ocr_par' dir='ltr' id='par_1_23' title="bbox 430 2257 2011 2331">
     <span class='ocr_line' id='line_1_23' title="bbox 430 2257 2011 2331; baseline 0.007 -24"><span class='ocrx_word' id='word_1_160' title='bbox 430 2271 497 2309; x_wconf 86' lang='lat' dir='ltr'><strong>ex</strong></span> <span class='ocrx_word' id='word_1_161' title='bbox 549 2257 937 2329; x_wconf 79' lang='lat' dir='ltr'><strong>quinquaginta</strong></span> <span class='ocrx_word' id='word_1_162' title='bbox 974 2276 987 2314; x_wconf 90' lang='lat'><strong>:</strong></span> <span class='ocrx_word' id='word_1_163' title='bbox 1022 2270 1187 2331; x_wconf 91' lang='lat' dir='ltr'><strong>atque</strong></span> <span class='ocrx_word' id='word_1_164' title='bbox 1234 2263 1477 2317; x_wconf 90' lang='lat' dir='ltr'><strong>omnium</strong></span> <span class='ocrx_word' id='word_1_165' title='bbox 1527 2265 1689 2318; x_wconf 90' lang='lat' dir='ltr'><strong>simul</strong></span> <span class='ocrx_word' id='word_1_166' title='bbox 1739 2265 1789 2318; x_wconf 89' lang='lat' dir='ltr'><strong>itt</strong></span> <span class='ocrx_word' id='word_1_167' title='bbox 1845 2281 2011 2319; x_wconf 92' lang='lat' dir='ltr'><strong>unttm</strong></span> 
     </span>
    </p>
   </div>
   <div class='ocr_carea' id='block_1_24' title="bbox 430 2345 2013 2412">
    <p class='ocr_par' dir='ltr' id='par_1_24' title="bbox 430 2345 2013 2412">
     <span class='ocr_line' id='line_1_24' title="bbox 430 2345 2013 2412; baseline 0.008 -13"><span class='ocrx_word' id='word_1_168' title='bbox 430 2345 686 2404; x_wconf 84' lang='lat' dir='ltr'><strong>collectus</strong></span> <span class='ocrx_word' id='word_1_169' title='bbox 727 2365 983 2407; x_wconf 91' lang='lat' dir='ltr'><strong>numerus</strong></span> <span class='ocrx_word' id='word_1_170' title='bbox 1028 2352 1281 2408; x_wconf 89' lang='lat' dir='ltr'><strong>refertur.</strong></span> <span class='ocrx_word' id='word_1_171' title='bbox 1325 2354 1450 2409; x_wconf 70' lang='lat' dir='ltr'><strong>llmc</strong></span> <span class='ocrx_word' id='word_1_172' title='bbox 1480 2365 1560 2410; x_wconf 92' lang='lat' dir='ltr'><strong>est</strong></span> <span class='ocrx_word' id='word_1_173' title='bbox 1598 2356 1841 2412; x_wconf 75' lang='lat' dir='ltr'><strong>historia:</strong></span> <span class='ocrx_word' id='word_1_174' title='bbox 1883 2373 2013 2412; x_wconf 88' lang='lat' dir='ltr'><strong>con-</strong></span> 
     </span>
    </p>
   </div>
   <div class='ocr_carea' id='block_1_25' title="bbox 432 2441 678 2499">
    <p class='ocr_par' dir='ltr' id='par_1_25' title="bbox 432 2441 678 2499">
     <span class='ocr_line' id='line_1_25' title="bbox 432 2441 678 2499; baseline 0.024 -7"><span class='ocrx_word' id='word_1_175' title='bbox 432 2441 678 2499; x_wconf 89' lang='lat' dir='ltr'><strong>tinentia.</strong></span> 
     </span>
    </p>
   </div>
   <div class='ocr_carea' id='block_1_26' title="bbox 499 2528 2013 2612">
    <p class='ocr_par' dir='ltr' id='par_1_26' title="bbox 499 2528 2013 2612">
     <span class='ocr_line' id='line_1_26' title="bbox 499 2528 2013 2612; baseline 0.009 -31"><span class='ocrx_word' id='word_1_176' title='bbox 499 2528 552 2581; x_wconf 75' lang='grc'><strong>4.</strong></span> <span class='ocrx_word' id='word_1_177' title='bbox 587 2528 693 2586; x_wconf 86' lang='lat' dir='ltr'><strong>Sed</strong></span> <span class='ocrx_word' id='word_1_178' title='bbox 731 2532 1007 2590; x_wconf 84' lang='lat' dir='ltr'><strong>videamus</strong></span> <span class='ocrx_word' id='word_1_179' title='bbox 1032 2536 1157 2604; x_wconf 88' lang='lat' dir='ltr'><strong>quid</strong></span> <span class='ocrx_word' id='word_1_180' title='bbox 1193 2538 1245 2591; x_wconf 91' lang='lat' dir='ltr'><strong>in</strong></span> <span class='ocrx_word' id='word_1_181' title='bbox 1284 2539 1348 2593; x_wconf 92' lang='lat' dir='ltr'><strong>iis</strong></span> <span class='ocrx_word' id='word_1_182' title='bbox 1376 2554 1568 2595; x_wconf 84' lang='lat' dir='ltr'><strong>sensus</strong></span> <span class='ocrx_word' id='word_1_183' title='bbox 1605 2542 1808 2598; x_wconf 91' lang='lat' dir='ltr'><strong>indicet</strong></span> <span class='ocrx_word' id='word_1_184' title='bbox 1851 2541 2013 2612; x_wconf 87' lang='lat' dir='ltr'><strong>spiri-</strong></span> 
     </span>
    </p>
   </div>
   <div class='ocr_carea' id='block_1_27' title="bbox 432 2620 2012 2701">
    <p class='ocr_par' dir='ltr' id='par_1_27' title="bbox 432 2620 2012 2701">
     <span class='ocr_line' id='line_1_27' title="bbox 432 2620 2012 2701; baseline 0.013 -33"><span class='ocrx_word' id='word_1_185' title='bbox 432 2620 573 2676; x_wconf 90' lang='lat' dir='ltr'><strong>talis.</strong></span> <span class='ocrx_word' id='word_1_186' title='bbox 610 2621 664 2676; x_wconf 94' lang='lat' dir='ltr'><strong>ln</strong></span> <span class='ocrx_word' id='word_1_187' title='bbox 714 2625 907 2692; x_wconf 89' lang='lat' dir='ltr'><strong>populo</strong></span> <span class='ocrx_word' id='word_1_188' title='bbox 938 2627 1030 2681; x_wconf 85' lang='lat' dir='ltr'><strong>Dei</strong></span> <span class='ocrx_word' id='word_1_189' title='bbox 1075 2638 1204 2682; x_wconf 91' lang='lat' dir='ltr'><strong>sunt</strong></span> <span class='ocrx_word' id='word_1_190' title='bbox 1250 2630 1490 2697; x_wconf 88' lang='lat' dir='ltr'><strong>quidam,</strong></span> <span class='ocrx_word' id='word_1_191' title='bbox 1534 2632 1677 2687; x_wconf 88' lang='lat' dir='ltr'><strong>sicut</strong></span> <span class='ocrx_word' id='word_1_192' title='bbox 1725 2635 2012 2701; x_wconf 85' lang='lat' dir='ltr'><strong>Apostolus</strong></span> 
     </span>
    </p>
   </div>
   <div class='ocr_carea' id='block_1_28' title="bbox 431 2714 2009 2796">
    <p class='ocr_par' dir='ltr' id='par_1_28' title="bbox 431 2714 2009 2796">
     <span class='ocr_line' id='line_1_28' title="bbox 431 2714 2009 2796; baseline 0.008 -28"><span class='ocrx_word' id='word_1_193' title='bbox 431 2714 562 2769; x_wconf 87' lang='lat' dir='ltr'><strong>dicit</strong></span> <span class='ocrx_word' id='word_1_194' title='bbox 589 2716 654 2781; x_wconf 85' lang='grc'><strong>³⁵,</strong></span> <span class='ocrx_word' id='word_1_195' title='bbox 686 2719 775 2786; x_wconf 89' lang='lat' dir='ltr'><strong>qui</strong></span> <span class='ocrx_word' id='word_1_196' title='bbox 811 2720 1043 2775; x_wconf 91' lang='lat' dir='ltr'><strong>militant</strong></span> <span class='ocrx_word' id='word_1_197' title='bbox 1073 2721 1217 2775; x_wconf 90' lang='lat' dir='ltr'><strong>Deo:</strong></span> <span class='ocrx_word' id='word_1_198' title='bbox 1247 2722 1321 2775; x_wconf 93' lang='lat' dir='ltr'><strong>illi</strong></span> <span class='ocrx_word' id='word_1_199' title='bbox 1346 2722 1461 2778; x_wconf 87' lang='lat' dir='ltr'><strong>sine</strong></span> <span class='ocrx_word' id='word_1_200' title='bbox 1488 2725 1671 2791; x_wconf 91' lang='lat' dir='ltr'><strong>dubio,</strong></span> <span class='ocrx_word' id='word_1_201' title='bbox 1698 2727 1788 2796; x_wconf 90' lang='lat' dir='ltr'><strong>qui</strong></span> <span class='ocrx_word' id='word_1_202' title='bbox 1818 2743 1876 2781; x_wconf 91' lang='lat' dir='ltr'><strong>se</strong></span> <span class='ocrx_word' id='word_1_203' title='bbox 1906 2743 2009 2780; x_wconf 89' lang='lat' dir='ltr'><strong>non</strong></span> 
     </span>
    </p>
   </div>
   <div class='ocr_carea' id='block_1_29' title="bbox 429 2810 2010 2889">
    <p class='ocr_par' dir='ltr' id='par_1_29' title="bbox 429 2810 2010 2889">
     <span class='ocr_line' id='line_1_29' title="bbox 429 2810 2010 2889; baseline 0.008 -28"><span class='ocrx_word' id='word_1_204' title='bbox 429 2810 671 2880; x_wconf 77' lang='lat' dir='ltr'><strong>obligant</strong></span> <span class='ocrx_word' id='word_1_205' title='bbox 699 2814 932 2881; x_wconf 84' lang='lat' dir='ltr'><strong>negotiis</strong></span> <span class='ocrx_word' id='word_1_206' title='bbox 957 2814 1312 2871; x_wconf 75' lang='lat' dir='ltr'><strong>szecularibus</strong></span> <span class='ocrx_word' id='word_1_207' title='bbox 1340 2834 1352 2869; x_wconf 88' lang='lat'><strong>:</strong></span> <span class='ocrx_word' id='word_1_208' title='bbox 1391 2828 1444 2871; x_wconf 88' lang='lat' dir='ltr'><strong>et</strong></span> <span class='ocrx_word' id='word_1_209' title='bbox 1479 2818 1566 2872; x_wconf 86' lang='lat' dir='ltr'><strong>isti</strong></span> <span class='ocrx_word' id='word_1_210' title='bbox 1597 2830 1723 2873; x_wconf 93' lang='lat' dir='ltr'><strong>sunt</strong></span> <span class='ocrx_word' id='word_1_211' title='bbox 1758 2820 1849 2888; x_wconf 92' lang='lat' dir='ltr'><strong>qui</strong></span> <span class='ocrx_word' id='word_1_212' title='bbox 1883 2835 2010 2889; x_wconf 89' lang='lat' dir='ltr'><strong>pro-</strong></span> 
     </span>
    </p>
   </div>
   <div class='ocr_carea' id='block_1_30' title="bbox 427 2899 2013 2982">
    <p class='ocr_par' dir='ltr' id='par_1_30' title="bbox 427 2899 2013 2982">
     <span class='ocr_line' id='line_1_30' title="bbox 427 2899 2013 2982; baseline 0.006 -28"><span class='ocrx_word' id='word_1_213' title='bbox 427 2901 626 2957; x_wconf 84' lang='lat' dir='ltr'><strong>cedunt</strong></span> <span class='ocrx_word' id='word_1_214' title='bbox 649 2904 714 2958; x_wconf 86' lang='lat' dir='ltr'><strong>ad</strong></span> <span class='ocrx_word' id='word_1_215' title='bbox 754 2899 975 2969; x_wconf 87' lang='lat' dir='ltr'><strong>bellum,</strong></span> <span class='ocrx_word' id='word_1_216' title='bbox 1011 2918 1065 2963; x_wconf 89' lang='lat' dir='ltr'><strong>et</strong></span> <span class='ocrx_word' id='word_1_217' title='bbox 1101 2918 1339 2977; x_wconf 79' lang='lat' dir='ltr'><strong>pugnant</strong></span> <span class='ocrx_word' id='word_1_218' title='bbox 1376 2910 1640 2964; x_wconf 87' lang='lat' dir='ltr'><strong>adversus</strong></span> <span class='ocrx_word' id='word_1_219' title='bbox 1679 2921 1866 2982; x_wconf 83' lang='lat' dir='ltr'><strong>gentes</strong></span> <span class='ocrx_word' id='word_1_220' title='bbox 1908 2911 2013 2964; x_wconf 73' lang='lat' dir='ltr'><strong>ini~</strong></span> 
     </span>
    </p>
   </div>
   <div class='ocr_carea' id='block_1_31' title="bbox 432 2992 2010 3069">
    <p class='ocr_par' dir='ltr' id='par_1_31' title="bbox 432 2992 2010 3069">
     <span class='ocr_line' id='line_1_31' title="bbox 432 2992 2010 3069; baseline 0.008 -26"><span class='ocrx_word' id='word_1_221' title='bbox 432 2992 620 3059; x_wconf 89' lang='lat' dir='ltr'><strong>micas,</strong></span> <span class='ocrx_word' id='word_1_222' title='bbox 654 3006 710 3049; x_wconf 92' lang='lat' dir='ltr'><strong>et</strong></span> <span class='ocrx_word' id='word_1_223' title='bbox 744 2998 1028 3053; x_wconf 88' lang='lat' dir='ltr'><strong>adversum</strong></span> <span class='ocrx_word' id='word_1_224' title='bbox 1072 2999 1345 3065; x_wconf 88' lang='lat' dir='ltr'><strong>spiritales</strong></span> <span class='ocrx_word' id='word_1_225' title='bbox 1374 3000 1646 3068; x_wconf 88' lang='lat' dir='ltr'><strong>nequitias</strong></span> <span class='ocrx_word' id='word_1_226' title='bbox 1678 3016 1774 3069; x_wconf 88' lang='lat' dir='ltr'><strong>pro</strong></span> <span class='ocrx_word' id='word_1_227' title='bbox 1800 3000 2010 3069; x_wconf 90' lang='lat' dir='ltr'><strong>reliquo</strong></span> 
     </span>
    </p>
   </div>
   <div class='ocr_carea' id='block_1_32' title="bbox 430 3086 2009 3163">
    <p class='ocr_par' dir='ltr' id='par_1_32' title="bbox 430 3086 2009 3163">
     <span class='ocr_line' id='line_1_32' title="bbox 430 3086 2009 3163; baseline 0.009 -28"><span class='ocrx_word' id='word_1_228' title='bbox 430 3086 643 3155; x_wconf 85' lang='lat' dir='ltr'><strong>populo.</strong></span> <span class='ocrx_word' id='word_1_229' title='bbox 665 3096 719 3142; x_wconf 89' lang='lat' dir='ltr'><strong>et</strong></span> <span class='ocrx_word' id='word_1_230' title='bbox 743 3103 839 3155; x_wconf 90' lang='lat' dir='ltr'><strong>pro</strong></span> <span class='ocrx_word' id='word_1_231' title='bbox 871 3089 935 3143; x_wconf 92' lang='lat' dir='ltr'><strong>iis</strong></span> <span class='ocrx_word' id='word_1_232' title='bbox 964 3091 1057 3159; x_wconf 92' lang='lat' dir='ltr'><strong>qui</strong></span> <span class='ocrx_word' id='word_1_233' title='bbox 1082 3092 1410 3150; x_wconf 79' lang='lat' dir='ltr'><strong>infirmiores</strong></span> <span class='ocrx_word' id='word_1_234' title='bbox 1439 3101 1585 3157; x_wconf 87' lang='lat' dir='ltr'><strong>sunt,</strong></span> <span class='ocrx_word' id='word_1_235' title='bbox 1618 3097 1731 3150; x_wconf 89' lang='lat' dir='ltr'><strong>sive</strong></span> <span class='ocrx_word' id='word_1_236' title='bbox 1763 3111 1858 3163; x_wconf 91' lang='lat' dir='ltr'><strong>per</strong></span> <span class='ocrx_word' id='word_1_237' title='bbox 1886 3105 2009 3150; x_wconf 53' lang='lat' dir='ltr'><strong>aeta.</strong></span> 
     </span>
    </p>
   </div>
   <div class='ocr_carea' id='block_1_33' title="bbox 432 3179 2011 3259">
    <p class='ocr_par' dir='ltr' id='par_1_33' title="bbox 432 3179 2011 3259">
     <span class='ocr_line' id='line_1_33' title="bbox 432 3179 2011 3259; baseline 0.009 -29"><span class='ocrx_word' id='word_1_238' title='bbox 432 3187 557 3244; x_wconf 90' lang='lat' dir='ltr'><strong>tem,</strong></span> <span class='ocrx_word' id='word_1_239' title='bbox 587 3179 701 3235; x_wconf 84' lang='lat' dir='ltr'><strong>sive</strong></span> <span class='ocrx_word' id='word_1_240' title='bbox 735 3195 829 3249; x_wconf 92' lang='lat' dir='ltr'><strong>per</strong></span> <span class='ocrx_word' id='word_1_241' title='bbox 861 3197 1071 3249; x_wconf 84' lang='lat' dir='ltr'><strong>sexum,</strong></span> <span class='ocrx_word' id='word_1_242' title='bbox 1103 3186 1215 3240; x_wconf 84' lang='lat' dir='ltr'><strong>sive</strong></span> <span class='ocrx_word' id='word_1_243' title='bbox 1244 3203 1337 3256; x_wconf 91' lang='lat' dir='ltr'><strong>per</strong></span> <span class='ocrx_word' id='word_1_244' title='bbox 1372 3189 1726 3257; x_wconf 90' lang='lat' dir='ltr'><strong>propositum.</strong></span> <span class='ocrx_word' id='word_1_245' title='bbox 1754 3187 2011 3259; x_wconf 82' lang='lat' dir='ltr'><strong>Pugnant</strong></span> 
     </span>
    </p>
   </div>
   <div class='ocr_carea' id='block_1_34' title="bbox 431 3272 2006 3349">
    <p class='ocr_par' dir='ltr' id='par_1_34' title="bbox 431 3272 2006 3349">
     <span class='ocr_line' id='line_1_34' title="bbox 431 3272 2006 3349; baseline 0.011 -28"><span class='ocrx_word' id='word_1_246' title='bbox 431 3278 610 3326; x_wconf 90' lang='lat' dir='ltr'><strong>autent</strong></span> <span class='ocrx_word' id='word_1_247' title='bbox 645 3272 733 3327; x_wconf 88' lang='lat' dir='ltr'><strong>isti</strong></span> <span class='ocrx_word' id='word_1_248' title='bbox 765 3274 1106 3332; x_wconf 89' lang='lat' dir='ltr'><strong>orationibus</strong></span> <span class='ocrx_word' id='word_1_249' title='bbox 1132 3278 1671 3349; x_wconf 85' lang='lat' dir='ltr'><strong>etjejuniis,justitia</strong></span> <span class='ocrx_word' id='word_1_250' title='bbox 1699 3289 1753 3336; x_wconf 91' lang='lat' dir='ltr'><strong>et</strong></span> <span class='ocrx_word' id='word_1_251' title='bbox 1784 3284 2006 3349; x_wconf 84' lang='lat' dir='ltr'><strong>pietate,</strong></span> 
     </span>
    </p>
   </div>
   <div class='ocr_carea' id='block_1_35' title="bbox 434 3365 2013 3440">
    <p class='ocr_par' dir='ltr' id='par_1_35' title="bbox 434 3365 2013 3440">
     <span class='ocr_line' id='line_1_35' title="bbox 434 3365 2013 3440; baseline 0.009 -25"><span class='ocrx_word' id='word_1_252' title='bbox 434 3365 851 3420; x_wconf 86' lang='lat' dir='ltr'><strong>mansuetudine</strong></span> <span class='ocrx_word' id='word_1_253' title='bbox 902 3376 957 3421; x_wconf 90' lang='lat' dir='ltr'><strong>et</strong></span> <span class='ocrx_word' id='word_1_254' title='bbox 995 3370 1267 3437; x_wconf 84' lang='lat' dir='ltr'><strong>castitate,</strong></span> <span class='ocrx_word' id='word_1_255' title='bbox 1299 3373 1615 3440; x_wconf 88' lang='lat' dir='ltr'><strong>cunctisque</strong></span> <span class='ocrx_word' id='word_1_256' title='bbox 1663 3375 2013 3429; x_wconf 85' lang='lat' dir='ltr'><strong>continentiae</strong></span> 
     </span>
    </p>
   </div>
   <div class='ocr_carea' id='block_1_36' title="bbox 431 3453 2012 3526">
    <p class='ocr_par' dir='ltr' id='par_1_36' title="bbox 431 3453 2012 3526">
     <span class='ocr_line' id='line_1_36' title="bbox 431 3453 2012 3526; baseline 0.01 -23"><span class='ocrx_word' id='word_1_257' title='bbox 431 3453 747 3518; x_wconf 84' lang='lat' dir='ltr'><strong>virtutibus,</strong></span> <span class='ocrx_word' id='word_1_258' title='bbox 786 3466 1041 3526; x_wconf 90' lang='lat' dir='ltr'><strong>tanquam</strong></span> <span class='ocrx_word' id='word_1_259' title='bbox 1088 3459 1257 3513; x_wconf 89' lang='lat' dir='ltr'><strong>armis</strong></span> <span class='ocrx_word' id='word_1_260' title='bbox 1311 3461 1518 3515; x_wconf 88' lang='lat' dir='ltr'><strong>bellicis</strong></span> <span class='ocrx_word' id='word_1_261' title='bbox 1562 3464 1883 3518; x_wconf 90' lang='lat' dir='ltr'><strong>communiti</strong></span> <span class='ocrx_word' id='word_1_262' title='bbox 1918 3473 2012 3520; x_wconf 89' lang='lat' dir='ltr'><strong>:et</strong></span> 
     </span>
    </p>
   </div>
   <div class='ocr_carea' id='block_1_37' title="bbox 431 3546 2014 3617">
    <p class='ocr_par' dir='ltr' id='par_1_37' title="bbox 431 3546 2014 3617">
     <span class='ocr_line' id='line_1_37' title="bbox 431 3546 2014 3617; baseline 0.006 -18"><span class='ocrx_word' id='word_1_263' title='bbox 431 3559 557 3599; x_wconf 88' lang='lat' dir='ltr'><strong>cum</strong></span> <span class='ocrx_word' id='word_1_264' title='bbox 591 3547 823 3615; x_wconf 80' lang='lat' dir='ltr'><strong>regressi</strong></span> <span class='ocrx_word' id='word_1_265' title='bbox 848 3546 1049 3603; x_wconf 80' lang='lat' dir='ltr'><strong>fuerint</strong></span> <span class='ocrx_word' id='word_1_266' title='bbox 1069 3551 1134 3603; x_wconf 91' lang='lat' dir='ltr'><strong>ad</strong></span> <span class='ocrx_word' id='word_1_267' title='bbox 1164 3560 1341 3606; x_wconf 91' lang='lat' dir='ltr'><strong>castra</strong></span> <span class='ocrx_word' id='word_1_268' title='bbox 1374 3555 1629 3617; x_wconf 88' lang='lat' dir='ltr'><strong>victores,</strong></span> <span class='ocrx_word' id='word_1_269' title='bbox 1657 3553 1909 3609; x_wconf 88' lang='lat' dir='ltr'><strong>fruuntur</strong></span> <span class='ocrx_word' id='word_1_270' title='bbox 1935 3556 2014 3609; x_wconf 82' lang='lat' dir='ltr'><strong>la-</strong></span> 
     </span>
    </p>
   </div>
   <div class='ocr_carea' id='block_1_38' title="bbox 432 3633 2008 3717">
    <p class='ocr_par' dir='ltr' id='par_1_38' title="bbox 432 3633 2008 3717">
     <span class='ocr_line' id='line_1_38' title="bbox 432 3633 2008 3717; baseline 0.008 -30"><span class='ocrx_word' id='word_1_271' title='bbox 432 3633 658 3692; x_wconf 74' lang='lat' dir='ltr'><strong>boribus</strong></span> <span class='ocrx_word' id='word_1_272' title='bbox 691 3650 876 3690; x_wconf 87' lang='lat' dir='ltr'><strong>eorum</strong></span> <span class='ocrx_word' id='word_1_273' title='bbox 905 3639 1065 3693; x_wconf 85' lang='lat' dir='ltr'><strong>etiam</strong></span> <span class='ocrx_word' id='word_1_274' title='bbox 1099 3641 1363 3706; x_wconf 84' lang='lat' dir='ltr'><strong>imbelles,</strong></span> <span class='ocrx_word' id='word_1_275' title='bbox 1389 3652 1441 3697; x_wconf 90' lang='lat' dir='ltr'><strong>ct</strong></span> <span class='ocrx_word' id='word_1_276' title='bbox 1476 3644 1509 3697; x_wconf 89' lang='lat' dir='ltr'><strong>ii</strong></span> <span class='ocrx_word' id='word_1_277' title='bbox 1537 3646 1626 3714; x_wconf 89' lang='lat' dir='ltr'><strong>qui</strong></span> <span class='ocrx_word' id='word_1_278' title='bbox 1662 3647 1728 3699; x_wconf 89' lang='lat' dir='ltr'><strong>ad</strong></span> <span class='ocrx_word' id='word_1_279' title='bbox 1776 3662 2008 3717; x_wconf 86' lang='lat' dir='ltr'><strong>pugnam</strong></span> 
     </span>
    </p>
   </div>
   <div class='ocr_carea' id='block_1_39' title="bbox 434 3724 2007 3799">
    <p class='ocr_par' dir='ltr' id='par_1_39' title="bbox 434 3724 2007 3799">
     <span class='ocr_line' id='line_1_39' title="bbox 434 3724 2007 3799; baseline 0.01 -23"><span class='ocrx_word' id='word_1_280' title='bbox 434 3724 520 3778; x_wconf 90' lang='lat' dir='ltr'><strong>vel</strong></span> <span class='ocrx_word' id='word_1_281' title='bbox 562 3741 666 3779; x_wconf 86' lang='lat' dir='ltr'><strong>non</strong></span> <span class='ocrx_word' id='word_1_282' title='bbox 700 3736 983 3793; x_wconf 89' lang='lat' dir='ltr'><strong>vocantur,</strong></span> <span class='ocrx_word' id='word_1_283' title='bbox 1009 3731 1092 3785; x_wconf 87' lang='lat' dir='ltr'><strong>vel</strong></span> <span class='ocrx_word' id='word_1_284' title='bbox 1121 3732 1273 3785; x_wconf 78' lang='lat' dir='ltr'><strong>exire</strong></span> <span class='ocrx_word' id='word_1_285' title='bbox 1305 3749 1411 3787; x_wconf 90' lang='lat' dir='ltr'><strong>non</strong></span> <span class='ocrx_word' id='word_1_286' title='bbox 1444 3744 1684 3799; x_wconf 90' lang='lat' dir='ltr'><strong>possunt.</strong></span> <span class='ocrx_word' id='word_1_287' title='bbox 1715 3737 2007 3791; x_wconf 90' lang='lat' dir='ltr'><strong>Sciendum</strong></span> 
     </span>
    </p>
   </div>
   <div class='ocr_carea' id='block_1_40' title="bbox 433 3819 2011 3897">
    <p class='ocr_par' dir='ltr' id='par_1_40' title="bbox 433 3819 2011 3897">
     <span class='ocr_line' id='line_1_40' title="bbox 433 3819 2011 3897; baseline 0.008 -29"><span class='ocrx_word' id='word_1_288' title='bbox 433 3826 616 3871; x_wconf 90' lang='lat' dir='ltr'><strong>tamen</strong></span> <span class='ocrx_word' id='word_1_289' title='bbox 647 3826 753 3879; x_wconf 90' lang='lat' dir='ltr'><strong>est,</strong></span> <span class='ocrx_word' id='word_1_290' title='bbox 788 3819 930 3886; x_wconf 93' lang='lat' dir='ltr'><strong>quod</strong></span> <span class='ocrx_word' id='word_1_291' title='bbox 964 3821 1143 3875; x_wconf 91' lang='lat' dir='ltr'><strong>omnia</strong></span> <span class='ocrx_word' id='word_1_292' title='bbox 1173 3837 1292 3892; x_wconf 68' lang='lat' dir='ltr'><strong>qua:</strong></span> <span class='ocrx_word' id='word_1_293' title='bbox 1319 3835 1604 3877; x_wconf 88' lang='lat' dir='ltr'><strong>sumuntur</strong></span> <span class='ocrx_word' id='word_1_294' title='bbox 1633 3841 1695 3879; x_wconf 85' lang='lat' dir='ltr'><strong>ex</strong></span> <span class='ocrx_word' id='word_1_295' title='bbox 1734 3826 1852 3880; x_wconf 91' lang='lat' dir='ltr'><strong>istis</strong></span> <span class='ocrx_word' id='word_1_296' title='bbox 1877 3843 2011 3897; x_wconf 87' lang='lat' dir='ltr'><strong>gen-</strong></span> 
     </span>
    </p>
   </div>
   <div class='ocr_carea' id='block_1_41' title="bbox 435 3909 2009 3985">
    <p class='ocr_par' dir='ltr' id='par_1_41' title="bbox 435 3909 2009 3985">
     <span class='ocr_line' id='line_1_41' title="bbox 435 3909 2009 3985; baseline 0.009 -26"><span class='ocrx_word' id='word_1_297' title='bbox 435 3910 598 3972; x_wconf 87' lang='lat' dir='ltr'><strong>tibus,</strong></span> <span class='ocrx_word' id='word_1_298' title='bbox 625 3909 901 3963; x_wconf 90' lang='lat' dir='ltr'><strong>immunda</strong></span> <span class='ocrx_word' id='word_1_299' title='bbox 935 3919 1095 3976; x_wconf 88' lang='lat' dir='ltr'><strong>sunt;</strong></span> <span class='ocrx_word' id='word_1_300' title='bbox 1129 3920 1184 3966; x_wconf 90' lang='lat' dir='ltr'><strong>et</strong></span> <span class='ocrx_word' id='word_1_301' title='bbox 1212 3928 1372 3966; x_wconf 90' lang='lat' dir='ltr'><strong>omne</strong></span> <span class='ocrx_word' id='word_1_302' title='bbox 1401 3912 1631 3971; x_wconf 78' lang='lat' dir='ltr'><strong>fortasse</strong></span> <span class='ocrx_word' id='word_1_303' title='bbox 1659 3917 1916 3985; x_wconf 87' lang='lat' dir='ltr'><strong>quidquid</strong></span> <span class='ocrx_word' id='word_1_304' title='bbox 1941 3932 2009 3972; x_wconf 81' lang='lat' dir='ltr'><strong>ex</strong></span> 
     </span>
    </p>
   </div>
   <div class='ocr_carea' id='block_1_42' title="bbox 435 4002 2011 4080">
    <p class='ocr_par' dir='ltr' id='par_1_42' title="bbox 435 4002 2011 4080">
     <span class='ocr_line' id='line_1_42' title="bbox 435 4002 2011 4080; baseline 0.008 -26"><span class='ocrx_word' id='word_1_305' title='bbox 435 4004 536 4056; x_wconf 91' lang='lat' dir='ltr'><strong>hoc</strong></span> <span class='ocrx_word' id='word_1_306' title='bbox 582 4002 779 4058; x_wconf 87' lang='lat' dir='ltr'><strong>saeculo</strong></span> <span class='ocrx_word' id='word_1_307' title='bbox 810 4004 1126 4070; x_wconf 90' lang='lat' dir='ltr'><strong>assumitur,</strong></span> <span class='ocrx_word' id='word_1_308' title='bbox 1161 4005 1242 4059; x_wconf 88' lang='lat' dir='ltr'><strong>vel</strong></span> <span class='ocrx_word' id='word_1_309' title='bbox 1277 4007 1464 4074; x_wconf 88' lang='lat' dir='ltr'><strong>praelio</strong></span> <span class='ocrx_word' id='word_1_310' title='bbox 1502 4011 1738 4080; x_wconf 89' lang='lat' dir='ltr'><strong>capitur,</strong></span> <span class='ocrx_word' id='word_1_311' title='bbox 1772 4013 2011 4066; x_wconf 91' lang='lat' dir='ltr'><strong>immun-</strong></span> 
     </span>
    </p>
   </div>
   <div class='ocr_carea' id='block_1_43' title="bbox 434 4094 2005 4168">
    <p class='ocr_par' dir='ltr' id='par_1_43' title="bbox 434 4094 2005 4168">
     <span class='ocr_line' id='line_1_43' title="bbox 434 4094 2005 4168; baseline 0.008 -23"><span class='ocrx_word' id='word_1_312' title='bbox 434 4095 559 4147; x_wconf 89' lang='lat' dir='ltr'><strong>dum</strong></span> <span class='ocrx_word' id='word_1_313' title='bbox 611 4103 714 4161; x_wconf 90' lang='lat' dir='ltr'><strong>est,</strong></span> <span class='ocrx_word' id='word_1_314' title='bbox 749 4105 803 4150; x_wconf 91' lang='lat' dir='ltr'><strong>et</strong></span> <span class='ocrx_word' id='word_1_315' title='bbox 840 4094 1218 4163; x_wconf 73' lang='lat' dir='ltr'><strong>purificatione</strong></span> <span class='ocrx_word' id='word_1_316' title='bbox 1253 4097 1490 4168; x_wconf 85' lang='lat' dir='ltr'><strong>indiget;</strong></span> <span class='ocrx_word' id='word_1_317' title='bbox 1535 4109 1590 4154; x_wconf 90' lang='lat' dir='ltr'><strong>et</strong></span> <span class='ocrx_word' id='word_1_318' title='bbox 1643 4104 1889 4167; x_wconf 86' lang='lat' dir='ltr'><strong>quaedam</strong></span> <span class='ocrx_word' id='word_1_319' title='bbox 1940 4116 2005 4156; x_wconf 78' lang='lat' dir='ltr'><strong>ex</strong></span> 
     </span>
    </p>
   </div>
   <div class='ocr_carea' id='block_1_44' title="bbox 434 4189 2011 4259">
    <p class='ocr_par' dir='ltr' id='par_1_44' title="bbox 434 4189 2011 4259">
     <span class='ocr_line' id='line_1_44' title="bbox 434 4189 2011 4259; baseline 0.005 -18"><span class='ocrx_word' id='word_1_320' title='bbox 434 4189 571 4255; x_wconf 90' lang='lat' dir='ltr'><strong>ipsis</strong></span> <span class='ocrx_word' id='word_1_321' title='bbox 592 4204 688 4259; x_wconf 92' lang='lat' dir='ltr'><strong>per</strong></span> <span class='ocrx_word' id='word_1_322' title='bbox 714 4190 890 4259; x_wconf 87' lang='lat' dir='ltr'><strong>ignem</strong></span> <span class='ocrx_word' id='word_1_323' title='bbox 922 4200 1216 4245; x_wconf 89' lang='lat' dir='ltr'><strong>transttura</strong></span> <span class='ocrx_word' id='word_1_324' title='bbox 1247 4201 1393 4257; x_wconf 91' lang='lat' dir='ltr'><strong>sunt,</strong></span> <span class='ocrx_word' id='word_1_325' title='bbox 1419 4193 1541 4248; x_wconf 89' lang='lat' dir='ltr'><strong>aliis</strong></span> <span class='ocrx_word' id='word_1_326' title='bbox 1572 4203 1752 4249; x_wconf 91' lang='lat' dir='ltr'><strong>autem</strong></span> <span class='ocrx_word' id='word_1_327' title='bbox 1780 4194 2011 4251; x_wconf 89' lang='lat' dir='ltr'><strong>sulIiciet</strong></span> 
     </span>
    </p>
   </div>
   <div class='ocr_carea' id='block_1_45' title="bbox 434 4281 2007 4356">
    <p class='ocr_par' dir='ltr' id='par_1_45' title="bbox 434 4281 2007 4356">
     <span class='ocr_line' id='line_1_45' title="bbox 434 4281 2007 4356; baseline 0.005 -23"><span class='ocrx_word' id='word_1_328' title='bbox 434 4296 586 4350; x_wconf 66' lang='lat' dir='ltr'><strong>aqua:</strong></span> <span class='ocrx_word' id='word_1_329' title='bbox 604 4281 931 4350; x_wconf 86' lang='lat' dir='ltr'><strong>purificatio.</strong></span> <span class='ocrx_word' id='word_1_330' title='bbox 955 4283 1320 4339; x_wconf 90' lang='lat' dir='ltr'><strong>Assumuntur</strong></span> <span class='ocrx_word' id='word_1_331' title='bbox 1339 4294 1521 4338; x_wconf 90' lang='lat' dir='ltr'><strong>autem</strong></span> <span class='ocrx_word' id='word_1_332' title='bbox 1545 4299 1611 4339; x_wconf 80' lang='lat' dir='ltr'><strong>ex</strong></span> <span class='ocrx_word' id='word_1_333' title='bbox 1634 4286 1820 4356; x_wconf 68' lang='lat' dir='ltr'><strong>praelio</strong></span> <span class='ocrx_word' id='word_1_334' title='bbox 1843 4288 2007 4342; x_wconf 89' lang='lat' dir='ltr'><strong>etiam</strong></span> 
     </span>
    </p>
   </div>
   <div class='ocr_carea' id='block_1_46' title="bbox 436 4372 2011 4445">
    <p class='ocr_par' dir='ltr' id='par_1_46' title="bbox 436 4372 2011 4445">
     <span class='ocr_line' id='line_1_46' title="bbox 436 4372 2011 4445; baseline 0.006 -21"><span class='ocrx_word' id='word_1_335' title='bbox 436 4372 681 4428; x_wconf 80' lang='lat' dir='ltr'><strong>homines</strong></span> <span class='ocrx_word' id='word_1_336' title='bbox 704 4382 759 4428; x_wconf 91' lang='lat' dir='ltr'><strong>et</strong></span> <span class='ocrx_word' id='word_1_337' title='bbox 791 4373 1062 4443; x_wconf 85' lang='lat' dir='ltr'><strong>jumenta,</strong></span> <span class='ocrx_word' id='word_1_338' title='bbox 1087 4389 1210 4429; x_wconf 89' lang='lat' dir='ltr'><strong>cum</strong></span> <span class='ocrx_word' id='word_1_339' title='bbox 1238 4377 1582 4445; x_wconf 89' lang='lat' dir='ltr'><strong>captivantur</strong></span> <span class='ocrx_word' id='word_1_340' title='bbox 1621 4391 1813 4433; x_wconf 88' lang='lat' dir='ltr'><strong>omnes</strong></span> <span class='ocrx_word' id='word_1_341' title='bbox 1852 4379 2011 4433; x_wconf 80' lang='lat' dir='ltr'><strong>intel-</strong></span> 
     </span>
    </p>
   </div>
   <div class='ocr_carea' id='block_1_47' title="bbox 436 4464 2007 4540">
    <p class='ocr_par' dir='ltr' id='par_1_47' title="bbox 436 4464 2007 4540">
     <span class='ocr_line' id='line_1_47' title="bbox 436 4464 2007 4540; baseline 0.007 -25"><span class='ocrx_word' id='word_1_342' title='bbox 436 4464 604 4519; x_wconf 92' lang='lat' dir='ltr'><strong>lectus</strong></span> <span class='ocrx_word' id='word_1_343' title='bbox 631 4464 698 4518; x_wconf 93' lang='lat' dir='ltr'><strong>ad</strong></span> <span class='ocrx_word' id='word_1_344' title='bbox 720 4464 1077 4520; x_wconf 85' lang='lat' dir='ltr'><strong>obediendum</strong></span> <span class='ocrx_word' id='word_1_345' title='bbox 1100 4465 1338 4522; x_wconf 91' lang='lat' dir='ltr'><strong>Christo.</strong></span> <span class='ocrx_word' id='word_1_346' title='bbox 1362 4467 1438 4521; x_wconf 81' lang='lat' dir='ltr'><strong>Ex</strong></span> <span class='ocrx_word' id='word_1_347' title='bbox 1466 4468 1533 4522; x_wconf 83' lang='lat' dir='ltr'><strong>iis</strong></span> <span class='ocrx_word' id='word_1_348' title='bbox 1553 4469 1696 4523; x_wconf 88' lang='lat' dir='ltr'><strong>enim</strong></span> <span class='ocrx_word' id='word_1_349' title='bbox 1719 4470 1848 4539; x_wconf 84' lang='lat' dir='ltr'><strong>ipsis</strong></span> <span class='ocrx_word' id='word_1_350' title='bbox 1869 4486 2007 4540; x_wconf 91' lang='lat' dir='ltr'><strong>quos</strong></span> 
     </span>
    </p>
   </div>
   <div class='ocr_carea' id='block_1_48' title="bbox 2118 605 3693 676">
    <p class='ocr_par' dir='ltr' id='par_1_48' title="bbox 2118 605 3693 676">
     <span class='ocr_line' id='line_1_48' title="bbox 2118 605 3693 676; baseline 0.003 -18"><span class='ocrx_word' id='word_1_351' title='bbox 2118 613 2264 670; x_wconf 78' lang='lat' dir='ltr'><strong>sunt,</strong></span> <span class='ocrx_word' id='word_1_352' title='bbox 2290 615 2342 661; x_wconf 90' lang='lat' dir='ltr'><strong>et</strong></span> <span class='ocrx_word' id='word_1_353' title='bbox 2370 605 2661 661; x_wconf 86' lang='lat' dir='ltr'><strong>defendere</strong></span> <span class='ocrx_word' id='word_1_354' title='bbox 2695 606 2786 660; x_wconf 90' lang='lat' dir='ltr'><strong>Dei</strong></span> <span class='ocrx_word' id='word_1_355' title='bbox 2819 607 3051 675; x_wconf 88' lang='lat' dir='ltr'><strong>plebem,</strong></span> <span class='ocrx_word' id='word_1_356' title='bbox 3080 619 3135 663; x_wconf 91' lang='lat' dir='ltr'><strong>et</strong></span> <span class='ocrx_word' id='word_1_357' title='bbox 3172 609 3390 676; x_wconf 81' lang='lat' dir='ltr'><strong>cepiosa</strong></span> <span class='ocrx_word' id='word_1_358' title='bbox 3422 609 3487 662; x_wconf 90' lang='lat' dir='ltr'><strong>de</strong></span> <span class='ocrx_word' id='word_1_359' title='bbox 3521 609 3693 663; x_wconf 89' lang='lat' dir='ltr'><strong>hosti-</strong></span> 
     </span>
    </p>
   </div>
   <div class='ocr_carea' id='block_1_49' title="bbox 2117 698 3695 771">
    <p class='ocr_par' dir='ltr' id='par_1_49' title="bbox 2117 698 3695 771">
     <span class='ocr_line' id='line_1_49' title="bbox 2117 698 3695 771; baseline 0.002 -18"><span class='ocrx_word' id='word_1_360' title='bbox 2117 699 2218 753; x_wconf 87' lang='lat' dir='ltr'><strong>bus</strong></span> <span class='ocrx_word' id='word_1_361' title='bbox 2239 698 2407 767; x_wconf 89' lang='lat' dir='ltr'><strong>spulia</strong></span> <span class='ocrx_word' id='word_1_362' title='bbox 2439 708 2740 769; x_wconf 89' lang='lat' dir='ltr'><strong>reportare.</strong></span> <span class='ocrx_word' id='word_1_363' title='bbox 2779 698 2982 754; x_wconf 88' lang='lat' dir='ltr'><strong>Tamen</strong></span> <span class='ocrx_word' id='word_1_364' title='bbox 3016 710 3071 755; x_wconf 90' lang='lat' dir='ltr'><strong>et</strong></span> <span class='ocrx_word' id='word_1_365' title='bbox 3100 701 3306 771; x_wconf 88' lang='lat' dir='ltr'><strong>reliqua</strong></span> <span class='ocrx_word' id='word_1_366' title='bbox 3337 717 3462 771; x_wconf 86' lang='lat' dir='ltr'><strong>pars</strong></span> <span class='ocrx_word' id='word_1_367' title='bbox 3491 704 3695 771; x_wconf 91' lang='lat' dir='ltr'><strong>populi,</strong></span> 
     </span>
    </p>
   </div>
   <div class='ocr_carea' id='block_1_50' title="bbox 2121 790 3698 859">
    <p class='ocr_par' dir='ltr' id='par_1_50' title="bbox 2121 790 3698 859">
     <span class='ocr_line' id='line_1_50' title="bbox 2121 790 3698 859; baseline 0.003 -16"><span class='ocrx_word' id='word_1_368' title='bbox 2121 804 2243 859; x_wconf 74' lang='lat' dir='ltr'><strong>quae</strong></span> <span class='ocrx_word' id='word_1_369' title='bbox 2276 791 2490 844; x_wconf 89' lang='lat' dir='ltr'><strong>videtur</strong></span> <span class='ocrx_word' id='word_1_370' title='bbox 2514 790 2767 851; x_wconf 88' lang='lat' dir='ltr'><strong>imbellis.</strong></span> <span class='ocrx_word' id='word_1_371' title='bbox 2798 791 2839 843; x_wconf 90' lang='lat' dir='ltr'><strong>si</strong></span> <span class='ocrx_word' id='word_1_372' title='bbox 2871 807 2995 845; x_wconf 91' lang='lat' dir='ltr'><strong>cum</strong></span> <span class='ocrx_word' id='word_1_373' title='bbox 3027 791 3207 859; x_wconf 90' lang='lat' dir='ltr'><strong>quiete</strong></span> <span class='ocrx_word' id='word_1_374' title='bbox 3245 792 3481 846; x_wconf 87' lang='lat' dir='ltr'><strong>resideat</strong></span> <span class='ocrx_word' id='word_1_375' title='bbox 3514 793 3565 846; x_wconf 93' lang='lat' dir='ltr'><strong>in</strong></span> <span class='ocrx_word' id='word_1_376' title='bbox 3603 808 3698 847; x_wconf 58' lang='lat' dir='ltr'><strong>cav-</strong></span> 
     </span>
    </p>
   </div>
   <div class='ocr_carea' id='block_1_51' title="bbox 2119 882 3695 954">
    <p class='ocr_par' dir='ltr' id='par_1_51' title="bbox 2119 882 3695 954">
     <span class='ocr_line' id='line_1_51' title="bbox 2119 882 3695 954; baseline 0.001 -17"><span class='ocrx_word' id='word_1_377' title='bbox 2119 882 2268 948; x_wconf 89' lang='lat' dir='ltr'><strong>stris,</strong></span> <span class='ocrx_word' id='word_1_378' title='bbox 2310 883 2355 936; x_wconf 89' lang='lat' dir='ltr'><strong>si</strong></span> <span class='ocrx_word' id='word_1_379' title='bbox 2392 884 2446 937; x_wconf 94' lang='lat' dir='ltr'><strong>in</strong></span> <span class='ocrx_word' id='word_1_380' title='bbox 2477 882 2691 937; x_wconf 91' lang='lat' dir='ltr'><strong>silentio</strong></span> <span class='ocrx_word' id='word_1_381' title='bbox 2746 890 2890 951; x_wconf 85' lang='lat' dir='ltr'><strong>agat,</strong></span> <span class='ocrx_word' id='word_1_382' title='bbox 2924 890 2977 933; x_wconf 85' lang='lat' dir='ltr'><strong>et</strong></span> <span class='ocrx_word' id='word_1_383' title='bbox 3008 897 3112 935; x_wconf 93' lang='lat' dir='ltr'><strong>non</strong></span> <span class='ocrx_word' id='word_1_384' title='bbox 3166 884 3385 937; x_wconf 91' lang='lat' dir='ltr'><strong>recedat</strong></span> <span class='ocrx_word' id='word_1_385' title='bbox 3427 898 3455 937; x_wconf 93' lang='lat' dir='ltr'><strong>a</strong></span> <span class='ocrx_word' id='word_1_386' title='bbox 3491 883 3695 954; x_wconf 82' lang='lat' dir='ltr'><strong>Moyse,</strong></span> 
     </span>
    </p>
   </div>
   <div class='ocr_carea' id='block_1_52' title="bbox 2118 975 3695 1045">
    <p class='ocr_par' dir='ltr' id='par_1_52' title="bbox 2118 975 3695 1045">
     <span class='ocr_line' id='line_1_52' title="bbox 2118 975 3695 1045; baseline 0 -14"><span class='ocrx_word' id='word_1_387' title='bbox 2118 977 2213 1032; x_wconf 89' lang='lat' dir='ltr'><strong>sed</strong></span> <span class='ocrx_word' id='word_1_388' title='bbox 2243 987 2557 1045; x_wconf 86' lang='lat' dir='ltr'><strong>permaneat</strong></span> <span class='ocrx_word' id='word_1_389' title='bbox 2588 977 2641 1029; x_wconf 92' lang='lat' dir='ltr'><strong>in</strong></span> <span class='ocrx_word' id='word_1_390' title='bbox 2670 975 2787 1044; x_wconf 84' lang='lat' dir='ltr'><strong>lege</strong></span> <span class='ocrx_word' id='word_1_391' title='bbox 2812 975 2928 1039; x_wconf 90' lang='lat' dir='ltr'><strong>Dei,</strong></span> <span class='ocrx_word' id='word_1_392' title='bbox 2960 985 3174 1044; x_wconf 89' lang='lat' dir='ltr'><strong>partem</strong></span> <span class='ocrx_word' id='word_1_393' title='bbox 3202 976 3499 1044; x_wconf 77' lang='lat' dir='ltr'><strong>Spoliorum</strong></span> <span class='ocrx_word' id='word_1_394' title='bbox 3530 977 3695 1031; x_wconf 89' lang='lat' dir='ltr'><strong>etiam</strong></span> 
     </span>
    </p>
   </div>
   <div class='ocr_carea' id='block_1_53' title="bbox 2119 1066 3697 1137">
    <p class='ocr_par' dir='ltr' id='par_1_53' title="bbox 2119 1066 3697 1137">
     <span class='ocr_line' id='line_1_53' title="bbox 2119 1066 3697 1137; baseline -0.001 -15"><span class='ocrx_word' id='word_1_395' title='bbox 2119 1066 2235 1137; x_wconf 88' lang='lat' dir='ltr'><strong>ipsa</strong></span> <span class='ocrx_word' id='word_1_396' title='bbox 2273 1067 2556 1137; x_wconf 89' lang='lat' dir='ltr'><strong>percipiet.</strong></span> <span class='ocrx_word' id='word_1_397' title='bbox 2589 1066 2710 1121; x_wconf 85' lang='lat' dir='ltr'><strong>Fiet</strong></span> <span class='ocrx_word' id='word_1_398' title='bbox 2743 1066 2887 1121; x_wconf 90' lang='lat' dir='ltr'><strong>enim</strong></span> <span class='ocrx_word' id='word_1_399' title='bbox 2922 1080 3076 1134; x_wconf 60' lang='lat' dir='ltr'><strong>aequa</strong></span> <span class='ocrx_word' id='word_1_400' title='bbox 3117 1067 3317 1135; x_wconf 87' lang='lat' dir='ltr'><strong>portio,</strong></span> <span class='ocrx_word' id='word_1_401' title='bbox 3346 1082 3450 1121; x_wconf 92' lang='lat' dir='ltr'><strong>non</strong></span> <span class='ocrx_word' id='word_1_402' title='bbox 3476 1081 3570 1136; x_wconf 90' lang='lat' dir='ltr'><strong>per</strong></span> <span class='ocrx_word' id='word_1_403' title='bbox 3595 1083 3697 1121; x_wconf 88' lang='lat' dir='ltr'><strong>nu-</strong></span> 
     </span>
    </p>
   </div>
   <div class='ocr_carea' id='block_1_54' title="bbox 2116 1156 3695 1228">
    <p class='ocr_par' dir='ltr' id='par_1_54' title="bbox 2116 1156 3695 1228">
     <span class='ocr_line' id='line_1_54' title="bbox 2116 1156 3695 1228; baseline -0.003 -13"><span class='ocrx_word' id='word_1_404' title='bbox 2116 1174 2326 1215; x_wconf 89' lang='lat' dir='ltr'><strong>merum</strong></span> <span class='ocrx_word' id='word_1_405' title='bbox 2381 1159 2624 1228; x_wconf 91' lang='lat' dir='ltr'><strong>quidem,</strong></span> <span class='ocrx_word' id='word_1_406' title='bbox 2651 1159 2745 1212; x_wconf 92' lang='lat' dir='ltr'><strong>sed</strong></span> <span class='ocrx_word' id='word_1_407' title='bbox 2808 1169 3066 1227; x_wconf 92' lang='lat' dir='ltr'><strong>quantum</strong></span> <span class='ocrx_word' id='word_1_408' title='bbox 3115 1160 3274 1210; x_wconf 92' lang='lat' dir='ltr'><strong>datur</strong></span> <span class='ocrx_word' id='word_1_409' title='bbox 3316 1156 3462 1210; x_wconf 91' lang='lat' dir='ltr'><strong>omni</strong></span> <span class='ocrx_word' id='word_1_410' title='bbox 3501 1156 3695 1226; x_wconf 91' lang='lat' dir='ltr'><strong>populo</strong></span> 
     </span>
    </p>
   </div>
   <div class='ocr_carea' id='block_1_55' title="bbox 2120 1246 3694 1321">
    <p class='ocr_par' dir='ltr' id='par_1_55' title="bbox 2120 1246 3694 1321">
     <span class='ocr_line' id='line_1_55' title="bbox 2120 1246 3694 1321; baseline -0.006 -14"><span class='ocrx_word' id='word_1_411' title='bbox 2120 1251 2351 1321; x_wconf 90' lang='lat' dir='ltr'><strong>reliquo,</strong></span> <span class='ocrx_word' id='word_1_412' title='bbox 2384 1259 2592 1304; x_wconf 90' lang='lat' dir='ltr'><strong>tantum</strong></span> <span class='ocrx_word' id='word_1_413' title='bbox 2635 1260 2691 1305; x_wconf 82' lang='lat' dir='ltr'><strong>et</strong></span> <span class='ocrx_word' id='word_1_414' title='bbox 2725 1248 2834 1303; x_wconf 91' lang='lat' dir='ltr'><strong>illis</strong></span> <span class='ocrx_word' id='word_1_415' title='bbox 2874 1246 3157 1301; x_wconf 86' lang='lat' dir='ltr'><strong>duodecim</strong></span> <span class='ocrx_word' id='word_1_416' title='bbox 3195 1247 3449 1310; x_wconf 89' lang='lat' dir='ltr'><strong>millibus,</strong></span> <span class='ocrx_word' id='word_1_417' title='bbox 3496 1248 3694 1313; x_wconf 89' lang='lat' dir='ltr'><strong>quibus</strong></span> 
     </span>
    </p>
   </div>
   <div class='ocr_carea' id='block_1_56' title="bbox 2116 1338 3693 1412">
    <p class='ocr_par' dir='ltr' id='par_1_56' title="bbox 2116 1338 3693 1412">
     <span class='ocr_line' id='line_1_56' title="bbox 2116 1338 3693 1412; baseline -0.004 -16"><span class='ocrx_word' id='word_1_418' title='bbox 2116 1343 2459 1399; x_wconf 88' lang='lat' dir='ltr'><strong>vincentibus</strong></span> <span class='ocrx_word' id='word_1_419' title='bbox 2480 1352 2637 1412; x_wconf 88' lang='lat' dir='ltr'><strong>capta</strong></span> <span class='ocrx_word' id='word_1_420' title='bbox 2662 1351 2788 1397; x_wconf 91' lang='lat' dir='ltr'><strong>sunt</strong></span> <span class='ocrx_word' id='word_1_421' title='bbox 2809 1340 2999 1410; x_wconf 89' lang='lat' dir='ltr'><strong>spolia.</strong></span> <span class='ocrx_word' id='word_1_422' title='bbox 3024 1338 3155 1405; x_wconf 83' lang='lat' dir='ltr'><strong>Quis</strong></span> <span class='ocrx_word' id='word_1_423' title='bbox 3183 1339 3295 1393; x_wconf 62' lang='lat' dir='ltr'><strong>haec</strong></span> <span class='ocrx_word' id='word_1_424' title='bbox 3323 1338 3570 1401; x_wconf 90' lang='lat' dir='ltr'><strong>audiens,</strong></span> <span class='ocrx_word' id='word_1_425' title='bbox 3590 1352 3693 1390; x_wconf 87' lang='lat' dir='ltr'><strong>non</strong></span> 
     </span>
    </p>
   </div>
   <div class='ocr_carea' id='block_1_57' title="bbox 2115 1436 3696 1502">
    <p class='ocr_par' dir='ltr' id='par_1_57' title="bbox 2115 1436 3696 1502">
     <span class='ocr_line' id='line_1_57' title="bbox 2115 1436 3696 1502; baseline -0.003 -9"><span class='ocrx_word' id='word_1_426' title='bbox 2115 1438 2377 1494; x_wconf 84' lang='lat' dir='ltr'><strong>invitetur</strong></span> <span class='ocrx_word' id='word_1_427' title='bbox 2416 1439 2481 1492; x_wconf 88' lang='lat' dir='ltr'><strong>ad</strong></span> <span class='ocrx_word' id='word_1_428' title='bbox 2528 1438 2774 1491; x_wconf 89' lang='lat' dir='ltr'><strong>tnilitiam</strong></span> <span class='ocrx_word' id='word_1_429' title='bbox 2813 1438 2904 1491; x_wconf 86' lang='lat' dir='ltr'><strong>Dei</strong></span> <span class='ocrx_word' id='word_1_430' title='bbox 2938 1438 2960 1490; x_wconf 86' lang='lat'><strong>?</strong></span> <span class='ocrx_word' id='word_1_431' title='bbox 3001 1436 3136 1502; x_wconf 83' lang='lat' dir='ltr'><strong>Quis</strong></span> <span class='ocrx_word' id='word_1_432' title='bbox 3170 1454 3273 1489; x_wconf 87' lang='lat' dir='ltr'><strong>tton</strong></span> <span class='ocrx_word' id='word_1_433' title='bbox 3303 1436 3575 1489; x_wconf 84' lang='lat' dir='ltr'><strong>animetur</strong></span> <span class='ocrx_word' id='word_1_434' title='bbox 3598 1449 3696 1502; x_wconf 66' lang='lat' dir='ltr'><strong>puo</strong></span> 
     </span>
    </p>
   </div>
   <div class='ocr_carea' id='block_1_58' title="bbox 2114 1528 3693 1602">
    <p class='ocr_par' dir='ltr' id='par_1_58' title="bbox 2114 1528 3693 1602">
     <span class='ocr_line' id='line_1_58' title="bbox 2114 1528 3693 1602; baseline -0.004 -16"><span class='ocrx_word' id='word_1_435' title='bbox 2114 1547 2283 1601; x_wconf 88' lang='lat' dir='ltr'><strong>gnare</strong></span> <span class='ocrx_word' id='word_1_436' title='bbox 2326 1547 2422 1602; x_wconf 89' lang='lat' dir='ltr'><strong>pro</strong></span> <span class='ocrx_word' id='word_1_437' title='bbox 2472 1532 2638 1602; x_wconf 78' lang='lat'><strong>368</strong></span> <span class='ocrx_word' id='word_1_438' title='bbox 2689 1530 2932 1584; x_wconf 76' lang='lat' dir='ltr'><strong>Ecclesia</strong></span> <span class='ocrx_word' id='word_1_439' title='bbox 2986 1538 3041 1581; x_wconf 81' lang='lat' dir='ltr'><strong>ct</strong></span> <span class='ocrx_word' id='word_1_440' title='bbox 3099 1529 3354 1582; x_wconf 82' lang='lat' dir='ltr'><strong>resistere</strong></span> <span class='ocrx_word' id='word_1_441' title='bbox 3409 1528 3693 1581; x_wconf 89' lang='lat' dir='ltr'><strong>adversum</strong></span> 
     </span>
    </p>
   </div>
   <div class='ocr_carea' id='block_1_59' title="bbox 2113 1619 3695 1689">
    <p class='ocr_par' dir='ltr' id='par_1_59' title="bbox 2113 1619 3695 1689">
     <span class='ocr_line' id='line_1_59' title="bbox 2113 1619 3695 1689; baseline -0.006 -9"><span class='ocrx_word' id='word_1_442' title='bbox 2113 1625 2361 1680; x_wconf 83' lang='lat' dir='ltr'><strong>veritatis</strong></span> <span class='ocrx_word' id='word_1_443' title='bbox 2417 1626 2688 1688; x_wconf 88' lang='lat' dir='ltr'><strong>inimicos,</strong></span> <span class='ocrx_word' id='word_1_444' title='bbox 2749 1638 2843 1677; x_wconf 90' lang='lat' dir='ltr'><strong>eos</strong></span> <span class='ocrx_word' id='word_1_445' title='bbox 2901 1621 3107 1675; x_wconf 86' lang='lat' dir='ltr'><strong>scilicet</strong></span> <span class='ocrx_word' id='word_1_446' title='bbox 3158 1622 3247 1689; x_wconf 93' lang='lat' dir='ltr'><strong>qui</strong></span> <span class='ocrx_word' id='word_1_447' title='bbox 3302 1619 3388 1673; x_wconf 88' lang='lat' dir='ltr'><strong>vel</strong></span> <span class='ocrx_word' id='word_1_448' title='bbox 3445 1621 3695 1689; x_wconf 86' lang='lat' dir='ltr'><strong>dogmata</strong></span> 
     </span>
    </p>
   </div>
   <div class='ocr_carea' id='block_1_60' title="bbox 2113 1713 3699 1788">
    <p class='ocr_par' dir='ltr' id='par_1_60' title="bbox 2113 1713 3699 1788">
     <span class='ocr_line' id='line_1_60' title="bbox 2113 1713 3699 1788; baseline -0.004 -17"><span class='ocrx_word' id='word_1_449' title='bbox 2113 1716 2373 1774; x_wconf 87' lang='lat' dir='ltr'><strong>Ecclesiae</strong></span> <span class='ocrx_word' id='word_1_450' title='bbox 2422 1732 2761 1788; x_wconf 85' lang='lat' dir='ltr'><strong>oppugnare,</strong></span> <span class='ocrx_word' id='word_1_451' title='bbox 2810 1714 2892 1768; x_wconf 84' lang='lat' dir='ltr'><strong>vel</strong></span> <span class='ocrx_word' id='word_1_452' title='bbox 2937 1713 3197 1784; x_wconf 84' lang='lat' dir='ltr'><strong>voluptati</strong></span> <span class='ocrx_word' id='word_1_453' title='bbox 3236 1722 3289 1768; x_wconf 86' lang='lat' dir='ltr'><strong>el</strong></span> <span class='ocrx_word' id='word_1_454' title='bbox 3316 1713 3541 1767; x_wconf 64' lang='lat' dir='ltr'><strong>luxuriae</strong></span> <span class='ocrx_word' id='word_1_455' title='bbox 3578 1726 3699 1781; x_wconf 89' lang='lat' dir='ltr'><strong>ope-</strong></span> 
     </span>
    </p>
   </div>
   <div class='ocr_carea' id='block_1_61' title="bbox 2118 1806 3697 1876">
    <p class='ocr_par' dir='ltr' id='par_1_61' title="bbox 2118 1806 3697 1876">
     <span class='ocr_line' id='line_1_61' title="bbox 2118 1806 3697 1876; baseline -0.006 -9"><span class='ocrx_word' id='word_1_456' title='bbox 2118 1829 2233 1867; x_wconf 87' lang='lat' dir='ltr'><strong>ram</strong></span> <span class='ocrx_word' id='word_1_457' title='bbox 2262 1815 2392 1869; x_wconf 91' lang='lat' dir='ltr'><strong>dare</strong></span> <span class='ocrx_word' id='word_1_458' title='bbox 2421 1813 2671 1868; x_wconf 84' lang='lat' dir='ltr'><strong>homines</strong></span> <span class='ocrx_word' id='word_1_459' title='bbox 2705 1810 2903 1864; x_wconf 89' lang='lat' dir='ltr'><strong>docent</strong></span> <span class='ocrx_word' id='word_1_460' title='bbox 2929 1808 2952 1860; x_wconf 69' lang='grc' dir='ltr'><strong><em>τ</em></strong></span> <span class='ocrx_word' id='word_1_461' title='bbox 2983 1806 3085 1873; x_wconf 85' lang='lat' dir='ltr'><strong>Qui</strong></span> <span class='ocrx_word' id='word_1_462' title='bbox 3112 1823 3241 1876; x_wconf 86' lang='lat' dir='ltr'><strong>ergo</strong></span> <span class='ocrx_word' id='word_1_463' title='bbox 3264 1807 3363 1859; x_wconf 91' lang='lat' dir='ltr'><strong>hos</strong></span> <span class='ocrx_word' id='word_1_464' title='bbox 3399 1814 3697 1875; x_wconf 79' lang='lat' dir='ltr'><strong>expugnat,</strong></span> 
     </span>
    </p>
   </div>
   <div class='ocr_carea' id='block_1_62' title="bbox 2120 1898 3699 1971">
    <p class='ocr_par' dir='ltr' id='par_1_62' title="bbox 2120 1898 3699 1971">
     <span class='ocr_line' id='line_1_62' title="bbox 2120 1898 3699 1971; baseline -0.008 -8"><span class='ocrx_word' id='word_1_465' title='bbox 2120 1916 2172 1963; x_wconf 90' lang='lat' dir='ltr'><strong>et</strong></span> <span class='ocrx_word' id='word_1_466' title='bbox 2204 1907 2288 1961; x_wconf 85' lang='lat' dir='ltr'><strong>vel</strong></span> <span class='ocrx_word' id='word_1_467' title='bbox 2324 1909 2377 1961; x_wconf 91' lang='lat' dir='ltr'><strong>in</strong></span> <span class='ocrx_word' id='word_1_468' title='bbox 2407 1921 2484 1970; x_wconf 89' lang='lat' dir='ltr'><strong>se,</strong></span> <span class='ocrx_word' id='word_1_469' title='bbox 2517 1905 2598 1958; x_wconf 89' lang='lat' dir='ltr'><strong>vel</strong></span> <span class='ocrx_word' id='word_1_470' title='bbox 2635 1905 2687 1957; x_wconf 91' lang='lat' dir='ltr'><strong>in</strong></span> <span class='ocrx_word' id='word_1_471' title='bbox 2715 1902 2979 1971; x_wconf 80' lang='lat' dir='ltr'><strong>proximis</strong></span> <span class='ocrx_word' id='word_1_472' title='bbox 3017 1902 3129 1956; x_wconf 88' lang='lat' dir='ltr'><strong>suis</strong></span> <span class='ocrx_word' id='word_1_473' title='bbox 3160 1902 3291 1955; x_wconf 91' lang='lat' dir='ltr'><strong>vitia</strong></span> <span class='ocrx_word' id='word_1_474' title='bbox 3326 1899 3565 1969; x_wconf 87' lang='lat' dir='ltr'><strong>perimit,</strong></span> <span class='ocrx_word' id='word_1_475' title='bbox 3609 1898 3699 1951; x_wconf 89' lang='lat' dir='ltr'><strong>hic</strong></span> 
     </span>
    </p>
   </div>
   <div class='ocr_carea' id='block_1_63' title="bbox 2120 1991 3696 2068">
    <p class='ocr_par' dir='ltr' id='par_1_63' title="bbox 2120 1991 3696 2068">
     <span class='ocr_line' id='line_1_63' title="bbox 2120 1991 3696 2068; baseline -0.011 -14"><span class='ocrx_word' id='word_1_476' title='bbox 2120 1999 2351 2068; x_wconf 87' lang='lat' dir='ltr'><strong>accipiet</strong></span> <span class='ocrx_word' id='word_1_477' title='bbox 2370 1998 2543 2067; x_wconf 89' lang='lat' dir='ltr'><strong>spolia</strong></span> <span class='ocrx_word' id='word_1_478' title='bbox 2563 1995 2754 2062; x_wconf 90' lang='lat' dir='ltr'><strong>multa,</strong></span> <span class='ocrx_word' id='word_1_479' title='bbox 2777 1993 3138 2063; x_wconf 85' lang='lat' dir='ltr'><strong>quinquagies</strong></span> <span class='ocrx_word' id='word_1_480' title='bbox 3167 1991 3515 2057; x_wconf 85' lang='lat' dir='ltr'><strong>multiplicata</strong></span> <span class='ocrx_word' id='word_1_481' title='bbox 3535 2001 3696 2056; x_wconf 92' lang='lat' dir='ltr'><strong>quam</strong></span> 
     </span>
    </p>
   </div>
   <div class='ocr_carea' id='block_1_64' title="bbox 2120 2079 3699 2157">
    <p class='ocr_par' dir='ltr' id='par_1_64' title="bbox 2120 2079 3699 2157">
     <span class='ocr_line' id='line_1_64' title="bbox 2120 2079 3699 2157; baseline -0.011 -11"><span class='ocrx_word' id='word_1_482' title='bbox 2120 2091 2322 2146; x_wconf 68' lang='lat' dir='ltr'><strong>etetcri.</strong></span> <span class='ocrx_word' id='word_1_483' title='bbox 2367 2088 2635 2144; x_wconf 89' lang='lat' dir='ltr'><strong>lntantttm</strong></span> <span class='ocrx_word' id='word_1_484' title='bbox 2676 2101 2910 2157; x_wconf 82' lang='lat' dir='ltr'><strong>namque</strong></span> <span class='ocrx_word' id='word_1_485' title='bbox 2935 2085 3143 2139; x_wconf 92' lang='lat' dir='ltr'><strong>numeri</strong></span> <span class='ocrx_word' id='word_1_486' title='bbox 3177 2082 3457 2153; x_wconf 89' lang='lat' dir='ltr'><strong>quantitas</strong></span> <span class='ocrx_word' id='word_1_487' title='bbox 3486 2079 3699 2132; x_wconf 84' lang='lat' dir='ltr'><strong>videtur</strong></span> 
     </span>
    </p>
   </div>
   <div class='ocr_carea' id='block_1_65' title="bbox 2120 2173 3699 2254">
    <p class='ocr_par' dir='ltr' id='par_1_65' title="bbox 2120 2173 3699 2254">
     <span class='ocr_line' id='line_1_65' title="bbox 2120 2173 3699 2254; baseline -0.008 -18"><span class='ocrx_word' id='word_1_488' title='bbox 2120 2184 2329 2254; x_wconf 91' lang='lat' dir='ltr'><strong>augeri,</strong></span> <span class='ocrx_word' id='word_1_489' title='bbox 2350 2198 2469 2238; x_wconf 88' lang='lat' dir='ltr'><strong>cum</strong></span> <span class='ocrx_word' id='word_1_490' title='bbox 2500 2182 2769 2238; x_wconf 82' lang='lat' dir='ltr'><strong>sexcentis</strong></span> <span class='ocrx_word' id='word_1_491' title='bbox 2802 2180 3041 2235; x_wconf 91' lang='lat' dir='ltr'><strong>millibus</strong></span> <span class='ocrx_word' id='word_1_492' title='bbox 3069 2176 3350 2232; x_wconf 85' lang='lat' dir='ltr'><strong>duodecim</strong></span> <span class='ocrx_word' id='word_1_493' title='bbox 3379 2173 3543 2227; x_wconf 88' lang='lat' dir='ltr'><strong>millia</strong></span> <span class='ocrx_word' id='word_1_494' title='bbox 3571 2187 3699 2227; x_wconf 91' lang='lat' dir='ltr'><strong>con-</strong></span> 
     </span>
    </p>
   </div>
   <div class='ocr_carea' id='block_1_66' title="bbox 2122 2265 3695 2342">
    <p class='ocr_par' dir='ltr' id='par_1_66' title="bbox 2122 2265 3695 2342">
     <span class='ocr_line' id='line_1_66' title="bbox 2122 2265 3695 2342; baseline -0.006 -15"><span class='ocrx_word' id='word_1_495' title='bbox 2122 2277 2388 2331; x_wconf 86' lang='lat' dir='ltr'><strong>feruntur.</strong></span> <span class='ocrx_word' id='word_1_496' title='bbox 2425 2275 2634 2332; x_wconf 78' lang='lat' dir='ltr'><strong>Offerre</strong></span> <span class='ocrx_word' id='word_1_497' title='bbox 2664 2284 2844 2329; x_wconf 90' lang='lat' dir='ltr'><strong>tamen</strong></span> <span class='ocrx_word' id='word_1_498' title='bbox 2884 2287 3009 2342; x_wconf 91' lang='lat' dir='ltr'><strong>pars</strong></span> <span class='ocrx_word' id='word_1_499' title='bbox 3049 2279 3281 2339; x_wconf 90' lang='lat' dir='ltr'><strong>utraque</strong></span> <span class='ocrx_word' id='word_1_500' title='bbox 3311 2267 3533 2336; x_wconf 88' lang='lat' dir='ltr'><strong>jubetur</strong></span> <span class='ocrx_word' id='word_1_501' title='bbox 3566 2265 3695 2319; x_wconf 87' lang='lat' dir='ltr'><strong>Deo.</strong></span> 
     </span>
    </p>
   </div>
   <div class='ocr_carea' id='block_1_67' title="bbox 2119 2356 3696 2439">
    <p class='ocr_par' dir='ltr' id='par_1_67' title="bbox 2119 2356 3696 2439">
     <span class='ocr_line' id='line_1_67' title="bbox 2119 2356 3696 2439; baseline -0.008 -17"><span class='ocrx_word' id='word_1_502' title='bbox 2119 2369 2184 2422; x_wconf 93' lang='lat' dir='ltr'><strong>Et</strong></span> <span class='ocrx_word' id='word_1_503' title='bbox 2212 2368 2283 2421; x_wconf 91' lang='lat' dir='ltr'><strong>illi</strong></span> <span class='ocrx_word' id='word_1_504' title='bbox 2312 2370 2529 2437; x_wconf 92' lang='lat' dir='ltr'><strong>quidem</strong></span> <span class='ocrx_word' id='word_1_505' title='bbox 2581 2368 2671 2439; x_wconf 92' lang='lat' dir='ltr'><strong>qui</strong></span> <span class='ocrx_word' id='word_1_506' title='bbox 2726 2368 2998 2430; x_wconf 91' lang='lat' dir='ltr'><strong>vicerunt,</strong></span> <span class='ocrx_word' id='word_1_507' title='bbox 3043 2378 3207 2417; x_wconf 92' lang='lat' dir='ltr'><strong>unum</strong></span> <span class='ocrx_word' id='word_1_508' title='bbox 3239 2376 3306 2415; x_wconf 75' lang='lat' dir='ltr'><strong>ex</strong></span> <span class='ocrx_word' id='word_1_509' title='bbox 3336 2356 3648 2430; x_wconf 88' lang='lat' dir='ltr'><strong>quingentis</strong></span> <span class='ocrx_word' id='word_1_510' title='bbox 3678 2371 3696 2410; x_wconf 90' lang='lat'><strong>:</strong></span> 
     </span>
    </p>
   </div>
   <div class='ocr_carea' id='block_1_68' title="bbox 2120 2449 3693 2526">
    <p class='ocr_par' dir='ltr' id='par_1_68' title="bbox 2120 2449 3693 2526">
     <span class='ocr_line' id='line_1_68' title="bbox 2120 2449 3693 2526; baseline -0.005 -15"><span class='ocrx_word' id='word_1_511' title='bbox 2120 2459 2207 2526; x_wconf 92' lang='lat' dir='ltr'><strong>qui</strong></span> <span class='ocrx_word' id='word_1_512' title='bbox 2229 2471 2405 2513; x_wconf 88' lang='lat' dir='ltr'><strong>autem</strong></span> <span class='ocrx_word' id='word_1_513' title='bbox 2437 2460 2581 2513; x_wconf 90' lang='lat' dir='ltr'><strong>domi</strong></span> <span class='ocrx_word' id='word_1_514' title='bbox 2615 2458 2951 2519; x_wconf 87' lang='lat' dir='ltr'><strong>resederunt,</strong></span> <span class='ocrx_word' id='word_1_515' title='bbox 2986 2469 3151 2507; x_wconf 92' lang='lat' dir='ltr'><strong>unum</strong></span> <span class='ocrx_word' id='word_1_516' title='bbox 3178 2468 3242 2505; x_wconf 82' lang='lat' dir='ltr'><strong>ex</strong></span> <span class='ocrx_word' id='word_1_517' title='bbox 3275 2449 3693 2520; x_wconf 76' lang='lat' dir='ltr'><strong>quinquaginta.</strong></span> 
     </span>
    </p>
   </div>
   <div class='ocr_carea' id='block_1_69' title="bbox 2120 2544 3693 2621">
    <p class='ocr_par' dir='ltr' id='par_1_69' title="bbox 2120 2544 3693 2621">
     <span class='ocr_line' id='line_1_69' title="bbox 2120 2544 3693 2621; baseline -0.006 -18"><span class='ocrx_word' id='word_1_518' title='bbox 2120 2552 2549 2621; x_wconf 83' lang='lat' dir='ltr'><strong>Quingentorum</strong></span> <span class='ocrx_word' id='word_1_519' title='bbox 2610 2559 2790 2603; x_wconf 90' lang='lat' dir='ltr'><strong>autem</strong></span> <span class='ocrx_word' id='word_1_520' title='bbox 2843 2557 2895 2601; x_wconf 87' lang='lat' dir='ltr'><strong>et</strong></span> <span class='ocrx_word' id='word_1_521' title='bbox 2952 2544 3345 2615; x_wconf 87' lang='lat' dir='ltr'><strong>quinquaginta</strong></span> <span class='ocrx_word' id='word_1_522' title='bbox 3408 2556 3693 2595; x_wconf 89' lang='lat' dir='ltr'><strong>numerum</strong></span> 
     </span>
    </p>
   </div>
   <div class='ocr_carea' id='block_1_70' title="bbox 2119 2636 3697 2708">
    <p class='ocr_par' dir='ltr' id='par_1_70' title="bbox 2119 2636 3697 2708">
     <span class='ocr_line' id='line_1_70' title="bbox 2119 2636 3697 2708; baseline -0.006 -11"><span class='ocrx_word' id='word_1_523' title='bbox 2119 2653 2365 2697; x_wconf 91' lang='lat' dir='ltr'><strong>sanctum</strong></span> <span class='ocrx_word' id='word_1_524' title='bbox 2396 2658 2516 2696; x_wconf 91' lang='lat' dir='ltr'><strong>esse</strong></span> <span class='ocrx_word' id='word_1_525' title='bbox 2549 2640 2827 2708; x_wconf 87' lang='lat' dir='ltr'><strong>Scriptura</strong></span> <span class='ocrx_word' id='word_1_526' title='bbox 2877 2646 3131 2691; x_wconf 86' lang='lat' dir='ltr'><strong>testatur.</strong></span> <span class='ocrx_word' id='word_1_527' title='bbox 3180 2636 3331 2691; x_wconf 90' lang='lat' dir='ltr'><strong>Unde</strong></span> <span class='ocrx_word' id='word_1_528' title='bbox 3361 2646 3415 2690; x_wconf 91' lang='lat' dir='ltr'><strong>et</strong></span> <span class='ocrx_word' id='word_1_529' title='bbox 3444 2636 3697 2690; x_wconf 89' lang='lat' dir='ltr'><strong>Salvator</strong></span> 
     </span>
    </p>
   </div>
   <div class='ocr_carea' id='block_1_71' title="bbox 2121 2725 3697 2800">
    <p class='ocr_par' dir='ltr' id='par_1_71' title="bbox 2121 2725 3697 2800">
     <span class='ocr_line' id='line_1_71' title="bbox 2121 2725 3697 2800; baseline -0.008 -12"><span class='ocrx_word' id='word_1_530' title='bbox 2121 2731 2333 2788; x_wconf 85' lang='lat' dir='ltr'><strong>dicebat</strong></span> <span class='ocrx_word' id='word_1_531' title='bbox 2370 2732 2422 2786; x_wconf 94' lang='lat' dir='ltr'><strong>in</strong></span> <span class='ocrx_word' id='word_1_532' title='bbox 2453 2730 2756 2800; x_wconf 84' lang='lat' dir='ltr'><strong>Evangeliis</strong></span> <span class='ocrx_word' id='word_1_533' title='bbox 2783 2731 2826 2760; x_wconf 72' lang='grc'><strong>³⁸</strong></span> <span class='ocrx_word' id='word_1_534' title='bbox 2860 2747 2873 2782; x_wconf 92' lang='lat'><strong>:</strong></span> <span class='ocrx_word' id='word_1_535' title='bbox 2910 2747 2928 2778; x_wconf 86' lang='grc'><em>‹</em></span> <span class='ocrx_word' id='word_1_536' title='bbox 2966 2726 3180 2781; x_wconf 88' lang='lat' dir='ltr'><strong>Ilomini</strong></span> <span class='ocrx_word' id='word_1_537' title='bbox 3213 2725 3427 2777; x_wconf 90' lang='lat' dir='ltr'><strong>cuidam</strong></span> <span class='ocrx_word' id='word_1_538' title='bbox 3459 2725 3697 2777; x_wconf 73' lang='lat' dir='ltr'><strong>fmttera-</strong></span> 
     </span>
    </p>
   </div>
   <div class='ocr_carea' id='block_1_72' title="bbox 2122 2813 3696 2884">
    <p class='ocr_par' dir='ltr' id='par_1_72' title="bbox 2122 2813 3696 2884">
     <span class='ocr_line' id='line_1_72' title="bbox 2122 2813 3696 2884; baseline -0.008 -7"><span class='ocrx_word' id='word_1_539' title='bbox 2122 2824 2225 2879; x_wconf 91' lang='lat' dir='ltr'><strong>tori</strong></span> <span class='ocrx_word' id='word_1_540' title='bbox 2280 2833 2437 2877; x_wconf 90' lang='lat' dir='ltr'><strong>erant</strong></span> <span class='ocrx_word' id='word_1_541' title='bbox 2474 2824 2581 2876; x_wconf 92' lang='lat' dir='ltr'><strong>duo</strong></span> <span class='ocrx_word' id='word_1_542' title='bbox 2641 2820 2960 2875; x_wconf 87' lang='lat' dir='ltr'><strong>debitores:</strong></span> <span class='ocrx_word' id='word_1_543' title='bbox 2992 2834 3132 2873; x_wconf 90' lang='lat' dir='ltr'><strong>unus</strong></span> <span class='ocrx_word' id='word_1_544' title='bbox 3174 2832 3238 2871; x_wconf 79' lang='lat' dir='ltr'><strong>ex</strong></span> <span class='ocrx_word' id='word_1_545' title='bbox 3287 2816 3420 2884; x_wconf 86' lang='lat' dir='ltr'><strong>ipsis</strong></span> <span class='ocrx_word' id='word_1_546' title='bbox 3465 2813 3696 2867; x_wconf 89' lang='lat' dir='ltr'><strong>debebat</strong></span> 
     </span>
    </p>
   </div>
   <div class='ocr_carea' id='block_1_73' title="bbox 2121 2901 3695 2983">
    <p class='ocr_par' dir='ltr' id='par_1_73' title="bbox 2121 2901 3695 2983">
     <span class='ocr_line' id='line_1_73' title="bbox 2121 2901 3695 2983; baseline -0.009 -15"><span class='ocrx_word' id='word_1_547' title='bbox 2121 2914 2376 2969; x_wconf 85' lang='lat' dir='ltr'><strong>denarios</strong></span> <span class='ocrx_word' id='word_1_548' title='bbox 2431 2913 2774 2983; x_wconf 85' lang='lat' dir='ltr'><strong>quingentos,</strong></span> <span class='ocrx_word' id='word_1_549' title='bbox 2829 2921 2881 2965; x_wconf 91' lang='lat' dir='ltr'><strong>et</strong></span> <span class='ocrx_word' id='word_1_550' title='bbox 2931 2910 3068 2963; x_wconf 89' lang='lat' dir='ltr'><strong>alius</strong></span> <span class='ocrx_word' id='word_1_551' title='bbox 3114 2905 3528 2977; x_wconf 86' lang='lat' dir='ltr'><strong>quinquaginta.</strong></span> <span class='ocrx_word' id='word_1_552' title='bbox 3579 2901 3695 2955; x_wconf 79' lang='lat' dir='ltr'><strong>Non</strong></span> 
     </span>
    </p>
   </div>
   <div class='ocr_carea' id='block_1_74' title="bbox 2120 2995 3692 3062">
    <p class='ocr_par' dir='ltr' id='par_1_74' title="bbox 2120 2995 3692 3062">
     <span class='ocr_line' id='line_1_74' title="bbox 2120 2995 3692 3062; baseline -0.008 -5"><span class='ocrx_word' id='word_1_553' title='bbox 2120 3003 2449 3058; x_wconf 89' lang='lat' dir='ltr'><strong>habentibus</strong></span> <span class='ocrx_word' id='word_1_554' title='bbox 2480 3002 2585 3057; x_wconf 91' lang='lat' dir='ltr'><strong>illis</strong></span> <span class='ocrx_word' id='word_1_555' title='bbox 2619 3001 2762 3054; x_wconf 90' lang='lat' dir='ltr'><strong>unde</strong></span> <span class='ocrx_word' id='word_1_556' title='bbox 2796 3000 3108 3062; x_wconf 88' lang='lat' dir='ltr'><strong>redderent,</strong></span> <span class='ocrx_word' id='word_1_557' title='bbox 3143 2996 3359 3050; x_wconf 90' lang='lat' dir='ltr'><strong>donavit</strong></span> <span class='ocrx_word' id='word_1_558' title='bbox 3385 2995 3648 3061; x_wconf 88' lang='lat' dir='ltr'><strong>utrisque.</strong></span> <span class='ocrx_word' id='word_1_559' title='bbox 3672 3013 3692 3045; x_wconf 73' lang='grc' dir='ltr'><strong>ι</strong></span> 
     </span>
    </p>
   </div>
   <div class='ocr_carea' id='block_1_75' title="bbox 2120 3087 3698 3166">
    <p class='ocr_par' dir='ltr' id='par_1_75' title="bbox 2120 3087 3698 3166">
     <span class='ocr_line' id='line_1_75' title="bbox 2120 3087 3698 3166; baseline -0.009 -13"><span class='ocrx_word' id='word_1_560' title='bbox 2120 3098 2227 3153; x_wconf 91' lang='lat' dir='ltr'><strong>Sed</strong></span> <span class='ocrx_word' id='word_1_561' title='bbox 2269 3106 2322 3151; x_wconf 92' lang='lat' dir='ltr'><strong>et</strong></span> <span class='ocrx_word' id='word_1_562' title='bbox 2368 3105 2573 3166; x_wconf 88' lang='lat' dir='ltr'><strong>septem</strong></span> <span class='ocrx_word' id='word_1_563' title='bbox 2621 3094 2939 3163; x_wconf 75' lang='lat' dir='ltr'><strong>septimanre</strong></span> <span class='ocrx_word' id='word_1_564' title='bbox 2982 3092 3237 3154; x_wconf 87' lang='lat' dir='ltr'><strong>ntouada,</strong></span> <span class='ocrx_word' id='word_1_565' title='bbox 3273 3091 3324 3142; x_wconf 89' lang='lat' dir='ltr'><strong>id</strong></span> <span class='ocrx_word' id='word_1_566' title='bbox 3357 3098 3440 3143; x_wconf 91' lang='lat' dir='ltr'><strong>est</strong></span> <span class='ocrx_word' id='word_1_567' title='bbox 3474 3102 3580 3141; x_wconf 92' lang='lat' dir='ltr'><strong>uno</strong></span> <span class='ocrx_word' id='word_1_568' title='bbox 3602 3087 3698 3139; x_wconf 88' lang='lat' dir='ltr'><strong>ad-</strong></span> 
     </span>
    </p>
   </div>
   <div class='ocr_carea' id='block_1_76' title="bbox 2120 3180 3698 3255">
    <p class='ocr_par' dir='ltr' id='par_1_76' title="bbox 2120 3180 3698 3255">
     <span class='ocr_line' id='line_1_76' title="bbox 2120 3180 3698 3255; baseline -0.004 -14"><span class='ocrx_word' id='word_1_569' title='bbox 2120 3188 2252 3250; x_wconf 91' lang='lat' dir='ltr'><strong>dito,</strong></span> <span class='ocrx_word' id='word_1_570' title='bbox 2277 3186 2753 3255; x_wconf 78' lang='lat' dir='ltr'><strong>Quinquagesimze</strong></span> <span class='ocrx_word' id='word_1_571' title='bbox 2782 3185 2920 3237; x_wconf 89' lang='lat' dir='ltr'><strong>diem</strong></span> <span class='ocrx_word' id='word_1_572' title='bbox 2960 3182 3183 3245; x_wconf 86' lang='lat' dir='ltr'><strong>faciunt,</strong></span> <span class='ocrx_word' id='word_1_573' title='bbox 3211 3197 3328 3250; x_wconf 85' lang='lat' dir='ltr'><strong>quae</strong></span> <span class='ocrx_word' id='word_1_574' title='bbox 3350 3180 3698 3234; x_wconf 81' lang='lat' dir='ltr'><strong>Pentecostes</strong></span> 
     </span>
    </p>
   </div>
   <div class='ocr_carea' id='block_1_77' title="bbox 2121 3271 3696 3347">
    <p class='ocr_par' dir='ltr' id='par_1_77' title="bbox 2121 3271 3696 3347">
     <span class='ocr_line' id='line_1_77' title="bbox 2121 3271 3696 3347; baseline -0.004 -16"><span class='ocrx_word' id='word_1_575' title='bbox 2121 3277 2389 3333; x_wconf 87' lang='lat' dir='ltr'><strong>festivitas</strong></span> <span class='ocrx_word' id='word_1_576' title='bbox 2417 3277 2739 3347; x_wconf 90' lang='lat' dir='ltr'><strong>appellatur.</strong></span> <span class='ocrx_word' id='word_1_577' title='bbox 2781 3274 3049 3329; x_wconf 91' lang='lat' dir='ltr'><strong>Similiter</strong></span> <span class='ocrx_word' id='word_1_578' title='bbox 3075 3282 3128 3325; x_wconf 90' lang='lat' dir='ltr'><strong>et</strong></span> <span class='ocrx_word' id='word_1_579' title='bbox 3155 3274 3499 3342; x_wconf 88' lang='lat' dir='ltr'><strong>septuaginta</strong></span> <span class='ocrx_word' id='word_1_580' title='bbox 3528 3271 3696 3340; x_wconf 82' lang='lat' dir='ltr'><strong>septi-</strong></span> 
     </span>
    </p>
   </div>
   <div class='ocr_carea' id='block_1_78' title="bbox 2120 3363 3698 3434">
    <p class='ocr_par' dir='ltr' id='par_1_78' title="bbox 2120 3363 3698 3434">
     <span class='ocr_line' id='line_1_78' title="bbox 2120 3363 3698 3434; baseline -0.004 -11"><span class='ocrx_word' id='word_1_581' title='bbox 2120 3386 2312 3433; x_wconf 71' lang='lat' dir='ltr'><strong>mauro,</strong></span> <span class='ocrx_word' id='word_1_582' title='bbox 2345 3370 2525 3423; x_wconf 89' lang='lat' dir='ltr'><strong>addita</strong></span> <span class='ocrx_word' id='word_1_583' title='bbox 2555 3368 2713 3421; x_wconf 91' lang='lat' dir='ltr'><strong>unius</strong></span> <span class='ocrx_word' id='word_1_584' title='bbox 2735 3366 2951 3421; x_wconf 91' lang='lat' dir='ltr'><strong>dccadis</strong></span> <span class='ocrx_word' id='word_1_585' title='bbox 2980 3364 3335 3434; x_wconf 87' lang='lat' dir='ltr'><strong>perfectione,</strong></span> <span class='ocrx_word' id='word_1_586' title='bbox 3367 3363 3698 3432; x_wconf 82' lang='lat' dir='ltr'><strong>quingento-</strong></span> 
     </span>
    </p>
   </div>
   <div class='ocr_carea' id='block_1_79' title="bbox 2121 3453 3700 3535">
    <p class='ocr_par' dir='ltr' id='par_1_79' title="bbox 2121 3453 3700 3535">
     <span class='ocr_line' id='line_1_79' title="bbox 2121 3453 3700 3535; baseline -0.004 -20"><span class='ocrx_word' id='word_1_587' title='bbox 2121 3477 2239 3515; x_wconf 92' lang='lat' dir='ltr'><strong>rum</strong></span> <span class='ocrx_word' id='word_1_588' title='bbox 2266 3476 2550 3516; x_wconf 89' lang='lat' dir='ltr'><strong>numerum</strong></span> <span class='ocrx_word' id='word_1_589' title='bbox 2578 3460 2828 3512; x_wconf 88' lang='lat' dir='ltr'><strong>reddunt.</strong></span> <span class='ocrx_word' id='word_1_590' title='bbox 2867 3456 2971 3511; x_wconf 91' lang='lat' dir='ltr'><strong>Sed</strong></span> <span class='ocrx_word' id='word_1_591' title='bbox 3002 3464 3209 3524; x_wconf 92' lang='lat' dir='ltr'><strong>quanto</strong></span> <span class='ocrx_word' id='word_1_592' title='bbox 3250 3453 3589 3535; x_wconf 60' lang='lat' dir='ltr'><strong>plttressunt</strong></span> <span class='ocrx_word' id='word_1_593' title='bbox 3613 3468 3700 3509; x_wconf 85' lang='lat' dir='ltr'><strong>se-</strong></span> 
     </span>
    </p>
   </div>
   <div class='ocr_carea' id='block_1_80' title="bbox 2120 3548 3701 3621">
    <p class='ocr_par' dir='ltr' id='par_1_80' title="bbox 2120 3548 3701 3621">
     <span class='ocr_line' id='line_1_80' title="bbox 2120 3548 3701 3621; baseline -0.003 -17"><span class='ocrx_word' id='word_1_594' title='bbox 2120 3553 2398 3621; x_wconf 88' lang='lat' dir='ltr'><strong>ptuaginta</strong></span> <span class='ocrx_word' id='word_1_595' title='bbox 2416 3550 2727 3619; x_wconf 65' lang='lat' dir='ltr'><strong>septitnante</strong></span> <span class='ocrx_word' id='word_1_596' title='bbox 2749 3564 2909 3617; x_wconf 91' lang='lat' dir='ltr'><strong>quam</strong></span> <span class='ocrx_word' id='word_1_597' title='bbox 2933 3555 3160 3614; x_wconf 87' lang='lat' dir='ltr'><strong>septem,</strong></span> <span class='ocrx_word' id='word_1_598' title='bbox 3189 3553 3337 3599; x_wconf 87' lang='lat' dir='ltr'><strong>tanto</strong></span> <span class='ocrx_word' id='word_1_599' title='bbox 3356 3548 3701 3610; x_wconf 65' lang='lat' dir='ltr'><strong>pratstantior</strong></span> 
     </span>
    </p>
   </div>
   <div class='ocr_carea' id='block_1_81' title="bbox 2118 3637 3701 3715">
    <p class='ocr_par' dir='ltr' id='par_1_81' title="bbox 2118 3637 3701 3715">
     <span class='ocr_line' id='line_1_81' title="bbox 2118 3637 3701 3715; baseline -0.007 -15"><span class='ocrx_word' id='word_1_600' title='bbox 2118 3655 2172 3699; x_wconf 92' lang='lat' dir='ltr'><strong>et</strong></span> <span class='ocrx_word' id='word_1_601' title='bbox 2198 3643 2496 3715; x_wconf 80' lang='lat' dir='ltr'><strong>perfectior</strong></span> <span class='ocrx_word' id='word_1_602' title='bbox 2521 3656 2784 3695; x_wconf 89' lang='lat' dir='ltr'><strong>numerus</strong></span> <span class='ocrx_word' id='word_1_603' title='bbox 2801 3640 3219 3708; x_wconf 87' lang='lat' dir='ltr'><strong>quingentorum</strong></span> <span class='ocrx_word' id='word_1_604' title='bbox 3249 3651 3407 3704; x_wconf 90' lang='lat' dir='ltr'><strong>quam</strong></span> <span class='ocrx_word' id='word_1_605' title='bbox 3432 3637 3701 3705; x_wconf 87' lang='lat' dir='ltr'><strong>quinqua-</strong></span> 
     </span>
    </p>
   </div>
   <div class='ocr_carea' id='block_1_82' title="bbox 2119 3728 3696 3808">
    <p class='ocr_par' dir='ltr' id='par_1_82' title="bbox 2119 3728 3696 3808">
     <span class='ocr_line' id='line_1_82' title="bbox 2119 3728 3696 3808; baseline -0.006 -18"><span class='ocrx_word' id='word_1_606' title='bbox 2119 3738 2289 3808; x_wconf 89' lang='lat' dir='ltr'><strong>ginta.</strong></span> <span class='ocrx_word' id='word_1_607' title='bbox 2314 3735 2441 3790; x_wconf 88' lang='lat' dir='ltr'><strong>lnde</strong></span> <span class='ocrx_word' id='word_1_608' title='bbox 2478 3733 2709 3801; x_wconf 90' lang='lat' dir='ltr'><strong>denique</strong></span> <span class='ocrx_word' id='word_1_609' title='bbox 2732 3740 2788 3786; x_wconf 90' lang='lat' dir='ltr'><strong>et</strong></span> <span class='ocrx_word' id='word_1_610' title='bbox 2830 3733 2882 3786; x_wconf 91' lang='lat' dir='ltr'><strong>in</strong></span> <span class='ocrx_word' id='word_1_611' title='bbox 2913 3729 3168 3800; x_wconf 88' lang='lat' dir='ltr'><strong>parabola</strong></span> <span class='ocrx_word' id='word_1_612' title='bbox 3202 3728 3507 3797; x_wconf 79' lang='lat' dir='ltr'><strong>Evangelii,</strong></span> <span class='ocrx_word' id='word_1_613' title='bbox 3535 3744 3696 3796; x_wconf 91' lang='lat' dir='ltr'><strong>quam</strong></span> 
     </span>
    </p>
   </div>
   <div class='ocr_carea' id='block_1_83' title="bbox 2120 3818 3699 3896">
    <p class='ocr_par' dir='ltr' id='par_1_83' title="bbox 2120 3818 3699 3896">
     <span class='ocr_line' id='line_1_83' title="bbox 2120 3818 3699 3896; baseline -0.008 -14"><span class='ocrx_word' id='word_1_614' title='bbox 2120 3841 2281 3896; x_wconf 86' lang='lat' dir='ltr'><strong>supra</strong></span> <span class='ocrx_word' id='word_1_615' title='bbox 2329 3824 2753 3894; x_wconf 88' lang='lat' dir='ltr'><strong>proposuimus,</strong></span> <span class='ocrx_word' id='word_1_616' title='bbox 2806 3820 3063 3876; x_wconf 84' lang='lat' dir='ltr'><strong>Salvator</strong></span> <span class='ocrx_word' id='word_1_617' title='bbox 3115 3829 3299 3873; x_wconf 89' lang='lat' dir='ltr'><strong>noster</strong></span> <span class='ocrx_word' id='word_1_618' title='bbox 3345 3818 3699 3888; x_wconf 87' lang='lat' dir='ltr'><strong>pronuntiat,</strong></span> 
     </span>
    </p>
   </div>
   <div class='ocr_carea' id='block_1_84' title="bbox 2118 3911 3799 3988">
    <p class='ocr_par' dir='ltr' id='par_1_84' title="bbox 2118 3911 3799 3988">
     <span class='ocr_line' id='line_1_84' title="bbox 2118 3911 3799 3988; baseline -0.005 -16"><span class='ocrx_word' id='word_1_619' title='bbox 2118 3920 2260 3988; x_wconf 91' lang='lat' dir='ltr'><strong>quod</strong></span> <span class='ocrx_word' id='word_1_620' title='bbox 2306 3918 2424 3986; x_wconf 90' lang='lat' dir='ltr'><strong>plus</strong></span> <span class='ocrx_word' id='word_1_621' title='bbox 2465 3915 2655 3984; x_wconf 86' lang='lat' dir='ltr'><strong>diligat</strong></span> <span class='ocrx_word' id='word_1_622' title='bbox 2708 3914 2818 3975; x_wconf 91' lang='lat' dir='ltr'><strong>ille,</strong></span> <span class='ocrx_word' id='word_1_623' title='bbox 2842 3915 2927 3967; x_wconf 92' lang='lat' dir='ltr'><strong>cui</strong></span> <span class='ocrx_word' id='word_1_624' title='bbox 2974 3912 3254 3982; x_wconf 89' lang='lat' dir='ltr'><strong>quingenti</strong></span> <span class='ocrx_word' id='word_1_625' title='bbox 3297 3926 3433 3981; x_wconf 91' lang='lat' dir='ltr'><strong>quos</strong></span> <span class='ocrx_word' id='word_1_626' title='bbox 3471 3911 3702 3964; x_wconf 88' lang='lat' dir='ltr'><strong>debebat</strong></span> <span class='ocrx_word' id='word_1_627' title='bbox 3790 3950 3799 3953; x_wconf 81' lang='lat'><strong>-</strong></span> 
     </span>
    </p>
   </div>
   <div class='ocr_carea' id='block_1_85' title="bbox 2118 4002 3575 4076">
    <p class='ocr_par' dir='ltr' id='par_1_85' title="bbox 2118 4002 3575 4076">
     <span class='ocr_line' id='line_1_85' title="bbox 2118 4002 3575 4076; baseline -0.008 -11"><span class='ocrx_word' id='word_1_628' title='bbox 2118 4010 2325 4065; x_wconf 88' lang='lat' dir='ltr'><strong>denarii</strong></span> <span class='ocrx_word' id='word_1_629' title='bbox 2352 4008 2533 4062; x_wconf 88' lang='lat' dir='ltr'><strong>donati</strong></span> <span class='ocrx_word' id='word_1_630' title='bbox 2556 4014 2700 4072; x_wconf 91' lang='lat' dir='ltr'><strong>sunt,</strong></span> <span class='ocrx_word' id='word_1_631' title='bbox 2727 4022 2891 4076; x_wconf 81' lang='lat' dir='ltr'><strong>quant</strong></span> <span class='ocrx_word' id='word_1_632' title='bbox 2931 4004 3021 4059; x_wconf 88' lang='lat' dir='ltr'><strong>ille</strong></span> <span class='ocrx_word' id='word_1_633' title='bbox 3044 4005 3132 4059; x_wconf 91' lang='lat' dir='ltr'><strong>cui</strong></span> <span class='ocrx_word' id='word_1_634' title='bbox 3155 4002 3575 4072; x_wconf 85' lang='lat' dir='ltr'><strong>quinquaginta.</strong></span> 
     </span>
    </p>
   </div>
   <div class='ocr_carea' id='block_1_86' title="bbox 2187 4097 3698 4168">
    <p class='ocr_par' dir='ltr' id='par_1_86' title="bbox 2187 4097 3698 4168">
     <span class='ocr_line' id='line_1_86' title="bbox 2187 4097 3698 4168; baseline -0.005 -13"><span class='ocrx_word' id='word_1_635' title='bbox 2187 4102 2241 4158; x_wconf 82' lang='lat'><strong>5.</strong></span> <span class='ocrx_word' id='word_1_636' title='bbox 2287 4101 2526 4168; x_wconf 89' lang='lat' dir='ltr'><strong>Denique</strong></span> <span class='ocrx_word' id='word_1_637' title='bbox 2574 4099 2626 4153; x_wconf 93' lang='lat' dir='ltr'><strong>in</strong></span> <span class='ocrx_word' id='word_1_638' title='bbox 2674 4098 2928 4168; x_wconf 74' lang='lat' dir='ltr'><strong>praesenti</strong></span> <span class='ocrx_word' id='word_1_639' title='bbox 2960 4098 3213 4164; x_wconf 87' lang='lat' dir='ltr'><strong>lectione,</strong></span> <span class='ocrx_word' id='word_1_640' title='bbox 3245 4097 3466 4151; x_wconf 83' lang='lat' dir='ltr'><strong>Eleazar</strong></span> <span class='ocrx_word' id='word_1_641' title='bbox 3509 4109 3698 4149; x_wconf 85' lang='lat' dir='ltr'><strong>sacer-</strong></span> 
     </span>
    </p>
   </div>
   <div class='ocr_carea' id='block_1_87' title="bbox 2118 4189 3698 4259">
    <p class='ocr_par' dir='ltr' id='par_1_87' title="bbox 2118 4189 3698 4259">
     <span class='ocr_line' id='line_1_87' title="bbox 2118 4189 3698 4259; baseline -0.005 -9"><span class='ocrx_word' id='word_1_642' title='bbox 2118 4196 2215 4250; x_wconf 88' lang='lat' dir='ltr'><strong>dos</strong></span> <span class='ocrx_word' id='word_1_643' title='bbox 2239 4209 2344 4247; x_wconf 91' lang='lat' dir='ltr'><strong>uon</strong></span> <span class='ocrx_word' id='word_1_644' title='bbox 2393 4191 2655 4246; x_wconf 91' lang='lat' dir='ltr'><strong>scribitur</strong></span> <span class='ocrx_word' id='word_1_645' title='bbox 2702 4191 2769 4245; x_wconf 92' lang='lat' dir='ltr'><strong>ad</strong></span> <span class='ocrx_word' id='word_1_646' title='bbox 2798 4206 3015 4246; x_wconf 91' lang='lat' dir='ltr'><strong>omnem</strong></span> <span class='ocrx_word' id='word_1_647' title='bbox 3046 4189 3300 4259; x_wconf 90' lang='lat' dir='ltr'><strong>populum</strong></span> <span class='ocrx_word' id='word_1_648' title='bbox 3343 4190 3574 4253; x_wconf 89' lang='lat' dir='ltr'><strong>locutus,</strong></span> <span class='ocrx_word' id='word_1_649' title='bbox 3604 4189 3698 4243; x_wconf 86' lang='lat' dir='ltr'><strong>sed</strong></span> 
     </span>
    </p>
   </div>
   <div class='ocr_carea' id='block_1_88' title="bbox 2117 4280 3699 4353">
    <p class='ocr_par' dir='ltr' id='par_1_88' title="bbox 2117 4280 3699 4353">
     <span class='ocr_line' id='line_1_88' title="bbox 2117 4280 3699 4353; baseline -0.002 -14"><span class='ocrx_word' id='word_1_650' title='bbox 2117 4284 2183 4340; x_wconf 90' lang='lat' dir='ltr'><strong>ad</strong></span> <span class='ocrx_word' id='word_1_651' title='bbox 2232 4300 2327 4339; x_wconf 92' lang='lat' dir='ltr'><strong>eos</strong></span> <span class='ocrx_word' id='word_1_652' title='bbox 2382 4291 2591 4337; x_wconf 91' lang='lat' dir='ltr'><strong>tantum</strong></span> <span class='ocrx_word' id='word_1_653' title='bbox 2641 4281 2776 4353; x_wconf 75' lang='grc'><strong>(46),</strong></span> <span class='ocrx_word' id='word_1_654' title='bbox 2806 4282 2899 4351; x_wconf 91' lang='lat' dir='ltr'><strong>qui</strong></span> <span class='ocrx_word' id='word_1_655' title='bbox 2949 4283 3015 4336; x_wconf 92' lang='lat' dir='ltr'><strong>de</strong></span> <span class='ocrx_word' id='word_1_656' title='bbox 3068 4280 3254 4351; x_wconf 73' lang='lat' dir='ltr'><strong>przelio</strong></span> <span class='ocrx_word' id='word_1_657' title='bbox 3306 4280 3563 4334; x_wconf 90' lang='lat' dir='ltr'><strong>redeunt.</strong></span> <span class='ocrx_word' id='word_1_658' title='bbox 3609 4280 3699 4336; x_wconf 88' lang='lat' dir='ltr'><strong>Ait</strong></span> 
     </span>
    </p>
   </div>
   <div class='ocr_carea' id='block_1_89' title="bbox 2116 4372 3700 4433">
    <p class='ocr_par' dir='ltr' id='par_1_89' title="bbox 2116 4372 3700 4433">
     <span class='ocr_line' id='line_1_89' title="bbox 2116 4372 3700 4433; baseline -0.005 0"><span class='ocrx_word' id='word_1_659' title='bbox 2116 4376 2262 4433; x_wconf 92' lang='lat' dir='ltr'><strong>enim</strong></span> <span class='ocrx_word' id='word_1_660' title='bbox 2289 4377 2333 4407; x_wconf 86' lang='grc'><strong>³⁷</strong></span> <span class='ocrx_word' id='word_1_661' title='bbox 2366 4394 2379 4429; x_wconf 86' lang='lat'><strong><em>:</em></strong></span> <span class='ocrx_word' id='word_1_662' title='bbox 2413 4394 2430 4427; x_wconf 74' lang='grc' dir='ltr'><strong>ε</strong></span> <span class='ocrx_word' id='word_1_663' title='bbox 2470 4376 2533 4429; x_wconf 87' lang='lat' dir='ltr'><strong>Et</strong></span> <span class='ocrx_word' id='word_1_664' title='bbox 2558 4375 2696 4429; x_wconf 79' lang='lat' dir='ltr'><strong>dixit</strong></span> <span class='ocrx_word' id='word_1_665' title='bbox 2718 4374 2947 4427; x_wconf 80' lang='lat' dir='ltr'><strong>Eleazar</strong></span> <span class='ocrx_word' id='word_1_666' title='bbox 2967 4373 3219 4427; x_wconf 91' lang='lat' dir='ltr'><strong>sacerdos</strong></span> <span class='ocrx_word' id='word_1_667' title='bbox 3260 4372 3324 4424; x_wconf 90' lang='lat' dir='ltr'><strong>ad</strong></span> <span class='ocrx_word' id='word_1_668' title='bbox 3366 4372 3511 4425; x_wconf 87' lang='lat' dir='ltr'><strong>viros</strong></span> <span class='ocrx_word' id='word_1_669' title='bbox 3534 4372 3700 4425; x_wconf 87' lang='lat' dir='ltr'><strong>virtu-</strong></span> 
     </span>
    </p>
   </div>
   <div class='ocr_carea' id='block_1_90' title="bbox 2120 4466 3701 4538">
    <p class='ocr_par' dir='ltr' id='par_1_90' title="bbox 2120 4466 3701 4538">
     <span class='ocr_line' id='line_1_90' title="bbox 2120 4466 3701 4538; baseline -0.003 -14"><span class='ocrx_word' id='word_1_670' title='bbox 2120 4470 2223 4535; x_wconf 89' lang='lat' dir='ltr'><strong>tis,</strong></span> <span class='ocrx_word' id='word_1_671' title='bbox 2249 4468 2338 4538; x_wconf 86' lang='lat' dir='ltr'><strong>qui</strong></span> <span class='ocrx_word' id='word_1_672' title='bbox 2369 4470 2781 4522; x_wconf 89' lang='lat' dir='ltr'><strong>revertebantur</strong></span> <span class='ocrx_word' id='word_1_673' title='bbox 2805 4469 2868 4522; x_wconf 89' lang='lat' dir='ltr'><strong>de</strong></span> <span class='ocrx_word' id='word_1_674' title='bbox 2895 4466 3101 4537; x_wconf 63' lang='lat' dir='ltr'><strong>praelia.</strong></span> <span class='ocrx_word' id='word_1_675' title='bbox 3138 4484 3156 4517; x_wconf 73' lang='grc' dir='ltr'><strong>ι</strong></span> <span class='ocrx_word' id='word_1_676' title='bbox 3192 4466 3357 4522; x_wconf 81' lang='lat' dir='ltr'><strong>Vides</strong></span> <span class='ocrx_word' id='word_1_677' title='bbox 3395 4481 3526 4536; x_wconf 90' lang='lat' dir='ltr'><strong>ergo</strong></span> <span class='ocrx_word' id='word_1_678' title='bbox 3567 4483 3701 4537; x_wconf 87' lang='lat' dir='ltr'><strong>quo-</strong></span> 
     </span>
    </p>
   </div>
   <div class='ocr_carea' id='block_1_91' title="bbox 433 4555 3697 4630">
    <p class='ocr_par' dir='ltr' id='par_1_91' title="bbox 433 4555 3697 4630">
     <span class='ocr_line' id='line_1_91' title="bbox 433 4555 3697 4630; baseline 0.002 -24"><span class='ocrx_word' id='word_1_679' title='bbox 433 4555 1059 4622; x_wconf 79' lang='lat' dir='ltr'><strong>ceperimus,oil‘erimus</strong></span> <span class='ocrx_word' id='word_1_680' title='bbox 1103 4558 1234 4611; x_wconf 89' lang='lat' dir='ltr'><strong>Deo.</strong></span> <span class='ocrx_word' id='word_1_681' title='bbox 1272 4557 1385 4612; x_wconf 82' lang='lat' dir='ltr'><strong>Nisi</strong></span> <span class='ocrx_word' id='word_1_682' title='bbox 1420 4558 1564 4612; x_wconf 91' lang='lat' dir='ltr'><strong>enim</strong></span> <span class='ocrx_word' id='word_1_683' title='bbox 1590 4562 2013 4630; x_wconf 86' lang='lat' dir='ltr'><strong>pugnaverimus</strong></span> <span class='ocrx_word' id='word_1_684' title='bbox 2047 4575 2090 4630; x_wconf 79' lang='grc' dir='ltr'><strong>ι)</strong></span> <span class='ocrx_word' id='word_1_685' title='bbox 2118 4564 2275 4618; x_wconf 91' lang='lat' dir='ltr'><strong>modo</strong></span> <span class='ocrx_word' id='word_1_686' title='bbox 2299 4562 2364 4616; x_wconf 89' lang='lat' dir='ltr'><strong>ad</strong></span> <span class='ocrx_word' id='word_1_687' title='bbox 2391 4562 2539 4617; x_wconf 87' lang='lat' dir='ltr'><strong>viros</strong></span> <span class='ocrx_word' id='word_1_688' title='bbox 2565 4560 3049 4630; x_wconf 90' lang='lat' dir='ltr'><strong>virtutisloquitur</strong></span> <span class='ocrx_word' id='word_1_689' title='bbox 3070 4573 3251 4614; x_wconf 91' lang='lat' dir='ltr'><strong>sermo</strong></span> <span class='ocrx_word' id='word_1_690' title='bbox 3280 4559 3393 4614; x_wconf 90' lang='lat' dir='ltr'><strong>Dei.</strong></span> <span class='ocrx_word' id='word_1_691' title='bbox 3414 4560 3525 4614; x_wconf 79' lang='lat' dir='ltr'><strong>Viri</strong></span> <span class='ocrx_word' id='word_1_692' title='bbox 3553 4562 3697 4615; x_wconf 86' lang='lat' dir='ltr'><strong>enim</strong></span> 
     </span>
    </p>
   </div>
   <div class='ocr_carea' id='block_1_92' title="bbox 435 4646 2010 4718">
    <p class='ocr_par' dir='ltr' id='par_1_92' title="bbox 435 4646 2010 4718">
     <span class='ocr_line' id='line_1_92' title="bbox 435 4646 2010 4718; baseline 0.008 -22"><span class='ocrx_word' id='word_1_693' title='bbox 435 4646 489 4697; x_wconf 91' lang='lat' dir='ltr'><strong>in</strong></span> <span class='ocrx_word' id='word_1_694' title='bbox 521 4648 689 4702; x_wconf 89' lang='lat' dir='ltr'><strong>verbo</strong></span> <span class='ocrx_word' id='word_1_695' title='bbox 721 4647 836 4713; x_wconf 92' lang='lat' dir='ltr'><strong>Dei,</strong></span> <span class='ocrx_word' id='word_1_696' title='bbox 877 4663 983 4702; x_wconf 91' lang='lat' dir='ltr'><strong>non</strong></span> <span class='ocrx_word' id='word_1_697' title='bbox 1021 4649 1322 4718; x_wconf 89' lang='lat' dir='ltr'><strong>poterimus</strong></span> <span class='ocrx_word' id='word_1_698' title='bbox 1362 4649 1638 4718; x_wconf 88' lang='lat' dir='ltr'><strong>captivare</strong></span> <span class='ocrx_word' id='word_1_699' title='bbox 1678 4651 2010 4709; x_wconf 90' lang='lat' dir='ltr'><strong>intellectum</strong></span> 
     </span>
    </p>
   </div>
   <div class='ocr_carea' id='block_1_93' title="bbox 432 4738 2012 4813">
    <p class='ocr_par' dir='ltr' id='par_1_93' title="bbox 432 4738 2012 4813">
     <span class='ocr_line' id='line_1_93' title="bbox 432 4738 2012 4813; baseline 0.006 -23"><span class='ocrx_word' id='word_1_700' title='bbox 432 4753 623 4793; x_wconf 86' lang='lat' dir='ltr'><strong>eorum</strong></span> <span class='ocrx_word' id='word_1_701' title='bbox 665 4738 755 4807; x_wconf 94' lang='lat' dir='ltr'><strong>qui</strong></span> <span class='ocrx_word' id='word_1_702' title='bbox 800 4739 1009 4794; x_wconf 91' lang='lat' dir='ltr'><strong>diversa</strong></span> <span class='ocrx_word' id='word_1_703' title='bbox 1036 4756 1065 4795; x_wconf 90' lang='lat' dir='ltr'><strong>a</strong></span> <span class='ocrx_word' id='word_1_704' title='bbox 1095 4740 1314 4796; x_wconf 86' lang='lat' dir='ltr'><strong>Christo</strong></span> <span class='ocrx_word' id='word_1_705' title='bbox 1355 4740 1685 4801; x_wconf 80' lang='lat' dir='ltr'><strong>sentiunl,et</strong></span> <span class='ocrx_word' id='word_1_706' title='bbox 1714 4744 2012 4813; x_wconf 86' lang='lat' dir='ltr'><strong>perducere</strong></span> 
     </span>
    </p>
   </div>
   <div class='ocr_carea' id='block_1_94' title="bbox 432 4831 2010 4909">
    <p class='ocr_par' dir='ltr' id='par_1_94' title="bbox 432 4831 2010 4909">
     <span class='ocr_line' id='line_1_94' title="bbox 432 4831 2010 4909; baseline 0.006 -24"><span class='ocrx_word' id='word_1_707' title='bbox 432 4846 525 4886; x_wconf 87' lang='lat' dir='ltr'><strong>eos</strong></span> <span class='ocrx_word' id='word_1_708' title='bbox 550 4831 617 4885; x_wconf 93' lang='lat' dir='ltr'><strong>ad</strong></span> <span class='ocrx_word' id='word_1_709' title='bbox 648 4831 1010 4888; x_wconf 88' lang='lat' dir='ltr'><strong>obedientiam</strong></span> <span class='ocrx_word' id='word_1_710' title='bbox 1062 4832 1287 4891; x_wconf 90' lang='lat' dir='ltr'><strong>Christi.</strong></span> <span class='ocrx_word' id='word_1_711' title='bbox 1326 4834 1492 4888; x_wconf 86' lang='lat' dir='ltr'><strong>Pauci</strong></span> <span class='ocrx_word' id='word_1_712' title='bbox 1537 4845 1663 4889; x_wconf 92' lang='lat' dir='ltr'><strong>sunt</strong></span> <span class='ocrx_word' id='word_1_713' title='bbox 1693 4844 1871 4892; x_wconf 91' lang='lat' dir='ltr'><strong>tamen</strong></span> <span class='ocrx_word' id='word_1_714' title='bbox 1917 4841 2010 4909; x_wconf 91' lang='lat' dir='ltr'><strong>qui</strong></span> 
     </span>
    </p>
   </div>
   <div class='ocr_carea' id='block_1_95' title="bbox 435 4926 2013 4998">
    <p class='ocr_par' dir='ltr' id='par_1_95' title="bbox 435 4926 2013 4998">
     <span class='ocr_line' id='line_1_95' title="bbox 435 4926 2013 4998; baseline 0.007 -22"><span class='ocrx_word' id='word_1_715' title='bbox 435 4939 674 4995; x_wconf 88' lang='lat' dir='ltr'><strong>pugnare</strong></span> <span class='ocrx_word' id='word_1_716' title='bbox 722 4926 954 4994; x_wconf 88' lang='lat' dir='ltr'><strong>possint,</strong></span> <span class='ocrx_word' id='word_1_717' title='bbox 984 4937 1040 4982; x_wconf 90' lang='lat' dir='ltr'><strong>et</strong></span> <span class='ocrx_word' id='word_1_718' title='bbox 1081 4926 1264 4998; x_wconf 70' lang='lat' dir='ltr'><strong>praelia</strong></span> <span class='ocrx_word' id='word_1_719' title='bbox 1307 4928 1407 4983; x_wconf 88' lang='lat' dir='ltr'><strong>ista</strong></span> <span class='ocrx_word' id='word_1_720' title='bbox 1455 4929 1722 4984; x_wconf 90' lang='lat' dir='ltr'><strong>conficere</strong></span> <span class='ocrx_word' id='word_1_721' title='bbox 1751 4946 1765 4985; x_wconf 91' lang='lat'><strong>:</strong></span> <span class='ocrx_word' id='word_1_722' title='bbox 1796 4932 1863 4985; x_wconf 90' lang='lat' dir='ltr'><strong>de</strong></span> <span class='ocrx_word' id='word_1_723' title='bbox 1887 4948 2013 4987; x_wconf 83' lang='lat' dir='ltr'><strong>sex-</strong></span> 
     </span>
    </p>
   </div>
   <div class='ocr_carea' id='block_1_96' title="bbox 434 5016 2012 5090">
    <p class='ocr_par' dir='ltr' id='par_1_96' title="bbox 434 5016 2012 5090">
     <span class='ocr_line' id='line_1_96' title="bbox 434 5016 2012 5090; baseline 0.008 -23"><span class='ocrx_word' id='word_1_724' title='bbox 434 5016 607 5071; x_wconf 80' lang='lat' dir='ltr'><strong>centis</strong></span> <span class='ocrx_word' id='word_1_725' title='bbox 628 5016 867 5071; x_wconf 89' lang='lat' dir='ltr'><strong>millibus</strong></span> <span class='ocrx_word' id='word_1_726' title='bbox 897 5025 951 5073; x_wconf 92' lang='lat' dir='ltr'><strong>et</strong></span> <span class='ocrx_word' id='word_1_727' title='bbox 990 5018 1220 5088; x_wconf 90' lang='lat' dir='ltr'><strong>amplius</strong></span> <span class='ocrx_word' id='word_1_728' title='bbox 1259 5028 1610 5082; x_wconf 89' lang='lat' dir='ltr'><strong>armatorum,</strong></span> <span class='ocrx_word' id='word_1_729' title='bbox 1636 5021 1728 5090; x_wconf 90' lang='lat' dir='ltr'><strong>qui</strong></span> <span class='ocrx_word' id='word_1_730' title='bbox 1754 5023 2012 5078; x_wconf 84' lang='lat' dir='ltr'><strong>videban-</strong></span> 
     </span>
    </p>
   </div>
   <div class='ocr_carea' id='block_1_97' title="bbox 438 5107 2006 5185">
    <p class='ocr_par' dir='ltr' id='par_1_97' title="bbox 438 5107 2006 5185">
     <span class='ocr_line' id='line_1_97' title="bbox 438 5107 2006 5185; baseline 0.006 -24"><span class='ocrx_word' id='word_1_731' title='bbox 438 5120 524 5162; x_wconf 92' lang='lat' dir='ltr'><strong>tur</strong></span> <span class='ocrx_word' id='word_1_732' title='bbox 549 5107 785 5164; x_wconf 87' lang='lat' dir='ltr'><strong>militare</strong></span> <span class='ocrx_word' id='word_1_733' title='bbox 814 5108 955 5174; x_wconf 89' lang='lat' dir='ltr'><strong>Deo,</strong></span> <span class='ocrx_word' id='word_1_734' title='bbox 997 5110 1112 5164; x_wconf 91' lang='lat' dir='ltr'><strong>sola</strong></span> <span class='ocrx_word' id='word_1_735' title='bbox 1158 5112 1442 5168; x_wconf 89' lang='lat' dir='ltr'><strong>duodecim</strong></span> <span class='ocrx_word' id='word_1_736' title='bbox 1484 5112 1652 5166; x_wconf 90' lang='lat' dir='ltr'><strong>millia</strong></span> <span class='ocrx_word' id='word_1_737' title='bbox 1701 5114 2006 5185; x_wconf 85' lang='lat' dir='ltr'><strong>eliguntur;</strong></span> 
     </span>
    </p>
   </div>
   <div class='ocr_carea' id='block_1_98' title="bbox 431 5202 2010 5279">
    <p class='ocr_par' dir='ltr' id='par_1_98' title="bbox 431 5202 2010 5279">
     <span class='ocr_line' id='line_1_98' title="bbox 431 5202 2010 5279; baseline 0.006 -24"><span class='ocrx_word' id='word_1_738' title='bbox 431 5202 614 5257; x_wconf 69' lang='lat' dir='ltr'><strong>caeteri</strong></span> <span class='ocrx_word' id='word_1_739' title='bbox 636 5203 1013 5273; x_wconf 90' lang='lat' dir='ltr'><strong>relinquuntur</strong></span> <span class='ocrx_word' id='word_1_740' title='bbox 1040 5204 1091 5258; x_wconf 94' lang='lat' dir='ltr'><strong>in</strong></span> <span class='ocrx_word' id='word_1_741' title='bbox 1114 5204 1330 5259; x_wconf 87' lang='lat' dir='ltr'><strong>castris.</strong></span> <span class='ocrx_word' id='word_1_742' title='bbox 1360 5204 1574 5261; x_wconf 89' lang='lat' dir='ltr'><strong>Intuere</strong></span> <span class='ocrx_word' id='word_1_743' title='bbox 1597 5207 1728 5261; x_wconf 93' lang='lat' dir='ltr'><strong>mihi</strong></span> <span class='ocrx_word' id='word_1_744' title='bbox 1748 5224 1891 5264; x_wconf 92' lang='lat' dir='ltr'><strong>nunc</strong></span> <span class='ocrx_word' id='word_1_745' title='bbox 1914 5224 2010 5279; x_wconf 90' lang='lat' dir='ltr'><strong>po-</strong></span> 
     </span>
    </p>
   </div>
   <div class='ocr_carea' id='block_1_99' title="bbox 434 5296 2008 5371">
    <p class='ocr_par' dir='ltr' id='par_1_99' title="bbox 434 5296 2008 5371">
     <span class='ocr_line' id='line_1_99' title="bbox 434 5296 2008 5371; baseline 0.004 -21"><span class='ocrx_word' id='word_1_746' title='bbox 434 5296 615 5367; x_wconf 89' lang='lat' dir='ltr'><strong>pulum</strong></span> <span class='ocrx_word' id='word_1_747' title='bbox 642 5298 734 5353; x_wconf 91' lang='lat' dir='ltr'><strong>Dei</strong></span> <span class='ocrx_word' id='word_1_748' title='bbox 760 5296 893 5369; x_wconf 74' lang='grc'><strong>(45),</strong></span> <span class='ocrx_word' id='word_1_749' title='bbox 918 5299 1009 5368; x_wconf 90' lang='lat' dir='ltr'><strong>qui</strong></span> <span class='ocrx_word' id='word_1_750' title='bbox 1038 5307 1123 5353; x_wconf 91' lang='lat' dir='ltr'><strong>est</strong></span> <span class='ocrx_word' id='word_1_751' title='bbox 1150 5299 1202 5352; x_wconf 91' lang='lat' dir='ltr'><strong>in</strong></span> <span class='ocrx_word' id='word_1_752' title='bbox 1229 5298 1495 5367; x_wconf 88' lang='lat' dir='ltr'><strong>Ecclesia,</strong></span> <span class='ocrx_word' id='word_1_753' title='bbox 1530 5304 1719 5371; x_wconf 86' lang='lat' dir='ltr'><strong>quanti</strong></span> <span class='ocrx_word' id='word_1_754' title='bbox 1763 5312 1892 5358; x_wconf 91' lang='lat' dir='ltr'><strong>sunt</strong></span> <span class='ocrx_word' id='word_1_755' title='bbox 1941 5317 2008 5358; x_wconf 80' lang='lat' dir='ltr'><strong>ex</strong></span> 
     </span>
    </p>
   </div>
   <div class='ocr_carea' id='block_1_100' title="bbox 434 5386 2011 5461">
    <p class='ocr_par' dir='ltr' id='par_1_100' title="bbox 434 5386 2011 5461">
     <span class='ocr_line' id='line_1_100' title="bbox 434 5386 2011 5461; baseline 0.003 -20"><span class='ocrx_word' id='word_1_756' title='bbox 434 5388 498 5443; x_wconf 91' lang='lat' dir='ltr'><strong>iis</strong></span> <span class='ocrx_word' id='word_1_757' title='bbox 515 5386 605 5457; x_wconf 90' lang='lat' dir='ltr'><strong>qui</strong></span> <span class='ocrx_word' id='word_1_758' title='bbox 632 5388 841 5459; x_wconf 88' lang='lat' dir='ltr'><strong>possint</strong></span> <span class='ocrx_word' id='word_1_759' title='bbox 866 5403 966 5455; x_wconf 90' lang='lat' dir='ltr'><strong>pro</strong></span> <span class='ocrx_word' id='word_1_760' title='bbox 987 5389 1219 5443; x_wconf 88' lang='lat' dir='ltr'><strong>veritate</strong></span> <span class='ocrx_word' id='word_1_761' title='bbox 1237 5404 1499 5460; x_wconf 90' lang='lat' dir='ltr'><strong>pugnare,</strong></span> <span class='ocrx_word' id='word_1_762' title='bbox 1514 5392 1721 5461; x_wconf 91' lang='lat' dir='ltr'><strong>possint</strong></span> <span class='ocrx_word' id='word_1_763' title='bbox 1755 5392 2011 5447; x_wconf 90' lang='lat' dir='ltr'><strong>resistere</strong></span> 
     </span>
    </p>
   </div>
   <div class='ocr_carea' id='block_1_101' title="bbox 432 5480 2008 5550">
    <p class='ocr_par' dir='ltr' id='par_1_101' title="bbox 432 5480 2008 5550">
     <span class='ocr_line' id='line_1_101' title="bbox 432 5480 2008 5550; baseline 0.003 -16"><span class='ocrx_word' id='word_1_764' title='bbox 432 5480 499 5534; x_wconf 89' lang='lat' dir='ltr'><strong>iis</strong></span> <span class='ocrx_word' id='word_1_765' title='bbox 525 5481 615 5543; x_wconf 85' lang='lat' dir='ltr'><strong>qui</strong></span> <span class='ocrx_word' id='word_1_766' title='bbox 642 5481 1043 5546; x_wconf 87' lang='lat' dir='ltr'><strong>contradicunt,</strong></span> <span class='ocrx_word' id='word_1_767' title='bbox 1067 5482 1157 5550; x_wconf 88' lang='lat' dir='ltr'><strong>qui</strong></span> <span class='ocrx_word' id='word_1_768' title='bbox 1188 5482 1365 5536; x_wconf 90' lang='lat' dir='ltr'><strong>sciant</strong></span> <span class='ocrx_word' id='word_1_769' title='bbox 1395 5485 1544 5537; x_wconf 87' lang='lat' dir='ltr'><strong>verbi</strong></span> <span class='ocrx_word' id='word_1_770' title='bbox 1570 5483 1710 5538; x_wconf 89' lang='lat' dir='ltr'><strong>bella</strong></span> <span class='ocrx_word' id='word_1_771' title='bbox 1749 5493 2008 5539; x_wconf 88' lang='lat' dir='ltr'><strong>tractare.</strong></span> 
     </span>
    </p>
   </div>
   <div class='ocr_carea' id='block_1_102' title="bbox 501 5619 1651 5689">
    <p class='ocr_par' dir='ltr' id='par_1_102' title="bbox 501 5619 1651 5689">
     <span class='ocr_line' id='line_1_102' title="bbox 501 5619 1651 5689; baseline 0.003 -16"><span class='ocrx_word' id='word_1_772' title='bbox 501 5620 548 5652; x_wconf 88' lang='grc'><strong>³³</strong></span> <span class='ocrx_word' id='word_1_773' title='bbox 572 5619 593 5673; x_wconf 89' lang='grc' dir='ltr'>ι</span> <span class='ocrx_word' id='word_1_774' title='bbox 616 5619 757 5676; x_wconf 90' lang='lat' dir='ltr'><strong>Tim.</strong></span> <span class='ocrx_word' id='word_1_775' title='bbox 784 5637 845 5686; x_wconf 88' lang='lat' dir='ltr'><strong>ll,</strong></span> <span class='ocrx_word' id='word_1_776' title='bbox 877 5622 932 5676; x_wconf 72' lang='grc'><strong>4.</strong></span> <span class='ocrx_word' id='word_1_777' title='bbox 1010 5620 1056 5654; x_wconf 84' lang='grc'><strong>³⁸</strong></span> <span class='ocrx_word' id='word_1_778' title='bbox 1079 5621 1234 5686; x_wconf 89' lang='lat' dir='ltr'><strong>Luc.,</strong></span> <span class='ocrx_word' id='word_1_779' title='bbox 1290 5636 1392 5686; x_wconf 88' lang='lat' dir='ltr'><strong>vn,</strong></span> <span class='ocrx_word' id='word_1_780' title='bbox 1443 5622 1528 5689; x_wconf 72' lang='grc' dir='ltr'><strong>ιι,</strong></span> <span class='ocrx_word' id='word_1_781' title='bbox 1560 5622 1651 5677; x_wconf 68' lang='grc'><strong>42.</strong></span> 
     </span>
    </p>
   </div>
   <div class='ocr_carea' id='block_1_103' title="bbox 501 5735 2006 5809">
    <p class='ocr_par' dir='ltr' id='par_1_103' title="bbox 501 5735 2006 5809">
     <span class='ocr_line' id='line_1_103' title="bbox 501 5735 2006 5809; baseline 0.007 -19"><span class='ocrx_word' id='word_1_782' title='bbox 501 5735 834 5809; x_wconf 51' lang='grc' dir='ltr'><strong>(ὥλϋοάει</strong></span> <span class='ocrx_word' id='word_1_783' title='bbox 872 5740 1055 5797; x_wconf 86' lang='lat' dir='ltr'><strong>Sancti</strong></span> <span class='ocrx_word' id='word_1_784' title='bbox 1099 5741 1440 5809; x_wconf 82' lang='lat' dir='ltr'><strong>Theoderici,</strong></span> <span class='ocrx_word' id='word_1_785' title='bbox 1487 5761 1505 5795; x_wconf 73' lang='grc' dir='ltr'>ί</span> <span class='ocrx_word' id='word_1_786' title='bbox 1545 5744 1739 5798; x_wconf 89' lang='lat' dir='ltr'><strong>intueri</strong></span> <span class='ocrx_word' id='word_1_787' title='bbox 1777 5760 1922 5802; x_wconf 85' lang='lat' dir='ltr'><strong>nunc</strong></span> <span class='ocrx_word' id='word_1_788' title='bbox 1950 5745 2006 5801; x_wconf 94' lang='lat' dir='ltr'><strong>li-</strong></span> 
     </span>
    </p>
   </div>
   <div class='ocr_carea' id='block_1_104' title="bbox 433 5804 1043 5878">
    <p class='ocr_par' dir='ltr' id='par_1_104' title="bbox 433 5804 1043 5878">
     <span class='ocr_line' id='line_1_104' title="bbox 433 5804 1043 5878; baseline 0.008 -20"><span class='ocrx_word' id='word_1_789' title='bbox 433 5804 524 5878; x_wconf 77' lang='lat' dir='ltr'><strong>bet</strong></span> <span class='ocrx_word' id='word_1_790' title='bbox 541 5804 682 5878; x_wconf 69' lang='lat' dir='ltr'><strong>mihi</strong></span> <span class='ocrx_word' id='word_1_791' title='bbox 714 5810 990 5878; x_wconf 90' lang='lat' dir='ltr'><strong>populum.</strong></span> <span class='ocrx_word' id='word_1_792' title='bbox 1023 5831 1043 5863; x_wconf 76' lang='grc' dir='ltr'><strong>ι</strong></span> 
     </span>
    </p>
   </div>
   <div class='ocr_carea' id='block_1_105' title="bbox 507 5876 2017 5948">
    <p class='ocr_par' dir='ltr' id='par_1_105' title="bbox 507 5876 2017 5948">
     <span class='ocr_line' id='line_1_105' title="bbox 507 5876 2017 5948; baseline 0.009 -18"><span class='ocrx_word' id='word_1_793' title='bbox 507 5876 619 5948; x_wconf 75' lang='grc'><strong>(46)</strong></span> <span class='ocrx_word' id='word_1_794' title='bbox 658 5876 839 5935; x_wconf 80' lang='lat' dir='ltr'><strong>Codex</strong></span> <span class='ocrx_word' id='word_1_795' title='bbox 895 5879 1080 5939; x_wconf 84' lang='lat' dir='ltr'><strong>Sancti</strong></span> <span class='ocrx_word' id='word_1_796' title='bbox 1109 5879 1455 5948; x_wconf 82' lang='lat' dir='ltr'><strong>Theoderici,</strong></span> <span class='ocrx_word' id='word_1_797' title='bbox 1482 5903 1496 5936; x_wconf 75' lang='grc' dir='ltr'>ι</span> <span class='ocrx_word' id='word_1_798' title='bbox 1524 5883 1744 5941; x_wconf 84' lang='lat' dir='ltr'><strong>Eleazar</strong></span> <span class='ocrx_word' id='word_1_799' title='bbox 1763 5887 2017 5943; x_wconf 78' lang='lat' dir='ltr'><strong>sacerdos</strong></span> 
     </span>
    </p>
   </div>
   <div class='ocr_carea' id='block_1_106' title="bbox 1730 5621 2291 5690">
    <p class='ocr_par' dir='ltr' id='par_1_106' title="bbox 1730 5621 2291 5690">
     <span class='ocr_line' id='line_1_106' title="bbox 1730 5621 2291 5690; baseline 0.005 -14"><span class='ocrx_word' id='word_1_800' title='bbox 1730 5621 1772 5654; x_wconf 82' lang='grc'><strong>³⁷</strong></span> <span class='ocrx_word' id='word_1_801' title='bbox 1808 5623 1962 5678; x_wconf 85' lang='lat' dir='ltr'><strong>Num.</strong></span> <span class='ocrx_word' id='word_1_802' title='bbox 2007 5640 2158 5690; x_wconf 76' lang='lat' dir='ltr'><strong>xm,</strong></span> <span class='ocrx_word' id='word_1_803' title='bbox 2199 5624 2291 5679; x_wconf 73' lang='grc'><strong>21.</strong></span> 
     </span>
    </p>
   </div>
   <div class='ocr_carea' id='block_1_107' title="bbox 2116 4651 3701 4724">
    <p class='ocr_par' dir='ltr' id='par_1_107' title="bbox 2116 4651 3701 4724">
     <span class='ocr_line' id='line_1_107' title="bbox 2116 4651 3701 4724; baseline -0.003 -14"><span class='ocrx_word' id='word_1_804' title='bbox 2116 4655 2338 4710; x_wconf 85' lang='lat' dir='ltr'><strong>virtutis</strong></span> <span class='ocrx_word' id='word_1_805' title='bbox 2362 4664 2512 4719; x_wconf 93' lang='lat' dir='ltr'><strong>sunt,</strong></span> <span class='ocrx_word' id='word_1_806' title='bbox 2538 4654 2630 4724; x_wconf 91' lang='lat' dir='ltr'><strong>qui</strong></span> <span class='ocrx_word' id='word_1_807' title='bbox 2655 4653 2723 4707; x_wconf 90' lang='lat' dir='ltr'><strong>ad</strong></span> <span class='ocrx_word' id='word_1_808' title='bbox 2748 4652 2952 4708; x_wconf 91' lang='lat' dir='ltr'><strong>bellum</strong></span> <span class='ocrx_word' id='word_1_809' title='bbox 2984 4653 3303 4722; x_wconf 90' lang='lat' dir='ltr'><strong>procedunt.</strong></span> <span class='ocrx_word' id='word_1_810' title='bbox 3333 4651 3387 4706; x_wconf 94' lang='lat' dir='ltr'><strong>Si</strong></span> <span class='ocrx_word' id='word_1_811' title='bbox 3419 4652 3539 4720; x_wconf 82' lang='lat' dir='ltr'><strong>quis</strong></span> <span class='ocrx_word' id='word_1_812' title='bbox 3571 4667 3701 4705; x_wconf 90' lang='lat' dir='ltr'><strong>vero</strong></span> 
     </span>
    </p>
   </div>
   <div class='ocr_carea' id='block_1_108' title="bbox 2116 4742 3697 4817">
    <p class='ocr_par' dir='ltr' id='par_1_108' title="bbox 2116 4742 3697 4817">
     <span class='ocr_line' id='line_1_108' title="bbox 2116 4742 3697 4817; baseline -0.004 -16"><span class='ocrx_word' id='word_1_813' title='bbox 2116 4761 2354 4817; x_wconf 87' lang='lat' dir='ltr'><strong>pugnare</strong></span> <span class='ocrx_word' id='word_1_814' title='bbox 2378 4761 2482 4801; x_wconf 91' lang='lat' dir='ltr'><strong>non</strong></span> <span class='ocrx_word' id='word_1_815' title='bbox 2511 4745 2647 4812; x_wconf 88' lang='lat' dir='ltr'><strong>vult,</strong></span> <span class='ocrx_word' id='word_1_816' title='bbox 2670 4759 2771 4801; x_wconf 90' lang='lat' dir='ltr'><strong>nec</strong></span> <span class='ocrx_word' id='word_1_817' title='bbox 2796 4743 3050 4806; x_wconf 89' lang='lat' dir='ltr'><strong>militare,</strong></span> <span class='ocrx_word' id='word_1_818' title='bbox 3076 4742 3120 4798; x_wconf 90' lang='lat' dir='ltr'><strong>si</strong></span> <span class='ocrx_word' id='word_1_819' title='bbox 3149 4745 3271 4812; x_wconf 89' lang='lat' dir='ltr'><strong>quis</strong></span> <span class='ocrx_word' id='word_1_820' title='bbox 3302 4758 3409 4797; x_wconf 91' lang='lat' dir='ltr'><strong>non</strong></span> <span class='ocrx_word' id='word_1_821' title='bbox 3450 4743 3561 4796; x_wconf 90' lang='lat' dir='ltr'><strong>vult</strong></span> <span class='ocrx_word' id='word_1_822' title='bbox 3600 4744 3697 4796; x_wconf 90' lang='lat' dir='ltr'><strong>ha-</strong></span> 
     </span>
    </p>
   </div>
   <div class='ocr_carea' id='block_1_109' title="bbox 2114 4836 3697 4899">
    <p class='ocr_par' dir='ltr' id='par_1_109' title="bbox 2114 4836 3697 4899">
     <span class='ocr_line' id='line_1_109' title="bbox 2114 4836 3697 4899; baseline -0.004 -5"><span class='ocrx_word' id='word_1_823' title='bbox 2114 4841 2244 4894; x_wconf 91' lang='lat' dir='ltr'><strong>bere</strong></span> <span class='ocrx_word' id='word_1_824' title='bbox 2270 4849 2546 4893; x_wconf 88' lang='lat' dir='ltr'><strong>certamen</strong></span> <span class='ocrx_word' id='word_1_825' title='bbox 2576 4839 2882 4893; x_wconf 91' lang='lat' dir='ltr'><strong>studiorum</strong></span> <span class='ocrx_word' id='word_1_826' title='bbox 2908 4837 3226 4892; x_wconf 79' lang='lat' dir='ltr'><strong>divinorum</strong></span> <span class='ocrx_word' id='word_1_827' title='bbox 3251 4844 3306 4891; x_wconf 91' lang='lat' dir='ltr'><strong>et</strong></span> <span class='ocrx_word' id='word_1_828' title='bbox 3332 4836 3697 4899; x_wconf 70' lang='lat' dir='ltr'><strong>abstinentiar,</strong></span> 
     </span>
    </p>
   </div>
   <div class='ocr_carea' id='block_1_110' title="bbox 2115 4927 3695 4998">
    <p class='ocr_par' dir='ltr' id='par_1_110' title="bbox 2115 4927 3695 4998">
     <span class='ocr_line' id='line_1_110' title="bbox 2115 4927 3695 4998; baseline -0.003 -15"><span class='ocrx_word' id='word_1_829' title='bbox 2115 4929 2204 4985; x_wconf 91' lang='lat' dir='ltr'><strong>hic</strong></span> <span class='ocrx_word' id='word_1_830' title='bbox 2227 4944 2335 4985; x_wconf 89' lang='lat' dir='ltr'><strong>non</strong></span> <span class='ocrx_word' id='word_1_831' title='bbox 2366 4928 2481 4982; x_wconf 92' lang='lat' dir='ltr'><strong>vult</strong></span> <span class='ocrx_word' id='word_1_832' title='bbox 2508 4928 2734 4998; x_wconf 89' lang='lat' dir='ltr'><strong>implere</strong></span> <span class='ocrx_word' id='word_1_833' title='bbox 2763 4927 2894 4982; x_wconf 88' lang='lat' dir='ltr'><strong>illud</strong></span> <span class='ocrx_word' id='word_1_834' title='bbox 2944 4929 3084 4998; x_wconf 88' lang='lat' dir='ltr'><strong>quod</strong></span> <span class='ocrx_word' id='word_1_835' title='bbox 3130 4927 3423 4997; x_wconf 86' lang='lat' dir='ltr'><strong>Apostolus</strong></span> <span class='ocrx_word' id='word_1_836' title='bbox 3453 4927 3582 4981; x_wconf 89' lang='lat' dir='ltr'><strong>dicit</strong></span> <span class='ocrx_word' id='word_1_837' title='bbox 3610 4928 3653 4958; x_wconf 81' lang='grc'><strong>³⁸</strong></span> <span class='ocrx_word' id='word_1_838' title='bbox 3681 4943 3695 4978; x_wconf 89' lang='lat'>:</span> 
     </span>
    </p>
   </div>
   <div class='ocr_carea' id='block_1_111' title="bbox 2118 5020 3701 5091">
    <p class='ocr_par' dir='ltr' id='par_1_111' title="bbox 2118 5020 3701 5091">
     <span class='ocr_line' id='line_1_111' title="bbox 2118 5020 3701 5091; baseline -0.001 -17"><span class='ocrx_word' id='word_1_839' title='bbox 2118 5041 2138 5074; x_wconf 69' lang='grc' dir='ltr'><em>ς</em></span> <span class='ocrx_word' id='word_1_840' title='bbox 2179 5023 2281 5089; x_wconf 88' lang='lat' dir='ltr'><strong>Qui</strong></span> <span class='ocrx_word' id='word_1_841' title='bbox 2308 5031 2485 5076; x_wconf 88' lang='lat' dir='ltr'><strong>autem</strong></span> <span class='ocrx_word' id='word_1_842' title='bbox 2517 5021 2569 5074; x_wconf 93' lang='lat' dir='ltr'><strong>in</strong></span> <span class='ocrx_word' id='word_1_843' title='bbox 2599 5035 2772 5091; x_wconf 86' lang='lat' dir='ltr'><strong>agone</strong></span> <span class='ocrx_word' id='word_1_844' title='bbox 2809 5020 3111 5084; x_wconf 89' lang='lat' dir='ltr'><strong>contendit,</strong></span> <span class='ocrx_word' id='word_1_845' title='bbox 3136 5020 3204 5075; x_wconf 91' lang='lat' dir='ltr'><strong>ab</strong></span> <span class='ocrx_word' id='word_1_846' title='bbox 3251 5020 3504 5077; x_wconf 86' lang='lat' dir='ltr'><strong>omnibus</strong></span> <span class='ocrx_word' id='word_1_847' title='bbox 3526 5021 3701 5075; x_wconf 85' lang='lat' dir='ltr'><strong>conti-</strong></span> 
     </span>
    </p>
   </div>
   <div class='ocr_carea' id='block_1_112' title="bbox 2114 5112 3698 5182">
    <p class='ocr_par' dir='ltr' id='par_1_112' title="bbox 2114 5112 3698 5182">
     <span class='ocr_line' id='line_1_112' title="bbox 2114 5112 3698 5182; baseline -0.003 -13"><span class='ocrx_word' id='word_1_848' title='bbox 2114 5129 2249 5170; x_wconf 89' lang='lat' dir='ltr'><strong>nens</strong></span> <span class='ocrx_word' id='word_1_849' title='bbox 2274 5122 2377 5169; x_wconf 91' lang='lat' dir='ltr'><strong>est.</strong></span> <span class='ocrx_word' id='word_1_850' title='bbox 2409 5133 2428 5165; x_wconf 73' lang='grc' dir='ltr'><strong><em>ι</em></strong></span> <span class='ocrx_word' id='word_1_851' title='bbox 2474 5112 2577 5180; x_wconf 90' lang='lat' dir='ltr'><strong>Qui</strong></span> <span class='ocrx_word' id='word_1_852' title='bbox 2622 5128 2751 5182; x_wconf 91' lang='lat' dir='ltr'><strong>ergo</strong></span> <span class='ocrx_word' id='word_1_853' title='bbox 2774 5127 2881 5167; x_wconf 89' lang='lat' dir='ltr'><strong>non</strong></span> <span class='ocrx_word' id='word_1_854' title='bbox 2907 5112 3187 5168; x_wconf 86' lang='lat' dir='ltr'><strong>contendit</strong></span> <span class='ocrx_word' id='word_1_855' title='bbox 3232 5112 3284 5166; x_wconf 91' lang='lat' dir='ltr'><strong>in</strong></span> <span class='ocrx_word' id='word_1_856' title='bbox 3328 5126 3523 5182; x_wconf 88' lang='lat' dir='ltr'><strong>agone,</strong></span> <span class='ocrx_word' id='word_1_857' title='bbox 3551 5120 3604 5165; x_wconf 92' lang='lat' dir='ltr'><strong>et</strong></span> <span class='ocrx_word' id='word_1_858' title='bbox 3629 5112 3698 5165; x_wconf 92' lang='lat' dir='ltr'><strong>ab</strong></span> 
     </span>
    </p>
   </div>
   <div class='ocr_carea' id='block_1_113' title="bbox 2114 5205 3697 5273">
    <p class='ocr_par' dir='ltr' id='par_1_113' title="bbox 2114 5205 3697 5273">
     <span class='ocr_line' id='line_1_113' title="bbox 2114 5205 3697 5273; baseline -0.002 -10"><span class='ocrx_word' id='word_1_859' title='bbox 2114 5207 2370 5263; x_wconf 90' lang='lat' dir='ltr'><strong>omnibus</strong></span> <span class='ocrx_word' id='word_1_860' title='bbox 2403 5221 2510 5261; x_wconf 93' lang='lat' dir='ltr'><strong>non</strong></span> <span class='ocrx_word' id='word_1_861' title='bbox 2556 5214 2641 5262; x_wconf 93' lang='lat' dir='ltr'><strong>est</strong></span> <span class='ocrx_word' id='word_1_862' title='bbox 2676 5206 2988 5273; x_wconf 87' lang='lat' dir='ltr'><strong>continens,</strong></span> <span class='ocrx_word' id='word_1_863' title='bbox 3013 5220 3189 5273; x_wconf 88' lang='lat' dir='ltr'><strong>neque</strong></span> <span class='ocrx_word' id='word_1_864' title='bbox 3229 5208 3476 5261; x_wconf 81' lang='lat' dir='ltr'><strong>exerceri</strong></span> <span class='ocrx_word' id='word_1_865' title='bbox 3505 5205 3620 5260; x_wconf 91' lang='lat' dir='ltr'><strong>vult</strong></span> <span class='ocrx_word' id='word_1_866' title='bbox 3643 5206 3697 5260; x_wconf 90' lang='lat' dir='ltr'><strong>in</strong></span> 
     </span>
    </p>
   </div>
   <div class='ocr_carea' id='block_1_114' title="bbox 2115 5296 3696 5366">
    <p class='ocr_par' dir='ltr' id='par_1_114' title="bbox 2115 5296 3696 5366">
     <span class='ocr_line' id='line_1_114' title="bbox 2115 5296 3696 5366; baseline -0.003 -14"><span class='ocrx_word' id='word_1_867' title='bbox 2115 5302 2282 5352; x_wconf 89' lang='lat' dir='ltr'><strong>verbo</strong></span> <span class='ocrx_word' id='word_1_868' title='bbox 2310 5297 2427 5364; x_wconf 91' lang='lat' dir='ltr'><strong>Dei,</strong></span> <span class='ocrx_word' id='word_1_869' title='bbox 2451 5305 2507 5352; x_wconf 90' lang='lat' dir='ltr'><strong>et</strong></span> <span class='ocrx_word' id='word_1_870' title='bbox 2536 5296 2589 5350; x_wconf 92' lang='lat' dir='ltr'><strong>in</strong></span> <span class='ocrx_word' id='word_1_871' title='bbox 2616 5296 2733 5366; x_wconf 89' lang='lat' dir='ltr'><strong>lege</strong></span> <span class='ocrx_word' id='word_1_872' title='bbox 2759 5297 2968 5351; x_wconf 90' lang='lat' dir='ltr'><strong>Domini</strong></span> <span class='ocrx_word' id='word_1_873' title='bbox 3014 5297 3263 5351; x_wconf 91' lang='lat' dir='ltr'><strong>meditari</strong></span> <span class='ocrx_word' id='word_1_874' title='bbox 3290 5298 3376 5351; x_wconf 92' lang='lat' dir='ltr'><strong>die</strong></span> <span class='ocrx_word' id='word_1_875' title='bbox 3411 5310 3478 5351; x_wconf 89' lang='lat' dir='ltr'><strong>ac</strong></span> <span class='ocrx_word' id='word_1_876' title='bbox 3518 5306 3696 5357; x_wconf 88' lang='lat' dir='ltr'><strong>nocte.</strong></span> 
     </span>
    </p>
   </div>
   <div class='ocr_carea' id='block_1_115' title="bbox 2116 5388 3697 5455">
    <p class='ocr_par' dir='ltr' id='par_1_115' title="bbox 2116 5388 3697 5455">
     <span class='ocr_line' id='line_1_115' title="bbox 2116 5388 3697 5455; baseline -0.004 -11"><span class='ocrx_word' id='word_1_877' title='bbox 2116 5390 2204 5445; x_wconf 92' lang='lat' dir='ltr'><strong>hic</strong></span> <span class='ocrx_word' id='word_1_878' title='bbox 2223 5389 2439 5445; x_wconf 89' lang='lat' dir='ltr'><strong>etiamsi</strong></span> <span class='ocrx_word' id='word_1_879' title='bbox 2458 5389 2544 5441; x_wconf 91' lang='lat' dir='ltr'><strong>vir</strong></span> <span class='ocrx_word' id='word_1_880' title='bbox 2575 5388 2910 5453; x_wconf 90' lang='lat' dir='ltr'><strong>dicatur,vir</strong></span> <span class='ocrx_word' id='word_1_881' title='bbox 2937 5398 3117 5443; x_wconf 87' lang='lat' dir='ltr'><strong>tamen</strong></span> <span class='ocrx_word' id='word_1_882' title='bbox 3143 5388 3360 5443; x_wconf 88' lang='lat' dir='ltr'><strong>virtutis</strong></span> <span class='ocrx_word' id='word_1_883' title='bbox 3388 5402 3494 5442; x_wconf 93' lang='lat' dir='ltr'><strong>non</strong></span> <span class='ocrx_word' id='word_1_884' title='bbox 3516 5394 3697 5455; x_wconf 89' lang='lat' dir='ltr'><strong>potest</strong></span> 
     </span>
    </p>
   </div>
   <div class='ocr_carea' id='block_1_116' title="bbox 2116 5473 3698 5553">
    <p class='ocr_par' dir='ltr' id='par_1_116' title="bbox 2116 5473 3698 5553">
     <span class='ocr_line' id='line_1_116' title="bbox 2116 5473 3698 5553; baseline -0.004 -18"><span class='ocrx_word' id='word_1_885' title='bbox 2116 5482 2403 5553; x_wconf 89' lang='lat' dir='ltr'><strong>appellari.</strong></span> <span class='ocrx_word' id='word_1_886' title='bbox 2435 5481 2506 5534; x_wconf 91' lang='lat' dir='ltr'><strong>At</strong></span> <span class='ocrx_word' id='word_1_887' title='bbox 2532 5493 2659 5533; x_wconf 91' lang='lat' dir='ltr'><strong>vero</strong></span> <span class='ocrx_word' id='word_1_888' title='bbox 2690 5480 2799 5546; x_wconf 93' lang='lat' dir='ltr'><strong>hic,</strong></span> <span class='ocrx_word' id='word_1_889' title='bbox 2827 5481 2893 5534; x_wconf 86' lang='lat' dir='ltr'><strong>de</strong></span> <span class='ocrx_word' id='word_1_890' title='bbox 2920 5493 3028 5547; x_wconf 89' lang='lat' dir='ltr'><strong>quo</strong></span> <span class='ocrx_word' id='word_1_891' title='bbox 3061 5492 3206 5535; x_wconf 87' lang='lat' dir='ltr'><strong>nunc</strong></span> <span class='ocrx_word' id='word_1_892' title='bbox 3227 5492 3408 5535; x_wconf 88' lang='lat' dir='ltr'><strong>sermo</strong></span> <span class='ocrx_word' id='word_1_893' title='bbox 3437 5486 3517 5533; x_wconf 86' lang='lat' dir='ltr'><strong>est</strong></span> <span class='ocrx_word' id='word_1_894' title='bbox 3546 5473 3698 5529; x_wconf 84' lang='lat' dir='ltr'><strong>Scri-</strong></span> 
     </span>
    </p>
   </div>
   <div class='ocr_carea' id='block_1_117' title="bbox 2368 5622 2844 5689">
    <p class='ocr_par' dir='ltr' id='par_1_117' title="bbox 2368 5622 2844 5689">
     <span class='ocr_line' id='line_1_117' title="bbox 2368 5622 2844 5689; baseline -0.004 -10"><span class='ocrx_word' id='word_1_895' title='bbox 2368 5624 2412 5655; x_wconf 81' lang='grc'><strong>³⁸</strong></span> <span class='ocrx_word' id='word_1_896' title='bbox 2437 5623 2454 5678; x_wconf 98' lang='lat' dir='ltr'><strong>l</strong></span> <span class='ocrx_word' id='word_1_897' title='bbox 2479 5622 2605 5679; x_wconf 93' lang='lat' dir='ltr'><strong>Cor.</strong></span> <span class='ocrx_word' id='word_1_898' title='bbox 2649 5640 2726 5689; x_wconf 83' lang='lat' dir='ltr'><strong>tx,</strong></span> <span class='ocrx_word' id='word_1_899' title='bbox 2753 5623 2844 5678; x_wconf 74' lang='grc'><strong>25.</strong></span> 
     </span>
    </p>
   </div>
   <div class='ocr_carea' id='block_1_118' title="bbox 2114 5737 3712 5813">
    <p class='ocr_par' dir='ltr' id='par_1_118' title="bbox 2114 5737 3712 5813">
     <span class='ocr_line' id='line_1_118' title="bbox 2114 5737 3712 5813; baseline -0.004 -12"><span class='ocrx_word' id='word_1_900' title='bbox 2114 5764 2220 5802; x_wconf 85' lang='grc' dir='ltr'><strong>ιιοη</strong></span> <span class='ocrx_word' id='word_1_901' title='bbox 2244 5749 2309 5802; x_wconf 93' lang='lat' dir='ltr'><strong>ad</strong></span> <span class='ocrx_word' id='word_1_902' title='bbox 2338 5760 2528 5800; x_wconf 88' lang='lat' dir='ltr'><strong>omnes</strong></span> <span class='ocrx_word' id='word_1_903' title='bbox 2553 5745 2697 5800; x_wconf 90' lang='lat' dir='ltr'><strong>viros</strong></span> <span class='ocrx_word' id='word_1_904' title='bbox 2722 5743 2937 5799; x_wconf 89' lang='lat' dir='ltr'><strong>virtutis</strong></span> <span class='ocrx_word' id='word_1_905' title='bbox 2960 5745 3050 5813; x_wconf 91' lang='lat' dir='ltr'><strong>qui</strong></span> <span class='ocrx_word' id='word_1_906' title='bbox 3074 5737 3488 5797; x_wconf 88' lang='lat' dir='ltr'><strong>revertebantur</strong></span> <span class='ocrx_word' id='word_1_907' title='bbox 3517 5737 3585 5794; x_wconf 89' lang='lat' dir='ltr'><strong>ad</strong></span> <span class='ocrx_word' id='word_1_908' title='bbox 3605 5743 3712 5808; x_wconf 67' lang='lat' dir='ltr'><strong>po-f</strong></span> 
     </span>
    </p>
   </div>
   <div class='ocr_carea' id='block_1_119' title="bbox 2114 5814 3501 5885">
    <p class='ocr_par' dir='ltr' id='par_1_119' title="bbox 2114 5814 3501 5885">
     <span class='ocr_line' id='line_1_119' title="bbox 2114 5814 3501 5885; baseline -0.003 -16"><span class='ocrx_word' id='word_1_909' title='bbox 2114 5818 2295 5885; x_wconf 90' lang='lat' dir='ltr'><strong>pulum</strong></span> <span class='ocrx_word' id='word_1_910' title='bbox 2326 5817 2535 5873; x_wconf 90' lang='lat' dir='ltr'><strong>locutus</strong></span> <span class='ocrx_word' id='word_1_911' title='bbox 2563 5825 2668 5883; x_wconf 87' lang='lat' dir='ltr'><strong>est,</strong></span> <span class='ocrx_word' id='word_1_912' title='bbox 2705 5815 2798 5872; x_wconf 88' lang='lat' dir='ltr'><strong>sed</strong></span> <span class='ocrx_word' id='word_1_913' title='bbox 2839 5814 2905 5869; x_wconf 89' lang='lat' dir='ltr'><strong>ad</strong></span> <span class='ocrx_word' id='word_1_914' title='bbox 2942 5830 3034 5871; x_wconf 90' lang='lat' dir='ltr'><strong>eos</strong></span> <span class='ocrx_word' id='word_1_915' title='bbox 3064 5821 3295 5876; x_wconf 85' lang='lat' dir='ltr'><strong>tantum.</strong></span> <span class='ocrx_word' id='word_1_916' title='bbox 3340 5829 3359 5863; x_wconf 73' lang='grc' dir='ltr'><strong><em>ι</em></strong></span> <span class='ocrx_word' id='word_1_917' title='bbox 3396 5818 3501 5866; x_wconf 91' lang='lat' dir='ltr'><strong>etc.</strong></span> 
     </span>
    </p>
   </div>
  </div>
