4134 6366
348 332 451 388 769

1487 322 1553 377 ΙΝ
1585 320 1921 379 NUMEROS
1954 319 2243 377 HOMlLlA
2279 321 2447 379 XXV.

3514 324 3618 379 770

348 464 518 524 pturae
545 450 763 515 divinat,
807 448 901 519 qui
927 445 1096 515 spolia
1120 445 1189 500 de
1214 442 1462 498 hostibus
1490 442 1681 508 refert,
1707 441 1795 495 vir
1818 442 1928 495 vir-
1958 444 2005 500 Α
2034 450 2119 496 cet
2151 442 2395 496 historia:
2439 449 2639 495 textus.
2671 440 2933 495 Exierunt
2966 440 3054 495 isti
3101 454 3339 510 pugnare
3370 454 3466 508 pro
3496 438 3620 494 llliis

351 546 483 601 tutis
517 543 858 613 appellatur:
891 541 997 596 hoc
1022 547 1106 592 est
1155 538 1299 591 enim
1355 535 1532 590 laudis
1557 534 1673 602 ejus
1696 534 1927 603 insigne,

350 635 492 707 quod
520 634 801 704 Scriptura
832 631 987 698 dicit,
1006 631 1135 701 quia
1163 630 1377 686 locutus
1398 636 1478 682 est
1502 626 1728 680 Eleazar
1749 641 1933 680 sacer-

351 731 447 784 dos
490 728 553 783 ad
598 727 743 782 viros
786 725 1029 790 virtutis,
1073 724 1163 793 qui
1204 720 1622 777 revertebantur
1654 733 1681 771 a
1726 719 1933 789 praelia.

351 819 483 887 Quis
503 828 745 874 nostrum
768 817 843 872 ita
867 823 1090 886 paratus
1117 823 1221 879 est,
1252 826 1311 869 ut
1333 818 1592 885 procedat
1640 813 1706 866 ad
1731 810 1931 865 bellum

349 918 407 966 et
431 919 618 967 contra
647 909 989 964 adversarios
1018 908 1261 972 dimicet,
1292 918 1350 962 ut
1387 915 1441 962 et
1483 907 1597 975 ipse
1642 906 1727 959 vir
1764 903 1935 971 possit

351 1006 604 1077 appellari
653 1003 876 1058 virtutis
915 1003 940 1055 ?
968 1000 1124 1055 Sicut
1171 1008 1351 1055 autem
1393 1001 1503 1054 vita
1543 998 1852 1060 continens,
1882 1003 1936 1050 et

354 1097 696 1152 abstinentia:
720 1094 892 1160 labor,
925 1102 1091 1161 atque
1114 1106 1346 1160 agonum
1380 1091 1702 1151 certamina,
1730 1085 1938 1140 faciunt

355 1202 799 1258 unumquemque
830 1186 1008 1239 virum
1054 1184 1273 1237 virtutis
1316 1180 1623 1250 appellari:
1659 1180 1729 1232 ita
1773 1192 1937 1231 econ-

354 1284 528 1339 trario
576 1280 805 1336 remissa
832 1279 964 1343 vita,
999 1292 1062 1332 ac
1118 1276 1420 1346 negligens,
1450 1283 1501 1328 et
1563 1274 1779 1341 ignava,
1805 1268 1939 1325 facit

354 1374 533 1428 virum
580 1370 812 1440 ignavia:
862 1368 1144 1439 appellari.
1177 1368 1232 1422 Si
1281 1382 1415 1437 ergo
1457 1366 1541 1420 vis
1571 1362 1829 1434 appellari
1856 1363 1941 1415 vir

354 1468 596 1532 virtutis,
644 1466 810 1520 indue
852 1472 904 1518 te
948 1462 1224 1519 Christum
1259 1462 1571 1525 Dominum,
1606 1458 1695 1529 qui
1725 1466 1808 1512 est
1842 1455 1939 1509 Dei

356 1559 556 1623 virtus,
581 1567 634 1612 et
677 1556 770 1610 Dei
803 1555 1091 1626 sapientia,
1115 1564 1171 1609 et
1220 1556 1273 1608 in
1326 1553 1580 1608 omnibus
1626 1550 1861 1620 adjunge
1892 1557 1941 1601 te

357 1652 605 1717 Domino,
645 1651 717 1705 ita
756 1660 814 1704 ut
852 1665 990 1704 unus
1034 1664 1155 1702 cum
1198 1663 1263 1702 eo
1298 1647 1527 1715 spiritus
1559 1645 1678 1709 tias,
1708 1653 1759 1698 et
1811 1652 1942 1696 tunc

355 1744 439 1800 vir
456 1744 672 1800 virtutis
711 1742 981 1798 elﬁcieris.
1001 1741 1236 1811 Tempus
1287 1741 1451 1809 igitur
1491 1738 1618 1794 belli
1662 1736 1818 1791 nobis
1860 1743 1943 1790 est

356 1838 410 1892 in
450 1838 552 1892 hoc
596 1837 798 1891 mundo
835 1874 851 1898 ,
889 1850 1065 1905 pugna
1115 1835 1381 1888 adversus
1436 1831 1763 1886 Madianitas
1811 1838 1935 1893 est,

356 1932 471 1985 sive
518 1930 806 1984 adversum
863 1929 995 1984 vitia
1046 1929 1232 1983 carnis
1292 1936 1513 1990 nostra},
1573 1925 1690 1979 sive
1740 1923 1939 1978 adver-

355 2041 475 2076 sum
535 2022 840 2076 contrarias
905 2029 1224 2090 potestates.
1276 2019 1499 2089 Spectat
1561 2033 1659 2073 nos
1716 2016 1936 2087 angelo-

356 2128 474 2165 rum
517 2114 741 2180 chorus,
769 2113 1031 2167 virtutum
1064 2112 1364 2167 caelestium
1404 2112 1492 2180 pia
1521 2126 1649 2180 erga
1680 2125 1779 2165 nos
1804 2124 1939 2179 pen-

355 2207 447 2257 det
475 2205 833 2274 exspectatio,
866 2206 1085 2274 quando
1110 2204 1193 2259 vel
1221 2205 1493 2273 quomodo
1528 2204 1593 2257 de
1621 2203 1723 2257 hoc
1749 2202 1941 2271 prmlio

358 2306 714 2362 revertamur,
737 2297 866 2367 quid
891 2297 1264 2368 unusquisque
1289 2306 1534 2351 nostrum
1559 2296 1939 2350 manubiarum

356 2392 597 2454 reportet
635 2396 731 2441 :ct
761 2388 1043 2442 intuentur
1071 2387 1363 2451 curiosius,
1394 2402 1457 2441 ac
1490 2385 1780 2439 sollicitius
1824 2400 1943 2454 per-

354 2487 693 2546 scrutantur,
729 2481 852 2549 quis
892 2489 1137 2535 nostrum
1171 2480 1290 2533 auri
1336 2480 1463 2534 hinc
1508 2477 1739 2547 amplius
1779 2477 1941 2543 ferat,

354 2568 475 2637 quis
522 2570 687 2623 etiam
734 2572 944 2639 argenti
993 2571 1123 2625 illud
1168 2572 1381 2639 pondus
1429 2569 1707 2634 exhibeat,
1753 2569 1944 2637 quisve

356 2659 562 2730 lapides
612 2659 823 2717 deferat
848 2663 1141 2731 pretiosos.
1185 2661 1491 2730 Requirunt
1539 2662 1702 2715 etiam
1731 2660 1776 2714 si
1821 2662 1944 2729 quis

355 2768 430 2808 aes
456 2751 665 2807 deferat
696 2764 793 2808 aut
820 2754 1047 2821 ferrum,
1077 2762 1170 2808 aut
1206 2755 1505 2824 plumbum,
1534 2754 1627 2807 sed
1673 2763 1728 2808 et
1757 2767 1853 2807 vas
1888 2752 1948 2805 li-

355 2860 551 2916 gneum
575 2846 620 2900 si
650 2844 792 2901 forte
818 2846 1041 2915 aliquis,
1087 2859 1182 2900 aut
1229 2846 1416 2912 ﬁctile,
1442 2854 1537 2900 aut
1568 2845 1713 2899 aliud
1760 2844 1947 2913 hujus.

356 2938 499 2993 modi
530 2953 738 3008 magna:
778 2938 969 2993 domus
1015 2937 1202 2993 usibus
1238 2938 1630 2993 necessarium.
1663 2955 1683 2989 ι
1726 2935 1783 2991 ln
1832 2951 1946 2989 ma-

359 3045 465 3100 gna
507 3032 655 3086 enim
697 3033 855 3086 domo
887 3047 993 3087 non
1034 3040 1162 3086 sunt
1193 3029 1568 3085 tantummodo
1610 3044 1741 3083 vasa
1778 3042 1944 3082 aurca

2038 531 2224 597 Israel,
2260 531 2656 585 interfecerunt
2685 529 3051 597 Madianitas;
3089 529 3477 586 interlicientcs
3523 545 3621 584 au-

2038 631 2144 675 tem
2202 638 2331 687 eos,
2393 633 2651 693 quantum
2701 624 2767 676 ad
2817 622 3059 677 historia:
3113 624 3359 678 ordinem
3413 632 3620 691 spectat

2037 727 2090 772 et
2123 716 2355 771 litteram
2390 717 2545 786 legis,
2577 717 2898 786 placuerunt
2931 716 3064 780 Deo,
3095 716 3424 770 voluntatem
3468 730 3620 769 nam.

2038 822 2142 876 que
2176 806 2267 861 Dei
2302 807 2686 876 impleverunt;
2734 815 2914 861 tamen
2960 806 3063 861 hoc
3100 806 3240 874 ipso,
3275 807 3415 876 quod
3451 807 3619 860 inter-

2038 898 2287 954 fecerunt
2331 899 2696 961 adversarios,
2736 897 2998 952 immundi
3051 899 3303 952 dicuntur
3338 896 3537 959 effecti,
3568 907 3621 949 et

2038 1000 2324 1060 propterea
2373 990 2571 1044 dicitur
2602 990 2669 1043 ad
2719 1003 2813 1043 eos
2845 988 2887 1021 δ’
2921 1007 2934 1043 :
2972 1006 2990 1040 ‹
3042 989 3109 1043 Ει
3150 987 3398 1040 lavabitis
3451 986 3621 1039 vesti-

2042 1092 2221 1136 menta
2253 1092 2430 1137 vestra
2479 1081 2565 1135 die
2607 1083 2859 1149 septima,
2891 1091 2944 1135 et
2976 1080 3161 1134 mundi
3195 1080 3367 1140 eritis,
3400 1087 3453 1130 et
3505 1087 3625 1142 pom

2042 1176 2155 1228 haec
2175 1175 2462 1229 introibitis
2484 1175 2532 1227 in
2559 1185 2761 1230 castra.
2779 1194 2796 1225 ι
2819 1175 2956 1243 Ergo
2975 1172 3026 1225 hi
3049 1171 3137 1239 qui
3165 1178 3424 1239 pugnant,
3446 1183 3542 1235 pro
3558 1184 3624 1219 eo

2040 1268 2205 1338 369
2262 1270 2377 1338 ipso
2427 1268 2569 1337 quod
2600 1268 2941 1337 contigerunt
2975 1267 3161 1318 hostes
3191 1262 3519 1323 immundos,
3562 1269 3619 1313 et

2043 1359 2188 1426 quod
2218 1359 2448 1426 ingressi
2496 1367 2623 1411 sunt
2664 1369 2854 1412 contra
2888 1371 3004 1419 eos,
3053 1365 3109 1409 et
3152 1354 3443 1408 habuerint
3498 1366 3620 1405 cum

2044 1453 2123 1506 eis
2174 1460 2474 1514 certamen,
2534 1451 2724 1520 polluti
2779 1459 2926 1503 sunt.
2969 1449 3035 1502 Et
3072 1461 3172 1518 ego
3225 1461 3356 1516 ergo
3407 1443 3622 1499 etiamsi

2047 1544 2267 1597 vincere
2326 1552 2556 1612 potuero
2617 1540 2928 1606 diabolum,
2996 1540 3210 1593 etiamsi
3263 1537 3626 1606 cogitationes

2046 1634 2353 1689 innnundas
2385 1645 2440 1687 et
2474 1633 2668 1697 malas,
2721 1648 2855 1701 quas
2888 1632 3039 1685 cordi
3074 1644 3197 1683 meo
3240 1629 3507 1699 suggerit,
3542 1626 3627 1680 vel

2048 1727 2311 1798 repellere
2353 1727 2657 1789 venientes,
2684 1725 2768 1778 vel
2823 1725 3096 1795 ingressas
3127 1736 3327 1775 necare
3360 1721 3501 1774 intra
3521 1734 3629 1781 me,

2046 1838 2115 1877 ne
2147 1822 2212 1875 ad
2245 1820 2496 1876 ell‘ectum
2540 1820 2882 1889 perveniant,
2938 1817 3186 1887 quivere,
3234 1822 3287 1866 et
3335 1813 3380 1866 si
3417 1810 3636 1864 calcare

2041 1927 2272 1985 potuero
2316 1922 2480 1983 caput
2518 1912 2790 1974 draconis,
2826 1910 2927 1964 hoc
2968 1908 3086 1979 ipso
3114 1916 3295 1961 tamen
3330 1900 3487 1973 pollui
3543 1914 3629 1952 nte

2041 2019 2097 2063 et
2128 2009 2405 2077 inquinari
2440 2021 2666 2061 necesse
2703 2013 2809 2069 est,
2840 2004 2981 2073 quod
3012 2018 3136 2056 eum
3164 2000 3255 2069 qui
3291 1996 3528 2067 pollutus
3577 2001 3632 2047 et

2044 2099 2361 2169 inquinatus
2390 2107 2493 2165 est,
2527 2097 2763 2167 conligi;
2798 2105 2852 2149 et
2880 2110 2977 2148 ero
3002 2093 3220 2163 quidem
3251 2092 3464 2154 beatus,
3484 2089 3631 2157 quod

2042 2207 2167 2247 eum
2206 2206 2465 2259 superare
2489 2190 2659 2258 potui,
2688 2186 3000 2242 immundus
3042 2196 3223 2239 tamen
3267 2198 3382 2237 sum
3424 2191 3477 2235 et
3513 2180 3631 2251 pol-

2041 2283 2211 2349 lutus,
2246 2281 2338 2352 qui
2370 2279 2635 2349 pollutum
2672 2278 2898 2346 contigi,
2929 2286 2983 2332 et
3026 2276 3095 2331 ob
3126 2277 3230 2330 hoc
3255 2274 3633 2343 puriﬁcatione

2044 2388 2199 2442 egeo.
2250 2372 2457 2427 ldcirco
2485 2371 2742 2424 nimirum
2777 2380 2828 2422 et
2882 2369 3164 2436 Scriptura
3215 2368 3390 2421 dicit:
3437 2365 3482 2398 ⁸³
3504 2363 3633 2433 quia

2050 2485 2069 2518 ι
2104 2480 2261 2520 nemo
2292 2464 2524 2518 mundus
2564 2478 2593 2515 a
2642 2463 2823 2516 sorde.
2864 2478 2883 2511 ι
2929 2462 3131 2514 Omnes
3188 2474 3320 2527 ergo
3373 2461 3629 2527 purilica-

2048 2559 2193 2609 tione
2226 2555 2553 2624 indigemus,
2598 2554 2704 2606 imo
2744 2551 3239 2622 pnrilicationibns.
3276 2550 3454 2605 Multa:
3487 2554 3632 2606 enim

2045 2660 2101 2703 et
2138 2648 2365 2702 diversae
2397 2661 2496 2701 nos
2535 2654 2757 2699 manent
2805 2644 3238 2713 puriﬁcationes.
3271 2644 3377 2698 Sed
3405 2647 3634 2716 mystica

2046 2739 2163 2794 haec
2192 2749 2319 2794 sunt
2348 2748 2404 2793 et
2430 2736 2755 2793 inellabilia.
2792 2736 2926 2802 Quis
2963 2736 3112 2790 enim
3168 2738 3325 2792 nobis
3375 2753 3638 2792 enarrare

2046 2833 2288 2903 poterit,
2348 2847 2467 2902 qum
2525 2831 2635 2884 sint
2688 2830 3141 2897 purilicationes,
3206 2844 3325 2898 quae
3376 2840 3639 2900 parentur

2046 2925 2237 2990 Paulo,
2285 2926 2369 2981 vel
2419 2926 2581 2979 Petro
2631 2926 2768 2995 (49),
2827 2925 2913 2979 vel
2945 2926 3068 2979 aliis
3110 2926 3304 2979 horum
3343 2925 3638 2990 similibus,

2048 3019 2136 3088 qui
2170 3027 2375 3070 tantum
2405 3026 2801 3086 pugnaverunt,
2849 3026 2926 3070 tot
2952 3024 3141 3086 gentes
3193 3016 3456 3069 barbaras
3490 3016 3639 3070 dele-

354 3134 410 3179 et
450 3131 728 3196 argentea,
757 3123 850 3178 sed
873 3133 929 3177 et
970 3123 1147 3192 lignea
1174 3132 1229 3177 ει
1257 3122 1443 3177 ﬁciilia
1475 3121 1541 3176 ³9,
1583 3141 1602 3173 ι
1631 3120 1949 3191 [requiritur
1975 3129 2017 3187 ρ
2049 3119 2266 3173 verunt,
2301 3118 2377 3162 tot
2414 3110 2599 3162 hostes
2648 3116 3085 3176 prostraverunt,
3131 3118 3280 3160 tanta
3312 3108 3508 3176 spolia,
3556 3117 3633 3161 tot

356 3230 488 3287 ergo
515 3214 804 3283 diligenter
832 3228 955 3268 cum
981 3212 1279 3268 abierimus
1306 3211 1451 3278 illuc,
1488 3210 1616 3281 quid
1651 3210 1949 3278 unusquis-

355 3321 461 3375 que
495 3314 738 3362 nostrum
763 3302 987 3370 deferat,
1012 3311 1066 3357 et
1099 3301 1397 3357 secundum
1429 3316 1493 3356 ea
1521 3315 1641 3370 quae
1675 3299 1949 3366 detulerit,

360 3397 661 3453 secundum
714 3396 859 3466 quod
899 3394 1055 3450 labor
1084 3395 1203 3464 ejus
1236 3408 1335 3462 pro
1357 3391 1820 3471 contemplatione
1852 3404 1952 3444 ex-

359 3489 607 3543 uviarum
632 3487 911 3557 probatur,
948 3488 1114 3542 etiam
1145 3485 1443 3541 mansionis
1470 3484 1582 3557 (47)
1618 3484 1667 3539 ei
1699 3483 1953 3538 meritum

359 3583 729 3654 deputabitur.
764 3582 1072 3637 Probantur
1100 3594 1282 3637 tamen
1323 3578 1503 3633 omnia
1530 3576 1645 3631 haec
1674 3592 1688 3630 :
1715 3590 1834 3644 quae
1859 3588 1955 3643 per

362 3681 537 3748 ignem
566 3719 581 3746 ,
620 3692 741 3747 quae
786 3691 886 3747 per
938 3690 1131 3745 aquam
1174 3690 1189 3727 :
1239 3691 1259 3726 ι
1303 3670 1746 3738 Uniuscujusque
1807 3668 1953 3722 enim

359 3787 496 3843 Opus
535 3769 694 3840 quale
722 3771 815 3836 sit,
844 3768 986 3840 ignis
1017 3764 1353 3838 probabit“.
1393 3782 1412 3815 ›

431 3871 484 3923 6.
515 3868 815 3936 Propterea
848 3876 978 3932 ergo
1038 3861 1114 3914 ait
1144 3859 1189 3890 “
1228 3874 1241 3909 :
1281 3875 1301 3909 ‹
1351 3856 1478 3911 llaae
1526 3853 1955 3924 cstjustilicatio

361 3962 515 4035 legis,
535 3975 695 4031 quam
716 3957 997 4014 constituit
1012 3954 1270 4012 Dominus
1287 3952 1455 4022 Moysi
1481 3966 1495 4004 :
1521 3961 1719 4021 praeter
1737 3961 1951 4015 aurum,

361 4067 415 4111 et
438 4063 743 4127 argentum,
769 4059 821 4106 et
837 4058 1216 4113 aeramentum,
1237 4053 1290 4099 et
1322 4043 1549 4110 ferrum,
1569 4053 1624 4097 et
1651 4041 1951 4110 plumbum,

361 4160 707 4213 etstannum,
734 4155 790 4200 et
815 4145 993 4199 omnis
1019 4156 1107 4196 res
1129 4153 1249 4207 quae
1275 4137 1469 4191 transit
1495 4149 1591 4202 per
1611 4134 1811 4203 ignem,
1845 4141 1956 4184 tra-

367 4242 543 4296 ducite
575 4254 670 4310 per
702 4238 879 4305 ignem
908 4245 961 4289 et
989 4231 1360 4287 mandabitur.
1389 4227 1495 4283 Sed
1522 4236 1577 4282 et
1608 4226 1660 4280 in
1689 4239 1826 4294 aqua
1856 4238 1957 4293 pu-

364 4333 683 4390 riﬁcationis
727 4329 1184 4402 puriﬁcabuntur.
1223 4322 1419 4379 Omnia
1463 4332 1799 4391 quaecunque
1847 4330 1954 4369 non

367 4434 646 4482 transeunt
677 4440 774 4495 per
811 4423 1018 4494 ignem,
1044 4418 1352 4475 transibunt
1406 4430 1503 4484 per
1537 4425 1758 4481 aquam,
1795 4419 1850 4464 et
1877 4408 1957 4461 la-

364 4520 561 4576 vabitis
591 4519 918 4574 vestimenta
944 4524 1124 4570 vestra
1155 4513 1240 4566 die
1274 4496 1525 4579 septima,
1549 4515 1604 4561 et
1636 4503 1819 4559 mundi
1854 4502 1954 4556 eri-

365 4613 455 4677 tis,
490 4620 545 4666 et
587 4619 710 4681 post
744 4610 863 4664 hac
896 4604 1190 4661 introibitis
1236 4602 1289 4655 in
1333 4605 1537 4654 castra.
1576 4612 1595 4647 ›
1630 4593 1794 4648 Vides
1818 4607 1954 4661 qno-

366 4704 525 4758 modo
581 4700 959 4773 puriﬁcatione
1012 4696 1218 4765 indiget
1268 4691 1466 4754 omnis,
1499 4687 1595 4757 qui
1645 4685 1843 4740 exierit
1891 4683 1959 4737 de

367 4794 550 4864 prmio
584 4772 712 4848 vita:
757 4789 932 4859 hujus.
969 4787 1124 4854 Quod
1151 4785 1195 4840 si
1231 4784 1305 4838 ita
1352 4790 1440 4836 est
1485 4776 1622 4851 (48),
1656 4784 1713 4830 ut.
1756 4772 1959 4841 aliquid

369 4886 597 4941 audeam
630 4885 812 4940 dicere
839 4880 1135 4938 secundum
1169 4875 1463 4945 Scripturce
1491 4871 1689 4927 divina:
1718 4866 1960 4921 auctori-

367 4988 557 5047 tatem,
610 4978 789 5032 omnis
840 4975 931 5045 qui
964 4972 1162 5029 exierit
1202 4971 1267 5023 de
1314 4971 1416 5021 hac
1447 4968 1583 5029 vita,
1628 4976 1738 5016 non
1787 4968 1964 5029 potest

370 5087 492 5130 esse
520 5069 771 5127 mundus.
808 5066 1103 5125 Considera
1138 5060 1280 5116 enim
1322 5057 1606 5127 diligenter
1640 5052 1769 5122 quid
1818 5049 1962 5103 indi-

2059 3200 2363 3268 triumphos
2394 3203 2677 3268 ceperunt,
2703 3200 2794 3268 qui
2832 3199 3079 3253 cruentis
3106 3198 3358 3252 manibus
3390 3198 3454 3250 de
3488 3199 3637 3251 caede

2058 3294 2293 3348 hostium
2328 3292 2581 3353 redeunt,
2620 3307 2852 3360 quorum
2912 3308 3006 3360 pes
3042 3292 3241 3344 tinctus
3285 3298 3369 3343 est
3403 3290 3454 3343 in
3507 3306 3637 3343 san-

2055 3384 2239 3453 guine,
2271 3392 2326 3437 et
2374 3398 2571 3437 manus
2604 3398 2731 3438 suas
2758 3382 3017 3437 laverunt
3061 3382 3112 3435 in
3143 3382 3411 3450 sanguine
3445 3395 3642 3450 pecca-

2058 3477 2288 3530 torum?
2347 3475 2745 3530 lnterfecerunt
2775 3475 2976 3544 quippe
3021 3475 3073 3528 in
3124 3473 3405 3527 matutinis
3450 3486 3642 3525 omnes

2058 3577 2371 3638 peccatores
2414 3576 2593 3633 terra},
2633 3574 2690 3619 et
2730 3566 3022 3635 imaginem
3054 3581 3243 3620 eorum
3301 3563 3639 3619 extermina-

2058 3667 2255 3713 verunt
2280 3657 2345 3712 de
2367 3656 2587 3711 civitate
2630 3655 2863 3709 Domini.
2896 3655 3156 3709 Vicerunt
3182 3656 3380 3725 quippe
3410 3663 3465 3709 et
3488 3668 3644 3724 pere-

2058 3759 2278 3805 merunt
2325 3749 2574 3803 diversas
2605 3749 2911 3802 daemonum
2965 3760 3180 3818 gentes.
3228 3748 3343 3802 Nisi
3383 3749 3527 3801 enim
3560 3747 3643 3801 vi-

2059 3843 2261 3899 cissent
2288 3857 2405 3907 eas,
2440 3857 2544 3896 non
2578 3844 2884 3911 potuissent
2917 3856 3114 3911 capere
3146 3857 3212 3896 ex
3247 3841 3328 3896 eis
3371 3841 3638 3910 captivos,

2058 3950 2279 3991 omnem
2337 3936 2480 3987 hunc
2513 3931 2851 3987 credentium
2902 3946 3211 3995 numerum,
3242 3941 3297 3983 et
3343 3930 3641 3999 perducere

2058 4042 2151 4083 eos
2183 4026 2248 4082 ad
2282 4023 2648 4080 obedientiam
2704 4024 2936 4089 Christi,
2981 4032 3038 4078 et
3088 4022 3322 4077 subdere
3375 4035 3469 4075 eos
3505 4021 3636 4090 jugo

2058 4117 2177 4187 ejus
2205 4115 2382 4179 suavi,
2411 4122 2465 4168 et
2516 4114 2797 4180 imponere
2843 4113 2924 4167 eis
2954 4127 3093 4165 onus
3144 4111 3260 4177 ejus
3309 4108 3451 4164 leve.
3504 4109 3640 4175 Quis

2059 4223 2190 4279 ergo
2213 4209 2287 4262 ita
2318 4208 2510 4263 beatus
2532 4216 2637 4273 est,
2668 4209 2759 4276 qni
2793 4205 3053 4258 succedat
3082 4203 3164 4257 eis
3197 4203 3248 4255 in
3301 4203 3384 4254 his
3410 4200 3636 4269 praeliis,

2061 4310 2115 4356 et
2147 4299 2440 4355 interﬁciat
2463 4314 2655 4353 omnes
2694 4295 3041 4363 Madianitas,
3097 4303 3151 4349 et
3195 4293 3531 4364 justilicetur
3571 4307 3638 4345 ex

2062 4393 2324 4463 sanguine
2345 4406 2534 4446 eorum
2558 4391 2581 4444 ἲ
2627 4390 2959 4460 Sanguinem
3006 4388 3153 4441 enim
3180 4387 3488 4440 daemonum
3520 4382 3643 4438 l‘un-

1988 4488 2032 4544 D
2061 4487 2189 4539 dere
2223 4484 2443 4545 dicitur,
2471 4481 2561 4550 qui
2601 4481 2763 4549 eripit
2792 4494 2887 4534 eos
2915 4479 3113 4549 quibus
3148 4478 3224 4531 illi
3259 4476 3640 4529 dominantur.

2062 4579 2359 4634 Lavabitur
2396 4586 2578 4631 autem
2616 4576 2717 4629 hoc
2748 4574 3032 4642 sanguine,
3085 4581 3140 4626 et
3173 4569 3558 4642 puriﬁcabitur
3585 4568 3641 4622 in

2065 4686 2235 4742 regno
2264 4670 2381 4735 Dei,
2409 4679 2470 4723 ut
2500 4669 2822 4739 purificatus
2849 4675 2903 4722 et
2939 4665 3174 4721 mundus
3204 4662 3432 4719 ell‘ectus
3468 4662 3643 4730 possit

2061 4768 2275 4839 ingredi
2342 4772 2590 4821 sanctam
2660 4763 2937 4819 civitatem
3012 4760 3140 4823 Dei,
3193 4757 3475 4827 aperiente
3538 4755 3643 4810 sibi

2058 4861 2262 4917 ostium
2313 4858 2536 4915 Christo
2575 4855 2703 4912 Jesu
2746 4854 2976 4909 Domino
3028 4859 3237 4914 nostro,
3282 4849 3392 4904 imo
3423 4848 3514 4917 qui
3564 4858 3645 4901 est

2062 4954 2259 5009 ostium
2276 4949 2512 5006 civitatis
2536 4948 2708 5018 ipsius
2733 4947 2857 5000 Dei:
2887 4944 2971 4999 cui
2992 4954 3074 4998 est
3091 4943 3262 5014 gloria
3286 4953 3342 4997 et
3360 4940 3645 5012 imperium

2065 5046 2119 5100 in
2155 5044 2354 5099 saecdla
2376 5040 2724 5099 saeculorum.
2756 5041 2951 5093 Amen.

369 5206 371 5210 ·
449 5190 493 5222 ⁶⁹
527 5186 713 5244 lTim.
744 5200 806 5250 ιι,
836 5182 929 5238 20.
1005 5178 1048 5210 ⁵ο
1080 5177 1096 5231 |
1141 5174 1268 5232 Cor.
1306 5186 1387 5241 ιιι,
1418 5171 1505 5224 l5.
1582 5167 1625 5198 “
1662 5165 1823 5219 Num.
1858 5177 1946 5217 xx:

2049 5156 2382 5228 21,22,915,
2411 5154 2505 5209 at.
2579 5154 2624 5185 η
2654 5152 2784 5208 ibid.
2816 5150 2906 5207 24.
2983 5149 3397 5216 ⁴³ιιοιι.ιιιν,4.

440 5355 559 5425 ,(47)
598 5353 780 5408 Codex
823 5348 884 5403 S.
913 5341 1312 5425 Tlieodorici,_g
1361 5331 1959 5425 secundumnlalrorem

373 5399 805 5492 uuiuééuj'u’sh'u‘e
824 5399 946 5492 "pa;
962 5399 1418 5492 contemplatione
1440 5406 1759 5462 exuviarum
1788 5408 1842 5455 et
1884 5399 1961 5452 la-

371 5497 475 5553 hor
501 5482 1017 5559 probabitur-etiam
1044 5482 1402 5559 mansionis.»
1684 5543 1718 5559 ί,
1762 5541 1863 5559 ,μ’
1888 5540 1919 5559 _,

446 5539 813 5639 {téjviiéélﬁ
852 5539 997 5614 sinita
1027 5563 1128 5612 est.
1170 5572 1189 5604 ι
1222 5551 1377 5605 Libh.
1425 5545 1578 5611 editi,
1622 5562 1640 5592 ι
1677 5543 1723 5599 si
1756 5539 1961 5611 aliquid

380 5650 479 5695 εει.
531 5656 552 5689 ι

450 5680 562 5778 ἱὶεῗ)
597 5706 728 5778 Qua:
751 5708 1005 5778 ριιτεκτυν
1034 5693 1210 5778 Ρςιητρ
1240 5685 1645 5778 υε¹.Ρ⁴Ξῖ9;ἓ1⁰
1678 5680 1954 5778 ῖὲίῖἷὲἱιῗέῗ

385 5749 930 5850 Origenes—Dandum
944 5749 1195 5826 nominat
1238 5772 1366 5817 ante
1399 5759 1643 5823 Petrum,
1681 5760 1741 5807 ut
1766 5749 1955 5806 homil.

2061 5326 2097 5380 2
2125 5328 2181 5380 in
2210 5323 2456 5387 Iudices,
2486 5322 2522 5376 2
2552 5322 2606 5375 in
2660 5319 2923 5375 Ezechiel.
2966 5320 3039 5373 lta
3070 5320 3233 5372 etiam
3292 5325 3480 5370 auctor
3515 5313 3649 5367 Con-

2060 5399 2174 5451 stit.
2198 5395 2428 5464 apostol.
2449 5394 2541 5446 lib.
2576 5407 2698 5464 vm,
2723 5407 2841 5459 cap.
2867 5391 2937 5445 55
2968 5387 3404 5464 ;Euseb._l3iator.
3433 5387 3527 5464 lib.
3548 5400 3651 5449 vn,

2060 5483 2181 5537 cap.
2225 5455 2333 5530 i8;
2384 5464 2614 5537 Gregor.
2649 5455 2983 5537 Nazianzen.
3013 5470 3153 5513 orat.
3186 5456 3272 5519 16,
3290 5458 3409 5537 ηειιι)
3433 5455 3604 5537 linem
3635 5470 3649 5515 ;

2059 5524 2646 5608 lerysost'omus'libr.
2682 5532 3108 5608 Derirginitnte,
3136 5524 3378 5608 cap.”8‘2,
3397 5534 3453 5604 et
3475 5538 3648 5608 serm.

2062 5606 2139 5661 De
2157 5595 2583 5669 mansuetudine,
2615 5615 2670 5661 et
2697 5603 2811 5670 alii,
2846 5595 2939 5656 sed
2972 5600 3175 5667 absque
3213 5595 3322 5650 ullo
3375 5595 3651 5665 primatus

2058 5677 2203 5734 Petri
2246 5676 2580 5748 praejudicio.
