4134 6398
444 337 541 391 ’ΠΙ

975 443 1253 499 IIOMILIA
1290 441 1485 497 XXVI.

726 535 801 589 De
826 553 1030 589 summa
1058 535 1267 589 numeri
1289 534 1526 601 ﬁliorum
1555 531 1751 585 Israel.

520 632 571 683 1.
615 628 962 683 Dillerentias
1002 642 1124 682 esse
1154 626 1494 695 profectuum
1523 635 1576 678 et
1606 625 1929 678 meritorum
1967 625 2019 676 in

443 721 645 792 populo
691 720 952 782 ﬁdelium,
1004 719 1047 773 si
1088 719 1211 788 quis
1275 716 1590 786 diligentius
1644 717 1888 769 intendat
1942 714 2022 769 le-

444 816 634 880 ctioni,
658 815 842 868 multis
874 814 925 867 in
949 813 1084 867 locis
1117 814 1315 866 divinis
1348 812 1400 865 in
1432 810 1800 865 voluminibus
1828 809 2021 878 depre—

446 909 662 965 hendet.
691 907 804 961 Non
839 908 1016 962 minus
1073 915 1251 961 autem
1288 906 1423 969 haec,
1455 913 1510 957 et
1541 919 1605 959 ex
1652 904 1909 972 praesenti
1936 903 2019 957 le-

444 1005 625 1058 ctione
650 1002 956 1071 colligimus
993 1000 1061 1055 de
1089 1017 1154 1055 co
1184 998 1326 1067 quod
1370 997 1628 1064 seripttlm
1653 1006 1735 1049 est
1756 994 1802 1025 ⁸³
1830 1012 1844 1047 :
1887 1012 1905 1045 α
1954 994 2016 1047 Et

443 1104 799 1151 accesserunt
823 1096 888 1147 ad
930 1092 1151 1163 Moysen
1178 1105 1370 1145 onmcs
1408 1089 1497 1157 qui
1526 1088 1811 1142 constituti
1860 1093 2021 1140 erant

444 1191 719 1260 principes
773 1204 868 1256 per
899 1187 1069 1240 tribus
1110 1187 1161 1239 in
1195 1184 1465 1248 exercitu,
1508 1182 1710 1235 tribuni
1740 1188 1795 1235 et
1825 1189 2018 1234 centu—

446 1284 646 1345 riones,
681 1291 735 1335 et
766 1282 1021 1334 dixerunt
1060 1278 1127 1331 ad
1175 1278 1397 1347 Moysen
1433 1293 1445 1328 :
1480 1271 1589 1327 Nos
1613 1273 1765 1343 pueri
1800 1272 1874 1324 tui
1904 1270 2020 1324 col-

443 1376 669 1445 legimus
726 1388 994 1428 summam
1026 1373 1269 1425 virorum
1322 1368 1643 1423 bellatorum
1682 1375 2015 1427 nostrorum,

440 1476 495 1518 et
545 1479 649 1517 non
679 1464 937 1517 dissensit
963 1477 1027 1514 ex
1085 1461 1241 1513 nobis
1272 1459 1587 1528 quisquam,
1622 1464 1678 1508 et
1723 1453 2020 1507 obtulimus

443 1571 639 1607 munus
692 1554 943 1615 Domino,
979 1551 1357 1618 unusquisque
1388 1548 1469 1601 vir
1518 1547 1884 1615 quodcunque
1931 1544 2017 1596 in-

441 1646 589 1699 venit
615 1659 711 1699 vas
743 1659 993 1704 aureum,
1036 1650 1308 1707 torquem,
1346 1646 1439 1692 aut
1472 1635 1717 1691 viriolam
1754 1633 1889 1705 (50),
1920 1642 2017 1687 aut

441 1737 723 1799 annulum,
780 1744 871 1788 aut
905 1733 1173 1793 dextrale,
1213 1741 1306 1785 aut
1357 1728 1685 1790 catenulam,
1722 1728 1788 1780 ad
1838 1724 2017 1795 propi-

440 1827 682 1881 tiandum
730 1840 829 1894 pro
875 1824 1030 1877 nobis
1074 1839 1258 1876 coram
1320 1821 1570 1875 Domino.
1625 1839 1643 1871 ι
1695 1816 2017 1885 Loquuntur

437 1934 568 1988 ergo
597 1918 662 1969 ad
688 1916 925 1987 Moysem
953 1914 1108 1968 electi
1141 1914 1433 1983 principes,
1456 1912 1545 1981 qui
1580 1908 1858 1965 constituti
1892 1916 2017 1961 sunt

436 2024 602 2076 super
630 2007 950 2068 exercitum,
977 2015 1031 2059 et
1070 2020 1168 2072 pro
1221 2006 1355 2057 bene
1387 2005 1553 2073 gestis
1584 2002 1747 2055 rebus
1792 2013 2014 2053 munera

435 2100 668 2155 otl‘eruut
698 2100 826 2164 Deo,
862 2099 1106 2152 dicentes
1139 2116 1151 2151 :
1190 2096 1295 2149 Nos
1324 2096 1471 2164 pueri
1512 2096 1589 2148 tui
1647 2109 1857 2154 sumus.
1912 2092 2008 2160 qui

438 2193 747 2259 accepimus
770 2205 1039 2244 summam
1077 2188 1399 2243 bellatorum
1442 2187 1673 2240 ﬁliorum
1715 2185 1899 2239 Israel.
1926 2185 2011 2239 Dio

435 2296 569 2339 cunt
591 2294 773 2336 autem
807 2297 1075 2336 summam
1107 2281 1439 2335 bellatorum
1476 2277 1689 2331 illorum
1729 2275 2012 2330 duodecim

440 2375 605 2428 millia
635 2375 902 2436 virorum,
934 2373 1026 2439 qui
1057 2371 1214 2425 electi
1239 2378 1364 2423 sunt
1389 2384 1453 2422 ex
1483 2367 1734 2421 omnibus
1765 2365 2014 2419 tribubus

437 2466 627 2530 Israel,
685 2475 744 2518 ut
794 2461 1150 2532 conﬂigerent
1190 2462 1450 2515 adversus
1477 2458 1824 2512 Madianitas.
1874 2454 2015 2510 Sunt

435 2574 567 2627 ergo
599 2557 650 2610 in
684 2555 881 2625 populo
915 2554 1007 2607 Dei
1056 2553 1346 2606 bellatores
1372 2550 1549 2614 multi,
1583 2558 1707 2602 sunt
1735 2557 1790 2601 et
1818 2545 2012 2600 imbel-

436 2645 517 2700 les
563 2644 781 2713 plurimi
820 2661 832 2695 :
866 2652 920 2695 et
954 2656 1141 2695 rursus
1195 2641 1337 2693 inter
1379 2638 1670 2692 bellatores
1705 2646 1833 2691 sunt
1884 2634 2010 2703 qui-

432 2736 583 2799 dam,
611 2735 700 2803 qui
735 2732 1072 2803 appellantur
1100 2745 1311 2785 summa
1368 2729 1717 2791 bellatorum,
1770 2725 2015 2780 eminen-

433 2827 604 2882 tiores
650 2826 770 2879 sine
800 2825 963 2878 dubio
998 2824 1066 2877 iis
1117 2824 1207 2891 qui
1250 2821 1543 2875 bellatores
1570 2820 1843 2880 dicuntur,
1872 2816 2013 2871 sicut

431 2928 488 2973 et
544 2917 935 2972 eminentiores
974 2925 1101 2969 sunt
1144 2916 1211 2968 ab
1240 2914 1552 2968 imbellibus
1584 2910 1897 2965 bellatores.
1945 2908 2015 2962 Et

434 3026 624 3064 rursus
649 3017 773 3062 sunt
804 3006 969 3075 aliqui
1001 3006 1260 3060 celsiores
1284 3006 1352 3060 ab
1390 3005 1477 3068 iis,
1514 3003 1607 3073 qui
1646 3016 1861 3056 summa
1894 2999 2011 3055 bel-

433 3104 667 3155 latorum
723 3099 853 3153 dicti
887 3109 1061 3153 sunt:
1099 3097 1133 3151 ii
1184 3098 1393 3151 scilicet
1439 3097 1532 3165 qui
1566 3094 1849 3149 constituti
1888 3101 2013 3147 sunt

430 3209 595 3263 super
626 3206 720 3245 eos
750 3189 1047 3259 principes,
1093 3197 1149 3243 et
1201 3188 1411 3259 prazlati
1445 3187 1677 3258 singulis
1708 3186 2012 3256 quibusque

432 3284 669 3339 millibus
692 3283 1020 3337 electorum.
1050 3281 1144 3335 Est
1169 3296 1302 3351 ergo
1326 3280 1496 3335 multa
1539 3280 1827 3335 diversitas
1862 3279 1915 3333 in
1946 3292 2012 3333 eo

428 3378 644 3442 ordine,
677 3376 768 3445 qui
810 3374 1106 3430 bellatores
1134 3374 1498 3443 appellantur.
1533 3372 1638 3426 Sed
1674 3382 1727 3426 et
1751 3372 1891 3425 inter
1928 3372 2011 3439 ip-

431 3486 523 3525 sos
580 3468 823 3523 imbelles
888 3479 973 3524 est
1028 3468 1379 3523 nihilominus
1439 3464 1617 3534 aliqua
1678 3463 2006 3517 diﬁ‘erentia.

429 3562 540 3618 Nec
584 3563 681 3627 ipsi
714 3563 860 3616 enim
884 3561 1169 3630 aequaliter
1218 3568 1274 3612 et
1305 3572 1413 3612 uno
1456 3555 1648 3609 ordine
1688 3570 1880 3608 omnes
1914 3568 2009 3623 ap-

428 3652 695 3725 pellantur
725 3653 988 3708 imbelles.
1014 3649 1249 3717 Quidam
1287 3647 1437 3702 enim
1472 3648 1545 3699 ita
1588 3645 1835 3700 imbelles
1860 3653 2007 3707 sunt,

426 3755 486 3799 ut
512 3760 787 3815 nunquam
816 3743 1024 3814 possint
1066 3741 1181 3796 ﬁeri
1228 3738 1542 3805 bellatores,
1588 3748 1647 3791 ut
1690 3744 1774 3791 est
1822 3735 2009 3791 senilis

426 3847 580 3903 mtas,
633 3846 688 3889 et
742 3836 922 3890 omnis
973 3834 1245 3887 femineus
1300 3844 1484 3895 sexus,
1547 3827 1641 3882 sed
1684 3837 1738 3881 et
1770 3826 2007 3882 conditio

424 3930 659 3985 servilis.
695 3929 928 3984 Puerilis
960 3940 1089 3980 vero
1124 3934 1257 3979 aetas
1296 3924 1367 3976 ita
1389 3921 1627 3976 imbellis
1647 3930 1751 3986 est,
1779 3929 1837 3974 ut
1859 3935 2008 3991 spem

426 4032 581 4092 gerat
612 4020 903 4092 aliquando
957 4018 1076 4073 ﬁeri
1108 4015 1384 4080 bellatrix,
1426 4015 1641 4070 scilicet
1662 4029 1785 4069 cum
1816 4029 2011 4069 occur-

423 4116 555 4170 rerit
583 4115 699 4184 (5t)
728 4113 783 4167 in
818 4112 994 4166 virum
1028 4107 1352 4182 perfectum,
1381 4107 1436 4163 in
1471 4122 1782 4161 mensuram
1806 4106 2006 4171 relatis,

429 4218 557 4260 tunc
579 4220 683 4259 non
731 4202 905 4258 solum
936 4200 1234 4257 bellatores
1267 4198 1385 4253 ﬁeri
1416 4211 1484 4252 ex
1515 4196 1722 4265 pueris,
1748 4196 1844 4253 sed
1871 4206 1927 4251 et
1954 4198 2007 4251 in

424 4310 691 4351 summam
717 4293 1036 4349 bellatorum
1056 4292 1246 4347 venire
1265 4305 1323 4346 se
1344 4296 1589 4359 sperant,
1612 4296 1668 4343 et
1687 4302 1809 4343 esse
1826 4288 2007 4358 electi,

423 4398 479 4443 et
508 4389 563 4443 in
611 4388 898 4444 duodecim
938 4387 1180 4442 millibus
1212 4383 1519 4449 numerari,
1543 4381 1632 4438 vel
1660 4382 1824 4437 etiam
1870 4397 2010 4452 prte-

425 4481 583 4545 t‘erri,
607 4488 663 4536 et
693 4494 814 4535 esse
843 4480 1114 4550 principes
1140 4478 1465 4534 electorum.

493 4574 550 4627 2.
603 4573 899 4628 Considera
935 4587 1081 4627 nunc
1132 4572 1418 4641 praesentis
1447 4569 1632 4626 saeculi
1672 4576 1899 4635 statum,
1950 4577 2004 4623 et

424 4664 548 4718 vide
574 4665 759 4717 omnia
792 4663 947 4718 bellis
986 4662 1217 4733 repleta,
1247 4677 1576 4731 omnemque
1603 4661 1895 4716 humanam
1923 4660 2005 4714 vi-

427 4765 535 4810 tam
580 4755 945 4811 invisibilibus
986 4754 1188 4825 praeliis
1238 4764 1294 4811 et
1343 4753 1846 4825 impugnationibus
1893 4753 2003 4809 dies

427 4862 643 4902 monum
692 4847 1021 4917 perurgeri:
1061 4845 1115 4899 in
1148 4845 1349 4915 populo
1385 4860 1517 4900 vero
1555 4845 1649 4899 Dei
1681 4858 1805 4899 esse
1840 4859 2004 4913 quos-

400 4942 546 4995 »dam
606 4942 677 4994 ita
731 4940 984 4995 robustos
1030 4939 1136 4995 ﬁde
1189 4946 1539 5008 armatosque
1584 4938 1899 5001 virtutibus,
1948 4943 2007 4990 ut

427 5034 714 5086 adversum
770 5029 1079 5099 hujusmodi
1134 5030 1323 5085 hostes
1366 5028 1615 5099 quotidie
1668 5029 1809 5084 bella
1837 5026 2009 5083 conﬁ-

423 5123 591 5186 ciant,
625 5130 678 5175 et
707 5136 923 5191 semper
950 5121 1001 5175 in
1031 5120 1319 5189 procinctu
1350 5118 1515 5189 positi
1552 5134 1661 5174 non
1707 5118 1882 5173 solum
1918 5131 2009 5172 se-

424 5216 704 5285 metipsos,
736 5213 828 5266 sed
867 5222 1095 5267 caeteros
1148 5211 1239 5280 qui
1269 5212 1353 5265 vel
1396 5227 1492 5281 per
1538 5226 1755 5279 sexum,
1786 5210 1870 5265 vel
1912 5224 2009 5278 per

422 5318 656 5371 aetatem,
684 5305 766 5360 vel
794 5320 889 5376 per
915 5304 1197 5359 servitutis
1227 5304 1599 5359 conditionem
1628 5320 1875 5375 pugnare
1896 5321 2002 5361 non

488 5474 535 5504 “
565 5472 723 5526 Num.
754 5488 904 5536 χχχι,
930 5472 1019 5537 48,
1039 5471 1128 5535 49,
1152 5472 1242 5526 50.

491 5567 603 5635 (50)
648 5566 749 5619 Pro
785 5586 802 5617 ‹
853 5568 1125 5636 viriolam,
1172 5586 1190 5619 ι
1231 5568 1399 5623 codex
1430 5566 1493 5622 S.
1526 5566 1857 5625 Theoderici
1891 5569 1994 5625 ha-

423 5636 532 5697 bet,
565 5656 581 5685 ι
622 5638 914 5690 armillam.
955 5657 974 5688 ι

423 5705 602 5826 mtsl)
639 5705 765 5759 Mss.
817 5724 837 5757 ε
884 5710 1211 5764 occurrerit.
1258 5731 1277 5764 ι
1314 5712 1473 5768 Libb.
1523 5713 1691 5777 editi,
1737 5733 1755 5766 ι
1797 5730 1994 5771 occur-

1932 320 2255 379 ORIGENIS

2050 446 2096 501 Α
2126 446 2368 509 possunt,
2426 437 2495 492 ab
2545 437 2785 492 hostium
2831 446 3091 493 tueantur
3129 439 3561 502 insidiis,verho
3605 443 3706 496 do-

1320 5470 1365 5503 “
1408 5469 1455 5525 II
1486 5470 1627 5524 Tim.
1664 5486 1727 5535 ιι,
1764 5471 1817 5525 4.
1892 5471 1937 5503 “
1961 5473 2296 5541 Act.tv,32.
2373 5476 2417 5508 "’
2455 5476 2649 5531 Matth.
2684 5494 2739 5545 v,
2772 5478 2866 5543 25,
2891 5478 2985 5535 24.

3601 324 3711 379 772

2124 532 2317 586 ctrina:
2375 543 2492 593 eos,
2534 529 2893 598 exemploque
2946 529 3074 584 vita:
3112 539 3169 586 et
3223 532 3707 587 eommonitionum

2123 622 2417 677 sedulitate
2450 622 2764 677 munientes
2798 640 2813 676 :
2850 624 2894 677 si
2921 632 3101 678 tamen
3135 639 3241 679 non
3274 625 3416 679 desit
3438 626 3519 681 eis
3552 626 3706 682 ﬁdes.

2124 713 2251 767 Sive
2272 714 2418 767 enim
2462 712 2780 778 bellatores,
2811 714 2925 768 sive
2961 715 3230 780 imbelles,
3254 716 3593 787 impossibile
3622 729 3708 774 est

2122 805 2319 860 salvari
2352 805 2471 860 sine
2519 806 2645 860 ﬁde.
2700 807 2846 861 Inter
2872 805 3037 875 370
3074 808 3222 877 ipsos
3260 817 3442 863 tamen
3477 810 3709 865 bellato-

2126 914 2233 961 res,
2262 913 2357 952 eos
2385 899 2651 952 duntaxat
2679 898 2771 968 qui
2814 899 3049 952 militant
3093 900 3225 964 Deo,
3251 902 3538 957 considera
3571 905 3708 960 alios

2124 990 2195 1043 ita
2220 1006 2338 1044 esse
2363 999 2580 1059 paratos
2613 998 2665 1045 et
2696 989 2978 1058 expeditos
3017 999 3075 1043 ut
3111 991 3277 1045 nullis
3304 1006 3363 1047 se
3414 993 3700 1063 implicent

2122 1082 2342 1135 omnino
2371 1082 2606 1150 negotiis
2637 1082 3016 1149 saecularibus,
3049 1092 3108 1135 ut
3153 1082 3367 1153 placere
3395 1087 3706 1154 possintei,

2122 1174 2206 1229 cui
2242 1189 2300 1227 se
2330 1175 2699 1242 probaverunt
2730 1175 2798 1242 “,
2826 1176 2922 1231 sed
2958 1176 3009 1230 in
3046 1178 3163 1245 lege
3205 1177 3301 1232 Dei
3334 1180 3582 1234 meditari
3616 1184 3707 1238 die

2122 1280 2185 1319 ac
2237 1277 2419 1321 nocte.
2483 1267 2574 1322 Isti
2623 1284 2755 1337 ergo
2796 1270 2885 1337 qui
2940 1268 3250 1338 huiusmodi
3305 1282 3455 1338 sunt,
3492 1288 3703 1330 summa

2122 1360 2441 1413 bellatorum
2472 1360 2828 1430 appellantur.
2862 1362 3107 1431 Denique
3139 1378 3244 1418 non
3285 1374 3371 1418 est
3408 1366 3611 1421 dictum
3640 1369 3709 1423 de

2122 1452 2400 1505 communi
2450 1468 2684 1507 numero
2736 1453 3087 1520 bellatorum,
3142 1457 3271 1525 quia
3314 1472 3476 1512 nemo
3531 1457 3587 1513 in
3628 1460 3709 1514 eis

2122 1542 2400 1607 dissensit,
2457 1546 2552 1597 sed
2594 1546 2659 1600 de
2688 1545 2756 1599 iis
2792 1547 2996 1601 dictum
3029 1557 3133 1614 est,
3164 1549 3258 1618 qui
3290 1564 3505 1604 summa
3534 1550 3705 1605 bella-

2122 1648 2299 1693 torum
2346 1640 2609 1695 nominati
2648 1652 2793 1696 sunt.
2844 1642 2901 1697 In
2935 1644 3054 1700 istis
3090 1647 3234 1700 enim
3262 1647 3353 1717 qui
3391 1647 3528 1703 tales
3554 1658 3705 1712 sunt,

2122 1729 2266 1787 nulla
2298 1732 2589 1799 dissensro,
2622 1733 2765 1788 nulla
2800 1735 3093 1791 discordia.
3129 1738 3234 1808 Ipsi
3266 1738 3414 1793 enim
3443 1740 3703 1799 suutisti.

2119 1823 2188 1878 de
2214 1822 2409 1894 quibus
2454 1823 2663 1877 dictum
2711 1835 2795 1880 est
2826 1824 2914 1880 “:
2950 1844 2970 1877 ‹
3002 1826 3136 1882 Erat
3160 1837 3342 1882 autem
3366 1828 3705 1883 credentium

2119 1928 2215 1968 cor
2235 1925 2288 1969 et
2310 1915 2492 1970 anima
2524 1930 2651 1982 una,
2678 1931 2785 1972 nec
2826 1919 3115 1987 quisquam
3142 1934 3332 1974 eorum
3358 1920 3559 1989 aliquid
3584 1934 3711 1989 pro-

2117 2018 2293 2073 prium
2330 2003 2567 2070 dicebat,
2601 2007 2697 2061 sed
2744 2016 2905 2063 erant
2956 2008 3063 2063 illis
3107 2012 3289 2064 omnia
3322 2013 3651 2066 communia.
3683 2030 3701 2061 ι

2117 2093 2208 2147 Isti
2236 2100 2362 2145 sunt
2414 2109 2546 2164 ergo
2583 2112 2795 2152 summa
2828 2098 3180 2167 bellatorum,
3238 2104 3292 2157 in
3325 2102 3520 2172 quibus
3549 2117 3708 2157 nemo

2116 2181 2395 2239 dissensit.
2446 2185 2537 2239 Isti
2584 2197 2706 2241 sunt
2765 2189 2859 2256 qui
2901 2191 3020 2245 auri
3069 2191 3365 2260 plurimum
3420 2193 3709 2262 pugnando

2116 2288 2403 2347 ceperunt,
2434 2288 2491 2334 et
2539 2295 2702 2336 omne
2739 2298 2931 2337 aurum
2992 2296 3156 2353 atque
3189 2300 3353 2339 omne
3408 2301 3709 2340 ornamen-

2118 2378 2253 2434 tum,
2285 2370 2402 2425 sive
2434 2372 2654 2441 capitis,
2684 2373 2801 2427 sive
2829 2373 3200 2439 brachiorum,
3228 2376 3343 2429 sive
3373 2376 3537 2430 etiam
3564 2376 3703 2444 digi-

2118 2470 2318 2526 torum,
2373 2462 2424 2513 id
2482 2471 2567 2515 est
2613 2465 2883 2533 quidquid
2933 2465 2985 2519 in
3031 2466 3416 2531 intellectihus,
3447 2466 3705 2536 quidquid

2117 2549 2168 2603 in
2195 2548 2456 2619 operibus
2494 2552 2720 2619 habent,
2751 2554 2859 2607 Deo
2895 2553 3150 2607 oﬂ'erunt.
3184 2556 3375 2609 Sciunt
3417 2554 3703 2623 enimquia

2116 2655 2343 2694 munera
2400 2640 2518 2709 ejus
2546 2641 2668 2695 data
2705 2642 2820 2710 ejus
2864 2652 3014 2707 sunt,
3042 2653 3098 2697 et
3131 2644 3253 2699 ideo
3306 2660 3412 2698 non
3447 2645 3703 2699 dissentit

2117 2732 2174 2787 in
2203 2732 2283 2786 eis
2318 2745 2421 2786 nec
2466 2746 2627 2787 unus.
2662 2731 2771 2786 Nec
2800 2732 2948 2786 enim
2977 2742 3211 2802 possunt
3241 2748 3471 2786 munera
3507 2730 3704 2785 oﬁ‘erre

2118 2822 2251 2887 Deo,
2298 2822 2461 2891 positi
2507 2821 2560 2875 in
2612 2821 2972 2878 dissensione.
3029 2824 3168 2879 Istos
3196 2834 3327 2893 puto
3357 2840 3480 2879 esse
3510 2839 3701 2879 secun-

2116 2914 2242 2969 dum
2299 2914 2680 2984 Ev'angelium,
2723 2914 2816 2982 qui
2872 2925 3203 2985 praeceptum
3237 2916 3367 2971 illud
3416 2918 3705 2986 diligenter

2116 3006 2435 3071 observant,
2472 3006 2615 3074 quod
2650 3007 2877 3060 mandat
2934 3008 3200 3062 Dominus
3229 3018 3283 3062 et
3316 3008 3570 3061 Salvator
3607 3008 3654 3040 δ’
3687 3024 3702 3061 :

2041 3131 2085 3192 C
2123 3114 2143 3149 ι
2173 3096 2230 3150 Si
2263 3107 2442 3151 autem
2474 3096 2639 3152 otI‘ers
2695 3112 2891 3152 munus
2934 3108 3081 3153 tuum
3119 3102 3186 3154 ad
3213 3101 3402 3167 altare,
3442 3111 3496 3155 et
3528 3115 3703 3155 reme—

2122 3197 2372 3243 moratus
2413 3189 2587 3243 fueris
2624 3188 2751 3258 quia
2782 3189 2953 3244 frater
2995 3200 3116 3244 tuus
3149 3193 3347 3247 habeat
3371 3192 3572 3261 aliquid
3604 3192 3700 3246 ad-

2119 3294 2335 3335 versum
2375 3288 2447 3345 te,
2482 3281 2730 3351 relinque
2762 3284 2835 3338 ibi
2890 3298 3088 3337 munus
3120 3290 3266 3337 tuum
3309 3285 3376 3337 ad
3405 3285 3601 3348 altare,
3647 3294 3706 3338 et

2119 3378 2255 3429 vade
2290 3378 2440 3445 prius
2493 3377 2846 3433 reconciliari
2891 3377 3045 3432 fratri
3099 3388 3211 3441 tuo,
3243 3389 3296 3433 et
3330 3388 3456 3435 tunc
3487 3380 3706 3434 veniens

2120 3466 2320 3522 oﬂ‘eres
2376 3482 2575 3521 munus
2646 3475 2821 3535 tuum,
2884 3488 2902 3521 ι
2956 3485 3063 3539 quo
3118 3470 3327 3524 scilicet
3374 3470 3554 3525 levent
3592 3471 3705 3541 (59)

2119 3574 2311 3613 manus
2338 3574 2464 3613 suas
2510 3559 2577 3613 ad
2609 3559 2774 3613 Deum
2806 3561 2924 3615 sine
2968 3562 3046 3614 ira
3100 3569 3155 3613 et
3197 3560 3558 3618 dissensione.
3606 3562 3699 3617 Isti

2118 3661 2244 3704 sunt
2274 3666 2405 3721 ergo
2435 3652 2528 3719 qui
2564 3652 2759 3707 dicunt
2791 3651 2859 3720 ⁸⁸,
2899 3670 2917 3704 ρ
2960 3654 3297 3724 Collegimus
3329 3670 3595 3709 summam
3620 3653 3704 3707 vi-

2120 3758 2302 3796 rorum
2352 3743 2674 3798 bellatorum
2727 3754 3066 3812 nostrorum,
3094 3757 3279 3802 etnon
3334 3748 3592 3802 dissensit
3638 3762 3704 3802 ex

2118 3834 2275 3888 nobis
2321 3836 2611 3905 quisquam
2640 3874 2656 3898 ,
2694 3846 2746 3890 et
2788 3838 3086 3892 obtulimus
3135 3855 3331 3894 munus
3367 3841 3618 3895 Domino.
3677 3860 3697 3893 ι

2118 3925 2388 3980 Discenda
2436 3926 2603 3997 igitur
2647 3927 2806 3983 nobis
2852 3944 3186 4000 magnopere
3216 3943 3300 3987 est
3329 3933 3705 3987 consonantia:

2117 4019 2407 4089 disciplina
2444 4021 2559 4090 (53)
2594 4038 2607 4074 :
2642 4021 2770 4089 quia
2814 4030 3075 4091 tanquam
3112 4024 3165 4078 in
3218 4026 3465 4087 musicis,
3499 4026 3542 4079 si
3573 4027 3694 4079 har-

2116 4110 2299 4165 monia
2350 4112 2680 4165 chordarum
2733 4111 2898 4167 fuerit
2956 4126 3325 4170 consonanter
3371 4127 3577 4185 aptata,
3614 4132 3705 4171 so—

2115 4215 2242 4255 num
2275 4216 2495 4255 suavem
2527 4203 2794 4258 modulati
2820 4205 3082 4261 carminis
3122 4207 3305 4261 reddit
3332 4224 3346 4272 ;
3400 4208 3443 4261 si
3475 4223 3603 4263 vero
3633 4211 3702 4263 sit

2120 4290 2305 4360 aliqua
2356 4292 2409 4346 in
2477 4290 2677 4345 ﬁdibus
2709 4292 3072 4359 dissonantia,
3109 4294 3507 4364 ingratissimus
3535 4310 3704 4350 sonus

2115 4383 2390 4449 redditur,
2440 4394 2497 4439 et
2526 4385 2792 4440 carminis
2826 4385 3055 4441 dulcedo
3093 4387 3498 4455 corrumpitur;
3541 4388 3611 4441 ita
3648 4399 3703 4444 et

2042 4493 2088 4548 D
2119 4474 2156 4529 ii
2177 4478 2266 4547 qui
2293 4478 2403 4534 Deo
2422 4478 2678 4543 militant,
2699 4478 2744 4532 si
2769 4478 3139 4533 dissensiones
3166 4478 3533 4533 etdiscordias
3561 4480 3703 4534 inter

2110 4584 2168 4625 se
2196 4572 2454 4638 habeant,
2494 4572 2707 4642 ingrata
2746 4579 2912 4625 erunt
2952 4570 3231 4633 omnia,et
3263 4570 3395 4625 nihil
3418 4582 3699 4640 acceptum

2109 4662 2222 4717 Deo
2238 4663 2540 4729 videbitur,
2570 4662 2784 4717 etiamsi
2806 4662 2973 4718 multa
2994 4662 3134 4717 bella
3161 4664 3471 4729 conﬁciant,
3488 4665 3699 4719 etiamsi

2107 4755 2277 4824 spolia
2308 4755 2480 4809 multa
2500 4754 2771 4820 deferant,
2804 4764 2862 4810 et
2892 4756 3058 4810 multa
3078 4771 3304 4811 munera
3322 4755 3553 4812 oﬁ‘erant
3570 4759 3700 4812 Deo.

2108 4846 2332 4903 Dicetur
2359 4848 2503 4902 enim
2536 4847 2602 4902 ad
2631 4861 2765 4903 eos:
2808 4848 3029 4918 Depone
3075 4864 3270 4904 munus
3300 4860 3452 4904 tuum
3510 4852 3576 4906 ad
3616 4852 3697 4905 al-

2112 4954 2253 5006 tare,
2281 4948 2337 4995 et
2361 4940 2499 4994 vade
2526 4940 2684 5009 prius
2720 4940 3068 4996 reconciliari
3110 4940 3268 4995 fratri
3302 4952 3414 5008 tuo,
3447 4953 3504 4997 ut
3527 4942 3700 5012 possis

2111 5042 2168 5087 et
2198 5043 2250 5087 tu
2276 5033 2418 5086 inter
2447 5047 2546 5087 eos
2575 5033 2666 5101 qui
2703 5048 2915 5088 summa
2941 5045 3073 5089 sunt
3096 5035 3340 5089 virorum
3374 5035 3698 5091 bellatorum

2109 5124 2415 5189 numerari,
2449 5133 2505 5178 et
2539 5125 2745 5192 dicere,
2793 5126 2922 5196 quia
2954 5140 3062 5181 non
3116 5126 3374 5181 dissensit
3426 5143 3491 5182 ex
3547 5129 3700 5183 nobis

2108 5216 2420 5286 quisquam.
2481 5217 2594 5288 Ego
2626 5219 2792 5274 etiam
2842 5219 3077 5289 amplius
3131 5218 3337 5289 aliquid
3393 5220 3532 5279 dico.
3583 5221 3699 5276 Nisi

2112 5309 2235 5365 talis
2286 5307 2479 5378 fueris,
2504 5319 2564 5365 ut
2602 5311 2655 5365 in
2689 5311 2840 5367 nullo
2868 5311 3164 5368 dissentias
3194 5327 3224 5366 a
3254 5314 3525 5369 mandatis
3580 5315 3698 5376 Dei,

3059 5479 3107 5511 ⁸⁸
3123 5477 3283 5536 Num.
3320 5494 3469 5545 xxx-1,
3495 5478 3583 5544 49,
3606 5478 3694 5533 50.

2205 5573 2294 5640 52)
2326 5572 2455 5629 MSS.
2495 5593 2512 5626 ι
2545 5573 2747 5629 levent.
2791 5593 2811 5627 ι
2844 5574 3003 5631 Libb.
3035 5576 3187 5640 editi,
3225 5595 3243 5627 ι
3290 5575 3448 5630 levet.
3495 5594 3514 5627 ι

2205 5573 2273 5628 52
2326 5573 2455 5629 MSS.
2495 5593 2512 5626 ι
2545 5573 2747 5629 levent.
2791 5593 2811 5627 ι
2844 5574 3003 5631 Libb.
3035 5576 3187 5640 editi,
3225 5595 3243 5627 ι
3290 5575 3448 5630 levet.
3495 5594 3514 5627 ι

2178 5573 2294 5718 έόὅὲ
2323 5643 2457 5700 Mss.
2501 5661 2520 5695 ι
2553 5647 2933 5718 consonantia:
2957 5645 3267 5717 disciplina.
3307 5664 3326 5697 ι
3357 5645 3511 5702 Libb.
3539 5644 3711 5710 editi,

2109 5741 2129 5775 ε
2170 5716 2529 5777 consonantia
2560 5716 2881 5787 disciplinae.
2916 5734 2933 5767 ι
