4134 6390
377 329 486 386 ΠΤ»

1509 319 1580 373 1N
1614 316 1948 374 NUMEROS
1978 317 2264 373 HOMILIA
2298 318 2488 375 XXVI.
3536 327 3639 378 ’ἔτι

381 464 478 505 nec
507 449 560 504 in
595 445 778 517 aliquo
813 445 1095 514 discrepcs
1141 445 1212 497 ab
1271 443 1608 514 evangelicis
1640 443 1952 512 prmceplis,
1985 447 2031 504 Λ
2128 443 2184 496 5.
2253 441 2376 498 Post
2444 442 2559 497 hmc
2616 443 2860 513 sequitur
2908 445 3136 500 historia
3205 447 3273 502 de
3327 448 3643 505 haereditate

378 560 483 602 non
507 542 716 614 poteris
736 542 946 596 hostem
986 538 1204 593 vincere
1234 536 1371 610 (54),
1415 551 1523 590 non
1555 537 1764 605 poteris
1796 551 1954 606 supe-

379 651 505 690 rare
550 633 855 688 inimicum.
911 631 969 684 ln
1022 646 1087 685 eo
1131 632 1275 685 enim
1307 631 1424 699 ipso
1467 629 1579 696 jam
1611 628 1785 683 victus
1813 643 1870 682 es
1900 629 1953 681 in

377 742 490 798 quo
521 726 777 782 dissentis
813 743 827 778 :
861 735 916 779 et
965 739 1062 793 per
1110 725 1214 778 hoc
1259 724 1435 793 ipsum
1461 721 1737 792 superaris
1772 737 1801 774 a
1835 721 1954 774 dia-

377 818 522 885 bolo,
552 819 603 871 in
637 831 744 886 quo
777 815 1062 870 discordas
1090 830 1119 866 a
1153 814 1283 868 Deo.
1320 810 1378 867 Si
1409 823 1590 867 autem
1621 813 1702 866 vis
1733 813 1954 866 vincere

379 910 682 970 inimicum,
715 917 771 962 et
806 921 926 962 esse
953 920 1165 960 summa
1198 905 1543 972 bellatorum,
1569 905 1786 959 adhaere
1818 904 1950 968 Deo,

375 1011 432 1056 et
456 999 728 1055 concorda
769 1013 890 1053 cum
925 997 1064 1066 ipso,
1112 997 1255 1052 sicut
1308 996 1396 1051 ille
1441 997 1530 1065 qui
1583 996 1802 1050 dicebat
1853 994 1898 1026 ‘°
1935 1012 1949 1049 :

382 1113 401 1145 ε
441 1092 576 1160 Quis
607 1107 707 1146 nos
734 1090 1010 1162 separabit
1050 1105 1080 1144 a
1134 1091 1404 1144 charitate
1448 1089 1588 1144 Dei?
1625 1087 1951 1152 Tribulatio,

376 1200 445 1238 an
479 1183 754 1252 angustia,
809 1197 877 1236 an
932 1181 1124 1247 fames,
1154 1196 1222 1235 an
1253 1181 1490 1245 nuditas,
1520 1197 1586 1234 an
1623 1179 1950 1249 periculum,

377 1293 446 1332 an
500 1275 759 1347 gladius?
803 1294 820 1328 ι
863 1275 929 1329 Ει
967 1274 1163 1328 iterum
1188 1274 1273 1328 ‘°:‘
1309 1293 1327 1325 ι
1362 1272 1549 1343 Neque
1593 1273 1723 1337 vita,
1779 1286 1954 1342 neque

377 1383 542 1432 mors,
572 1383 751 1439 neque
799 1367 1082 1431 instantia,
1124 1382 1298 1436 neque
1319 1366 1524 1425 futura,
1550 1380 1727 1435 neque
1761 1365 1952 1419 altitu-

374 1462 464 1526 do,
489 1476 665 1531 neque
691 1458 1044 1530 profundum,
1093 1473 1267 1529 neque
1301 1468 1555 1516 creatura
1603 1458 1707 1512 alia
1753 1459 1956 1527 poterit

374 1567 475 1608 nos
517 1566 773 1621 separare
818 1566 848 1606 a
889 1551 1161 1607 charitate
1198 1550 1315 1615 Dei,
1363 1565 1484 1620 quae
1526 1561 1611 1604 est
1645 1550 1701 1604 in
1731 1548 1954 1604 Christo

371 1645 500 1700 Jesu
530 1645 763 1700 Domino
787 1654 998 1700 nostro.
1037 1663 1057 1698 ι
1090 1645 1196 1700 lsle
1231 1643 1354 1699 talis
1385 1653 1566 1714 potest
1592 1645 1813 1699 vincere
1841 1643 1957 1697 Ma-

373 1738 634 1803 dianitas,
664 1749 718 1792 et
771 1737 1084 1792 interﬁcere
1113 1752 1306 1792 omnes
1327 1747 1649 1806 peccatores
1689 1746 1872 1803 terraz,
1899 1748 1955 1794 et

373 1829 605 1899 perdere
649 1841 864 1884 omnem
914 1826 1205 1896 imaginem
1236 1841 1425 1883 eorum
1469 1829 1537 1884 de
1590 1828 1818 1883 civitate
1851 1829 1952 1882 Do-

375 1921 528 1976 mini.
568 1920 634 1974 Et
685 1933 786 1990 ego
831 1933 963 1988 ergo
1013 1918 1184 1974 debeo
1217 1920 1282 1974 de
1335 1920 1562 1990 meipso,
1593 1927 1648 1976 et
1687 1921 1754 1974 de
1803 1927 1950 1974 terra

373 2010 557 2066 carnis
595 2024 727 2064 mea:
774 2011 1002 2078 perdere
1029 2019 1373 2079 peccatores,
1407 2022 1462 2065 et
1492 2011 1806 2069 interlicere
1837 2013 1951 2070 lor-

376 2104 746 2167 nicationem,
810 2101 1236 2167 immunditiam,
1290 2103 1633 2173 passionem,
1691 2108 1953 2176 concupi-

374 2194 640 2252 scentiam
671 2192 896 2256 malam,
921 2201 979 2246 et
1014 2193 1319 2246 avaritiam.
1353 2193 1444 2248 lsti
1481 2196 1627 2249 enim
1670 2205 1798 2251 sunt
1823 2212 1953 2267 pec.

375 2292 586 2338 calores
616 2293 776 2338 terrae
809 2297 964 2350 meae,
1011 2298 1148 2352 quos
1175 2291 1303 2338 tunc
1343 2283 1559 2338 demum
1582 2287 1952 2343 exterminare

375 2383 566 2442 potero
619 2385 676 2429 et
718 2374 1049 2440 interficere,
1093 2375 1138 2430 si
1172 2389 1281 2430 non
1314 2375 1632 2432 dissentiam
1665 2393 1694 2432 a
1727 2380 1952 2433 manda-

377 2468 444 2522 tis
469 2467 687 2524 Domini
721 2486 736 2523 :
769 2477 826 2523 et
879 2478 1005 2523 tunc
1035 2484 1165 2522 vere
1216 2468 1408 2538 dignus
1450 2483 1566 2536 ero,
1603 2471 1696 2539 qui
1724 2471 1949 2529 oli‘eram

376 2560 484 2614 Deo
517 2572 762 2615 munera.
803 2579 823 2612 ι
868 2559 1042 2615 Omne
1063 2574 1158 2614 vas
1185 2573 1434 2624 aureum,
1470 2560 1741 2630 torquem,
1797 2581 1816 2616 ι
1869 2564 1952 2617 in—

369 2656 492 2727 quit
521 2655 593 2721 “,
619 2672 638 2706 ι
673 2664 768 2709 aut
803 2654 1050 2709 viriolam
1079 2653 1214 2725 (55),
1240 2661 1335 2707 aut
1373 2653 1655 2721 annulum,
1688 2666 1783 2710 aut
1821 2657 1953 2710 dex-

375 2748 532 2812 trale,
562 2748 1007 2803 autcatenulam.
1068 2765 1088 2800 ι
1139 2747 1380 2815 Torquis
1426 2757 1810 2802 ornamentum
1865 2763 1954 2803 sa-

379 2840 596 2909 pientiae
639 2850 741 2894 est.
777 2838 837 2893 ln
887 2837 1202 2894 Proverbiis
1231 2841 1375 2894 enim
1421 2839 1490 2894 de
1515 2839 1784 2908 sapientia
1817 2839 1954 2893 diei-

373 2943 463 2988 tur
487 2934 558 2997 ",
595 2934 738 3002 quod
788 2932 879 3001 qui
909 2931 1228 3000 acquisierit
1269 2947 1414 2999 eam,
1456 2941 1702 3002 torquem
1729 2945 1950 2985 auream

371 3036 535 3097 ponat
563 3028 708 3082 circa
732 3026 928 3080 collum
956 3040 1133 3078 suum.
1173 3023 1372 3079 Viriola
1396 3033 1452 3079 et
1485 3025 1742 3091 annulus,
1784 3039 1952 3079 orna-

2063 536 2292 600 lluben,
2347 545 2403 589 et
2450 534 2610 600 Gad,
2682 546 2739 590 et
2795 538 3032 594 dimidiae
3087 539 3261 596 tribus
3319 542 3569 599 Manasse
3615 560 3627 595 :

2058 629 2124 681 de
2179 642 2285 696 qua
2353 636 2718 697 proponentes
2776 629 2954 697 aliqua
3026 632 3335 701 disserere,
3392 635 3643 690 volumus

2057 719 2213 789 371
2265 719 2412 788 prius
2457 720 2763 775 auditorum
2807 721 3139 791 diligentiam
3173 741 3536 790 commonere,
3585 737 3643 781 et

2058 815 2269 867 animos
2297 827 2485 867 eorum
2527 814 2594 866 ad
2628 814 3141 882 contemplationem
3176 819 3438 887 spiritalis
3480 818 3640 873 intel.

2061 905 2301 975 ligentiac
2331 905 2618 959 suscitare.
2651 903 2842 960 Omnia
2876 922 2998 976 qua:
3030 909 3286 962 dicuntur
3318 927 3420 965 non
3461 913 3636 966 solum

2056 1010 2124 1050 ex
2158 999 2278 1066 ipso
2316 997 2406 1064 qui
2436 997 2637 1050 dicitur
2665 1013 2918 1052 sermone
2943 1002 3215 1068 pensanda
3262 1012 3405 1068 sunt,
3438 1005 3531 1058 sed
3583 1017 3641 1059 et

2057 1103 2284 1157 persona
2308 1088 2538 1144 dicentis
2569 1105 2899 1160 magnopere
2923 1093 3315 1148 consideranda
3341 1106 3445 1148 est.
3474 1093 3637 1150 Verbi

2055 1180 2229 1249 gratia
2259 1198 2274 1234 :
2318 1180 2363 1234 si
2407 1196 2540 1249 puer
2563 1189 2645 1237 est
2667 1182 2756 1250 qui
2788 1183 3046 1251 loquitur,
3081 1186 3292 1240 animos
3327 1195 3542 1242 nostros
3573 1191 3639 1241 ad

2053 1275 2295 1329 auditum
2337 1275 2537 1344 eloquii
2570 1276 2795 1345 puerilis
2837 1285 3105 1344 aptamus,
3142 1294 3240 1332 nec
3287 1278 3407 1348 plus
3437 1280 3639 1350 aliquid

2056 1365 2108 1421 in
2137 1366 2202 1420 iis
2233 1381 2352 1436 quae
2398 1369 2678 1432 dicuntur,
2727 1369 2829 1423 nisi
2877 1372 3193 1438 iuquantum
3252 1373 3456 1428 sentire
3508 1389 3642 1442 puer

2053 1460 2250 1529 potuit,
2285 1470 2687 1531 exspectamus.
2722 1463 2779 1516 Si
2825 1477 2955 1519 vero
2995 1466 3088 1534 qui
3119 1464 3357 1534 loquitur
3406 1468 3486 1520 vir
3535 1479 3642 1532 est,

2055 1552 2313 1607 continuo
2366 1553 2825 1622 contemplamur,
2871 1555 2918 1610 si
2971 1558 3091 1612 viro
3136 1558 3294 1626 digna
3343 1569 3463 1612 sunt
3521 1575 3642 1626 qua:

2056 1647 2330 1702 dicuntur.
2359 1644 2422 1697 Et
2456 1661 2644 1699 rursus
2670 1645 2714 1700 si
2745 1645 2826 1698 vir
2856 1646 2948 1701 ille.
2976 1648 3226 1703 eruditus
3253 1649 3324 1701 sit
3356 1649 3448 1718 qui
3485 1649 3638 1717 dicit,

2057 1753 2156 1809 pro
2178 1739 2499 1792 eruditionis
2537 1737 2654 1805 ejus
2696 1737 2894 1792 intuitu
2928 1742 3089 1793 etiam
3132 1741 3272 1794 dicta
3325 1755 3638 1810 pensamus.

1987 1801 2027 1855 Β
2058 1832 2112 1886 Si
2148 1847 2274 1886 vero
2293 1831 2377 1885 vir
2405 1831 2625 1900 quidem
2654 1830 2744 1884 ille
2766 1835 2868 1894 est,
2889 1833 3172 1902 imperitus
3202 1841 3379 1885 tamen
3413 1842 3466 1886 et
3502 1833 3641 1887 idio-

2055 1932 2160 1984 tcs,
2201 1923 2361 1976 aliter
2404 1936 2523 1988 qum
2568 1921 2824 1975 dicuntur
2857 1929 3176 1986 acclplmns.
3204 1919 3298 1976 Sic
3323 1922 3448 1976 item
3487 1922 3530 1975 si
3570 1923 3642 1976 sit

2054 2017 2238 2071 senior
2268 2015 2359 2085 qui
2407 2014 2670 2083 loquitur,
2721 2023 2774 2068 et
2818 2014 2999 2067 multze
3040 2029 3102 2067 ac
3135 2015 3372 2082 probata:
3412 2015 3640 2084 peritiae,

2054 2119 2241 2179 utpote
2263 2109 2354 2178 qui
2384 2107 2438 2160 in
2470 2104 2870 2160 eruditionibus
2906 2105 3275 2170 consenuerit,
3318 2106 3478 2175 longe
3523 2121 3639 2160 ma-

2048 2200 2135 2270 jor
2160 2199 2215 2253 in
2248 2213 2313 2252 eo
2353 2197 2626 2252 dictorum
2669 2195 2969 2250 habebitur
3007 2199 3362 2266 exspectatio.
3405 2197 3515 2252 Cur
3549 2213 3642 2252 au-

2056 2303 2162 2348 tem
2181 2293 2287 2348 ista
2311 2291 2758 2361 praemiserimus,
2786 2290 3068 2345 historiam
3090 2291 3424 2345 hmreditatis
3448 2291 3639 2346 Ruben

2053 2393 2104 2438 et
2134 2383 2248 2438 Gad
2279 2391 2335 2436 et
2358 2382 2597 2436 dimidiae
2633 2381 2808 2436 tribus
2855 2383 3107 2437 Manasse
3147 2399 3422 2451 exponere
3457 2383 3641 2437 volen-

2055 2482 2157 2542 tes,
2210 2473 2474 2528 ausculta.
2512 2472 2614 2539 Qui
2661 2473 2777 2532 hmo
2810 2487 2960 2542 gesta
2994 2484 3181 2527 narrat
3214 2490 3334 2544 quae
3386 2474 3640 2546 legimus,

2056 2582 2229 2637 neque
2256 2581 2389 2635 puer
2413 2574 2517 2630 est,
2545 2566 2760 2635 qualem
2799 2582 2956 2635 supra
3001 2567 3419 2636 descripsimus,
3461 2582 3640 2636 neque

2057 2659 2140 2711 vir
2170 2659 2294 2712 talis
2324 2655 2542 2727 aliquis,
2577 2673 2752 2727 neque
2785 2658 2990 2722 senior,
3031 2673 3130 2713 nec
3171 2659 3398 2713 omnino
3441 2658 3642 2729 aliquis

2053 2749 2214 2804 homo
2241 2758 2321 2804 est
2349 2764 2363 2800 :
2400 2758 2456 2804 et
2486 2759 2546 2802 ut
2583 2749 2815 2818 amplius
2843 2748 3050 2817 aliquid
3091 2749 3292 2816 dicam,
3324 2765 3425 2804 nec
3469 2765 3638 2820 auge—

2052 2840 2228 2896 lorum
2267 2839 2485 2909 aliquis,
2509 2849 2603 2894 aut
2626 2842 2889 2895 virtutum
2917 2843 3219 2897 caelestium
3244 2850 3348 2905 est,
3378 2841 3471 2895 sed
3494 2842 3642 2895 sicut

2057 2933 2282 2988 traditio
2316 2932 2586 3002 majorum
2633 2940 2800 2998 tenet,
2826 2934 3077 3003 Spiritus
3108 2943 3330 2988 sanctus
3362 2935 3476 2987 hare
3510 2947 3640 2986 uar—

2055 3033 2160 3079 rat.
2192 3024 2343 3079 Unde
2369 3025 2514 3079 enim
2545 3034 2762 3094 poterat
2789 3024 3022 3095 Moyses,
3062 3025 3145 3079 vel
3182 3040 3302 3095 quae
3329 3026 3397 3077 ab
3431 3025 3642 3092 origine

373 3129 556 3174 menta
590 3127 717 3174 sunt
761 3131 1044 3181 manuum,
1078 3115 1130 3170 in
1165 3116 1362 3186 quibus
1390 3130 1614 3185 operum
1661 3116 1950 3185 signantur
1977 3137 2018 3194 ρ
2054 3117 2239 3172 mundi
2273 3127 2422 3187 gesta
2449 3127 2597 3184 sunt,
2634 3117 2718 3172 vel
2753 3132 2874 3188 quae
2899 3118 2950 3171 in
2981 3120 3085 3171 line
3105 3116 3224 3186 ejus
3260 3127 3417 3169 erant
3450 3132 3644 3186 geren-

373 3211 598 3268 indicia.
631 3209 894 3265 Similiter
941 3218 996 3264 et
1041 3207 1309 3265 dextrale.
1343 3207 1619 3262 Catenula:
1643 3223 1774 3261 vero
1797 3206 1946 3262 verbi

372 3313 428 3358 et
455 3302 716 3358 doctrinae
739 3301 1106 3357 connexiones
1137 3299 1445 3356 declarant.
1479 3317 1497 3350 ι
1529 3299 1610 3354 Ad
1647 3299 1948 3368 propitian-

370 3399 523 3458 dum,
554 3413 574 3447 ι
612 3394 791 3464 inquit
810 3394 879 3459 ⁵³,
918 3412 937 3445 ι
980 3393 1150 3447 Deum
1195 3406 1296 3460 pro
1324 3391 1503 3447 nobis.
1549 3410 1567 3443 ι
1602 3391 1659 3446 Si
1703 3391 1950 3446 dicamus

369 3493 591 3556 propter
641 3499 836 3538 aurum
891 3483 1062 3539 Deum
1100 3482 1396 3553 pr0pitium
1442 3482 1560 3536 ﬁeri
1609 3482 1946 3547 hominibus,

370 3577 492 3631 vide
530 3591 691 3645 quam
725 3574 1176 3644 absurdum,imo
1206 3589 1369 3645 quam
1404 3574 1624 3644 impium
1650 3573 1946 3642 judicetur.

370 3667 484 3722 lloc
523 3667 669 3721 enim
715 3667 880 3720 etiam
921 3665 977 3720 in
1006 3666 1127 3722 viro
1155 3666 1299 3721 bono
1337 3663 1577 3720 notabile
1605 3664 1841 3730 ducitur,
1899 3664 1948 3718 si

370 3772 594 3830 accepto
616 3775 751 3814 auro
784 3759 854 3814 ab
881 3758 1234 3814 inferioribus
1267 3758 1530 3827 placetur.
1574 3756 1788 3825 Quanto
1817 3771 1948 3827 ergo

373 3855 546 3925 magis
599 3854 718 3908 haec
767 3852 835 3908 de
869 3851 980 3906 Deo
1031 3851 1237 3906 sentire
1281 3867 1386 3905 non
1437 3850 1737 3906 convenit?
1795 3849 1948 3906 Unde

369 3957 498 4014 puto
543 3943 902 4014 expositionis
947 3942 1107 4011 hujus
1160 3941 1555 3997 ecclesiasticae
1607 3940 1725 4013 (56)
1775 3941 1950 4011 magis

369 4045 621 4092 constare
673 4035 963 4098 rationem,
1009 4047 1132 4103 quae
1172 4047 1271 4102 per
1299 4033 1419 4088 auri
1459 4034 1670 4103 species
1717 4033 1946 4088 indicari

370 4127 531 4181 docet
561 4125 729 4179 animi
771 4124 1045 4188 virtutesr
1086 4132 1142 4178 et
1196 4124 1464 4179 bonorum
1516 4137 1742 4192 operum
1771 4131 1946 4192 gesta,

369 4233 491 4289 quae
525 4220 637 4271 sola
669 4214 855 4271 olIerri
906 4214 1018 4270 Deo
1045 4216 1114 4269 ab
1149 4214 1459 4270 hominibus
1486 4215 1708 4283 dignum
1741 4224 1847 4280 est,
1893 4222 1952 4269 et

370 4325 470 4380 pro
498 4309 697 4380 quibus
742 4307 875 4363 solis
912 4307 1207 4378 propitium
1239 4307 1356 4361 lieri
1410 4306 1580 4361 Deum
1631 4306 1948 4363 hominibus

369 4404 548 4456 decet.
588 4419 608 4452 ι
662 4401 730 4456 Et
776 4402 1024 4474 accepit,
1071 4397 1250 4468 inquit
1278 4397 1348 4466 ⁸⁸,
1380 4398 1594 4470 Moyses
1642 4409 1696 4454 et
1725 4399 1950 4455 Eleazar

2057 3209 2124 3264 da
2188 3223 2437 3273 narrare,
2487 3209 2589 3264 nisi
2635 3223 2732 3277 per
2783 3209 3193 3275 iuspirationem
3232 3208 3470 3276 Spiritus
3513 3208 3644 3261 Dei?

2057 3302 2212 3360 Unde
2238 3305 2507 3374 potuisset
2535 3307 2866 3375 prophetare
2884 3305 2949 3359 de
2979 3303 3221 3370 Christo,
3248 3306 3350 3360 nisi
3379 3304 3641 3376 loquente

2057 3395 2260 3468 Spiritu
2283 3399 2503 3454 sancto?
2529 3399 2620 3453 Sic
2643 3399 2786 3453 enim
2812 3409 2866 3453 et
2899 3400 3012 3468 ipse
3029 3398 3277 3454 Christus
3305 3399 3352 3452 ei
3391 3400 3642 3454 testimo-

2056 3491 2206 3544 nium
2256 3490 2451 3558 reddit,
2497 3501 2550 3545 el
2594 3492 2725 3546 dicit
2763 3492 2809 3524 ⁸³
2868 3511 2881 3548 :
2929 3512 2947 3542 ι
2993 3491 3053 3546 Si
3096 3491 3399 3546 crederetis
3442 3490 3637 3562 Moysi,

2057 3582 2358 3636 crederetis
2403 3583 2590 3652 utique
2637 3593 2692 3638 et
2742 3585 2899 3640 mihi.
2935 3585 3011 3640 De
3057 3599 3143 3638 me
3183 3585 3327 3639 enim
3369 3584 3457 3638 ille
3503 3585 3642 3639 seri.

2053 3671 2182 3741 psit.
2221 3672 2281 3730 Si
2336 3685 2518 3730 autem
2564 3675 2708 3731 illius
2733 3677 3054 3732 litterisuou
3083 3675 3332 3741 creditis,
3364 3679 3640 3746 quomodo

2053 3763 2190 3818 meis
2219 3765 2399 3819 verbis
2425 3766 2664 3821 credetis
2688 3767 2979 3826 ?iConstat
2999 3783 3128 3839 ergo
3156 3785 3216 3823 ea
3251 3786 3348 3838 per
3371 3769 3638 3839 Spiritum

2053 3865 2299 3913 sanctum
2341 3858 2508 3924 dicta,
2548 3871 2601 3914 et
2627 3861 2749 3915 ideo
2783 3863 3117 3916 conveniens
3167 3863 3382 3917 videtur
3412 3865 3524 3917 haec
3548 3877 3641 3917 se-

2051 3950 2289 4006 cundum
2323 3951 2664 4022 dignitatem,
2707 3953 2816 4006 imo
2839 3953 3018 4023 potius
3051 3957 3346 4008 secundum
3375 3954 3639 4022 majesta-

2054 4051 2162 4097 tem
2195 4044 2468 4114 loquentis
2502 4044 2755 4114 intelligi.
2789 4045 2894 4099 Sed
2921 4055 2975 4098 et
3008 4045 3138 4099 illud
3171 4048 3276 4100 hoc
3304 4046 3355 4100 in
3385 4047 3506 4101 loco
3531 4063 3646 4101 me-

2053 4151 2273 4191 morare
2302 4137 2643 4206 aptissimum
2681 4137 2840 4204 duco,
2873 4139 3016 4206 quod
3041 4139 3316 4193 Abraham
3345 4155 3464 4193 cum
3489 4141 3644 4194 audi-

2052 4237 2138 4282 ret
2174 4227 2324 4282 illum
2373 4218 2597 4283 divitem
2639 4229 2878 4299 positum
2918 4231 2971 4284 in
3029 4232 3311 4286 tormentis
3342 4247 3535 4302 rogare
3581 4248 3643 4287 se

2051 4328 2113 4375 ut
2135 4320 2523 4383 dimitteretur,
2567 4328 2620 4375 et
2652 4321 2874 4377 veniens
2899 4333 3144 4378 moneret
3171 4323 3369 4379 fratres
3394 4339 3522 4378 suos
3551 4325 3644 4392 pie

2051 4412 2256 4480 vivere,
2286 4427 2354 4469 ne
2406 4424 2460 4467 et
2491 4413 2593 4482 ipsi
2625 4413 2677 4468 in
2707 4413 2885 4469 locum
2913 4415 3063 4469 illum
3094 4415 3495 4470 descenderent
3530 4425 3644 4470 tor-

368 4501 626 4549 sacerdos
654 4507 847 4548 aurum
883 4494 953 4549 ab
987 4493 1238 4548 omnibus
1296 4493 1533 4548 tribunis
1570 4503 1625 4548 et
1662 4493 1945 4549 centurio-
1979 4517 2025 4572 ι)
2056 4514 2384 4572 memorum,
2409 4506 2686 4575 respondit
2716 4507 2764 4559 ci
2787 4506 2856 4572 '3’
2883 4507 3008 4576 quia
3044 4525 3064 4558 ι
3097 4507 3298 4562 habent
3327 4505 3562 4578 Moysen}
3588 4519 3643 4562 ει

371 4587 552 4655 nibus,
587 4595 644 4641 et
683 4584 869 4640 intulit
911 4583 1042 4640 illud
1073 4586 1128 4639 in
1173 4585 1582 4660 tabernaculum
1625 4588 1946 4653 testimonii,

372 4679 692 4736 memoriale
723 4679 849 4734 llliis
878 4675 1046 4733 Israel
1081 4694 1266 4735 coram
1303 4677 1558 4734 Domino.
1586 4698 1605 4732 ι
1632 4679 1796 4736 Vides
1820 4682 1948 4745 quia

369 4789 490 4846 quae
542 4774 817 4838 dicuntur,
857 4787 966 4828 non
997 4771 1063 4826 ad
1105 4781 1459 4841 conspectum
1502 4772 1799 4838 visibilem,
1851 4773 1948 4829 sed

370 4867 438 4922 ad
506 4864 706 4921 mentis
773 4863 1094 4919 memoriam
1154 4862 1488 4918 referuntur.
1543 4863 1743 4919 Beatus
1807 4864 1954 4918 enim

371 4969 458 5014 est
523 4957 619 5014 ille
677 4957 770 5026 qui
827 4955 1152 5010 recordatur
1201 4969 1262 5009 se
1313 4954 1438 5010 boui
1504 4955 1708 5025 aliquid
1769 4955 1953 5026 operis

372 5051 551 5121 egisse
579 5064 766 5106 coram
820 5047 1071 5115 Domino,
1125 5055 1181 5103 et
1215 5047 1478 5102 obtulisse
1505 5063 1729 5102 munera
1784 5049 1950 5104 bene-

371 5144 571 5214 placita
632 5144 780 5209 Deo,
828 5141 996 5197 animi
1051 5141 1282 5196 virtutes
1336 5149 1392 5195 et
1455 5149 1776 5196 ornamenta
1831 5141 1950 5211 pie-

373 5235 524 5290 tatis.

440 5400 486 5434 ‘°
518 5401 678 5456 Rom.
709 5417 829 5466 Vlll,
854 5400 946 5453 35.
1024 5400 1247 5462 '°ihid.,
1276 5400 1368 5466 58,
1399 5399 1488 5454 59.

367 5473 414 5504 ⁸⁸
438 5470 668 5537 Joau.v,
695 5472 784 5526 45.
861 5470 909 5502 ⁸⁸
937 5469 1070 5525 Luc.
1108 5486 1218 5532 xvt,
1247 5469 1339 5525 29.
1415 5472 1457 5503 "
1502 5469 1662 5528 Num.
1699 5486 1873 5525 xxxn.

442 5563 715 5636 (διλΝοη
747 5563 940 5636 poteris
965 5563 1166 5636 hostem
1190 5562 1414 5617 vincere.
1441 5563 1564 5618 llaec
1589 5564 1640 5618 in
1669 5563 1825 5618 libris
1851 5578 1948 5618 an-

371 5634 460 5689 tea
495 5635 656 5689 editis
690 5635 913 5696 omissa,
939 5634 1260 5700 supplentur
1283 5648 1314 5686 e
1347 5649 1477 5687 mss.

440 5703 556 5776 (55)
580 5703 766 5776 Codex
797 5703 982 5776 Sancti
1027 5701 1369 5776 Theoderici.
1408 5723 1424 5752 ι
1471 5704 1742 5758 armillam
1787 5723 1804 5755 ι
1843 5721 1942 5775 pro

374 5794 394 5824 ι
437 5774 704 5830 νίτῖοιωη.
749 5793 770 5827 ι
810 5775 978 5828 Paulo
1024 5784 1141 5846 post
1179 5774 1343 5828 etiam
1379 5775 1561 5840 habet,
1593 5793 1610 5825 ε
1653 5774 1863 5829 armilla
1892 5787 1943 5829 ct

1567 5401 1611 5432 ⁸¹
1646 5399 1809 5457 Num.
1846 5415 2002 5470 xxxx,
2036 5403 2126 5459 50.
2203 5405 2249 5436 "
2280 5403 2441 5459 Prov.
2471 5405 2580 5471 1,9.

2058 4597 2377 4668 prophetas,
2418 4597 2644 4652 audiant
2678 4599 2819 4654 illos.
2855 4619 2876 4652 ›
2909 4599 3024 4655 Non
3053 4601 3238 4668 utique
3268 4599 3516 4654 homines
3543 4599 3644 4652 ali-

2056 4705 2196 4760 quos
2230 4691 2447 4747 dicebat
2480 4694 2533 4746 in
2558 4707 2788 4762 corpore
2812 4695 3019 4763 positos
3047 4693 3287 4764 Moysem
3325 4703 3379 4746 et
3411 4693 3645 4763 prophe-

2054 4790 2176 4836 tas:
2215 4784 2309 4839 sed
2342 4784 2455 4840 haec
2485 4799 2606 4854 qua
2645 4800 2744 4854 per
2769 4784 3008 4856 Moysem
3049 4786 3252 4856 Spiritu
3280 4786 3372 4840 Dei
3409 4787 3646 4839 dictante

2050 4875 2254 4944 scripta
2287 4886 2436 4942 sunt,
2470 4865 2708 4948 Moysem
2745 4894 2807 4933 ea
2838 4879 3158 4933 nominavit.
3191 4879 3344 4933 Dicat
3375 4892 3507 4948 ergo
3539 4879 3645 4932 ali-

2050 4968 2174 5034 quis
2197 4967 2364 5023 :Cum
2407 4970 2524 5024 haec
2551 4972 2624 5024 ita
2659 4971 2861 5039 scripta
2893 4972 3023 5036 sint,
3055 4971 3100 5025 si
3140 4971 3419 5026 Abraham
3451 4987 3536 5024 me
3575 4972 3644 5026 ad

2051 5053 2250 5128 Moysis
2278 5059 2418 5114 dicta
2445 5063 2803 5130 transmittat,
2839 5074 2894 5121 ut
2935 5063 3120 5133 legens
3147 5079 3209 5118 ea
3241 5063 3445 5134 possim
3491 5062 3642 5118 illum

2049 5147 2228 5202 locum
2279 5152 2514 5208 evadere
2566 5163 2984 5219 tormentorum,
3030 5155 3159 5226 quid
3199 5170 3284 5209 me
3308 5155 3520 5224 juvabit
3575 5155 3644 5206 ad

2054 5239 2416 5312 eﬂugiendam
2470 5246 2798 5315 gehennam,
2855 5247 2901 5303 si
2939 5247 3111 5318 legam
3161 5247 3206 5278 ⁸⁷
3245 5247 3516 5316 quomodo
3549 5243 3640 5297 lilii

2658 5405 2707 5446 ⁸³
2743 5404 2904 5461 Nunt.
2933 5423 3088 5474 χχχι,
3118 5406 3210 5460 '50.
3285 5403 3512 5468 l“ibid.,
3545 5400 3635 5456 51.

2060 5565 2297 5619 annulus
2319 5573 2640 5619 ornamenta
2659 5574 2785 5618 sunt
2817 5579 3097 5618 manuum.
3135 5580 3154 5611 ι

2127 5636 2241 5705 (‘06)
2290 5633 2655 5705 Expositionis
2685 5636 2846 5705 hujus
2884 5633 3273 5689 ecclesiastica‘.
3317 5628 3630 5705 Expositio-

2058 5701 2180 5759 nem
2218 5699 2651 5776 ecclesiasticam
2678 5699 2932 5776 appellat,
2961 5705 3240 5774 mysticam
3262 5710 3319 5756 et
3346 5699 3623 5766 moralem,

2051 5791 2104 5830 et
2141 5776 2367 5842 opponit
2389 5774 2650 5830 Judaicae.
