4134 6396
482 318 587 372 775
1928 306 2250 365 ORIGBNIS
3636 322 3741 377 776

482 432 693 497 Ruben,
723 440 777 485 et
806 431 900 485 ﬁlii
930 429 1069 495 Gad,
1103 436 1156 483 et
1183 425 1409 482 dimidia
1448 425 1620 481 tribus
1652 424 1919 490 Manasse,
1949 426 2058 479 hae-
2087 432 2134 489 Α
2164 424 2408 479 revelare
2433 425 2719 494 dignetur:
2752 438 2877 483 sunt
2902 429 3046 485 enim
3068 429 3121 485 in
3151 428 3239 485 hls
3259 429 3742 500 repromissionum

486 524 767 578 reditalem
814 523 1031 591 capiunt
1075 537 1104 574 a
1153 520 1335 590 Moyse
1379 528 1531 573 trans
1581 516 1899 585 Iordanem,
1936 520 2062 587 quia
2166 518 2448 588 mysteria,
2507 535 2627 588 qua:
2676 524 2982 590 repromisit
3032 525 3381 595 diligentibus
3438 538 3497 579 se
3539 541 3554 577 :
3600 542 3619 575 ι
3674 524 3747 583 Ut

481 626 640 669 erant
669 613 773 665 illis
808 629 999 681 pecora
1049 612 1218 666 multa
1265 626 1376 680 prae
1422 610 1637 665 ueteris
1676 611 1949 673 tribubus,
2010 620 2067 666 et

482 709 609 774 quia
653 705 787 759 dicit
833 706 900 758 ad
932 720 1028 758 eos
1064 704 1313 774 Moyses:
1369 701 1556 756 Videte
1608 717 1675 756 ne
1723 701 2063 758 exacerbetis

484 799 672 857 Deum,
702 797 917 851 sicutet
950 796 1024 850 illi
1052 797 1240 848 decem
1287 794 1377 863 qui
1424 794 1576 848 missi
1611 803 1880 848 suntcum
1932 793 2061 848 Iesu

481 902 534 945 et
560 890 725 945 Caleb
768 888 1055 959 explorare
1101 896 1324 948 terram,
1358 894 1413 938 et
1447 885 1723 950 dicebant,
1752 885 1877 953 quia
1920 895 2058 939 terra

481 981 603 1035 talis
658 988 709 1034 et
733 979 854 1035 talis
877 989 982 1041 est,
1015 988 1069 1030 et
1102 992 1206 1030 non
1246 989 1536 1044 possumus
1572 989 1689 1028 eam
1726 990 1941 1044 capere.
1995 974 2060 1027 Et

480 1072 605 1140 quia
639 1071 705 1123 ad
730 1071 844 1123 haec
878 1068 1270 1137 responderunt
1296 1065 1394 1119 ﬁlii
1418 1063 1633 1129 Ruben,
1657 1073 1709 1117 et
1737 1065 1917 1118 caeteri
1940 1080 2059 1117 cum

482 1162 644 1231 ipsis:
684 1163 758 1217 Da
802 1161 957 1214 nobis
992 1168 1190 1212 terram
1226 1158 1387 1222 hanc,
1420 1165 1475 1209 et
1519 1155 1892 1210 ltmredilatem
1922 1154 2058 1224 cjns,

480 1262 535 1307 et
571 1268 677 1308 non
722 1267 1027 1321 qumremus
1065 1250 1176 1319 jam
1214 1248 1356 1303 intra
1402 1247 1693 1303 Iordanem
1728 1247 2064 1301 hrcreditatis

482 1358 683 1400 terram
715 1360 839 1399 cum
881 1343 1139 1397 fratribus
1172 1342 1412 1396 nostris:
1443 1341 1534 1394 sed
1570 1340 1659 1394 hic
1694 1339 2060 1407 relinquemus

475 1434 716 1502 iumenta
760 1444 969 1499 nostra,
1018 1443 1073 1489 et
1121 1434 1369 1487 sarcinas
1421 1441 1656 1493 nostras,
1707 1442 1765 1485 et
1808 1432 2060 1484 mulieres

484 1540 720 1591 nostras,
754 1536 806 1582 et
836 1526 1073 1579 infantes
1102 1533 1338 1591 nostros,
1367 1525 1467 1576 viri
1498 1533 1679 1577 autem
1708 1523 1879 1577 nostri
1907 1522 2060 1577 ibunt

485 1620 687 1688 pariter
723 1629 774 1673 et
820 1620 1127 1672 transibunt
1161 1616 1474 1671 Iordanem.
1520 1617 1585 1670 Et
1624 1617 1750 1684 quia
1797 1625 1914 1685 post
1946 1616 2059 1669 haec

483 1711 688 1781 Moyses
714 1709 1059 1764 commendat
1082 1724 1176 1763 eos
1205 1706 1331 1761 Iesu
1367 1707 1475 1763 ﬁlio
1508 1707 1677 1769 Nave,
1712 1716 1765 1761 et
1800 1706 2057 1760 Eleazaro

2163 611 2399 663 sciamus
2426 618 2479 663 et
2507 626 2628 675 nos,
2657 626 2776 680 quae
2804 627 2834 666 a
2887 613 2998 667 Deo
3027 617 3223 671 donata
3267 622 3395 669 sunt
3424 615 3581 670 nobis
3606 614 3674 668 ⁶¹.
3716 635 3736 669 ι

2166 701 2270 755 Sed
2301 711 2354 756 et
2384 702 2687 771 vosjuvate
2719 720 2819 759 nos
2846 706 2899 758 in
2932 707 3093 776 372
3124 707 3486 773 orationibus,
3532 716 3588 761 et
3619 707 3743 762 dili-

2163 804 2352 863 genter
2388 796 2672 860 intendite,
2722 812 2828 850 non
2879 808 2986 852 tam
3026 799 3180 853 nobis
3209 800 3535 864 dicentibus,
3576 816 3741 870 quam

2165 887 2392 942 Domino
2423 888 2746 945 illuminanti
2774 906 2892 955 eos,
2927 905 3063 960 quos
3106 890 3498 947 illuminatione
3531 907 3628 946 sua
3660 893 3743 947 di-

2162 994 2298 1049 gnos
2326 981 2613 1037 invenerit.
2633 982 2873 1049 Quorum
2890 982 3352 1051 contemplatione
3380 983 3545 1037 etiam
3579 983 3743 1040 nobis

2162 1070 2294 1123 dare
2319 1070 2570 1138 dignetur
2603 1072 2828 1126 verbum
2856 1071 2909 1125 in
2949 1072 3357 1138 adapertionem
3394 1069 3507 1123 oris
3541 1069 3737 1124 nostri.

2163 1161 2267 1217 Sed
2325 1179 2423 1233 age
2451 1165 2560 1231 jam
2611 1164 2655 1219 si
2714 1166 2876 1219 corda
2926 1164 3182 1219 erexistis
3230 1162 3298 1215 ad
3345 1160 3655 1228 Dominum,
3683 1170 3740 1217 et

2164 1257 2313 1310 verbi
2366 1255 2481 1323 ejus
2520 1258 2691 1312 sancti
2751 1257 3172 1311 illustrationem
3233 1254 3491 1325 petiistis,
3515 1259 3581 1307 ad
3614 1268 3741 1324 per-

2161 1350 2512 1404 scrutandum
2564 1365 2783 1404 sensum
2822 1364 3011 1404 eorum
3067 1362 3187 1418 quae
3242 1348 3495 1402 videntur
3548 1346 3738 1411 latere,

2160 1443 2462 1497 veniamus.

2227 1532 2283 1585 4.
2305 1531 2549 1586 Exeundi
2584 1531 2652 1587 de
2674 1531 2908 1602 Egypto
2939 1531 3165 1601 ﬁguram
3194 1529 3405 1584 duobus
3444 1528 3617 1582 modis
3643 1541 3736 1582 ac-

2159 1624 2290 1692 cipi,
2319 1640 2349 1678 a
2372 1624 2642 1693 prioribus
2667 1625 2868 1679 nosu-is
2905 1632 2960 1677 et
2989 1639 3019 1676 a
3048 1623 3204 1677 nobis
3231 1637 3373 1691 saepe
3392 1620 3503 1689 jam
3531 1621 3738 1673 dictum

2160 1725 2261 1770 est.
2288 1715 2419 1768 Nam
2448 1725 2503 1770 et
2529 1730 2650 1769 cum
2682 1716 2803 1783 quis
2830 1716 2896 1768 de
2933 1729 3183 1768 errorum
3211 1711 3448 1767 tenebris
3476 1710 3542 1763 ad
3579 1710 3735 1779 agni-

481 1780 749 1854 sacerdoti
790 1800 900 1853 ﬁlio
944 1800 1148 1861 Aaron,
1187 1799 1287 1851 sub
1325 1812 1389 1852 ea
1428 1807 1603 1851 tamen
1634 1798 1964 1862 conditione,
2002 1807 2058 1850 ut

2166 1805 2323 1859 tionis
2351 1804 2530 1859 lumen
2561 1804 2870 1868 adducitur,
2900 1812 2955 1859 et
2983 1805 3047 1857 de
3079 1813 3293 1857 terrena
3319 1802 3738 1856 conversatione

484 1900 764 1945 transeant
804 1906 925 1945 cum
965 1891 1092 1944 ﬁliis
1123 1889 1313 1953 Israel,
1352 1897 1405 1942 et
1440 1898 1689 1958 pugnent
1716 1905 1835 1943 cum
1862 1884 1943 1942 eis
1966 1889 2059 1941 ad-

482 1996 671 2035 versus
704 1982 888 2035 hostes
913 1982 1001 2051 qui
1034 1991 1189 2033 erant
1218 1991 1368 2034 trans
1388 1978 1701 2042 Iordanem,
1735 1980 1904 2033 donec
1927 1977 2060 2032 libe-

480 2083 632 2127 retur
660 2074 725 2126 ab
764 2075 847 2128 eis
891 2086 1054 2135 terra,
1090 2082 1146 2127 ct
1180 2082 1307 2127 tunc
1339 2072 1609 2140 accipiant
1640 2080 1845 2125 terram
1896 2087 2056 2141 quam

482 2176 870 2233 poposcerunt,
921 2165 1066 2233 regis
1095 2163 1237 2218 Seon
1281 2174 1336 2217 et
1378 2162 1523 2232 regis
1554 2162 1673 2232 0g:
1713 2171 1877 2230 atque
1930 2162 2060 2231 ipsis

482 2254 610 2309 solis
641 2270 735 2324 per
765 2254 999 2325 Moysem
1027 2254 1181 2308 detur
1232 2252 1521 2306 haereditas
1563 2262 1717 2306 extra
1744 2250 2057 2318 Jordanem,

483 2346 698 2400 caeteris
726 2355 905 2400 autem
941 2348 1194 2399 omnibus
1227 2360 1323 2413 per
1363 2343 1548 2398 Iesum
1573 2343 1713 2397 intra
1743 2342 2056 2400 Iordanem.

484 2436 634 2491 Dicet
662 2452 791 2504 ergo
822 2436 1015 2504 aliquis
1045 2456 1059 2489 ;
1099 2433 1238 2501 Quid
1275 2437 1374 2490 ista
1421 2443 1644 2499 prosunt
1677 2437 1743 2490 ad
1776 2436 1876 2491 hoc
1915 2440 2059 2507 quod

483 2529 617 2582 dixit
650 2528 922 2582 Abraham
946 2527 991 2557 ⁵⁸
1028 2545 1042 2581 :
1088 2545 1108 2578 ι
1150 2527 1361 2580 Habent
1393 2527 1627 2597 Moysem
1651 2535 1707 2581 et
1749 2528 2056 2598 prOphetas,

484 2620 705 2673 audiant
730 2620 884 2685 illos;
928 2638 945 2671 ›
976 2635 1082 2689 qtto
1114 2620 1322 2673 scilicet
1351 2620 1465 2673 haec
1495 2620 1735 2688 legentes
1754 2631 1809 2673 et
1833 2620 2061 2674 audien-

485 2722 586 2778 tes,
634 2713 686 2766 in
743 2713 919 2768 locum
956 2712 1104 2765 illum
1142 2728 1250 2765 non
1282 2712 1578 2766 deveniant
1622 2713 2061 2766 tormentorum?

487 2805 609 2860 llaec
634 2815 811 2859 autent
839 2806 1093 2871 diximus,
1126 2805 1431 2859 excitantes
1468 2806 1680 2859 animos
1708 2805 2059 2869 audientium,

484 2907 545 2949 ut
574 2895 883 2965 vigilantius
929 2896 996 2951 iis
1024 2912 1144 2966 quae
1190 2896 1443 2963 leguntur
1482 2895 1567 2949 vcl
1605 2896 1861 2949 dicuntur
1899 2897 2063 2949 inten-

482 2987 637 3054 dant,
669 2999 723 3041 et
774 2990 824 3041 in
887 2985 1052 3041 Mosei
1093 2986 1289 3041 litteris
1320 2994 1529 3040 remoto
1570 2986 1763 3040 littera:
1798 2986 2062 3040 velamine

2161 1897 2228 1949 ad
2259 1896 2561 1965 spiritualia
2608 1896 2851 1950 instituta
2908 1893 3268 1957 convertitur,
3299 1893 3364 1947 de
3398 1889 3629 1962 (Egypto
3654 1890 3736 1944 vi-

2162 1989 2320 2043 detur
2365 1991 2543 2044 exisse
2590 2001 2644 2044 et
2682 1990 2892 2044 venisse
2938 1990 3003 2043 ad
3046 1988 3438 2043 solitudinem:
3475 1986 3539 2037 ad
3586 1984 3735 2037 illum

2162 2081 2417 2136 videlicet
2446 2084 2569 2136 vita:
2598 2092 2819 2147 statuat,
2855 2082 2906 2135 in
2941 2098 3047 2150 quo
3078 2094 3172 2151 per
3194 2078 3471 2135 silentium
3507 2086 3561 2131 et
3585 2077 3738 2147 quic-

2165 2181 2271 2224 tem
2301 2180 2626 2224 exerceatur
2654 2172 2853 2226 divinis
2885 2171 3108 2239 legibus,
3150 2179 3203 2223 ct
3235 2168 3465 2237 eloquiis
3498 2168 3740 2222 caelesti-

2165 2263 2265 2317 bus
2295 2263 2603 2317 imbuatur:
2639 2279 2735 2333 per
2771 2278 2892 2332 qua:
2922 2262 3198 2315 institutus
3235 2270 3289 2314 et
3322 2260 3582 2323 directus,
3612 2274 3735 2312 cum

2161 2353 2455 2409 Iordanem
2486 2355 2791 2419 transierit,
2822 2363 3072 2423 properet
3103 2365 3272 2419 usque
3305 2350 3373 2403 ad
3412 2359 3611 2403 terram
3646 2363 3737 2402 re-

2164 2446 2562 2513 promissionis,
2624 2446 2676 2499 id
2724 2455 2806 2499 est
2840 2460 2937 2513 per
2972 2447 3201 2515 gratiam
3249 2443 3527 2514 baptismi,
3568 2456 3739 2512 usque

2162 2538 2229 2591 ad
2257 2538 2567 2606 evangelica
2606 2538 2849 2590 instituta
2877 2538 3181 2604 perveniat.
3214 2536 3319 2591 Sed
3349 2546 3403 2590 et
3432 2537 3576 2589 illam
3605 2536 3739 2605 ﬁgu-

2164 2643 2280 2683 ram
2301 2643 2419 2683 esse
2451 2629 2685 2682 diximus
2711 2629 2945 2682 exeundi
2966 2632 3029 2683 de
3052 2629 3304 2699 Egypto,
3328 2644 3449 2681 cum
3484 2627 3742 2696 relinquit

2164 2722 2341 2776 anima
2379 2720 2565 2774 mundi
2612 2722 2775 2787 hujus
2809 2720 3079 2788 tenebras,
3119 2736 3182 2775 ac
3222 2730 3432 2775 naturae
3463 2734 3739 2788 corporea}

2164 2814 2483 2876 cmcitatem,
2523 2821 2577 2867 et
2629 2810 2955 2865 transfertur
2982 2814 3048 2866 ad
3079 2812 3225 2866 aliud
3261 2811 3555 2865 szcculum:
3592 2813 3737 2878 quod

2164 2903 2248 2958 vel
2276 2904 2427 2957 sinus
2450 2903 2682 2957 Abrahae
2726 2901 2859 2973 (58),
2892 2914 2951 2956 ut
2979 2906 3032 2957 in
3062 2904 3292 2968 Lazaro,
3320 2903 3402 2956 vel
3434 2903 3738 2971 paradisus,

2166 3005 2224 3049 ut
2251 2994 2306 3047 iu
2336 2994 2545 3048 latrone
2580 2993 2671 3063 qui
2701 2995 2767 3047 de
2812 3009 2973 3049 cruce
3023 2996 3275 3060 credidit,
3321 2994 3630 3059 indicatur;
3654 2993 3740 3046 vel

484 3083 557 3134 ita
587 3080 893 3150 intelligant
927 3094 1050 3149 quae
1084 3079 1285 3147 scripta
1321 3086 1467 3144 sunt,
1494 3088 1550 3130 ut
1573 3078 1802 3148 singulis
1839 3078 2063 3148 quibus-
2087 3110 2130 3168 ο
2165 3086 2329 3140 etiam
2385 3086 2429 3139 si
2476 3101 2581 3155 qua
2625 3086 2775 3140 novit
2815 3086 2955 3141 Deus
3007 3102 3126 3141 esse
3169 3087 3272 3139 alia
3308 3086 3445 3151 loca,
3479 3086 3563 3139 vel
3605 3084 3743 3140 alias

482 3187 587 3240 que
618 3188 679 3227 ea
736 3173 839 3226 dici
883 3170 1183 3234 inveniant,
1220 3185 1339 3239 qua:
1376 3170 1421 3224 si
1466 3170 1834 3241 intelligantur
1862 3182 1918 3225 et
1964 3172 2061 3225 ob-

482 3274 789 3330 serventur,
822 3263 1032 3333 possint
1079 3262 1358 3316 auditores
1412 3278 1517 3316 non
1569 3263 1632 3316 ad
1680 3263 1834 3317 illum
1883 3262 2061 3317 locum

485 3356 741 3409 tormenti
778 3356 993 3419 deduci,
1030 3370 1137 3423 quo
1161 3356 1311 3409 dives
1330 3355 1438 3422 ille,
1471 3356 1560 3422 qui
1591 3356 1781 3411 audire
1800 3356 1915 3410 hinc
1943 3370 2063 3424 qua:

484 3452 538 3502 in
576 3457 789 3503 secreto
813 3456 939 3501 sunt
981 3449 1208 3516 scripta,
1257 3447 1610 3515 contempsit,
1640 3447 1905 3503 abductus
1929 3456 2012 3502 est
2046 3466 2059 3502 :

484 3542 579 3595 sed
625 3540 677 3592 in
708 3538 885 3593 sinum
917 3548 1042 3591 eant
1086 3538 1384 3604 Abraham,
1437 3539 1530 3593 ubi
1572 3537 1809 3592 Lazarus
1846 3540 2063 3608 requie-

485 3631 609 3686 scit.
638 3630 870 3686 Oremus
891 3644 1021 3699 ergo
1054 3628 1365 3693 Dominum,
1405 3636 1462 3682 ut
1493 3628 1771 3684 auferatur
1817 3629 2065 3685 velamen

486 3742 515 3774 a
561 3723 820 3777 cordibus
852 3721 1052 3775 nostris
1097 3721 1163 3773 de
1198 3718 1431 3774 lectione
1463 3718 1670 3774 Veteris
1704 3718 2061 3784 Testamenti,

488 3824 548 3867 ut
571 3829 633 3868 ea
663 3828 782 3882 qua:
806 3813 1127 3867 abscondita
1161 3820 1287 3866 sunt
1310 3824 1366 3865 et
1389 3812 1602 3867 occulta
1636 3814 1689 3866 in
1726 3812 1890 3868 Mosei
1916 3813 2065 3868 litte—

489 3904 585 3967 ris,
620 3904 805 3958 videre
843 3902 1139 3971 possimus,
1183 3901 1482 3956 secundum
1524 3902 1798 3971 propheta:
1828 3917 2066 3958 commo-

488 3994 747 4048 nitionem
779 3993 1101 4049 dicentis”:
1126 4011 1144 4045 (
1171 3993 1239 4046 Et
1264 3993 1364 4047 nisi
1404 3993 1685 4048 audieritis
1706 3993 1916 4048 occulte
1931 3993 2062 4066 (57),

487 4086 721 4156 plorabit
769 4086 948 4139 anima
984 4095 1183 4139 vestra.
1224 4103 1243 4136 ι
1288 4084 1355 4138 Ει
1379 4085 1595 4153 quidem
1622 4085 1765 4155 quod
1796 4085 1911 4140 haec
1945 4102 2062 4156 my-

486 4179 623 4233 stica
676 4179 787 4232 sint
830 4186 883 4232 et
916 4177 1156 4231 divinum
1184 4175 1420 4245 aliquem
1462 4192 1680 4232 sensum
1727 4178 2063 4244 contineant,

487 4280 617 4341 puto
643 4270 783 4339 quod
828 4286 895 4323 ex
933 4270 998 4322 iis
1032 4285 1153 4338 qua:
1184 4268 1433 4337 superius
1465 4278 1680 4323 asserta
1707 4281 1852 4337 sunt,
1888 4270 2066 4326 nullus

488 4363 658 4433 possit
682 4363 979 4430 ambigere,
1002 4362 1250 4430 quamvis
1274 4361 1346 4414 sit
1371 4359 1459 4414 ille
1495 4358 1735 4415 Judaicis
1762 4360 1956 4416 fabulis
1981 4363 2063 4417 in-

2164 3178 2497 3245 mansiones,
2554 3193 2650 3247 per
2675 3194 2795 3248 qua:
2825 3180 3094 3233 transiens
3135 3179 3315 3231 anima
3346 3178 3455 3233 Deo
3482 3178 3739 3241 credens,

2164 3279 2221 3324 et
2261 3273 2584 3340 perveniens
2618 3287 2789 3341 usque
2822 3273 2887 3325 ad
2926 3272 3120 3326 ﬂumen
3160 3271 3288 3324 illud
3327 3272 3469 3340 quod
3503 3270 3742 3324 laetificat

2164 3362 2436 3418 civitatem
2464 3366 2581 3430 Dei,
2604 3366 2746 3419 intra
2776 3366 2948 3435 ipsum
2978 3375 3176 3419 sortem
3198 3366 3478 3433 promissa:
3494 3363 3742 3433 patribus

2164 3455 2497 3511 htereditatis
2533 3456 2787 3526 accipiat.
2822 3457 2990 3525 Igitur
3019 3471 3140 3510 cum
3182 3456 3403 3525 duplici,
3437 3464 3495 3507 ut
3534 3470 3737 3509 memo-

2166 3548 2428 3613 ravimus,
2464 3549 2627 3602 modo
2657 3563 2908 3618 egressus
2946 3550 3255 3619 designetur
3303 3563 3369 3600 ex
3398 3545 3655 3616 ngypto,
3683 3556 3743 3603 et

2166 3640 2430 3694 transitus
2476 3641 2543 3693 ad
2593 3639 2891 3703 desertum,
2960 3650 3123 3708 atque
3174 3638 3296 3692 inde
3350 3640 3627 3705 ingressus
3673 3640 3739 3694 ad

2166 3739 2369 3784 sancta:
2419 3739 2576 3784 terrae
2621 3729 3017 3793 hereditatem,
3079 3730 3360 3784 videamus
3415 3744 3563 3783 nunc
3618 3733 3744 3797 quid

2167 3821 2267 3876 sibi
2297 3821 2429 3876 velit
2457 3823 2644 3876 Ruben
2671 3832 2724 3879 et
2759 3824 2896 3890 Gad,
2926 3834 2980 3878 et
3011 3823 3231 3877 dimidia
3269 3824 3441 3878 tribus
3476 3822 3739 3877 Manasse.

2167 3911 2465 3968 Hmreditas
2500 3929 2619 3983 quae
2650 3931 2743 3984 per
2776 3917 3011 3986 Moysem
3060 3917 3313 3981 traditur,
3341 3924 3394 3970 et
3435 3927 3588 3970 extra
3619 3914 3743 3968 Ior-

2169 4007 2364 4059 danem
2394 4006 2722 4072 decernitur,
2778 4008 2830 4061 in
2881 4010 3163 4064 duodecim
3215 4008 3461 4063 tribubus
3512 4007 3741 4060 ﬁliorum

2166 4095 2355 4162 Israel,
2406 4098 2636 4153 occultis
2689 4099 3010 4167 quibusdam
3046 4110 3099 4154 et
3150 4100 3395 4170 mysticis
3441 4098 3746 4153 rationibus

2170 4188 2335 4243 totius
2378 4190 2602 4244 humani
2647 4192 2863 4261 generis
2925 4192 3150 4262 figuram
3209 4192 3606 4257 complectitur,
3666 4187 3747 4242 vel

2168 4282 2413 4334 omnium
2468 4292 2618 4338 certe
2692 4285 2973 4338 hominum
3014 4285 3108 4354 qui
3154 4285 3221 4337 ad
3280 4284 3608 4354 agnitionem
3650 4283 3745 4336 Dei

2169 4380 2458 4427 venerunt.
2499 4372 2701 4427 Horum
2732 4390 2861 4444 ergo
2891 4390 3016 4444 pars
3061 4375 3241 4442 aliqua
3271 4384 3425 4428 extra
3455 4373 3745 4428 Iordanem

487 4452 811 4509 satiabiliter
845 4453 1058 4505 deditus
1094 4470 1107 4505 ε
1146 4465 1328 4505 tamen
1369 4450 1511 4504 sicut
1540 4451 1641 4504 hoc
1666 4452 1936 4505 neminem
1970 4468 2065 4506 ne-
2095 4456 2143 4515 υ
2169 4459 2537 4516 ιιῖξξιιοόὶιςιιθηι
2593 4465 2948 4533 consequitur
2994 4479 3088 4531 per
3141 4466 3398 4534 Moysen],
3444 4478 3569 4532 pars
3616 4478 3749 4517 vero

489 4559 618 4611 gare
645 4553 793 4610 puto,
814 4543 886 4596 ita
913 4556 1034 4611 quae
1086 4540 1195 4595 sint
1220 4539 1308 4592 illa
1337 4553 1456 4608 qua:
1494 4552 1558 4590 ex
1588 4538 1707 4592 istis
1734 4539 2064 4592 narrationi-

492 4639 590 4690 bus
623 4634 959 4697 iudicentur,
989 4640 1044 4686 et
1084 4645 1203 4700 qnze
1246 4644 1426 4683 rerum
1459 4628 1628 4681 facies
1659 4629 1758 4682 sub
1786 4629 1888 4683 hoc
1922 4630 2065 4682 vela-

493 4729 636 4781 mine
682 4733 1022 4793 contegatur,
1069 4722 1136 4776 ad
1188 4720 1447 4791 liquidmn
1508 4719 1668 4783 scire,
1716 4720 1884 4788 ipsius
1940 4730 2067 4790 puto

490 4833 612 4873 esse
642 4816 819 4871 sancti
850 4814 1089 4884 Spiritus
1122 4812 1212 4882 qui
1244 4813 1358 4865 haec
1394 4809 1615 4864 inscribi
1651 4811 1934 4880 inspiravit
1963 4829 1976 4864 :
2014 4824 2069 4866 et

495 4910 702 4964 Domini
732 4908 900 4963 nostri
922 4905 1052 4960 Iesu
1084 4905 1306 4969 Christi,
1334 4904 1425 4973 qui
1448 4903 1511 4958 de
1539 4903 1719 4975 Moyse
1751 4903 1961 4957 dicebat
1983 4904 2064 4956 3':

497 5024 516 5057 ι
562 5006 636 5059 De
677 5019 762 5058 me
788 5004 933 5058 enim
962 5001 1053 5055 ille
1084 4999 1300 5070 scripsit
1329 5016 1343 5065 ;
1384 5018 1402 5051 ι
1436 5008 1489 5053 et
1527 4999 1911 5067 omnipotentis
1945 4999 2064 5065 Dei,

491 5099 643 5167 cujus
673 5095 957 5151 consilium
1004 5094 1284 5161 antiquum
1326 5092 1565 5145 humano
1595 5091 1783 5159 generi
1811 5106 1917 5145 non
1965 5108 2065 5145 nu-

491 5191 641 5252 dum,
675 5187 768 5241 sed
798 5185 1032 5239 velatum
1060 5184 1253 5238 litteris
1285 5183 1572 5237 indicatur.
1603 5182 1710 5238 Nos
1734 5194 1912 5238 autem
1942 5200 2065 5240 ore-

493 5293 611 5333 mus
638 5293 705 5332 ex
728 5277 894 5331 corde
925 5275 1158 5330 Verbum
1195 5274 1312 5338 Dei,
1345 5274 1435 5342 qui
1468 5284 1551 5328 est
1573 5275 1883 5343 unigenitus
1925 5276 2061 5343 ejus,

490 5383 542 5426 et
567 5371 657 5440 qui
689 5367 893 5425 revelat
914 5366 1131 5422 Patrem
1162 5367 1360 5435 quibus
1401 5367 1535 5432 vult,
1575 5376 1631 5420 ut
1667 5377 1720 5421 et
1748 5369 1904 5422 nobis
1946 5369 2063 5425 haec

558 5461 603 5492 ⁸⁸
630 5460 763 5516 Luc.
808 5475 917 5525 xvn,
944 5458 1035 5514 Q9.
1112 5458 1157 5490 "
1185 5458 1387 5513 Ierem.
1432 5474 1555 5523 χιιι,
1604 5459 1693 5513 17.

586 5555 673 5620 57)
696 5556 880 5609 Codex
912 5553 1098 5608 Sancti
1128 5554 1476 5619 Theodorici,
1516 5573 1532 5605 ι
1566 5554 1799 5609 occulta.
1836 5574 1855 5606 ι

586 5558 673 5620 57)
696 5558 880 5609 Codex
912 5558 1098 5608 Sancti
1128 5558 1476 5619 Theodorici,
1516 5573 1532 5605 ι
1566 5558 1799 5609 occulta.
1836 5574 1855 5606 ι

562 5558 680 5692 i358)
709 5623 861 5687 Quod
898 5625 974 5679 vel
1001 5625 1149 5679 sinus
1188 5624 1436 5688 Abraha’,
1467 5634 1575 5678 etc.
1605 5623 1739 5678 Vide
1784 5625 2068 5694 Origem'a-

500 5710 683 5749 norum
715 5694 808 5749 lib.
841 5710 903 5761 ιι,
934 5698 1290 5765 (ιυωειιοιιθιιι
1312 5694 1675 5760 undecimam,
1707 5696 1797 5752 ubi
1827 5696 1959 5765 quid
2000 5699 2069 5753 de

1769 5460 1813 5490 ‘°
1840 5459 2002 5518 Ioan.
2028 5463 2177 5529 v,45.

2172 4560 2324 4606 trans
2374 4551 2781 4621 Iordanem,'et
2829 4555 3192 4609 haereditatem
3230 4556 3455 4624 suscipit
3495 4555 3548 4609 in
3604 4563 3746 4607 terra

2172 4644 2609 4713 repromissionis
2651 4659 2745 4713 per
2795 4643 2997 4699 Iesum.
3041 4645 3108 4699 Et
3148 4646 3222 4699 illi
3268 4646 3508 4713 quidem,
3554 4644 3749 4713 quibus

2174 4742 2324 4787 extra
2389 4733 2676 4790 Iordanem
2733 4736 3026 4791 hmreditas
3086 4736 3434 4802 decernitur,
3486 4735 3746 4805 primitivi

2176 4836 2301 4880 sunt
2329 4842 2341 4878 :
2378 4825 2504 4879 licet
2545 4825 2723 4880 minus
2756 4825 2985 4893 nobiles,
3026 4827 3154 4883 licet
3183 4843 3291 4882 non
3324 4826 3605 4896 inculpati,
3638 4826 3750 4895 pri-

2177 4916 2345 4971 mitivi
2380 4924 2557 4971 tamen
2609 4927 2754 4971 sunt.
2801 4916 2991 4973 Ruben
3032 4920 3177 4975 enim
3229 4927 3313 4975 est
3361 4920 3749 4991 primogenitus

2170 5006 2337 5061 Iacob
2370 5024 2383 5060 :
2422 5007 2548 5063 licet
2581 5011 3033 5064 contaminaverit
3066 5010 3279 5065 thorum
3316 5013 3506 5080 patris,
3542 5013 3746 5080 primo-

2173 5100 2388 5170 genitus
2421 5110 2599 5155 tamen
2631 5110 2733 5155 est.
2764 5101 2872 5156 Sed
2906 5112 2960 5157 et
2986 5103 3122 5167 Gad,
3164 5103 3292 5157 licet
3318 5118 3383 5157 ex
3414 5104 3631 5169 ancilla,
3665 5113 3749 5156 ta-

2173 5207 2294 5245 men
2325 5200 2380 5245 et
2402 5192 2515 5260 ipse
2556 5193 2950 5264 primogenitus
2974 5205 3077 5249 est.
3106 5194 3353 5250 Manasse
3386 5212 3620 5265 quoque,
3650 5210 3749 5249 cu-

2166 5282 2257 5351 jus
2289 5279 2512 5336 dimidia
2556 5283 2728 5337 tribus
2758 5294 2911 5339 extra
2941 5282 3228 5339 Iordanem
3283 5287 3655 5355 consequitur,
3693 5295 3749 5339 et

2170 5373 2285 5442 ipse
2334 5372 2460 5429 licet
2509 5374 2573 5428 de
2622 5374 2878 5446 IEgyptia
2921 5386 3103 5442 natus,
3139 5377 3533 5448 primogenitus
3568 5387 3746 5432 tamen

2253 5464 2295 5495 ⁶¹
2319 5463 2341 5517 ι
2365 5464 2489 5520 Cor.
2520 5481 2578 5531 ll,
2606 5465 2695 5520 l2.

2178 5561 2355 5637 poenis
2392 5569 2447 5637 et
2470 5562 2712 5637 praemiis
2741 5564 2994 5637 opinatus
3026 5566 3095 5622 sit
3126 5566 3407 5637 Origenes,
3437 5565 3595 5621 docte
3623 5582 3748 5637 ape-

2179 5631 2251 5685 rit
2275 5631 2607 5689 clarissimus
2637 5631 2886 5690 lluetius.
