4134 6396
435 362 541 424 7'77

1558 340 1624 405 IN
1659 334 1993 407 Nummos
2032 332 2317 401 HoMtLtA
2352 332 2539 400 xxvi.

3582 340 3683 396 778

436 500 537 548 est.
574 486 773 543 Omnes
800 493 931 551 ergo
957 466 1044 534 isti
1084 468 1426 546 primogeniti
1451 479 1596 534 sunt,
1631 479 1687 523 et
1726 469 1846 523 ideo
1867 466 2013 537 prio-
2042 468 2086 523 Α
2114 464 2269 519 sibile
2322 480 2425 517 non
2485 463 2553 516 ab
2592 459 2745 516 initio
2793 452 2989 515 coelum
3024 452 3227 515 dictum
3262 465 3368 522 est,
3402 458 3495 513 sed
3533 460 3688 530 prius

437 592 552 633 rem
580 570 831 644 populum
877 566 1183 636 designant,
1215 562 1305 631 qui
1346 575 1450 615 non
1493 575 1587 628 per
1616 556 1803 613 Jesum
1830 557 2010 611 Doml-

439 684 567 725 num
604 674 870 729 nostrum,
896 660 989 715 sed
1021 674 1117 728 per
1136 656 1357 727 Moysen
1389 661 1539 707 extra
1572 650 1861 705 Jordanem
1894 664 2013 703 sor-

440 772 548 815 tem
583 753 915 812 hereditatis
931 750 1221 819 accipiunt.
1252 743 1549 800 Considera
1582 752 1760 796 autem
1787 740 2014 809 diligen-

437 858 547 911 tius
583 853 747 908 etiam
779 861 1019 915 causam,
1054 859 1158 914 qua
1185 841 1393 911 priores
1431 846 1485 893 et
1512 846 1665 892 extra
1698 834 2011 898 Jordanem,

436 956 491 1001 et
521 940 845 1014 sequestrati
866 954 896 992 a
921 936 1153 1000 caeteris,
1183 938 1590 1000 consequuntur
1620 925 2012 982 htereditatem.

444 1056 465 1088 ι
497 1036 770 1097 Jumenta,
791 1030 1042 1100 inquiunt
1065 1028 1133 1090 θ’,
1150 1034 1204 1082 et
1231 1037 1427 1094 pecora
1451 1020 1617 1076 multa
1641 1026 1767 1073 sunt
1795 1017 1967 1071 nobis.
1992 1036 2009 1067 ι

442 1131 565 1185 llaec
591 1143 723 1195 ergo
752 1138 917 1179 causa
951 1129 1056 1184 est,
1084 1119 1209 1187 quia
1239 1117 1391 1189 prior
1422 1112 1650 1184 populus
1685 1112 1752 1163 ad
1790 1107 2017 1164 haeredi-

444 1234 607 1278 tatem
629 1222 774 1276 illius
802 1228 977 1280 terrae,
1009 1232 1131 1287 quae
1158 1216 1297 1270 lacte
1319 1212 1458 1276 ﬂuit,
1489 1224 1608 1279 quae
1663 1205 1819 1263 melle
1846 1205 2018 1258 abun-

446 1319 556 1381 det,
585 1330 703 1384 qua:
727 1313 879 1366 favus
908 1310 1082 1366 mellis
1106 1314 1191 1363 est.
1216 1320 1327 1375 prae
1349 1302 1495 1358 omni
1529 1312 1693 1364 terra,
1718 1314 1825 1352 non
1847 1295 2019 1365 potuit

444 1408 747 1480 pervenire,
781 1420 880 1461 nec
906 1402 1141 1458 Verbum
1171 1414 1387 1455 carnem
1418 1399 1620 1452 factum
1650 1393 1825 1465 potuit
1851 1403 2019 1462 agno-

445 1515 620 1567 scere,
649 1500 772 1569 quia
816 1496 982 1549 multa
1012 1495 1256 1564 jumenta
1302 1490 1574 1545 habebant
1620 1494 1677 1541 et
1717 1483 1881 1538 multa
1933 1495 2022 1551 pe-

444 1609 593 1649 cora.
629 1590 890 1647 Animalis
915 1603 1046 1657 ergo
1076 1587 1238 1641 homo
1266 1600 1371 1641 non
1404 1582 1581 1655 potuit
1602 1579 1879 1649 percipere
1902 1591 2021 1646 quas

445 1694 574 1741 sunt
600 1684 835 1755 Spiritus
861 1682 953 1736 Dei
986 1681 1052 1745 “,
1079 1692 1179 1733 nec
1195 1675 1516 1747 spiritaliter
1532 1671 1859 1740 dijudicare;
1893 1669 2018 1738 quia

451 1798 470 1830 ι
518 1779 682 1833 homo
735 1776 789 1829 in
822 1775 1026 1828 honore
1079 1784 1203 1826 cum
1241 1774 1407 1829 esset,
1444 1781 1549 1820 non
1586 1763 1873 1828 intellexit,
1926 1761 2019 1816 sed
2052 1808 2094 1863 Β

445 1875 793 1938 comparatus
848 1872 931 1919 est
983 1860 1242 1932 iumentis
1291 1856 1692 1925 insipientibus,
1740 1862 1795 1908 et
1827 1850 2020 1908 similis

447 1962 627 2017 factus
673 1968 756 2015 est
791 1959 856 2013 iis
899 1958 965 2022 “,
1021 1974 1038 2009 ι
1078 1970 1173 2024 pro
1218 1951 1412 2021 quibus
1462 1948 1833 2003 haereditatem
1869 1958 2019 2000 suam

447 2062 602 2109 extra
624 2051 876 2107 Jordanis
904 2049 1102 2103 fluenta
1130 2043 1393 2115 percepit,
1422 2051 1476 2096 et
1499 2058 1527 2093 a
1572 2048 1715 2093 terra
1750 2052 1808 2093 se
1834 2045 2019 2092 saneta

448 2150 851 2205 fecitalicnum.
877 2145 968 2199 llle
1007 2157 1136 2213 ergo
1160 2139 1389 2211 populus
1408 2136 1619 2205 accepit
1652 2133 2018 2189 htereditatcm

452 2258 549 2311 per
582 2242 819 2313 Moysen,
852 2238 1059 2308 accepit
1085 2247 1282 2289 terram
1310 2233 1537 2287 duorum
1572 2241 1758 2296 regum
1791 2234 2026 2278 tantum-

452 2334 630 2390 modo.
666 2332 781 2387 Non
812 2333 953 2387 enim
988 2329 1218 2399 amplius
1258 2324 1434 2395 potuit
1476 2321 1690 2392 Moyses
1715 2318 2028 2373 interﬁcere

452 2428 554 2481 nisi
603 2426 738 2480 duos
765 2440 939 2495 reges,
982 2437 1212 2492 quorum
1251 2429 1450 2473 terram
1496 2414 1762 2470 divideret
1791 2408 2025 2480 populis,

455 2519 619 2572 multa
653 2517 907 2570 animalia
962 2515 1237 2581 multaque
1284 2523 1478 2578 pecora
1519 2503 1871 2560 habentibus.
1918 2500 2028 2554 Illis

453 2625 583 2665 vero
606 2610 695 2679 qui
726 2606 1014 2663 Jordanem
1053 2613 1356 2669 transeunt,
1385 2599 1544 2656 Jesus
1575 2595 1770 2652 dividit
1802 2603 2026 2659 terram,

454 2702 700 2772 quamvis
728 2701 960 2756 habeant
983 2700 1144 2755 etiam
1169 2696 1269 2766 ipsi
1299 2692 1575 2756 animalia,
1604 2689 1841 2745 habeant
1871 2700 2031 2756 pero--

459 2810 538 2859 ra,
568 2808 672 2848 non
698 2801 874 2846 tamen
918 2799 1087 2854 tanta,
1113 2803 1235 2857 quas
1269 2801 1365 2840 eos
1391 2782 1703 2847 excludant,
1737 2795 1805 2835 ne
1830 2778 2026 2834 Iorda-

458 2900 578 2940 nem
608 2893 902 2952 transeant,
934 2882 1026 2937 sed
1062 2896 1186 2936 eum
1222 2879 1350 2948 ipsis
1373 2886 1426 2933 et
1451 2874 1790 2941 mulieribus,
1820 2882 1875 2929 et
1907 2886 2028 2927 cum

459 2974 756 3031 infantibus
784 2976 898 3028 suis
920 2971 1248 3027 contendunt
1279 2968 1510 3024 transire
1531 2966 1845 3029 Iordanem,
1878 2972 1931 3019 et
1964 2962 2030 3016 ad

460 3078 675 3139 patrum
717 3067 1003 3136 pervenire
1051 3064 1339 3135 promissa.
1374 3062 1451 3115 Illi
1482 3070 1659 3115 autem
1691 3067 1912 3128 propter
1947 3070 2034 3127 pe-

458 3174 587 3215 cora
615 3168 669 3213 et
694 3160 958 3226 jttmcnta,
987 3164 1044 3210 et
1078 3154 1334 3211 mulieres
1364 3168 1511 3215 suas,
1542 3162 1596 3205 et
1637 3152 1896 3213 infantes,
1928 3162 2032 3202 non

459 3256 750 3315 potuerunt
780 3246 1012 3299 transire
1038 3242 1352 3307 Jordanem,
1382 3256 1483 3296 nec
1509 3242 1573 3296 ad
1605 3241 1761 3297 ﬁdem
1806 3238 2029 3305 Christi,

458 3353 580 3407 quae
602 3347 685 3393 est
718 3346 861 3392 terra
898 3336 1352 3405 repromissionis,
1376 3335 1603 3389 intrare.

532 3431 585 3483 5.
610 3430 858 3497 Increpat
891 3437 1066 3482 tamen
1093 3426 1326 3496 Moyses,
1349 3435 1405 3479 et
1430 3426 1561 3481 dicit
1584 3428 1652 3479 ad
1686 3425 1825 3479 filios
1842 3422 2032 3477 Ruben

461 3532 517 3575 et
550 3524 615 3575 ad
665 3521 804 3575 ﬁlios
848 3519 963 3574 Gad
998 3518 1090 3572 “z
1143 3535 1162 3568 ι
1199 3517 1422 3573 Fratres
1472 3516 1637 3571 vestri
1693 3525 1921 3585 pergent
1967 3516 2032 3567 ad

448 3611 728 3681 eprtnlium,
759 3619 817 3664 et
852 3623 948 3662 vos
972 3608 1234 3663 sedebitis
1272 3608 1396 3662 hic?
1425 3607 1491 3660 Et
1522 3620 1694 3677 quare
1726 3606 2036 3676 pervertitis

464 3707 629 3760 corda
665 3703 895 3757 ﬁliorum
934 3701 1122 3764 lsrael,
1163 3708 1223 3755 ut
1266 3716 1374 3755 non
1418 3709 1697 3754 transeant
1740 3699 1792 3751 in
1836 3708 2033 3752 terram

464 3810 629 3865 quam
668 3794 928 3847 Dominus
966 3793 1057 3848 dat
1086 3791 1203 3847 eis?
1240 3812 1257 3843 ι
1290 3791 1504 3845 Etcum
1539 3789 1901 3859 increpuisset
1942 3804 2036 3845 eos

469 3886 773 3956 hnjusmodi
799 3883 999 3948 verbis,
1042 3902 1061 3934 ι
1094 3890 1459 3948 accesserunt,
1502 3880 1764 3953 inquit“,
1801 3882 1865 3934 ad
1910 3896 2033 3936 eum

471 3979 564 4032 ﬁlii
593 3978 781 4031 Ruben
829 3986 883 4029 et
921 3975 1012 4027 ﬁlii
1058 3974 1195 4037 Gad,
1232 3982 1287 4026 et
1317 3972 1567 4028 dicebant
1597 3969 1804 4027 :Ovilia
1846 3970 2036 4027 ovibus

472 4068 856 4123 fabricabimus
891 4067 998 4128 hic,
1034 4074 1088 4120 et
1123 4065 1429 4133 pecoribus,
1485 4073 1539 4118 et
1583 4063 1834 4118 civitates
1867 4064 2037 4132 impe-

470 4160 723 4215 dimentis
751 4159 971 4221 nostris,
996 4166 1050 4209 et
1079 4170 1177 4210 nos
1198 4156 1390 4209 armati
1422 4157 1595 4225 prima
1623 4166 1797 4209 turma
1825 4160 2039 4214 incede—

472 4268 587 4307 tnus
618 4261 743 4305 ante
772 4251 909 4305 ﬁlios
945 4248 1128 4314 Israel,
1159 4261 1438 4317 usquequo
1466 4250 1826 4317 perducamus
1866 4266 1959 4305 cus
1986 4253 2036 4304 in

472 4361 624 4398 suum
672 4343 868 4397 locum.
909 4361 927 4393 ι
961 4341 1025 4395 Ει
1067 4342 1182 4395 haec
1223 4338 1621 4407 promittentes,
1656 4340 2037 4411 mitigaverunt

474 4438 708 4505 Moysen,
750 4438 823 4490 ita
851 4444 909 4489 ut
940 4435 1052 4503 ipse
1082 4448 1175 4487 eos
1208 4433 1614 4487 commendaret
1642 4431 1768 4487 Jesu
1803 4445 1855 4489 et
1885 4436 2037 4491 Elea-

472 4549 618 4588 Zaro.
671 4530 744 4583 lta
781 4529 924 4584 enim
956 4529 1215 4594 scriptum
1251 4534 1331 4580 est
1356 4524 1403 4556 "’
1432 4542 1446 4579 :
1476 4542 1495 4577 ι
1535 4526 1601 4579 Et
1642 4510 1891 4581 adhibuit
1918 4526 2039 4582 illos

478 4624 685 4694 Moyses
719 4624 787 4677 ad
826 4622 1144 4676 Eleazarum
1187 4620 1544 4685 sacerdotem,
1574 4627 1627 4673 et
1654 4617 1836 4673 Jesum
1871 4618 2037 4674 ﬁlium

474 4715 638 4779 Nave,
678 4724 731 4769 et
776 4713 1050 4783 principes
1103 4711 1431 4765 familiarum
1482 4711 1715 4763 tribuum
1759 4712 1945 4766 Israel.
1975 4711 2042 4766 Et

474 4808 548 4861 ait
574 4807 641 4862 ad
674 4822 767 4861 eos
797 4805 1045 4876 Moyses:
1083 4804 1141 4858 Si
1177 4804 1492 4859 transierint
1521 4804 1611 4858 ﬁlii
1643 4803 1831 4858 Ruben
1856 4813 1909 4859 et
1946 4804 2037 4859 ﬁlii

472 4899 585 4955 Gad
613 4899 891 4953 vobiscum
923 4896 1218 4953 Jordancm
1248 4897 1426 4953 omnis
1442 4907 1684 4952 armatus
1705 4896 1773 4951 ad
1799 4896 2038 4965 pradium

474 5004 652 5043 coram
682 4988 928 5052 Domino,
962 4996 1016 5041 et
1046 4986 1391 5041 obtinueritis
1428 4997 1627 5043 terram
1663 4988 1717 5041 in
1748 4995 2040 5055 conspectu

475 5091 673 5143 vestro,
706 5080 907 5134 dabitis
934 5080 1012 5134 eis
1042 5087 1241 5133 terram
1272 5077 1477 5133 Galaad
1508 5078 1558 5131 in
1582 5078 2037 5148 possessionem.»

473 5171 656 5227 Terrae
688 5183 882 5224 nomen
918 5169 970 5222 in
998 5166 1295 5237 Scripturis
1325 5166 1525 5221 divinis
1552 5167 1783 5234 positum
1812 5164 2041 5219 diversis

472 5259 958 5331 signiﬁcationibus
982 5259 1318 5323 invenimus;
1361 5265 1413 5311 et
1447 5256 1625 5325 primo
1653 5257 1870 5324 quidem
1898 5265 2041 5309 terra

474 5354 590 5408 haec
606 5352 659 5405 in
676 5367 780 5421 qua
800 5351 1125 5416 habitamus,
1147 5344 1250 5404 non
1270 5363 1333 5403 ex
1360 5346 1514 5401 initio
1528 5358 1669 5402 terra
1690 5347 1919 5401 vocitata
1936 5354 2041 5410 est,

475 5445 567 5499 sed
596 5445 777 5499 arida:
812 5450 867 5495 et
901 5452 1024 5510 post
1048 5442 1162 5495 haec
1184 5455 1305 5510 qua:
1328 5441 1480 5510 prius
1501 5439 1643 5493 dicta
1670 5437 1846 5493 fuerat
1870 5438 2042 5501 arida,

474 5534 634 5605 373
654 5543 811 5590 terra:
828 5547 1027 5587 nomen
1053 5533 1294 5601 accepit;
1318 5533 1461 5585 sicut
1485 5538 1539 5584 et
1570 5529 1768 5584 caalum
1792 5529 1932 5584 istud
1964 5528 2045 5582 vi-

2120 557 2541 618 ﬁrmamentum,
2569 563 2688 624 post
2705 553 2867 607 etiam
2892 553 3016 607 (ταὶιί
3038 552 3299 607 vocabulo
3320 560 3689 620 nuncupatum

2116 658 2217 701 est.
2246 645 2300 699 ln
2342 644 2604 714 principio
2645 652 2822 695 tamen
2872 650 3139 696 creaturae
3170 640 3364 695 caelum
3403 648 3460 693 et
3488 648 3688 691 terram

2119 739 2311 791 fecisse
2341 735 2537 789 dicitur
2564 734 2727 798 Deus,
2756 741 2806 785 et
2836 741 3021 800 postea
3061 732 3287 796 aridam,
3306 738 3359 785 et
3378 739 3564 799 postea
3599 728 3693 781 ﬁr—

2119 839 2475 883 mamentum.
2509 826 2599 881 Vis
2631 836 2809 878 autem
2841 823 3152 893 scire-quia
3188 823 3329 876 aliud
3358 824 3429 876 sit
3455 823 3509 874 in
3543 820 3694 875 Seri—

2119 922 2293 990 pturis
2324 922 2498 982 arida,
2524 918 2666 972 aliud
2694 916 2878 971 terra?
2910 916 3034 970 audi
3076 917 3326 985 Aggseum
3364 913 3690 983 prophetam

2122 1014 2390 1067 dicentem
2414 1011 2459 1043 ⁸⁸
2493 1029 2505 1062 :
2539 1029 2557 1059 ι
2585 1010 2776 1063 Adhuc
2801 1007 3050 1069 semel,et
3079 1020 3181 1075 ego
3214 1005 3441 1060 movebo
3491 1006 3691 1063 ccelum

2120 1114 2175 1159 et
2215 1113 2442 1168 terram,
2493 1112 2549 1156 et
2601 1114 2770 1165 mare,
2828 1108 2883 1153 et
2917 1100 3190 1154 aridam.»
3222 1097 3385 1152 Vides
3418 1099 3694 1167 quomodo

2120 1195 2385 1265 propheta
2431 1193 2573 1246 aliud
2612 1191 2766 1261 ponit
2809 1200 3010 1245 terram
3048 1198 3103 1242 et
3137 1187 3283 1241 aliud
3321 1188 3549 1241 aridam.
3587 1187 3694 1241 Sed

2120 1296 2175 1341 et
2209 1287 2261 1340 in
2303 1284 2488 1339 multis
2516 1284 2814 1352 Scriptura
2845 1280 2977 1336 locis
3005 1279 3312 1333 invenimus
3342 1289 3540 1333 terram
3576 1278 3694 1331 lau—

2124 1375 2357 1430 dabilem
2387 1374 2697 1438 nominari;
2731 1372 2939 1425 aridam
2977 1385 3106 1425 vero
3138 1386 3241 1424 non
3270 1368 3437 1425 facile
3470 1368 3699 1438 legimus

2120 1466 2450 1522 laudabilem
2504 1466 2653 1535 poni.
2697 1464 2831 1518 Nam
2889 1473 2941 1518 et
2988 1465 3158 1518 Adam
3217 1464 3267 1516 in
3317 1463 3461 1517 hunc
3521 1461 3697 1517 locum

2122 1559 2275 1627 quasi
2309 1556 2597 1627 culpabilis
2635 1563 2755 1624 post
2787 1565 3071 1624 peceatum
3108 1554 3437 1618 detruditur,
3469 1552 3560 1620 qui
3587 1553 3697 1605 ari-

2127 1653 2190 1704 da
2244 1649 2555 1720 nominatus
2610 1657 2713 1703 est.
2754 1649 2925 1701 Antea
2973 1648 3115 1699 enim
3155 1661 3259 1699 non
3307 1645 3406 1699 fuit
3435 1646 3486 1699 in
3521 1645 3699 1707 arida,

2127 1743 2219 1797 sed
2263 1743 2314 1795 in
2352 1750 2514 1795 terra.
2556 1739 2845 1793 Paradisus
2892 1752 3124 1805 namque
3163 1753 3265 1790 non
3312 1745 3397 1791 est
3435 1736 3488 1789 in
3525 1736 3699 1801 arida,

2125 1835 2214 1889 sed
2242 1835 2292 1886 in
2320 1842 2484 1888 terra.
2516 1831 2621 1887 Sed
2651 1839 2705 1884 et
2730 1829 3027 1884 mansuetis
3061 1830 3203 1898 quod
3234 1827 3568 1898 repromittit
3593 1825 3701 1883 Do-

2128 1927 2309 1980 minus
2366 1926 2417 1978 in
2478 1923 2791 1993 Evangelia,
2857 1937 2961 1976 non
3027 1930 3111 1975 est
3169 1921 3344 1987 arida,
3382 1920 3479 1974 sed
3532 1929 3697 1973 terra.

2133 2018 2324 2073 «Beati
2374 2018 2543 2080 enim,
2600 2014 2867 2085 inquit",
2922 2015 3233 2080 mansueti,
3293 2012 3551 2084 quoniam
3599 2012 3704 2080 ipsi

2128 2110 2524 2166 haereditabunt
2567 2115 2790 2162 terram.
2820 2124 2838 2157 ι
2874 2104 2942 2159 Ει
2982 2106 3179 2159 iterum
3212 2105 3267 2158 in
3304 2101 3601 2173 Evangelia
3626 2101 3699 2163 το,

2127 2219 2313 2259 semen
2339 2203 2480 2272 quod
2504 2202 2593 2254 dat
2623 2200 2854 2253 fructum
2893 2196 3253 2252 centesimum
3301 2197 3701 2266 sexagesimum

2129 2306 2185 2352 et
2223 2295 2581 2358 tricesimum,
2626 2300 2774 2346 terra
2823 2290 3031 2345 dicitur
3068 2304 3207 2354 esse,
3250 2304 3353 2343 non
3410 2290 3586 2343 arida.
3638 2289 3704 2342 Et

2128 2401 2260 2459 puto
2288 2389 2413 2458 quia
2455 2386 2729 2457 profectus
2756 2383 2979 2451 quidam
3006 2383 3076 2436 sit
3101 2382 3166 2435 ah
3211 2382 3361 2437 arida
3402 2382 3468 2446 ad
3502 2391 3700 2436 terram

2131 2481 2401 2543 veniendi,
2449 2479 2588 2533 sicut
2622 2486 2678 2532 et
2720 2475 2997 2545 profectus
3050 2475 3268 2543 quidam
3326 2473 3448 2536 fuit,
3479 2483 3538 2527 ut
3588 2474 3704 2527 hinc

2131 2573 2284 2627 arida
2331 2581 2478 2627 terra
2509 2578 2819 2626 vocaretur.
2849 2567 3052 2624 Omnes
3082 2567 3226 2622 enim
3257 2581 3379 2631 nos,
3411 2567 3583 2621 donec
3618 2566 3703 2618 iu-

2133 2665 2397 2720 fructuosi
2432 2679 2640 2729 sumus,
2679 2671 2735 2717 et
2768 2659 2973 2715 nullum
3019 2658 3246 2727 iustitiae
3298 2658 3556 2725 fructum,
3588 2657 3708 2711 nul-

2131 2761 2240 2814 lum
2296 2758 2592 2830 pudicitizn,
2645 2755 2846 2810 nullum
2893 2752 3109 2821 pietatis
3169 2752 3487 2816 aﬂ‘erimus,
3548 2751 3705 2804 arida

2131 2866 2344 2906 sumus.
2374 2849 2430 2904 Si
2460 2859 2642 2903 autem
2683 2844 3043 2914 nosmetipsos
3078 2845 3405 2914 cmperimus
3434 2843 3706 2904 excolere,

2131 2952 2183 2998 et
2210 2942 2276 2996 ad
2320 2942 2583 2996 virtutum
2651 2940 2858 3007 frugem
2902 2939 3114 2992 desides
3164 2937 3375 2989 animos
3421 2936 3706 2998 suscitare,

2137 3044 2277 3088 terra
2332 3032 2595 3088 efﬁcimur
2640 3049 2708 3087 ex
2751 3034 2925 3097 arida,
2965 3047 3085 3101 quae
3115 3031 3262 3085 verbi
3316 3030 3408 3083 Dei
3457 3036 3709 3095 suscepto

2060 3142 2103 3200 α
2139 3126 2347 3180 semine
2394 3124 2509 3179 lzeta
2562 3123 2722 3193 fruge
2775 3124 3113 3193 multiplicet.
3150 3122 3245 3177 Est
3287 3134 3414 3190 ergo
3463 3119 3708 3189 quaedam

2136 3216 2298 3270 etiam
2351 3215 2402 3268 in
2459 3229 2625 3284 regno
2673 3214 2769 3268 Dei
2818 3223 2988 3279 terra,
3017 3227 3137 3281 qua:
3184 3208 3481 3265 mansuetis
3532 3220 3713 3276 repro-

2139 3308 2395 3370 tnittitur,
2443 3316 2502 3362 et
2559 3316 2705 3362 terra
2748 3322 2872 3376 quae
2924 3304 3221 3359 viventium
3286 3301 3618 3365 nominatur,
3657 3308 3714 3353 ct

2139 3409 2284 3453 terra
2308 3399 2359 3451 in
2392 3399 2624 3455 excelsis
2650 3401 2845 3467 posita,
2874 3401 2940 3453 de
2965 3413 3070 3467 qua
3099 3398 3163 3451 ad
3187 3396 3392 3467 justum
3416 3393 3546 3447 dicit
3575 3391 3711 3446 Pro-

2140 3495 2298 3562 pheta
2321 3493 2364 3524 “
2398 3511 2410 3546 :
2448 3510 2466 3543 ι
2497 3492 2563 3546 Ει
2607 3492 2870 3547 exaltabit
2923 3501 2974 3545 te
3016 3499 3075 3545 ut
3121 3490 3409 3544 hasredites
3443 3499 3662 3542 terram.
3689 3506 3707 3537 ›

2140 3584 2297 3637 Istius
2325 3599 2454 3653 ergo
2488 3594 2647 3637 terrre
2673 3583 3068 3646 haeredita‘tem,
3088 3591 3434 3650 posteaquam
3467 3580 3531 3634 de
3556 3594 3715 3633 mun-

2140 3676 2190 3729 di
2219 3675 2378 3743 hujus
2405 3673 2644 3745 IEgypto
2670 3673 2886 3740 exierit,
2916 3674 3024 3729 Deo
3058 3672 3283 3727 credens
3310 3671 3489 3725 anima
3517 3686 3713 3727 consc-

2138 3767 2443 3834 quitur:et
2486 3766 2614 3819 alibi
2652 3764 2868 3834 quidem
2911 3764 2972 3830 ii,
3007 3764 3099 3833 qui
3141 3765 3241 3819 sub
3292 3763 3407 3833 lege
3440 3763 3713 3823 vixerunt,

2140 3861 2269 3916 alihi
2316 3873 2495 3916 autem
2544 3860 2635 3931 qui
2674 3876 2773 3931 per
2813 3859 2939 3916 Iesu
2960 3835 3168 3916 Christi
3196 3858 3356 3914 ﬁdem
3390 3867 3445 3913 et
3477 3859 3711 3928 gratiam

2140 3955 2442 4025 dispensati
2467 3965 2611 4010 sunt.
2641 3956 3032 4010 Verumtamen
3067 3956 3098 4007 ii
3127 3955 3219 4023 qui
3252 3953 3507 4007 videntur
3528 3954 3713 4020 primi,

2139 4058 2193 4101 ct
2239 4063 2334 4112 per
2385 4046 2567 4102 Mosen
2622 4046 2942 4111 dispensati,
2972 4061 3081 4100 non
3113 4046 3265 4115 prius
3309 4051 3715 4111 consequentur

2143 4138 2513 4193 haereditatem
2550 4137 2651 4191 sibi
2691 4138 2987 4202 decretam,
3022 4150 3183 4204 quam
3245 4133 3390 4188 Mose
3431 4134 3569 4186 duce
3601 4147 3713 4186 tue-

2141 4240 2391 4296 rueruut,
2438 4229 2539 4283 nisi
2571 4239 2622 4282 ct
2666 4228 2767 4297 ipsi
2812 4232 3090 4280 transeant
3120 4240 3243 4278 cum
3282 4224 3347 4278 iis
3383 4237 3521 4291 quos
3560 4219 3716 4277 lesus

2140 4323 2436 4394 dispensat,
2472 4334 2525 4377 et
2557 4333 2799 4391 pugnent
2847 4335 2972 4374 cum
3007 4320 3087 4374 eis
3131 4327 3315 4373 contra
3353 4316 3624 4381 inimicos,
3662 4327 3718 4370 et

2142 4416 2409 4471 collucent
2432 4430 2527 4470 eos
2550 4415 2601 4468 in
2633 4412 2856 4469 sedibus
2892 4411 3025 4477 suis,
3053 4420 3107 4464 et
3141 4410 3213 4465 ita
3244 4410 3345 4480 ipsi
3383 4422 3717 4477 consequen-

2069 4491 2115 4545 D
2147 4518 2234 4562 tur
2263 4507 2635 4562 haereditatem
2667 4519 2827 4574 quam
2862 4503 3045 4573 Moyse
3070 4503 3205 4556 duce
3234 4509 3572 4555 meruerunt.

2217 4597 2269 4652 6.
2315 4598 2420 4653 Sed
2458 4599 2570 4652 haec
2612 4596 2717 4651 nisi
2757 4611 2821 4647 ex
2856 4594 3156 4661 Scripturis
3186 4593 3384 4648 divinis
3416 4594 3717 4663 approben-

2150 4697 2257 4754 tur,
2312 4686 2505 4741 fabulae
2546 4686 2893 4741 videbuntur.
2945 4683 3142 4738 Paulus
3176 4698 3308 4754 ergo
3348 4684 3541 4738 horum
3588 4698 3718 4754 pro-

2149 4778 2380 4832 ducatur
2423 4777 2475 4830 in
2518 4776 2759 4831 medium
2799 4775 3024 4831 idoneus
3074 4775 3250 4840 testis,
3277 4775 3368 4842 qui
3402 4776 3453 4829 in
3482 4774 3718 4841 Epistola

2153 4868 2219 4922 ad
2261 4865 2538 4932 Hebraeos,
2584 4868 2673 4921 ubi
2719 4866 2982 4922 describit
3024 4880 3214 4921 omnes
3265 4866 3383 4922 illos
3425 4875 3629 4938 patres,
3664 4877 3722 4927 et

2154 4959 2513 5028 patriarchas,
2566 4974 2629 5013 ac
2672 4958 2989 5029 prepltetas,
3029 4958 3119 5029 qui
3154 4972 3253 5028 per
3290 4958 3447 5013 ﬁdem
3496 4957 3720 5028 placue-

2154 5063 2281 5107 runt
2334 5055 2465 5117 Deo,
2498 5061 2619 5123 post
2646 5051 3114 5107 enumerationem
3147 5061 3487 5116 cunctorum,
3511 5051 3563 5106 in
3593 5050 3720 5108 ulti-

2155 5164 2237 5202 ma
2285 5145 2631 5202 conclusione
2677 5146 2757 5200 sic
2796 5144 2930 5199 dicit
2970 5144 3037 5199 de
3078 5144 3157 5199 eis
3175 5144 3260 5197 ἠε
3299 5160 3319 5196 t
3353 5143 3421 5199 Et
3462 5143 3496 5199 ii
3528 5157 3719 5197 omnes

2154 5238 2463 5295 testimonio
2490 5236 2611 5292 ﬁdei
2643 5246 2865 5308 accepto
2915 5252 3020 5291 non
3052 5243 3407 5307 perceperunt
3429 5233 3722 5302 repromis-

2150 5338 2352 5399 siones,
2388 5334 2502 5389 Deo
2550 5346 2651 5401 pro
2699 5330 2857 5386 nobis
2901 5330 3096 5385 melius
3137 5328 3342 5397 aliquid
3375 5326 3717 5396 providente,

2152 5427 2228 5481 uti
2266 5442 2332 5481 ne
2365 5427 2485 5483 sine
2514 5425 2672 5478 nobis
2724 5428 3252 5477 consummarentur.
3279 5436 3300 5471 ι
3344 5415 3509 5484 Quasi
3563 5417 3718 5471 dice-

2153 5529 2275 5576 rent
2314 5519 2435 5574 istae
2464 5530 2654 5572 novem
2686 5524 2739 5570 et
2773 5514 2935 5569 semis
2970 5513 3144 5567 tribus
3184 5512 3252 5566 de
3288 5509 3392 5582 illis
3420 5507 3630 5562 duabus
3661 5512 3714 5559 et

547 5714 593 5745 "
634 5713 792 5767 Num.
826 5730 995 5777 χχχιι,
1034 5714 1090 5767 4.
1166 5710 1211 5743 ⁸³
1242 5711 1257 5765 1
1288 5710 1414 5766 Cor.
1451 5726 1509 5773 tt,
1546 5710 1632 5763 14.
1707 5710 1751 5741 ⁵⁵
1784 5708 1925 5762 Psal.
1962 5721 2029 5761 at.

2141 5702 2228 5757 i3.
2250 5700 2355 5777 __‘_'_
2381 5697 2540 5777 Num.
2566 5692 2821 5777 nauli},
2850 5692 2941 5777 7.“
2967 5685 3183 5777 'tfibid.
3218 5686 3306 5777 id,
3508 5686 3552 5717 ⁸⁷
3580 5675 3710 5733 ibid.

479 5756 1143 5853 28,ἳῦ.““δῖ’λ’ς”έίίιῖ’7.
1222 5756 1264 5813 εἶ’
1294 5756 1652 5843 histilia-,1.
1751 5756 1804 5808 τί
1828 5756 2028 5831 iisin;

2134 5790 2173 5830 ι.
2250 5772 2293 5804 ⁷⁸
2320 5768 2461 5823 Psal.
2489 5782 2697 5832 xxxvii,
2726 5763 2813 5817 34.
2896 5762 2941 5793 τ’
2966 5758 3102 5816 Heb.
3125 5773 3203 5823 χι,
3225 5757 3316 5822 59,
3344 5756 3434 5811 40.

798 5946 801 5947 ν
873 5878 1145 5937 ΙἈτιιοι..
1194 5874 1287 5933 Gtt
1359 5874 1501 5934 Xll.

3287 5849 3367 5911 25

3566 5930 3595 5954 Ο

3748 5860 3763 5934 ἱ
