4134 6378
1637 327 1736 354 ..,.

451 355 556 410 77’.)

1925 348 2243 405 ORIGENIS
2616 343 2640 371 ‘

2603 284 2705 298 ‹.σ,,

3604 351 3711 405 780

453 476 618 530 semis
655 472 921 536 tribubus,
957 473 1082 540 quia
1119 479 1405 541 propterea
1452 485 1559 525 non
1608 477 1866 542 ceperunt
1892 485 2022 540 pro-
2054 472 2104 530 Α
2132 469 2202 524 ibi
2255 468 2436 524 Jesuni
2507 469 2797 525 Dominum
2841 479 3084 525 nostrum
3127 485 3382 541 sequens,
3411 469 3710 525 iuterticiet.

453 570 749 624 missiones
787 577 944 621 terrae
976 567 1139 628 illius,
1174 581 1290 634 quae
1320 567 1401 621 eis
1431 578 1582 620 extra
1609 565 1900 621 Jordanem
1934 581 2028 634 per

455 661 677 730 Moysen
733 661 947 713 decreta
983 669 1087 723 est,
1131 659 1236 713 Deo
1273 674 1366 726 pro
1400 658 1557 712 nobis
1599 657 1800 728 aliquid
1835 658 2026 713 melius

453 755 798 822 providente,
850 751 925 804 uti
975 768 1039 805 ue
1097 751 1214 805 sine
1273 751 1428 803 nobis
1485 760 2024 804 consummarentur.

452 845 746 914 Propterea
777 858 907 912 ergo
935 849 1221 895 transeunt
1253 842 1535 896 nobiscum
1566 843 1761 895 armati
1789 844 1854 896 ad
1889 859 2027 912 prte-

449 937 606 1002 limn,
637 949 686 989 ct
708 936 898 1002 juvant
931 949 1026 987 nos
1054 935 1120 986 ad
1147 933 1590 1002 belligerandum,
1615 934 1681 988 ad
1707 950 2026 1003 expugnan-

450 1031 548 1082 dos
599 1027 869 1080 inimicos.
929 1024 1039 1078 Sed
1073 1024 1149 1077 illi
1202 1024 1607 1093 transeuntqni
1647 1025 1844 1078 armati
1879 1034 2023 1091 sunt,

449 1123 538 1188 qui
567 1119 665 1171 viri
711 1117 878 1171 fortes
909 1124 1038 1169 sunt
1071 1123 1126 1169 et
1156 1125 1438 1185 potentes;
1476 1116 1656 1171 czeteri
1687 1131 1838 1180 vero,
1877 1117 2027 1185 igna-

449 1225 513 1260 va
553 1224 742 1262 manus
787 1217 845 1261 et
881 1206 1136 1273 imbellis,
1165 1218 1448 1263 remanent
1497 1217 1652 1262 extra
1708 1206 2022 1263 Jordancm.

451 1304 505 1356 Si
541 1305 630 1373 qui
659 1313 842 1356 autem
891 1303 943 1356 in
998 1302 1130 1370 ipsis
1154 1302 1259 1356 viri
1298 1301 1466 1356 fortes
1498 1311 1645 1365 sunt,
1677 1303 1882 1358 relictis
1907 1303 2024 1355 ani-

449 1397 680 1450 malibus
732 1405 787 1449 et
843 1396 1134 1465 pecoribus
1189 1405 1241 1449 et
1286 1395 1539 1449 omnibus
1595 1394 2021 1462 impedimentis,

449 1488 997 1557 pugnantadversmn
1027 1488 1235 1541 hostem
1269 1486 1554 1538 nobiscum
1593 1501 1872 1554 usquequo
1903 1486 2023 1540 vin-

447 1589 643 1632 cantur
673 1577 875 1630 inimici
913 1579 1112 1641 nostri,
1151 1589 1436 1644 usquequo
1462 1575 1835 1629 htercditatem
1869 1589 2024 1629 terra:

445 1670 626 1730 bonae,
662 1677 818 1720 terrae
853 1666 1032 1719 mellis
1079 1665 1350 1734 lactisque
1384 1664 1686 1732 capiamus.
1724 1665 1857 1732 Quis
1879 1666 2022 1721 enim

445 1760 660 1814 dubitat
688 1759 832 1826 quod
880 1758 1052 1812 sancti
1085 1757 1290 1825 quique
1329 1765 1567 1825 patrum,
1601 1766 1653 1810 et
1687 1758 2024 1812 orationibus

447 1865 545 1904 nos
573 1852 784 1917 juvent,
825 1859 878 1901 et
914 1857 1192 1918 gestorum
1226 1863 1449 1901 suorum
1491 1848 1822 1903 confirment
1857 1861 2020 1919 atque
2058 1830 2097 1883 Β

443 1945 735 1999 hortentur
786 1941 1068 2010 exemplis,
1105 1939 1200 1994 sed
1235 1949 1291 1994 et
1341 1940 1706 1994 voluminibus
1749 1942 1883 2007 suis,
1928 1957 2024 2010 per

443 2052 506 2088 ea
557 2051 675 2104 qua:
736 2034 895 2088 nobis
951 2033 1015 2084 ad
1069 2031 1386 2085 memoriam
1441 2033 1642 2101 scripta
1681 2031 2024 2101 reliquerunt

443 2128 702 2180 docentes
761 2140 878 2190 nos,
923 2134 976 2177 et
1023 2124 1357 2177 instruentes
1411 2125 1683 2192 quomodo
1732 2126 2019 2179 adversum

444 2221 692 2274 inimicas
729 2224 1028 2284 potestates
1062 2215 1429 2269 dimicandum
1487 2216 1576 2280 sit,
1632 2226 1688 2270 et
1746 2220 2018 2286 quomodo

443 2327 679 2380 agonum
715 2309 992 2363 toleranda
1019 2307 1360 2361 certamina?
1389 2307 1631 2376 Pugnant
1654 2323 1781 2379 ergo
1805 2325 1900 2378 pro
1920 2324 2020 2365 no—

443 2408 527 2462 liis
559 2418 612 2461 et
643 2406 768 2474 ipsi,
813 2405 1069 2456 incedunt
1115 2403 1272 2472 primi
1310 2410 1436 2456 ante
1471 2416 1566 2456 nos
1618 2404 1837 2457 armati.
1870 2403 2024 2474 Ipsos

444 2499 592 2553 enim
632 2513 729 2552 nos
771 2497 1035 2550 habentes
1080 2497 1145 2547 ad
1189 2494 1517 2563 exemplum,
1551 2504 1602 2548 et
1656 2496 1901 2550 videntes
1931 2511 2024 2551 eo-

446 2606 565 2644 rum
597 2605 693 2656 per
717 2588 963 2658 spiritum
1001 2584 1160 2638 fortia
1189 2585 1351 2651 facta,
1372 2587 1746 2639 armantur-ad
1776 2586 2018 2654 prtelium

448 2679 714 2750 spiritale,
761 2690 814 2733 ct
875 2677 1134 2731 adversus
1192 2676 1453 2743 spiritalia
1499 2678 1753 2744 nequitia:
1805 2678 1857 2730 in
1911 2692 2024 2733 cae-

445 2773 675 2828 lestibus
735 2773 1078 2825 dimicamus.
1141 2769 1233 2823 Sic
1294 2772 1528 2839 denique
1581 2771 1672 2838 qui
1710 2769 1836 2825 Jesu
1887 2771 2023 2824 duce

441 2865 693 2926 militant,
729 2863 949 2934 triginta
976 2871 1120 2915 eteo
1152 2859 1390 2928 amplius
1424 2873 1580 2927 reges
1633 2861 1932 2930 perimunt,
1966 2872 2022 2916 et

443 2971 621 3013 terras
667 2972 858 3011 eorum
887 2965 1034 3009 sorte
1065 2951 1400 3007 haereditatis
1429 2951 1726 3020 accipiunt.
1774 2952 2022 3022 Depulsis

439 3066 673 3120 namque
723 3049 1060 3120 spiritalibus
1095 3044 1352 3114 nequitiis
1377 3046 1441 3097 de
1478 3044 1818 3112 caelestibus,
1850 3047 2013 3102 inere-

2143 563 2365 629 triginta
2398 573 2452 617 et
2479 578 2543 618 eo
2571 565 2802 633 amplius
2832 581 3008 635 reges,
3034 565 3155 621 illos
3186 566 3435 620 fortassis
3476 565 3543 619 de
3584 565 3710 634 qui-

2136 653 2233 707 bus
2271 656 2543 722 dieitur”,
2571 659 2697 726 quia
2730 676 2749 708 ‹
2774 659 3060 714 astiterunt
3090 675 3244 730 reges
3276 670 3455 725 teme,
3483 669 3535 713 et
3561 661 3710 728 prin-

2131 745 2275 815 cipes
2309 749 2619 818 congregati
2649 757 2776 802 sunt
2809 747 2862 802 in
2889 765 3078 815 unum,
3106 750 3370 804 adversus
3393 751 3708 814 Dominum,

2136 849 2186 890 ct
2237 838 2497 895 adversus
2539 840 2816 896 Christum
2860 840 3008 908 ejus;
3038 860 3056 893 ι
3088 842 3429 909 depulsisque
3464 843 3531 894 iis
3567 843 3709 908 regi-

2135 945 2234 984 .JllS
2277 940 2330 985 et
2377 934 2686 1002 prostratis,
2749 943 3008 1003 agnoscet
3064 933 3363 988 secretiora
3425 934 3707 1002 mysteria,

2138 1035 2418 1091 usquequo
2459 1026 2639 1078 veniat
2677 1024 2741 1079 ad
2787 1025 2933 1079 illum
2975 1023 3152 1079 locum
3185 1024 3273 1079 tibi
3315 1025 3470 1078 sedes
3500 1025 3588 1078 Dei
3619 1034 3702 1077 cst

2129 1121 2181 1166 et
2225 1111 2529 1171 Jerusalem
2581 1117 2774 1171 civitas
2824 1118 2921 1172 Dei
2973 1116 3225 1179 viventis,
3263 1130 3367 1169 nou
3418 1116 3516 1170 ista
3573 1133 3696 1183 qua:

2131 1205 2297 1256 servit
2337 1221 2460 1259 cum
2514 1208 2640 1263 filiis
2679 1209 2793 1263 suis
2844 1209 2895 1262 in
2937 1209 3122 1274 terris,
3169 1207 3260 1261 sed
3308 1207 3397 1260 illa
3443 1209 3704 1274 coelestia,

2128 1322 2247 1376 quae
2274 1308 2445 1361 libera
2482 1317 2588 1367 est,
2628 1313 2682 1358 et
2722 1313 2895 1358 mater
2925 1303 3170 1358 omnium
3203 1315 3446 1359 nostrum
3477 1321 3490 1355 :
3517 1307 3580 1358 ad
3612 1320 3705 1358 cu-

2122 1399 2210 1468 jus
2235 1413 2332 1453 nos
2362 1396 2737 1452 haeredilalcm
2769 1394 3065 1463 perducere
3098 1393 3354 1465 dignetur
3386 1394 3492 1448 dux
3524 1403 3574 1448 et
3603 1393 3707 1447 Do-

2129 1497 2308 1552 minus
2349 1503 2533 1546 nostcr
2581 1489 2736 1543 .Icsus
2773 1487 3044 1553 Christus,
3081 1489 3164 1540 cui
3190 1498 3272 1542 est
3301 1488 3474 1557 gloria
3512 1499 3567 1542 et
3602 1489 3708 1542 itn—

2127 1588 2338 1658 perium
2367 1585 2418 1637 in
2453 1582 2648 1637 sa'cnla
2681 1579 3022 1634 surculorum.
3053 1581 3244 1634 Amen.

2649 1670 2926 1727 IIOMILIA
2966 1669 3182 1724 XXVII.

2435 1768 2510 1820 De
2533 1765 2897 1820 mansionibus
2928 1763 3164 1831 ﬁliorum
3197 1765 3384 1816 Israel.

2200 1864 2252 1917 1.
2293 1863 2428 1916 Cum
2497 1859 2762 1913 conderet
2820 1857 2960 1910 Deus
3013 1856 3277 1909 tuundnm
3310 1896 3325 1920 ,
3393 1856 3706 1911 innumeras

2127 1956 2335 2008 creavit
2364 1954 2609 2007 ciborum
2644 1947 3003 2012 dilierentias,
3033 1963 3129 2015 pro
3157 1949 3570 2004 diversitatibus
3600 1951 3706 2005 sei-

2128 2043 2254 2097 licet
2295 2043 2378 2097 vel
2426 2039 2648 2094 humani
2690 2037 2968 2103 desiderii,
3000 2036 3083 2090 vel
3124 2047 3335 2092 natura:
3363 2041 3702 2094 animalium.

2127 2135 2280 2191 Unde
2319 2149 2422 2188 non
2472 2132 2648 2186 solum
2690 2130 2852 2183 homo
2900 2143 3020 2182 cuin
3055 2129 3251 2183 viderit
3279 2131 3592 2184 animalium
3622 2132 3703 2183 ci-

2128 2233 2274 2296 bum,
2317 2229 2415 2283 Scit
2468 2242 2591 2280 eum
2655 2241 2762 2279 non
2820 2241 2920 2294 pro
2969 2239 3048 2288 se,
3074 2224 3167 2278 sed
3226 2239 3322 2293 pro
3376 2226 3707 2278 animalibus

2126 2335 2395 2382 creatum,
2431 2321 2526 2374 sed
2575 2329 2628 2373 et
2683 2318 2796 2386 ipsa
2829 2317 3083 2371 animalia
3116 2327 3420 2386 agnoscunt
3450 2317 3704 2387 proprios

2126 2417 2318 2471 cibos:
2345 2423 2398 2468 et
2430 2413 2550 2466 aliis
2576 2413 2824 2479 quidem,
2856 2411 3008 2464 verbi
3038 2426 3224 2475 causa,
3251 2411 3422 2464 utitur
3455 2410 3559 2474 leo,
3585 2409 3706 2463 aliis

2125 2523 2346 2572 cervus,
2411 2506 2533 2558 aliis
2585 2506 2703 2569 bos,
2755 2505 2876 2558 aliis
2936 2520 3064 2558 vero
3123 2520 3273 2557 aves.
3319 2505 3424 2558 Sed
3463 2517 3519 2558 et
3567 2504 3709 2557 inter
3779 2541 3783 2546 -

2129 2600 2375 2653 homines
2443 2606 2568 2649 sunt
2639 2597 2890 2664 quaedam
2945 2593 3266 2646 differentiae
3331 2595 3383 2646 in
3443 2604 3705 2661 appeten-

2125 2691 2209 2745 dis
2249 2690 2386 2743 cihis
2416 2697 2510 2742 :et
2542 2687 2678 2740 alius
2732 2688 2948 2755 quidem
3009 2685 3098 2752 qui
3160 2686 3295 2737 bene
3341 2699 3504 2736 sanus
3532 2692 3616 2735 est
3650 2691 3704 2735 et

2127 2780 2446 2834 habitudine
2476 2778 2726 2846 corporis
2766 2776 2977 2840 valens,
3015 2773 3206 2826 fortem
3235 2773 3414 2825 cibum
3447 2772 3699 2840 requirit,

2124 2883 2180 2925 et
2209 2871 2383 2925 credit
2429 2868 2760 2935 conliilitque
2791 2865 2955 2919 cdere
2997 2865 3202 2927 omnia,
3233 2863 3374 2916 \‘clttl
3433 2863 3698 2918 robustis-

2126 2965 2246 3019 simi
2279 2963 2479 3031 quique
2525 2961 2880 3014 alhletarum.
2911 2957 2968 3013 Si
3003 2956 3126 3026 quis
3178 2970 3308 3009 vero
3349 2955 3702 3008 inﬁrmiorem

2126 3072 2184 3111 se
2213 3055 2376 3111 sentit
2416 3070 2471 3109 et
2507 3054 2829 3114 invalidum,
2870 3052 3172 3106 delectatur
3214 3048 3475 3111 oleribus,
3506 3058 3562 3100 et
3592 3047 3703 3101 for-

440 3143 660 3196 ditatem
697 3140 846 3212 regni
878 3137 1115 3194 cm‘lestis
1144 3152 1171 3188 a
1209 3132 1335 3188 Jcsu
1367 3133 1592 3187 Domino
1625 3144 1811 3188 nostro
1839 3135 2018 3204 perci-

2129 3160 2233 3204 tcm
2270 3148 2448 3201 cibum
2475 3161 2570 3215 pro
2607 3145 2689 3199 Sui
2721 3144 3036 3198 infirmitate
3073 3141 3317 3210 corporis
3342 3141 3452 3209 [59)
3479 3156 3585 3192 non
3613 3153 3702 3192 re—

437 3245 618 3305 piunt.

521 3324 572 3378 7.
619 3325 804 3378 Potest
851 3335 904 3376 et
963 3325 1150 3378 tertius
1207 3325 1385 3378 adhuc
1440 3318 1796 3391 expositionis
1851 3316 2022 3370 videri

447 3421 665 3484 modus,
703 3430 761 3473 ut
788 3421 839 3472 in
875 3419 1000 3472 ﬁliis
1027 3419 1212 3484 lsracl,
1241 3419 1290 3473 id
1321 3427 1402 3472 est
1434 3418 1486 3471 in
1520 3416 1716 3486 populo
1746 3415 2021 3478 Ecclesiae,

443 3513 820 3581 intelligantur
860 3512 1079 3579 quidam
1128 3525 1247 3564 esse
1298 3509 1595 3578 spiritales,
1641 3505 1864 3561 etiutra
1895 3503 2021 3559 Jor-

440 3608 633 3658 danem
685 3602 967 3671 percipere
1005 3601 1379 3654 haereditatem
1417 3610 1573 3653 terra:
1606 3595 1828 3650 fluentis
1863 3595 1946 3648 lac
1969 3607 2023 3648 et

439 3697 545 3749 mel
574 3714 586 3748 :
613 3696 894 3764 sapient'se
925 3694 1136 3746 scilicet
1163 3704 1216 3746 ct
1245 3694 1483 3745 SttiCIIllil‘.
1519 3691 1802 3759 capientes
1832 3687 2021 3743 dulce-

441 3786 646 3848 dinem,
681 3799 915 3852 quoruin
962 3793 1106 3835 terra
1159 3779 1378 3834 flumine
1419 3781 1536 3844 Dei,
1571 3781 1714 3848 quod
1758 3779 2020 3848 repletum

440 3885 526 3930 est
566 3878 723 3945 aquis
763 3876 961 3928 divinae
1012 3873 1405 3942 intelligentiae,
1456 3873 1827 3926 circumdatur
1863 3882 1917 3926 et
1951 3872 2022 3923 ri-

435 3970 638 4038 gatur."
678 3968 784 4022 Alii
837 3977 1019 4020 autem
1060 3975 1185 4018 sunt
1224 3966 1492 4028 carnales,
1543 3967 1631 4034 qui
1675 3964 1936 4034 jumentis
1969 3973 2024 4018 et

439 4059 758 4126 pecudibus,
797 4060 848 4113 id
884 4068 968 4112 est
1002 4057 1203 4112 crassis
1247 4068 1298 4110 et
1335 4056 1547 4111 stolidis
1571 4058 1820 4111 sensibus
1850 4058 2022 4110 abun-

439 4152 779 4204 dantzsieut
826 4159 983 4203 erant
1033 4148 1105 4201 illi
1165 4148 1230 4201 de
1279 4149 1480 4216 quibus
1526 4148 1742 4203 dicebat
1789 4151 2022 4218 Aposto-

441 4245 586 4300 lus73
613 4263 624 4298 :
652 4263 668 4295 ι
693 4245 769 4297 lta
813 4241 1079 4298 insensati
1129 4241 1284 4304 estis,
1317 4249 1376 4293 ut
1407 4257 1531 4295 cum
1571 4241 1760 4310 spiritu
1792 4240 2022 4310 emperi-

441 4340 536 4401 tis,
567 4353 710 4391 nunc
751 4352 912 4392 carne
949 4335 1310 4406 perliciamini
1336 4333 1357 4386 ?
1382 4352 1399 4384 ι
1427 4333 1546 4388 et“
1589 4351 1601 4387 :
1641 4353 1659 4385 ι
1685 4333 1728 4388 0
1763 4335 2021 4389 insensati

438 4428 665 4494 Galatae,
694 4430 814 4497 quis
851 4444 947 4482 vos
983 4427 1278 4482 faseiuavit
1307 4426 1526 4480 veritati
1561 4442 1668 4481 non
1711 4429 1972 4484 obedire?
1997 4448 2016 4482 ι

441 4522 549 4576 Sed
581 4532 635 4576 ct
665 4521 1039 4589 unusquisque
1080 4530 1351 4585 nostrum,
1386 4520 1485 4574 nisi
1519 4535 1576 4575 se
1605 4522 1916 4586 armaverit,
1947 4532 2021 4586 et,

441 4611 669 4679 abiectis
721 4612 896 4665 brutis
937 4609 1274 4666 etbelluinis
1305 4614 1577 4678 sensibus,
1610 4614 1677 4667 ad
1715 4615 2014 4682 spiritalem

418 4694 856 4769 intelligentiam
901 4703 1298 4771 properaverit,
1348 4703 1650 4758 remanebit
1683 4717 1840 4760 extra
1895 4708 2020 4763 Jor-

442 4795 662 4857 danem,
693 4809 792 4847 nec
839 4793 1039 4863 poterit
1071 4807 1167 4863 per
1201 4793 1480 4863 sapientize
1509 4793 1707 4850 ﬂutnen
1738 4796 2015 4868 incedere,

441 4885 583 4954 quod
635 4884 875 4939 laetificat
917 4885 1196 4940 civitatem
1259 4885 1379 4953 Dei,
1423 4886 1478 4940 id
1525 4896 1608 4943 est
1652 4891 1886 4944 animam
1925 4890 2018 4945 Dei

440 4989 698 5044 capacem
728 4992 742 5028 :
771 4993 875 5030 uon
921 4986 1249 5045 assequetur
1310 4975 1650 5046 eloquiorum
1692 4982 1902 5037 Domini
1939 4983 2021 5035 iu-

443 5074 664 5141 teriora,
716 5092 838 5145 qua:
875 5085 999 5130 sunt
1047 5077 1290 5132 dulciora
1343 5093 1506 5148 super
1546 5077 1648 5131 mel
1697 5089 1752 5131 ct
1811 5079 2017 5142 favum,

409 5165 534 5246 [sed
567 5167 711 5221 illam
738 5173 1114 5226 tantummodo
1151 5179 1517 5240 consequetur
1557 5180 1786 5235 terram,
1820 5171 1872 5224 in
1911 5187 2016 5240 qua

439 5257 548 5310 duo
592 5274 748 5328 reges
796 5261 961 5314 occisi
1010 5271 1158 5327 sunt,
1205 5263 1295 5315 ubi
1338 5263 1551 5316 dicatur
1606 5263 1721 5317 ei"
1765 5279 1778 5315 :
1825 5282 1842 5314 ι
1876 5265 2017 5318 Nihil

439 5350 586 5404 aliud
614 5354 851 5420 judicavi
887 5370 970 5409 nte
1006 5355 1181 5423 ipsum
1227 5357 1370 5410 scire
1401 5357 1544 5411 inter
1574 5372 1670 5410 vos
1701 5356 1804 5411 nisi
1832 5356 2014 5409 Jesunt

438 5442 735 5513 Christum,
770 5458 824 5500 et
853 5449 991 5501 hunc
1010 5446 1352 5500 crucifixum.
1386 5465 1404 5498 ι
1433 5447 1533 5513 Qui
1570 5457 1748 5501 autem
1779 5449 2018 5515 potuerit

443 5546 679 5598 transire
706 5542 1017 5611 Jordanem,
1038 5552 1091 5598 et
1123 5547 1189 5597 ad
1225 5543 1483 5597 interiora
1517 5552 1828 5612 penetrare,
1853 5542 2018 5614 374

511 5678 558 5708 ⁷³
587 5678 706 5732 Gal.
735 5695 816 5743 tu,
838 5680 891 5733 5.
968 5679 1013 5712 7"
1048 5680 1206 5740 ibid.,
1237 5679 1286 5731 l.
1361 5677 1449 5731 ⁷⁸1
1486 5677 1608 5732 Cor.
1639 5676 1703 5742 ΙΙ,
1733 5677 1788 5732 2.

509 5790 627 5859 (59)
662 5792 926 5859 (.urporia.
955 5790 1182 5844 DceStiu
1205 5789 1497 5858 editis,sed
1531 5789 1998 5860 suppleturemss.

2129 3243 2282 3311 cipit.
2321 3240 2376 3294 Si
2413 3255 2539 3293 vero
2575 3239 2645 3292 sit
2673 3239 2868 3307 aliquis
2899 3233 3175 3305 parvulus,
3203 3233 3412 3287 etiamsi
3460 3247 3592 3286 voce
3629 3232 3706 3284 in-

2127 3333 2310 3386 dicare
2357 3347 2460 3383 nun
2517 3329 2704 3398 possit,
2757 3344 2812 3381 re
2870 3338 3051 3380 tamen
3109 3325 3226 3394 ipsa
3280 3323 3478 3376 nullam
3532 3321 3693 3376 aliam

2127 3436 2290 3490 quam
2333 3421 2493 3474 lactis
2532 3418 2763 3486 requirit
2799 3417 3132 3471 alimoniam.
3175 3415 3242 3467 Et
3282 3414 3352 3466 ita
3407 3414 3704 3482 unusquis-

2128 3529 2235 3582 que
2268 3514 2348 3566 vel
2375 3527 2471 3581 pro
2509 3521 2668 3564 tet-ate
2698 3508 2782 3563 vel
2821 3525 2920 3578 pro
2947 3507 3176 3572 viribus,
3214 3506 3295 3561 vel
3332 3521 3429 3576 pro
3460 3507 3706 3574 corporis

2127 3606 2461 3669 valetudine,
2491 3612 2673 3672 aptum
2712 3603 2813 3655 sibi
2849 3613 2898 3656 et
2933 3608 3328 3667 competentem
3361 3598 3569 3652 viribus
3592 3600 3706 3653 suis

2126 3698 2334 3766 expetit
2374 3697 2575 3751 cibum.
2615 3697 2672 3748 Si
2718 3692 3052 3749 sufﬁcienter
3096 3709 3277 3747 rcrmu
3337 3691 3702 3758 corporaliqu

2125 3788 2524 3844 considet-ustis
2557 3785 2893 3854 exemplum,
2933 3800 3073 3838 nunc
3106 3785 3172 3838 ab
3204 3785 3267 3838 iis
3293 3785 3357 3836 ad
3409 3782 3705 3851 intelligen-

2127 3881 2254 3934 tiam
2288 3879 2612 3948 spiritalium
2646 3878 2950 3930 veniamus.
2984 3876 3177 3930 Omnis
3212 3884 3405 3928 natura
3463 3875 3706 3927 rationa-

2123 3970 2247 4024 bilis
2282 3970 2516 4039 propriis
2555 3977 2612 4021 et
2642 3968 2744 4021 sibi
2787 3966 3227 4036 competenti-bus
3268 3964 3462 4018 nutriri
3505 3962 3707 4031 indiget

2125 4064 2284 4118 cibis.
2325 4063 2494 4134 Cibus
2529 4069 2707 4113 autem
2735 4074 2897 4113 verus
2924 4067 3132 4111 naturae
3167 4056 3503 4110 rationabilis
3527 4068 3709 4107 sermo

2126 4158 2219 4211 Dei
2249 4165 2352 4212 est.
2391 4155 2500 4210 Sed
2537 4155 2679 4207 sicut
2728 4152 2783 4206 iu
2842 4153 3192 4205 nutrimentis
3224 4149 3472 4220 corporis
3511 4147 3708 4200 Inultas

2123 4251 2285 4320 paulo
2333 4259 2459 4304 ante
2489 4249 2740 4304 dedimus
2776 4245 3132 4311 differentias,
3176 4245 3252 4299 ita
3296 4255 3350 4299 et
3391 4253 3582 4297 natura
3627 4256 3710 4295 ra-

2127 4345 2371 4409 tionalis,
2424 4358 2544 4412 qua:
2587 4340 2801 4394 ratione
2844 4349 2899 4393 et
2950 4338 3118 4392 verho
3172 4336 3285 4399 Dei,
3334 4345 3392 4388 ut
3440 4335 3704 4395 diximuz,

2122 4437 2388 4505 pascitur,
2423 4449 2529 4488 non
2560 4433 2737 4488 omnis
2764 4445 2870 4482 uno
2918 4438 3078 4497 atque
3113 4427 3302 4481 eodem
3333 4427 3496 4482 verbo
3536 4425 3707 4478 nutri-

2060 4517 2101 4570 Ι)
2129 4538 2237 4582 tur.
2271 4527 2426 4583 Unde
2460 4526 2526 4580 ad
2572 4521 2986 4578 similitudinem
3021 4519 3322 4588 corporalis
3362 4515 3594 4584 exempli
3626 4527 3708 4568 est

2127 4622 2401 4690 aliquibus
2447 4619 2612 4671 etiam
2669 4613 2781 4685 (60)
2831 4614 2885 4666 in
2947 4611 3116 4664 verbo
3155 4609 3249 4663 Dei
3306 4611 3459 4663 cibus
3501 4607 3704 4661 lactis:

2127 4714 2372 4783 apertior
2413 4713 2621 4766 scilicet
2659 4705 3067 4774 simpliciorque
3099 4701 3366 4764 doctrina,
3403 4710 3459 4753 ut
3490 4701 3557 4754 de
3591 4713 3709 4752 mo-

2129 4806 2330 4860 ralibus
2365 4820 2486 4859 esse
2535 4802 2696 4863 solet,
2731 4813 2852 4868 qua:
2903 4797 3130 4868 praeberi
3164 4795 3447 4849 consuevit
3476 4787 3570 4860 iis,
3604 4793 3697 4860 qui

2131 4895 2286 4948 initia
2312 4894 2513 4948 habent
2546 4891 2599 4942 in
2631 4888 2835 4943 divinis
2859 4887 3078 4952 studiis,
3101 4895 3154 4939 et
3181 4886 3352 4954 prima
3381 4882 3708 4937 eruditionis

2131 4986 2470 5042 rationabilis
2507 4985 2776 5037 elementa
2819 4980 3148 5050 suscipiunt.
3180 4977 3276 5030 llis
3309 4991 3441 5045 ergo
3471 4990 3592 5028 cum
3625 4990 3710 5026 re-

2130 5084 2329 5138 citatur
2357 5078 2480 5132 talis
2525 5075 2704 5146 aliqua
2741 5074 3046 5129 divinorum
3073 5071 3410 5126 voluminum
3441 5067 3706 5148 lectio,lin

2139 5189 2242 5243 qua
2273 5188 2377 5224 non
2427 5168 2681 5222 videatur
2718 5166 2923 5234 aliquid
2950 5165 3264 5227 obscurum,
3298 5161 3530 5214 libenter
3561 5157 3708 5211 acci-

2129 5269 2279 5337 piunt
2312 5281 2326 5320 :
2355 5263 2507 5316 verbi
2552 5276 2734 5324 causa,
2769 5270 2826 5313 ut
2856 5272 2937 5314 est
2994 5257 3203 5312 libellus
3240 5256 3456 5317 Esther,
3483 5260 3578 5306 aut
3616 5249 3708 5303 Ju-

2127 5358 2262 5420 dith,
2309 5355 2390 5409 vel
2426 5355 2592 5408 etiam
2624 5351 2827 5416 Tobiae,
2871 5361 2963 5403 aut
2997 5350 3254 5404 tnandata
3295 5343 3606 5415 Sapientim.
3649 5340 3704 5392 Si

2127 5467 2256 5504 vero
2288 5449 2495 5516 legatur
2533 5447 2582 5500 ei
2640 5447 2779 5499 liber
2821 5445 3072 5511 Levitici,
3108 5441 3404 5496 offenditur
3451 5435 3707 5489 continuo

2128 5542 2362 5605 animus,
2405 5549 2460 5593 et
2508 5540 2662 5607 quasi
2719 5553 2823 5591 non
2877 5551 3033 5590 suum
3099 5533 3297 5604 refugit
3349 5530 3553 5584 cibum.
3601 5523 3704 5589 Qui

1865 5679 1912 5711 ⁷⁸
1938 5681 2168 5746 ι)δαι.,ιι,
2201 5679 2257 5735 2.

2180 5788 2292 5862 (60)
2315 5787 2494 5842 Codex
2528 5785 2587 5844 S.
2625 5784 2968 5850 Theoderici,
3002 5793 3111 5836 «est
3141 5778 3334 5847 aliquis
3355 5777 3570 5840 etiaitt,i
3599 5790 3711 5833 etc.
