4134 6386
474 439 574 501 7H

1608 430 1671 485 IN
1712 416 2046 484 Nummos
2072 421 2354 479 Hosiuis
2381 409 2594 479 xxvii.

3619 423 3721 478 79".!

475 567 620 620 enim
673 558 822 614 venit
875 563 931 610 ut
977 552 1211 609 disceret
1248 550 1414 604 Deum
1453 548 1658 611 colere,
1715 544 1940 614 justitiae
1991 557 2055 596 ac
2085 540 2129 597 Α
2164 539 2214 590 in
2268 539 2584 606 prmihtione
2629 539 3012 609 praemisimus,
3050 551 3107 592 ut
3154 541 3481 595 suscitemus
3515 543 3730 596 animos

474 657 693 726 pietatis
727 653 845 721 ejus
870 655 1148 720 praecepta
1181 643 1485 712 suscipere,
1516 639 1666 692 audit
1707 636 1959 690 mandata
1988 635 2052 686 de

382 804 392 813 ,
470 748 762 806 sacriﬁciis
785 745 928 809 dari,
956 753 1006 796 et
1036 737 1468 795 immolationum
1507 733 1642 787 ritus
1679 732 1886 794 doceri,
1920 745 2051 796 quo-

473 842 636 896 modo
676 855 781 894 non
822 837 1084 892 continuo
1144 830 1342 885 avertit
1383 827 1646 887 auditum,
1687 832 1741 876 et
1796 833 2052 886 tanquam

476 945 581 984 non
611 929 714 983 sibi
743 936 926 996 aptum
983 925 1164 978 cibum
1209 918 1468 976 recusat?
1505 915 1611 970 Sed
1657 922 1713 968 et
1750 912 1889 966 alius
1926 928 2050 965 cum

477 1025 730 1095 leguntur
761 1018 1086 1087 Evangelia;
1109 1015 1193 1069 vel
1237 1012 1552 1082 Apostolus,
1583 1017 1674 1062 aut
1712 1005 1934 1067 Psalmi,
1963 1004 2053 1058 lae-

481 1100 848 1184 tus-suscipit,
893 1111 1131 1165 libenter
1177 1105 1544 1175 amplectitur,
1587 1111 1641 1155 et
1683 1100 1827 1154 velut
1879 1110 2050 1152 reme-

478 1212 566 1265 dia
601 1207 848 1278 quaedam
884 1199 1219 1261 inﬁrmitatis
1253 1212 1363 1252 sua:
1393 1197 1516 1250 inde
1539 1193 1801 1260 colligens
1833 1192 2051 1263 gaudet.

479 1301 614 1355 Huic
647 1300 690 1353 si
737 1297 949 1366 legatur
980 1293 1345 1348 Numerorum
1388 1291 1546 1356 liber,
1574 1297 1630 1342 ct
1665 1289 1766 1342 ista
1817 1285 2054 1340 maxime

480 1393 596 1446 loca
627 1403 745 1458 quae
779 1402 922 1442 nunc
956 1387 1220 1440 habemus
1251 1385 1303 1438 in
1339 1381 1612 1446 manibus,
1657 1379 1794 1433 nihil
1835 1379 1949 1432 haec
1983 1375 2051 1430 ad

481 1481 797 1542 utilitatem,
830 1477 968 1532 nihil
992 1477 1057 1531 ad
1089 1474 1426 1530 inﬁrmitatis
1448 1487 1561 1528 suae
1589 1471 1919 1534 remedium,
1956 1477 2052 1523 aut

479 1575 673 1628 anima:
717 1570 948 1624 salutem
993 1570 1252 1640 prodesse
1294 1567 1590 1637 judicabit;
1641 1566 1733 1619 sed
1794 1563 2052 1618 continuo

482 1666 758 1728 refutabit,
809 1671 863 1719 et
916 1674 1137 1733 respuet
1188 1673 1445 1732 tanquam
1485 1674 1676 1730 graves
1703 1665 1760 1712 et
1787 1671 2052 1711 onerosos

480 1764 653 1824 cibos,
677 1771 729 1815 et
761 1760 848 1829 qui
913 1773 1069 1828 mgrae
1111 1765 1274 1824 atque
1318 1751 1572 1807 invalidae
1608 1765 1714 1803 nou
1741 1754 2055 1816 competant

480 1857 695 1911 animm.
741 1855 848 1910 Sed
886 1854 1046 1914 sicut,
1085 1847 1235 1903 verbi
1273 1845 1446 1912 gratia
1477 1843 1563 1911 (ut
1600 1842 1798 1895 iterum
1835 1855 1900 1895 ex
1929 1853 2052 1893 cor-

478 1957 754 2024 poralibus
782 1959 1091 2020 repetamus
1130 1938 1424 2010 exempla),
1449 1934 1587 1990 leoni
1627 1934 1673 1988 si
1701 1934 1865 2024 detur
1893 1931 2053 2024 intel-

477 2023 673 2107 lectus.
709 2059 817 2098 non
869 2038 1126 2097 continuo
1156 2030 1395 2102 culpabit
1433 2025 1822 2083 abundantiam
1855 2023 2054 2077 herba-

483 2153 600 2192 rum
633 2143 892 2194 creatam,
929 2129 1052 2197 qnia
1087 2127 1206 2193 ipse
1251 2121 1437 2177 crudis
1480 2117 1735 2173 carnibus
1788 2114 2050 2177 vescitur,

479 2247 584 2286 nec
631 2231 775 2283 dicet
832 2225 950 2278 illas
1002 2217 1273 2290 superﬂue
1315 2229 1346 2267 a
1391 2211 1688 2268 Conditore
1736 2206 2049 2278 productas,

482 2325 606 2394 quia
634 2323 749 2392 ipse
773 2333 957 2374 earum
993 2314 1114 2370 cibo
1142 2325 1252 2365 non
1279 2308 1444 2363 utitur
1473 2323 1484 2358 :
1511 2318 1610 2357 nec
1643 2299 2049 2394 iterumhomo,

481 2389 607 2486 quia
644 2389 784 2482 pane
817 2411 1047 2478 aliisque
1083 2405 1223 2474 aptis
1266 2401 1368 2458 sibi
1409 2399 1583 2453 utitur
1609 2389 2057 2486 alimouiis,_cul-

480 2483 610 2579 pare
651 2507 810 2561 debet
843 2519 938 2558 cur
967 2499 1159 2557 fecerit
1195 2498 1336 2551 Deus
1366 2500 1664 2560 serpentes,
1701 2501 1838 2556 quos
1870 2483 2052 2539 cibum

479 2603 664 2658 videat
697 2600 936 2669 praibcre
967 2594 1176 2657 cervis;
1219 2601 1392 2658 neque
1417 2586 1555 2647 ovis,
1573 2593 1666 2636 aut
1688 2584 1785 2636 bos
1808 2579 2050 2649 culpare,

479 2694 632 2748 verbi
669 2705 857 2752 causa,
889 2685 1032 2756 quod
1073 2684 1196 2738 aliis
1247 2678 1574 2734 animalibus
1613 2672 1871 2729 carnibus
1904 2671 2052 2724 vesci

480 2789 666 2839 datum
711 2791 815 2844 est,
865 2794 984 2832 cum
1031 2777 1162 2844 ipsis
1215 2773 1278 2825 ad
1322 2769 1587 2825 edendum
1641 2766 1886 2835 gramina
1939 2764 2052 2818 sola

479 2875 772 2932 suﬁiciaut.
803 2872 877 2925 lta
921 2884 1050 2937 ergo
1086 2875 1139 2920 et
1177 2868 1229 2919 in
1269 2862 1405 2918 cibis
1440 2859 1816 2920 rationalibus,
1844 2857 2054 2912 divino-

478 2982 599 3023 rum
649 2968 772 3019 dico
813 2962 1169 3022 voluminum,
1198 2972 1305 3011 non
1348 2954 1604 3010 continuo
1653 2961 1746 3005 aut
1785 2951 2051 3021 culpanda

479 3068 575 3114 aut
609 3057 893 3111 refutanda
924 3062 1004 3106 est
1039 3051 1348 3120 Scriptura,
1374 3060 1492 3115 qua":
1523 3043 1788 3099 diﬂicilior
1832 3051 1926 3097 aut
1957 3043 2055 3096 ob-

481 3154 696 3210 scurior
731 3151 797 3204 ad
835 3147 1240 3216 intelligendum
1268 3142 1502 3203 videtur,
1534 3139 1621 3194 vel
1645 3153 1707 3193 ea
1744 3137 2049 3201 continere,

479 3247 679 3316 quibus
741 3243 856 3297 sive
898 3239 1184 3306 incipiens,
1219 3244 1274 3289 et
1322 3232 1601 3304 parvulus,
1633 3231 1747 3285 sive
1782 3230 2050 3283 inﬁrmior

479 3349 535 3393 et
562 3339 738 3394 minus
768 3335 832 3389 ad
860 3332 1210 3402 intelligenda
1241 3329 1424 3383 omnia
1452 3326 1663 3379 validus
1695 3324 1770 3378 uti
1813 3339 1919 3376 non
1951 3336 2046 3391 po-

480 3438 605 3496 test,
644 3444 742 3482 nec
771 3425 1004 3481 conferri
1035 3423 1141 3477 sibi
1173 3437 1239 3476 ex
1273 3421 1338 3474 iis
1380 3417 1634 3473 utilitatis
1681 3416 1886 3485 aliquid
1929 3415 2051 3468 exi-

479 3522 662 3576 stimat
692 3530 784 3571 aut
821 3515 1052 3571 salutis:
1079 3513 1174 3567 sed
1199 3510 1544 3567 considerare
1578 3505 1740 3560 debes
1763 3505 1897 3576 (6|),
1925 3505 2051 3572 quia

477 3616 620 3671 sicut
655 3624 882 3678 serpens
912 3616 966 3662 et
997 3606 1138 3668 ovis,
1175 3614 1231 3658 et
1272 3603 1371 3657 bos
1408 3610 1465 3655 et
1521 3603 1706 3662 homo,
1752 3614 1814 3653 ac
1865 3597 2049 3652 fenum

478 3706 573 3760 Dei
608 3710 858 3760 creatura
890 3706 1015 3761 sunt
1043 3695 1253 3758 omnia,
1279 3701 1334 3748 et
1367 3693 1659 3748 diversitas
1695 3691 1796 3744 ista
1828 3691 1896 3745 ad
1929 3691 2046 3744 lau-

475 3798 598 3852 dem
630 3801 841 3864 spectat
871 3800 926 3846 et
953 3789 1178 3860 gloriam
1225 3785 1523 3852 Creatoris,
1550 3784 1694 3854 quod
1740 3792 2051 3853 competen-

477 3899 590 3952 tem
641 3894 691 3940 et
745 3885 797 3938 in
847 3892 1091 3950 tempore
1141 3879 1437 3947 unicuique
1491 3891 1681 3931 eorum
1721 3890 1819 3943 pro
1852 3874 2050 3944 quibus

475 3991 659 4038 creata
691 3987 835 4043 sunt,
863 3977 945 4031 vel
975 3975 1272 4046 praebeant,
1320 3971 1404 4026 vel
1453 3971 1672 4038 capiant
1713 3969 1889 4023 cibum
1921 3985 1936 4022 :
1976 3970 2049 4020 ita

474 4088 531 4133 et
575 4076 694 4131 hrec
728 4071 908 4128 omnia
963 4083 1082 4138 quae
1125 4067 1290 4120 verba
1343 4065 1438 4120 Dei
1502 4074 1649 4128 sunt,
1676 4072 1729 4116 et
1765 4063 1818 4117 in
1855 4063 2051 4132 quibus

475 4170 722 4226 diversus
753 4179 850 4234 pro
878 4174 1038 4232 captu
1079 4161 1384 4214 animarum
1430 4159 1586 4213 cibus
1623 4167 1728 4224 est,
1761 4157 2051 4225 unusquis-

475 4276 580 4330 que
619 4266 777 4328 prout
822 4269 1014 4310 sauum
1053 4268 1112 4308 se
1168 4261 1222 4307 et
1269 4251 1506 4305 validum
1561 4251 1750 4320 sentit,
1779 4258 2044 4304 assumat.

474 4350 733 4419 Quamvis
785 4358 839 4402 et
881 4349 924 4401 si
968 4345 1280 4414 diligentius
1322 4345 1687 4412 requiramus,
1717 4340 1871 4396 verbi
1921 4356 2049 4395 cau-

475 4457 576 4505 sa,
631 4443 683 4495 in
765 4437 1037 4507 Evangelii
1101 4436 1362 4497 lectione,
1422 4433 1506 4488 vel
1584 4431 1878 4502 apostolica
1951 4431 2047 4485 do-

472 4534 672 4596 ctrina,
731 4532 783 4584 iu
847 4531 1040 4599 quibus
1092 4526 1350 4583 delectari
1409 4525 1650 4586 videris,
1708 4531 1760 4577 et
1815 4523 1866 4577 iu
1919 4523 2041 4591 qui-
2077 4548 2122 4604 ι)

473 4625 573 4679 bus
630 4625 726 4677 tibi
777 4622 1114 4692 aptissimum
1177 4629 1232 4675 et
1283 4619 1670 4674 suavissimum
1704 4618 1930 4685 deputas
1964 4615 2042 4669 ci-

471 4718 622 4781 bum,
671 4724 872 4785 quauta
949 4722 1075 4768 sunt
1129 4727 1250 4781 qua:
1301 4722 1354 4765 te
1417 4711 1612 4777 latent,
1673 4708 1721 4762 si
1779 4707 2043 4763 discutias

469 4820 524 4862 et
589 4789 951 4876 perscruteris
1027 4807 1280 4857 mandata
1354 4802 1610 4856 Domini?
1663 4801 1812 4867 Quod
1854 4800 1895 4854 si
1953 4812 2038 4863 ca,

469 4914 594 4969 quae
667 4899 898 4953 obscura
968 4897 1221 4951 videntur
1285 4905 1340 4952 et
1399 4894 1674 4958 diﬂicilia,
1725 4892 2038 4962 refugienda

470 4997 597 5041 sunt
648 4988 897 5057 protinus
944 4995 999 5040 et
1051 4987 1299 5050 vitanda,
1357 4985 1601 5039 invenies
1637 4984 1881 5039 etiamin
1910 4982 2039 5047 illis,

467 5079 630 5150 375
663 5080 713 5132 in
750 5078 944 5147 quibus
977 5077 1132 5132 valde
1166 5077 1415 5140 conﬁdis,
1465 5087 1573 5130 tam
1611 5075 1777 5130 multa
1809 5075 2041 5130 obscura

469 5180 523 5222 et
563 5169 823 5232 diﬂicilia,
857 5178 916 5222 ut
954 5170 999 5223 si
1044 5170 1184 5223 hanc
1231 5170 1558 5223 sententiam
1593 5178 1804 5232 teneas,
1844 5168 1914 5221 sit
1947 5167 2041 5221 tibi

469 5263 632 5314 etiam
677 5263 800 5316 inde
845 5262 1228 5316 recedendum.
1288 5261 1431 5315 Sunt
1479 5271 1657 5315 tamen
1702 5261 1933 5330 plurima
1987 5261 2040 5314 in

469 5355 594 5416 illis,
637 5370 756 5423 qtne
801 5355 1039 5422 apertius
1084 5364 1138 5408 et
1190 5354 1492 5422 simplicius
1523 5355 1664 5407 dicta
1700 5363 1848 5418 sunt,
1877 5371 2038 5423 quam

467 5455 524 5499 ut
572 5447 728 5512 parvi,
774 5461 966 5500 sensus
1016 5448 1279 5502 mditicent
1317 5449 1642 5501 auditorem.
1697 5447 1821 5503 llrec
1855 5458 2034 5504 autem

537 5564 578 5596 "
607 5563 763 5618 Num.
792 5579 988 5625 xxxiii,
1033 5564 1169 5618 1.2.
1243 5565 1288 5595 ⁷⁸
1309 5563 1468 5618 Joau.
1516 5580 1627 5630 xw,
1660 5565 1714 5618 2.

541 5656 650 5726 (bl)
683 5657 831 5722 Mss.,
870 5677 886 5708 ς
911 5660 1095 5712 debes.
1128 5677 1146 5710 ι
1184 5657 1341 5712 Libb.
1404 5659 1556 5720 editi,
1614 5660 1873 5714 «debet.»
1913 5661 2037 5716 Mox

467 5729 629 5782 iidem
661 5743 814 5786 mss..
853 5746 870 5777 ι
896 5740 946 5781 et
974 5731 1090 5784 ovis
1123 5739 1178 5783 et
1198 5732 1316 5797 bos,
1344 5739 1396 5781 et
1419 5730 1599 5783 homo.
1629 5750 1646 5780 ι
1674 5730 1729 5783 lu
1759 5731 1888 5784 libb.
1920 5735 2034 5786 edi-

467 5799 536 5852 tis
563 5800 731 5859 deest,
765 5818 782 5850 ι
805 5810 859 5852 et
891 5799 1006 5852 bos.
1031 5819 1048 5850 ι

543 5868 650 5937 ίέίῑέ)
682 5869 862 5924 Codex
910 5872 1092 5924 Sancti
1123 5869 1444 5926 Theudorici
1482 5871 1656 5925 solum
1695 5873 1878 5930 habet.
1933 5892 1951 5924 ι
1976 5876 2038 5928 de

2158 641 2390 694 vestros,
2439 632 2694 701 quoniam
2746 633 2964 701 quidem
3011 634 3313 701 bujusmodi
3367 634 3527 688 lectio
3563 635 3731 688 habe—

2159 731 2247 776 tur
2282 724 2334 776 in
2370 724 2636 788 manibus,
2667 739 2786 792 qua:
2815 724 3048 778 diﬂicilis
3097 727 3162 776 ad
3209 724 3646 794 intelligendum,
3675 735 3730 777 et

2157 815 2424 884 superﬂua
2447 816 2695 869 videatur
2733 817 2797 869 ad
2829 816 3138 886 legendum.
3169 817 3274 872 Sed
3306 835 3410 872 nou
3442 834 3731 889 possumus

2159 908 2260 961 hoc
2293 909 2475 962 dicere
2504 910 2576 964 de
2599 909 2771 962 sancti
2807 909 3047 977 Spiritus
3081 909 3423 981 litteris(62),
3452 911 3595 980 quod
3624 910 3730 964 ali-

2156 999 2285 1066 quid
2337 998 2389 1051 iu
2437 999 2517 1052 eis
2561 1000 2792 1054 otiosum
2837 1001 2907 1055 sit
2955 1009 3045 1053 aut
3104 1001 3457 1070 superﬂuum,
3509 1005 3728 1059 etiamsi

2157 1090 2432 1159 aliquibus
2466 1091 2750 1146 videantur
2787 1094 3039 1148 obscura.
3074 1095 3178 1150 Sed
3210 1097 3315 1151 hoc
3344 1099 3519 1164 potius
3553 1099 3731 1152 facere

2159 1180 2439 1247 debemus,
2477 1191 2534 1234 ut
2562 1181 2748 1236 oculos
2778 1184 2976 1238 mentis
3012 1197 3212 1241 nostra:
3249 1197 3632 1242 convertemus
3662 1191 3729 1241 ad

2157 1285 2302 1336 eum,
2333 1273 2422 1340 qui
2456 1273 2570 1328 haec
2600 1274 2762 1329 scribi
2786 1274 2969 1344 jussit,
3005 1285 3060 1330 et
3093 1278 3161 1330 ab
3193 1279 3308 1348 ipso
3344 1281 3535 1334 horum
3571 1281 3731 1335 intel-

2157 1361 2434 1433 ligentiam
2464 1366 2796 1433 postulemus
2823 1381 2838 1420 :
2866 1377 2926 1422 ut
2952 1369 3065 1423 sive
3096 1370 3384 1426 inﬁrmitas
3412 1382 3492 1427 est
3528 1373 3578 1426 in
3613 1374 3736 1427 aui-

2158 1468 2242 1507 ma
2281 1465 2486 1520 nostra,
2521 1467 2678 1510 sanet
2711 1473 2807 1512 nos
2841 1459 2952 1526 ille,
2977 1461 3066 1531 qui
3099 1472 3257 1517 sanat
3283 1479 3473 1519 omnes
3502 1465 3735 1534 languo-

2158 1562 2243 1602 rcs
2268 1546 2389 1614 ejus
2421 1566 2434 1602 :
2463 1548 2576 1602 sive
2609 1552 2762 1617 parvi
2808 1555 3000 1628 sensus
3032 1568 3245 1620 sumus,
3275 1558 3418 1611 adsit
3449 1561 3604 1613 nobis
3638 1576 3734 1613 cu-

2156 1640 2398 1695 stodiens
2433 1642 2688 1709 parvulos
2742 1644 3022 1706 Dominus,
3062 1657 3119 1701 et
3145 1651 3382 1703 cnutriat
3417 1667 3536 1717 nos,
3569 1662 3734 1722 atque

2159 1732 2212 1786 in
2257 1749 2569 1788 mensuram
2603 1736 2780 1788 aetatis
2831 1739 3086 1796 adducat.
3141 1740 3445 1812 Utrumque
3480 1746 3624 1799 enim
3677 1748 3730 1799 in

2160 1825 2315 1879 nobis
2344 1836 2448 1892 est,
2482 1836 2540 1880 ut
2569 1843 2633 1881 ex
2679 1828 2910 1884 inﬁrmis
2957 1832 3024 1884 ad
3071 1833 3382 1900 sanitatem,
3425 1844 3476 1888 et
3501 1853 3569 1890 ex
3601 1853 3732 1906 par-

2160 1918 2297 1972 vulis
2347 1921 2413 1971 ad
2460 1928 2676 1973 aetatem
2727 1921 2940 1974 virilem
2994 1925 3281 1991 pervenire
3330 1929 3622 1995 possimus.
3673 1931 3728 1982 In

2157 2009 2313 2062 nobis
2345 2025 2474 2079 ergo
2507 2021 2608 2077 est,
2647 2012 2760 2066 haec
2805 2029 2832 2064 a
2869 2012 2975 2068 Deo
3006 2031 3246 2084 poscere.
3289 2018 3380 2072 Dei
3416 2031 3592 2074 autem
3627 2033 3730 2082 est,

2155 2100 2464 2167 petentibus
2515 2105 2646 2158 dare
2692 2114 2746 2158 et
2796 2105 3134 2176 pulsantibus
3175 2111 3406 2178 aperire.
3446 2112 3550 2168 Sed
3597 2119 3732 2171 satis

2157 2191 2228 2244 sit
2263 2191 2361 2245 ista
2395 2193 2661 2259 praefatio.

2226 2284 2279 2339 2.
2314 2285 2466 2341 Nune
2489 2286 2600 2355 jam
2651 2291 2718 2343 ad
2749 2290 2995 2346 lectionis
3041 2294 3209 2364 ipsius
3243 2313 3362 2366 qua:
3395 2301 3621 2355 recitata
3649 2314 3733 2357 est

2157 2378 2437 2433 veniamus
2483 2381 2784 2446 exordium,
2835 2393 2915 2447 ttt,
2947 2384 3174 2452 juvaute
3220 2389 3465 2457 Domino,
3513 2410 3730 2448 SCIISII'H

2155 2484 2372 2540 quoque
2410 2484 2618 2536 eorum,
2651 2475 2867 2529 etiamsi
2912 2493 3016 2532 non
3049 2480 3115 2532 ad
3161 2479 3450 2550 liquidum,
3494 2503 3735 2540 summa-

2161 2559 2253 2613 tim
2304 2569 2484 2615 tamcn
2539 2562 2796 2632 colligere
2857 2573 2912 2619 et
2968 2567 3243 2636 explicare
3299 2573 3588 2640 possimus.
3639 2575 3734 2628 Ait

2155 2653 2539 2723 ergo":1llze
2569 2667 2697 2709 sunt
2725 2659 3032 2714 mansiones
3061 2660 3288 2716 ﬁliorum
3322 2662 3591 2729 lsraei,ex
3622 2682 3733 2736 quo

2157 2744 2410 2799 exierunt
2439 2746 2505 2799 dc
2536 2757 2678 2801 terra
2703 2749 2923 2819 IEgypti
2951 2767 3074 2804 cum
3104 2753 3304 2809 virtute
3335 2771 3454 2819 sua,
3483 2757 3535 2810 in
3569 2775 3729 2811 manu

2157 2836 2324 2908 Moysi
2375 2848 2429 2891 ct
2475 2838 2676 2898 Aaron.
2727 2842 2790 2895 Et
2837 2843 3060 2913 scripsit
3107 2845 3316 2916 Moyses
3365 2849 3733 2917 prot'eCIiouos

2156 2946 2368 2996 eorum,
2403 2943 2458 2987 et
2497 2935 2806 2989 ruansioucs
2837 2953 2933 3005 per
2968 2940 3188 2993 verbum
3233 2942 3467 3004 Domini,
3495 2962 3512 2994 ι
3548 2951 3603 2997 et
3627 2962 3732 2999 cas-

2156 3031 2293 3078 ‘tera.
2325 3025 2564 3079 Audistis
2607 3025 2720 3097 (65)
2768 3029 2893 3098 quia
2939 3031 3162 3099 scripsit
3203 3033 3315 3087 hmc
3370 3034 3580 3104 Moyses
3631 3053 3732 3106 per

2157 3121 2379 3176 verbum
2415 3123 2648 3176 Domini.
2680 3124 2744 3177 Et
2793 3125 2921 3193 quid
2956 3126 3125 3180 voluit
3156 3128 3419 3184 Dominus
3447 3132 3559 3185 hzcc
3589 3135 3728 3186 scri-

2077 3213 2120 3272 C
2155 3214 2246 3267 bi?
2280 3212 2350 3268 Ut
2375 3215 2658 3283 prodesset
2687 3216 2841 3270 nobis
2874 3218 3071 3286 aliquid
3122 3221 3390 3289 scriptura
3431 3224 3546 3277 inec
3577 3241 3732 3278 mau-

2157 3306 2368 3358 siouum
2401 3320 2536 3375 quas
2563 3306 2810 3361 fecerunt
2850 3308 2942 3362 ﬁlii
2975 3308 3170 3374 Israel,
3202 3321 3296 3365 aut
3329 3313 3464 3366 nihil
3508 3317 3733 3383 prodes-

2155 3397 2276 3450 set?
2307 3396 2374 3450 Et
2403 3398 2526 3466 quis
2569 3399 2766 3452 audeat
2801 3399 3003 3464 dicere,
3038 3404 3178 3470 quod
3211 3418 3274 3457 ea
3326 3418 3446 3472 quze
3477 3421 3571 3474 per
3604 3423 3730 3460 ver-

2157 3489 2280 3542 bum
2303 3490 2515 3543 Domini
2537 3491 2872 3556 scribuntur,
2905 3495 3039 3548 nihil
3072 3496 3321 3551 utilitatis
3343 3499 3597 3563 habeant,
3625 3517 3728 3556 nee

2157 3583 2346 3639 Salutis
2363 3583 2563 3654 aliquid
2580 3585 2984 3653 conferant,sed
3003 3587 3172 3643 solam
3209 3604 3319 3644 rem
3349 3601 3552 3661 gestam
3591 3609 3724 3646 uar—

2159 3685 2433 3745 rent,qua:
2454 3686 2578 3730 tunc
2595 3677 2812 3746 quidem
2836 3678 3185 3746 praeterierit,
3215 3695 3359 3734 nunc
3386 3691 3566 3734 autem
3593 3683 3729 3735 nihil

2156 3768 2220 3820 ad
2246 3783 2348 3822 nos
2360 3784 2424 3822 ex
2442 3769 2559 3838 ejus
2578 3768 2838 3824 relatione
2855 3770 3130 3840 perveniat
3146 3771 3169 3824 Υ
3185 3771 3345 3840 Impia
3359 3772 3470 3827 inec
3485 3774 3724 3828 etalieua

2154 3877 2180 3911 a
2205 3860 2475 3914 catholica
2502 3861 2606 3916 tide
2634 3864 2902 3916 sententia
2925 3873 3027 3928 est,
3050 3873 3105 3917 et
3140 3880 3326 3918 eorum
3355 3868 3728 3921 tantummodo

2155 3953 2248 4019 qui
2284 3953 2416 4022 legis
2447 3963 2499 4006 et
2532 3953 2944 4023 Evangeliorum
2994 3967 3192 4026 negant
3222 3973 3388 4012 unum
3429 3959 3602 4012 solum
3633 3976 3724 4014 sa-

2153 4043 2390 4112 pientem
2441 4058 2567 4098 esse
2621 4045 2787 4099 Deum
2840 4045 3060 4100 Patrem
3115 4048 3328 4101 Domini
3378 4051 3548 4103 nostri
3595 4050 3722 4105 Jesu

2153 4133 2378 4188 Christi.
2409 4133 2546 4199 Quid
2577 4149 2708 4205 ergo
2739 4137 2803 4190 de
2827 4136 2894 4190 iis
2925 4137 3295 4192 mansionibus
3323 4138 3496 4193 ﬁdelis
3519 4143 3725 4197 sentire

2153 4225 2348 4280 debeat
2375 4227 2704 4291 intellectus,
2725 4229 3059 4292 summatim,
3079 4239 3238 4298 prout
3268 4240 3477 4301 tempus
3501 4230 3723 4300 patitur,

2155 4331 2493 4390 pertractare
2547 4331 2840 4376 tentemus.
2901 4323 3170 4393 Superior
3223 4324 3539 4392 disputatio,
3595 4343 3722 4381 cum

2153 4419 2309 4472 nobis
2353 4417 2702 4472 occasionem
2753 4415 2965 4471 dicendi
3019 4418 3085 4471 de
3117 4415 3452 4486 profectione
3482 4418 3720 4472 ﬁliorum

2155 4510 2315 4564 Israel
2355 4525 2422 4564 ex
2472 4508 2708 4580 IEgypto
2757 4509 3104 4578 praebuisset,
3151 4509 3437 4578 dupliciter
3481 4510 3722 4565 diximus

2151 4605 2320 4657 videri
2381 4617 2540 4673 posse
2584 4601 2900 4672 spiritaliter
2946 4601 3097 4656 exire
3155 4614 3596 4670 unumquemque
3652 4604 3724 4657 de

2149 4696 2390 4767 Egypto
2421 4714 2434 4750 :
2466 4695 2547 4750 vel
2579 4711 2702 4749 cunt
2735 4693 3108 4763 relinquentes
3154 4697 3406 4764 gentilem
3453 4700 3614 4752 vitam
3652 4703 3719 4750 ad

2151 4794 2485 4864 agnitionem
2514 4776 2712 4846 divina.1
2745 4789 2876 4859 legis
2913 4791 3240 4855 accedimus,
3268 4791 3351 4844 vel
3386 4807 3506 4844 cum
3534 4791 3715 4845 anima

2147 4889 2215 4940 de
2239 4884 2488 4954 corporis
2530 4883 2690 4953 hujus
2737 4883 3075 4937 habitatione
3105 4881 3356 4937 discedit.
3388 4885 3466 4935 Ad
3502 4894 3717 4937 utrum--

2148 4991 2254 5045 que
2281 4990 2412 5046 ergo
2463 4976 2579 5029 ista:
2630 4975 2958 5037 mansiones,
3002 4989 3136 5042 quas
3182 4990 3320 5026 uuuc
3368 4991 3461 5042 per
3496 4975 3718 5028 verbum

2152 5070 2362 5124 Domini
2411 5068 2623 5140 Moyses
2671 5067 2954 5131 describit,
3002 5067 3294 5135 aspiciunt.
3331 5065 3464 5120 Nam
3501 5071 3566 5120 de
3616 5069 3721 5122 illis

2151 5166 2367 5234 quidem
2399 5161 2788 5225 mansionibus,
2831 5175 2971 5229 quas
3019 5161 3213 5214 animae
3260 5175 3488 5228 corpore
3519 5169 3715 5220 exutae,

2153 5261 2260 5315 imo
2290 5273 2516 5328 corpore
2542 5272 2640 5311 suo
2666 5269 2854 5310 rursus
2903 5255 3107 5308 indutae
3136 5253 3398 5306 habitune
3428 5258 3549 5303 sunt
3577 5248 3715 5319 (64).

2151 5353 2408 5411 Dominus
2427 5349 2798 5420 pronuntiavit
2817 5347 2866 5399 iu
2883 5345 3192 5414 Evangelio,
3208 5340 3477 5396 dicens":
3500 5339 3708 5393 «Multa:

2151 5450 2462 5506 mansiones
2492 5452 2620 5501 sunt
2651 5443 2792 5514 apud
2839 5441 3054 5495 Patrem
3106 5453 3305 5493 meum.
3339 5435 3590 5502 Alioquin
3625 5435 3717 5485 di—

2147 5661 2348 5717 sauctis
2379 5657 2591 5710 litteris.
2635 5675 2654 5706 ι
2760 5722 2766 5723 γ
2896 5718 2918 5723 _
2945 5718 2976 5723 __
3000 5716 3011 5723 _
3132 5714 3163 5723 ν
3199 5715 3210 5723 ,
3402 5710 3432 5723 ,,
3473 5711 3506 5723 η,

2219 5710 2343 5800 "esi
2367 5729 2492 5781 Mss.
2533 5745 2550 5777 ‹
2574 5722 2820 5777 audistis.
2845 5738 2862 5768 ι
2896 5716 3051 5771 L‘bb.
3073 5714 3236 5795 pum,
3270 5730 3288 5762 ι
3310 5710 3529 5792 antlisti.
3553 5729 3572 5763 ι

2219 5737 2331 5868 pit)
2363 5800 2543 5852 Codex
2589 5796 2774 5848 Sancti
2819 5788 3137 5866 Theoderici
3160 5801 3183 5868 ,ς
3220 5801 3243 5868 Δ‹
3267 5795 3442 5868 anima

2245 5783 2331 5861 iiii
2363 5800 2543 5852 Codex
2589 5796 2774 5848 Sancti
2819 5785 3183 5861 Tll0()ihli'i_fi3
3226 5783 3442 5861 (animi)
3486 5794 3716 5850 corpore

2147 5852 2329 5930 exuta,
2358 5871 2462 5923 imo
2484 5877 2711 5930 corpore
2738 5876 2834 5915 suo
2865 5872 3049 5912 rursus
3084 5856 3268 5907 induta
3296 5852 3552 5905 habitura
3571 5863 3710 5907 est.»
