4134 6402
436 440 536 493 783

1878 414 2196 472 ORIGENIS

3599 418 3703 473 73$

436 561 615 601 cerem
652 545 822 609 vobis,
850 540 992 596 Vado
1033 548 1086 594 et
1115 552 1359 609 praepara
1397 535 1550 590 vobis
1589 534 1951 589 mansionem.
1984 553 2002 585 ι
2038 546 2084 601 Α
2117 529 2489 587 mansionibus
2522 530 2847 600 perveniunt
2895 528 2988 584 Iilii
3038 526 3201 584 Israel
3243 545 3414 601 usque
3455 532 3523 587 ad
3551 550 3701 603 pim-

439 642 578 695 Suut
628 653 756 706 ergo
805 635 983 689 multa;
1034 632 1137 688 illae
1192 632 1504 686 mansiones
1538 643 1658 698 qua:
1694 628 1758 681 ad
1796 626 2010 681 Patrem

437 736 661 792 ducttnt,
712 731 763 781 in
798 728 995 796 quibus
1029 724 1257 792 singulis
1304 722 1432 791 quid
1464 736 1664 785 causae,
1705 720 1835 790 quid
1868 718 2015 771 utili-

438 826 565 878 tatis
599 823 797 876 animai
836 815 1425 887 commoratio,quidve
1459 813 1784 867 eruditionis
1818 821 1909 863 aut
1945 810 2011 861 il-

439 913 810 969 luminationis
847 911 1104 979 accipiat,
1157 908 1261 961 scit
1306 906 1395 959 ille
1434 904 1582 959 solus
1620 903 1784 957 futuri
1827 900 2010 956 saeculi

436 1010 619 1071 Pater,
639 1009 727 1073 qui
755 1005 829 1057 ait
850 1004 914 1057 de
934 999 1308 1069 semetipso",
1335 998 1460 1067 quia
1482 1016 1498 1047 ι
1523 1012 1621 1065 ego
1644 1010 1762 1049 sum
1785 995 2010 1048 ostium.

438 1101 607 1155 Nemo
642 1097 789 1151 vertit
822 1097 887 1149 ad
916 1093 1155 1156 Patrem,
1193 1091 1292 1145 nisi
1324 1105 1419 1160 per
1448 1104 1553 1143 me.
1578 1108 1594 1138 ι
1632 1087 1732 1154 Qui
1766 1087 2012 1141 Iortassis

437 1196 489 1248 in
526 1194 608 1247 his
627 1191 852 1260 singulis
876 1186 1255 1243 mansionibus
1280 1183 1576 1252 unicuique
1594 1183 1789 1235 anitum
1811 1182 2009 1235 ostium

438 1288 525 1339 (iet
551 1284 689 1354 (65),
725 1292 782 1335 ιιι
819 1297 913 1350 per
946 1281 1120 1349 ipsum
1173 1280 1361 1343 intret,
1399 1288 1454 1331 et
1486 1292 1579 1346 per
1615 1276 1789 1339 ipsum
1831 1283 2011 1339 exeat,

435 1396 488 1431 ρι
530 1378 767 1431 inveniat
807 1389 1029 1443 pascua,
1076 1384 1129 1425 et
1176 1373 1372 1426 iterum
1426 1370 1593 1423 intret
1634 1372 1699 1421 ad
1734 1369 1916 1429 aliam,
1960 1376 2012 1422 et

436 1474 559 1526 inde
595 1473 660 1523 ad
693 1471 852 1521 aliam
879 1467 1244 1527 mansionem,
1276 1477 1558 1533 usquequo
1592 1464 1657 1515 ad
1690 1462 1861 1530 ipsum
1891 1475 2011 1529 per-

433 1566 614 1619 veniat
645 1563 880 1617 Patrem.
916 1560 1019 1614 Sed
1051 1573 1168 1618 nos,
1194 1571 1330 1624 pene
1365 1557 1710 1609 immemores
1742 1551 2013 1618 pra'fatio—

432 1657 518 1709 nis
553 1665 771 1715 nostra,
803 1652 982 1705 subito
1014 1651 1255 1702 auditum
1291 1658 1532 1701 vestrum
1575 1646 1640 1698 ad
1673 1644 1780 1697 alta
1823 1654 1872 1697 et
1912 1658 2010 1695 ex-

429 1750 571 1803 celsa
604 1746 964 1801 surreximus.
1010 1744 1123 1797 lmo
1172 1758 1300 1797 vero
1350 1741 1635 1793 redeamus
1679 1738 1743 1790 ad
1774 1752 1858 1797 ea,
1892 1750 2013 1804 quae

432 1841 575 1893 inter
624 1853 720 1891 nos
750 1847 805 1889 et
849 1836 902 1888 in
961 1834 1117 1888 nobis
1166 1844 1449 1901 geruntur.
1501 1829 1553 1881 In
1586 1827 1819 1898 IEgypto
1851 1834 2008 1879 erant

2116 622 2316 691 cipiunt
2354 621 2631 691 capiendae
2662 622 3018 676 liairedilatis.
3061 620 3394 692 Principium
3440 638 3569 679 vero
3608 641 3698 681 ca-

2116 714 2324 784 piendae
2350 714 2685 770 hereditatis
2715 715 2837 777 fuit,
2868 714 2956 767 ubi
2989 715 3177 769 Ruben
3210 724 3265 767 et
3289 713 3428 779 Gad,
3453 725 3507 771 et
3533 717 3697 771 dimi-

2115 808 2200 859 dia
2236 806 2406 861 tribus
2434 805 2705 869 Manasse,
2746 806 3027 874 accipiunt
3060 815 3262 859 terram
3293 805 3525 862 Galaad.
3555 809 3700 866 Con-

2115 907 2223 950 stat
2248 899 2431 963 itaque
2465 913 2728 953 numerus
2766 897 3139 952 descensionis
3170 896 3398 963 Christi,
3433 914 3529 968 per
3559 916 3696 970 qua-

2115 988 2363 1058 draginta
2415 998 2469 1041 et
2502 988 2640 1043 duos
2673 998 2855 1057 patres
2904 987 3201 1041 secundum
3252 1003 3502 1055 carnem,
3552 990 3695 1045 velut

2116 1092 2210 1145 per
2236 1078 2598 1147 quadraginta
2634 1078 2768 1131 duas
2796 1077 3108 1132 mansiones
3143 1076 3479 1133 descendens
3525 1095 3697 1151 usque

2114 1168 2180 1221 ad
2211 1182 2330 1241 qos,
2362 1176 2419 1223 et
2446 1184 2541 1239 per
2582 1169 2806 1223 totidem
2836 1164 3147 1224 mansiones
3174 1184 3432 1225 ascensus
3459 1171 3693 1227 iiliorum

2115 1259 2303 1328 Israel,
2331 1276 2503 1330 usque
2530 1263 2596 1315 ad
2638 1261 2977 1316 hazreditatis
3016 1262 3299 1330 promissae
3344 1264 3696 1333 principium.

2124 1353 2274 1420 Quod
2303 1353 2346 1408 si
2396 1353 2707 1407 intellexisti
2750 1362 3015 1418 quantum
3063 1356 3394 1409 sacramenti
3439 1372 3698 1412 numerus

2121 1452 2223 1501 iste
2272 1449 2645 1503 descensionis
2703 1450 3155 1517 ascensionisque
3214 1453 3520 1515 contineat,
3574 1454 3695 1505 veni

2111 1539 2305 1611 jain,et
2338 1542 2663 1610 incipiamus
2704 1557 2798 1609 per
2836 1558 2921 1606 ea,
2970 1556 3090 1610 qtae
3124 1543 3408 1597 descendit
3441 1544 3702 1599 Christus

2114 1634 2435 1698 ascendere,
2489 1641 2543 1686 et
2594 1634 2822 1702 primam
2883 1636 3217 1688 mansionem
3267 1635 3427 1690 istam
3477 1637 3695 1699 facere,

2114 1743 2274 1795 quam
2317 1725 2407 1780 ille
2455 1726 2811 1781 novissimam
2853 1727 3001 1792 fecit,
3053 1727 3284 1794 scilicet,
3318 1729 3407 1798 qui
3444 1740 3601 1785 natus
3627 1746 3696 1784 cx

2118 1820 2340 1887 Virgine
2368 1830 2449 1872 est
2487 1841 2498 1875 :
2541 1829 2591 1873 et
2646 1820 2757 1873 Ιιιιξο
2803 1820 2874 1874 sit
2916 1819 3087 1889 prima
3146 1820 3301 1875 nobis
3358 1824 3571 1875 mansio
3628 1826 3697 1877 de

431 1930 523 1984 lilii
558 1929 743 1993 Israel,
776 1929 826 1980 in
860 1926 1115 1996 operibus
1148 1922 1455 1977 Pharaonis
1499 1923 1644 1990 regis
1688 1920 1804 1973 luto
1833 1935 1898 1972 ac
1936 1919 2008 1971 la-
2044 1893 2084 1946 Β
2113 1913 2351 1982 IEgypto
2381 1913 2532 1966 exire
2566 1911 2897 1975 volentibus,
2948 1911 2999 1964 in
3031 1926 3159 1977 qua,
3193 1910 3383 1966 relicto
3428 1913 3694 1967 idolorum

427 2031 542 2077 tere
576 2020 974 2091 aﬂligcbantur,
1007 2022 1179 2071 donec
1228 2016 1674 2086 iiageutisccntcs,
1708 2012 2011 2065 clamarent

427 2119 495 2173 ad
525 2117 838 2179 Dominum,
870 2124 924 2169 et
958 2112 1262 2167 exaudiens
1303 2111 1562 2180 gemitum
1595 2121 1785 2161 eorum
1828 2107 2011 2157 mitte-

431 2219 513 2265 ret
543 2210 623 2263 eis
652 2206 875 2259 verbum
907 2221 1061 2258 suum
1113 2219 1209 2272 pcr
1252 2202 1510 2271 liluysem,
1541 2208 1597 2252 et.
1630 2199 1881 2251 educeret
1916 2210 2011 2249 eos

429 2307 499 2357 de
525 2299 779 2371 IEgyplo.
815 2299 877 2351 Et
921 2312 1018 2351 nos
1047 2311 1177 2365 ergo
1212 2310 1332 2348 cum
1380 2308 1626 2345 essemus
1660 2290 1712 2343 in
1744 2288 2008 2358 Egypto,

429 2395 614 2449 mundi
643 2393 762 2447 dico
795 2390 953 2459 hujus
984 2388 1264 2441 erroribus
1295 2396 1346 2439 et
1386 2384 1712 2453 ignorantia:
1745 2381 2005 2444 tenebris,

427 2494 719 2557 operantes
746 2497 909 2552 opera
938 2479 1158 2541 diaboli,
1188 2486 1241 2530 et
1270 2476 1322 2529 in
1349 2473 1805 2542 concupiscentiis
1834 2479 1889 2524 et
1919 2485 2010 2525 vo-

428 2577 728 2647 luptatibus
757 2573 963 2635 carnis,
1011 2573 1305 2625 miseratus
1342 2579 1424 2623 cst
1464 2566 1727 2620 Dominus
1755 2561 2009 2615 afﬂictio-

429 2686 552 2725 nem
586 2678 858 2731 nostram;
897 2675 952 2720 et
984 2664 1131 2719 misit
1187 2664 1422 2717 Verbum
1475 2672 1631 2713 suum
1666 2653 2007 2722 unigenitum

430 2763 649 2826 Filium,
682 2761 770 2830 qui
818 2774 917 2813 nos
962 2758 1026 2812 de
1078 2754 1383 2827 ignorantia
1427 2750 1634 2805 erroris
1685 2755 1900 2814 ereptos
1944 2745 2010 2799 ad

430 2857 603 2910 lucem
630 2854 822 2908 divina:
855 2851 987 2921 legis
1015 2850 1335 2904 adduceret.

498 2952 554 3006 5.
582 2950 686 3003 Sed
713 2948 885 3018 primo
914 2944 1158 2999 omnium
1202 2944 1411 2994 intuere
1434 2935 1675 3007 mysterii
1706 2934 2007 2989 rationem:

428 3060 591 3115 quam
626 3042 714 3110 qui
748 3040 1037 3109 diligenter
1065 3032 1465 3094 observaverit,
1497 3030 1549 3084 in
1594 3028 1894 3098 Scripturis
1924 3026 2011 3079 in-

428 3137 611 3192 veniet
664 3135 714 3187 in
755 3131 1069 3200 egressione
1124 3126 1359 3180 filiorum
1421 3123 1585 3177 Israel
1640 3123 1706 3174 de
1749 3119 2008 3190 Egypto,

2112 2005 2282 2067 cultu,
2325 2012 2378 2056 et
2420 2002 2835 2065 dmmonioruin,
2867 2018 2972 2057 non
3019 2003 3272 2070 deorum,
3320 2008 3697 2068 veneratione,

2111 2096 2382 2149 credimus
2404 2093 2681 2147 Christum
2712 2103 2898 2147 natum
2928 2110 2993 2149 ex
3033 2092 3278 2165 Virgine,
3306 2106 3361 2151 et
3389 2097 3453 2151 de
3487 2097 3701 2167 Spiritu

2112 2196 2325 2249 sancto,
2356 2195 2409 2239 et
2439 2183 2677 2239 Verbum
2712 2201 2935 2255 carpent
2978 2186 3182 2241 factum
3217 2190 3433 2244 venisse
3462 2191 3513 2243 in
3549 2191 3697 2244 hunc

2113 2279 2392 2333 mundum.
2436 2277 2562 2331 Post
2591 2277 2706 2331 bace
2729 2278 2841 2347 jam
2888 2279 3171 2347 proficere,
3207 2290 3259 2334 ct
3291 2282 3592 2335 ascendere
3628 2285 3697 2335 ad

2111 2370 2355 2440 singulos
2384 2385 2630 2439 quosque
2663 2370 2788 2423 ﬁdei
2820 2380 2873 2424 et
2907 2372 3171 2424 virtutum
3206 2375 3404 2439 gradus
3433 2373 3693 2426 nitamur.

2112 2462 2316 2529 Quibus
2343 2462 2388 2516 si
2420 2464 2604 2515 landiu
2656 2464 3033 2527 iunnorcnmr,
3082 2464 3256 2519 donec
3290 2467 3354 2519 ad
3387 2466 3691 2536 perfectum

2112 2554 2415 2617 veniamus,
2449 2554 2501 2606 in
2528 2553 2756 2621 singulis
2782 2554 3041 2606 virtutum
3074 2556 3329 2625 gradibus
3361 2560 3699 2611 mansionem

2112 2647 2310 2701 fecisse
2346 2648 2612 2709 dicemur,
2648 2662 2932 2716 usquequo
2963 2648 3028 2699 ad
3063 2662 3335 2700 Stllllllllllll
3370 2651 3692 2716 pervenien-

2115 2739 2257 2793 libus
2290 2741 2449 2795 nobis
2494 2741 2899 2794 institutionum
2934 2735 3382 2808 profecluuuique
3412 2740 3694 2811 fastigium

2112 2831 2380 2901 promissa
2414 2830 2755 2898 compleatur
2782 2829 3095 2884 luereditas.

2186 2922 2241 2976 4.
2275 2921 2381 2977 Sed
2415 2921 2673 2998 ct'anima
2700 2935 2822 2975 cum
2864 2921 2928 2974 de
2962 2918 3196 2991 Egypto
3227 2921 3349 2975 vita:
3376 2920 3535 2988 hujus
3565 2937 3698 2991 pro-

2115 3017 2399 3082 ficiscitur,
2430 3026 2486 3069 ut
2518 3016 2703 3069 tendat
2738 3016 2803 3068 ad
2838 3025 3040 3070 terram
3076 3016 3536 3085 repromissionis,
3570 3032 3695 3085 per-

2116 3111 2192 3181 git
2236 3111 2545 3163 necessario
2600 3109 2666 3162 ad
2699 3108 2820 3163 illas
2848 3108 2984 3180 (67),
3022 3124 3141 3178 qum
3181 3110 3321 3177 apud
3362 3108 3579 3163 Patrem
3630 3111 3703 3163 ab

430 3229 787 3301 quadraginla
813 3235 865 3279 et
895 3225 1030 3279 duas
1057 3222 1276 3275 habitas
1301 3232 1420 3272 esse
1452 3216 1796 3269 mansiones:
1823 3223 1874 3266 el
1900 3229 2013 3266 rur-
2041 3245 2082 3301 ϐ
2119 3204 2277 3257 initio
2325 3211 2644 3271 [imparatu-
2692 3211 2821 3255 sunt
2868 3202 3204 3255 mansiones.
3254 3200 3493 3266 Quarum
3532 3204 3699 3255 credo

428 3336 547 3375 sum
584 3320 852 3373 adventus
886 3312 1099 3366 Domini
1131 3318 1186 3364 et
1220 3306 1525 3362 Salvatoris
1560 3304 1732 3359 n05tri
1766 3304 1818 3357 in
1865 3304 2009 3355 hunc

431 3411 712 3473 mundum,
750 3422 845 3475 per
875 3401 1234 3472 quadraginta
1269 3408 1321 3453 et
1348 3398 1484 3451 duas
1505 3396 1885 3465 generationes
1911 3394 2007 3445 ad-

429 3504 666 3556 ducitur.
712 3500 801 3552 Sic
852 3496 995 3549 enim
1049 3492 1335 3545 Matth-acus
1396 3486 1729 3556 evangelista
1772 3499 2011 3538 countie-

431 3602 627 3654 morat,
675 3589 863 3642 dicens
885 3585 931 3618 ⁸ο
968 3601 981 3640 :
1019 3601 1036 3633 ι
1066 3582 1148 3635 Ab
1184 3580 1459 3633 Abraham
1508 3591 1680 3644 usque
1726 3574 1791 3628 ad
1842 3573 2008 3626 David

430 3697 634 3751 regem,
653 3674 1039 3747 generationes
1060 3670 1495 3741 quatuordccim.
1511 3668 1579 3721 Et
1599 3683 1624 3719 a
1651 3665 1816 3720 David
1841 3680 2011 3732 usque

429 3777 497 3828 ad
532 3768 1067 3838 transmigrationem
1103 3762 1417 3832 Babylonis,
1463 3761 1846 3831 generationes
1869 3772 2009 3827 qua-

433 3861 751 3918 tuordecim.
808 3858 874 3912 Et
922 3872 952 3911 a
996 3854 1482 3921 transmigratione
1516 3851 1804 3921 Babylonis
1839 3862 2009 3917 usque

430 3957 496 4010 ad
540 3951 839 4014 Christum,
898 3948 1285 4019 generationes
1337 3942 1819 4012 quattuordecith
1874 3938 2010 3993 Istas

434 4062 568 4117 ergo
601 4042 961 4113 quadraginta
989 4051 1043 4095 et
1088 4040 1225 4093 duas
1256 4036 1663 4108 generationes,
1698 4048 1833 4102 quas
1864 4032 2011 4084 velut

432 4138 745 4192 mansiones
757 4134 1007 4189 Christus
1029 4130 1149 4185 fecit
1166 4128 1503 4183 descendens
1520 4126 1570 4179 in
1586 4122 1878 4194 {Egyptum
1896 4121 2009 4191 (66)

432 4229 615 4285 mundi
670 4228 851 4294 hujus,
907 4227 1024 4294 ipso
1077 4236 1306 4276 numero
1360 4219 1721 4288 quadraginta
1768 4226 1823 4270 et
1872 4217 2011 4268 duas

433 4322 740 4377 mansiones
771 4319 997 4379 faciunt,
1030 4314 1119 4384 qui
1147 4312 1313 4383 376
1340 4310 1642 4365 ascendunt
1665 4310 1729 4363 de
1748 4307 2007 4378 Egypto.

432 4417 497 4472 Et
552 4417 692 4471 bene
746 4414 1102 4468 observanter
1154 4406 1335 4475 posuit
1400 4405 1610 4476 Moyses
1671 4405 1857 4458 dicens
1904 4403 1945 4433 ⁸¹
1996 4419 2008 4454 :

436 4528 457 4561 ι
482 4509 859 4565 Ascenderunt
893 4505 986 4558 lilii
1020 4501 1187 4557 Israel
1211 4516 1333 4555 cum
1359 4501 1558 4553 virtute
1581 4514 1699 4553 sua.
1726 4517 1743 4549 ι
1768 4496 1897 4562 Quae
1931 4504 2013 4550 est

2120 3311 2328 3350 memor
2384 3294 2697 3363 Propheta,
2757 3293 3082 3347 dicebat”;
3124 3311 3140 3344 ι
3167 3290 3293 3346 Haec
3363 3304 3704 3346 memoratus
3745 3353 3758 3365 .

2119 3404 2262 3455 Sum,
2293 3396 2346 3441 cl
2389 3386 2550 3440 eﬂ'udi
2597 3400 2759 3454 super
2806 3400 2889 3438 me
2930 3385 3167 3438 animam
3214 3399 3410 3447 meam,
3441 3384 3701 3453 quooiam

2121 3480 2395 3549 ingrediar
2429 3478 2480 3531 in
2514 3478 2691 3532 locum
2728 3476 3068 3531 tabernaculi
3123 3476 3482 3540 admirabilis,
3532 3491 3701 3544 usque

2120 3576 2185 3626 ad
2220 3576 2437 3626 donmm
2464 3572 2582 3626 Dei.
2606 3590 2622 3621 ι
2662 3570 2783 3625 Ista:
2815 3579 2941 3624 sunt
2968 3570 3294 3635 mansiones,
3314 3579 3367 3621 et
3395 3570 3494 3624 ista
3521 3571 3703 3624 taber-

2120 3666 2335 3731 uacula,
2359 3667 2425 3720 de
2454 3663 2651 3733 quibus
2682 3663 2736 3716 in
2766 3662 2877 3716 alio
2910 3661 3031 3716 loco
3057 3660 3287 3717 dicit“:
3315 3678 3333 3711 ‹
3357 3660 3526 3727 Quam
3552 3676 3702 3713 ama-

2120 3757 2248 3811 bilia
2280 3765 2408 3809 sunt
2441 3753 2790 3809 tabernacula
2826 3764 2939 3820 tua,
2979 3752 3204 3809 Domine
3235 3753 3495 3807 virtutum
3522 3752 3534 3805 !
3565 3768 3693 3806 con-

2120 3848 2357 3918 cupiscit
2400 3855 2457 3901 ct
2502 3845 2684 3901 deﬁcit
2733 3846 2913 3900 anima
2966 3860 3083 3899 mea
3134 3844 3187 3900 in
3228 3846 3364 3900 atria
3417 3845 3645 3898 Domini.
3677 3865 3698 3895 ι

2120 3940 2330 3994 blcirco
2359 3948 2413 3994 et
2445 3940 2496 3991 in
2525 3937 2631 3992 alio
2658 3936 2775 3992 loco
2808 3936 2949 3992 idem
2973 3934 3244 4006 Propheta
3270 3937 3398 3990 dicit
3420 3936 3464 3967 ⁸³
3488 3954 3499 3988 :
3523 3955 3540 3986 ι
3560 3936 3700 3988 Μιιι-

2124 4043 2234 4087 tum
2266 4031 2614 4102 peregrinata
2647 4038 2733 4083 est
2763 4029 2943 4083 anima
2984 4044 3121 4084 mea.
3150 4046 3168 4080 ι
3202 4026 3441 4097 Intelligo
3472 4041 3619 4094 ergo,
3651 4026 3699 4079 si

2122 4138 2294 4197 potes,
2322 4141 2442 4195 quae
2470 4125 2580 4179 sint
2611 4124 2728 4178 istae
2756 4121 3227 4193 peregrinationes
3256 4121 3469 4185 animae,
3500 4120 3550 4173 in
3577 4120 3698 4189 qui-

2122 4220 2222 4273 bus
2250 4235 2371 4271 cum
2403 4217 2637 4286 quodam
2674 4216 2878 4286 gemitu
2924 4230 2987 4268 ac
3025 4214 3212 4269 dolore.
3257 4212 3594 4283 peregrinari
3638 4224 3701 4264 se

2123 4311 2324 4364 diutius
2369 4308 2545 4364 deﬂet.
2598 4307 2703 4363 Sed
2753 4307 2999 4363 bebescit
3046 4308 3239 4361 harum
3289 4304 3598 4359 intellectus
3643 4312 3700 4358 et

2122 4404 2466 4468 obscuratur,
2501 4403 2672 4457 donec
2699 4403 2874 4457 adhuc
2902 4400 3285 4470 peregrinatur
3314 4414 3328 4450 :
3357 4406 3485 4451 tunc
3507 4406 3689 4450 autem

2125 4494 2307 4548 verius
2355 4494 2694 4556 cdocebitur,
2737 4502 2790 4546 et
2828 4492 3006 4545 verius
3054 4488 3319 4556 intelliget
3364 4503 3484 4557 quae
3533 4488 3700 4541 fuerit

432 4601 608 4655 virtus
638 4614 851 4661 corum,
874 4596 974 4650 nisi
1011 4596 1126 4665 ipse
1149 4592 1425 4653 Christus,
1456 4590 1547 4658 qui
1580 4600 1660 4644 est
1688 4590 1859 4643 virtus
1878 4588 2010 4640 Dei?
2046 4611 2089 4665 υ
2126 4584 2266 4638 ratio
2295 4584 2753 4653 peregrinationis
2789 4597 2923 4646 sum,
2961 4596 3083 4635 cum
3127 4594 3376 4650 regressa
3422 4578 3586 4633 fuerit
3631 4581 3700 4630 ad

432 4693 533 4758 Qui
566 4705 697 4759 ergo
731 4689 992 4750 ascendit,
1015 4702 1149 4740 cum
1198 4684 1312 4754 ipso
1351 4682 1613 4746 ascendit,
1668 4680 1758 4749 qui
1797 4680 1863 4732 ad
1910 4695 2011 4733 nos

435 4786 563 4839 inde
598 4782 895 4841 descendit,
950 4790 1009 4832 ut
1058 4778 1187 4831 illuc
1235 4777 1539 4845 perveniat,
1586 4775 1728 4827 unde
1773 4773 1859 4827 ille
1909 4788 2011 4825 non

436 4874 784 4937 necessitate,
815 4874 909 4927 scd
944 4869 1260 4940 dignatione
1290 4867 1591 4932 descendit,
1636 4874 1694 4919 ut
1721 4879 1908 4919 verum
1948 4866 2019 4917 sit

437 4969 565 5023 illud
609 4966 755 5037 quod
792 4966 995 5020 dictum
1031 4971 1117 5017 cst
1144 4962 1211 5024 δ’,
1243 4962 1370 5029 quia
1404 4979 1421 5011 ι
1446 4961 1534 5030 qui
1574 4959 1875 5023 descendit,
1903 4958 2019 5026 ipse

435 5069 521 5114 est
552 5070 604 5112 et
635 5060 725 5126 qui
760 5056 1026 5111 ascendit.
1060 5074 1078 5107 ι
1115 5056 1285 5126 Igitur
1319 5055 1372 5108 in
1410 5051 1767 5121 quadraginta
1813 5052 2022 5105 duabus

544 5206 588 5237 ⁷⁸
617 5210 773 5257 .lnan.
813 5219 866 5267 Χ,
909 5202 962 5265 9,
1006 5212 1057 5254 et
1098 5216 1206 5259 xw,
1253 5201 1305 5252 6.
1385 5198 1431 5229 ⁸⁸
1479 5198 1669 5250 Matth.
1719 5211 1755 5259 ι,
1808 5196 1889 5267 Π.

437 5276 486 5309 ⁸⁸
510 5276 649 5331 Psal.
685 5289 907 5335 Lxxxtv,
942 5276 993 5334 :2,
1038 5273 1090 5326 5.
1168 5272 1211 5301 ³⁵
1238 5270 1381 5323 I’sal.
1411 5286 1522 5333 XIX,

508 5416 618 5487 (I53)
652 5414 785 5468 Sunt
824 5430 943 5482 ergo
985 5412 1160 5464 multo:
1191 5411 1297 5462 illm
1333 5408 1650 5487 mansiones,
1679 5414 1809 5487 etc,
1843 5415 2014 5480 usque

439 5473 635 5540 ad‘ist'a
670 5487 857 5549 verba,
882 5473 990 5536 ’θεά
1021 5499 1111 5534 nos
1158 5496 1284 5547 pcue
1331 5481 1680 5529 immemores.
1725 5476 1925 5549 desunt
1960 5473 2010 5523 in

440 5558 595 5625 libris
630 5565 785 5625 antea
816 5545 995 5618 editis,
1026 5562 1080 5604 et
1107 5545 1470 5603 restituuntur
1500 5563 1565 5598 ex
1591 5545 1842 5625 otiinibus
1874 5557 2004 5625 ιιι-ες.

440 5624 585 5677 Libri
616 5618 741 5678 editi
777 5613 992 5689 tantum
1023 5623 1223 5675 habent
1254 5642 1265 5671 :
1301 5638 1317 5668 ‹
1348 5628 1467 5689 sunt
1502 5632 1648 5689 ‘ergo
1684 5614 1791 5665 illic
1824 5613 2006 5664 multa:

441 5686 856 5757 iiiausionespin
883 5693 1080 5761 quibus
1127 5702 1246 5760 post
1266 5688 1456 5761 szccuii
1494 5686 1664 5761 hujus
1708 5698 2005 5761 aerumnas,

439 5775 490 5815 et
519 5754 825 5834 Aigyptiam
857 5754 1173 5815 servitutem
1209 5760 1391 5813 Iidcles
1419 5758 1613 5810 anima:
1634 5754 2005 5823 requiescant.

440 5834 545 5887 Sed
575 5849 669 5883 nos
699 5846 832 5897 pene
864 5836 1227 5895 immemores,
1257 5849 1272 5877 δ
1316 5841 1424 5882 etc.

511 5904 621 5972 rtib’)
648 5894 1017 5954 Geitcralioucs
1060 5917 1189 5969 quas
1218 5894 1379 5952 ’t-elut
1422 5899 1713 5950 mansiones
1765 5894 2006 5949 Christus

1967 5194 2011 5225 ⁸¹
2049 5192 2209 5245 Num.
2256 5205 2451 5251 χχχιιι,
2496 5189 2549 5241 I.

1687 5267 1732 5299 ⁸⁸
1757 5266 1903 5319 Psal.
1936 5278 2059 5323 cxv,
2092 5265 2143 5315 7.

2121 4678 2366 4747 requiem
2400 4693 2579 4743 suam,
2612 4676 2663 4729 id
2690 4684 2772 4729 cal
2808 4675 2875 4728 ad
2905 4674 3133 4743 patriam
3164 4688 3319 4729 suam
3350 4671 3693 4742 paradisum:

2119 4773 2261 4841 quod
2310 4771 2409 4825 sub
2460 4768 2726 4838 mysterio
2771 4768 2991 4821 intuens
3042 4766 3315 4835 Propheta
3364 4765 3581 4820 dicebat
3610 4764 3698 4813 ⁸⁶ε

2125 4882 2144 4915 ε
2166 4860 2711 4925 (Ξοιιγριιειρ,ειιιίιιιει
2732 4874 2869 4923 mea,
2892 4860 2941 4913 in
2973 4858 3215 4927 requiem
3250 4867 3421 4920 tuam,
3448 4857 3571 4924 quia
3600 4856 3703 4908 Do-

2123 4956 2300 5010 minus
2329 4953 2601 5009 beneiecit
2624 4953 2744 5007 tibi.
2773 4971 2790 5003 ι
2831 4952 2936 5005 Sed
2981 4950 3200 5005 interim
3239 4949 3618 5019 peregrinatur
3649 4958 3705 5000 ct

2123 5049 2233 5119 agit
2257 5048 2358 5102 iter
2383 5058 2435 5099 et
2462 5044 2680 5099 coniicit
2726 5044 3058 5107 mansiones,
3092 5040 3343 5095 utilitatis
3372 5041 3491 5095 sine
3536 5038 3702 5093 dubio

2625 5187 2670 5218 ⁸³
2697 5187 2893 5255 prcs.
2941 5201 3011 5247 iv,
3049 5182 3133 5237 IO.
3215 5182 3261 5214 ⁸³
3288 5178 3429 5236 Psal.
3479 5196 3613 5244 mi,
3646 5179 3702 5235 5.

2124 5398 2245 5468 fecit
2272 5396 2586 5468 descendens
2607 5395 2677 5468 in
2720 5390 3032 5468 (Egyplttm,
3080 5389 3169 5442 Sic
3213 5386 3377 5468 habet
3403 5380 3574 5468 codex
3600 5382 3699 5434 aha

2123 5452 2283 5521 Iiatiae
2347 5467 2532 5519 Sancti
2607 5452 2891 5516 'Fcodorici
2958 5459 3304 5514 Ithemensis.
3355 5452 3503 5508 Libri
3574 5463 3706 5502 vero

2118 5550 2278 5592 antea
2300 5537 2452 5597 editi,
2480 5556 2496 5585 ι
2521 5533 2938 5603 gem-rationum
2966 5531 3275 5584 mansiones
3298 5540 3434 5594 quas
3456 5522 3708 5575 Christus

2120 5609 2250 5663 fecit
2275 5602 2580 5660 ascendens
2612 5604 2662 5656 in
2693 5602 3008 5671 Egyptum.
3042 5620 3062 5653 ι
3326 5666 3335 5671 _
3653 5659 3665 5671 .

2190 5678 2304 5749 (67)
2334 5678 2511 5749 Codex
2546 5675 2732 5749 Sancti
2768 5666 3123 5726 Theudorici:
3147 5685 3165 5718 ι
3191 5666 3367 5737 pergit
3395 5666 3707 5749 ιιθρρξετιτὶη

2118 5733 2213 5818 per
2242 5733 2504 5817 quasdam
2535 5747 2673 5809 vias,
2725 5753 2780 5798 et
2837 5751 3015 5818 genus
3059 5733 3324 5818 quasque,
3355 5744 3414 5787 ut
3443 5733 3705 5818 duillius.

2120 5802 2423 5887 conspiciet
2468 5802 2801 5869 mansiones.
2832 5802 3300 5887 Quarumjcredo,
3333 5824 3350 5856 ι
3384 5814 3487 5887 ete,
3523 5802 3705 5882 Codex

2123 5874 2470 5945 Ebro'icensis
2493 5902 2591 5957 pro
2624 5904 2642 5936 ι
2669 5874 2996 5954 conspiciet,
3024 5899 3044 5933 ι
3081 5880 3271 5947 habet,
3304 5896 3321 5928 ς
3348 5874 3589 5933 coniicit.
3613 5892 3633 5924 ι
