4134 6430
512 374 625 431 785⁷

1645 368 1711 425 ΙΝ
1747 370 2079 426 NUMEROS
2116 369 2396 425 llOlllLlA
2438 372 2650 428 XXVII.

3677 381 3787 437 786

516 497 753 568 alicujus
780 510 953 553 causa
992 510 1088 567 per
1127 497 1240 551 haec
1271 495 1362 550 Dei
1395 495 1849 566 promissionibus
1880 496 2095 563 dispen-
2125 500 2171 557 Α
2203 495 2442 567 Moysen,
2469 507 2522 551 et
2547 497 2661 565 ipse
2686 497 2828 551 enim
2854 498 3085 566 quoiret
3113 498 3428 568 ignorabat;
3456 502 3549 555 sed
3577 503 3788 558 colum-

512 602 656 658 sata,
683 590 827 646 sicut
874 599 930 644 et
979 590 1210 659 quodam
1246 589 1365 643 loco
1405 588 1597 643 dicit"
1630 606 1645 643 :
1679 607 1697 639 ε
1728 585 1908 643 Amisi
1946 598 2016 648 te,
2047 598 2102 642 et

515 683 693 739 cibavi
727 689 783 737 te
810 696 1012 737 manna
1045 684 1097 737 in
1132 682 1368 749 deserto,
1404 681 1545 751 quod
1578 682 1887 736 nescierunt
1915 690 2099 751 patres

515 776 618 841 tul,
651 782 714 829 ut
745 774 1161 845 dignosceretur
1196 774 1322 844 quid
1372 782 1457 829 est
1511 774 1563 828 in
1599 775 1761 829 corde
1794 783 1904 827 tuo.
1929 792 1946 825 ι
1980 773 2101 828 Istae

511 885 644 940 ergo
675 870 989 925 mansiones
1016 878 1164 936 sunt,
1197 870 1394 938 quibus
1423 869 1528 924 iter
1560 884 1589 924 e
1634 873 1795 925 terris
1827 870 2007 941 agitur
2032 870 2098 923 ad

513 960 819 1016 ‹·ωιυιῐι.Ει
840 961 962 1030 quis
1001 962 1073 1014 ita
1107 961 1387 1015 invenitur
1420 960 1670 1025 idoneus,
1703 971 1759 1016 et
1787 960 2097 1016 divinorum

515 1053 766 1109 ιυηεείιιε
817 1061 1182 1118 secretorum,
1233 1053 1326 1122 qui
1362 1054 1537 1123 possit
1589 1054 1801 1109 itineris
1842 1054 1999 1109 istius
2043 1061 2097 1107 et

513 1144 849 1204 ascensionis
884 1146 1081 1199 animm
1112 1146 1422 1202 describere
1460 1148 1785 1208 mansiones.
1818 1156 1871 1201 et
1906 1150 2091 1203 unius-

511 1243 777 1313 cujusque
828 1243 934 1297 loci
991 1240 1075 1296 vel
1124 1240 1337 1296 labores
1386 1241 1665 1311 explicare
1710 1240 1793 1296 vel
1845 1244 2095 1310 requies?

510 1336 794 1404 Quomodo
821 1335 965 1390 enim
995 1343 1219 1389 enarret
1247 1334 1388 1403 quod
1423 1343 1544 1403 post
1564 1333 1793 1403 primam
1818 1344 1867 1388 et
1892 1348 2093 1389 secun-

510 1433 633 1483 dam
673 1439 728 1484 et
762 1430 977 1486 tertiam
1013 1430 1351 1485 mansionem
1391 1428 1505 1499 (68)
1547 1429 1872 1498 insequatur
1916 1432 2093 1486 adhuc

512 1521 744 1591 Pharao,
795 1523 1159 1594 insequantur
1208 1521 1475 1594 Egyptii,
1520 1532 1573 1576 et
1627 1524 1754 1576 licet
1794 1538 1900 1577 non
1940 1540 2092 1579 com-

510 1617 882 1685 prehendant,
935 1624 1116 1673 tamen
1166 1620 1521 1682 insectentur,
1556 1627 1610 1672 et
1647 1616 1773 1673 licet
1821 1618 2088 1674 submersi

507 1711 641 1774 sint,
688 1720 866 1767 tamen
900 1712 1131 1767 insecuti
1167 1711 1315 1766 sint?
1361 1711 1646 1779 Quomodo
1677 1712 1922 1768 enuntiet
1947 1714 2105 1782 quod

508 1803 693 1859 salvus
725 1802 954 1860 effectus
980 1803 1074 1859 Dei
1107 1804 1359 1875 populus,
1392 1813 1515 1875 post
1545 1804 1748 1875 aliquot
1778 1805 2087 1860 mansiones
2119 1845 2162 1900 Β

506 1896 740 1961 primum
792 1895 1098 1950 cantavcrit
1136 1896 1409 1951 canticum
1456 1896 1769 1952 dicens'Ozt
1796 1896 2095 1954 Cantemus-

509 1988 760 2051 Domino,
796 1987 1031 2059 gloriose
1051 1988 1194 2045 enim
1224 1988 2090 2061 honorificatus(69)est,equum

508 2088 563 2130 ct
615 2092 966 2135 ascensorem
1021 2078 1248 2150 projecit
1300 2081 1353 2134 in
1410 2081 1635 2136 mare?»
1684 2079 1789 2136 Sed
1851 2083 1983 2151 hrcc,
2036 2093 2091 2138 ut

509 2170 645 2234 dixi,
677 2170 769 2239 qui
799 2186 897 2240 per
929 2171 1168 2243 singulas
1199 2174 1513 2229 mansiones
1543 2174 1741 2229 audeat
1774 2175 2008 2243 aperire,
2036 2185 2089 2230 et

504 2276 605 2327 pro
655 2262 1120 2334 contemplatione
1180 2266 1462 2321 nominum
1522 2265 1816 2336 qualitates
1875 2283 2091 2337 quoque

508 2350 785 2422 conjicere
817 2354 1186 2420 mansionum,
1216 2358 1403 2412 nescio
1434 2357 1478 2411 si
1509 2366 1602 2411 aut
1633 2373 1824 2413 sensus
1855 2360 2108 2415 dicentis

504 2443 574 2496 ad
604 2444 985 2515 mysteriorum
1016 2448 1229 2518 pondus
1259 2447 1512 2514 sufficiat,
1541 2459 1634 2503 aut
1662 2452 1878 2505 auditus
1910 2454 2091 2523 capiat

508 2536 875 2592 audientium.
906 2540 1188 2605 Quomodo
1216 2542 1359 2595 enim
1394 2541 1480 2597 vel
1516 2558 1777 2599 occursus
1818 2544 1943 2600 belli
1990 2562 2089 2601 ex-

505 2628 741 2698 plicetur
780 2629 1228 2697 Amalecitarnm,
1267 2632 1346 2687 vel
1387 2634 1616 2690 diversa:
1646 2638 1996 2701 tentationcs,
2034 2650 2088 2694 et

507 2720 586 2775 illi
618 2724 890 2791 quomodo
938 2736 1287 2790 enarrentnr,
1324 2741 1551 2795 quorum
1589 2736 1740 2783 artus
1770 2731 2088 2786 ceciderunt

510 2809 561 2863 in
592 2810 831 2879 deserto,
867 2821 919 2868 et
947 2815 1090 2883 quod
1115 2817 1341 2870 omnino
1375 2832 1480 2871 non
1520 2817 1611 2871 filii
1651 2818 1832 2885 Israel,
1866 2822 1959 2874 sed
1993 2820 2084 2874 lilii

503 2902 738 2957 filiorum
764 2904 953 2971 Israel,
981 2906 1047 2960 ad
1079 2918 1278 2961 terram
1312 2917 1557 2963 sanctam
1589 2913 1872 2980 pervenire
1900 2924 2088 2981 potue-

504 3002 653 3057 runt,
687 3002 742 3048 et
784 2996 964 3051 omnis
1001 2997 1088 3053 ille
1142 3009 1298 3052 vetus
1344 2999 1572 3069 populus
1618 3002 1838 3064 cecidit,
1891 3004 2087 3072 quibus

502 3087 855 3140 conversatio
900 3095 954 3142 et
990 3088 1258 3143 habitatio
1287 3090 1465 3144 fuerat
1510 3106 1630 3145 cum
1668 3092 1963 3165 Egyptiis,
1991 3112 2084 3150 so-

2206 606 2327 641 nam
2357 590 2495 657 ignis
2541 598 2594 642 et
2626 590 2861 655 nubem;
2912 588 3107 643 Filium
3135 590 3346 645 scilicet
3380 592 3494 656 Dei,
3527 604 3581 647 et
3612 594 3786 662 Spiri-

2206 691 2314 734 tum
2342 693 2611 745 sanctum,
2642 682 2780 736 sicut
2807 691 2860 736 et
2886 684 2937 737 in
2964 683 3069 738 alio
3099 685 3218 738 loco
3242 683 3509 753 Propheta
3536 687 3667 740 dicit
3690 686 3738 722 ⁸⁹
3764 705 3781 744 :

2207 791 2224 823 ‹
2255 774 2368 842 Ipse
2403 774 2664 827 Dominus
2708 775 2940 829 ducebat
2979 791 3092 830 eos.
3115 795 3132 827 ι
3177 773 3321 829 Talis
3356 792 3487 845 ergo
3533 780 3622 832 fiet
3652 780 3784 834 bea—

2203 876 2267 919 tae
2311 866 2506 919 animae
2552 882 2835 933 ascensus,
2882 883 3004 922 cum
3047 870 3314 924 submersi
3357 869 3557 925 fuerint
3592 886 3781 925 omnes

2200 959 2440 1031 [Egyptii
2466 970 2519 1015 et
2542 962 2879 1028 Amalecitzc,
2926 972 3088 1033 atque
3113 964 3351 1019 universi
3379 965 3468 1035 qui
3498 964 3778 1036 impugna-

2198 1064 2389 1108 verant
2439 1070 2556 1108 eam
2609 1073 2622 1109 :
2664 1067 2720 1112 et
2761 1072 2863 1125 per
2902 1056 3148 1127 singulas
3192 1073 3441 1128 quasque
3470 1059 3780 1128 digrediens

2196 1147 2531 1212 mansiones,
2582 1146 2701 1201 illas
2739 1146 2948 1201 scilicet
2993 1147 3191 1203 multas
3235 1164 3356 1218 qua:
3380 1149 3635 1205 dicuntur
3659 1163 3781 1206 esse

2195 1236 2336 1309 apud
2380 1238 2616 1303 Patrem,
2648 1238 2983 1292 illuminatur
3024 1240 3255 1309 amplius
3294 1240 3404 1311 (72)
3452 1256 3517 1296 ex
3566 1257 3672 1296 una
3711 1246 3778 1297 ad

2195 1330 2355 1384 aliam
2388 1331 2629 1397 veniens,
2683 1330 2888 1397 majora
2936 1346 3151 1399 semper
3194 1332 3603 1387 illuminationis
3644 1348 3778 1404 aug~

2194 1432 2375 1477 menta
2420 1425 2714 1492 conquirit,
2766 1438 3051 1493 usquequo
3095 1436 3308 1478 assueta
3359 1427 3425 1478 sit
3453 1426 3624 1495 ipsius
3662 1426 3776 1480 veri

2194 1516 2416 1570 luminis
2438 1518 2582 1587 quod
2630 1516 2907 1571 illuminat
2946 1532 3161 1572 omnem
3196 1518 3492 1583 hominem,
3525 1519 3777 1573 intuitum

2192 1610 2323 1680 pati,
2368 1619 2421 1663 et
2449 1610 2598 1675 mira:
2626 1611 2932 1678 majestatis
2970 1610 3116 1667 ferre
3148 1614 3433 1683 fulgorem.
3479 1612 3533 1668 SI
3562 1630 3686 1669 vero
3711 1616 3778 1670 ad

2192 1689 2509 1767 secundam,
2556 1702 2621 1756 de
2661 1718 2764 1771 qua
2810 1705 3063 1772 superius
3091 1707 3531 1772 memoravimus,
3558 1708 3777 1774 exposi-

2192 1797 2390 1850 tionem
2414 1795 2715 1859 redeamus,
2734 1806 2788 1850 et
2809 1797 3001 1850 animae
3024 1797 3076 1850 in
3096 1798 3196 1852 hac
3215 1798 3319 1850 vita
3346 1799 3530 1867 ροείιευ
3551 1814 3644 1867 per
3664 1801 3776 1854 her

2192 1887 2375 1942 doceri
2408 1886 2773 1955 intelligamus
2801 1886 3099 1956 profectus,
3128 1903 3246 1957 quze
3270 1904 3527 1943 conversa
3554 1891 3620 1943 de
3642 1904 3773 1957 gen-

2194 1979 2274 2033 tili
2304 1980 2565 2046 vita,nOn
2610 1989 2717 2033 tam
2746 1979 2962 2048 Moysen
2996 1996 3159 2049 quam
3199 1981 3371 2051 legem
3399 1984 3516 2047 Dei,
3548 2000 3645 2037 nec
3667 1986 3775 2035 Aa-

2194 2085 2312 2136 ron,
2361 2071 2453 2124 sed
2500 2071 2835 2125 sacerdotem
2889 2070 3039 2124 illum
3088 2072 3180 2140 qui
3228 2082 3508 2140 permanet
3535 2074 3585 2127 in
3614 2082 3775 2126 teter-

2193 2180 2319 2217 num
2365 2163 2651 2233 sequitur;
2693 2173 2983 2233 antequam
3030 2166 3093 2217 ad
3144 2164 3441 2233 perlitatum
3481 2167 3679 2229 veniat,
3718 2168 3772 2221 in

2190 2272 2373 2312 eremo
2402 2257 2642 2322 habitat;
2688 2258 2776 2312 ubi
2804 2258 3011 2312 scilicet
3061 2266 3382 2311 exerceatur
3411 2259 3461 2311 in
3492 2261 3772 2327 prteceptis

2193 2343 2428 2411 Domini,
2473 2353 2529 2397 et
2557 2344 2644 2398 ubi
2675 2345 2809 2399 fides
2848 2344 2967 2413 ejus
3015 2359 3112 2413 per
3142 2344 3466 2398 teutationcs
3493 2346 3770 2414 probetur.

2194 2438 2292 2493 Ubi
2322 2452 2444 2491 cum
2470 2437 2666 2490 vicerit
2711 2453 2869 2489 unam
2912 2436 3283 2501 tentationem,
3330 2448 3384 2490 et
3412 2436 3544 2493 fides
3567 2438 3683 2505 ejus
3716 2442 3768 2494 in

2189 2545 2250 2583 ea
2297 2528 2458 2582 fuerit
2487 2530 2739 2597 probata,
2771 2529 2894 2581 inde
2944 2528 3087 2580 venit
3118 2528 3181 2581 ad
3211 2529 3396 2594 aliam,
3443 2538 3497 2582 et
3524 2530 3675 2597 quasi
3703 2531 3772 2585 de

2190 2638 2295 2675 una
2329 2624 2611 2677 mansione
2657 2621 2724 2674 ad
2771 2622 2997 2675 alteram
3030 2622 3244 2684 transit,
3296 2630 3352 2675 et
3389 2621 3459 2677 ibi
3485 2622 3772 2676 cumobti-

2187 2716 2368 2767 nnerit
2396 2732 2516 2783 quae
2562 2714 2881 2778 acciderint,
2927 2724 2975 2768 et
3005 2713 3238 2768 fideliter
3266 2713 3474 2781 tulerit,
3501 2715 3676 2784 pergit
3704 2714 3769 2767 ad

2187 2807 2387 2872 aliam;
2425 2819 2478 2862 et
2530 2810 2604 2862 ita
2653 2824 2749 2877 per
2779 2807 2988 2877 singula
3020 2822 3249 2876 qureque
3290 2816 3620 2862 tentamenta
3650 2807 3771 2860 vita:

2187 2918 2251 2957 ac
2302 2903 2425 2956 fidei
2485 2910 2790 2969 prosecuta,
2829 2899 3138 2969 mansiones
3183 2900 3383 2955 habere
3437 2900 3635 2956 dicitur
3670 2919 3683 2956 :
3716 2903 3768 2956 in

2185 2996 2383 3066 quibus
2416 3011 2511 3063 per
2544 2995 2752 3063 singula
2788 2996 3045 3047 virtutum
3077 3004 3396 3062 qumruntur
3425 3002 3712 3061 augmenta
3753 3011 3767 3047 :

2186 3100 2240 3144 et
2270 3088 2524 3157 impletur
2551 3088 2602 3139 in
2634 3089 2700 3141 iis
2728 3087 2855 3139 illud
2888 3086 3029 3155 quod
3057 3086 3317 3154 scriptum
3347 3094 3430 3139 est
3451 3086 3497 3118 ὀ
3527 3103 3539 3137 :
3569 3104 3587 3137 ‹
3615 3085 3771 3140 Ibunt

500 3172 586 3228 lus
621 3184 803 3230 autem
836 3192 1009 3233 novus
1041 3180 1290 3247 pervenit
1325 3181 1391 3234 ad
1426 3197 1650 3250 regnum
1676 3185 1765 3253 qui
1798 3185 2084 3254 ignorabat
2111 3209 2155 3271 C
2189 3185 2252 3237 de
2286 3181 2491 3233 virtute
2542 3180 2593 3232 in
2629 3181 2906 3245 virtutem,
2938 3197 2956 3230 ι
2993 3192 3273 3247 usquequo
3323 3177 3674 3245 perveniatur
3702 3178 3768 3232 ad

505 3262 813 3337 Egyptios,
846 3270 1087 3340 exceptis
1116 3271 1492 3327 sacerdotibus
1519 3282 1573 3327 ct
1602 3273 1843 3329 Levitis?
1880 3277 1934 3331 Si
1963 3278 2085 3347 quis

502 3359 649 3412 enim
689 3362 932 3430 potuerit
979 3377 1038 3417 se
1075 3364 1127 3416 in
1167 3366 1513 3418 sacerdotum
1556 3374 1609 3418 et
1650 3364 1956 3422 Levitarum
1990 3387 2082 3424 ur—

507 3448 632 3503 dine
663 3450 953 3516 collocare,
990 3451 1035 3504 si
1073 3452 1196 3520 quis
1230 3455 1469 3521 potuerit
1502 3469 1607 3508 non
1642 3456 1846 3511 habere
1875 3460 2083 3526 portio-

501 3556 627 3595 nem
658 3542 709 3596 in
748 3543 906 3597 terris
941 3543 1126 3609 ullam,
1164 3547 1268 3599 nisi
1302 3546 1474 3600 solum
1511 3546 1817 3615 Dominum,
1852 3554 1951 3605 iste
1976 3569 2082 3608 non

501 3634 661 3688 cadet
702 3632 753 3686 in
794 3633 1032 3699 deserto,
1069 3635 1162 3689 sed
1214 3637 1492 3704 perveniet
1536 3640 1601 3691 ad
1653 3648 1857 3695 terram
1900 3659 2099 3713 Περι-οι

504 3727 805 3781 missionis.
848 3724 1001 3781 Unde
1031 3736 1086 3782 et
1119 3738 1170 3782 tu
1198 3729 1245 3782 si
1280 3730 1358 3783 vis
1385 3746 1489 3783 non
1522 3732 1720 3786 cadere
1752 3734 1803 3786 in
1840 3735 2081 3799 deserto,

501 3819 597 3873 sed
649 3819 940 3887 pervenire
989 3820 1056 3873 ad
1109 3828 1309 3874 terram
1356 3822 1796 3890 repromissionis
1845 3837 2082 3895 patrum,

503 3919 705 3965 sortem
745 3922 891 3964 tuam
929 3927 1035 3965 non
1068 3912 1268 3967 habeas
1300 3913 1352 3965 in
1394 3922 1538 3967 terra
1586 3915 1721 3987 (70),
1757 3933 1857 3974 nec
1883 3920 1954 3973 sit
1988 3921 2082 3976 tibi

501 4000 708 4071 aliquid
738 4016 1028 4055 commune
1074 4018 1200 4056 cum
1247 4014 1416 4057 terra.
1449 4005 1635 4060 Portio
1668 4018 1755 4061 tua
1795 4010 1867 4065 sit
1900 4013 2083 4068 Domi-

500 4107 606 4148 nus
639 4093 810 4157 solus,
837 4102 893 4147 et
922 4108 1197 4163 nunquam
1229 4095 1412 4152 cades.
1456 4098 1648 4167 Agitur
1674 4115 1801 4170 ergo
1833 4107 2083 4161 ascensio

500 4188 566 4240 de
597 4183 836 4257 Egypto
864 4186 929 4240 ad
961 4194 1158 4241 terram
1190 4189 1655 4256 repromissionis,
1687 4208 1784 4260 per
1805 4210 1988 4263 quarti,
2022 4208 2084 4253 ut

502 4278 637 4344 dixi,
688 4277 933 4350 mysticis
966 4278 1426 4349 descriptionibus
1460 4281 1757 4338 edocemur
1790 4301 2080 4342 ascensum

502 4374 695 4427 animae
718 4375 784 4427 ad
812 4372 1012 4427 ccelum
1038 4379 1093 4428 et
1110 4373 1537 4429 resurrectionis
1554 4390 1618 4430 ex
1646 4380 1878 4435 mortuis
1898 4395 2084 4435 sacra-

502 4474 740 4520 mentum
776 4464 911 4538 (71).

2189 3274 2455 3336 ultimum,
2510 3272 2617 3324 imo
2661 3271 2725 3323 ad
2787 3284 3056 3323 summum
3108 3269 3332 3337 gradum
3378 3270 3660 3336 virtutum,
3716 3279 3772 3324 et

2191 3374 2499 3419 transeatur
2523 3362 2721 3415 ﬂumen
2759 3361 2871 3425 Dei,
2912 3376 2975 3413 ac
3003 3360 3267 3429 promissa
3307 3361 3631 3429 suscipiatur
3660 3361 3769 3414 hce-

2192 3458 2415 3512 reditas.

2260 3548 2313 3601 6.
2362 3545 2570 3614 Duplici
2640 3544 2806 3613 igitur
2870 3544 3208 3611 expositione
3257 3554 3492 3608 utentes,
3550 3562 3765 3602 omnem

2189 3641 2333 3694 hunc
2378 3640 2469 3706 qui
2520 3636 2783 3690 ret-italus
2814 3644 2896 3688 cst
2943 3635 3287 3689 considerare
3325 3637 3583 3692 debemus
3617 3640 3767 3693 ordi-

2191 3748 2313 3785 nem
2366 3732 2733 3791 mansionum.
2788 3740 2844 3783 ut
2891 3745 2952 3782 ex
2985 3738 3212 3798 utroque
3238 3733 3306 3783 sit
3335 3733 3527 3786 anima:
3568 3743 3767 3789 nostra:

2189 3822 2485 3893 profectus,
2519 3821 2933 3892 agnoscentibus
2957 3836 3022 3877 ex
3055 3820 3120 3875 iis
3142 3822 3223 3875 vel
3250 3823 3362 3877 haec
3388 3824 3520 3888 vita,
3551 3840 3671 3894 quae
3700 3840 3762 3880 ex

2186 3916 2548 3970 conversione
2596 3914 2803 3968 erroris
2850 3913 3022 3981 legem
3073 3914 3163 3968 Dei
3214 3916 3484 3984 sequitur,
3532 3916 3768 3984 qualiter

2187 4008 2271 4078 agi
2323 4007 2540 4071 debeat,
2590 4004 2673 4059 vel
2726 4003 2921 4057 futurm
2967 4004 3078 4071 spei
3129 4018 3248 4071 qua:
3272 4020 3335 4058 ex
3368 4005 3767 4060 resurrectione

2187 4100 2545 4169 promittitur,
2584 4106 2786 4165 quanta
2832 4096 2902 4149 sit
2942 4096 3293 4162 exspectatio.
3337 4095 3428 4149 Sic
3458 4095 3602 4149 enim
3637 4105 3767 4165 puto

2186 4192 2326 4261 quod
2358 4191 2566 4258 iisquae
2594 4187 2866 4257 leguntur,
2904 4187 3063 4255 digna
3091 4188 3262 4239 sancti
3288 4187 3524 4255 Spiritus
3556 4187 3768 4257 legibus

2187 4282 2540 4352 intelligentia
2572 4282 2852 4334 doceatur.
2896 4277 3031 4331 Nam
3061 4280 3201 4332 scire
3229 4278 3283 4331 in
3314 4278 3528 4331 deserto
3554 4278 3646 4332 illo
3669 4280 3763 4351 qui

2185 4381 2361 4431 dictus
2395 4378 2463 4430 sit
2496 4375 2644 4429 locus
2682 4375 2793 4437 ille,
2831 4374 2941 4437 ubi,
2982 4373 3131 4427 verbi
3159 4373 3355 4442 gratia,
3386 4373 3765 4441 applicuerunt

2188 4483 2315 4522 lllth
2354 4478 2704 4523 transeuntes
2733 4466 2825 4520 ﬁlii
2860 4464 3042 4531 Israel,
3079 4465 3206 4534 quid
3250 4464 3380 4518 mihi
3405 4465 3656 4521 utilitatis
3684 4460 3766 4516 af-

570 4556 731 4628 377
759 4557 815 4612 5.
840 4557 1127 4614 Ponuntur
1149 4566 1331 4613 autem
1360 4569 1413 4613 et
1440 4561 1657 4615 nomina
1688 4564 2080 4621 mansionibus.
2117 4553 2159 4606 D
2193 4561 2315 4626 fert,
2346 4571 2437 4615 aut
2463 4560 2589 4629 quid
2620 4558 2926 4628 legentibus
2955 4572 3029 4611 ex
3058 4558 3158 4611 hoc
3186 4556 3481 4625 profectus,
3509 4563 3563 4611 et
3588 4557 3759 4626 legem

500 4650 685 4719 Neque
717 4650 861 4704 enim
906 4650 1236 4706 conveniens
1263 4650 1568 4717 videbatur,
1619 4663 1677 4706 ut
1719 4654 1900 4709 onmis
1928 4656 2082 4713 locus

496 4743 591 4813 qui
622 4744 723 4798 sub
746 4742 906 4811 coelo,
934 4743 1049 4798 sive
1073 4744 1367 4812 montium,
1392 4743 1506 4799 sive
1531 4743 1773 4813 collium,
1803 4748 1916 4802 sive
1940 4765 2084 4805 cam-

499 4852 691 4906 porum
739 4835 1052 4891 nominibus
1081 4845 1327 4891 uteretur
1356 4854 1369 4891 :
1420 4835 1511 4891 illa
1538 4851 1670 4891 vero
1695 4840 1944 4894 ascensio
1974 4856 2089 4911 qua

500 4933 680 4986 anima
708 4930 959 4986 ascendit
983 4930 1050 4985 ad
1082 4946 1305 4999 regnum
1336 4929 1454 4997 Dei,
1488 4931 1826 4985 mansionum
1854 4948 2078 4988 suarum

499 5023 720 5076 nomina
745 5038 852 5077 non
882 5021 1129 5078 haberet.
1156 5020 1325 5075 Habet
1350 5022 1570 5076 nomina
1597 5023 1935 5078 mansionum
1966 5040 2083 5096 my-

499 5117 651 5171 sticis
677 5123 860 5185 aptata
887 5115 1185 5179 vocabulis,
1218 5114 1379 5169 habet
1405 5124 1460 5171 et
1497 5114 1853 5171 deducentem
1883 5130 1941 5171 se
1971 5133 2081 5170 non

569 5261 613 5293 ⁸⁷
649 5259 804 5314 Deut.
842 5274 961 5324 vui,
986 5258 1040 5314 Ξ.
1079 5260 1133 5314 3.
1207 5256 1253 5291 ⁸⁸
1286 5259 1455 5314 Exod.
1484 5274 1574 5327 xv,
1606 5262 1656 5315 l.

571 5397 687 5463 (68)
728 5396 908 5451 Codex
956 5397 1336 5459 Ebroicensis,
1396 5417 1413 5449 r
1440 5398 1647 5468 prima,
1692 5407 1747 5453 et
1794 5402 2027 5452 secunda
2054 5440 2068 5462 ,

498 5480 552 5522 et
608 5470 767 5522 tertia
824 5468 1173 5526 mansione.)
1240 5468 1420 5523 Codex
1473 5469 1655 5523 Sancti
1707 5468 2069 5536 Theudorici,

506 5546 669 5607 «post
715 5539 971 5606 primam,
1016 5548 1070 5592 et
1114 5540 1432 5603 secundam,
1480 5550 1535 5593 et
1582 5541 1795 5593 tertiam
1835 5542 2076 5594 mansio-

500 5625 648 5662 nem.
676 5629 693 5659 ι
741 5609 795 5661 In
849 5609 1000 5663 libris
1054 5622 1211 5662 antea
1256 5609 1419 5665 editis
1467 5610 1806 5664 desideratur
1843 5630 1861 5662 ‹
1891 5620 2071 5676 post.)

572 5678 690 5749 (69)
738 5678 865 5734 Mss.
910 5697 928 5731 ι
953 5679 1404 5735 Ιιοηονὶίίςδῑιιε.»
1441 5680 1597 5736 Libb.
1636 5680 1788 5747 editi,
1832 5699 1851 5732 ι
1878 5681 2078 5752 gloriﬁ-

502 5762 679 5807 catus,
709 5769 726 5800 ι

574 5821 688 5889 (70)
718 5820 899 5876 Codex
942 5819 1001 5879 S.
1048 5818 1373 5877 Theoderici
1419 5820 1590 5877 solum
1641 5821 1821 5888 habet,
1859 5840 1875 5872 ι
1905 5821 1955 5876 in
1990 5823 2081 5877 de-

1734 5260 1780 5292 ⁸⁸
1800 5260 1942 5317 Psal.
1964 5274 2174 5326 vavn,
2203 5257 2291 5311 Μ.

2193 4653 2284 4706 Dei
2330 4652 2415 4705 die
2454 4666 2517 4705 ac
2549 4660 2709 4704 nocte
2737 4648 3120 4703 meditantibus
3149 4645 3500 4702 conferatur?
3526 4647 3769 4702 maxime

2189 4758 2310 4798 cum
2338 4743 2627 4797 videamus
2658 4750 2860 4795 tantam
2898 4740 3063 4795 fuisse
3090 4754 3277 4793 curam
3305 4739 3531 4793 Domino
3554 4742 3619 4795 de
3642 4741 3761 4795 istis

2188 4833 2564 4889 mansionibus
2590 4834 3011 4902 perscribendis,
3060 4842 3116 4885 ut
3139 4833 3433 4901 descriptio
3458 4847 3645 4887 earum
3672 4849 3761 4888 sc-

2189 4927 2365 4983 CUINIO
2403 4926 2511 4994 jam
2562 4927 2680 4980 loco
2708 4926 2903 4980 divinis
2939 4926 3148 4995 legibus
3184 4925 3478 4979 inderetur.
3515 4925 3762 4981 Comme-

2187 5029 2395 5076 morata
2446 5027 2568 5073 sunt
2611 5019 2756 5071 enim
2806 5019 3020 5072 nomina
3073 5018 3192 5078 ista,
3242 5016 3366 5070 licet
3408 5017 3458 5072 in
3487 5016 3760 5071 nonnullis

2188 5116 2490 5181 immutata,
2538 5115 2648 5185 jam
2680 5125 2805 5168 tunc
2847 5128 2969 5168 cum
3007 5128 3101 5182 per
3128 5113 3242 5168 loca
3272 5114 3483 5186 singula
3518 5114 3763 5169 elevasse

2368 5256 2413 5287 νο
2440 5254 2576 5310 Psal.
2606 5270 2825 5319 Lxxxw,
2856 5256 2909 5309 7.

2189 5407 2357 5450 serto.
2392 5396 2446 5450 Si
2483 5396 2770 5463 pervenire
2810 5396 2890 5448 vis
2930 5394 2995 5447 ad
3044 5395 3494 5463 repromissiones
3519 5397 3759 5462 patrum,

2183 5476 2387 5521 sortem
2414 5476 2558 5517 luant
2589 5482 2693 5518 non
2724 5466 2924 5519 habeas
2958 5464 3008 5515 in
3051 5474 3215 5516 terra.
3242 5483 3259 5513 ι

2254 5537 2367 5601 (7|)
2409 5534 2477 5588 Et
2527 5536 2927 5589 resurrectionis
2971 5551 3035 5587 ea:
3069 5535 3290 5586 mortuis
3341 5540 3752 5584 sacramentum.

2184 5606 2275 5660 Sic
2300 5608 2462 5661 habet
2485 5606 2656 5660 codex
2692 5605 3113 5659 S.Theodorici.
3150 5603 3294 5656 Libri
3343 5601 3496 5667 editi,
3533 5620 3551 5653 ί
3579 5616 3642 5655 ex
3673 5617 3756 5665 ree

2184 5678 2538 5732 surrectionis
2564 5694 2628 5732 ex
2661 5676 2889 5729 mortuis
2918 5685 3278 5726 sacramento.
3307 5691 3323 5724 ι

2257 5748 2368 5818 (7-2)
2409 5747 2588 5801 Codex
2619 5744 3049 5818 S._'l‘heodoriei,
3094 5762 3111 5794 ι
3139 5752 3195 5797 ut
3235 5757 3330 5812 per
3366 5741 3609 5812 singulas
3635 5778 3681 5796 ..
3702 5779 3719 5794 .
3740 5778 3753 5795 .

2186 5816 2519 5873 illuminetur
2559 5816 2806 5885 amplius.
2836 5835 2852 5866 ›
