4134 6402
408 337 514 396 73⁸1

1850 334 2172 391 ιιιιιϐιεκιδ

3558 343 3656 401 788

405 455 664 512 dicuntur
691 457 782 511 filii
813 455 975 510 lsrael
1014 456 1080 510 de
1113 455 1203 510 illo
1241 455 1377 521 loco,
1408 465 1461 508 et
1490 455 1852 524 applicuisse:
1879 457 1972 508 sed
2004 461 2050 515 Α
2080 455 2146 509 ad
2194 462 2396 508 tactum
2439 465 2601 523 atque
2631 456 2908 509 odoratum
2944 467 3268 528 gustumque
3292 459 3534 525 veniunt,
3567 463 3661 516 de-

406 555 457 602 et
490 564 630 601 nunc
665 547 860 601 iterum
899 563 994 615 per
1026 547 1246 601 verbum
1281 547 1488 601 Domini
1520 547 1752 602 describi
1779 547 1975 614 juben-

409 651 497 692 ιιιι·
524 657 550 691 a
590 639 786 709 Moyse.
834 640 986 694 Unde
1027 650 1080 692 et
1123 640 1223 693 hoc
1256 641 1426 707 ipsum
1456 639 1596 708 quod
1628 639 1868 692 secundo
1897 652 1979 690 re-

406 732 608 800 petitur
649 733 749 784 ista
782 733 1092 800 descriptio,
1147 732 1280 784 satis
1323 746 1561 800 c0ngrue
1602 731 1732 783 mihi
1767 730 1976 783 videtur

405 824 473 876 ad
529 828 844 891 mysterium
878 823 1238 890 espositiouis
1289 821 1448 890 hujus
1494 837 1654 890 quam
1688 821 1973 889 proposui-

402 928 524 967 mus
562 928 576 967 :
615 915 696 966 his
747 915 889 967 cnim
928 923 1264 983 repetuntur,
1298 926 1355 967 ut
1405 914 1538 967 duas
1567 915 1757 966 anima:
1793 923 1975 966 osten-

399 1003 586 1057 derent
640 1005 788 1068 vias;
828 1020 986 1055 unam
1020 1021 1122 1072 qua
1157 1005 1206 1056 in
1236 1019 1402 1059 carne
1448 1006 1616 1073 posita
1657 1019 1751 1072 per
1803 1003 1972 1072 legem

396 1095 493 1147 Dei
529 1099 580 1147 in
613 1095 906 1148 virtutibus
935 1105 1248 1160 exercetur,
1283 1107 1332 1148 et
1363 1111 1461 1165 per
1487 1095 1687 1165 gradus
1712 1094 1972 1163 quosdam

399 1181 736 1250 profectuum
787 1185 1088 1238 ascendens
1144 1185 1338 1254 pergil,
1391 1194 1446 1237 ut
1478 1186 1735 1248 diximus,
1768 1185 1833 1238 de
1864 1168 1970 1236 vir-

399 1280 515 1326 tute
556 1272 607 1325 in
640 1273 918 1338 virtutem,
954 1283 1008 1326 et
1039 1274 1169 1341 ipsis
1195 1273 1524 1340 profectibus
1549 1274 1703 1342 quasi
1737 1273 1974 1326 mansio-

398 1364 561 1417 nibus
609 1365 812 1429 utitur;
865 1362 1024 1417 aliam
1059 1381 1188 1418 vero
1231 1381 1336 1434 qua
1369 1375 1489 1432 post
1520 1365 1969 1419 resurrectionem

398 1470 692 1509 ascensura
747 1457 814 1507 ad
849 1456 1017 1510 ctelos
1047 1472 1149 1508 non
1185 1457 1364 1510 subito
1398 1471 1496 1510 nec
1549 1457 1855 1526 importune
1903 1455 1970 1509 ad

395 1560 607 1598 summa
649 1547 986 1611 conscendit,
1021 1547 1114 1598 sed
1151 1547 1466 1616 permultas
1496 1547 1779 1602 deducitur
1813 1564 1970 1602 man-

393 1637 597 1703 siones,
654 1638 704 1690 in
759 1639 955 1706 quibus
1009 1639 1307 1693 illuminata
1359 1655 1455 1709 per
1485 1639 1726 1710 singulas
1755 1650 1970 1710 clang-

393 1737 579 1782 meulo
627 1742 843 1796 semper
897 1729 1200 1798 splendoris
1248 1740 1498 1801 accepto,
1546 1732 1598 1786 in
1648 1748 1971 1802 unaquaque

397 1821 678 1874 mansione
704 1822 974 1876 illustrata
999 1824 1277 1890 sapientia:
1296 1824 1498 1879 lumine
1519 1829 1770 1895 usquead
1794 1826 1967 1896 ipsum

391 1911 674 1980 perveniat
710 1912 970 1967 luminum
1020 1912 1258 1969 Patrem.
1305 1934 1323 1967 (
1368 1917 1631 1971 Exierunt
1681 1931 1832 1988 ergo,
1883 1919 1968 1973 itt-

389 2003 507 2070 qnit
546 2003 612 2065 δ’,
657 2003 747 2057 lilii
773 2004 938 2060 lsrael
968 2021 1090 2060 cum
1120 2008 1317 2061 virtute
1350 2024 1467 2062 sua.
1511 2028 1529 2061 ι
1561 2009 1689 2064 Erat
1717 2026 1837 2064 cum
1861 2011 1968 2064 illis

388 2097 564 2150 virtus
601 2098 688 2150 illa
737 2113 856 2167 qua:
905 2099 1186 2152 dixerat”
1225 2119 1238 2154 :
1285 2100 1526 2155 t'f‘ecuat
1559 2102 1883 2156 descendam
1915 2102 1967 2157 in

388 2185 722 2256 Aigyptum;
761 2207 778 2239 ι
810 2198 863 2242 et
898 2189 1024 2258 quia
1059 2200 1175 2243 erat
1203 2206 1320 2245 cum
1353 2193 1457 2247 illis
1486 2195 1586 2247 ista
1624 2194 1815 2257 virtus,
1845 2208 1969 2262 pro-

390 2290 574 2346 pterea
610 2280 743 2334 dicit
772 2279 1047 2350 Propheta
1073 2281 1119 2313 ³³
1162 2304 1172 2337 ;
1215 2301 1233 2334 ι
1257 2283 1322 2338 Ει
1353 2300 1458 2338 non
1494 2285 1686 2340 eratin
1721 2285 1968 2340 tribubus

388 2387 580 2426 corum
617 2373 920 2429 inﬁrmatis.
955 2394 973 2427 ι
1018 2375 1280 2431 Exierant
1306 2387 1480 2431 autem
1514 2379 1567 2432 in
1600 2395 1760 2432 tuanu
1796 2379 1965 2450 Moysi

389 2474 444 2514 et
469 2462 674 2516 Aaron.
718 2463 796 2516 Ad
827 2466 1130 2518 exeundum
1161 2468 1226 2521 de
1246 2466 1476 2539 .Egypto
1501 2486 1606 2524 non
1639 2468 1833 2524 sullicit
1861 2486 1966 2526 una

391 2568 586 2608 manus
619 2554 813 2626 Moysi,
848 2558 1112 2625 quaeritur
1158 2568 1211 2612 et
1257 2573 1448 2612 manus
1492 2560 1692 2616 Aaron.
1756 2561 1966 2632 Moyses

389 2645 594 2700 indicat
642 2648 922 2702 scientiam
960 2649 1112 2719 legis,
1164 2651 1341 2704 Aaron
1368 2651 1710 2708 sacriﬁcandi
1760 2653 1869 2709 Deo
1910 2663 1964 2708 et

389 2739 705 2796 immolandi
755 2743 1030 2812 peritiam.
1092 2743 1237 2814 Opus
1273 2756 1355 2800 est
1403 2761 1555 2817 ergo,
1596 2756 1652 2800 ut
1705 2756 1964 2802 exeuntes

387 2831 458 2886 de
493 2831 729 2903 Aigypto
760 2851 864 2889 non
916 2836 1089 2891 solum
1120 2838 1401 2892 scientiam
1431 2839 1564 2909 legis
1594 2849 1648 2893 et
1683 2839 1828 2906 ﬁdei,
1869 2840 1961 2894 sed

387 2939 610 2990 uput‘ttttt
641 2924 837 2992 quibus
867 2927 975 2980 Deo
998 2925 1236 2995 placetur
1262 2928 1468 2983 fructus
1490 2929 1802 2983 habeamus.
1838 2927 1961 2984 ideo

385 3016 530 3068 enim
579 3024 632 3070 et
663 3031 854 3071 manus
884 3029 1344 3073 commemoratur
1371 3019 1535 3091 Moysi
1586 3031 1639 3074 et
1666 3020 1861 3088 Aaron,
1903 3033 1960 3076 ut

383 3122 547 3174 opera
605 3124 702 3178 per
750 3127 942 3166 manus
990 3111 1273 3182 intelligas.
1315 3112 1526 3166 Etenim
1577 3113 1622 3167 si
1657 3113 1845 3169 exiens
1891 3116 1956 3169 de
1986 3148 2029 3205 ο

384 3198 642 3270 λεεγριο,
695 3209 748 3255 et
801 3218 1099 3258 conversus
1147 3205 1212 3258 ad
1244 3204 1411 3258 Deum
1462 3204 1712 3276 abjiciam
1768 3221 1957 3276 super-

384 3292 551 3359 hiam,
613 3310 708 3363 per
745 3312 933 3350 manus
982 3296 1162 3351 Aaron
1224 3308 1434 3351 taurum
1473 3299 1581 3353 Deo
1632 3297 1956 3352 sacrificavi.

385 3384 441 3436 Si
477 3387 831 3452 petulantiam
873 3387 1258 3456 lasciviamque
1287 3405 1592 3458 peremero,
1622 3390 1830 3444 hircum
1857 3389 1961 3442 Do-

385 3479 533 3532 mino
556 3478 834 3548 jngnlasse
883 3495 968 3534 me
998 3481 1178 3533 Aaron
1213 3482 1463 3536 manibus
1509 3483 1749 3536 credam.
1794 3481 1851 3537 Si
1889 3483 1957 3536 li-

383 3571 622 3624 bidinem
665 3571 868 3634 vicero,
924 3571 1182 3637 vitulum;
1219 3571 1267 3624 si
1305 3573 1610 3639 stultitiam,
1665 3588 1818 3628 ovem
1852 3574 1960 3628 im-

383 3661 620 3716 uiolasse
654 3661 894 3714 videbor.
961 3660 1050 3714 Sic
1101 3677 1230 3732 ergo
1281 3677 1402 3716 cum
1439 3663 1631 3717 animae
1675 3665 1798 3717 vitia
1829 3681 1960 3735 pur—

382 3766 605 3824 gantur,
649 3771 841 3810 manus
867 3754 1049 3809 Aaron
1075 3765 1332 3824 operatur
1360 3757 1414 3811 in
1455 3759 1645 3825 nobis;
1683 3769 1739 3814 et
1769 3777 1958 3818 manus

385 3845 554 3914 Moysi
593 3843 872 3898 nobiscum
924 3855 1026 3912 est,
1057 3861 1178 3899 cum
1211 3846 1278 3899 ad
1324 3847 1438 3901 hzec
1469 3848 1582 3916 ipsa
1613 3849 1956 3921 intelligenda

383 3937 758 3990 illuminamur
782 3954 842 3990 ex
878 3937 1009 4007 lege.
1056 3937 1121 3991 Et
1153 3937 1271 3992 ideo
1297 3947 1524 4008 utraque
1554 3955 1742 3995 manus
1770 3957 1956 3998 neces-

381 4028 522 4081 saria
558 4037 640 4082 est
693 4031 757 4082 de
784 4028 1019 4098 {Egyplo
1069 4029 1406 4094 exeuntibus,
1458 4039 1517 4084 ut
1556 4030 1863 4086 inveniatur
1901 4034 1953 4088 in

382 4119 466 4173 eis
495 4137 599 4173 non
630 4120 800 4174 solum
833 4121 954 4178 ﬁdei
988 4130 1043 4174 et
1095 4120 1354 4186 scientiae,
1382 4120 1473 4175 sed
1503 4129 1556 4174 et
1588 4131 1802 4175 actuum
1827 4137 1955 4192 ope-

379 4229 610 4284 rumque
657 4215 956 4283 perfectio;
986 4224 1039 4267 et
1086 4221 1266 4266 tamen
1297 4221 1537 4281 utraeque
1581 4213 1661 4266 hae
1694 4229 1797 4267 non
1830 4225 1954 4272 sunt

377 4309 497 4361 duae
529 4321 741 4373 manus,
781 4305 874 4360 sed
930 4320 1056 4362 una.
1097 4305 1153 4359 In
1184 4320 1346 4359 manu
1395 4305 1536 4360 enim
1578 4304 1743 4381 Moysi
1773 4315 1827 4361 et
1850 4308 1954 4362 Aa-

381 4413 480 4452 ron
509 4397 698 4452 eduxit
743 4411 838 4451 eos
866 4395 1148 4461 Dominus,
1194 4403 1249 4449 et
1281 4411 1386 4449 non
1417 4395 1469 4448 in
1500 4396 1748 4450 manibus
1781 4396 1950 4471 Moysi

2080 546 2362 610 lectamur,
2410 545 2664 600 labantur
2710 547 2845 613 dies,
2875 554 3084 616 tempus
3121 557 3430 616 prmtercat,
3466 560 3521 604 et
3550 568 3657 606 non

2076 646 2426 687 occurramus
2480 646 2640 685 omne
2672 633 2900 700 spatium
2950 633 3287 689 imminentis
3324 635 3535 691 itineris
3563 654 3658 692 ex-

2075 724 2303 792 plicare,
2335 734 2390 779 et
2412 725 2731 780 deficiamus
2755 725 2807 777 in
2837 725 3032 788 medio,
3063 736 3226 795 atque
3254 728 3468 782 accidat.
3497 731 3656 785 nobis

2079 815 2211 871 illud
2239 817 2382 886 quod
2405 817 2471 871 de
2492 818 2816 885 quibusdam
2845 814 3098 880 refertur,
3127 819 3216 886 qui
3240 821 3523 887 pervenire
3547 836 3652 875 non

2076 918 2380 977 potuerunt,
2433 909 2526 962 sed
2557 915 2704 962 artus
2755 922 2941 962 eorum
2977 909 3294 963 ceciderunt
3325 909 3381 963 in
3409 913 3648 967 deserto.

2075 998 2183 1053 lter
2230 1014 2360 1068 ergo
2408 1000 2642 1069 agimus,
2692 1008 2745 1052 et
2781 1000 2987 1053 idcirco
3037 999 3355 1055 devenimus
3401 1003 3452 1056 in
3508 1003 3650 1058 hunc

2076 1093 2357 1155 mundum,
2411 1099 2470 1144 ιιι
2502 1101 2838 1144 transeamus
2887 1090 2951 1144 de
2983 1089 3183 1146 virtute
3229 1092 3295 1146 ad
3346 1093 3645 1148 virtutem:

2077 1199 2182 1237 non
2214 1191 2272 1234 ut
2303 1196 2716 1251 permaneamus
2749 1195 2844 1250 pro
2881 1183 3108 1238 terrenis
3141 1183 3194 1237 in
3231 1195 3394 1247 terra,
3426 1183 3566 1238 sicut
3594 1193 3649 1239 et

2077 1276 2165 1331 ille
2200 1275 2292 1344 qui
2322 1276 2597 1330 dicebat.”
2629 1293 2644 1330 :
2684 1294 2702 1326 ι
2725 1276 3004 1330 Destruam
3036 1276 3232 1330 horrea
3276 1291 3416 1343 mea,
3455 1285 3510 1330 et
3541 1277 3643 1330 alia

2076 1370 2277 1438 majdra
2297 1367 2593 1433 arditicabo,
2613 1379 2664 1422 et
2686 1369 2856 1421 dicam
2887 1368 3081 1422 animae
3103 1382 3235 1422 mere
3267 1387 3280 1421 :
3314 1367 3643 1433 Anima,ha-

2073 1459 2169 1513 bes
2201 1459 2365 1512 multa
2399 1458 2539 1512 bona
2571 1458 2806 1528 reposita
2831 1459 2887 1511 in.
2917 1472 3089 1512 annos
3114 1458 3333 1524 multos,
3359 1459 3649 1524 manduca,

2071 1559 2130 1606 et
2156 1549 2298 1614 bibe,
2334 1557 2390 1605 et
2423 1549 2629 1614 laetare,
2664 1564 2731 1604 ne
2755 1549 2896 1604 forte
2924 1549 3067 1604 dicat
3090 1559 3144 1604 et
3172 1549 3328 1604 nobis
3361 1549 3644 1614 Dominus,

2073 1643 2215 1698 sicut
2250 1641 2325 1696 illi
2369 1659 2383 1695 :
2418 1641 2616 1708 Stulte,
2672 1642 2775 1697 hac
2808 1652 2964 1697 nocte
2999 1643 3278 1697 auferetur
3325 1659 3352 1698 a
3387 1652 3435 1698 te
3463 1645 3644 1697 anima

2075 1747 2186 1790 tua.
2219 1755 2239 1787 ι
2283 1733 2400 1788 Non
2431 1735 2569 1788 dixit
2619 1735 2672 1788 iu
2707 1736 2811 1789 hac
2857 1734 2964 1799 die,
2997 1736 3092 1788 sed
3135 1735 3186 1790 in
3223 1735 3323 1789 hac
3362 1744 3537 1788 nocte.
3583 1737 3642 1788 ιιι

2074 1835 2230 1880 nocte
2255 1825 2396 1879 enim
2422 1824 2706 1894 perimitur
2731 1833 2785 1878 et
2813 1823 2919 1889 hic,
2949 1824 3085 1877 sicut
3111 1825 3461 1894 primogenita
3481 1823 3645 1894 AEgy~

2073 1919 2332 1986 ptiorum,
2367 1925 2623 1984 tanquam
2661 1915 2752 1985 qui
2804 1915 3054 1969 dilexerit
3087 1916 3371 1979 mundum,
3411 1925 3464 1968 et
3491 1926 3640 1969 tene-

2069 2011 2199 2064 bras
2229 2009 2366 2078 ejus,
2400 2017 2455 2061 et
2486 2008 2757 2076 particeps
2782 2006 2950 2061 fuerit
2977 2016 3246 2061 rectorum
3277 2007 3457 2060 mttndi
3488 2007 3643 2075 hujus

2071 2101 2412 2156 tenebrarum
2437 2100 2628 2153 harant
2653 2099 2752 2152 η’.
2783 2098 3039 2151 Tenebrae
3065 2108 3240 2153 autem
3268 2108 3322 2153 et
3348 2114 3454 2153 nox
3485 2115 3644 2153 mutt-

2069 2193 2168 2248 dus
2200 2193 2303 2246 iste
2337 2191 2639 2262 appellatur
2669 2208 2768 2261 pro
2800 2192 2863 2245 iis
2894 2191 2990 2261 qui
3019 2191 3074 2244 in
3097 2192 3400 2260 ignorantia
3428 2193 3639 2256 vivunt,

2070 2301 2170 2341 nec
2197 2284 2374 2339 lumen
2404 2285 2674 2353 recipiunt
2700 2285 2968 2340 veritatis.
2996 2285 3095 2353 Qui
3122 2294 3301 2339 autem
3331 2284 3464 2338 tales
3487 2293 3639 2351 sunt,

2067 2380 2135 2434 de
2165 2379 2424 2434 Ramesse
2472 2393 2579 2434 non
2628 2378 3067 2448 proﬁciscuntur,
3113 2393 3214 2435 nec
3259 2386 3544 2433 transeunt
3571 2378 3638 2432 ad

2068 2469 2331 2525 Soelioth.

2137 2563 2191 2619 8.
2230 2562 2514 2618 Videamus
2557 2573 2731 2618 tamen
2781 2563 2930 2633 prius
2975 2565 3192 2634 quando
3219 2565 3638 2634 proficiscuntur

2065 2655 2162 2708 ﬁlii
2194 2655 2355 2709 lsrael
2393 2672 2459 2710 ex
2484 2655 2760 2711 Ramesse.
2809 2675 2828 2707 ι
2871 2655 3075 2721 Mense,
3122 2656 3294 2724 inquit
3337 2656 3400 2719 ³⁸,
3437 2657 3638 2725 primo,
3724 2647 3726 2650 ’

2064 2747 2254 2816 quinta
2274 2747 2481 2802 decima
2511 2748 2598 2802 die
2629 2748 2852 2801 mensis.
2887 2766 2905 2798 ι
2947 2745 3050 2800 I'er
3068 2755 3390 2814 praeceptum
3421 2744 3632 2796 Domini

2065 2839 2469 2909 quartadecima
2521 2840 2607 2894 die
2640 2839 2842 2892 mensis
2892 2845 3114 2908 egerant
3151 2837 3354 2889 Pascha
3387 2835 3438 2888 in
3467 2834 3634 2901 Egy-

2063 2939 2176 3001 pto,
2206 2931 2517 3000 jugulanles
2566 2946 2762 2999 agnum
2806 2930 2980 2998 pridie
3009 2943 3168 2997 quam
3219 2927 3631 2995 proficisceren-

2065 3033 2176 3088 tur,
2212 3031 2267 3076 et
2303 3021 2516 3075 initium
2551 3021 2951 3090 quodammodo
2999 3018 3316 3073 festivitatis
3367 3017 3541 3071 adhuc
3577 3015 3630 3068 in

2065 3114 2300 3186 [Egypto
2348 3113 2506 3182 positi
2545 3121 2759 3183 gerunt.
2825 3111 3081 3181 Sequenti
3135 3126 3263 3179 ergo
3314 3109 3520 3178 die,qui
3551 3117 3638 3162 est

2065 3207 2269 3277 primus
2304 3205 2421 3259 dies
2444 3206 2791 3275 Azymorum,
2826 3205 3012 3272 quinta
3049 3201 3263 3255 decima
3319 3200 3404 3254 die
3433 3199 3640 3253 mensis

2062 3297 2220 3367 primi
2254 3296 2670 3366 proﬁciscuntur
2697 3296 2762 3349 de
2794 3295 3075 3357 Ramesse,
3106 3301 3163 3346 et
3192 3292 3415 3346 veniunt
3439 3292 3490 3345 in
3535 3290 3638 3345 So-

2061 3391 2250 3456 choth,
2280 3398 2339 3442 ιιι
2369 3388 2440 3442 ibi
2489 3388 2696 3443 faciant
2742 3387 3055 3443 festivitatis
3085 3388 3410 3456 Azymorum
3463 3384 3633 3437 diem.

2067 3503 2084 3535 ι
2108 3483 2240 3551 Quis
2266 3483 2484 3550 sapiens
2510 3491 2562 3534 et
2583 3481 2849 3551 intelliget
2882 3481 3034 3535 haec?
3067 3487 3319 3534 sensatus
3349 3486 3400 3532 et
3431 3491 3631 3545 cognoo

2059 3583 2176 3631 seet
2209 3589 2270 3629 ea
2295 3573 2418 3627 ’7?)
2463 3573 2574 3627 lmo
2602 3573 2724 3641 quis
2764 3582 2849 3627 est
2878 3571 2969 3641 qui
3004 3571 3118 3624 hare
3147 3569 3231 3625 vel
3262 3584 3325 3624 ex
3357 3575 3508 3636 parte
3537 3579 3630 3620 co-

2060 3677 2307 3737 gnoscat,
2361 3665 2500 3720 sicut
2543 3664 2832 3734 Apostolus
2887 3663 3012 3718 dicit
3041 3661 3089 3693 ⁸⁸
3122 3679 3135 3714 :
3174 3677 3192 3711 ι
3218 3660 3293 3714 Ex
3330 3667 3484 3727 parte
3527 3655 3635 3711 sci—

2061 3773 2200 3824 mus,
2253 3765 2309 3812 et
2356 3771 2421 3811 ex
2477 3765 2632 3825 parte
2684 3753 3154 3822 prophetamus?»
3218 3751 3350 3817 Quis
3381 3747 3632 3814 intelligit

2060 3850 2330 3922 quomodo
2355 3865 2421 3904 ex
2452 3856 2608 3918 parte
2635 3848 2750 3901 dies
2780 3845 2948 3900 festos
2978 3845 3209 3915 agimus,
3256 3850 3313 3896 ut
3345 3854 3504 3895 nemo
3533 3853 3632 3892 nos

2054 3943 2260 4013 judieet
2289 3943 2342 3996 in
2380 3950 2533 4011 parte
2562 3939 2668 3994 dici
2701 3940 2844 4006 f'esti,
2879 3949 2971 3993 aut
2997 3937 3322 4001 Neomcniae,
3358 3943 3450 3988 aut
3494 3932 3631 3987 Sab-

2057 4035 2207 4090 bati?
2245 4033 2437 4089 Omnis
2484 4046 2720 4101 namque
2772 4031 2887 4086 dies
2936 4031 3103 4084 festus
3152 4028 3242 4098 qui
3274 4028 3327 4081 in
3376 4024 3533 4080 terris
3561 4023 3632 4078 ab

2058 4127 2370 4182 hominibus
2405 4126 2630 4198 geritur,
2660 4125 2712 4178 iu
2741 4131 2912 4194 parte,
2947 4139 3052 4178 non
3088 4122 3141 4177 in
3174 4124 3402 4191 integro,
3453 4131 3629 4185 neque

2056 4217 2300 4289 perfecto
2329 4216 2644 4272 festivitatis
2677 4214 2828 4269 titulo
2853 4214 3058 4284 geritur
3090 4235 3101 4268 ;
3129 4211 3223 4268 sed
3277 4225 3397 4265 cum
3431 4207 3636 4262 exieris-

2056 4310 2124 4365 de
2151 4309 2385 4382 Egypto
2422 4310 2546 4372 ista,
2601 4321 2728 4362 tunc
2775 4307 2882 4361 erit
2931 4306 3021 4360 tibi
3064 4304 3302 4375 perfecta
3336 4299 3624 4358 festivitas.
3685 4297 3689 4301 ’

2059 4413 2188 4458 tunc
2241 4417 2430 4473 azyma
2478 4400 2810 4456 sinceritatis
2843 4409 2899 4453 et
2950 4396 3196 4452 veritatis
3229 4395 3292 4478 ad
3331 4392 3623 4463 perfectum

378 4502 433 4542 et
461 4488 664 4553 Aaron,
697 4503 860 4542 unum
910 4487 1053 4541 enim
1098 4502 1232 4556 opus
1287 4487 1568 4556 utriusque
1614 4503 1809 4543 manus
1847 4502 1950 4556 est,
1990 4490 2030 4542 D
2058 4495 2295 4557 curabis,
2357 4503 2480 4547 tunc
2521 4491 2869 4546 Pentecostes
2912 4489 3052 4543 diem
3083 4487 3136 4540 in
3167 4499 3350 4540 eremo
3382 4498 3530 4554 ages,
3575 4492 3631 4536 et

379 4588 543 4647 atque
584 4593 686 4632 una
721 4576 1065 4646 perfectionis
1093 4575 1348 4645 expletio.

449 4675 503 4730 7.
538 4693 556 4726 ι
593 4674 659 4727 Ει
691 4672 931 4740 scripsit,
966 4669 1226 4739 inquit”,
1272 4668 1483 4740 Moyses
1516 4671 1875 4739 profectiones
1901 4683 1955 4728 et

377 4767 690 4824 mansiones
732 4779 944 4828 eorum,
989 4776 1082 4830 per
1134 4761 1357 4815 verbum
1407 4761 1681 4816 Domini.»
1725 4761 1950 4833 Scripsit

376 4876 509 4929 ergo
561 4861 675 4914 haac
719 4873 816 4929 per
852 4856 1077 4912 verbum
1112 4853 1346 4919 Domini,
1379 4863 1438 4907 ιιι
1465 4854 1706 4924 legentes
1746 4871 1863 4920 nos,
1899 4866 1952 4913 et

377 4957 624 5009 videntes
667 4959 885 5020 quantm
928 4946 1084 5002 nobis
1133 4946 1450 5001 immineant
1490 4946 1852 5015 profectiones
1881 4951 1948 5005 ad

376 5048 485 5104 iter
515 5044 655 5112 quod
684 5040 834 5095 ducit
857 5040 923 5094 ad
952 5053 1200 5108 regnum,
1236 5052 1599 5107 praeparemus
1641 5053 1738 5092 nos
1767 5039 1831 5092 ad
1863 5040 1947 5093 vi-

377 5150 486 5193 tam
517 5137 680 5201 hanc,
726 5142 781 5188 et.
826 5130 1230 5186 considerantes
1271 5129 1373 5183 iter
1403 5129 1544 5198 quod
1584 5129 1742 5184 nobis
1770 5130 1948 5186 immi-

375 5242 526 5296 neat,
566 5247 670 5284 non
703 5227 946 5296 segniter
970 5239 1069 5278 nec
1099 5223 1318 5277 remisse
1357 5221 1479 5275 vita:
1508 5231 1705 5275 nostra:
1737 5233 1945 5291 tempus

373 5324 754 5394 permittamus
795 5317 961 5389 373
1019 5314 1250 5378 absumi,
1303 5329 1370 5367 ne
1413 5311 1551 5367 forte
1595 5314 1718 5366 dum
1765 5315 1817 5367 in
1862 5317 1947 5371 his

375 5412 560 5470 mundi
593 5411 920 5466 vanitatibus
945 5407 1054 5480 (75)
1083 5407 1455 5470 immorantur,
1499 5416 1554 5460 et
1579 5407 1804 5476 singulis
1828 5409 1947 5476 qui-

375 5507 585 5573 busque
632 5519 754 5572 qua:
795 5503 862 5557 ad
891 5501 1062 5554 visum
1107 5499 1190 5552 vel
1221 5499 1486 5562 auditum,
1521 5499 1600 5551 vel
1640 5499 1802 5551 etiam
1829 5514 1949 5566 ιιιιιιι

450 5626 494 5656 ⁹¹
524 5623 680 5677 Num.
726 5623 996 5689 xxxm,l.
1075 5621 1282 5677 “Gen.
1327 5636 1468 5681 XLvt,
1524 5621 1577 5672 ι.

378 5694 464 5735 ⁸³⁸
492 5695 688 5763 Ιςιιιιεε.
719 5694 906 5757 v1,12.
983 5693 1030 5723 ⁰⁶
1055 5692 1213 5745 Num.
1241 5705 1440 5755 sunt,
1465 5692 1515 5744 5.

451 5808 563 5875 ιῑό)
602 5805 741 5861 ldem
770 5823 892 5870 nisu.
929 5824 946 5858 ι
973 5807 1097 5861 dum
1130 5807 1180 5860 in
1210 5805 1514 5868 huiusmodi
1545 5805 1888 5862 vanitatibus.
1918 5824 1936 5858 ι

1656 5620 1701 5650 ³³
1725 5620 1868 5674 Psal.
1908 5638 1996 5683 cv.
2051 5624 2140 5678 57.

1594 5691 1636 5721 9⁷
1664 5689 1790 5744 Ose.
1819 5707 1927 5756 λιν,
1956 5693 2040 5747 10.

2058 4594 2186 4639 tunc
2216 4585 2355 4639 forte
2381 4584 2613 4653 primum
2673 4595 2886 4636 manna;
2937 4579 3114 4636 cibum
3149 4576 3422 4632 caelestem
3456 4573 3625 4629 susci-

2057 4679 2194 4745 pies,
2224 4691 2288 4730 ac
2314 4675 2555 4744 singulas
2583 4689 2822 4743 quasque
2848 4671 3175 4726 festivitates
3203 4682 3383 4739 geres,
3416 4669 3484 4723 de
3507 4667 3625 4737 qui-

2058 4769 2159 4823 bus
2184 4769 2297 4838 jam
2346 4766 2614 4835 superius,
2653 4775 2711 4818 ut
2759 4763 3058 4833 potuimus,
3103 4761 3304 4816 dictum
3332 4768 3436 4814 cst.
3477 4758 3625 4814 Scito

2059 4868 2239 4914 tamen
2266 4858 2523 4928 quoniam
2554 4864 2677 4925 post
2721 4855 2849 4909 illud
2881 4855 3080 4926 pascha
3127 4853 3273 4922 quod
3314 4853 3364 4906 in
3395 4851 3624 4922 Egypto

2059 4952 2259 5007 factum
2289 4959 2394 5015 est,
2425 4947 2593 5004 semel
2636 4948 2937 5002 invenimus
2973 4947 3025 5000 in
3059 4946 3273 5000 deserto
3304 4945 3500 5013 pascha
3531 4958 3614 4996 eu-

2057 5053 2258 5109 ratum,
2293 5059 2414 5097 eum
2457 5042 2546 5095 lex
2581 5042 2702 5095 data
2747 5051 2849 5104 est,
2905 5048 2958 5094 et
2996 5038 3161 5103 aliud,
3195 5039 3338 5092 sicut
3363 5039 3622 5090 observa-

2055 5138 2234 5189 vimus
2264 5136 2318 5189 in
2355 5133 2631 5198 Numeris,
2662 5141 2781 5201 post
2809 5133 2922 5186 ha:c
2942 5132 3056 5200 jam
3087 5141 3350 5198 nusquam
3382 5125 3520 5196 geri,
3554 5124 3633 5176 ni-

2056 5228 2099 5282 si
2133 5228 2183 5280 in
2219 5235 2362 5281 terra
2407 5224 2862 5291 repromissionis.
2888 5222 3056 5292 lgitur
3086 5222 3277 5292 quinta
3300 5220 3509 5275 decima
3539 5217 3623 5271 die

2059 5319 2261 5372 mensis
2311 5317 2494 5386 primi,
2551 5315 2799 5384 sequenti
2854 5326 2974 5384 post
3007 5313 3212 5367 Pascha
3248 5311 3356 5377 die,
3415 5309 3505 5378 qui
3543 5317 3620 5362 est

2057 5410 2263 5477 primus
2293 5408 2622 5477 Azymorum
2657 5407 2794 5473 dies,
2822 5405 3050 5476 profecti
3081 5413 3205 5458 sunt
3235 5402 3329 5456 filii
3361 5400 3525 5455 Israel
3559 5401 3622 5452 de

2057 5497 2338 5565 Ramesse,
2377 5519 2394 5550 ι
2435 5501 2487 5553 in
2517 5513 2698 5565 manu,
2732 5499 2990 5570 inquit”,
3029 5497 3268 5564 excelsa,
3303 5496 3356 5550 itt
3393 5507 3619 5561 conspe-

2215 5623 2442 5679 9"Nam.
2502 5641 2700 5688 χχχιιι,
2744 5625 2798 5678 9..
2875 5624 2920 5656 ⁸⁵
2949 5622 3078 5676 Luc.
3118 5637 3217 5688 xtl,
3282 5615 3483 5686 18,19,
3530 5613 3622 5670 23.

2113 5695 2158 5728 ³⁸
2183 5693 2202 5747 l
2225 5695 2348 5752 Cor.
2370 5712 2491 5764 xm,
2517 5697 2570 5752 9.
2646 5696 2689 5729 ⁹⁹
2718 5693 2875 5750 Num.
2901 5708 3096 5760 xxxnt,
3117 5690 3171 5746 5.
