4134 6410
458 400 559 456 78‘.)

1579 396 1642 450 IN
1687 395 2007 452 NUMEROS
2037 394 2316 451 llOMllJA
2354 396 2564 451 XXVII.

3598 398 3699 451 790

459 530 547 569 etu
574 516 810 570 omnium
841 512 1237 587 Egyptiorum.
1261 534 1279 567 ›
1342 514 1469 580 ριιερ
1495 521 1578 568 est
1616 528 1808 568 manus
1848 513 2026 568 exccl-
2055 519 2097 572 Α
2131 510 2315 564 t‘atttia}
2342 522 2610 564 conantur
2636 513 2870 577 operari.
2902 510 3087 578 Neque
3108 512 3248 564 enim
3272 512 3383 563 sine
3413 508 3545 577 ipsis
3569 525 3703 562 (on-

459 606 646 660 saiEt
678 606 805 659 alibi
840 607 983 660 enim
1017 608 1146 661 dicit
1168 608 1184 637 ί
1223 624 1235 659 :
1284 623 1302 656 ι
1333 603 1609 658 Exaltetur
1636 617 1829 657 manus
1868 612 1954 657 tua
1976 622 2022 657 .s

464 697 563 751 Ubi
598 712 702 750 non
736 708 818 750 est
868 698 1164 750 humanum
1195 711 1327 765 opus
1359 709 1456 749 nec
1501 702 1796 758 terrenum,
1826 694 1917 748 sed
1949 695 2029 748 di-

461 789 670 851 vinum,
721 788 794 842 ibi
824 803 1015 841 manus
1059 788 1273 843 excelsa
1318 786 1644 842 nominatur.
1688 785 1791 841 Per
1838 802 2028 841 manus

458 896 690 950 namque
717 897 852 950 Opus
881 882 1127 952 intelligi,
1157 880 1431 950 saepeiam
1467 880 1667 934 dictum
1695 885 1795 932 est.
1832 880 1883 931 ln
1913 895 2029 931 rna-

457 992 525 1029 nu
554 991 681 1045 ergo
707 975 941 1041 excelsa,
972 974 1024 1028 in
1060 982 1352 1043 conspectu
1385 973 1621 1026 omnium
1653 968 2028 1041 Egyptiorum

453 1068 680 1139 profecti
720 1076 861 1122 sunt.
915 1085 933 1118 ι
982 1067 1045 1119 Ει
1080 1064 1350 1136 ιιΕεγριίἰ,
1397 1064 1566 1133 inquit
1617 1065 1659 1129 ’,
1698 1062 2028 1132 sepeliebant

457 1163 700 1208 mortuos
755 1167 918 1219 suos;
951 1171 968 1203 ι
1020 1152 1261 1205 viventes
1296 1164 1478 1206 autem
1530 1152 1894 1219 sequebantur
1924 1149 2030 1203 Do-

458 1247 665 1298 minum
702 1244 868 1298 Deum
921 1259 1097 1297 suum.
1140 1242 1267 1297 Post
1320 1242 1432 1297 h:cc
1483 1242 1722 1295 dicitur’
1761 1241 1884 1307 quia
1930 1258 1948 1291 ε
1977 1248 2031 1295 et

455 1337 508 1387 in
542 1336 645 1390 diis
673 1351 861 1390 eorum
910 1335 1035 1389 fecit
1072 1334 1329 1388 Dominus
1362 1334 1677 1388 vindictam.
1707 1353 1724 1385 ›
1759 1332 1862 1387 Sed
1894 1341 1947 1386 et
1976 1332 2026 1385 in

459 1424 645 1480 Exodo
695 1428 768 1479 ita
798 1426 929 1479 dicit
964 1443 977 1479 :
1015 1444 1032 1476 ι
1064 1424 1126 1477 Ει
1161 1425 1209 1477 in
1244 1425 1496 1479 omnibus
1520 1423 1625 1477 diis
1651 1422 2027 1493 {Egyptiorum

457 1516 618 1572 faciet
650 1517 909 1572 Dominus
956 1517 1279 1571 vindictam.
1313 1536 1329 1568 ι
1378 1515 1475 1569 llic
1524 1524 1701 1567 autem
1737 1516 1864 1568 dicit
1903 1516 2027 1583 quia

453 1608 582 1661 fecit
614 1608 669 1661 itr
692 1624 784 1663 eos
813 1608 1072 1663 Dominus
1108 1608 1422 1661 vindictam.
1469 1624 1486 1657 ι
1518 1605 1655 1661 Sunt
1680 1605 1898 1674 quidam
1937 1607 2025 1674 qui

452 1699 703 1752 dicuntur
739 1699 809 1753 dii
840 1698 953 1752 sive
984 1698 1034 1750 in
1065 1697 1223 1762 cmlo,
1258 1698 1371 1751 sive
1403 1700 1456 1749 in
1493 1705 1655 1759 terra,
1688 1716 1704 1748 ι
1741 1697 2030 1765 Apostolus

454 1788 533 1840 ait
562 1789 602 1844 ‘.
650 1788 755 1843 Sed
784 1797 837 1843 et
859 1791 914 1844 in
945 1790 1173 1844 Psalmis
1203 1788 1401 1843 dicitur
1425 1790 1445 1819 ⁵
1482 1805 1493 1842 :
1528 1805 1545 1838 ‹
1570 1786 1769 1842 Omnes
1796 1788 1865 1841 dii
1895 1802 2025 1855 gen-

455 1882 608 1947 tium,
626 1882 910 1935 daemonia.
939 1900 957 1934 ι
992 1881 1104 1935 Νοιι
1129 1896 1261 1949 ergo
1292 1880 1604 1944 simulacra,
1632 1880 1727 1934 sed
1755 1880 2021 1936 daemones

452 1968 545 2035 qui
595 1971 906 2025 simulacris
957 1971 1218 2039 assident,
1272 1971 1403 2024 deos
1450 1971 1580 2025 dicit
1627 1971 1679 2024 in
1714 1986 1850 2040 quos
1895 1971 2023 2027 fecit

455 2062 714 2116 Dominus
746 2064 1061 2119 vindictam.
1106 2064 1211 2118 Sed
1240 2062 1400 2117 velim
1433 2063 1713 2131 requirere
1753 2064 2022 2131 quomodo

454 2151 595 2205 Deus
623 2153 915 2207 vindictam
944 2154 1107 2208 faciat
1144 2154 1194 2207 in
1222 2155 1515 2219 daemones,
1546 2169 1667 2208 cum
1694 2154 1877 2221 utique
1905 2154 2022 2207 vin—

451 2242 607 2296 dicta:
638 2243 752 2298 dies
794 2252 848 2297 et
888 2244 1079 2314 judicii
1130 2245 1367 2298 nondum
1426 2244 1707 2299 advenerit
1743 2242 1876 2314 ('74).
1915 2242 2019 2298 Sed

451 2334 594 2387 hanc
631 2350 730 2404 ego
776 2345 904 2404 puto
939 2334 992 2388 in
1026 2336 1294 2390 daemones
1326 2335 1441 2390 fieri
1475 2323 1789 2399 vindictam,
1830 2349 1948 2389 cum
1977 2334 2021 2389 is

448 2425 539 2492 qui
576 2426 642 2480 ab
696 2425 802 2479 illis
853 2427 1114 2493 deceptus
1170 2425 1347 2480 fuerat
1397 2433 1455 2478 ut
1511 2424 1648 2478 idola
1677 2424 1895 2488 coleret,
1927 2438 2023 2492 per

446 2515 670 2569 verbum
710 2517 927 2570 Domini
973 2530 1268 2569 conversus
1324 2514 1609 2567 Dominum
1649 2513 1815 2577 colit;
1849 2522 1902 2566 et
1953 2527 2019 2567 ex

448 2609 565 2675 ipso
594 2621 760 2677 opere
791 2605 1191 2671 conversionis,
1226 2604 1279 2659 in
1311 2620 1433 2659 eum
1466 2604 1698 2658 vindicta
1746 2604 1835 2672 qui
1864 2604 2021 2658 dece-

448 2710 622 2771 perat,
671 2703 851 2757 datur.
917 2702 1180 2756 Similiter
1207 2702 1250 2755 si
1284 2700 1331 2754 is
1360 2700 1449 2769 qui
1495 2716 1523 2753 a
1561 2700 1899 2754 daemonibus
1927 2700 2021 2754 de-

444 2804 633 2862 ceptus
662 2792 837 2846 fuerat
869 2793 933 2846 ad
960 2792 1357 2857 fornicandum,
1385 2802 1732 2846 convertatur
1762 2792 1826 2845 ad
1859 2792 2019 2860 ptuli-

447 2884 653 2947 citiam,
689 2884 880 2952 diligat
906 2886 1230 2949 castitatem,
1274 2899 1490 2939 errasse
1517 2898 1575 2938 se
1598 2882 1813 2946 deﬂeat,
1839 2883 2017 2951 pmni-

448 2974 632 3026 tentia:
656 2972 825 3041 ipsius
852 2974 1108 3042 lacrymis
1141 2974 1317 3027 utitur
1344 2982 1399 3028 et
1447 2974 1748 3027 incenditur
1782 2975 2016 3041 dmmon,

447 3072 500 3117 et
542 3064 622 3118 sic
652 3063 891 3117 vindicta
931 3065 1091 3117 datur
1139 3065 1190 3118 in
1220 3065 1558 3133 deceptionis
1583 3076 1877 3120 auctorem.
1930 3066 2018 3120 Si-

450 3158 654 3210 militer
697 3158 859 3211 etiam
910 3158 952 3211 si
989 3159 1110 3226 quis
1139 3158 1205 3211 de
1236 3159 1487 3227 superbia
1535 3160 1599 3211 ad
1629 3158 2016 3225 humilitatem,

447 3250 512 3303 de
544 3248 853 3319 profusione
881 3248 947 3303 ad
971 3248 1359 3317 parcimoniam
1390 3249 1596 3316 redeat,
1630 3266 1725 3321 per
1758 3251 1869 3305 ha3c
1900 3252 2013 3306 sin-

447 3341 568 3410 gula
601 3342 896 3409 daemones,
948 3345 1041 3413 qui
1091 3358 1148 3399 se
1172 3344 1225 3398 in
1264 3344 1379 3399 haec
1406 3345 1747 3415 deceperant,
1786 3345 2021 3416 ﬂagellat

446 3442 501 3486 et
550 3435 777 3489 cruciat.
831 3434 1057 3501 Quantis
1103 3450 1195 3491 eos
1248 3438 1451 3506 putatis
1500 3437 1585 3507 agi
1635 3438 1938 3501 tormentis,
1973 3437 2019 3491 si

446 3542 606 3594 quem
633 3527 870 3594 videant,
920 3529 1215 3582 secundum
1249 3530 1475 3584 verbum
1518 3530 1747 3592 Domini,
1786 3530 2018 3584 vendere

446 3617 628 3671 omnia
659 3632 754 3671 sua
804 3634 921 3687 quae
952 3619 1213 3690 possidet,
1237 3628 1292 3674 et
1330 3621 1460 3675 dare
1486 3622 1812 3690 pauperibus
1842 3631 1896 3676 et
1922 3622 2020 3677 tol-

447 3709 559 3763 lere
588 3723 807 3763 crucem
839 3726 1015 3779 suam,
1043 3719 1099 3766 et
1121 3712 1273 3781 sequi
1302 3710 1610 3767 Christum!
1642 3711 1814 3783 Super
1836 3715 2017 3769 omnia

448 3816 579 3855 vero
613 3803 696 3856 eis
728 3811 811 3857 est
835 3813 1226 3860 tormentorum
1258 3820 1483 3875 genere,
1531 3820 1586 3862 et
1631 3823 1794 3878 super
1826 3824 2019 3866 omnes

447 3905 660 3961 poenas,
711 3892 756 3948 si
801 3909 961 3964 quem
999 3896 1218 3951 videant
1264 3899 1429 3952 verbo
1462 3897 1553 3951 Dei
1600 3913 1817 3967 operam
1866 3901 2014 3966 dare,

448 3983 737 4037 scientiam
765 3987 959 4040 divina:
989 3985 1122 4055 legis
1144 3996 1196 4041 ct
1222 3990 1473 4059 mysteria
1500 3989 1900 4060 Scripturarum
1934 3994 2016 4046 in-

448 4074 611 4128 tentis
656 4076 851 4131 studiis
878 4078 1277 4147 perquirentcm
1312 4099 1325 4133 :
1360 4081 1411 4134 in
1464 4081 1564 4135 hoc
1611 4096 1796 4136 eorum
1839 4086 2018 4139 omnis

445 4163 657 4218 ﬂamma
689 4174 795 4229 est,
825 4166 879 4220 in
904 4167 1010 4222 isto
1048 4178 1281 4222 uruntur
1314 4170 1584 4236 incendio,
1614 4171 1871 4239 quoniam
1898 4174 2019 4241 qui-

447 4254 565 4308 dem
620 4254 940 4323 ignorantia:
987 4256 1225 4311 tenebris
1285 4258 1549 4311 humanas
1596 4250 2017 4313 obscuraverant

448 4358 681 4410 mentes,
708 4356 762 4400 et
810 4349 923 4403 haec
948 4349 1325 4413 obtinuerant,
1353 4358 1411 4403 ut
1449 4349 1589 4404 Deus
1615 4351 1831 4419 quidem
1864 4350 2015 4420 igno-

446 4446 679 4503 raretur,
705 4439 769 4492 ad
801 4439 946 4508 ipsos
987 4454 1113 4494 vero
1147 4440 1312 4494 divini
1349 4440 1524 4494 cultus
1549 4442 1724 4495 studia
1753 4443 2017 4498 transfer-

2131 612 2432 655 summatttr
2454 616 2615 655 omne
2663 610 2964 669 peccatum.
3020 595 3148 656 Nam
3199 619 3317 655 cum
3374 602 3695 654 adulterium

2130 696 2251 762 quis
2278 694 2592 759 committit,
2627 709 2729 746 non
2766 706 2847 745 est
2873 692 3060 759 utique
3109 694 3225 746 sine
3273 694 3558 745 (ξίρηιοιιει
3617 691 3698 746 vel

2130 800 2248 838 cum
2282 785 2359 837 ira
2386 785 2737 838 immoderata
2770 798 3039 853 raptatur,
3068 787 3148 838 vel
3178 802 3300 839 cum
3328 786 3512 852 diripit
3561 784 3697 837 alie-

2130 888 2194 925 na
2230 882 2321 928 :et
2346 876 2435 942 qui
2484 876 2678 929 sedens
2732 878 2993 929 adversus
3045 875 3346 945 proximum
3397 889 3549 927 snum
3603 875 3699 925 de-

2133 966 2321 1030 trahit,
2349 976 2398 1020 et
2423 968 2709 1021 adversum
2743 968 2909 1021 filium
2952 968 3139 1021 matris
3197 981 3307 1020 sua:
3348 968 3497 1034 ponit
3542 980 3701 1017 scan-

2131 1056 2464 1121 dalutn,non
2497 1068 2576 1113 cst
2627 1060 2745 1113 sine
2797 1062 3059 1112 dicamne.
3097 1059 3160 1111 Et
3210 1058 3328 1112 ideo
3388 1056 3698 1111 omnimodo

2133 1150 2401 1213 agendum
2432 1159 2514 1204 est
2549 1150 2722 1216 nobis,
2777 1167 2840 1205 ne
2888 1150 3026 1205 forte
3070 1150 3441 1220 {Egyptiorum
3499 1149 3699 1217 primo-

2131 1238 2332 1307 genita,
2364 1239 2445 1293 vel
2474 1242 2603 1295 deos
2629 1257 2816 1295 eorum
2845 1257 2981 1309 quos
3034 1242 3287 1295 Dominus
3328 1239 3595 1308 percussit
3641 1246 3695 1290 et

2130 1332 2411 1395 exstinxit,
2441 1334 2828 1388 resuscitemus
2855 1334 2904 1386 in
2941 1334 3113 1397 nobis,
3140 1334 3181 1385 si
3213 1333 3291 1385 eis
3337 1332 3507 1385 locum
3536 1330 3697 1381 dedc-

2132 1421 2298 1475 rimns
2320 1425 2577 1491 operandi
2612 1424 2661 1477 in
2696 1424 2847 1479 nobis
2876 1440 2936 1477 ea
2963 1441 3082 1494 qua:
3111 1426 3221 1477 odit
3243 1424 3405 1486 Deus.
3433 1420 3487 1474 Si
3516 1430 3696 1472 autem

2133 1514 2198 1566 ab
2228 1514 2312 1567 his
2347 1516 2600 1570 omnibus
2626 1518 3000 1571 contineamus
3038 1532 3155 1580 nos,
3189 1532 3251 1569 co
3284 1515 3441 1567 modo
3480 1527 3584 1580 quo
3609 1526 3697 1564 su-

2131 1605 2311 1671 pcrins
2344 1606 2600 1671 diximus,
2656 1607 2801 1660 dedit
2848 1609 3139 1661 vindictam
3187 1608 3237 1660 in
3294 1606 3544 1659 omnibus
3595 1603 3698 1654 diis

2132 1694 2534 1767 ngyptiorum,
2564 1714 2861 1768 pcenasque
2905 1716 2970 1753 ex
3022 1708 3204 1753 nostra
3242 1696 3616 1751 emendatione
3642 1702 3698 1747 et

2133 1791 2488 1845 conversione
2521 1792 2796 1845 daemones
2824 1792 3146 1860 suscipiunt.

2057 1866 2096 1919 Β
2195 1878 2248 1934 9.
2290 1882 2655 1953 Exeuntergo
2688 1899 2753 1937 ex
2791 1882 3027 1953 Egypto
3067 1883 3159 1936 filii
3201 1881 3389 1944 Israel,
3437 1888 3490 1933 et
3531 1877 3699 1947 profic

2126 1972 2388 2029 ciscentes
2429 1990 2495 2029 ex
2529 1975 2783 2030 Ramesse
2828 1977 3051 2029 veniunt
3099 1976 3151 2027 in
3205 1973 3464 2027 Sochoth.
3507 1968 3697 2022 Profe-

2124 2066 2322 2122 ctionis
2355 2069 2443 2122 hic
2470 2070 2624 2135 ordo,
2655 2078 2708 2123 et
2731 2069 3005 2122 distinctio
3036 2068 3399 2129 mansionum,
3420 2063 3573 2116 valde
3593 2075 3692 2114 ne-

2124 2156 2361 2210 cessaria
2391 2165 2443 2210 et
2471 2159 2809 2211 observanda
2837 2168 2919 2211 est
2946 2158 3013 2211 iis
3040 2159 3132 2226 qui
3170 2164 3469 2224 sequuntur
3499 2150 3696 2213 Deum,

2121 2254 2175 2298 et
2203 2246 2269 2298 de
2296 2246 2559 2300 virtutum
2587 2246 2923 2316 profectibus
2956 2247 3221 2315 cogitant.
3249 2245 3323 2298 De
3354 2257 3460 2312 quo
3504 2240 3696 2296 ordine

2122 2334 2343 2389 memini
2374 2336 2514 2405 quod
2536 2336 2648 2404 jam
2675 2346 2727 2391 et
2757 2336 2809 2391 in
2837 2337 2982 2403 aliis,
3008 2352 3129 2391 cum
3156 2333 3532 2390 aediﬂcationis
3564 2347 3695 2386 cau-

2122 2440 2178 2480 sa
2204 2426 2384 2498 aliqua
2412 2429 2777 2498 loqueremur,
2817 2446 2934 2500 quae
2976 2430 3234 2484 Dominus
3271 2429 3399 2482 dare
3442 2427 3696 2493 dignatus

2125 2524 2229 2582 est,
2264 2520 2536 2586 prosecuti
2578 2535 2784 2574 sumus.
2842 2519 2946 2573 Sed
2991 2528 3044 2573 et
3071 2535 3209 2573 nunc
3264 2518 3446 2588 paucis
3499 2516 3693 2568 iterum

2122 2610 2412 2664 orantibus
2450 2612 2608 2665 vobis
2661 2611 3148 2665 commonebimus.
3208 2610 3295 2663 Fit
3353 2622 3481 2679 ergo
3521 2606 3697 2675 prima

2122 2701 2388 2769 profectio
2414 2716 2479 2757 ex
2516 2702 2798 2767 Ramesse,
2827 2714 2880 2758 et
2912 2704 3027 2758 sive
3065 2706 3129 2758 de
3161 2703 3265 2756 hoc
3296 2701 3494 2755 mundo
3513 2700 3691 2752 anima

2123 2793 2475 2861 proficiscens
2512 2795 2578 2849 ad
2598 2796 2833 2850 futurum
2858 2794 3110 2849 saxulum
3141 2795 3337 2863 pergit,
3366 2792 3481 2847 sive
3511 2790 3579 2844 ab
3609 2807 3696 2842 er-

2125 2884 2335 2939 roribus
2368 2886 2489 2939 vita:
2520 2887 2586 2940 ad
2614 2887 2757 2941 viam
2801 2888 3021 2941 virtutis
3049 2896 3102 2940 et
3149 2886 3437 2955 agnitionis
3462 2899 3693 2938 conver-

2125 2973 2365 3038 titur,ex
2398 2976 2655 3032 Ramesse
2690 2976 3072 3045 proficiscitur.
3128 2973 3385 3029 Ramesse
3442 2975 3587 3027 enim
3638 2975 3689 3025 in

2122 3074 2307 3120 nostra
2337 3067 2516 3137 lingua
2539 3069 2735 3123 dicitur
2758 3069 3040 3122 commotio
3074 3068 3311 3129 turbida,
3342 3066 3426 3119 vel
3458 3080 3688 3117 commo-

2123 3158 2195 3212 tio
2218 3158 2369 3214 tineae
2396 3160 2530 3231 (75).
2559 3159 2613 3214 In
2642 3177 2746 3230 quo
2776 3161 2965 3230 utique
2998 3160 3323 3222 ostenditur,
3348 3157 3488 3227 quod
3509 3157 3689 3210 omnia

2124 3250 2177 3305 in
2216 3250 2317 3306 hoc
2345 3254 2544 3308 mundo
2571 3253 2622 3307 in
2661 3252 3117 3308 commotionibus
3171 3260 3226 3304 et
3275 3247 3695 3320 perturbationi-

2122 3338 2221 3394 bus
2247 3342 2419 3411 posita
2444 3352 2591 3407 sunt,
2621 3344 2751 3398 etin
2793 3342 3101 3412 corruptela
3135 3359 3146 3395 :
3198 3342 3301 3397 hoc
3351 3341 3494 3395 enim
3549 3341 3689 3393 tinea

2123 3432 2342 3487 indicat.
2383 3434 2438 3487 In
2486 3435 2682 3503 quibus
2727 3450 2831 3489 non
2877 3443 3092 3504 oportet
3143 3434 3379 3487 residere
3431 3430 3689 3493 animam,

2121 3524 2214 3577 sed
2246 3524 2537 3592 proﬁcisci,
2571 3535 2626 3579 et
2649 3527 2837 3581 venire
2866 3527 2917 3580 in
2943 3525 3203 3581 Sochoth.
3238 3524 3480 3579 Sochoth
3508 3533 3687 3576 autem

2122 3614 2512 3686 interpretatur
2538 3618 2883 3673 tabernacula
2912 3617 3048 3691 ('76).
3080 3617 3248 3686 Igitur
3271 3617 3478 3686 primus
3496 3618 3691 3671 animae

2121 3708 2395 3775 profectus
2420 3719 2503 3764 est
2526 3719 2583 3764 ut
2611 3709 2940 3765 auferatura
2970 3708 3336 3765 commotione
3367 3695 3602 3768 terrena,
3632 3714 3690 3759 ot

2119 3801 2379 3856 sciatsibi
2417 3810 2673 3872 tanquam
2706 3802 3074 3873 peregrinanti
3100 3802 3151 3855 in
3186 3800 3551 3855 tabernaculis
3592 3799 3691 3851 ha-

2118 3893 2419 3960 bitandum,
2446 3910 2554 3964 quo
2580 3895 2727 3949 velut
2759 3896 2811 3949 in
2870 3896 3149 3963 procinctu
3203 3896 3376 3964 posita
3435 3893 3690 3947 adversus

2120 3983 2439 4039 insidiantes
2482 3986 2733 4051 expedita
2793 4000 3086 4040 occurrere
3159 3985 3331 4054 possit
3383 3992 3437 4038 et
3494 3982 3685 4037 libera.

2116 4076 2373 4147 lndejam
2407 4079 2494 4133 ubi
2524 4094 2582 4133 se
2613 4079 2779 4133 sentit
2804 4091 2926 4131 esse
2976 4084 3355 4145 praeparatam,
3393 4073 3692 4144 proﬁcisci-

2119 4175 2206 4221 tur
2240 4184 2305 4223 ει
2337 4167 2575 4224 Sochoth
2618 4178 2672 4223 et
2698 4168 2935 4239 applicat
2964 4168 3014 4221 in
3052 4167 3285 4222 Buthan.
3332 4167 3539 4221 Buthan
3564 4181 3689 4219 con-

2118 4258 2266 4314 vallis
2290 4260 2591 4329 appellatur
2623 4261 2757 4331 (77).
2794 4260 3064 4315 Virtutum
3098 4259 3335 4313 diximus
3360 4262 3413 4312 in
3442 4259 3526 4312 his
3566 4272 3689 4311 esse

2117 4349 2442 4419 profectum.
2512 4350 2697 4407 Virtus
2749 4367 2857 4409 non
2920 4351 3024 4404 nisi
3066 4352 3347 4406 exercitiis
3399 4360 3455 4404 et
3505 4350 3689 4403 labore

2118 4442 2478 4509 conquiritur,
2514 4457 2612 4496 nec
2646 4450 2859 4496 tantum
2894 4443 2945 4495 in
2976 4442 3272 4512 prosperis,
3321 4450 3580 4511 quantum
3631 4441 3684 4494 in

447 4539 652 4587 rentur.
678 4531 808 4597 Quae
835 4541 992 4601 putas
1016 4530 1069 4597 in
1098 4529 1216 4587 illos
1245 4531 1481 4586 vindicta
1507 4532 1687 4597 datur,
1714 4547 1833 4601 qua:
1856 4532 2015 4587 infer-
2045 4548 2088 4603 ι)
2120 4532 2361 4586 adversis
2390 4533 2665 4601 probatur.
2701 4531 2928 4586 Venitur
2956 4531 3020 4583 ad
3077 4532 3399 4586 convallem.
3453 4529 3505 4583 In
3556 4544 3688 4583 con-

447 4632 535 4677 tur
556 4623 634 4677 eis
660 4624 872 4678 ﬂamma
899 4638 1328 4693 pamarum,cum
1355 4624 1537 4678 vident
1563 4625 1672 4679 hazc
1692 4626 1891 4681 lumine
1916 4644 2009 4683 ve-

447 4713 619 4770 ritatis
647 4716 868 4785 aperiri,
895 4727 949 4771 et
970 4715 1175 4771 fraudis
1190 4732 1300 4771 suae
1321 4715 1545 4771 nebulas
1571 4732 1667 4785 per
1682 4718 2007 4786 agnitionem

443 4805 577 4876 legis
610 4808 801 4861 divina:
826 4809 1093 4862 reserari?
1118 4808 1405 4864 Possident
1428 4808 1571 4862 enim
1593 4818 1821 4863 cunctos
1847 4810 1935 4878 qui
1958 4810 2007 4863 in

443 4898 747 4967 ignorantia
784 4900 973 4953 vivunt
1004 4917 1018 4954 :
1057 4910 1112 4954 et
1140 4917 1244 4955 non
1266 4900 1440 4955 solum
1475 4900 1597 4953 illos
1623 4901 1712 4969 qui
1743 4901 1917 4955 adhuc
1954 4901 2006 4955 in

444 4990 745 5055 ignorantia
778 4998 924 5058 sunt,
968 4992 1060 5045 sed
1088 4992 1337 5061 ingerunt
1364 5005 1420 5043 se
1453 5006 1594 5058 serpe
1622 4992 1783 5044 etiam
1818 4992 1882 5045 iis
1916 4995 2007 5062 qui

441 5079 608 5151 379
630 5092 964 5153 agnoverunt
988 5084 1174 5144 Deum,
1205 5091 1258 5135 ct
1285 5096 1472 5135 rursus
1504 5083 1554 5143 in
1584 5083 1648 5136 iis
1670 5098 1830 5151 opera
1859 5085 2009 5151 igno-

513 5195 528 5226 ¹
556 5193 695 5249 Psal.
724 5195 893 5259 x,12.

512 5306 624 5376 (74)
653 5305 754 5362 Sed
797 5304 1229 5371 relimxequirere
1269 5312 1528 5372 quomodo
1558 5309 1693 5361 Deus
1725 5310 2003 5363 vindictam

444 5376 601 5443 faciat
632 5377 685 5428 in
713 5377 994 5437 daemones,
1033 5377 1365 5447 cumulique
1393 5380 1633 5431 vindicta:
1656 5381 1764 5432 dies
1787 5393 1831 5433 et
1852 5380 2005 5447 judi—

439 5447 508 5499 cit'
556 5447 784 5518 nondum
825 5446 1109 5518 advenerit.
1156 5445 1286 5499 Vide
1332 5446 1771 5518 Origenianorunt
1824 5445 2007 5514 1th.",

438 5525 630 5585 quaest.
658 5517 710 5577 5,
746 5532 893 5568 num.
922 5515 1011 5568 2‘2.

511 5608 621 5679 (75)
655 5605 897 5679 Ramesse
912 5608 1053 5679 enim
1086 5609 1138 5659 in
1164 5620 1337 5662 naxtra
1361 5610 1540 5676 lingua
1566 5610 1759 5661 dicitur
1781 5626 2007 5662 commo-

439 5676 528 5730 tio'
561 5678 795 5739 turbida,
845 5676 919 5731 vel
966 5683 1241 5731 commotio
1291 5681 1462 5732 tinem.
1516 5680 1775 5732 Nimirum
1823 5697 1850 5732 ει
1888 5689 2008 5741 D'J't

443 5762 465 5799 ‹
496 5748 846 5810 commoveri,
886 5746 1125 5815 percelli,
1164 5767 1179 5797 ι
1214 5760 1267 5802 ct
1306 5760 1382 5807 DD
1417 5767 1432 5799 ι
1466 5751 1630 5809 tinea,
1658 5751 1842 5802 blatta.
1877 5769 1894 5799 ι

508 5817 623 5888 (76)
656 5818 884 5873 Sac/tolli
920 5827 1090 5871 (intem
1118 5818 1491 5887 inleipretulur
1516 5819 2006 5875 tabernaculaﬂa-

972 5201 991 5230 ¹
1016 5193 1170 5249 Nunt.
1199 5210 1396 5258 χχχιιι,
1423 5194 1475 5252 4.

1552 5194 1572 5226 ³
1602 5195 1728 5249 ibid.
1780 5195 1801 5225 ⁸
1828 5194 1845 5247 ι
1868 5197 1991 5251 Cor.
2017 5213 2135 5263 vm,
2164 5196 2217 5252 5.
2270 5199 2291 5229 ⁸
2318 5198 2458 5252 Psal.
2488 5213 2628 5263 xcvi,
2654 5199 2706 5253 ὃ.

2119 4620 2343 4676 vallibus
2396 4631 2575 4677 autem
2623 4633 2679 4677 et
2724 4624 2775 4676 in
2834 4623 3179 4679 inferioribus
3232 4622 3364 4676 locis
3411 4629 3707 4675 certamen

2120 4712 2352 4766 habetur
2387 4715 2646 4768 adversus
2688 4713 2959 4768 diabolum
3014 4723 3069 4768 et
3100 4714 3405 4767 contrarias
3452 4724 3692 4781 potesta-

2121 4816 2220 4862 tes.
2250 4807 2305 4861 ln
2332 4808 2565 4861 convalli
2588 4823 2721 4878 ergo
2752 4823 2886 4875 agon
2910 4809 3178 4877 gerendus
3200 4819 3301 4871 est,
3340 4818 3393 4862 et
3441 4809 3495 4861 in
3552 4823 3688 4862 con—

2121 4901 2244 4954 valli
2279 4901 2620 4971 pugnandum
2652 4909 2756 4955 est.
2788 4900 3027 4969 Denique
3054 4913 3109 4955 et
3136 4902 3407 4954 Abraham
3443 4901 3494 4953 in
3550 4899 3687 4952 val-le

2119 4991 2421 5046 Salinarum
2452 4992 2704 5061 pugnavit
2752 4992 3037 5045 adversum
3095 4991 3357 5044 barbaros
3419 5006 3597 5059 reges,
3632 4999 3687 5043 ct

2116 5083 2188 5138 ibi
2222 5084 2502 5138 victoriam
2531 5092 2853 5137 consecutus
2883 5091 2967 5137 est
2994 5082 3035 5137 °.
3069 5081 3357 5137 Descendit
3408 5098 3537 5151 ergo
3572 5086 3693 5134 via-»

2784 5197 2962 5252 “Gen.
2995 5214 3103 5252 xlv.

2113 5311 2201 5366 dix
2238 5320 2319 5366 est
2343 5322 2453 5393 “po
2501 5333 2518 5366 ‹
2554 5316 2704 5378 texit,
2767 5317 3011 5378 obtexit,
3074 5336 3091 5366 ›
3145 5317 3283 5368 unde
3323 5326 3432 5373 mo
3475 5332 3491 5362 α
3526 5286 3683 5381 Ingn-

2112 5406 2275 5528 riqm,
2302 5409 2728 5471 tabernaculum,
2761 5428 2777 5458 ι
2812 5418 2863 5460 et
2896 5414 2947 5460 in
2982 5407 3170 5475 plurali
3210 5416 3342 5463 nuo
3379 5426 3394 5454 ι
3431 5406 3684 5457 taberna-

2112 5492 2175 5528 cu
2202 5494 2252 5528 a.
2294 5497 2308 5527 ι

2112 5492 2529 5617 Clli§.7)’liuthan
2554 5548 2805 5600 convallis
2833 5547 3147 5617 alme/(“’"r:
3174 5542 3263 5617 1'3-
3293 5543 3516 5617 "Mi-"ip"
3546 5545 3680 5617 “gi-

2117 5612 2203 5669 NII“
2244 5628 2409 5676 una:
2463 5636 2479 5667 ι
2520 5620 2569 5671 in
2602 5618 2811 5670 Ethatn.
2850 5634 2865 5664 ι
2928 5617 3077 5681 Apud
3130 5612 3266 5665 LXX
3317 5615 3507 5681 legitur
3559 5614 3683 5683 βου-

2116 5686 2419 5755 Oa'w,quod,
2473 5704 2570 5743 cur
2609 5709 2625 5738 ι
2667 5684 2929 5742 convallis
2971 5701 2987 5733 ι
3033 5685 3290 5751 appellari
3338 5685 3526 5751 passit,
3574 5702 3701 5737 non.

2115 5758 2288 5814 video.
