4134 6386
446 357 534 412 791

1932 329 2251 388 ORIGENIS

3595 322 3705 377 79$

446 484 530 528 tor
550 481 646 527 tuo
677 484 862 527 noster
887 470 955 525 ad
984 486 1080 526 eos
1113 468 1203 539 qui
1247 468 1300 522 in
1332 462 1621 538 profundis
1672 466 1799 516 sunt
1853 465 1907 512 et
1968 454 2019 507 in
2051 456 2097 511 Α
2122 452 2369 521 jaceutes
2409 450 2475 504 ad
2506 449 2655 505 littus
2686 447 2875 501 maris.
2918 446 3077 539 Cum
3108 452 3283 498 autem
3344 443 3543 539 videris
3584 459 3700 539 eos

440 564 588 627 imis,
614 580 720 620 non
754 576 811 617 ut
834 563 908 619 ibi
934 536 1268 627 demoretur,
1288 536 1381 615 sed
1412 568 1472 613 ut
1497 558 1568 612 ibi
1593 553 1871 609 victoriam
1892 565 2021 604 con-
2116 541 2382 610 ἱποθηίεδν
2422 548 2478 593 ιιι
2508 554 2736 610 “Surge
2765 550 2817 593 ει
2869 548 3029 592 “ama
3066 538 3120 592 ίη
3158 538 3390 592 εθηιίείε
3444 536 3695 603 Domino.

439 666 717 724 sequatur.
757 653 990 710 Profecti
1027 664 1155 708 sunt
1179 664 1358 707 autem
1394 666 1459 704 ex
1486 648 1719 710 Buthan,
1762 654 1814 698 et
1845 642 2017 712 appli-

444 755 672 800 ctterttnl
699 747 767 799 ad
795 760 857 800 os
888 744 1056 800 lroth.
1092 743 1238 799 lroth
1274 744 1415 797 vicus
1460 742 1849 807 interpretatur
1880 731 2016 803 (73)-

435 836 682 891 Nondum
747 837 891 890 enim
952 836 1175 891 venitur
1238 836 1305 889 ad
1358 833 1671 893 civitatem,
1736 841 1836 881 nec
1895 838 2014 893 qua?

437 928 680 997 perfecta
735 938 864 983 sunt
911 928 1024 996 jam
1082 938 1369 989 tenentur,
1428 925 1521 979 sed
1569 921 1781 976 interim
1839 918 2014 987 primo

436 1034 601 1088 parva
632 1034 861 1089 qumque
886 1019 1192 1088 capiuntur.
1260 1017 1357 1071 llic
1388 1024 1470 1071 est
1516 1014 1657 1069 enim
1712 1010 2011 1082 proiectus,

435 1122 495 1165 ut
524 1112 760 1179 aparvis
792 1112 858 1165 ad
916 1127 1108 1179 magna
1154 1110 1424 1165 veniatur.
1478 1109 1705 1164 Venitur
1753 1119 1884 1175 ergo
1936 1102 2002 1157 ad

431 1202 730 1267 lroth,hoe
766 1212 851 1257 est
896 1204 961 1256 ad
1020 1203 1319 1271 ingressum
1377 1201 1611 1270 primum
1669 1200 1795 1262 vici,
1867 1196 2009 1265 quod

432 1295 755 1348 cstinitium
792 1296 1224 1350 conversationis
1251 1334 1266 1358 ,
1324 1304 1376 1349 et
1416 1293 1756 1347 abstinentiae
1805 1290 2009 1343 medioc

432 1384 565 1438 eris.
610 1383 925 1440 Periculosa
982 1398 1065 1439 est
1123 1398 1356 1453 namque
1390 1384 1441 1437 in
1497 1382 1669 1436 initiis
1699 1380 1921 1450 grandis
1954 1387 2008 1432 et

430 1476 789 1531 immoderata
814 1477 1164 1531 abstinentia.
1211 1476 1358 1531 lroth
1386 1483 1565 1530 autem
1594 1473 1707 1527 haec
1727 1471 1899 1540 posita
1924 1479 2009 1525 est

428 1576 619 1622 contra
646 1568 1002 1639 Beelsephon,
1026 1580 1081 1626 et
1102 1581 1291 1625 contra
1318 1569 1643 1641 Magdalum.
1668 1568 2002 1638 Beelsephon

427 1662 824 1730 interpretatur
879 1664 1117 1716 ascensio
1181 1662 1424 1730 specut'w,
1486 1662 1600 1717 sive
1648 1662 1814 1715 turris
1865 1658 1999 1731 (79).

424 1751 471 1804 A
528 1752 710 1819 parvis
772 1764 903 1819 ergo
966 1750 1280 1805 ascenditur
1341 1750 1407 1804 ad
1476 1765 1709 1817 magna,
1762 1758 1818 1804 et
1860 1762 2001 1804 non-

423 1844 549 1896 dum
583 1842 634 1895 in
669 1842 778 1911 ipsa
806 1842 1047 1911 specula,
1077 1842 1171 1897 sed
1216 1852 1404 1897 contra
1457 1842 1730 1910 speculam
1752 1882 1767 1907 ,
1804 1839 1861 1895 id
1914 1848 1999 1895 est

424 1935 477 1988 in
507 1945 795 2003 conspectu
830 1934 1061 2003 specula:
1092 1935 1262 2003 posita
1290 1944 1396 1989 est.
1430 1934 1713 2005 Speculari
1737 1934 1883 1989 enim
1921 1933 1998 1988 in-

420 2027 574 2093 cipit,
610 2037 661 2081 et
692 2028 1010 2095 prospicere
1056 2043 1209 2097 spem
1262 2026 1496 2083 futuram
1549 2036 1603 2082 et
1654 2026 1998 2083 altitudinem

416 2116 759 2185 profectuum
798 2118 1179 2189 contemplari,
1207 2128 1263 2173 et
1299 2119 1552 2189 paulatim
1604 2119 1819 2184 crescit,
1866 2119 1995 2173 dum

420 2209 543 2278 plus
578 2224 674 2280 spe
725 2212 965 2265 nutritur
1004 2226 1166 2280 quam
1213 2212 1491 2269 laboribus
1536 2212 1813 2282 fatigatur.
1865 2211 1997 2278 Qua:

418 2303 602 2368 statio,
633 2302 747 2357 sive
769 2303 979 2359 mansio
1008 2313 1197 2359 contra
1229 2304 1531 2376 Magdalum
1588 2317 1692 2367 est,
1750 2308 1993 2361 nondum

418 2394 473 2449 in
515 2394 631 2464 ipso
689 2390 958 2464 Magdalo.
1016 2396 1319 2467 Magdalum
1392 2399 1537 2453 enim
1601 2400 1995 2468 magniﬁcentia

417 2485 623 2541 dicitur
659 2485 795 2555 (80).
825 2487 1044 2543 Habeas
1070 2504 1201 2555 ergo
1230 2490 1282 2544 in
1310 2502 1604 2560 conspectu
1635 2501 1690 2545 et
1717 2494 1995 2547 ascensio-

415 2591 539 2630 nem
570 2578 824 2643 spcculm,
853 2588 909 2633 et
946 2581 1404 2649 magnificentiam
1448 2599 1630 2638 rerum
1659 2581 1988 2646 futurarum,

414 2664 641 2731 spebus,
666 2676 724 2720 ut
760 2667 1028 2732 diximus,
1066 2669 1377 2737 ingentibus
1419 2672 1664 2740 pascitur
1712 2680 1769 2726 et
1819 2671 1993 2725 nutri-

414 2765 523 2809 tur.
558 2755 613 2812 ln
642 2759 1064 2827 profectionibus
1093 2761 1238 2816 enim
1272 2773 1389 2829 est,
1427 2778 1534 2818 non
1568 2764 1620 2817 in
1656 2762 1992 2834 perfectione

405 2847 519 2915 jam
556 2849 750 2917 posita.

480 2938 565 2993 tt).
593 2937 720 2996 Post
752 2942 867 2997 haec
891 2941 1314 3012 proficiscuntur
1338 2944 1405 2999 de
1435 2943 1603 3011 lroth,
1626 2955 1682 3002 et
1706 2956 1991 3003 transeunt

408 3048 504 3100 per
538 3033 773 3089 medium
816 3035 984 3091 maris
1012 3034 1204 3103 Rubri,
1238 3046 1292 3093 et
1313 3037 1694 3106 applicuerunt
1728 3042 1794 3095 ad
1833 3057 1986 3095 ama-

407 3122 691 3181 ritudines.
724 3123 971 3180 Diximus
999 3134 1210 3195 tempus
1230 3124 1597 3195 profectuum,
1628 3137 1839 3196 tempus
1869 3142 1990 3185 esse

407 3213 991 3283 perieulorum.Quam
1050 3216 1273 3273 molesta
1313 3218 1541 3276 Ientatio
1594 3219 1829 3279 transire
1891 3235 1990 3290 per

412 3309 655 3365 medium
690 3324 862 3365 mare.
896 3309 1080 3363 videre
1110 3310 1306 3367 ﬂuctus
1330 3312 1381 3365 in
1406 3312 1678 3369 cumulum
1719 3328 1986 3377 crescere,

407 3399 601 3457 audire
629 3402 899 3455 undarum
934 3400 1323 3457 insanientium
1371 3418 1535 3458 voces
1584 3413 1636 3460 et
1673 3405 1937 3472 strepitus
1969 3422 1984 3456 :

405 3492 500 3546 sed
529 3501 711 3547 tamen
749 3493 792 3547 si
821 3493 1071 3563 sequaris
1111 3493 1355 3565 Moysen,
1393 3495 1444 3549 id
1507 3504 1593 3551 est
1644 3495 1819 3565 legem
1866 3496 1984 3562 Dei,

407 3598 564 3651 aquae
595 3583 691 3638 tibi
719 3600 909 3640 murus
937 3586 1161 3641 dextera
1214 3588 1456 3656 laevaque
1497 3590 1649 3652 lieut,
1685 3599 1741 3642 et
1772 3590 1875 3645 iter
1906 3592 1987 3643 in-

406 3674 596 3729 venies
622 3690 723 3744 per
747 3677 954 3730 siccum
991 3677 1044 3730 in
1080 3677 1258 3733 medio
1296 3679 1455 3733 mari.
1489 3679 1594 3735 Sed
1640 3691 1695 3734 et
1728 3680 1854 3735 illud
1886 3681 1987 3734 iter

404 3765 629 3822 eteleste
664 3766 810 3836 quod
843 3783 1003 3836 agere
1036 3768 1267 3824 dicimus
1286 3768 1545 3833 animam.
1581 3781 1757 3841 potest
1786 3774 1901 3827 tieri
1929 3782 1986 3826 ut

406 3854 609 3911 habeat
639 3856 842 3926 aliquid
875 3872 1180 3925 aquarum,
1208 3869 1389 3928 potest
1433 3861 1552 3916 ﬁeri
1587 3873 1644 3915 ut
1702 3864 1769 3918 ibi
1830 3864 1982 3918 iuve-

405 3947 630 4002 niantur
656 3948 813 4004 undis
839 3968 853 4015 ;
882 3960 968 4005 est
999 3952 1144 4006 enim
1181 3952 1254 4008 ibi
1296 3968 1425 4023 pars
1476 3955 1655 4023 aliqua
1694 3973 1981 4026 aquarum,

401 4047 455 4090 ct
481 4052 609 4105 pars
656 4038 836 4109 aliqua
889 4041 992 4096 sub
1039 4042 1211 4106 caelo;
1255 4053 1311 4098 et
1367 4059 1467 4099 nos
1513 4046 1729 4100 interim
1791 4049 1980 4102 barum

403 4142 526 4195 qua:
581 4127 682 4183 sub
736 4129 876 4184 ccelo
944 4140 1070 4185 sunt
1134 4147 1394 4202 aquarum
1453 4137 1625 4191 undas
1680 4136 1984 4209 ﬂuctusque

401 4218 726 4286 perferimus
763 4237 779 4276 :
820 4220 993 4276 Deus’
1019 4222 1222 4278 viderit
1251 4224 1297 4282 si
1348 4224 1454 4281 illa:
1502 4228 1701 4296 quietae
1763 4240 1887 4286 sunt
1927 4240 1985 4285 et

400 4309 653 4377 placidae,
690 4327 792 4368 nec
827 4313 1101 4383 aliquibus
1128 4316 1307 4371 ventis
1348 4314 1607 4375 ﬂantibus
1646 4320 1975 4379 excitantur.

399 4401 507 4456 Sed
543 4418 645 4459 nos
671 4405 914 4472 interim,
950 4421 1077 4463 cum
1106 4408 1416 4466 venerimus
1457 4411 1524 4467 ad
1552 4414 1838 4467 transitum
1868 4430 1981 4468 ma-

2119 643 2170 688 et
2202 630 2447 687 collauda
2484 646 2605 685 eum
2648 632 2739 700 qui
2773 646 2970 699 equum
3005 640 3060 684 et
3094 645 3441 685 ascensorem
3479 631 3697 683 demer-

2118 727 2188 777 sit
2222 725 2272 777 in
2310 722 2552 777 Rubrum
2596 738 2767 778 mare.
2813 723 3200 791 Applicuerunt
3221 738 3351 792 ergo
3377 722 3440 775 ad
3498 724 3699 776 amari-

2119 816 2351 869 tudines.
2387 816 2626 869 Audiens
2675 814 3072 870 amaritudines
3114 832 3219 869 non
3264 830 3524 883 pavescas
3553 855 3567 879 ,
3599 800 3696 871 ne-

2115 922 2221 977 que
2252 908 2533 961 terrearis.
2572 926 2589 958 t
2615 906 2804 961 Omnis
2851 907 2995 962 enim
3034 908 3272 961 eruditio
3332 908 3399 959 ad
3455 923 3695 975 praesens

2115 1008 2221 1047 non
2258 994 2473 1047 videtur
2499 993 2673 1047 dulcis
2710 1008 2831 1048 esse
2855 1035 2869 1058 ,
2902 994 2996 1048 sed
3048 1006 3254 1046 amara.
3314 990 3507 1047 Postea
3563 1007 3695 1048 vero

2113 1085 2348 1141 fructum
2382 1085 2752 1140 dulcissimum
2805 1096 2859 1141 et
2903 1085 3311 1157 pacatissimnm
3375 1085 3693 1141 exercitatis

2112 1195 2210 1248 per
2241 1179 2595 1248 semetipsum
2628 1179 2803 1233 reddit
2826 1179 3057 1247 justitia:
3082 1179 3122 1243 ",
3164 1199 3182 1230 ι
3214 1179 3356 1232 sicut
3393 1179 3691 1246 Apostolus

2111 1274 2292 1327 docet.
2328 1271 2569 1341 Denique
2598 1282 2653 1325 et
2702 1286 2893 1340 azyma
2947 1287 3068 1325 cum
3131 1270 3498 1324 amaritudine
3546 1272 3690 1326 vesci

2110 1363 2543 1434 prtecipiuntur:
2577 1379 2677 1420 nec
2706 1373 2790 1419 est
2831 1364 3089 1433 possibile
3138 1363 3426 1433 pervenire
3462 1363 3529 1416 ad
3576 1372 3687 1417 ter-

2109 1472 2225 1511 ram
2255 1456 2715 1525 repromissionis,
2744 1457 2845 1512 nisi
2892 1472 2986 1527 per
3019 1457 3412 1511 amaritudines
3445 1465 3692 1512 transea-

2108 1560 2248 1599 mus.
2301 1544 2454 1600 Sicut
2513 1545 2658 1598 enim
2729 1544 2925 1600 medici
2987 1546 3377 1600 amaritudines
3426 1546 3689 1616 quasdam

2108 1636 2517 1692 medicamentis
2546 1636 2794 1690 inserunt
2825 1637 3018 1691 salutis
3047 1647 3334 1707 prospectu
3379 1647 3434 1691 et
3482 1639 3689 1694 sanita-

2110 1731 2178 1785 tis
2200 1730 2568 1800 languentium
2603 1770 2619 1794 ,
2659 1731 2732 1784 ita
2758 1742 2814 1786 et
2860 1731 3051 1787 salutis
3091 1741 3377 1801 prospectu
3429 1734 3685 1788 medicus

2108 1821 2413 1874 animarum
2442 1832 2755 1875 nostrarum
2795 1823 3191 1876 amaritudines
3224 1838 3321 1877 nos
3356 1823 3480 1877 vitae
3527 1822 3689 1891 hujus

2106 1912 2276 1967 voluit
2308 1912 2418 1981 pati
2464 1912 2518 1968 in
2576 1912 2809 1968 diversis
2857 1914 3280 1979 tentationibus,
3334 1914 3514 1969 sciens
3558 1915 3686 1984 quia

2106 2005 2233 2061 ﬁnis
2258 2005 2417 2076 hujus
2442 2007 2826 2063 amaritudinis
2866 2008 3061 2062 animae
3092 2019 3293 2063 nostrae
3343 2009 3684 2065 dulcedinem

2104 2099 2297 2157 salutis
2328 2099 2575 2167 acquirat
2613 2114 2626 2151 :
2660 2100 2802 2154 sicut
2836 2111 2889 2155 et
2937 2101 3246 2156 econtrario
3279 2100 3403 2156 linis
3446 2102 3685 2157 dulcedi-

2104 2192 2188 2247 nis
2218 2206 2339 2261 qute
2364 2201 2446 2245 est
2482 2191 2532 2244 iu
2562 2191 2841 2263 voluptate
2879 2207 3165 2263 corporea,
3206 2201 3266 2247 ut
3302 2192 3487 2247 divitis
3540 2194 3684 2251 illius

2103 2282 2352 2354 exempla
2395 2286 2718 2350 docuerunt,
2752 2298 3001 2338 amarum
3028 2285 3192 2339 linem
3228 2285 3405 2341 reddit
3433 2284 3487 2340 in
3517 2284 3686 2340 infer-

2103 2393 2230 2433 num
2278 2391 2581 2446 pennarum.
2616 2376 2695 2431 Tu
2735 2393 2863 2446 ergo
2906 2378 2996 2446 qui
3038 2378 3139 2432 iter
3186 2377 3402 2432 virtutis
3451 2376 3685 2440 incedis,

2103 2488 2207 2525 non
2252 2471 2489 2539 reingias
2520 2470 2794 2539 applicare
2817 2470 2882 2523 ad
2920 2471 3331 2526 amaritudines.
3358 2470 3683 2526 Proticiscee

2102 2565 2177 2617 ris
2205 2563 2350 2616 enim
2384 2573 2437 2617 et
2459 2562 2604 2627 inde,
2636 2564 2779 2617 sicut
2802 2572 2856 2617 et
2882 2563 2978 2616 ﬁlii
3003 2563 3189 2617 Israel.

2171 2661 2258 2715 11.
2291 2680 2308 2712 ι
2344 2660 2580 2715 Profecti
2616 2668 2761 2723 sunt,
2797 2657 2974 2728 inquit
3000 2659 3042 2724 ⁸,
3068 2659 3134 2712 de
3186 2657 3575 2724 amaritudine,
3623 2668 3679 2711 et

2100 2762 2369 2808 venerunt
2395 2754 2448 2807 in
2474 2750 2670 2806 llelim.
2706 2768 2724 2802 ι
2764 2748 2940 2804 Helim
2966 2759 3074 2815 est,
3105 2749 3192 2803 ubi
3226 2758 3351 2802 sunt
3391 2749 3677 2802 duodecim

2097 2847 2277 2902 fontes
2303 2860 2589 2916 aquarum,
2626 2852 2681 2898 et
2710 2842 3055 2912 septuaginta
3076 2840 3194 2895 dua:
3223 2840 3445 2896 arbores
3468 2841 3678 2910 palma-

2098 2955 2241 2995 rum.
2269 2938 2429 2994 Vides
2459 2947 2579 3007 post
2620 2934 3033 3001 amaritudines,
3066 2944 3187 3005 post
3208 2934 3528 3005 asperitates
3557 2943 3677 2987 teu-

2099 3033 2388 3097 tationu‘m,
2426 3046 2588 3100 quam
2625 3042 2676 3085 te
2724 3043 2938 3084 amoena
2996 3028 3301 3097 suscipiunt
3366 3026 3505 3080 loca.
3555 3023 3676 3078 Non

2099 3125 2343 3181 venisses
2372 3126 2438 3181 ad
2462 3124 2694 3194 palmas,
2730 3124 2830 3179 nisi
2863 3121 3221 3177 tentationum
3280 3118 3675 3174 amaritudines

2099 3217 2413 3281 pertulisses
2438 3257 2453 3283 ,
2490 3231 2590 3272 nec
2619 3216 2866 3271 venisses
2891 3215 2957 3269 ad
3009 3213 3352 3268 dulcedinem
3415 3211 3674 3273 fontium,

2096 3310 2202 3366 nisi
2231 3310 2380 3381 prius
2413 3324 2535 3379 quae
2561 3308 2738 3363 tristia
2775 3306 2993 3362 fuerant
3022 3314 3077 3359 et
3101 3319 3292 3375 aSpera
3314 3315 3629 3373 superasses
3655 3315 3673 3354 :

2097 3417 2201 3459 non
2230 3401 2462 3471 quojam
2496 3401 2620 3454 ﬁnis
2652 3403 2723 3456 sit
2785 3400 2837 3453 in
2883 3399 2967 3453 his
3016 3397 3251 3461 itineris,
3314 3404 3371 3450 et
3409 3392 3675 3463 perfectio

2096 3503 2417 3549 cunctorum
2452 3508 2467 3557 ;
2525 3491 2655 3546 sed.
2688 3490 3030 3559 dispensator
3067 3486 3374 3541 animarum
3423 3485 3565 3538 Deus
3614 3482 3673 3538 in

2097 3584 2210 3652 ipso
2247 3583 2445 3638 itinere
2475 3581 2761 3638 interserit
2799 3581 3075 3635 laboribus
3096 3581 3260 3634 etiam
3298 3577 3547 3647 quaedam
3585 3590 3667 3629 re-

2094 3675 2336 3745 frigeria,
2364 3673 2564 3744 quibus
2581 3670 2754 3727 refota
2782 3671 2960 3724 anima
2988 3680 3043 3724 et
3074 3677 3342 3739 reparata,
3369 3665 3672 3738 promptior

2096 3765 2371 3821 redeatad
2405 3765 2645 3833 reliquos
2674 3762 2909 3817 labores.
2949 3761 3123 3817 llelim
3167 3769 3349 3814 autem
3400 3758 3674 3826 interpre-

2096 3866 2238 3910 tatur
2262 3856 2452 3910 arietes
2486 3855 2622 3925 (81).
2651 3854 2862 3907 Arietes
2896 3852 3063 3907 duces
3094 3860 3220 3907 sunt
3273 3864 3523 3921 gregum.
3565 3848 3670 3913 Qui

2092 3957 2217 4003 sunt
2246 3962 2375 4017 ergo
2413 3948 2579 4001 duces
2635 3941 2815 4011 gregis
2845 3940 3087 4005 Christi,
3138 3939 3240 3994 nisi
3274 3936 3525 4008 apostoli,
3574 3937 3670 4004 qui

2090 4050 2220 4096 sunt
2251 4052 2307 4095 et
2344 4037 2624 4094 duodecim
2657 4034 2884 4090 fontes?
2931 4032 3127 4087 Verum
3161 4032 3417 4102 quoniam
3448 4045 3553 4083 non
3576 4043 3669 4083 se-

2091 4133 2202 4187 lum
2236 4132 2355 4187 illos
2380 4130 2663 4186 duodecim
2690 4128 2852 4196 elegit
2884 4126 3144 4181 Dominus
3185 4134 3241 4179 et
3286 4122 3538 4177 Salvator
3567 4133 3671 4174 no-

2042 4233 2221 4296 .‘ster,
2248 4225 2343 4279 sed
2371 4234 2429 4279 et
2448 4223 2585 4278 alios
2605 4220 2947 4291 septuaginta
2975 4218 3134 4284 duos,
3169 4216 3373 4272 idcirco
3425 4229 3533 4267 non
3574 4226 3667 4266 so—

2089 4318 2197 4373 lum
2229 4316 2518 4373 duodecim
2545 4314 2746 4380 fontes,
2774 4313 2868 4368 sed
2906 4322 2959 4368 et
2984 4309 3325 4381 septuaginta
3363 4307 3480 4361 dua:
3507 4303 3670 4358 arbo-

2089 4423 2178 4463 res
2206 4408 2522 4464 seribuntur
2551 4421 2671 4461 esse
2701 4405 3030 4474 palmarum,
3056 4411 3112 4456 et
3145 4400 3245 4471 ipsi
3269 4400 3410 4453 enim
3437 4396 3667 4465 apostoli

400 4493 501 4559 ris,
526 4496 743 4552 etiamsi
790 4497 1071 4554 videamus
1102 4498 1442 4556 Pharaonem
1473 4512 1530 4559 et
1560 4503 1845 4574 Egyptios
1900 4507 1981 4561 in.
2013 4520 2057 4576 ι)
2087 4502 2460 4566 nominantur,
2486 4502 2628 4556 sicut
2659 4507 2716 4555 et
2762 4500 2880 4566 ipse
2936 4495 3137 4551 Paulus
3182 4495 3316 4550 dicit
3340 4495 3385 4559 ’,
3437 4506 3559 4546 cum
3601 4493 3669 4544 de

402 4596 717 4655 seruientes,
752 4589 885 4645 nihil
920 4591 1273 4660 trepidemus,
1309 4594 1493 4651 nullus
1524 4598 1591 4651 de
1648 4597 1731 4651 liis
1780 4610 1978 4663 metus,

400 4676 551 4733 nulla
581 4678 817 4735 formido
840 4681 931 4737 sit.
957 4680 1260 4740 Credamus
1283 4694 1490 4740 tantum
1518 4688 1571 4741 in
1602 4704 1766 4744 unum
1794 4705 1977 4747 verum

399 4770 598 4836 Deum,
627 4780 683 4827 et
712 4786 875 4841 quem
905 4773 1055 4829 misit
1097 4775 1292 4831 Filium
1351 4792 1508 4831 suum
1560 4776 1744 4833 Iesum
1814 4780 1980 4854 380

398 4859 699 4917 Christum.
735 4863 889 4931 Quod
910 4873 965 4922 et
993 4866 1038 4923 si
1065 4867 1279 4924 dicatur
1298 4869 1525 4940 populus
1552 4869 1660 4926 Deo
1682 4874 1978 4933 credidisse

399 4962 455 5007 et
481 4955 686 5011 famulo
721 4959 839 5027 ejus
865 4958 1061 5032 Moysi,
1087 4961 1366 5018 credimus
1417 4972 1471 5017 et
1530 4979 1630 5019 nos
1677 4970 1974 5024 secundum

401 5047 506 5100 hoc
533 5048 699 5102 etiam
736 5047 931 5122 Moysi,
971 5052 1024 5107 id
1078 5062 1163 5109 est
1240 5054 1345 5126 legi
1411 5053 1505 5110 Dei
1558 5066 1611 5110 et
1670 5059 1974 5128 prophetis.

399 5139 674 5198 Cnnstans
697 5157 828 5213 ergo
853 5155 994 5210 esto,
1018 5154 1073 5198 et
1107 5146 1265 5213 paulo
1300 5156 1422 5216 p05t
1451 5148 1659 5203 videbis
1694 5149 1978 5221 Egyptios

471 5234 495 5268 τ
532 5234 699 5291 Hebr.
728 5252 827 5303 xu,
861 5237 948 5293 Η.
1044 5239 1068 5271 ⁸
1104 5238 1263 5295 Num.
1290 5256 1491 5309 χχχιιι,
1523 5242 1576 5298 9.
1636 5244 1658 5275 θ
1691 5243 1857 5299 lCor.
1886 5263 1979 5304 xv.

474 5349 589 5416 (78)
631 5348 780 5404 [roth
806 5349 950 5406 vicus
975 5350 1371 5416 interpretatur.
1401 5353 1457 5409 In
1492 5353 1722 5411 Hebrzeo
1752 5356 1988 5413 habetur

399 5428 547 5481 mm
580 5438 598 5471 ι
635 5419 848 5484 Hirotb,
892 5440 913 5475 ι
944 5423 1085 5492 apud
1114 5419 1278 5484 LXX.
1329 5426 1391 5478 Et
1431 5423 1528 5479 ώθ.
1582 5425 1699 5481 Jam
1752 5442 1882 5482 vero
1938 5431 1983 5484 si

404 5491 645 5548 litteran
684 5503 925 5547 mutatur
954 5494 1006 5547 in
1039 5502 1077 5548 ν
1102 5504 1158 5547 et
1202 5443 1503 5548 mascurina
1535 5495 1706 5548 forma
1740 5496 1791 5548 in
1831 5496 1983 5548 femi-

404 5491 584 5544 littera
605 5503 645 5553 n
684 5503 925 5547 mutatur
954 5491 1006 5547 in
1039 5502 1077 5556 ν
1102 5504 1158 5547 et
1202 5491 1503 5550 masculina
1535 5495 1706 5551 forma
1740 5496 1791 5550 in
1831 5496 1987 5552 femi-

404 5562 789 5635 ninam,lt_'oth
830 5558 1021 5635 d'eduei
1080 5565 1281 5632 poterit
1342 5567 1409 5619 ab
1449 5574 1553 5631 ’Ἢν
1600 5566 1743 5635 quod
1792 5568 1987 5635 plurali

401 5646 633 5752 insumere
664 5630 841 5687 Judic.
873 5649 927 5699 Χ,
958 5634 1015 5700 4,
1041 5630 1321 5703 signiﬁcat
1351 5630 1559 5701 «villas,
1587 5630 1986 5703 νῖιόε,›’ὲπαύ-

466 5714 528 5752 κ.
1158 5708 1176 5717 ⁸

466 5714 587 5837 L($79)
632 5768 956 5835 Beelsephon
1013 5773 1389 5843 interpretatur
1438 5779 1674 5833 ascensio
1722 5779 1977 5853 spernite.

2090 4596 2493 4652 resurrectione
2516 4593 2820 4649 Salvatoris
2857 4598 3176 4658 exponeret.
3225 4586 3407 4651 Visus,
3469 4583 3667 4653 inquit,

2088 4697 2173 4743 est
2198 4688 2305 4743 illis
2330 4687 2603 4752 undecim,
2632 4683 2826 4741 deinde
2859 4682 3109 4750 apparuit
3139 4688 3191 4734 et
3230 4679 3479 4733 omnibus
3533 4690 3667 4744 apo-

2087 4780 2262 4835 stolis.
2317 4778 2372 4832 ln
2433 4794 2541 4849 quo
2591 4775 2829 4832 ostendit
2877 4788 2999 4829 esse
3055 4784 3107 4827 et
3169 4770 3303 4825 alios
3366 4767 3664 4838 apostolos,

2086 4875 2327 4943 exceptis
2355 4872 2463 4929 illis
2491 4870 2798 4926 duodecim.
2844 4867 2971 4923 Haec
3001 4876 3051 4921 te
3075 4880 3203 4935 ergo
3230 4864 3516 4919 amoenitas
3546 4868 3667 4931 post

2088 4968 2529 5028 amaritudinem,
2563 4968 2678 5018 hate
2703 4971 2755 5017 te
2790 4962 3006 5032 requies
3033 4970 3151 5030 post
3175 4958 3442 5023 laborem,
3468 4959 3581 5011 Iuec
3615 4965 3666 5006 te

2088 5060 2262 5130 gratia
2311 5068 2432 5129 post
2463 5065 2800 5111 tentamenta
2852 5053 3130 5123 suscipiet.
3166 5070 3185 5104 ε
3242 5048 3477 5105 Profecti
3515 5058 3660 5108 sunt.

2089 5154 2356 5221 inquit“,
2395 5152 2463 5207 de
2509 5150 2718 5216 llelim,
2762 5157 2820 5206 et
2880 5146 3255 5218 applicuerunt
3301 5142 3457 5213 juxta
3511 5156 3664 5196 mare

2056 5252 2098 5283 ¹⁰
2124 5248 2282 5304 Νυιη.
2318 5262 2513 5311 xxxiii,
2538 5243 2624 5305 10.

2086 5363 2190 5418 sive
2210 5364 2395 5417 turris.
2424 5360 2506 5415 Ab
2531 5341 2641 5424 Πίηι
2668 5375 2685 5408 t
2713 5354 2979 5423 ascendit,
3012 5373 3032 5408 ι
3072 5364 3130 5410 et
3155 5364 3276 5420 nar
3316 5371 3335 5406 ι
3354 5351 3663 5423 speculatus

2084 5444 2271 5571 esi-8‘3)
2307 5500 2619 5572 Magdalum
2644 5500 2782 5553 enim
2810 5496 3204 5568 magniﬁcentia
3229 5496 3448 5551 dicitur.
3487 5492 3660 5549 Radix

2082 5578 2285 5657 θεώ-η
2316 5614 2333 5645 ι
2371 5608 2624 5663 magnum
2656 5607 2800 5657 esse,
2832 5590 2916 5645 vel
2958 5590 3095 5645 fieri.
3127 5607 3146 5641 ι
3240 5660 3248 5663 _
3413 5640 3425 5656 ,

2155 5667 2269 5737 (81)
2296 5660 2488 5719 Ηθιξηῐ
2516 5674 2690 5717 autem
2734 5663 3113 5731 interpretatur
3168 5660 3380 5716 arietes.
3413 5664 3512 5719 ῬΝ
3536 5675 3557 5710 t
3603 5670 3659 5715 tt-

2079 5759 2210 5817 ries.
2256 5778 2275 5811 ι
2315 5756 2515 5815 Plural.
2547 5739 2711 5819 av‘nn
2747 5774 2766 5810 ι
2806 5755 3024 5812 arietes.
3060 5772 3083 5806 ι
