  <div class='ocr_page' id='page_1' title='image "/cluster/home/n/w/nwhite01/storage/ocr_20150623/12:no.2/coo.31924054873074/410.png"; bbox 0 0 4134 6390; ppageno 0'>
   <div class='ocr_carea' id='block_1_1' title="bbox 392 366 496 422">
    <p class='ocr_par' dir='ltr' id='par_1_1' title="bbox 392 366 496 422">
     <span class='ocr_line' id='line_1_1' title="bbox 392 366 496 422; baseline 0.019 -2"><span class='ocrx_word' id='word_1_1' title='bbox 392 366 496 422; x_wconf 76' lang='lat'><strong>793</strong></span> 
     </span>
    </p>
   </div>
   <div class='ocr_carea' id='block_1_2' title="bbox 1520 355 2533 446">
    <p class='ocr_par' dir='ltr' id='par_1_2' title="bbox 1520 355 2533 446">
     <span class='ocr_line' id='line_1_2' title="bbox 1520 355 2533 446; baseline 0.006 -37"><span class='ocrx_word' id='word_1_2' title='bbox 1520 355 1589 410; x_wconf 85' lang='lat' dir='ltr'><strong>IN</strong></span> <span class='ocrx_word' id='word_1_3' title='bbox 1629 357 1968 413; x_wconf 81' lang='lat' dir='ltr'><strong>NUMEROS</strong></span> <span class='ocrx_word' id='word_1_4' title='bbox 2001 357 2286 446; x_wconf 44' lang='lat' dir='ltr'><strong>IIOIIIIJA.</strong></span> <span class='ocrx_word' id='word_1_5' title='bbox 2314 360 2533 417; x_wconf 73' lang='lat' dir='ltr'><strong>XXVII.</strong></span> 
     </span>
    </p>
   </div>
   <div class='ocr_carea' id='block_1_3' title="bbox 3564 364 3665 421">
    <p class='ocr_par' dir='ltr' id='par_1_3' title="bbox 3564 364 3665 421">
     <span class='ocr_line' id='line_1_3' title="bbox 3564 364 3665 421; baseline 0.04 -3"><span class='ocrx_word' id='word_1_6' title='bbox 3564 364 3665 421; x_wconf 68' lang='grc'><strong>794</strong></span> 
     </span>
    </p>
   </div>
   <div class='ocr_carea' id='block_1_4' title="bbox 391 474 3664 548">
    <p class='ocr_par' dir='ltr' id='par_1_4' title="bbox 391 474 3664 548">
     <span class='ocr_line' id='line_1_4' title="bbox 391 474 3664 548; baseline -0.001 -8"><span class='ocrx_word' id='word_1_7' title='bbox 391 486 663 540; x_wconf 76' lang='lat' dir='ltr'><strong>Rubrum.</strong></span> <span class='ocrx_word' id='word_1_8' title='bbox 701 501 718 533; x_wconf 73' lang='grc' dir='ltr'><strong>ι</strong></span> <span class='ocrx_word' id='word_1_9' title='bbox 758 478 1000 534; x_wconf 75' lang='lat' dir='ltr'><strong>Observa</strong></span> <span class='ocrx_word' id='word_1_10' title='bbox 1038 474 1165 545; x_wconf 85' lang='lat' dir='ltr'><strong>quia</strong></span> <span class='ocrx_word' id='word_1_11' title='bbox 1194 474 1305 545; x_wconf 88' lang='lat' dir='ltr'><strong>jam</strong></span> <span class='ocrx_word' id='word_1_12' title='bbox 1341 488 1445 527; x_wconf 89' lang='lat' dir='ltr'><strong>non</strong></span> <span class='ocrx_word' id='word_1_13' title='bbox 1502 475 1704 528; x_wconf 86' lang='lat' dir='ltr'><strong>intrant</strong></span> <span class='ocrx_word' id='word_1_14' title='bbox 1741 476 1792 528; x_wconf 93' lang='lat' dir='ltr'><strong>in</strong></span> <span class='ocrx_word' id='word_1_15' title='bbox 1824 490 1973 530; x_wconf 89' lang='lat' dir='ltr'><strong>mare</strong></span> <span class='ocrx_word' id='word_1_16' title='bbox 2004 482 2049 538; x_wconf 78' lang='grc' dir='ltr'>Α</span> <span class='ocrx_word' id='word_1_17' title='bbox 2078 492 2407 547; x_wconf 86' lang='lat' dir='ltr'><strong>unaquaque</strong></span> <span class='ocrx_word' id='word_1_18' title='bbox 2480 477 2527 531; x_wconf 89' lang='lat' dir='ltr'><strong>si</strong></span> <span class='ocrx_word' id='word_1_19' title='bbox 2583 490 2690 546; x_wconf 90' lang='lat' dir='ltr'><strong>qua</strong></span> <span class='ocrx_word' id='word_1_20' title='bbox 2751 490 2816 532; x_wconf 79' lang='lat' dir='ltr'><strong>ex</strong></span> <span class='ocrx_word' id='word_1_21' title='bbox 2866 478 3145 532; x_wconf 85' lang='lat' dir='ltr'><strong>nominum</strong></span> <span class='ocrx_word' id='word_1_22' title='bbox 3202 479 3664 548; x_wconf 64' lang='lat' dir='ltr'><strong>contemplatione</strong></span> 
     </span>
    </p>
   </div>
   <div class='ocr_carea' id='block_1_5' title="bbox 392 565 1967 634">
    <p class='ocr_par' dir='ltr' id='par_1_5' title="bbox 392 565 1967 634">
     <span class='ocr_line' id='line_1_5' title="bbox 392 565 1967 634; baseline -0.01 -1"><span class='ocrx_word' id='word_1_23' title='bbox 392 577 663 633; x_wconf 77' lang='lat' dir='ltr'><strong>Rubrum.</strong></span> <span class='ocrx_word' id='word_1_24' title='bbox 690 570 852 627; x_wconf 87' lang='lat' dir='ltr'><strong>semel</strong></span> <span class='ocrx_word' id='word_1_25' title='bbox 888 577 1101 624; x_wconf 90' lang='lat' dir='ltr'><strong>tantum</strong></span> <span class='ocrx_word' id='word_1_26' title='bbox 1131 565 1333 621; x_wconf 87' lang='lat' dir='ltr'><strong>sullicit</strong></span> <span class='ocrx_word' id='word_1_27' title='bbox 1383 566 1639 631; x_wconf 79' lang='lat' dir='ltr'><strong>intrasse,</strong></span> <span class='ocrx_word' id='word_1_28' title='bbox 1674 568 1831 620; x_wconf 91' lang='lat' dir='ltr'><strong>modo</strong></span> <span class='ocrx_word' id='word_1_29' title='bbox 1858 565 1967 634; x_wconf 81' lang='lat' dir='ltr'><strong>jam</strong></span> 
     </span>
    </p>
   </div>
   <div class='ocr_carea' id='block_1_6' title="bbox 394 658 1972 739">
    <p class='ocr_par' dir='ltr' id='par_1_6' title="bbox 394 658 1972 739">
     <span class='ocr_line' id='line_1_6' title="bbox 394 658 1972 739; baseline -0.008 -16"><span class='ocrx_word' id='word_1_30' title='bbox 394 664 848 739; x_wconf 76' lang='lat' dir='ltr'><strong>applicantjuxta</strong></span> <span class='ocrx_word' id='word_1_31' title='bbox 885 673 1059 722; x_wconf 88' lang='lat' dir='ltr'><strong>mare,</strong></span> <span class='ocrx_word' id='word_1_32' title='bbox 1090 670 1147 712; x_wconf 94' lang='lat' dir='ltr'><strong>nt</strong></span> <span class='ocrx_word' id='word_1_33' title='bbox 1195 658 1419 710; x_wconf 86' lang='lat' dir='ltr'><strong>videant</strong></span> <span class='ocrx_word' id='word_1_34' title='bbox 1457 658 1673 727; x_wconf 83' lang='lat' dir='ltr'><strong>quidem</strong></span> <span class='ocrx_word' id='word_1_35' title='bbox 1712 673 1885 721; x_wconf 88' lang='lat' dir='ltr'><strong>mare,</strong></span> <span class='ocrx_word' id='word_1_36' title='bbox 1918 667 1972 711; x_wconf 89' lang='lat' dir='ltr'><strong>et</strong></span> 
     </span>
    </p>
   </div>
   <div class='ocr_carea' id='block_1_7' title="bbox 392 752 1973 823">
    <p class='ocr_par' dir='ltr' id='par_1_7' title="bbox 392 752 1973 823">
     <span class='ocr_line' id='line_1_7' title="bbox 392 752 1973 823; baseline -0.008 -9"><span class='ocrx_word' id='word_1_37' title='bbox 392 760 569 815; x_wconf 88' lang='lat' dir='ltr'><strong>undas</strong></span> <span class='ocrx_word' id='word_1_38' title='bbox 613 756 730 823; x_wconf 83' lang='lat' dir='ltr'><strong>ejus</strong></span> <span class='ocrx_word' id='word_1_39' title='bbox 793 752 1090 822; x_wconf 81' lang='lat' dir='ltr'><strong>aSpiciant,</strong></span> <span class='ocrx_word' id='word_1_40' title='bbox 1143 764 1484 817; x_wconf 76' lang='lat' dir='ltr'><strong>nequaquam</strong></span> <span class='ocrx_word' id='word_1_41' title='bbox 1547 758 1726 802; x_wconf 88' lang='lat' dir='ltr'><strong>tamen</strong></span> <span class='ocrx_word' id='word_1_42' title='bbox 1792 759 1973 803; x_wconf 84' lang='lat' dir='ltr'><strong>motus</strong></span> 
     </span>
    </p>
   </div>
   <div class='ocr_carea' id='block_1_8' title="bbox 392 842 1971 921">
    <p class='ocr_par' dir='ltr' id='par_1_8' title="bbox 392 842 1971 921">
     <span class='ocr_line' id='line_1_8' title="bbox 392 842 1971 921; baseline -0.006 -15"><span class='ocrx_word' id='word_1_43' title='bbox 392 854 562 921; x_wconf 79' lang='lat' dir='ltr'><strong>ipsius</strong></span> <span class='ocrx_word' id='word_1_44' title='bbox 584 860 639 904; x_wconf 88' lang='lat' dir='ltr'><strong>et</strong></span> <span class='ocrx_word' id='word_1_45' title='bbox 667 850 900 917; x_wconf 89' lang='lat' dir='ltr'><strong>impetus</strong></span> <span class='ocrx_word' id='word_1_46' title='bbox 932 844 1345 915; x_wconf 75' lang='lat' dir='ltr'><strong>pertimescant.</strong></span> <span class='ocrx_word' id='word_1_47' title='bbox 1383 860 1401 893; x_wconf 82' lang='grc' dir='ltr'><strong>ι</strong></span> <span class='ocrx_word' id='word_1_48' title='bbox 1434 842 1498 901; x_wconf 83' lang='grc' dir='ltr'>Ει</span> <span class='ocrx_word' id='word_1_49' title='bbox 1525 842 1753 910; x_wconf 79' lang='lat' dir='ltr'><strong>profecti</strong></span> <span class='ocrx_word' id='word_1_50' title='bbox 1783 855 1910 898; x_wconf 90' lang='lat' dir='ltr'><strong>sunt</strong></span> <span class='ocrx_word' id='word_1_51' title='bbox 1942 862 1971 898; x_wconf 89' lang='lat' dir='ltr'><strong>a</strong></span> 
     </span>
    </p>
   </div>
   <div class='ocr_carea' id='block_1_9' title="bbox 391 931 1965 1002">
    <p class='ocr_par' dir='ltr' id='par_1_9' title="bbox 391 931 1965 1002">
     <span class='ocr_line' id='line_1_9' title="bbox 391 931 1965 1002; baseline -0.005 -9"><span class='ocrx_word' id='word_1_52' title='bbox 391 937 580 993; x_wconf 83' lang='lat' dir='ltr'><strong>Rubro</strong></span> <span class='ocrx_word' id='word_1_53' title='bbox 616 936 775 1000; x_wconf 89' lang='lat' dir='ltr'><strong>mari,</strong></span> <span class='ocrx_word' id='word_1_54' title='bbox 804 944 859 989; x_wconf 91' lang='lat' dir='ltr'><strong>et</strong></span> <span class='ocrx_word' id='word_1_55' title='bbox 920 932 1298 1002; x_wconf 78' lang='lat' dir='ltr'><strong>applicuerunt</strong></span> <span class='ocrx_word' id='word_1_56' title='bbox 1364 931 1420 983; x_wconf 91' lang='lat' dir='ltr'><strong>in</strong></span> <span class='ocrx_word' id='word_1_57' title='bbox 1456 931 1674 984; x_wconf 89' lang='lat' dir='ltr'><strong>deserto</strong></span> <span class='ocrx_word' id='word_1_58' title='bbox 1724 931 1818 985; x_wconf 89' lang='lat' dir='ltr'><strong>Sin</strong></span> <span class='ocrx_word' id='word_1_59' title='bbox 1853 934 1910 985; x_wconf 82' lang='lat'><strong>“.</strong></span> <span class='ocrx_word' id='word_1_60' title='bbox 1947 952 1965 985; x_wconf 73' lang='grc' dir='ltr'><strong>ι</strong></span> 
     </span>
    </p>
   </div>
   <div class='ocr_carea' id='block_1_10' title="bbox 395 1023 1970 1094">
    <p class='ocr_par' dir='ltr' id='par_1_10' title="bbox 395 1023 1970 1094">
     <span class='ocr_line' id='line_1_10' title="bbox 395 1023 1970 1094; baseline -0.005 -8"><span class='ocrx_word' id='word_1_61' title='bbox 395 1031 491 1087; x_wconf 88' lang='lat' dir='ltr'><strong>Sin</strong></span> <span class='ocrx_word' id='word_1_62' title='bbox 529 1030 689 1082; x_wconf 78' lang='lat' dir='ltr'><strong>rubus</strong></span> <span class='ocrx_word' id='word_1_63' title='bbox 716 1026 1128 1093; x_wconf 83' lang='lat' dir='ltr'><strong>interpretatur,</strong></span> <span class='ocrx_word' id='word_1_64' title='bbox 1177 1023 1292 1076; x_wconf 82' lang='lat' dir='ltr'><strong>sive</strong></span> <span class='ocrx_word' id='word_1_65' title='bbox 1335 1025 1553 1076; x_wconf 88' lang='lat' dir='ltr'><strong>tentatio</strong></span> <span class='ocrx_word' id='word_1_66' title='bbox 1589 1023 1725 1092; x_wconf 74' lang='lat'><strong>(82).</strong></span> <span class='ocrx_word' id='word_1_67' title='bbox 1778 1024 1970 1094; x_wconf 91' lang='lat' dir='ltr'><strong>Incipit</strong></span> 
     </span>
    </p>
   </div>
   <div class='ocr_carea' id='block_1_11' title="bbox 393 1115 1969 1187">
    <p class='ocr_par' dir='ltr' id='par_1_11' title="bbox 393 1115 1969 1187">
     <span class='ocr_line' id='line_1_11' title="bbox 393 1115 1969 1187; baseline -0.003 -14"><span class='ocrx_word' id='word_1_68' title='bbox 393 1136 524 1186; x_wconf 79' lang='lat' dir='ltr'><strong>ergo</strong></span> <span class='ocrx_word' id='word_1_69' title='bbox 558 1120 652 1173; x_wconf 84' lang='lat' dir='ltr'><strong>tibi</strong></span> <span class='ocrx_word' id='word_1_70' title='bbox 676 1117 790 1187; x_wconf 87' lang='lat' dir='ltr'><strong>jam</strong></span> <span class='ocrx_word' id='word_1_71' title='bbox 825 1115 1070 1169; x_wconf 81' lang='lat' dir='ltr'><strong>arridere</strong></span> <span class='ocrx_word' id='word_1_72' title='bbox 1099 1116 1365 1169; x_wconf 90' lang='lat' dir='ltr'><strong>bonorum</strong></span> <span class='ocrx_word' id='word_1_73' title='bbox 1400 1129 1545 1184; x_wconf 88' lang='lat' dir='ltr'><strong>spes.</strong></span> <span class='ocrx_word' id='word_1_74' title='bbox 1597 1116 1726 1181; x_wconf 67' lang='lat' dir='ltr'><strong>Quae</strong></span> <span class='ocrx_word' id='word_1_75' title='bbox 1754 1124 1836 1170; x_wconf 87' lang='lat' dir='ltr'><strong>est</strong></span> <span class='ocrx_word' id='word_1_76' title='bbox 1870 1133 1969 1170; x_wconf 88' lang='lat' dir='ltr'><strong>au-</strong></span> 
     </span>
    </p>
   </div>
   <div class='ocr_carea' id='block_1_12' title="bbox 394 1205 1966 1275">
    <p class='ocr_par' dir='ltr' id='par_1_12' title="bbox 394 1205 1966 1275">
     <span class='ocr_line' id='line_1_12' title="bbox 394 1205 1966 1275; baseline -0.003 -12"><span class='ocrx_word' id='word_1_77' title='bbox 394 1221 500 1265; x_wconf 82' lang='lat' dir='ltr'><strong>tcni</strong></span> <span class='ocrx_word' id='word_1_78' title='bbox 542 1212 807 1264; x_wconf 89' lang='lat' dir='ltr'><strong>bonorum</strong></span> <span class='ocrx_word' id='word_1_79' title='bbox 835 1222 960 1275; x_wconf 85' lang='lat' dir='ltr'><strong>spes</strong></span> <span class='ocrx_word' id='word_1_80' title='bbox 984 1206 1007 1259; x_wconf 86' lang='lat'><strong>?</strong></span> <span class='ocrx_word' id='word_1_81' title='bbox 1043 1207 1118 1260; x_wconf 87' lang='lat' dir='ltr'><strong>De</strong></span> <span class='ocrx_word' id='word_1_82' title='bbox 1148 1205 1284 1259; x_wconf 90' lang='lat' dir='ltr'><strong>rubo</strong></span> <span class='ocrx_word' id='word_1_83' title='bbox 1312 1205 1565 1275; x_wconf 84' lang='lat' dir='ltr'><strong>apparuit</strong></span> <span class='ocrx_word' id='word_1_84' title='bbox 1603 1206 1885 1269; x_wconf 90' lang='lat' dir='ltr'><strong>Dominus,</strong></span> <span class='ocrx_word' id='word_1_85' title='bbox 1913 1215 1966 1261; x_wconf 91' lang='lat' dir='ltr'><strong>et</strong></span> 
     </span>
    </p>
   </div>
   <div class='ocr_carea' id='block_1_13' title="bbox 391 1295 1964 1370">
    <p class='ocr_par' dir='ltr' id='par_1_13' title="bbox 391 1295 1964 1370">
     <span class='ocr_line' id='line_1_13' title="bbox 391 1295 1964 1370; baseline -0.003 -15"><span class='ocrx_word' id='word_1_86' title='bbox 391 1314 653 1370; x_wconf 85' lang='lat' dir='ltr'><strong>responsa</strong></span> <span class='ocrx_word' id='word_1_87' title='bbox 676 1298 822 1353; x_wconf 88' lang='lat' dir='ltr'><strong>dedit</strong></span> <span class='ocrx_word' id='word_1_88' title='bbox 856 1295 1048 1367; x_wconf 79' lang='lat' dir='ltr'><strong>Moysi,</strong></span> <span class='ocrx_word' id='word_1_89' title='bbox 1077 1306 1133 1350; x_wconf 88' lang='lat' dir='ltr'><strong>et</strong></span> <span class='ocrx_word' id='word_1_90' title='bbox 1181 1295 1380 1351; x_wconf 83' lang='lat' dir='ltr'><strong>dehinc</strong></span> <span class='ocrx_word' id='word_1_91' title='bbox 1428 1296 1641 1351; x_wconf 86' lang='lat' dir='ltr'><strong>initium</strong></span> <span class='ocrx_word' id='word_1_92' title='bbox 1688 1297 1964 1351; x_wconf 89' lang='lat' dir='ltr'><strong>visitatio-</strong></span> 
     </span>
    </p>
   </div>
   <div class='ocr_carea' id='block_1_14' title="bbox 392 1388 1971 1447">
    <p class='ocr_par' dir='ltr' id='par_1_14' title="bbox 392 1388 1971 1447">
     <span class='ocr_line' id='line_1_14' title="bbox 392 1388 1971 1447; baseline 0 -2"><span class='ocrx_word' id='word_1_93' title='bbox 392 1393 478 1447; x_wconf 80' lang='lat' dir='ltr'><strong>nis</strong></span> <span class='ocrx_word' id='word_1_94' title='bbox 511 1392 714 1446; x_wconf 82' lang='lat' dir='ltr'><strong>factum</strong></span> <span class='ocrx_word' id='word_1_95' title='bbox 745 1406 773 1445; x_wconf 87' lang='lat' dir='ltr'><strong>a</strong></span> <span class='ocrx_word' id='word_1_96' title='bbox 806 1389 1038 1445; x_wconf 83' lang='lat' dir='ltr'><strong>Domino</strong></span> <span class='ocrx_word' id='word_1_97' title='bbox 1066 1390 1133 1443; x_wconf 89' lang='lat' dir='ltr'><strong>ad</strong></span> <span class='ocrx_word' id='word_1_98' title='bbox 1167 1388 1310 1443; x_wconf 93' lang='lat' dir='ltr'><strong>ﬁlios</strong></span> <span class='ocrx_word' id='word_1_99' title='bbox 1348 1399 1432 1444; x_wconf 92' lang='lat' dir='ltr'><strong>est</strong></span> <span class='ocrx_word' id='word_1_100' title='bbox 1464 1388 1651 1444; x_wconf 92' lang='lat' dir='ltr'><strong>Israel.</strong></span> <span class='ocrx_word' id='word_1_101' title='bbox 1702 1389 1806 1444; x_wconf 86' lang='lat' dir='ltr'><strong>Sed</strong></span> <span class='ocrx_word' id='word_1_102' title='bbox 1864 1404 1971 1445; x_wconf 85' lang='lat' dir='ltr'><strong>non</strong></span> 
     </span>
    </p>
   </div>
   <div class='ocr_carea' id='block_1_15' title="bbox 390 1483 1970 1553">
    <p class='ocr_par' dir='ltr' id='par_1_15' title="bbox 390 1483 1970 1553">
     <span class='ocr_line' id='line_1_15' title="bbox 390 1483 1970 1553; baseline 0.002 -16"><span class='ocrx_word' id='word_1_103' title='bbox 390 1486 565 1539; x_wconf 78' lang='lat' dir='ltr'><strong>otiose</strong></span> <span class='ocrx_word' id='word_1_104' title='bbox 593 1484 688 1539; x_wconf 91' lang='lat' dir='ltr'><strong>Sin</strong></span> <span class='ocrx_word' id='word_1_105' title='bbox 725 1484 886 1538; x_wconf 90' lang='lat' dir='ltr'><strong>etiam</strong></span> <span class='ocrx_word' id='word_1_106' title='bbox 917 1483 1136 1537; x_wconf 80' lang='lat' dir='ltr'><strong>tentatio</strong></span> <span class='ocrx_word' id='word_1_107' title='bbox 1183 1483 1595 1553; x_wconf 82' lang='lat' dir='ltr'><strong>interpretatur.</strong></span> <span class='ocrx_word' id='word_1_108' title='bbox 1628 1485 1780 1541; x_wconf 88' lang='lat' dir='ltr'><strong>Solet</strong></span> <span class='ocrx_word' id='word_1_109' title='bbox 1823 1484 1970 1540; x_wconf 90' lang='lat' dir='ltr'><strong>enim</strong></span> 
     </span>
    </p>
   </div>
   <div class='ocr_carea' id='block_1_16' title="bbox 391 1573 1972 1645">
    <p class='ocr_par' dir='ltr' id='par_1_16' title="bbox 391 1573 1972 1645">
     <span class='ocr_line' id='line_1_16' title="bbox 391 1573 1972 1645; baseline -0.001 -15"><span class='ocrx_word' id='word_1_110' title='bbox 391 1579 443 1631; x_wconf 89' lang='lat' dir='ltr'><strong>in</strong></span> <span class='ocrx_word' id='word_1_111' title='bbox 480 1576 781 1630; x_wconf 81' lang='lat' dir='ltr'><strong>visionibus</strong></span> <span class='ocrx_word' id='word_1_112' title='bbox 800 1588 919 1629; x_wconf 86' lang='lat' dir='ltr'><strong>esse</strong></span> <span class='ocrx_word' id='word_1_113' title='bbox 961 1574 1211 1628; x_wconf 89' lang='lat' dir='ltr'><strong>tentatio.</strong></span> <span class='ocrx_word' id='word_1_114' title='bbox 1242 1573 1376 1628; x_wconf 83' lang='lat' dir='ltr'><strong>Nam</strong></span> <span class='ocrx_word' id='word_1_115' title='bbox 1432 1590 1819 1645; x_wconf 87' lang='lat' dir='ltr'><strong>nonnunquam</strong></span> <span class='ocrx_word' id='word_1_116' title='bbox 1872 1592 1972 1629; x_wconf 87' lang='lat' dir='ltr'><strong>an-</strong></span> 
     </span>
    </p>
   </div>
   <div class='ocr_carea' id='block_1_17' title="bbox 391 1665 1963 1737">
    <p class='ocr_par' dir='ltr' id='par_1_17' title="bbox 391 1665 1963 1737">
     <span class='ocr_line' id='line_1_17' title="bbox 391 1665 1963 1737; baseline 0 -16"><span class='ocrx_word' id='word_1_117' title='bbox 391 1668 543 1734; x_wconf 73' lang='lat' dir='ltr'><strong>gelus</strong></span> <span class='ocrx_word' id='word_1_118' title='bbox 567 1666 874 1737; x_wconf 88' lang='lat' dir='ltr'><strong>iniquitatis</strong></span> <span class='ocrx_word' id='word_1_119' title='bbox 921 1665 1366 1735; x_wconf 79' lang='lat' dir='ltr'><strong>transﬁguratse</strong></span> <span class='ocrx_word' id='word_1_120' title='bbox 1420 1666 1475 1721; x_wconf 92' lang='lat' dir='ltr'><strong>in</strong></span> <span class='ocrx_word' id='word_1_121' title='bbox 1502 1667 1747 1737; x_wconf 76' lang='lat' dir='ltr'><strong>angelum</strong></span> <span class='ocrx_word' id='word_1_122' title='bbox 1803 1668 1963 1722; x_wconf 90' lang='lat' dir='ltr'><strong>lucis.</strong></span> 
     </span>
    </p>
   </div>
   <div class='ocr_carea' id='block_1_18' title="bbox 391 1759 1969 1831">
    <p class='ocr_par' dir='ltr' id='par_1_18' title="bbox 391 1759 1969 1831">
     <span class='ocr_line' id='line_1_18' title="bbox 391 1759 1969 1831; baseline 0.001 -16"><span class='ocrx_word' id='word_1_123' title='bbox 391 1761 456 1815; x_wconf 73' lang='lat' dir='ltr'><strong>Et</strong></span> <span class='ocrx_word' id='word_1_124' title='bbox 482 1760 602 1815; x_wconf 90' lang='lat' dir='ltr'><strong>ideo</strong></span> <span class='ocrx_word' id='word_1_125' title='bbox 645 1761 948 1816; x_wconf 82' lang='lat' dir='ltr'><strong>cavendum</strong></span> <span class='ocrx_word' id='word_1_126' title='bbox 998 1767 1101 1826; x_wconf 85' lang='lat' dir='ltr'><strong>est,</strong></span> <span class='ocrx_word' id='word_1_127' title='bbox 1151 1766 1207 1814; x_wconf 89' lang='lat' dir='ltr'><strong>et</strong></span> <span class='ocrx_word' id='word_1_128' title='bbox 1262 1759 1493 1816; x_wconf 84' lang='lat' dir='ltr'><strong>sollicite</strong></span> <span class='ocrx_word' id='word_1_129' title='bbox 1545 1762 1811 1831; x_wconf 89' lang='lat' dir='ltr'><strong>agendum</strong></span> <span class='ocrx_word' id='word_1_130' title='bbox 1844 1804 1856 1825; x_wconf 92' lang='lat'><strong>,</strong></span> <span class='ocrx_word' id='word_1_131' title='bbox 1910 1772 1969 1817; x_wconf 89' lang='lat' dir='ltr'><strong>ut</strong></span> 
     </span>
    </p>
   </div>
   <div class='ocr_carea' id='block_1_19' title="bbox 2074 568 3665 637">
    <p class='ocr_par' dir='ltr' id='par_1_19' title="bbox 2074 568 3665 637">
     <span class='ocr_line' id='line_1_19' title="bbox 2074 568 3665 637; baseline 0.002 -14"><span class='ocrx_word' id='word_1_132' title='bbox 2074 579 2458 637; x_wconf 80' lang='lat' dir='ltr'><strong>suggeruntur,</strong></span> <span class='ocrx_word' id='word_1_133' title='bbox 2488 568 2703 636; x_wconf 88' lang='lat' dir='ltr'><strong>aperire</strong></span> <span class='ocrx_word' id='word_1_134' title='bbox 2745 584 2757 621; x_wconf 89' lang='lat'><strong>:</strong></span> <span class='ocrx_word' id='word_1_135' title='bbox 2801 569 3035 624; x_wconf 85' lang='lat' dir='ltr'><strong>strictim</strong></span> <span class='ocrx_word' id='word_1_136' title='bbox 3086 579 3263 625; x_wconf 84' lang='lat' dir='ltr'><strong>tamen</strong></span> <span class='ocrx_word' id='word_1_137' title='bbox 3316 582 3371 625; x_wconf 87' lang='lat' dir='ltr'><strong>ct</strong></span> <span class='ocrx_word' id='word_1_138' title='bbox 3419 573 3665 627; x_wconf 83' lang='lat' dir='ltr'><strong>breviter</strong></span> 
     </span>
    </p>
   </div>
   <div class='ocr_carea' id='block_1_20' title="bbox 2072 658 3663 732">
    <p class='ocr_par' dir='ltr' id='par_1_20' title="bbox 2072 658 3663 732">
     <span class='ocr_line' id='line_1_20' title="bbox 2072 658 3663 732; baseline 0.003 -20"><span class='ocrx_word' id='word_1_139' title='bbox 2072 673 2481 728; x_wconf 88' lang='lat' dir='ltr'><strong>percurremus,</strong></span> <span class='ocrx_word' id='word_1_140' title='bbox 2516 667 2575 711; x_wconf 94' lang='lat' dir='ltr'><strong>ut</strong></span> <span class='ocrx_word' id='word_1_141' title='bbox 2606 674 2711 711; x_wconf 94' lang='lat' dir='ltr'><strong>non</strong></span> <span class='ocrx_word' id='word_1_142' title='bbox 2750 668 2858 711; x_wconf 87' lang='lat' dir='ltr'><strong>tam</strong></span> <span class='ocrx_word' id='word_1_143' title='bbox 2908 658 3125 728; x_wconf 84' lang='lat' dir='ltr'><strong>plenam</strong></span> <span class='ocrx_word' id='word_1_144' title='bbox 3166 661 3321 715; x_wconf 81' lang='lat' dir='ltr'><strong>vobis</strong></span> <span class='ocrx_word' id='word_1_145' title='bbox 3356 664 3663 732; x_wconf 79' lang='lat' dir='ltr'><strong>expositio-</strong></span> 
     </span>
    </p>
   </div>
   <div class='ocr_carea' id='block_1_21' title="bbox 2074 751 3663 821">
    <p class='ocr_par' dir='ltr' id='par_1_21' title="bbox 2074 751 3663 821">
     <span class='ocr_line' id='line_1_21' title="bbox 2074 751 3663 821; baseline 0.004 -16"><span class='ocrx_word' id='word_1_146' title='bbox 2074 767 2219 817; x_wconf 85' lang='lat' dir='ltr'><strong>nem,</strong></span> <span class='ocrx_word' id='word_1_147' title='bbox 2246 752 2372 820; x_wconf 89' lang='lat' dir='ltr'><strong>quia</strong></span> <span class='ocrx_word' id='word_1_148' title='bbox 2400 751 2623 804; x_wconf 90' lang='lat' dir='ltr'><strong>minime</strong></span> <span class='ocrx_word' id='word_1_149' title='bbox 2656 752 2707 805; x_wconf 90' lang='lat' dir='ltr'><strong>id</strong></span> <span class='ocrx_word' id='word_1_150' title='bbox 2746 763 2959 820; x_wconf 88' lang='lat' dir='ltr'><strong>tempus</strong></span> <span class='ocrx_word' id='word_1_151' title='bbox 2985 753 3251 821; x_wconf 84' lang='lat' dir='ltr'><strong>indulget,</strong></span> <span class='ocrx_word' id='word_1_152' title='bbox 3296 757 3389 809; x_wconf 90' lang='lat' dir='ltr'><strong>sed</strong></span> <span class='ocrx_word' id='word_1_153' title='bbox 3417 757 3663 811; x_wconf 87' lang='lat' dir='ltr'><strong>occasio-</strong></span> 
     </span>
    </p>
   </div>
   <div class='ocr_carea' id='block_1_22' title="bbox 2074 843 3664 914">
    <p class='ocr_par' dir='ltr' id='par_1_22' title="bbox 2074 843 3664 914">
     <span class='ocr_line' id='line_1_22' title="bbox 2074 843 3664 914; baseline 0.006 -20"><span class='ocrx_word' id='word_1_154' title='bbox 2074 858 2170 895; x_wconf 85' lang='lat' dir='ltr'><strong>nes</strong></span> <span class='ocrx_word' id='word_1_155' title='bbox 2198 843 2249 896; x_wconf 92' lang='lat' dir='ltr'><strong>iu</strong></span> <span class='ocrx_word' id='word_1_156' title='bbox 2282 844 2362 896; x_wconf 91' lang='lat' dir='ltr'><strong>eis</strong></span> <span class='ocrx_word' id='word_1_157' title='bbox 2395 844 2769 911; x_wconf 64' lang='lat' dir='ltr'><strong>intelligentiae</strong></span> <span class='ocrx_word' id='word_1_158' title='bbox 2810 847 3170 914; x_wconf 62' lang='lat' dir='ltr'><strong>praebeamus.</strong></span> <span class='ocrx_word' id='word_1_159' title='bbox 3226 846 3664 904; x_wconf 86' lang='lat' dir='ltr'><strong>Proﬁciseuntur</strong></span> 
     </span>
    </p>
   </div>
   <div class='ocr_carea' id='block_1_23' title="bbox 2072 932 3662 1004">
    <p class='ocr_par' dir='ltr' id='par_1_23' title="bbox 2072 932 3662 1004">
     <span class='ocr_line' id='line_1_23' title="bbox 2072 932 3662 1004; baseline 0.004 -16"><span class='ocrx_word' id='word_1_160' title='bbox 2072 932 2232 1002; x_wconf 75' lang='lat'><strong>381</strong></span> <span class='ocrx_word' id='word_1_161' title='bbox 2263 948 2391 1004; x_wconf 89' lang='lat' dir='ltr'><strong>ergo</strong></span> <span class='ocrx_word' id='word_1_162' title='bbox 2423 948 2489 987; x_wconf 80' lang='lat' dir='ltr'><strong>ex</strong></span> <span class='ocrx_word' id='word_1_163' title='bbox 2518 933 2794 1003; x_wconf 80' lang='lat' dir='ltr'><strong>Rapliaca,</strong></span> <span class='ocrx_word' id='word_1_164' title='bbox 2819 944 2872 989; x_wconf 89' lang='lat' dir='ltr'><strong>et</strong></span> <span class='ocrx_word' id='word_1_165' title='bbox 2905 936 3129 989; x_wconf 90' lang='lat' dir='ltr'><strong>veniunt</strong></span> <span class='ocrx_word' id='word_1_166' title='bbox 3182 937 3233 989; x_wconf 92' lang='lat' dir='ltr'><strong>in</strong></span> <span class='ocrx_word' id='word_1_167' title='bbox 3273 935 3459 993; x_wconf 88' lang='lat' dir='ltr'><strong>Ilalus.</strong></span> <span class='ocrx_word' id='word_1_168' title='bbox 3496 937 3662 995; x_wconf 83' lang='lat' dir='ltr'><strong>Halus</strong></span> 
     </span>
    </p>
   </div>
   <div class='ocr_carea' id='block_1_24' title="bbox 2074 1026 3665 1097">
    <p class='ocr_par' dir='ltr' id='par_1_24' title="bbox 2074 1026 3665 1097">
     <span class='ocr_line' id='line_1_24' title="bbox 2074 1026 3665 1097; baseline 0.004 -18"><span class='ocrx_word' id='word_1_169' title='bbox 2074 1027 2280 1081; x_wconf 85' lang='lat' dir='ltr'><strong>labores</strong></span> <span class='ocrx_word' id='word_1_170' title='bbox 2313 1028 2744 1096; x_wconf 89' lang='lat' dir='ltr'><strong>interpretantur</strong></span> <span class='ocrx_word' id='word_1_171' title='bbox 2783 1027 2920 1097; x_wconf 84' lang='lat'>(85).</span> <span class='ocrx_word' id='word_1_172' title='bbox 2959 1026 3069 1083; x_wconf 86' lang='lat' dir='ltr'><strong>Nec</strong></span> <span class='ocrx_word' id='word_1_173' title='bbox 3114 1030 3331 1083; x_wconf 85' lang='lat' dir='ltr'><strong>mireris</strong></span> <span class='ocrx_word' id='word_1_174' title='bbox 3374 1030 3418 1084; x_wconf 93' lang='lat' dir='ltr'><strong>si</strong></span> <span class='ocrx_word' id='word_1_175' title='bbox 3457 1031 3665 1085; x_wconf 82' lang='lat' dir='ltr'><strong>sanita-</strong></span> 
     </span>
    </p>
   </div>
   <div class='ocr_carea' id='block_1_25' title="bbox 2076 1116 3662 1189">
    <p class='ocr_par' dir='ltr' id='par_1_25' title="bbox 2076 1116 3662 1189">
     <span class='ocr_line' id='line_1_25' title="bbox 2076 1116 3662 1189; baseline 0.003 -19"><span class='ocrx_word' id='word_1_176' title='bbox 2076 1127 2183 1172; x_wconf 87' lang='lat' dir='ltr'><strong>tem</strong></span> <span class='ocrx_word' id='word_1_177' title='bbox 2215 1126 2518 1185; x_wconf 90' lang='lat' dir='ltr'><strong>sequuotur</strong></span> <span class='ocrx_word' id='word_1_178' title='bbox 2552 1117 2786 1173; x_wconf 86' lang='lat' dir='ltr'><strong>labores.</strong></span> <span class='ocrx_word' id='word_1_179' title='bbox 2824 1116 3115 1188; x_wconf 76' lang='lat' dir='ltr'><strong>Propterea</strong></span> <span class='ocrx_word' id='word_1_180' title='bbox 3147 1120 3287 1173; x_wconf 90' lang='lat' dir='ltr'><strong>enim</strong></span> <span class='ocrx_word' id='word_1_181' title='bbox 3323 1129 3377 1173; x_wconf 89' lang='lat' dir='ltr'><strong>et</strong></span> <span class='ocrx_word' id='word_1_182' title='bbox 3402 1120 3662 1189; x_wconf 66' lang='lat' dir='ltr'><strong>adipisci-</strong></span> 
     </span>
    </p>
   </div>
   <div class='ocr_carea' id='block_1_26' title="bbox 2077 1209 3665 1274">
    <p class='ocr_par' dir='ltr' id='par_1_26' title="bbox 2077 1209 3665 1274">
     <span class='ocr_line' id='line_1_26' title="bbox 2077 1209 3665 1274; baseline 0.003 -13"><span class='ocrx_word' id='word_1_183' title='bbox 2077 1218 2164 1262; x_wconf 86' lang='lat' dir='ltr'><strong>tur</strong></span> <span class='ocrx_word' id='word_1_184' title='bbox 2194 1224 2221 1262; x_wconf 88' lang='lat' dir='ltr'><strong>a</strong></span> <span class='ocrx_word' id='word_1_185' title='bbox 2263 1209 2491 1263; x_wconf 90' lang='lat' dir='ltr'><strong>Domino</strong></span> <span class='ocrx_word' id='word_1_186' title='bbox 2525 1210 2706 1262; x_wconf 91' lang='lat' dir='ltr'><strong>anima</strong></span> <span class='ocrx_word' id='word_1_187' title='bbox 2734 1210 3052 1274; x_wconf 83' lang='lat' dir='ltr'><strong>sanitatem,</strong></span> <span class='ocrx_word' id='word_1_188' title='bbox 3090 1220 3148 1263; x_wconf 92' lang='lat' dir='ltr'><strong>ut</strong></span> <span class='ocrx_word' id='word_1_189' title='bbox 3176 1212 3393 1267; x_wconf 82' lang='lat' dir='ltr'><strong>labores</strong></span> <span class='ocrx_word' id='word_1_190' title='bbox 3428 1212 3665 1267; x_wconf 85' lang='lat' dir='ltr'><strong>delecta-</strong></span> 
     </span>
    </p>
   </div>
   <div class='ocr_carea' id='block_1_27' title="bbox 2075 1298 3660 1368">
    <p class='ocr_par' dir='ltr' id='par_1_27' title="bbox 2075 1298 3660 1368">
     <span class='ocr_line' id='line_1_27' title="bbox 2075 1298 3660 1368; baseline 0.004 -14"><span class='ocrx_word' id='word_1_191' title='bbox 2075 1299 2255 1355; x_wconf 88' lang='lat' dir='ltr'><strong>biliter</strong></span> <span class='ocrx_word' id='word_1_192' title='bbox 2293 1308 2346 1353; x_wconf 92' lang='lat' dir='ltr'><strong>et</strong></span> <span class='ocrx_word' id='word_1_193' title='bbox 2391 1315 2496 1353; x_wconf 89' lang='lat' dir='ltr'><strong>non</strong></span> <span class='ocrx_word' id='word_1_194' title='bbox 2533 1298 2702 1352; x_wconf 84' lang='lat' dir='ltr'><strong>invita</strong></span> <span class='ocrx_word' id='word_1_195' title='bbox 2735 1300 3014 1368; x_wconf 78' lang='lat' dir='ltr'><strong>suscipiat.</strong></span> <span class='ocrx_word' id='word_1_196' title='bbox 3060 1301 3268 1355; x_wconf 85' lang='lat' dir='ltr'><strong>Dicitur</strong></span> <span class='ocrx_word' id='word_1_197' title='bbox 3294 1303 3438 1356; x_wconf 91' lang='lat' dir='ltr'><strong>enim</strong></span> <span class='ocrx_word' id='word_1_198' title='bbox 3478 1303 3527 1357; x_wconf 91' lang='lat' dir='ltr'><strong>ei</strong></span> <span class='ocrx_word' id='word_1_199' title='bbox 3570 1303 3660 1361; x_wconf 81' lang='lat'><strong>“:</strong></span> 
     </span>
    </p>
   </div>
   <div class='ocr_carea' id='block_1_28' title="bbox 2080 1392 3662 1457">
    <p class='ocr_par' dir='ltr' id='par_1_28' title="bbox 2080 1392 3662 1457">
     <span class='ocr_line' id='line_1_28' title="bbox 2080 1392 3662 1457; baseline 0.005 -15"><span class='ocrx_word' id='word_1_200' title='bbox 2080 1410 2098 1442; x_wconf 78' lang='grc' dir='ltr'><strong>ι</strong></span> <span class='ocrx_word' id='word_1_201' title='bbox 2158 1392 2397 1446; x_wconf 86' lang='lat' dir='ltr'><strong>Labores</strong></span> <span class='ocrx_word' id='word_1_202' title='bbox 2451 1392 2722 1445; x_wconf 80' lang='lat' dir='ltr'><strong>fructuum</strong></span> <span class='ocrx_word' id='word_1_203' title='bbox 2770 1402 2987 1445; x_wconf 91' lang='lat' dir='ltr'><strong>tuorum</strong></span> <span class='ocrx_word' id='word_1_204' title='bbox 3040 1394 3412 1457; x_wconf 87' lang='lat' dir='ltr'><strong>manducabis,</strong></span> <span class='ocrx_word' id='word_1_205' title='bbox 3474 1395 3662 1451; x_wconf 87' lang='lat' dir='ltr'><strong>beatus</strong></span> 
     </span>
    </p>
   </div>
   <div class='ocr_carea' id='block_1_29' title="bbox 2076 1483 3659 1555">
    <p class='ocr_par' dir='ltr' id='par_1_29' title="bbox 2076 1483 3659 1555">
     <span class='ocr_line' id='line_1_29' title="bbox 2076 1483 3659 1555; baseline 0.003 -19"><span class='ocrx_word' id='word_1_206' title='bbox 2076 1497 2155 1547; x_wconf 85' lang='lat' dir='ltr'><strong>es,</strong></span> <span class='ocrx_word' id='word_1_207' title='bbox 2190 1493 2244 1537; x_wconf 90' lang='lat' dir='ltr'><strong>et</strong></span> <span class='ocrx_word' id='word_1_208' title='bbox 2284 1485 2419 1538; x_wconf 90' lang='lat' dir='ltr'><strong>bene</strong></span> <span class='ocrx_word' id='word_1_209' title='bbox 2453 1484 2548 1537; x_wconf 87' lang='lat' dir='ltr'><strong>tibi</strong></span> <span class='ocrx_word' id='word_1_210' title='bbox 2577 1483 2704 1538; x_wconf 89' lang='lat' dir='ltr'><strong>erit.</strong></span> <span class='ocrx_word' id='word_1_211' title='bbox 2751 1503 2770 1535; x_wconf 85' lang='grc'><strong><em>›</em></strong></span> <span class='ocrx_word' id='word_1_212' title='bbox 2809 1484 2939 1537; x_wconf 91' lang='lat' dir='ltr'><strong>Post</strong></span> <span class='ocrx_word' id='word_1_213' title='bbox 2981 1485 3095 1539; x_wconf 85' lang='lat' dir='ltr'><strong>haec</strong></span> <span class='ocrx_word' id='word_1_214' title='bbox 3123 1486 3346 1539; x_wconf 90' lang='lat' dir='ltr'><strong>veniunt</strong></span> <span class='ocrx_word' id='word_1_215' title='bbox 3374 1487 3426 1539; x_wconf 90' lang='lat' dir='ltr'><strong>in</strong></span> <span class='ocrx_word' id='word_1_216' title='bbox 3454 1485 3659 1555; x_wconf 82' lang='lat' dir='ltr'><strong>Raphi-</strong></span> 
     </span>
    </p>
   </div>
   <div class='ocr_carea' id='block_1_30' title="bbox 2076 1573 3661 1650">
    <p class='ocr_par' dir='ltr' id='par_1_30' title="bbox 2076 1573 3661 1650">
     <span class='ocr_line' id='line_1_30' title="bbox 2076 1573 3661 1650; baseline 0.003 -22"><span class='ocrx_word' id='word_1_217' title='bbox 2076 1575 2189 1628; x_wconf 90' lang='lat' dir='ltr'><strong>din.</strong></span> <span class='ocrx_word' id='word_1_218' title='bbox 2222 1573 2618 1645; x_wconf 88' lang='lat' dir='ltr'><strong>Interpretatur</strong></span> <span class='ocrx_word' id='word_1_219' title='bbox 2641 1584 2820 1628; x_wconf 89' lang='lat' dir='ltr'><strong>autem</strong></span> <span class='ocrx_word' id='word_1_220' title='bbox 2864 1576 3131 1645; x_wconf 79' lang='lat' dir='ltr'><strong>Rapbidiu</strong></span> <span class='ocrx_word' id='word_1_221' title='bbox 3158 1577 3277 1631; x_wconf 83' lang='lat' dir='ltr'><strong>laus</strong></span> <span class='ocrx_word' id='word_1_222' title='bbox 3297 1578 3495 1645; x_wconf 80' lang='lat' dir='ltr'><strong>judicii</strong></span> <span class='ocrx_word' id='word_1_223' title='bbox 3522 1579 3661 1650; x_wconf 85' lang='lat'><strong>(86).</strong></span> 
     </span>
    </p>
   </div>
   <div class='ocr_carea' id='block_1_31' title="bbox 2076 1665 3660 1739">
    <p class='ocr_par' dir='ltr' id='par_1_31' title="bbox 2076 1665 3660 1739">
     <span class='ocr_line' id='line_1_31' title="bbox 2076 1665 3660 1739; baseline 0.003 -19"><span class='ocrx_word' id='word_1_224' title='bbox 2076 1665 2387 1722; x_wconf 87' lang='lat' dir='ltr'><strong>Justissime</strong></span> <span class='ocrx_word' id='word_1_225' title='bbox 2412 1667 2529 1721; x_wconf 89' lang='lat' dir='ltr'><strong>laus</strong></span> <span class='ocrx_word' id='word_1_226' title='bbox 2565 1667 2807 1737; x_wconf 87' lang='lat' dir='ltr'><strong>sequitur</strong></span> <span class='ocrx_word' id='word_1_227' title='bbox 2837 1677 2957 1736; x_wconf 88' lang='lat' dir='ltr'><strong>post</strong></span> <span class='ocrx_word' id='word_1_228' title='bbox 2991 1666 3207 1723; x_wconf 90' lang='lat' dir='ltr'><strong>labores</strong></span> <span class='ocrx_word' id='word_1_229' title='bbox 3242 1689 3255 1723; x_wconf 91' lang='lat'><strong>:</strong></span> <span class='ocrx_word' id='word_1_230' title='bbox 3290 1672 3443 1739; x_wconf 86' lang='lat' dir='ltr'><strong>cujus</strong></span> <span class='ocrx_word' id='word_1_231' title='bbox 3479 1683 3660 1725; x_wconf 86' lang='lat' dir='ltr'><strong>tamen</strong></span> 
     </span>
    </p>
   </div>
   <div class='ocr_carea' id='block_1_32' title="bbox 2079 1757 3662 1831">
    <p class='ocr_par' dir='ltr' id='par_1_32' title="bbox 2079 1757 3662 1831">
     <span class='ocr_line' id='line_1_32' title="bbox 2079 1757 3662 1831; baseline 0.003 -18"><span class='ocrx_word' id='word_1_232' title='bbox 2079 1758 2154 1813; x_wconf 89' lang='lat' dir='ltr'><strong>rei</strong></span> <span class='ocrx_word' id='word_1_233' title='bbox 2191 1759 2350 1812; x_wconf 88' lang='lat' dir='ltr'><strong>laus?</strong></span> <span class='ocrx_word' id='word_1_234' title='bbox 2386 1757 2604 1824; x_wconf 82' lang='lat' dir='ltr'><strong>Judicii,</strong></span> <span class='ocrx_word' id='word_1_235' title='bbox 2632 1760 2825 1828; x_wconf 89' lang='lat' dir='ltr'><strong>inquit.</strong></span> <span class='ocrx_word' id='word_1_236' title='bbox 2863 1760 2951 1815; x_wconf 85' lang='lat' dir='ltr'><strong>Fit</strong></span> <span class='ocrx_word' id='word_1_237' title='bbox 2984 1775 3115 1829; x_wconf 89' lang='lat' dir='ltr'><strong>ergo</strong></span> <span class='ocrx_word' id='word_1_238' title='bbox 3160 1761 3320 1815; x_wconf 85' lang='lat' dir='ltr'><strong>laude</strong></span> <span class='ocrx_word' id='word_1_239' title='bbox 3351 1764 3509 1831; x_wconf 88' lang='lat' dir='ltr'><strong>digna</strong></span> <span class='ocrx_word' id='word_1_240' title='bbox 3541 1764 3662 1817; x_wconf 85' lang='lat' dir='ltr'><strong>ani-</strong></span> 
     </span>
    </p>
   </div>
   <div class='ocr_carea' id='block_1_33' title="bbox 394 1850 3663 1924">
    <p class='ocr_par' dir='ltr' id='par_1_33' title="bbox 394 1850 3663 1924">
     <span class='ocr_line' id='line_1_33' title="bbox 394 1850 3663 1924; baseline 0.001 -19"><span class='ocrx_word' id='word_1_241' title='bbox 394 1854 633 1907; x_wconf 87' lang='lat' dir='ltr'><strong>scienter</strong></span> <span class='ocrx_word' id='word_1_242' title='bbox 664 1852 946 1909; x_wconf 85' lang='lat' dir='ltr'><strong>discernas</strong></span> <span class='ocrx_word' id='word_1_243' title='bbox 982 1851 1253 1907; x_wconf 84' lang='lat' dir='ltr'><strong>visionum</strong></span> <span class='ocrx_word' id='word_1_244' title='bbox 1287 1866 1477 1921; x_wconf 90' lang='lat' dir='ltr'><strong>genus,</strong></span> <span class='ocrx_word' id='word_1_245' title='bbox 1518 1853 1660 1907; x_wconf 88' lang='lat' dir='ltr'><strong>sicut</strong></span> <span class='ocrx_word' id='word_1_246' title='bbox 1698 1864 1749 1907; x_wconf 87' lang='lat' dir='ltr'><strong>et</strong></span> <span class='ocrx_word' id='word_1_247' title='bbox 1804 1853 1965 1908; x_wconf 84' lang='lat' dir='ltr'><strong>Jesus</strong></span> <span class='ocrx_word' id='word_1_248' title='bbox 2004 1850 2047 1905; x_wconf 89' lang='lat' dir='ltr'><strong>B</strong></span> <span class='ocrx_word' id='word_1_249' title='bbox 2081 1868 2164 1905; x_wconf 90' lang='lat' dir='ltr'><strong>ma</strong></span> <span class='ocrx_word' id='word_1_250' title='bbox 2191 1867 2307 1918; x_wconf 81' lang='lat' dir='ltr'><strong>quae</strong></span> <span class='ocrx_word' id='word_1_251' title='bbox 2342 1864 2488 1905; x_wconf 84' lang='lat' dir='ltr'><strong>recte</strong></span> <span class='ocrx_word' id='word_1_252' title='bbox 2512 1851 2744 1919; x_wconf 76' lang='lat' dir='ltr'><strong>iudicat,</strong></span> <span class='ocrx_word' id='word_1_253' title='bbox 2782 1863 2927 1908; x_wconf 85' lang='lat' dir='ltr'><strong>recte</strong></span> <span class='ocrx_word' id='word_1_254' title='bbox 2968 1854 3248 1917; x_wconf 85' lang='lat' dir='ltr'><strong>discernit,</strong></span> <span class='ocrx_word' id='word_1_255' title='bbox 3302 1856 3351 1907; x_wconf 92' lang='lat' dir='ltr'><strong>id</strong></span> <span class='ocrx_word' id='word_1_256' title='bbox 3404 1866 3490 1909; x_wconf 88' lang='lat' dir='ltr'><strong>est</strong></span> <span class='ocrx_word' id='word_1_257' title='bbox 3539 1872 3663 1924; x_wconf 77' lang='lat' dir='ltr'><strong>qua:</strong></span> 
     </span>
    </p>
   </div>
   <div class='ocr_carea' id='block_1_34' title="bbox 388 1944 1974 2011">
    <p class='ocr_par' dir='ltr' id='par_1_34' title="bbox 388 1944 1974 2011">
     <span class='ocr_line' id='line_1_34' title="bbox 388 1944 1974 2011; baseline 0.002 -11"><span class='ocrx_word' id='word_1_258' title='bbox 388 1944 559 2011; x_wconf 85' lang='lat' dir='ltr'><strong>Nave,</strong></span> <span class='ocrx_word' id='word_1_259' title='bbox 584 1960 706 2000; x_wconf 92' lang='lat' dir='ltr'><strong>cum</strong></span> <span class='ocrx_word' id='word_1_260' title='bbox 737 1945 1001 2001; x_wconf 86' lang='lat' dir='ltr'><strong>visionem</strong></span> <span class='ocrx_word' id='word_1_261' title='bbox 1022 1944 1253 2009; x_wconf 86' lang='lat' dir='ltr'><strong>videret,</strong></span> <span class='ocrx_word' id='word_1_262' title='bbox 1278 1944 1455 1999; x_wconf 89' lang='lat' dir='ltr'><strong>sciens</strong></span> <span class='ocrx_word' id='word_1_263' title='bbox 1486 1961 1606 2001; x_wconf 90' lang='lat' dir='ltr'><strong>esse</strong></span> <span class='ocrx_word' id='word_1_264' title='bbox 1644 1946 1693 1999; x_wconf 93' lang='lat' dir='ltr'><strong>in</strong></span> <span class='ocrx_word' id='word_1_265' title='bbox 1725 1952 1826 2002; x_wconf 84' lang='lat' dir='ltr'><strong>hoc</strong></span> <span class='ocrx_word' id='word_1_266' title='bbox 1855 1958 1974 2002; x_wconf 87' lang='lat' dir='ltr'><strong>ten-</strong></span> 
     </span>
    </p>
   </div>
   <div class='ocr_carea' id='block_1_35' title="bbox 390 2036 1964 2107">
    <p class='ocr_par' dir='ltr' id='par_1_35' title="bbox 390 2036 1964 2107">
     <span class='ocr_line' id='line_1_35' title="bbox 390 2036 1964 2107; baseline 0.004 -18"><span class='ocrx_word' id='word_1_267' title='bbox 390 2036 680 2102; x_wconf 79' lang='lat' dir='ltr'><strong>tationem,</strong></span> <span class='ocrx_word' id='word_1_268' title='bbox 706 2037 888 2092; x_wconf 85' lang='lat' dir='ltr'><strong>statim</strong></span> <span class='ocrx_word' id='word_1_269' title='bbox 920 2036 1153 2106; x_wconf 89' lang='lat' dir='ltr'><strong>requirit</strong></span> <span class='ocrx_word' id='word_1_270' title='bbox 1174 2037 1242 2091; x_wconf 89' lang='lat' dir='ltr'><strong>ab</strong></span> <span class='ocrx_word' id='word_1_271' title='bbox 1274 2052 1339 2092; x_wconf 90' lang='lat' dir='ltr'><strong>eo</strong></span> <span class='ocrx_word' id='word_1_272' title='bbox 1365 2038 1456 2105; x_wconf 90' lang='lat' dir='ltr'><strong>qui</strong></span> <span class='ocrx_word' id='word_1_273' title='bbox 1482 2040 1734 2107; x_wconf 88' lang='lat' dir='ltr'><strong>apparuit</strong></span> <span class='ocrx_word' id='word_1_274' title='bbox 1776 2050 1829 2094; x_wconf 89' lang='lat' dir='ltr'><strong>ct</strong></span> <span class='ocrx_word' id='word_1_275' title='bbox 1878 2042 1964 2095; x_wconf 90' lang='lat' dir='ltr'><strong>di-</strong></span> 
     </span>
    </p>
   </div>
   <div class='ocr_carea' id='block_1_36' title="bbox 389 2128 1971 2202">
    <p class='ocr_par' dir='ltr' id='par_1_36' title="bbox 389 2128 1971 2202">
     <span class='ocr_line' id='line_1_36' title="bbox 389 2128 1971 2202; baseline 0.003 -20"><span class='ocrx_word' id='word_1_276' title='bbox 389 2129 466 2183; x_wconf 91' lang='lat' dir='ltr'><strong>cit</strong></span> <span class='ocrx_word' id='word_1_277' title='bbox 490 2129 534 2160; x_wconf 81' lang='lat'>&quot;</span> <span class='ocrx_word' id='word_1_278' title='bbox 568 2147 581 2183; x_wconf 90' lang='lat'><strong>:</strong></span> <span class='ocrx_word' id='word_1_279' title='bbox 628 2147 647 2181; x_wconf 84' lang='grc' dir='ltr'><strong>ι</strong></span> <span class='ocrx_word' id='word_1_280' title='bbox 683 2128 882 2185; x_wconf 83' lang='lat' dir='ltr'><strong>Noster</strong></span> <span class='ocrx_word' id='word_1_281' title='bbox 911 2144 991 2197; x_wconf 89' lang='lat' dir='ltr'><strong>es,</strong></span> <span class='ocrx_word' id='word_1_282' title='bbox 1029 2145 1098 2183; x_wconf 89' lang='lat' dir='ltr'><strong>an</strong></span> <span class='ocrx_word' id='word_1_283' title='bbox 1130 2131 1567 2185; x_wconf 81' lang='lat' dir='ltr'><strong>adversariorum</strong></span> <span class='ocrx_word' id='word_1_284' title='bbox 1596 2132 1619 2184; x_wconf 81' lang='lat' dir='ltr'><strong>‘t</strong></span> <span class='ocrx_word' id='word_1_285' title='bbox 1653 2150 1671 2182; x_wconf 76' lang='grc' dir='ltr'><strong>ι</strong></span> <span class='ocrx_word' id='word_1_286' title='bbox 1726 2130 1803 2186; x_wconf 87' lang='lat' dir='ltr'><strong>Ita</strong></span> <span class='ocrx_word' id='word_1_287' title='bbox 1838 2149 1971 2202; x_wconf 88' lang='lat' dir='ltr'><strong>ergo</strong></span> 
     </span>
    </p>
   </div>
   <div class='ocr_carea' id='block_1_37' title="bbox 389 2218 1971 2293">
    <p class='ocr_par' dir='ltr' id='par_1_37' title="bbox 389 2218 1971 2293">
     <span class='ocr_line' id='line_1_37' title="bbox 389 2218 1971 2293; baseline 0.002 -19"><span class='ocrx_word' id='word_1_288' title='bbox 389 2230 442 2274; x_wconf 90' lang='lat' dir='ltr'><strong>et</strong></span> <span class='ocrx_word' id='word_1_289' title='bbox 464 2218 757 2289; x_wconf 79' lang='lat' dir='ltr'><strong>proﬁciens</strong></span> <span class='ocrx_word' id='word_1_290' title='bbox 792 2219 974 2274; x_wconf 85' lang='lat' dir='ltr'><strong>anima</strong></span> <span class='ocrx_word' id='word_1_291' title='bbox 1004 2219 1095 2273; x_wconf 91' lang='lat' dir='ltr'><strong>ubi</strong></span> <span class='ocrx_word' id='word_1_292' title='bbox 1144 2220 1210 2274; x_wconf 88' lang='lat' dir='ltr'><strong>ad</strong></span> <span class='ocrx_word' id='word_1_293' title='bbox 1246 2220 1296 2273; x_wconf 89' lang='lat' dir='ltr'><strong>id</strong></span> <span class='ocrx_word' id='word_1_294' title='bbox 1352 2223 1567 2276; x_wconf 87' lang='lat' dir='ltr'><strong>venerit</strong></span> <span class='ocrx_word' id='word_1_295' title='bbox 1596 2221 1706 2292; x_wconf 79' lang='grc'>(85)</span> <span class='ocrx_word' id='word_1_296' title='bbox 1756 2233 1813 2277; x_wconf 88' lang='grc' dir='ltr'><strong>ιιι</strong></span> <span class='ocrx_word' id='word_1_297' title='bbox 1861 2223 1971 2293; x_wconf 80' lang='lat' dir='ltr'><strong>jam</strong></span> 
     </span>
    </p>
   </div>
   <div class='ocr_carea' id='block_1_38' title="bbox 388 2308 1972 2383">
    <p class='ocr_par' dir='ltr' id='par_1_38' title="bbox 388 2308 1972 2383">
     <span class='ocr_line' id='line_1_38' title="bbox 388 2308 1972 2383; baseline 0.004 -21"><span class='ocrx_word' id='word_1_298' title='bbox 388 2309 619 2379; x_wconf 87' lang='lat' dir='ltr'><strong>incipiat</strong></span> <span class='ocrx_word' id='word_1_299' title='bbox 640 2308 1025 2364; x_wconf 85' lang='lat' dir='ltr'><strong>discretionem</strong></span> <span class='ocrx_word' id='word_1_300' title='bbox 1054 2308 1257 2364; x_wconf 83' lang='lat' dir='ltr'><strong>habere</strong></span> <span class='ocrx_word' id='word_1_301' title='bbox 1281 2309 1579 2378; x_wconf 87' lang='lat' dir='ltr'><strong>visionum,</strong></span> <span class='ocrx_word' id='word_1_302' title='bbox 1608 2313 1733 2368; x_wconf 89' lang='lat' dir='ltr'><strong>inde</strong></span> <span class='ocrx_word' id='word_1_303' title='bbox 1770 2315 1972 2383; x_wconf 87' lang='lat' dir='ltr'><strong>proba-</strong></span> 
     </span>
    </p>
   </div>
   <div class='ocr_carea' id='block_1_39' title="bbox 392 2399 1961 2470">
    <p class='ocr_par' dir='ltr' id='par_1_39' title="bbox 392 2399 1961 2470">
     <span class='ocr_line' id='line_1_39' title="bbox 392 2399 1961 2470; baseline 0.001 -15"><span class='ocrx_word' id='word_1_304' title='bbox 392 2401 539 2455; x_wconf 89' lang='lat' dir='ltr'><strong>bitur</strong></span> <span class='ocrx_word' id='word_1_305' title='bbox 600 2399 865 2470; x_wconf 87' lang='lat' dir='ltr'><strong>spiritalis</strong></span> <span class='ocrx_word' id='word_1_306' title='bbox 913 2416 1082 2466; x_wconf 86' lang='lat' dir='ltr'><strong>esse,</strong></span> <span class='ocrx_word' id='word_1_307' title='bbox 1129 2400 1173 2456; x_wconf 91' lang='lat' dir='ltr'><strong>si</strong></span> <span class='ocrx_word' id='word_1_308' title='bbox 1223 2402 1327 2456; x_wconf 88' lang='lat' dir='ltr'><strong>scit</strong></span> <span class='ocrx_word' id='word_1_309' title='bbox 1381 2402 1564 2455; x_wconf 90' lang='lat' dir='ltr'><strong>omnia</strong></span> <span class='ocrx_word' id='word_1_310' title='bbox 1627 2405 1961 2459; x_wconf 87' lang='lat' dir='ltr'><strong>discernere.</strong></span> 
     </span>
    </p>
   </div>
   <div class='ocr_carea' id='block_1_40' title="bbox 386 2489 1974 2560">
    <p class='ocr_par' dir='ltr' id='par_1_40' title="bbox 386 2489 1974 2560">
     <span class='ocr_line' id='line_1_40' title="bbox 386 2489 1974 2560; baseline 0 -13"><span class='ocrx_word' id='word_1_311' title='bbox 386 2490 597 2547; x_wconf 90' lang='lat' dir='ltr'><strong>Idcirco</strong></span> <span class='ocrx_word' id='word_1_312' title='bbox 620 2491 857 2560; x_wconf 89' lang='lat' dir='ltr'><strong>denique</strong></span> <span class='ocrx_word' id='word_1_313' title='bbox 885 2500 940 2545; x_wconf 92' lang='lat' dir='ltr'><strong>et</strong></span> <span class='ocrx_word' id='word_1_314' title='bbox 977 2491 1119 2545; x_wconf 87' lang='lat' dir='ltr'><strong>inter</strong></span> <span class='ocrx_word' id='word_1_315' title='bbox 1158 2489 1298 2544; x_wconf 87' lang='lat' dir='ltr'><strong>dona</strong></span> <span class='ocrx_word' id='word_1_316' title='bbox 1345 2491 1639 2558; x_wconf 87' lang='lat' dir='ltr'><strong>spiritalia,</strong></span> <span class='ocrx_word' id='word_1_317' title='bbox 1694 2509 1860 2545; x_wconf 88' lang='lat' dir='ltr'><strong>unum</strong></span> <span class='ocrx_word' id='word_1_318' title='bbox 1907 2509 1974 2547; x_wconf 80' lang='lat' dir='ltr'><strong>ex</strong></span> 
     </span>
    </p>
   </div>
   <div class='ocr_carea' id='block_1_41' title="bbox 389 2580 1975 2656">
    <p class='ocr_par' dir='ltr' id='par_1_41' title="bbox 389 2580 1975 2656">
     <span class='ocr_line' id='line_1_41' title="bbox 389 2580 1975 2656; baseline 0.001 -20"><span class='ocrx_word' id='word_1_319' title='bbox 389 2584 547 2638; x_wconf 88' lang='lat' dir='ltr'><strong>donis</strong></span> <span class='ocrx_word' id='word_1_320' title='bbox 575 2582 749 2637; x_wconf 89' lang='lat' dir='ltr'><strong>sancti</strong></span> <span class='ocrx_word' id='word_1_321' title='bbox 777 2580 1018 2652; x_wconf 87' lang='lat' dir='ltr'><strong>Spiritus</strong></span> <span class='ocrx_word' id='word_1_322' title='bbox 1046 2596 1169 2637; x_wconf 88' lang='lat' dir='ltr'><strong>esse</strong></span> <span class='ocrx_word' id='word_1_323' title='bbox 1200 2590 1537 2637; x_wconf 83' lang='lat' dir='ltr'><strong>memoratur</strong></span> <span class='ocrx_word' id='word_1_324' title='bbox 1563 2584 1822 2641; x_wconf 88' lang='lat' dir='ltr'><strong>discretio</strong></span> <span class='ocrx_word' id='word_1_325' title='bbox 1865 2586 1975 2656; x_wconf 87' lang='lat' dir='ltr'><strong>spi-</strong></span> 
     </span>
    </p>
   </div>
   <div class='ocr_carea' id='block_1_42' title="bbox 388 2675 613 2731">
    <p class='ocr_par' dir='ltr' id='par_1_42' title="bbox 388 2675 613 2731">
     <span class='ocr_line' id='line_1_42' title="bbox 388 2675 613 2731; baseline 0.004 -2"><span class='ocrx_word' id='word_1_326' title='bbox 388 2675 613 2731; x_wconf 85' lang='lat' dir='ltr'><strong>rituum.</strong></span> 
     </span>
    </p>
   </div>
   <div class='ocr_carea' id='block_1_43' title="bbox 461 2787 1972 2853">
    <p class='ocr_par' dir='ltr' id='par_1_43' title="bbox 461 2787 1972 2853">
     <span class='ocr_line' id='line_1_43' title="bbox 461 2787 1972 2853; baseline 0.002 -11"><span class='ocrx_word' id='word_1_327' title='bbox 461 2788 549 2842; x_wconf 71' lang='lat'><strong>12.</strong></span> <span class='ocrx_word' id='word_1_328' title='bbox 581 2806 601 2840; x_wconf 79' lang='grc' dir='ltr'><strong>ι</strong></span> <span class='ocrx_word' id='word_1_329' title='bbox 638 2787 873 2843; x_wconf 81' lang='lat' dir='ltr'><strong>Profecti</strong></span> <span class='ocrx_word' id='word_1_330' title='bbox 905 2803 1035 2845; x_wconf 88' lang='lat' dir='ltr'><strong>vero</strong></span> <span class='ocrx_word' id='word_1_331' title='bbox 1060 2805 1126 2844; x_wconf 82' lang='lat' dir='ltr'><strong>ex</strong></span> <span class='ocrx_word' id='word_1_332' title='bbox 1155 2788 1377 2846; x_wconf 89' lang='lat' dir='ltr'><strong>deserto</strong></span> <span class='ocrx_word' id='word_1_333' title='bbox 1433 2789 1553 2853; x_wconf 87' lang='lat' dir='ltr'><strong>Sin,</strong></span> <span class='ocrx_word' id='word_1_334' title='bbox 1594 2799 1864 2845; x_wconf 88' lang='lat' dir='ltr'><strong>venerunt</strong></span> <span class='ocrx_word' id='word_1_335' title='bbox 1920 2790 1972 2845; x_wconf 93' lang='lat' dir='ltr'><strong>in</strong></span> 
     </span>
    </p>
   </div>
   <div class='ocr_carea' id='block_1_44' title="bbox 389 2877 1970 2953">
    <p class='ocr_par' dir='ltr' id='par_1_44' title="bbox 389 2877 1970 2953">
     <span class='ocr_line' id='line_1_44' title="bbox 389 2877 1970 2953; baseline 0.003 -22"><span class='ocrx_word' id='word_1_336' title='bbox 389 2877 645 2947; x_wconf 80' lang='lat' dir='ltr'><strong>Raphaca</strong></span> <span class='ocrx_word' id='word_1_337' title='bbox 673 2879 740 2933; x_wconf 80' lang='grc'><strong>³³.</strong></span> <span class='ocrx_word' id='word_1_338' title='bbox 779 2897 798 2932; x_wconf 70' lang='grc' dir='ltr'><strong>ι</strong></span> <span class='ocrx_word' id='word_1_339' title='bbox 853 2879 1111 2949; x_wconf 88' lang='lat' dir='ltr'><strong>Rapbaca</strong></span> <span class='ocrx_word' id='word_1_340' title='bbox 1158 2881 1548 2953; x_wconf 87' lang='lat' dir='ltr'><strong>interpretatur</strong></span> <span class='ocrx_word' id='word_1_341' title='bbox 1589 2883 1790 2935; x_wconf 78' lang='lat' dir='ltr'><strong>sanitas</strong></span> <span class='ocrx_word' id='word_1_342' title='bbox 1836 2881 1970 2951; x_wconf 74' lang='grc'>(84).</span> 
     </span>
    </p>
   </div>
   <div class='ocr_carea' id='block_1_45' title="bbox 390 2970 1974 3041">
    <p class='ocr_par' dir='ltr' id='par_1_45' title="bbox 390 2970 1974 3041">
     <span class='ocr_line' id='line_1_45' title="bbox 390 2970 1974 3041; baseline 0.001 -18"><span class='ocrx_word' id='word_1_343' title='bbox 390 2970 557 3025; x_wconf 81' lang='lat' dir='ltr'><strong>\‘ides</strong></span> <span class='ocrx_word' id='word_1_344' title='bbox 580 2971 829 3025; x_wconf 87' lang='lat' dir='ltr'><strong>ordinem</strong></span> <span class='ocrx_word' id='word_1_345' title='bbox 859 2970 1227 3041; x_wconf 82' lang='lat' dir='ltr'><strong>profectuum,</strong></span> <span class='ocrx_word' id='word_1_346' title='bbox 1254 2973 1525 3040; x_wconf 89' lang='lat' dir='ltr'><strong>quomodo</strong></span> <span class='ocrx_word' id='word_1_347' title='bbox 1554 2972 1644 3025; x_wconf 89' lang='lat' dir='ltr'><strong>ubi</strong></span> <span class='ocrx_word' id='word_1_348' title='bbox 1698 2971 1811 3038; x_wconf 87' lang='lat' dir='ltr'><strong>jam</strong></span> <span class='ocrx_word' id='word_1_349' title='bbox 1863 2972 1974 3040; x_wconf 84' lang='lat' dir='ltr'><strong>spi-</strong></span> 
     </span>
    </p>
   </div>
   <div class='ocr_carea' id='block_1_46' title="bbox 392 3061 1971 3121">
    <p class='ocr_par' dir='ltr' id='par_1_46' title="bbox 392 3061 1971 3121">
     <span class='ocr_line' id='line_1_46' title="bbox 392 3061 1971 3121; baseline -0.001 -5"><span class='ocrx_word' id='word_1_350' title='bbox 392 3062 573 3116; x_wconf 85' lang='lat' dir='ltr'><strong>ritalis</strong></span> <span class='ocrx_word' id='word_1_351' title='bbox 598 3061 828 3116; x_wconf 82' lang='lat' dir='ltr'><strong>eﬁicitur</strong></span> <span class='ocrx_word' id='word_1_352' title='bbox 864 3063 1068 3121; x_wconf 88' lang='lat' dir='ltr'><strong>anima.</strong></span> <span class='ocrx_word' id='word_1_353' title='bbox 1122 3072 1178 3115; x_wconf 92' lang='lat' dir='ltr'><strong>et</strong></span> <span class='ocrx_word' id='word_1_354' title='bbox 1226 3064 1613 3117; x_wconf 87' lang='lat' dir='ltr'><strong>discretionem</strong></span> <span class='ocrx_word' id='word_1_355' title='bbox 1666 3062 1971 3116; x_wconf 70' lang='lat' dir='ltr'><strong>cmlesﬁum</strong></span> 
     </span>
    </p>
   </div>
   <div class='ocr_carea' id='block_1_47' title="bbox 389 3151 2040 3246">
    <p class='ocr_par' dir='ltr' id='par_1_47' title="bbox 389 3151 2040 3246">
     <span class='ocr_line' id='line_1_47' title="bbox 389 3151 2040 3246; baseline -0.004 -37"><span class='ocrx_word' id='word_1_356' title='bbox 389 3153 619 3223; x_wconf 61' lang='lat' dir='ltr'><strong>coeperit</strong></span> <span class='ocrx_word' id='word_1_357' title='bbox 652 3151 854 3208; x_wconf 83' lang='lat' dir='ltr'><strong>habere</strong></span> <span class='ocrx_word' id='word_1_358' title='bbox 900 3155 1209 3219; x_wconf 86' lang='lat' dir='ltr'><strong>visionum,</strong></span> <span class='ocrx_word' id='word_1_359' title='bbox 1257 3154 1511 3222; x_wconf 85' lang='lat' dir='ltr'><strong>pervenit</strong></span> <span class='ocrx_word' id='word_1_360' title='bbox 1555 3152 1620 3205; x_wconf 89' lang='lat' dir='ltr'><strong>ad</strong></span> <span class='ocrx_word' id='word_1_361' title='bbox 1657 3153 1969 3216; x_wconf 87' lang='lat' dir='ltr'><strong>sanitatem,</strong></span> <span class='ocrx_word' id='word_1_362' title='bbox 1999 3191 2040 3246; x_wconf 61' lang='grc' dir='ltr'><em>ε</em></span> 
     </span>
    </p>
   </div>
   <div class='ocr_carea' id='block_1_48' title="bbox 388 3241 1971 3297">
    <p class='ocr_par' dir='ltr' id='par_1_48' title="bbox 388 3241 1971 3297">
     <span class='ocr_line' id='line_1_48' title="bbox 388 3241 1971 3297; baseline -0.001 -1"><span class='ocrx_word' id='word_1_363' title='bbox 388 3254 450 3297; x_wconf 82' lang='grc' dir='ltr'><strong>ιιι</strong></span> <span class='ocrx_word' id='word_1_364' title='bbox 475 3243 672 3297; x_wconf 88' lang='lat' dir='ltr'><strong>merito</strong></span> <span class='ocrx_word' id='word_1_365' title='bbox 697 3242 843 3296; x_wconf 87' lang='lat' dir='ltr'><strong>dicat</strong></span> <span class='ocrx_word' id='word_1_366' title='bbox 868 3241 913 3275; x_wconf 71' lang='lat'><strong>“</strong></span> <span class='ocrx_word' id='word_1_367' title='bbox 944 3259 958 3295; x_wconf 92' lang='lat'><strong>:</strong></span> <span class='ocrx_word' id='word_1_368' title='bbox 996 3261 1016 3294; x_wconf 78' lang='grc' dir='ltr'><strong>ι</strong></span> <span class='ocrx_word' id='word_1_369' title='bbox 1064 3243 1355 3297; x_wconf 89' lang='lat' dir='ltr'><strong>Benedicat</strong></span> <span class='ocrx_word' id='word_1_370' title='bbox 1386 3243 1565 3297; x_wconf 89' lang='lat' dir='ltr'><strong>anima</strong></span> <span class='ocrx_word' id='word_1_371' title='bbox 1615 3256 1730 3295; x_wconf 88' lang='lat' dir='ltr'><strong>mea</strong></span> <span class='ocrx_word' id='word_1_372' title='bbox 1786 3241 1971 3295; x_wconf 91' lang='lat' dir='ltr'><strong>Domi-</strong></span> 
     </span>
    </p>
   </div>
   <div class='ocr_carea' id='block_1_49' title="bbox 390 3336 1962 3406">
    <p class='ocr_par' dir='ltr' id='par_1_49' title="bbox 390 3336 1962 3406">
     <span class='ocr_line' id='line_1_49' title="bbox 390 3336 1962 3406; baseline -0.003 -14"><span class='ocrx_word' id='word_1_373' title='bbox 390 3355 542 3405; x_wconf 90' lang='lat' dir='ltr'><strong>num,</strong></span> <span class='ocrx_word' id='word_1_374' title='bbox 573 3349 628 3393; x_wconf 89' lang='lat' dir='ltr'><strong>et</strong></span> <span class='ocrx_word' id='word_1_375' title='bbox 652 3338 833 3393; x_wconf 86' lang='lat' dir='ltr'><strong>omnia</strong></span> <span class='ocrx_word' id='word_1_376' title='bbox 864 3338 1121 3394; x_wconf 87' lang='lat' dir='ltr'><strong>interiora</strong></span> <span class='ocrx_word' id='word_1_377' title='bbox 1153 3354 1269 3392; x_wconf 89' lang='lat' dir='ltr'><strong>mea</strong></span> <span class='ocrx_word' id='word_1_378' title='bbox 1294 3352 1491 3392; x_wconf 88' lang='lat' dir='ltr'><strong>nomen</strong></span> <span class='ocrx_word' id='word_1_379' title='bbox 1516 3348 1764 3391; x_wconf 87' lang='lat' dir='ltr'><strong>sanctum</strong></span> <span class='ocrx_word' id='word_1_380' title='bbox 1790 3336 1926 3406; x_wconf 80' lang='lat' dir='ltr'><strong>eius.</strong></span> <span class='ocrx_word' id='word_1_381' title='bbox 1944 3354 1962 3388; x_wconf 80' lang='grc' dir='ltr'><strong>ι</strong></span> 
     </span>
    </p>
   </div>
   <div class='ocr_carea' id='block_1_50' title="bbox 390 3426 1971 3497">
    <p class='ocr_par' dir='ltr' id='par_1_50' title="bbox 390 3426 1971 3497">
     <span class='ocr_line' id='line_1_50' title="bbox 390 3426 1971 3497; baseline -0.001 -17"><span class='ocrx_word' id='word_1_382' title='bbox 390 3430 561 3495; x_wconf 90' lang='lat' dir='ltr'><strong>Quem</strong></span> <span class='ocrx_word' id='word_1_383' title='bbox 603 3427 888 3483; x_wconf 90' lang='lat' dir='ltr'><strong>Dominum</strong></span> <span class='ocrx_word' id='word_1_384' title='bbox 917 3429 940 3482; x_wconf 70' lang='grc' dir='ltr'>τ</span> <span class='ocrx_word' id='word_1_385' title='bbox 968 3447 987 3480; x_wconf 84' lang='grc' dir='ltr'><strong>ι</strong></span> <span class='ocrx_word' id='word_1_386' title='bbox 1019 3427 1120 3495; x_wconf 87' lang='lat' dir='ltr'><strong>Qui</strong></span> <span class='ocrx_word' id='word_1_387' title='bbox 1160 3438 1339 3492; x_wconf 90' lang='lat' dir='ltr'><strong>sanat,</strong></span> <span class='ocrx_word' id='word_1_388' title='bbox 1388 3428 1587 3497; x_wconf 84' lang='lat' dir='ltr'><strong>inquit,</strong></span> <span class='ocrx_word' id='word_1_389' title='bbox 1617 3443 1807 3482; x_wconf 90' lang='lat' dir='ltr'><strong>omnes</strong></span> <span class='ocrx_word' id='word_1_390' title='bbox 1854 3426 1971 3479; x_wconf 88' lang='lat' dir='ltr'><strong>lan-</strong></span> 
     </span>
    </p>
   </div>
   <div class='ocr_carea' id='block_1_51' title="bbox 387 3519 1963 3587">
    <p class='ocr_par' dir='ltr' id='par_1_51' title="bbox 387 3519 1963 3587">
     <span class='ocr_line' id='line_1_51' title="bbox 387 3519 1963 3587; baseline -0.001 -15"><span class='ocrx_word' id='word_1_391' title='bbox 387 3527 745 3587; x_wconf 86' lang='lat' dir='ltr'><strong>guorestuos,</strong></span> <span class='ocrx_word' id='word_1_392' title='bbox 770 3519 861 3586; x_wconf 89' lang='lat' dir='ltr'><strong>qui</strong></span> <span class='ocrx_word' id='word_1_393' title='bbox 895 3520 1112 3574; x_wconf 91' lang='lat' dir='ltr'><strong>redimit</strong></span> <span class='ocrx_word' id='word_1_394' title='bbox 1140 3519 1206 3574; x_wconf 90' lang='lat' dir='ltr'><strong>de</strong></span> <span class='ocrx_word' id='word_1_395' title='bbox 1238 3520 1462 3574; x_wconf 91' lang='lat' dir='ltr'><strong>interitu</strong></span> <span class='ocrx_word' id='word_1_396' title='bbox 1492 3520 1655 3571; x_wconf 88' lang='lat' dir='ltr'><strong>vitam</strong></span> <span class='ocrx_word' id='word_1_397' title='bbox 1688 3528 1836 3572; x_wconf 86' lang='lat' dir='ltr'><strong>tuam</strong></span> <span class='ocrx_word' id='word_1_398' title='bbox 1866 3519 1963 3571; x_wconf 70' lang='grc' dir='ltr'><strong>ιδ.»</strong></span> 
     </span>
    </p>
   </div>
   <div class='ocr_carea' id='block_1_52' title="bbox 386 3610 1971 3681">
    <p class='ocr_par' dir='ltr' id='par_1_52' title="bbox 386 3610 1971 3681">
     <span class='ocr_line' id='line_1_52' title="bbox 386 3610 1971 3681; baseline -0.002 -13"><span class='ocrx_word' id='word_1_399' title='bbox 386 3612 530 3668; x_wconf 90' lang='lat' dir='ltr'><strong>Sunt</strong></span> <span class='ocrx_word' id='word_1_400' title='bbox 555 3611 699 3665; x_wconf 88' lang='lat' dir='ltr'><strong>enim</strong></span> <span class='ocrx_word' id='word_1_401' title='bbox 729 3610 883 3664; x_wconf 91' lang='lat' dir='ltr'><strong>multi</strong></span> <span class='ocrx_word' id='word_1_402' title='bbox 914 3611 1205 3681; x_wconf 89' lang='lat' dir='ltr'><strong>Ianguores</strong></span> <span class='ocrx_word' id='word_1_403' title='bbox 1234 3612 1449 3666; x_wconf 71' lang='lat' dir='ltr'><strong>animae.</strong></span> <span class='ocrx_word' id='word_1_404' title='bbox 1470 3610 1713 3665; x_wconf 87' lang='lat' dir='ltr'><strong>Avaritia</strong></span> <span class='ocrx_word' id='word_1_405' title='bbox 1741 3610 1971 3681; x_wconf 76' lang='lat' dir='ltr'><strong>languor</strong></span> 
     </span>
    </p>
   </div>
   <div class='ocr_carea' id='block_1_53' title="bbox 386 3699 1972 3773">
    <p class='ocr_par' dir='ltr' id='par_1_53' title="bbox 386 3699 1972 3773">
     <span class='ocr_line' id='line_1_53' title="bbox 386 3699 1972 3773; baseline 0.003 -21"><span class='ocrx_word' id='word_1_406' title='bbox 386 3700 505 3767; x_wconf 83' lang='lat' dir='ltr'><strong>ejus</strong></span> <span class='ocrx_word' id='word_1_407' title='bbox 535 3707 640 3762; x_wconf 90' lang='lat' dir='ltr'><strong>est,</strong></span> <span class='ocrx_word' id='word_1_408' title='bbox 666 3709 721 3752; x_wconf 91' lang='lat' dir='ltr'><strong>et</strong></span> <span class='ocrx_word' id='word_1_409' title='bbox 743 3699 961 3768; x_wconf 91' lang='lat' dir='ltr'><strong>quidem</strong></span> <span class='ocrx_word' id='word_1_410' title='bbox 994 3702 1285 3771; x_wconf 85' lang='lat' dir='ltr'><strong>pessimus.</strong></span> <span class='ocrx_word' id='word_1_411' title='bbox 1315 3700 1606 3771; x_wconf 88' lang='lat' dir='ltr'><strong>Superbia,</strong></span> <span class='ocrx_word' id='word_1_412' title='bbox 1632 3702 1733 3768; x_wconf 90' lang='lat' dir='ltr'><strong>ira,</strong></span> <span class='ocrx_word' id='word_1_413' title='bbox 1759 3703 1972 3773; x_wconf 82' lang='lat' dir='ltr'><strong>jactan-</strong></span> 
     </span>
    </p>
   </div>
   <div class='ocr_carea' id='block_1_54' title="bbox 390 3787 1970 3861">
    <p class='ocr_par' dir='ltr' id='par_1_54' title="bbox 390 3787 1970 3861">
     <span class='ocr_line' id='line_1_54' title="bbox 390 3787 1970 3861; baseline 0.005 -21"><span class='ocrx_word' id='word_1_414' title='bbox 390 3788 485 3852; x_wconf 90' lang='lat' dir='ltr'><strong>tia,</strong></span> <span class='ocrx_word' id='word_1_415' title='bbox 527 3787 785 3855; x_wconf 78' lang='lat' dir='ltr'><strong>formido,</strong></span> <span class='ocrx_word' id='word_1_416' title='bbox 845 3791 1234 3856; x_wconf 83' lang='lat' dir='ltr'><strong>inconstantia,</strong></span> <span class='ocrx_word' id='word_1_417' title='bbox 1282 3791 1724 3861; x_wconf 89' lang='lat' dir='ltr'><strong>pusillanimitas,</strong></span> <span class='ocrx_word' id='word_1_418' title='bbox 1758 3802 1816 3847; x_wconf 86' lang='lat' dir='ltr'><strong>et</strong></span> <span class='ocrx_word' id='word_1_419' title='bbox 1872 3794 1970 3847; x_wconf 80' lang='lat' dir='ltr'><strong>lio-</strong></span> 
     </span>
    </p>
   </div>
   <div class='ocr_carea' id='block_1_55' title="bbox 386 3878 1971 3947">
    <p class='ocr_par' dir='ltr' id='par_1_55' title="bbox 386 3878 1971 3947">
     <span class='ocr_line' id='line_1_55' title="bbox 386 3878 1971 3947; baseline 0.003 -16"><span class='ocrx_word' id='word_1_420' title='bbox 386 3892 508 3932; x_wconf 90' lang='lat' dir='ltr'><strong>rum</strong></span> <span class='ocrx_word' id='word_1_421' title='bbox 532 3878 753 3936; x_wconf 86' lang='lat' dir='ltr'><strong>similia.</strong></span> <span class='ocrx_word' id='word_1_422' title='bbox 783 3879 1009 3946; x_wconf 83' lang='lat' dir='ltr'><strong>Quando</strong></span> <span class='ocrx_word' id='word_1_423' title='bbox 1040 3897 1145 3945; x_wconf 90' lang='lat' dir='ltr'><strong>me,</strong></span> <span class='ocrx_word' id='word_1_424' title='bbox 1172 3881 1397 3936; x_wconf 90' lang='lat' dir='ltr'><strong>Domine</strong></span> <span class='ocrx_word' id='word_1_425' title='bbox 1420 3879 1570 3947; x_wconf 83' lang='lat' dir='ltr'><strong>Jesu,</strong></span> <span class='ocrx_word' id='word_1_426' title='bbox 1594 3883 1661 3937; x_wconf 90' lang='lat' dir='ltr'><strong>ab</strong></span> <span class='ocrx_word' id='word_1_427' title='bbox 1686 3884 1769 3938; x_wconf 82' lang='lat' dir='ltr'><strong>liis</strong></span> <span class='ocrx_word' id='word_1_428' title='bbox 1789 3884 1971 3939; x_wconf 81' lang='lat' dir='ltr'><strong>omni-</strong></span> 
     </span>
    </p>
   </div>
   <div class='ocr_carea' id='block_1_56' title="bbox 386 3970 1970 4045">
    <p class='ocr_par' dir='ltr' id='par_1_56' title="bbox 386 3970 1970 4045">
     <span class='ocr_line' id='line_1_56' title="bbox 386 3970 1970 4045; baseline 0.004 -22"><span class='ocrx_word' id='word_1_429' title='bbox 386 3970 489 4025; x_wconf 85' lang='lat' dir='ltr'><strong>bus</strong></span> <span class='ocrx_word' id='word_1_430' title='bbox 514 3970 862 4041; x_wconf 80' lang='lat' dir='ltr'><strong>languoribus</strong></span> <span class='ocrx_word' id='word_1_431' title='bbox 889 3971 1108 4027; x_wconf 88' lang='lat' dir='ltr'><strong>curabis</strong></span> <span class='ocrx_word' id='word_1_432' title='bbox 1135 3973 1157 4025; x_wconf 89' lang='lat'><strong>?</strong></span> <span class='ocrx_word' id='word_1_433' title='bbox 1182 3972 1409 4039; x_wconf 88' lang='lat' dir='ltr'><strong>Quando</strong></span> <span class='ocrx_word' id='word_1_434' title='bbox 1459 3976 1705 4039; x_wconf 90' lang='lat' dir='ltr'><strong>sanabis,</strong></span> <span class='ocrx_word' id='word_1_435' title='bbox 1760 3985 1819 4029; x_wconf 92' lang='lat' dir='ltr'><strong>ut</strong></span> <span class='ocrx_word' id='word_1_436' title='bbox 1870 3989 1970 4045; x_wconf 91' lang='lat' dir='ltr'><strong>ego</strong></span> 
     </span>
    </p>
   </div>
   <div class='ocr_carea' id='block_1_57' title="bbox 387 4062 1972 4137">
    <p class='ocr_par' dir='ltr' id='par_1_57' title="bbox 387 4062 1972 4137">
     <span class='ocr_line' id='line_1_57' title="bbox 387 4062 1972 4137; baseline 0.004 -22"><span class='ocrx_word' id='word_1_437' title='bbox 387 4062 563 4116; x_wconf 89' lang='lat' dir='ltr'><strong>dicam</strong></span> <span class='ocrx_word' id='word_1_438' title='bbox 590 4081 603 4115; x_wconf 89' lang='lat'><strong>:</strong></span> <span class='ocrx_word' id='word_1_439' title='bbox 649 4080 666 4113; x_wconf 92' lang='grc' dir='ltr'><strong>ι</strong></span> <span class='ocrx_word' id='word_1_440' title='bbox 711 4062 972 4128; x_wconf 87' lang='lat' dir='ltr'><strong>Benedic,</strong></span> <span class='ocrx_word' id='word_1_441' title='bbox 1003 4066 1182 4118; x_wconf 89' lang='lat' dir='ltr'><strong>anima</strong></span> <span class='ocrx_word' id='word_1_442' title='bbox 1214 4080 1357 4128; x_wconf 89' lang='lat' dir='ltr'><strong>mea,</strong></span> <span class='ocrx_word' id='word_1_443' title='bbox 1387 4066 1673 4119; x_wconf 91' lang='lat' dir='ltr'><strong>Dominum</strong></span> <span class='ocrx_word' id='word_1_444' title='bbox 1699 4067 1790 4137; x_wconf 91' lang='lat' dir='ltr'><strong>qui</strong></span> <span class='ocrx_word' id='word_1_445' title='bbox 1814 4077 1972 4122; x_wconf 89' lang='lat' dir='ltr'><strong>sanat</strong></span> 
     </span>
    </p>
   </div>
   <div class='ocr_carea' id='block_1_58' title="bbox 386 4155 1966 4228">
    <p class='ocr_par' dir='ltr' id='par_1_58' title="bbox 386 4155 1966 4228">
     <span class='ocr_line' id='line_1_58' title="bbox 386 4155 1966 4228; baseline 0.005 -22"><span class='ocrx_word' id='word_1_446' title='bbox 386 4168 576 4209; x_wconf 89' lang='lat' dir='ltr'><strong>omnes</strong></span> <span class='ocrx_word' id='word_1_447' title='bbox 604 4155 895 4227; x_wconf 83' lang='lat' dir='ltr'><strong>Ianguores</strong></span> <span class='ocrx_word' id='word_1_448' title='bbox 932 4166 1073 4222; x_wconf 89' lang='lat' dir='ltr'><strong>tuos,</strong></span> <span class='ocrx_word' id='word_1_449' title='bbox 1115 4176 1133 4209; x_wconf 72' lang='grc' dir='ltr'><strong>ι</strong></span> <span class='ocrx_word' id='word_1_450' title='bbox 1163 4167 1222 4211; x_wconf 89' lang='grc' dir='ltr'><strong>ιιι</strong></span> <span class='ocrx_word' id='word_1_451' title='bbox 1256 4159 1456 4228; x_wconf 88' lang='lat' dir='ltr'><strong>possim</strong></span> <span class='ocrx_word' id='word_1_452' title='bbox 1499 4168 1553 4213; x_wconf 90' lang='lat' dir='ltr'><strong>ct</strong></span> <span class='ocrx_word' id='word_1_453' title='bbox 1582 4175 1683 4228; x_wconf 84' lang='lat' dir='ltr'><strong>ego</strong></span> <span class='ocrx_word' id='word_1_454' title='bbox 1730 4161 1966 4214; x_wconf 72' lang='lat' dir='ltr'><strong>mansioo</strong></span> 
     </span>
    </p>
   </div>
   <div class='ocr_carea' id='block_1_59' title="bbox 388 4246 1967 4321">
    <p class='ocr_par' dir='ltr' id='par_1_59' title="bbox 388 4246 1967 4321">
     <span class='ocr_line' id='line_1_59' title="bbox 388 4246 1967 4321; baseline 0.003 -22"><span class='ocrx_word' id='word_1_455' title='bbox 388 4262 510 4301; x_wconf 90' lang='lat' dir='ltr'><strong>nem</strong></span> <span class='ocrx_word' id='word_1_456' title='bbox 538 4246 718 4302; x_wconf 71' lang='lat' dir='ltr'><strong>facere</strong></span> <span class='ocrx_word' id='word_1_457' title='bbox 746 4248 797 4301; x_wconf 94' lang='lat' dir='ltr'><strong>in</strong></span> <span class='ocrx_word' id='word_1_458' title='bbox 822 4246 1099 4317; x_wconf 80' lang='lat' dir='ltr'><strong>Rapltaca,</strong></span> <span class='ocrx_word' id='word_1_459' title='bbox 1133 4250 1276 4319; x_wconf 89' lang='lat' dir='ltr'><strong>quod</strong></span> <span class='ocrx_word' id='word_1_460' title='bbox 1304 4258 1386 4305; x_wconf 91' lang='lat' dir='ltr'><strong>est</strong></span> <span class='ocrx_word' id='word_1_461' title='bbox 1436 4252 1682 4304; x_wconf 64' lang='lat' dir='ltr'><strong>sanitas?</strong></span> <span class='ocrx_word' id='word_1_462' title='bbox 1726 4250 1967 4321; x_wconf 83' lang='lat' dir='ltr'><strong>Longum</strong></span> 
     </span>
    </p>
   </div>
   <div class='ocr_carea' id='block_1_60' title="bbox 385 4338 1969 4413">
    <p class='ocr_par' dir='ltr' id='par_1_60' title="bbox 385 4338 1969 4413">
     <span class='ocr_line' id='line_1_60' title="bbox 385 4338 1969 4413; baseline 0.003 -22"><span class='ocrx_word' id='word_1_463' title='bbox 385 4338 536 4393; x_wconf 85' lang='lat' dir='ltr'><strong>estsi</strong></span> <span class='ocrx_word' id='word_1_464' title='bbox 581 4340 812 4396; x_wconf 87' lang='lat' dir='ltr'><strong>velimus</strong></span> <span class='ocrx_word' id='word_1_465' title='bbox 855 4340 939 4396; x_wconf 91' lang='lat' dir='ltr'><strong>ire</strong></span> <span class='ocrx_word' id='word_1_466' title='bbox 984 4356 1081 4412; x_wconf 90' lang='lat' dir='ltr'><strong>per</strong></span> <span class='ocrx_word' id='word_1_467' title='bbox 1132 4342 1370 4413; x_wconf 86' lang='lat' dir='ltr'><strong>singulas</strong></span> <span class='ocrx_word' id='word_1_468' title='bbox 1422 4344 1754 4410; x_wconf 83' lang='lat' dir='ltr'><strong>mansiones,</strong></span> <span class='ocrx_word' id='word_1_469' title='bbox 1800 4355 1854 4396; x_wconf 86' lang='lat' dir='ltr'><strong>et</strong></span> <span class='ocrx_word' id='word_1_470' title='bbox 1903 4358 1969 4395; x_wconf 81' lang='lat' dir='ltr'><strong>ex</strong></span> 
     </span>
    </p>
   </div>
   <div class='ocr_carea' id='block_1_61' title="bbox 460 4501 1474 4573">
    <p class='ocr_par' dir='ltr' id='par_1_61' title="bbox 460 4501 1474 4573">
     <span class='ocr_line' id='line_1_61' title="bbox 460 4501 1474 4573; baseline 0.004 -16"><span class='ocrx_word' id='word_1_471' title='bbox 460 4502 499 4535; x_wconf 88' lang='grc'>¹¹</span> <span class='ocrx_word' id='word_1_472' title='bbox 526 4501 685 4559; x_wconf 87' lang='lat' dir='ltr'><strong>Num.</strong></span> <span class='ocrx_word' id='word_1_473' title='bbox 726 4520 897 4572; x_wconf 78' lang='lat' dir='ltr'><strong>xxx&quot;,</strong></span> <span class='ocrx_word' id='word_1_474' title='bbox 936 4506 1023 4561; x_wconf 80' lang='grc'><strong>11.</strong></span> <span class='ocrx_word' id='word_1_475' title='bbox 1104 4504 1280 4561; x_wconf 83' lang='lat' dir='ltr'><strong>“Jos.</strong></span> <span class='ocrx_word' id='word_1_476' title='bbox 1306 4521 1358 4573; x_wconf 93' lang='lat' dir='ltr'><strong>v,</strong></span> <span class='ocrx_word' id='word_1_477' title='bbox 1389 4506 1474 4561; x_wconf 72' lang='lat' dir='ltr'><strong>I3.</strong></span> 
     </span>
    </p>
   </div>
   <div class='ocr_carea' id='block_1_62' title="bbox 480 4663 2031 4736">
    <p class='ocr_par' dir='ltr' id='par_1_62' title="bbox 480 4663 2031 4736">
     <span class='ocr_line' id='line_1_62' title="bbox 480 4663 2031 4736; baseline 0.001 -16"><span class='ocrx_word' id='word_1_478' title='bbox 480 4664 569 4735; x_wconf 76' lang='grc' dir='ltr'>8Ξ)</span> <span class='ocrx_word' id='word_1_479' title='bbox 593 4663 694 4720; x_wconf 83' lang='lat' dir='ltr'><strong>Sin</strong></span> <span class='ocrx_word' id='word_1_480' title='bbox 714 4668 872 4721; x_wconf 82' lang='lat' dir='ltr'><strong>rubus</strong></span> <span class='ocrx_word' id='word_1_481' title='bbox 894 4667 1293 4736; x_wconf 67' lang='lat' dir='ltr'><strong>interpretatur,</strong></span> <span class='ocrx_word' id='word_1_482' title='bbox 1340 4668 1446 4721; x_wconf 82' lang='lat' dir='ltr'><strong>sive</strong></span> <span class='ocrx_word' id='word_1_483' title='bbox 1471 4667 1711 4721; x_wconf 87' lang='lat' dir='ltr'><strong>tentatio.</strong></span> <span class='ocrx_word' id='word_1_484' title='bbox 1766 4669 1954 4723; x_wconf 74' lang='lat' dir='ltr'><strong>Bubus</strong></span> <span class='ocrx_word' id='word_1_485' title='bbox 1988 4675 2031 4729; x_wconf 92' lang='lat' dir='ltr'><strong>D</strong></span> 
     </span>
    </p>
   </div>
   <div class='ocr_carea' id='block_1_63' title="bbox 385 4663 1951 4805">
    <p class='ocr_par' dir='ltr' id='par_1_63' title="bbox 385 4663 1951 4805">
     <span class='ocr_line' id='line_1_63' title="bbox 457 4663 1951 4791; baseline 0.001 -71"><span class='ocrx_word' id='word_1_486' title='bbox 457 4663 569 4791; x_wconf 52' lang='lat'><strong>$82)</strong></span> <span class='ocrx_word' id='word_1_487' title='bbox 593 4663 694 4720; x_wconf 83' lang='lat' dir='ltr'><strong>Sin</strong></span> <span class='ocrx_word' id='word_1_488' title='bbox 714 4668 872 4721; x_wconf 82' lang='lat' dir='ltr'><strong>rubus</strong></span> <span class='ocrx_word' id='word_1_489' title='bbox 894 4667 1293 4736; x_wconf 67' lang='lat' dir='ltr'><strong>interpretatur,</strong></span> <span class='ocrx_word' id='word_1_490' title='bbox 1340 4668 1446 4721; x_wconf 82' lang='lat' dir='ltr'><strong>sive</strong></span> <span class='ocrx_word' id='word_1_491' title='bbox 1471 4667 1711 4721; x_wconf 87' lang='lat' dir='ltr'><strong>tentatio.</strong></span> <span class='ocrx_word' id='word_1_492' title='bbox 1766 4669 1951 4723; x_wconf 74' lang='lat' dir='ltr'><strong>Bubus</strong></span> 
     </span>
     <span class='ocr_line' id='line_1_64' title="bbox 385 4736 1951 4805; baseline 0.001 -16"><span class='ocrx_word' id='word_1_493' title='bbox 385 4749 456 4805; x_wconf 89' lang='lat' dir='ltr'><strong>qu</strong></span> <span class='ocrx_word' id='word_1_494' title='bbox 484 4736 603 4790; x_wconf 88' lang='lat' dir='ltr'><strong>dem</strong></span> <span class='ocrx_word' id='word_1_495' title='bbox 652 4750 681 4788; x_wconf 90' lang='lat' dir='ltr'><strong>a</strong></span> <span class='ocrx_word' id='word_1_496' title='bbox 717 4748 842 4801; x_wconf 67' lang='lat' dir='ltr'><strong>mo,</strong></span> <span class='ocrx_word' id='word_1_497' title='bbox 902 4739 1128 4791; x_wconf 87' lang='lat' dir='ltr'><strong>tentatio</strong></span> <span class='ocrx_word' id='word_1_498' title='bbox 1171 4749 1351 4793; x_wconf 89' lang='lat' dir='ltr'><strong>autem</strong></span> <span class='ocrx_word' id='word_1_499' title='bbox 1404 4753 1431 4790; x_wconf 90' lang='lat' dir='ltr'><strong>a</strong></span> <span class='ocrx_word' id='word_1_500' title='bbox 1460 4743 1563 4796; x_wconf 77' lang='lat' dir='ltr'><strong>no:</strong></span> <span class='ocrx_word' id='word_1_501' title='bbox 1596 4755 1613 4788; x_wconf 86' lang='grc' dir='ltr'><strong>ι</strong></span> <span class='ocrx_word' id='word_1_502' title='bbox 1648 4739 1840 4793; x_wconf 85' lang='lat' dir='ltr'><strong>tollere</strong></span> <span class='ocrx_word' id='word_1_503' title='bbox 1864 4780 1878 4803; x_wconf 96' lang='lat'><strong>,</strong></span> <span class='ocrx_word' id='word_1_504' title='bbox 1932 4759 1951 4791; x_wconf 77' lang='grc' dir='ltr'><strong>ι</strong></span> 
     </span>
    </p>
   </div>
   <div class='ocr_carea' id='block_1_64' title="bbox 386 4805 1442 4877">
    <p class='ocr_par' dir='ltr' id='par_1_64' title="bbox 386 4805 1442 4877">
     <span class='ocr_line' id='line_1_65' title="bbox 386 4805 1442 4877; baseline 0.002 -18"><span class='ocrx_word' id='word_1_505' title='bbox 386 4805 529 4877; x_wconf 79' lang='lat' dir='ltr'><strong>quod</strong></span> <span class='ocrx_word' id='word_1_506' title='bbox 553 4807 749 4877; x_wconf 85' lang='lat' dir='ltr'><strong>in_Pih.</strong></span> <span class='ocrx_word' id='word_1_507' title='bbox 775 4807 1048 4877; x_wconf 88' lang='lat' dir='ltr'><strong>signiﬁcat</strong></span> <span class='ocrx_word' id='word_1_508' title='bbox 1085 4829 1103 4860; x_wconf 84' lang='grc' dir='ltr'><strong>ι</strong></span> <span class='ocrx_word' id='word_1_509' title='bbox 1140 4809 1385 4861; x_wconf 79' lang='lat' dir='ltr'><strong>tentavit.</strong></span> <span class='ocrx_word' id='word_1_510' title='bbox 1424 4826 1442 4860; x_wconf 73' lang='grc' dir='ltr'><strong>ι</strong></span> 
     </span>
    </p>
   </div>
   <div class='ocr_carea' id='block_1_65' title="bbox 455 4875 1964 5001">
    <p class='ocr_par' dir='ltr' id='par_1_65' title="bbox 455 4875 1964 5001">
     <span class='ocr_line' id='line_1_66' title="bbox 455 4875 1964 5001; baseline 0.001 -70"><span class='ocrx_word' id='word_1_511' title='bbox 455 4875 570 4947; x_wconf 79' lang='grc'>(85)</span> <span class='ocrx_word' id='word_1_512' title='bbox 602 4875 893 5001; x_wconf 54' lang='grc' dir='ltr'><strong>Ρνοέοἰεὶιε</strong></span> <span class='ocrx_word' id='word_1_513' title='bbox 923 4879 1100 4931; x_wconf 85' lang='lat' dir='ltr'><strong>anima</strong></span> <span class='ocrx_word' id='word_1_514' title='bbox 1127 4879 1213 4931; x_wconf 85' lang='lat' dir='ltr'><strong>ubi</strong></span> <span class='ocrx_word' id='word_1_515' title='bbox 1240 4880 1307 4932; x_wconf 85' lang='lat' dir='ltr'><strong>ad</strong></span> <span class='ocrx_word' id='word_1_516' title='bbox 1361 4879 1415 4931; x_wconf 85' lang='lat' dir='ltr'><strong>id</strong></span> <span class='ocrx_word' id='word_1_517' title='bbox 1459 4879 1677 4932; x_wconf 82' lang='lat' dir='ltr'><strong>venerit.</strong></span> <span class='ocrx_word' id='word_1_518' title='bbox 1729 4879 1819 4934; x_wconf 92' lang='lat' dir='ltr'><strong>Sic</strong></span> <span class='ocrx_word' id='word_1_519' title='bbox 1862 4881 1964 4933; x_wconf 81' lang='lat' dir='ltr'><strong>lia-</strong></span> 
     </span>
     <span class='ocr_line' id='line_1_67' title="bbox 460 4948 1964 5001; baseline 0 0"><span class='ocrx_word' id='word_1_520' title='bbox 460 4957 518 5001; x_wconf 91' lang='lat' dir='ltr'><strong>nt</strong></span> <span class='ocrx_word' id='word_1_521' title='bbox 540 4963 669 5001; x_wconf 87' lang='lat' dir='ltr'><strong>mss.</strong></span> <span class='ocrx_word' id='word_1_522' title='bbox 745 4948 844 5001; x_wconf 88' lang='lat' dir='ltr'><strong>ibri</strong></span> <span class='ocrx_word' id='word_1_523' title='bbox 875 4964 1005 5001; x_wconf 89' lang='lat' dir='ltr'><strong>vero</strong></span> <span class='ocrx_word' id='word_1_524' title='bbox 1032 4959 1191 5001; x_wconf 90' lang='lat' dir='ltr'><strong>antea</strong></span> <span class='ocrx_word' id='word_1_525' title='bbox 1220 4949 1376 5001; x_wconf 88' lang='lat' dir='ltr'><strong>editi.</strong></span> <span class='ocrx_word' id='word_1_526' title='bbox 1416 4967 1434 5000; x_wconf 83' lang='grc' dir='ltr'><strong>ι</strong></span> <span class='ocrx_word' id='word_1_527' title='bbox 1473 4950 1827 5001; x_wconf 89' lang='lat' dir='ltr'><strong>nroﬁciscens</strong></span> <span class='ocrx_word' id='word_1_528' title='bbox 1847 4950 1964 5001; x_wconf 87' lang='lat' dir='ltr'><strong>ani-</strong></span> 
     </span>
    </p>
   </div>
   <div class='ocr_carea' id='block_1_66' title="bbox 388 4947 1964 5017">
    <p class='ocr_par' dir='ltr' id='par_1_66' title="bbox 388 4947 1964 5017">
     <span class='ocr_line' id='line_1_68' title="bbox 388 4947 1964 5017; baseline 0.002 -16"><span class='ocrx_word' id='word_1_529' title='bbox 388 4947 518 5001; x_wconf 92' lang='lat' dir='ltr'><strong>bent</strong></span> <span class='ocrx_word' id='word_1_530' title='bbox 540 4963 669 5002; x_wconf 88' lang='lat' dir='ltr'><strong>mss.</strong></span> <span class='ocrx_word' id='word_1_531' title='bbox 698 4947 844 5002; x_wconf 85' lang='lat' dir='ltr'><strong>Libri</strong></span> <span class='ocrx_word' id='word_1_532' title='bbox 875 4964 1005 5003; x_wconf 88' lang='lat' dir='ltr'><strong>vero</strong></span> <span class='ocrx_word' id='word_1_533' title='bbox 1032 4959 1191 5003; x_wconf 89' lang='lat' dir='ltr'><strong>antea</strong></span> <span class='ocrx_word' id='word_1_534' title='bbox 1220 4949 1376 5013; x_wconf 88' lang='lat' dir='ltr'><strong>editi,</strong></span> <span class='ocrx_word' id='word_1_535' title='bbox 1416 4967 1434 5000; x_wconf 83' lang='grc' dir='ltr'><strong>ι</strong></span> <span class='ocrx_word' id='word_1_536' title='bbox 1472 4950 1827 5017; x_wconf 87' lang='lat' dir='ltr'><strong>proﬁciscens</strong></span> <span class='ocrx_word' id='word_1_537' title='bbox 1847 4950 1964 5004; x_wconf 88' lang='lat' dir='ltr'><strong>ani-</strong></span> 
     </span>
    </p>
   </div>
   <div class='ocr_carea' id='block_1_67' title="bbox 387 5018 1959 5073">
    <p class='ocr_par' dir='ltr' id='par_1_67' title="bbox 387 5018 1959 5073">
     <span class='ocr_line' id='line_1_69' title="bbox 387 5018 1959 5073; baseline 0.002 -2"><span class='ocrx_word' id='word_1_538' title='bbox 387 5033 473 5071; x_wconf 88' lang='lat' dir='ltr'><strong>ma</strong></span> <span class='ocrx_word' id='word_1_539' title='bbox 501 5018 588 5071; x_wconf 90' lang='lat' dir='ltr'><strong>ubi</strong></span> <span class='ocrx_word' id='word_1_540' title='bbox 621 5018 924 5073; x_wconf 86' lang='lat' dir='ltr'><strong>advenerit.</strong></span> <span class='ocrx_word' id='word_1_541' title='bbox 962 5038 983 5070; x_wconf 72' lang='grc' dir='ltr'><strong>ι</strong></span> <span class='ocrx_word' id='word_1_542' title='bbox 1956 5022 1959 5023; x_wconf 62' lang='grc'><strong><em>⁷</em></strong></span> 
     </span>
    </p>
   </div>
   <div class='ocr_carea' id='block_1_68' title="bbox 453 5085 1963 5161">
    <p class='ocr_par' dir='ltr' id='par_1_68' title="bbox 453 5085 1963 5161">
     <span class='ocr_line' id='line_1_70' title="bbox 453 5085 1963 5161; baseline 0.001 -17"><span class='ocrx_word' id='word_1_543' title='bbox 453 5085 840 5161; x_wconf 63' lang='grc' dir='ltr'><strong>(84)]ἰαρ1ιαεα</strong></span> <span class='ocrx_word' id='word_1_544' title='bbox 868 5090 1241 5161; x_wconf 66' lang='lat' dir='ltr'><strong>interpretatur</strong></span> <span class='ocrx_word' id='word_1_545' title='bbox 1262 5091 1486 5144; x_wconf 79' lang='lat' dir='ltr'><strong>sanitas.</strong></span> <span class='ocrx_word' id='word_1_546' title='bbox 1519 5091 1572 5145; x_wconf 91' lang='lat' dir='ltr'><strong>In</strong></span> <span class='ocrx_word' id='word_1_547' title='bbox 1621 5091 1847 5146; x_wconf 72' lang='lat' dir='ltr'><strong>Hebraeo</strong></span> <span class='ocrx_word' id='word_1_548' title='bbox 1888 5092 1963 5145; x_wconf 88' lang='lat' dir='ltr'><strong>le-</strong></span> 
     </span>
    </p>
   </div>
   <div class='ocr_carea' id='block_1_69' title="bbox 383 5158 1961 5241">
    <p class='ocr_par' dir='ltr' id='par_1_69' title="bbox 383 5158 1961 5241">
     <span class='ocr_line' id='line_1_71' title="bbox 383 5158 1961 5241; baseline 0.001 -27"><span class='ocrx_word' id='word_1_549' title='bbox 383 5158 554 5226; x_wconf 75' lang='lat' dir='ltr'><strong>gitur</strong></span> <span class='ocrx_word' id='word_1_550' title='bbox 583 5159 743 5214; x_wconf 85' lang='lat' dir='ltr'><strong>hodie</strong></span> <span class='ocrx_word' id='word_1_551' title='bbox 777 5169 928 5241; x_wconf 66' lang='lat' dir='ltr'><strong>apri</strong></span> <span class='ocrx_word' id='word_1_552' title='bbox 958 5176 978 5211; x_wconf 84' lang='grc' dir='ltr'><strong>ι</strong></span> <span class='ocrx_word' id='word_1_553' title='bbox 1012 5159 1250 5229; x_wconf 86' lang='lat' dir='ltr'><strong>Dopbca.</strong></span> <span class='ocrx_word' id='word_1_554' title='bbox 1291 5179 1310 5211; x_wconf 73' lang='grc' dir='ltr'><strong>ι</strong></span> <span class='ocrx_word' id='word_1_555' title='bbox 1345 5162 1501 5231; x_wconf 89' lang='lat' dir='ltr'><strong>Apud</strong></span> <span class='ocrx_word' id='word_1_556' title='bbox 1556 5160 1700 5215; x_wconf 78' lang='lat' dir='ltr'><strong>LXX</strong></span> <span class='ocrx_word' id='word_1_557' title='bbox 1760 5162 1961 5231; x_wconf 72' lang='grc' dir='ltr'><strong>Ῥαφα-</strong></span> 
     </span>
    </p>
   </div>
   <div class='ocr_carea' id='block_1_70' title="bbox 384 5249 1960 5318">
    <p class='ocr_par' dir='ltr' id='par_1_70' title="bbox 384 5249 1960 5318">
     <span class='ocr_line' id='line_1_72' title="bbox 384 5249 1960 5318; baseline 0.003 -18"><span class='ocrx_word' id='word_1_558' title='bbox 384 5250 484 5314; x_wconf 85' lang='grc' dir='ltr'><strong>κά,</strong></span> <span class='ocrx_word' id='word_1_559' title='bbox 509 5261 704 5318; x_wconf 87' lang='lat' dir='ltr'><strong>nempe</strong></span> <span class='ocrx_word' id='word_1_560' title='bbox 727 5249 904 5305; x_wconf 79' lang='lat' dir='ltr'><strong>Resch</strong></span> <span class='ocrx_word' id='word_1_561' title='bbox 922 5263 1016 5317; x_wconf 91' lang='lat' dir='ltr'><strong>pro</strong></span> <span class='ocrx_word' id='word_1_562' title='bbox 1039 5249 1228 5305; x_wconf 90' lang='lat' dir='ltr'><strong>Daletb</strong></span> <span class='ocrx_word' id='word_1_563' title='bbox 1262 5250 1529 5318; x_wconf 86' lang='lat' dir='ltr'><strong>legebant.</strong></span> <span class='ocrx_word' id='word_1_564' title='bbox 1566 5251 1621 5304; x_wconf 90' lang='lat' dir='ltr'><strong>Si</strong></span> <span class='ocrx_word' id='word_1_565' title='bbox 1668 5263 1845 5304; x_wconf 84' lang='lat' dir='ltr'><strong>autem</strong></span> <span class='ocrx_word' id='word_1_566' title='bbox 1872 5270 1960 5305; x_wconf 89' lang='lat' dir='ltr'><strong>so-</strong></span> 
     </span>
    </p>
   </div>
   <div class='ocr_carea' id='block_1_71' title="bbox 386 5316 1963 5391">
    <p class='ocr_par' dir='ltr' id='par_1_71' title="bbox 386 5316 1963 5391">
     <span class='ocr_line' id='line_1_73' title="bbox 386 5316 1963 5391; baseline 0.003 -19"><span class='ocrx_word' id='word_1_567' title='bbox 386 5320 492 5375; x_wconf 91' lang='lat' dir='ltr'><strong>lius</strong></span> <span class='ocrx_word' id='word_1_568' title='bbox 521 5316 969 5391; x_wconf 83' lang='lat' dir='ltr'><strong>soni-litterarum</strong></span> <span class='ocrx_word' id='word_1_569' title='bbox 996 5320 1227 5374; x_wconf 89' lang='lat' dir='ltr'><strong>habetur</strong></span> <span class='ocrx_word' id='word_1_570' title='bbox 1275 5316 1414 5375; x_wconf 78' lang='lat' dir='ltr'><strong>ratio</strong></span> <span class='ocrx_word' id='word_1_571' title='bbox 1438 5362 1452 5381; x_wconf 88' lang='lat'>.</span> <span class='ocrx_word' id='word_1_572' title='bbox 1510 5322 1759 5391; x_wconf 82' lang='lat' dir='ltr'><strong>Rapbaca</strong></span> <span class='ocrx_word' id='word_1_573' title='bbox 1803 5323 1963 5376; x_wconf 88' lang='lat' dir='ltr'><strong>inter-</strong></span> 
     </span>
    </p>
   </div>
   <div class='ocr_carea' id='block_1_72' title="bbox 388 5389 1963 5461">
    <p class='ocr_par' dir='ltr' id='par_1_72' title="bbox 388 5389 1963 5461">
     <span class='ocr_line' id='line_1_74' title="bbox 388 5389 1963 5461; baseline 0.003 -18"><span class='ocrx_word' id='word_1_574' title='bbox 388 5391 593 5459; x_wconf 81' lang='lat' dir='ltr'><strong>pretari</strong></span> <span class='ocrx_word' id='word_1_575' title='bbox 615 5397 823 5461; x_wconf 63' lang='lat' dir='ltr'><strong>potest:</strong></span> <span class='ocrx_word' id='word_1_576' title='bbox 849 5389 1323 5455; x_wconf 60' lang='lat' dir='ltr'><strong>sanitasnaverbo</strong></span> <span class='ocrx_word' id='word_1_577' title='bbox 1355 5401 1475 5453; x_wconf 57' lang='lat' dir='ltr'><strong>una</strong></span> <span class='ocrx_word' id='word_1_578' title='bbox 1502 5411 1520 5445; x_wconf 88' lang='grc' dir='ltr'><strong>ι</strong></span> <span class='ocrx_word' id='word_1_579' title='bbox 1554 5389 1768 5448; x_wconf 81' lang='lat' dir='ltr'><strong>sanavit</strong></span> <span class='ocrx_word' id='word_1_580' title='bbox 1802 5432 1817 5457; x_wconf 92' lang='lat'><strong>,</strong></span> <span class='ocrx_word' id='word_1_581' title='bbox 1867 5410 1963 5448; x_wconf 83' lang='lat' dir='ltr'><strong>cu-</strong></span> 
     </span>
    </p>
   </div>
   <div class='ocr_carea' id='block_1_73' title="bbox 387 5462 589 5514">
    <p class='ocr_par' dir='ltr' id='par_1_73' title="bbox 387 5462 589 5514">
     <span class='ocr_line' id='line_1_75' title="bbox 387 5462 589 5514; baseline -0.015 0"><span class='ocrx_word' id='word_1_582' title='bbox 387 5462 543 5514; x_wconf 80' lang='lat' dir='ltr'><strong>lavit.</strong></span> <span class='ocrx_word' id='word_1_583' title='bbox 570 5479 589 5512; x_wconf 74' lang='grc' dir='ltr'><strong>ι</strong></span> 
     </span>
    </p>
   </div>
   <div class='ocr_carea' id='block_1_74' title="bbox 459 5517 1959 5599">
    <p class='ocr_par' dir='ltr' id='par_1_74' title="bbox 459 5517 1959 5599">
     <span class='ocr_line' id='line_1_76' title="bbox 459 5517 1959 5599; baseline 0.002 -19"><span class='ocrx_word' id='word_1_584' title='bbox 459 5531 573 5599; x_wconf 86' lang='grc'>(85)</span> <span class='ocrx_word' id='word_1_585' title='bbox 600 5529 772 5584; x_wconf 80' lang='lat' dir='ltr'><strong>Holus</strong></span> <span class='ocrx_word' id='word_1_586' title='bbox 805 5530 1007 5585; x_wconf 86' lang='lat' dir='ltr'><strong>labores</strong></span> <span class='ocrx_word' id='word_1_587' title='bbox 1054 5532 1489 5599; x_wconf 81' lang='lat' dir='ltr'><strong>interpretantur.</strong></span> <span class='ocrx_word' id='word_1_588' title='bbox 1535 5532 1697 5587; x_wconf 80' lang='lat' dir='ltr'><strong>Forte</strong></span> <span class='ocrx_word' id='word_1_589' title='bbox 1739 5534 1805 5586; x_wconf 83' lang='lat' dir='ltr'><strong>ab</strong></span> <span class='ocrx_word' id='word_1_590' title='bbox 1848 5517 1959 5599; x_wconf 62' lang='lat' dir='ltr'><strong>y&#39;m</strong></span> 
     </span>
    </p>
   </div>
   <div class='ocr_carea' id='block_1_75' title="bbox 392 5600 1957 5672">
    <p class='ocr_par' dir='ltr' id='par_1_75' title="bbox 392 5600 1957 5672">
     <span class='ocr_line' id='line_1_77' title="bbox 392 5600 1957 5672; baseline 0.003 -19"><span class='ocrx_word' id='word_1_591' title='bbox 392 5616 411 5672; x_wconf 68' lang='grc' dir='ltr'><strong>ι</strong></span> <span class='ocrx_word' id='word_1_592' title='bbox 437 5601 764 5672; x_wconf 80' lang='lat' dir='ltr'><strong>molestavit,</strong></span> <span class='ocrx_word' id='word_1_593' title='bbox 795 5600 1183 5672; x_wconf 84' lang='lat' dir='ltr'><strong>nioleste_ursit.</strong></span> <span class='ocrx_word' id='word_1_594' title='bbox 1219 5621 1236 5653; x_wconf 75' lang='grc' dir='ltr'><strong>ι</strong></span> <span class='ocrx_word' id='word_1_595' title='bbox 1264 5600 1375 5656; x_wconf 89' lang='lat' dir='ltr'><strong>Nec</strong></span> <span class='ocrx_word' id='word_1_596' title='bbox 1398 5604 1579 5657; x_wconf 83' lang='lat' dir='ltr'><strong>obstat</strong></span> <span class='ocrx_word' id='word_1_597' title='bbox 1603 5604 1743 5672; x_wconf 87' lang='lat' dir='ltr'><strong>quod</strong></span> <span class='ocrx_word' id='word_1_598' title='bbox 1778 5604 1829 5657; x_wconf 92' lang='lat' dir='ltr'><strong>in</strong></span> <span class='ocrx_word' id='word_1_599' title='bbox 1849 5605 1957 5659; x_wconf 85' lang='lat' dir='ltr'><strong>lle-</strong></span> 
     </span>
    </p>
   </div>
   <div class='ocr_carea' id='block_1_76' title="bbox 389 5670 1952 5742">
    <p class='ocr_par' dir='ltr' id='par_1_76' title="bbox 389 5670 1952 5742">
     <span class='ocr_line' id='line_1_78' title="bbox 389 5670 1952 5742; baseline 0.004 -20"><span class='ocrx_word' id='word_1_600' title='bbox 389 5670 536 5742; x_wconf 62' lang='lat' dir='ltr'><strong>brato</strong></span> <span class='ocrx_word' id='word_1_601' title='bbox 561 5670 728 5725; x_wconf 84' lang='lat' dir='ltr'><strong>Halus</strong></span> <span class='ocrx_word' id='word_1_602' title='bbox 765 5686 866 5724; x_wconf 92' lang='lat' dir='ltr'><strong>non</strong></span> <span class='ocrx_word' id='word_1_603' title='bbox 894 5686 987 5739; x_wconf 86' lang='lat' dir='ltr'><strong>per</strong></span> <span class='ocrx_word' id='word_1_604' title='bbox 1010 5670 1183 5725; x_wconf 87' lang='lat' dir='ltr'><strong>Tsade</strong></span> <span class='ocrx_word' id='word_1_605' title='bbox 1215 5674 1306 5727; x_wconf 82' lang='lat' dir='ltr'><strong>sed</strong></span> <span class='ocrx_word' id='word_1_606' title='bbox 1335 5689 1426 5742; x_wconf 90' lang='lat' dir='ltr'><strong>per</strong></span> <span class='ocrx_word' id='word_1_607' title='bbox 1458 5670 1637 5727; x_wconf 75' lang='lat' dir='ltr'><strong>Schiti</strong></span> <span class='ocrx_word' id='word_1_608' title='bbox 1673 5675 1952 5728; x_wconf 84' lang='lat' dir='ltr'><strong>scribitur.</strong></span> 
     </span>
    </p>
   </div>
   <div class='ocr_carea' id='block_1_77' title="bbox 385 5739 1960 5814">
    <p class='ocr_par' dir='ltr' id='par_1_77' title="bbox 385 5739 1960 5814">
     <span class='ocr_line' id='line_1_79' title="bbox 385 5739 1960 5814; baseline 0.004 -19"><span class='ocrx_word' id='word_1_609' title='bbox 385 5739 712 5811; x_wconf 77' lang='lat' dir='ltr'><strong>Plerumque</strong></span> <span class='ocrx_word' id='word_1_610' title='bbox 732 5742 874 5795; x_wconf 88' lang='lat' dir='ltr'><strong>enim</strong></span> <span class='ocrx_word' id='word_1_611' title='bbox 894 5751 1109 5814; x_wconf 75' lang='lat' dir='ltr'><strong>veteres</strong></span> <span class='ocrx_word' id='word_1_612' title='bbox 1123 5739 1512 5814; x_wconf 68' lang='lat' dir='ltr'><strong>etymologisttc</strong></span> <span class='ocrx_word' id='word_1_613' title='bbox 1530 5746 1597 5799; x_wconf 85' lang='lat' dir='ltr'><strong>ad</strong></span> <span class='ocrx_word' id='word_1_614' title='bbox 1620 5744 1793 5801; x_wconf 86' lang='lat' dir='ltr'><strong>solum</strong></span> <span class='ocrx_word' id='word_1_615' title='bbox 1820 5744 1960 5802; x_wconf 85' lang='lat' dir='ltr'><strong>litte-</strong></span> 
     </span>
    </p>
   </div>
   <div class='ocr_carea' id='block_1_78' title="bbox 389 5812 1196 5871">
    <p class='ocr_par' dir='ltr' id='par_1_78' title="bbox 389 5812 1196 5871">
     <span class='ocr_line' id='line_1_80' title="bbox 389 5812 1196 5871; baseline 0.005 -4"><span class='ocrx_word' id='word_1_616' title='bbox 389 5824 573 5870; x_wconf 80' lang='lat' dir='ltr'><strong>tarum</strong></span> <span class='ocrx_word' id='word_1_617' title='bbox 601 5828 793 5869; x_wconf 86' lang='lat' dir='ltr'><strong>sonum</strong></span> <span class='ocrx_word' id='word_1_618' title='bbox 825 5812 1196 5871; x_wconf 63' lang='lat' dir='ltr'><strong>attendebant.</strong></span> 
     </span>
    </p>
   </div>
   <div class='ocr_carea' id='block_1_79' title="bbox 1307 5940 1341 5972">
    <p class='ocr_par' dir='ltr' id='par_1_79' title="bbox 1307 5940 1341 5972">
     <span class='ocr_line' id='line_1_81' title="bbox 1307 5940 1341 5972; baseline 0 0"><span class='ocrx_word' id='word_1_619' title='bbox 1307 5940 1341 5972; x_wconf 76' lang='grc' dir='ltr'><strong><em>ο</em></strong></span> 
     </span>
    </p>
   </div>
   <div class='ocr_carea' id='block_1_80' title="bbox 1556 4505 2119 4573">
    <p class='ocr_par' dir='ltr' id='par_1_80' title="bbox 1556 4505 2119 4573">
     <span class='ocr_line' id='line_1_82' title="bbox 1556 4505 2119 4573; baseline 0.004 -14"><span class='ocrx_word' id='word_1_620' title='bbox 1556 4508 1597 4537; x_wconf 73' lang='grc'><strong>⁸³</strong></span> <span class='ocrx_word' id='word_1_621' title='bbox 1621 4505 1778 4560; x_wconf 88' lang='lat' dir='ltr'><strong>Num.</strong></span> <span class='ocrx_word' id='word_1_622' title='bbox 1805 4521 2003 4573; x_wconf 68' lang='lat' dir='ltr'><strong>sum,</strong></span> <span class='ocrx_word' id='word_1_623' title='bbox 2032 4505 2119 4561; x_wconf 75' lang='lat' dir='ltr'><strong>I2.</strong></span> 
     </span>
    </p>
   </div>
   <div class='ocr_carea' id='block_1_81' title="bbox 2083 1944 3667 2016">
    <p class='ocr_par' dir='ltr' id='par_1_81' title="bbox 2083 1944 3667 2016">
     <span class='ocr_line' id='line_1_83' title="bbox 2083 1944 3667 2016; baseline 0.002 -18"><span class='ocrx_word' id='word_1_624' title='bbox 2083 1945 2401 2012; x_wconf 84' lang='lat' dir='ltr'><strong>spiritaliter</strong></span> <span class='ocrx_word' id='word_1_625' title='bbox 2448 1944 2706 2011; x_wconf 85' lang='lat' dir='ltr'><strong>dijudicat</strong></span> <span class='ocrx_word' id='word_1_626' title='bbox 2754 1947 2957 2010; x_wconf 83' lang='lat' dir='ltr'><strong>omnia,</strong></span> <span class='ocrx_word' id='word_1_627' title='bbox 2988 1956 3043 2000; x_wconf 93' lang='lat' dir='ltr'><strong>et</strong></span> <span class='ocrx_word' id='word_1_628' title='bbox 3075 1946 3191 2015; x_wconf 85' lang='lat' dir='ltr'><strong>ipsa</strong></span> <span class='ocrx_word' id='word_1_629' title='bbox 3218 1962 3245 1998; x_wconf 90' lang='lat' dir='ltr'><strong>a</strong></span> <span class='ocrx_word' id='word_1_630' title='bbox 3278 1947 3493 2001; x_wconf 87' lang='lat' dir='ltr'><strong>nemine</strong></span> <span class='ocrx_word' id='word_1_631' title='bbox 3524 1948 3667 2016; x_wconf 90' lang='lat' dir='ltr'><strong>diju-</strong></span> 
     </span>
    </p>
   </div>
   <div class='ocr_carea' id='block_1_82' title="bbox 2082 2036 3661 2107">
    <p class='ocr_par' dir='ltr' id='par_1_82' title="bbox 2082 2036 3661 2107">
     <span class='ocr_line' id='line_1_84' title="bbox 2082 2036 3661 2107; baseline 0.003 -19"><span class='ocrx_word' id='word_1_632' title='bbox 2082 2036 2318 2089; x_wconf 85' lang='lat' dir='ltr'><strong>dicatur.</strong></span> <span class='ocrx_word' id='word_1_633' title='bbox 2382 2036 2513 2089; x_wconf 84' lang='lat' dir='ltr'><strong>Post</strong></span> <span class='ocrx_word' id='word_1_634' title='bbox 2568 2036 2683 2092; x_wconf 66' lang='lat' dir='ltr'><strong>huic</strong></span> <span class='ocrx_word' id='word_1_635' title='bbox 2725 2040 3045 2107; x_wconf 88' lang='lat' dir='ltr'><strong>pervenitur</strong></span> <span class='ocrx_word' id='word_1_636' title='bbox 3096 2039 3149 2092; x_wconf 91' lang='lat' dir='ltr'><strong>in</strong></span> <span class='ocrx_word' id='word_1_637' title='bbox 3202 2039 3474 2092; x_wconf 89' lang='lat' dir='ltr'><strong>desertum</strong></span> <span class='ocrx_word' id='word_1_638' title='bbox 3510 2039 3661 2093; x_wconf 91' lang='lat' dir='ltr'><strong>Sina.</strong></span> 
     </span>
    </p>
   </div>
   <div class='ocr_carea' id='block_1_83' title="bbox 2083 2128 3662 2202">
    <p class='ocr_par' dir='ltr' id='par_1_83' title="bbox 2083 2128 3662 2202">
     <span class='ocr_line' id='line_1_85' title="bbox 2083 2128 3662 2202; baseline 0.004 -21"><span class='ocrx_word' id='word_1_639' title='bbox 2083 2128 2211 2182; x_wconf 87' lang='lat' dir='ltr'><strong>Sina</strong></span> <span class='ocrx_word' id='word_1_640' title='bbox 2244 2129 2357 2196; x_wconf 88' lang='lat' dir='ltr'><strong>ipse</strong></span> <span class='ocrx_word' id='word_1_641' title='bbox 2396 2129 2613 2198; x_wconf 87' lang='lat' dir='ltr'><strong>quidem</strong></span> <span class='ocrx_word' id='word_1_642' title='bbox 2648 2130 2797 2185; x_wconf 92' lang='lat' dir='ltr'><strong>locus</strong></span> <span class='ocrx_word' id='word_1_643' title='bbox 2822 2141 2904 2185; x_wconf 90' lang='lat' dir='ltr'><strong>est</strong></span> <span class='ocrx_word' id='word_1_644' title='bbox 2933 2131 3158 2195; x_wconf 90' lang='lat' dir='ltr'><strong>deserti,</strong></span> <span class='ocrx_word' id='word_1_645' title='bbox 3186 2147 3344 2200; x_wconf 90' lang='lat' dir='ltr'><strong>quem</strong></span> <span class='ocrx_word' id='word_1_646' title='bbox 3373 2148 3535 2202; x_wconf 89' lang='lat' dir='ltr'><strong>supra</strong></span> <span class='ocrx_word' id='word_1_647' title='bbox 3566 2134 3662 2187; x_wconf 88' lang='lat' dir='ltr'><strong>Sin</strong></span> 
     </span>
    </p>
   </div>
   <div class='ocr_carea' id='block_1_84' title="bbox 2080 2220 3662 2292">
    <p class='ocr_par' dir='ltr' id='par_1_84' title="bbox 2080 2220 3662 2292">
     <span class='ocr_line' id='line_1_86' title="bbox 2080 2220 3662 2292; baseline 0.002 -17"><span class='ocrx_word' id='word_1_648' title='bbox 2080 2220 2401 2275; x_wconf 86' lang='lat' dir='ltr'><strong>memoravit</strong></span> <span class='ocrx_word' id='word_1_649' title='bbox 2443 2236 2455 2272; x_wconf 90' lang='lat'><strong>:</strong></span> <span class='ocrx_word' id='word_1_650' title='bbox 2511 2221 2602 2274; x_wconf 90' lang='lat' dir='ltr'><strong>sed</strong></span> <span class='ocrx_word' id='word_1_651' title='bbox 2657 2221 2743 2275; x_wconf 90' lang='lat' dir='ltr'><strong>bic</strong></span> <span class='ocrx_word' id='word_1_652' title='bbox 2789 2222 2961 2291; x_wconf 86' lang='lat' dir='ltr'><strong>magis</strong></span> <span class='ocrx_word' id='word_1_653' title='bbox 3003 2222 3152 2277; x_wconf 90' lang='lat' dir='ltr'><strong>locus</strong></span> <span class='ocrx_word' id='word_1_654' title='bbox 3208 2224 3426 2286; x_wconf 92' lang='lat' dir='ltr'><strong>montis,</strong></span> <span class='ocrx_word' id='word_1_655' title='bbox 3468 2224 3559 2292; x_wconf 91' lang='lat' dir='ltr'><strong>qui</strong></span> <span class='ocrx_word' id='word_1_656' title='bbox 3610 2225 3662 2278; x_wconf 89' lang='lat' dir='ltr'><strong>in</strong></span> 
     </span>
    </p>
   </div>
   <div class='ocr_carea' id='block_1_85' title="bbox 2082 2317 3661 2389">
    <p class='ocr_par' dir='ltr' id='par_1_85' title="bbox 2082 2317 3661 2389">
     <span class='ocr_line' id='line_1_87' title="bbox 2082 2317 3661 2389; baseline -0.001 -16"><span class='ocrx_word' id='word_1_657' title='bbox 2082 2320 2198 2389; x_wconf 90' lang='lat' dir='ltr'><strong>ipso</strong></span> <span class='ocrx_word' id='word_1_658' title='bbox 2233 2319 2448 2373; x_wconf 86' lang='lat' dir='ltr'><strong>deserto</strong></span> <span class='ocrx_word' id='word_1_659' title='bbox 2489 2326 2591 2378; x_wconf 87' lang='lat' dir='ltr'><strong>est.</strong></span> <span class='ocrx_word' id='word_1_660' title='bbox 2618 2317 2921 2386; x_wconf 86' lang='lat' dir='ltr'><strong>appellatur</strong></span> <span class='ocrx_word' id='word_1_661' title='bbox 2960 2335 2974 2372; x_wconf 89' lang='lat'><strong>:</strong></span> <span class='ocrx_word' id='word_1_662' title='bbox 3014 2318 3105 2386; x_wconf 91' lang='lat' dir='ltr'><strong>qui</strong></span> <span class='ocrx_word' id='word_1_663' title='bbox 3159 2320 3321 2372; x_wconf 86' lang='lat' dir='ltr'><strong>etiam</strong></span> <span class='ocrx_word' id='word_1_664' title='bbox 3356 2319 3469 2387; x_wconf 86' lang='lat' dir='ltr'><strong>ipse</strong></span> <span class='ocrx_word' id='word_1_665' title='bbox 3500 2335 3661 2373; x_wconf 79' lang='lat' dir='ltr'><strong>voca-</strong></span> 
     </span>
    </p>
   </div>
   <div class='ocr_carea' id='block_1_86' title="bbox 2080 2407 3664 2475">
    <p class='ocr_par' dir='ltr' id='par_1_86' title="bbox 2080 2407 3664 2475">
     <span class='ocr_line' id='line_1_88' title="bbox 2080 2407 3664 2475; baseline -0.006 -11"><span class='ocrx_word' id='word_1_666' title='bbox 2080 2409 2205 2464; x_wconf 87' lang='lat' dir='ltr'><strong>bulo</strong></span> <span class='ocrx_word' id='word_1_667' title='bbox 2259 2409 2457 2463; x_wconf 86' lang='lat' dir='ltr'><strong>deserti</strong></span> <span class='ocrx_word' id='word_1_668' title='bbox 2502 2407 2630 2462; x_wconf 90' lang='lat' dir='ltr'><strong>Sina</strong></span> <span class='ocrx_word' id='word_1_669' title='bbox 2682 2410 3014 2461; x_wconf 89' lang='lat' dir='ltr'><strong>nominatur.</strong></span> <span class='ocrx_word' id='word_1_670' title='bbox 3043 2408 3329 2475; x_wconf 82' lang='lat' dir='ltr'><strong>Postquam</strong></span> <span class='ocrx_word' id='word_1_671' title='bbox 3364 2422 3493 2475; x_wconf 84' lang='lat' dir='ltr'><strong>ergo</strong></span> <span class='ocrx_word' id='word_1_672' title='bbox 3544 2407 3664 2458; x_wconf 82' lang='lat' dir='ltr'><strong>lau-</strong></span> 
     </span>
    </p>
   </div>
   <div class='ocr_carea' id='block_1_87' title="bbox 2079 2497 3664 2569">
    <p class='ocr_par' dir='ltr' id='par_1_87' title="bbox 2079 2497 3664 2569">
     <span class='ocr_line' id='line_1_89' title="bbox 2079 2497 3664 2569; baseline -0.003 -14"><span class='ocrx_word' id='word_1_673' title='bbox 2079 2501 2275 2556; x_wconf 91' lang='lat' dir='ltr'><strong>dabilis</strong></span> <span class='ocrx_word' id='word_1_674' title='bbox 2331 2499 2517 2569; x_wconf 82' lang='lat' dir='ltr'><strong>iudicii</strong></span> <span class='ocrx_word' id='word_1_675' title='bbox 2583 2498 2727 2554; x_wconf 80' lang='lat' dir='ltr'><strong>faeta</strong></span> <span class='ocrx_word' id='word_1_676' title='bbox 2758 2508 2842 2553; x_wconf 90' lang='lat' dir='ltr'><strong>est</strong></span> <span class='ocrx_word' id='word_1_677' title='bbox 2896 2499 3096 2561; x_wconf 83' lang='lat' dir='ltr'><strong>anima,</strong></span> <span class='ocrx_word' id='word_1_678' title='bbox 3151 2506 3206 2551; x_wconf 88' lang='lat' dir='ltr'><strong>et</strong></span> <span class='ocrx_word' id='word_1_679' title='bbox 3250 2508 3452 2552; x_wconf 88' lang='lat' dir='ltr'><strong>rectum</strong></span> <span class='ocrx_word' id='word_1_680' title='bbox 3497 2497 3664 2565; x_wconf 68' lang='lat' dir='ltr'><strong>carpit</strong></span> 
     </span>
    </p>
   </div>
   <div class='ocr_carea' id='block_1_88' title="bbox 2080 2591 3662 2661">
    <p class='ocr_par' dir='ltr' id='par_1_88' title="bbox 2080 2591 3662 2661">
     <span class='ocr_line' id='line_1_90' title="bbox 2080 2591 3662 2661; baseline -0.005 -12"><span class='ocrx_word' id='word_1_681' title='bbox 2080 2594 2284 2649; x_wconf 85' lang='lat' dir='ltr'><strong>habere</strong></span> <span class='ocrx_word' id='word_1_682' title='bbox 2334 2592 2619 2661; x_wconf 77' lang='lat' dir='ltr'><strong>judicium,</strong></span> <span class='ocrx_word' id='word_1_683' title='bbox 2681 2600 2806 2646; x_wconf 91' lang='lat' dir='ltr'><strong>tunc</strong></span> <span class='ocrx_word' id='word_1_684' title='bbox 2850 2592 2900 2646; x_wconf 92' lang='lat' dir='ltr'><strong>ei</strong></span> <span class='ocrx_word' id='word_1_685' title='bbox 2954 2592 3115 2645; x_wconf 83' lang='lat' dir='ltr'><strong>datur</strong></span> <span class='ocrx_word' id='word_1_686' title='bbox 3164 2591 3249 2645; x_wconf 78' lang='lat' dir='ltr'><strong>lex</strong></span> <span class='ocrx_word' id='word_1_687' title='bbox 3300 2607 3329 2644; x_wconf 87' lang='lat' dir='ltr'><strong>a</strong></span> <span class='ocrx_word' id='word_1_688' title='bbox 3367 2591 3497 2654; x_wconf 88' lang='lat' dir='ltr'><strong>Deo,</strong></span> <span class='ocrx_word' id='word_1_689' title='bbox 3539 2604 3662 2644; x_wconf 81' lang='lat' dir='ltr'><strong>cum</strong></span> 
     </span>
    </p>
   </div>
   <div class='ocr_carea' id='block_1_89' title="bbox 2079 2683 3664 2756">
    <p class='ocr_par' dir='ltr' id='par_1_89' title="bbox 2079 2683 3664 2756">
     <span class='ocr_line' id='line_1_91' title="bbox 2079 2683 3664 2756; baseline -0.004 -15"><span class='ocrx_word' id='word_1_690' title='bbox 2079 2702 2253 2756; x_wconf 76' lang='lat' dir='ltr'><strong>capax</strong></span> <span class='ocrx_word' id='word_1_691' title='bbox 2334 2701 2455 2740; x_wconf 88' lang='lat' dir='ltr'><strong>esse</strong></span> <span class='ocrx_word' id='word_1_692' title='bbox 2526 2683 2754 2753; x_wconf 77' lang='lat' dir='ltr'><strong>cmperit</strong></span> <span class='ocrx_word' id='word_1_693' title='bbox 2826 2697 3163 2739; x_wconf 87' lang='lat' dir='ltr'><strong>secretorum</strong></span> <span class='ocrx_word' id='word_1_694' title='bbox 3235 2683 3538 2736; x_wconf 89' lang='lat' dir='ltr'><strong>divinorum</strong></span> <span class='ocrx_word' id='word_1_695' title='bbox 3611 2690 3664 2736; x_wconf 84' lang='lat' dir='ltr'><strong>et</strong></span> 
     </span>
    </p>
   </div>
   <div class='ocr_carea' id='block_1_90' title="bbox 2077 2775 3659 2835">
    <p class='ocr_par' dir='ltr' id='par_1_90' title="bbox 2077 2775 3659 2835">
     <span class='ocr_line' id='line_1_92' title="bbox 2077 2775 3659 2835; baseline -0.004 -2"><span class='ocrx_word' id='word_1_696' title='bbox 2077 2779 2374 2835; x_wconf 60' lang='lat' dir='ltr'><strong>caelestium</strong></span> <span class='ocrx_word' id='word_1_697' title='bbox 2418 2777 2708 2831; x_wconf 85' lang='lat' dir='ltr'><strong>visionum.</strong></span> <span class='ocrx_word' id='word_1_698' title='bbox 2757 2775 2882 2829; x_wconf 90' lang='lat' dir='ltr'><strong>lude</strong></span> <span class='ocrx_word' id='word_1_699' title='bbox 2939 2776 3153 2828; x_wconf 89' lang='lat' dir='ltr'><strong>venitur</strong></span> <span class='ocrx_word' id='word_1_700' title='bbox 3202 2775 3269 2828; x_wconf 87' lang='lat' dir='ltr'><strong>ad</strong></span> <span class='ocrx_word' id='word_1_701' title='bbox 3317 2782 3659 2828; x_wconf 65' lang='lat' dir='ltr'><strong>monumenta</strong></span> 
     </span>
    </p>
   </div>
   <div class='ocr_carea' id='block_1_91' title="bbox 2078 2863 3664 2940">
    <p class='ocr_par' dir='ltr' id='par_1_91' title="bbox 2078 2863 3664 2940">
     <span class='ocr_line' id='line_1_93' title="bbox 2078 2863 3664 2940; baseline -0.006 -15"><span class='ocrx_word' id='word_1_702' title='bbox 2078 2871 2549 2940; x_wconf 65' lang='lat' dir='ltr'><strong>concupiscentia}.</strong></span> <span class='ocrx_word' id='word_1_703' title='bbox 2616 2868 2754 2932; x_wconf 89' lang='lat' dir='ltr'><strong>Quid</strong></span> <span class='ocrx_word' id='word_1_704' title='bbox 2824 2875 2908 2921; x_wconf 88' lang='lat' dir='ltr'><strong>est</strong></span> <span class='ocrx_word' id='word_1_705' title='bbox 2988 2876 3331 2921; x_wconf 85' lang='lat' dir='ltr'><strong>monumenta</strong></span> <span class='ocrx_word' id='word_1_706' title='bbox 3404 2863 3664 2932; x_wconf 76' lang='lat' dir='ltr'><strong>concupi-</strong></span> 
     </span>
    </p>
   </div>
   <div class='ocr_carea' id='block_1_92' title="bbox 2078 2957 3666 3027">
    <p class='ocr_par' dir='ltr' id='par_1_92' title="bbox 2078 2957 3666 3027">
     <span class='ocr_line' id='line_1_94' title="bbox 2078 2957 3666 3027; baseline -0.004 -11"><span class='ocrx_word' id='word_1_707' title='bbox 2078 2962 2332 3018; x_wconf 63' lang='lat' dir='ltr'><strong>scentite?</strong></span> <span class='ocrx_word' id='word_1_708' title='bbox 2383 2962 2514 3015; x_wconf 92' lang='lat' dir='ltr'><strong>Sine</strong></span> <span class='ocrx_word' id='word_1_709' title='bbox 2576 2963 2739 3015; x_wconf 89' lang='lat' dir='ltr'><strong>dubio</strong></span> <span class='ocrx_word' id='word_1_710' title='bbox 2789 2960 2877 3014; x_wconf 87' lang='lat' dir='ltr'><strong>ubi</strong></span> <span class='ocrx_word' id='word_1_711' title='bbox 2933 2960 3159 3027; x_wconf 75' lang='lat' dir='ltr'><strong>sepulta:</strong></span> <span class='ocrx_word' id='word_1_712' title='bbox 3212 2966 3338 3012; x_wconf 85' lang='lat' dir='ltr'><strong>sunt</strong></span> <span class='ocrx_word' id='word_1_713' title='bbox 3386 2965 3442 3009; x_wconf 91' lang='lat' dir='ltr'><strong>ct</strong></span> <span class='ocrx_word' id='word_1_714' title='bbox 3500 2957 3666 3009; x_wconf 82' lang='lat' dir='ltr'><strong>obru-</strong></span> 
     </span>
    </p>
   </div>
   <div class='ocr_carea' id='block_1_93' title="bbox 2079 3049 3663 3122">
    <p class='ocr_par' dir='ltr' id='par_1_93' title="bbox 2079 3049 3663 3122">
     <span class='ocr_line' id='line_1_95' title="bbox 2079 3049 3663 3122; baseline -0.005 -15"><span class='ocrx_word' id='word_1_715' title='bbox 2079 3064 2143 3109; x_wconf 67' lang='lat' dir='ltr'><strong>tre</strong></span> <span class='ocrx_word' id='word_1_716' title='bbox 2206 3055 2679 3122; x_wconf 58' lang='lat' dir='ltr'><strong>concupiscentia},</strong></span> <span class='ocrx_word' id='word_1_717' title='bbox 2740 3054 2828 3109; x_wconf 92' lang='lat' dir='ltr'><strong>ubi</strong></span> <span class='ocrx_word' id='word_1_718' title='bbox 2884 3053 3149 3107; x_wconf 79' lang='lat' dir='ltr'><strong>exstincta</strong></span> <span class='ocrx_word' id='word_1_719' title='bbox 3213 3059 3297 3104; x_wconf 88' lang='lat' dir='ltr'><strong>est</strong></span> <span class='ocrx_word' id='word_1_720' title='bbox 3340 3049 3518 3103; x_wconf 87' lang='lat' dir='ltr'><strong>omnis</strong></span> <span class='ocrx_word' id='word_1_721' title='bbox 3564 3064 3663 3101; x_wconf 87' lang='lat' dir='ltr'><strong>cu—</strong></span> 
     </span>
    </p>
   </div>
   <div class='ocr_carea' id='block_1_94' title="bbox 2078 3138 3664 3214">
    <p class='ocr_par' dir='ltr' id='par_1_94' title="bbox 2078 3138 3664 3214">
     <span class='ocr_line' id='line_1_96' title="bbox 2078 3138 3664 3214; baseline -0.004 -16"><span class='ocrx_word' id='word_1_722' title='bbox 2078 3146 2296 3214; x_wconf 88' lang='lat' dir='ltr'><strong>piditas,</strong></span> <span class='ocrx_word' id='word_1_723' title='bbox 2353 3159 2452 3199; x_wconf 88' lang='lat' dir='ltr'><strong>nec</strong></span> <span class='ocrx_word' id='word_1_724' title='bbox 2504 3143 2642 3198; x_wconf 90' lang='lat' dir='ltr'><strong>ultra</strong></span> <span class='ocrx_word' id='word_1_725' title='bbox 2683 3141 3023 3213; x_wconf 86' lang='lat' dir='ltr'><strong>concupiscit</strong></span> <span class='ocrx_word' id='word_1_726' title='bbox 3074 3156 3202 3195; x_wconf 91' lang='lat' dir='ltr'><strong>caro</strong></span> <span class='ocrx_word' id='word_1_727' title='bbox 3247 3140 3507 3192; x_wconf 84' lang='lat' dir='ltr'><strong>adversus</strong></span> <span class='ocrx_word' id='word_1_728' title='bbox 3550 3138 3664 3207; x_wconf 87' lang='lat' dir='ltr'><strong>spi-</strong></span> 
     </span>
    </p>
   </div>
   <div class='ocr_carea' id='block_1_95' title="bbox 2074 3229 3667 3300">
    <p class='ocr_par' dir='ltr' id='par_1_95' title="bbox 2074 3229 3667 3300">
     <span class='ocr_line' id='line_1_97' title="bbox 2074 3229 3667 3300; baseline -0.004 -10"><span class='ocrx_word' id='word_1_729' title='bbox 2074 3237 2269 3300; x_wconf 91' lang='lat' dir='ltr'><strong>ritum,</strong></span> <span class='ocrx_word' id='word_1_730' title='bbox 2339 3236 2660 3290; x_wconf 88' lang='lat' dir='ltr'><strong>mortiﬁcata</strong></span> <span class='ocrx_word' id='word_1_731' title='bbox 2728 3236 2939 3289; x_wconf 90' lang='lat' dir='ltr'><strong>scilicet</strong></span> <span class='ocrx_word' id='word_1_732' title='bbox 3005 3242 3177 3287; x_wconf 90' lang='lat' dir='ltr'><strong>morte</strong></span> <span class='ocrx_word' id='word_1_733' title='bbox 3237 3231 3463 3285; x_wconf 80' lang='lat' dir='ltr'><strong>Christi.</strong></span> <span class='ocrx_word' id='word_1_734' title='bbox 3535 3229 3667 3285; x_wconf 85' lang='lat' dir='ltr'><strong>Post</strong></span> 
     </span>
    </p>
   </div>
   <div class='ocr_carea' id='block_1_96' title="bbox 2073 3324 3667 3397">
    <p class='ocr_par' dir='ltr' id='par_1_96' title="bbox 2073 3324 3667 3397">
     <span class='ocr_line' id='line_1_98' title="bbox 2073 3324 3667 3397; baseline -0.008 -12"><span class='ocrx_word' id='word_1_735' title='bbox 2073 3332 2189 3385; x_wconf 60' lang='lat' dir='ltr'><strong>lia‘c</strong></span> <span class='ocrx_word' id='word_1_736' title='bbox 2230 3330 2442 3384; x_wconf 87' lang='lat' dir='ltr'><strong>venitur</strong></span> <span class='ocrx_word' id='word_1_737' title='bbox 2488 3331 2541 3382; x_wconf 94' lang='lat' dir='ltr'><strong>in</strong></span> <span class='ocrx_word' id='word_1_738' title='bbox 2576 3329 2830 3388; x_wconf 86' lang='lat' dir='ltr'><strong>Ascrotb.</strong></span> <span class='ocrx_word' id='word_1_739' title='bbox 2883 3327 3025 3397; x_wconf 87' lang='lat' dir='ltr'><strong>quod</strong></span> <span class='ocrx_word' id='word_1_740' title='bbox 3079 3326 3464 3393; x_wconf 87' lang='lat' dir='ltr'><strong>interpretatur</strong></span> <span class='ocrx_word' id='word_1_741' title='bbox 3522 3324 3667 3375; x_wconf 85' lang='lat' dir='ltr'><strong>atria</strong></span> 
     </span>
    </p>
   </div>
   <div class='ocr_carea' id='block_1_97' title="bbox 2072 3415 3663 3491">
    <p class='ocr_par' dir='ltr' id='par_1_97' title="bbox 2072 3415 3663 3491">
     <span class='ocr_line' id='line_1_99' title="bbox 2072 3415 3663 3491; baseline -0.006 -16"><span class='ocrx_word' id='word_1_742' title='bbox 2072 3423 2332 3490; x_wconf 71' lang='lat' dir='ltr'><strong>perfecta,</strong></span> <span class='ocrx_word' id='word_1_743' title='bbox 2386 3421 2473 3476; x_wconf 88' lang='lat' dir='ltr'><strong>vel</strong></span> <span class='ocrx_word' id='word_1_744' title='bbox 2529 3421 2796 3475; x_wconf 84' lang='lat' dir='ltr'><strong>beatitudo</strong></span> <span class='ocrx_word' id='word_1_745' title='bbox 2853 3421 2988 3491; x_wconf 80' lang='grc'>(87),</span> <span class='ocrx_word' id='word_1_746' title='bbox 3035 3418 3250 3473; x_wconf 87' lang='lat' dir='ltr'><strong>Intuere</strong></span> <span class='ocrx_word' id='word_1_747' title='bbox 3319 3415 3663 3485; x_wconf 86' lang='lat' dir='ltr'><strong>diligentius,</strong></span> 
     </span>
    </p>
   </div>
   <div class='ocr_carea' id='block_1_98' title="bbox 2072 3512 3666 3584">
    <p class='ocr_par' dir='ltr' id='par_1_98' title="bbox 2072 3512 3666 3584">
     <span class='ocr_line' id='line_1_100' title="bbox 2072 3512 3666 3584; baseline -0.004 -17"><span class='ocrx_word' id='word_1_748' title='bbox 2072 3515 2252 3569; x_wconf 91' lang='lat' dir='ltr'><strong>omnis</strong></span> <span class='ocrx_word' id='word_1_749' title='bbox 2288 3517 2479 3581; x_wconf 86' lang='lat' dir='ltr'><strong>viator,</strong></span> <span class='ocrx_word' id='word_1_750' title='bbox 2544 3514 2667 3584; x_wconf 87' lang='lat' dir='ltr'><strong>quis</strong></span> <span class='ocrx_word' id='word_1_751' title='bbox 2710 3516 2781 3569; x_wconf 90' lang='lat' dir='ltr'><strong>sit</strong></span> <span class='ocrx_word' id='word_1_752' title='bbox 2823 3515 2957 3569; x_wconf 91' lang='lat' dir='ltr'><strong>ordo</strong></span> <span class='ocrx_word' id='word_1_753' title='bbox 3004 3512 3388 3582; x_wconf 82' lang='lat' dir='ltr'><strong>profectuum:</strong></span> <span class='ocrx_word' id='word_1_754' title='bbox 3449 3519 3666 3577; x_wconf 88' lang='lat' dir='ltr'><strong>postea-</strong></span> 
     </span>
    </p>
   </div>
   <div class='ocr_carea' id='block_1_99' title="bbox 2074 3600 3665 3676">
    <p class='ocr_par' dir='ltr' id='par_1_99' title="bbox 2074 3600 3665 3676">
     <span class='ocr_line' id='line_1_101' title="bbox 2074 3600 3665 3676; baseline -0.003 -17"><span class='ocrx_word' id='word_1_755' title='bbox 2074 3622 2235 3676; x_wconf 90' lang='lat' dir='ltr'><strong>quam</strong></span> <span class='ocrx_word' id='word_1_756' title='bbox 2266 3606 2545 3676; x_wconf 83' lang='lat' dir='ltr'><strong>sepelieris</strong></span> <span class='ocrx_word' id='word_1_757' title='bbox 2583 3616 2637 3660; x_wconf 91' lang='lat' dir='ltr'><strong>et</strong></span> <span class='ocrx_word' id='word_1_758' title='bbox 2674 3606 2829 3659; x_wconf 92' lang='lat' dir='ltr'><strong>morti</strong></span> <span class='ocrx_word' id='word_1_759' title='bbox 2858 3604 3143 3659; x_wconf 89' lang='lat' dir='ltr'><strong>tradideris</strong></span> <span class='ocrx_word' id='word_1_760' title='bbox 3193 3600 3665 3670; x_wconf 82' lang='lat' dir='ltr'><strong>concupiscentias</strong></span> 
     </span>
    </p>
   </div>
   <div class='ocr_carea' id='block_1_100' title="bbox 2075 3682 3667 3769">
    <p class='ocr_par' dir='ltr' id='par_1_100' title="bbox 2075 3682 3667 3769">
     <span class='ocr_line' id='line_1_102' title="bbox 2075 3682 3667 3769; baseline -0.005 -16"><span class='ocrx_word' id='word_1_761' title='bbox 2075 3700 2290 3763; x_wconf 88' lang='lat' dir='ltr'><strong>carnis,</strong></span> <span class='ocrx_word' id='word_1_762' title='bbox 2334 3700 2518 3754; x_wconf 90' lang='lat' dir='ltr'><strong>venies</strong></span> <span class='ocrx_word' id='word_1_763' title='bbox 2574 3682 2641 3752; x_wconf 74' lang='lat' dir='ltr'><strong>ad</strong></span> <span class='ocrx_word' id='word_1_764' title='bbox 2695 3699 3081 3769; x_wconf 89' lang='lat' dir='ltr'><strong>amplitudines</strong></span> <span class='ocrx_word' id='word_1_765' title='bbox 3134 3696 3419 3757; x_wconf 89' lang='lat' dir='ltr'><strong>atriorum,</strong></span> <span class='ocrx_word' id='word_1_766' title='bbox 3478 3692 3667 3747; x_wconf 83' lang='lat' dir='ltr'><strong>venies</strong></span> 
     </span>
    </p>
   </div>
   <div class='ocr_carea' id='block_1_101' title="bbox 2075 3788 3661 3860">
    <p class='ocr_par' dir='ltr' id='par_1_101' title="bbox 2075 3788 3661 3860">
     <span class='ocr_line' id='line_1_103' title="bbox 2075 3788 3661 3860; baseline -0.009 -10"><span class='ocrx_word' id='word_1_767' title='bbox 2075 3796 2142 3850; x_wconf 86' lang='lat' dir='ltr'><strong>ad</strong></span> <span class='ocrx_word' id='word_1_768' title='bbox 2198 3794 2607 3850; x_wconf 90' lang='lat' dir='ltr'><strong>beatitudinem.</strong></span> <span class='ocrx_word' id='word_1_769' title='bbox 2661 3791 2825 3846; x_wconf 88' lang='lat' dir='ltr'><strong>Beata</strong></span> <span class='ocrx_word' id='word_1_770' title='bbox 2875 3806 3108 3860; x_wconf 89' lang='lat' dir='ltr'><strong>namque</strong></span> <span class='ocrx_word' id='word_1_771' title='bbox 3165 3797 3253 3844; x_wconf 88' lang='lat' dir='ltr'><strong>est</strong></span> <span class='ocrx_word' id='word_1_772' title='bbox 3299 3788 3481 3842; x_wconf 88' lang='lat' dir='ltr'><strong>anima</strong></span> <span class='ocrx_word' id='word_1_773' title='bbox 3540 3798 3661 3853; x_wconf 60' lang='lat' dir='ltr'><strong>quas</strong></span> 
     </span>
    </p>
   </div>
   <div class='ocr_carea' id='block_1_102' title="bbox 2077 3876 3660 3956">
    <p class='ocr_par' dir='ltr' id='par_1_102' title="bbox 2077 3876 3660 3956">
     <span class='ocr_line' id='line_1_104' title="bbox 2077 3876 3660 3956; baseline -0.009 -14"><span class='ocrx_word' id='word_1_774' title='bbox 2077 3888 2238 3942; x_wconf 88' lang='lat' dir='ltr'><strong>nullis</strong></span> <span class='ocrx_word' id='word_1_775' title='bbox 2273 3887 2384 3956; x_wconf 83' lang='lat' dir='ltr'><strong>jam</strong></span> <span class='ocrx_word' id='word_1_776' title='bbox 2422 3886 2569 3941; x_wconf 89' lang='lat' dir='ltr'><strong>vitiis</strong></span> <span class='ocrx_word' id='word_1_777' title='bbox 2620 3885 2801 3940; x_wconf 85' lang='lat' dir='ltr'><strong>carnis</strong></span> <span class='ocrx_word' id='word_1_778' title='bbox 2863 3893 3100 3953; x_wconf 86' lang='lat' dir='ltr'><strong>urgetur.</strong></span> <span class='ocrx_word' id='word_1_779' title='bbox 3162 3879 3290 3934; x_wconf 89' lang='lat' dir='ltr'><strong>Inde</strong></span> <span class='ocrx_word' id='word_1_780' title='bbox 3339 3879 3552 3933; x_wconf 90' lang='lat' dir='ltr'><strong>venitur</strong></span> <span class='ocrx_word' id='word_1_781' title='bbox 3603 3876 3660 3929; x_wconf 89' lang='lat' dir='ltr'><strong>iu</strong></span> 
     </span>
    </p>
   </div>
   <div class='ocr_carea' id='block_1_103' title="bbox 2080 3973 3657 4033">
    <p class='ocr_par' dir='ltr' id='par_1_103' title="bbox 2080 3973 3657 4033">
     <span class='ocr_line' id='line_1_105' title="bbox 2080 3973 3657 4033; baseline -0.009 0"><span class='ocrx_word' id='word_1_782' title='bbox 2080 3980 2312 4033; x_wconf 82' lang='lat' dir='ltr'><strong>Rathma</strong></span> <span class='ocrx_word' id='word_1_783' title='bbox 2367 3979 2481 4032; x_wconf 80' lang='lat' dir='ltr'><strong>sive</strong></span> <span class='ocrx_word' id='word_1_784' title='bbox 2524 3976 2781 4032; x_wconf 87' lang='lat' dir='ltr'><strong>Pharam.</strong></span> <span class='ocrx_word' id='word_1_785' title='bbox 2831 3975 3065 4029; x_wconf 81' lang='lat' dir='ltr'><strong>Ratlima</strong></span> <span class='ocrx_word' id='word_1_786' title='bbox 3112 3973 3240 4027; x_wconf 86' lang='lat' dir='ltr'><strong>visio</strong></span> <span class='ocrx_word' id='word_1_787' title='bbox 3288 3978 3657 4024; x_wconf 85' lang='lat' dir='ltr'><strong>consummata</strong></span> 
     </span>
    </p>
   </div>
   <div class='ocr_carea' id='block_1_104' title="bbox 2078 4060 3663 4139">
    <p class='ocr_par' dir='ltr' id='par_1_104' title="bbox 2078 4060 3663 4139">
     <span class='ocr_line' id='line_1_106' title="bbox 2078 4060 3663 4139; baseline -0.008 -15"><span class='ocrx_word' id='word_1_788' title='bbox 2078 4071 2484 4139; x_wconf 85' lang='lat' dir='ltr'><strong>interpretatur,</strong></span> <span class='ocrx_word' id='word_1_789' title='bbox 2539 4066 2771 4121; x_wconf 78' lang='lat' dir='ltr'><strong>Pliaram</strong></span> <span class='ocrx_word' id='word_1_790' title='bbox 2820 4080 2947 4120; x_wconf 89' lang='lat' dir='ltr'><strong>vero</strong></span> <span class='ocrx_word' id='word_1_791' title='bbox 2993 4063 3195 4119; x_wconf 78' lang='lat' dir='ltr'><strong>uisibile</strong></span> <span class='ocrx_word' id='word_1_792' title='bbox 3229 4080 3288 4117; x_wconf 91' lang='lat' dir='ltr'><strong>os</strong></span> <span class='ocrx_word' id='word_1_793' title='bbox 3320 4064 3455 4132; x_wconf 83' lang='grc'>(83).</span> <span class='ocrx_word' id='word_1_794' title='bbox 3481 4060 3663 4127; x_wconf 80' lang='lat' dir='ltr'><strong>Quid?</strong></span> 
     </span>
    </p>
   </div>
   <div class='ocr_carea' id='block_1_105' title="bbox 2079 4150 3649 4220">
    <p class='ocr_par' dir='ltr' id='par_1_105' title="bbox 2079 4150 3649 4220">
     <span class='ocr_line' id='line_1_107' title="bbox 2079 4150 3649 4220; baseline -0.008 -5"><span class='ocrx_word' id='word_1_795' title='bbox 2079 4160 2181 4215; x_wconf 91' lang='lat' dir='ltr'><strong>nisi</strong></span> <span class='ocrx_word' id='word_1_796' title='bbox 2228 4161 2298 4214; x_wconf 92' lang='lat' dir='ltr'><strong>ita</strong></span> <span class='ocrx_word' id='word_1_797' title='bbox 2341 4168 2554 4214; x_wconf 87' lang='lat' dir='ltr'><strong>crescat</strong></span> <span class='ocrx_word' id='word_1_798' title='bbox 2595 4159 2797 4220; x_wconf 87' lang='lat' dir='ltr'><strong>anima,</strong></span> <span class='ocrx_word' id='word_1_799' title='bbox 2841 4166 2899 4210; x_wconf 93' lang='lat' dir='ltr'><strong>ut</strong></span> <span class='ocrx_word' id='word_1_800' title='bbox 2934 4171 3054 4209; x_wconf 91' lang='lat' dir='ltr'><strong>cum</strong></span> <span class='ocrx_word' id='word_1_801' title='bbox 3111 4155 3331 4208; x_wconf 90' lang='lat' dir='ltr'><strong>desierit</strong></span> <span class='ocrx_word' id='word_1_802' title='bbox 3382 4150 3649 4205; x_wconf 82' lang='lat' dir='ltr'><strong>molestiis</strong></span> 
     </span>
    </p>
   </div>
   <div class='ocr_carea' id='block_1_106' title="bbox 2078 4251 3657 4323">
    <p class='ocr_par' dir='ltr' id='par_1_106' title="bbox 2078 4251 3657 4323">
     <span class='ocr_line' id='line_1_108' title="bbox 2078 4251 3657 4323; baseline -0.007 -15"><span class='ocrx_word' id='word_1_803' title='bbox 2078 4254 2261 4308; x_wconf 88' lang='lat' dir='ltr'><strong>carnis</strong></span> <span class='ocrx_word' id='word_1_804' title='bbox 2292 4251 2757 4323; x_wconf 85' lang='lat' dir='ltr'><strong>urgeri,visiones</strong></span> <span class='ocrx_word' id='word_1_805' title='bbox 2807 4251 3007 4304; x_wconf 80' lang='lat' dir='ltr'><strong>habent</strong></span> <span class='ocrx_word' id='word_1_806' title='bbox 3050 4255 3475 4310; x_wconf 81' lang='lat' dir='ltr'><strong>consummatas,</strong></span> <span class='ocrx_word' id='word_1_807' title='bbox 3532 4258 3657 4314; x_wconf 76' lang='lat' dir='ltr'><strong>per-</strong></span> 
     </span>
    </p>
   </div>
   <div class='ocr_carea' id='block_1_107' title="bbox 2081 4334 3649 4411">
    <p class='ocr_par' dir='ltr' id='par_1_107' title="bbox 2081 4334 3649 4411">
     <span class='ocr_line' id='line_1_109' title="bbox 2081 4334 3649 4411; baseline -0.003 -17"><span class='ocrx_word' id='word_1_808' title='bbox 2081 4340 2392 4411; x_wconf 84' lang='lat' dir='ltr'><strong>lectamque</strong></span> <span class='ocrx_word' id='word_1_809' title='bbox 2423 4355 2606 4394; x_wconf 86' lang='lat' dir='ltr'><strong>rerum</strong></span> <span class='ocrx_word' id='word_1_810' title='bbox 2640 4338 2819 4407; x_wconf 87' lang='lat' dir='ltr'><strong>capiat</strong></span> <span class='ocrx_word' id='word_1_811' title='bbox 2854 4337 3285 4408; x_wconf 83' lang='lat' dir='ltr'><strong>intelligentiam,</strong></span> <span class='ocrx_word' id='word_1_812' title='bbox 3317 4351 3510 4391; x_wconf 87' lang='lat' dir='ltr'><strong>causas</strong></span> <span class='ocrx_word' id='word_1_813' title='bbox 3536 4334 3649 4390; x_wconf 80' lang='lat' dir='ltr'><strong>sci-</strong></span> 
     </span>
    </p>
   </div>
   <div class='ocr_carea' id='block_1_108' title="bbox 2198 4501 3652 4570">
    <p class='ocr_par' dir='ltr' id='par_1_108' title="bbox 2198 4501 3652 4570">
     <span class='ocr_line' id='line_1_110' title="bbox 2198 4501 3652 4570; baseline -0.001 -12"><span class='ocrx_word' id='word_1_814' title='bbox 2198 4504 2241 4537; x_wconf 76' lang='grc'><strong>¹¹⁶</strong></span> <span class='ocrx_word' id='word_1_815' title='bbox 2264 4504 2409 4558; x_wconf 85' lang='lat' dir='ltr'><strong>Psal.</strong></span> <span class='ocrx_word' id='word_1_816' title='bbox 2451 4520 2568 4570; x_wconf 69' lang='lat' dir='ltr'><strong>cur,</strong></span> <span class='ocrx_word' id='word_1_817' title='bbox 2600 4506 2651 4558; x_wconf 84' lang='grc'><strong>1.</strong></span> <span class='ocrx_word' id='word_1_818' title='bbox 2733 4505 2774 4535; x_wconf 79' lang='grc'><strong>’⁸</strong></span> <span class='ocrx_word' id='word_1_819' title='bbox 2803 4504 2930 4556; x_wconf 90' lang='lat' dir='ltr'><strong>ibid.</strong></span> <span class='ocrx_word' id='word_1_820' title='bbox 2960 4505 3013 4557; x_wconf 83' lang='grc'><strong>’5.</strong></span> <span class='ocrx_word' id='word_1_821' title='bbox 3094 4504 3135 4533; x_wconf 80' lang='grc'>¹⁶</span> <span class='ocrx_word' id='word_1_822' title='bbox 3168 4501 3310 4567; x_wconf 81' lang='lat' dir='ltr'><strong>Psal,</strong></span> <span class='ocrx_word' id='word_1_823' title='bbox 3339 4518 3562 4565; x_wconf 64' lang='lat' dir='ltr'><strong>curnt,</strong></span> <span class='ocrx_word' id='word_1_824' title='bbox 3595 4502 3652 4557; x_wconf 74' lang='grc'><strong>2.</strong></span> 
     </span>
    </p>
   </div>
   <div class='ocr_carea' id='block_1_109' title="bbox 2132 4663 3652 4738">
    <p class='ocr_par' dir='ltr' id='par_1_109' title="bbox 2132 4663 3652 4738">
     <span class='ocr_line' id='line_1_111' title="bbox 2132 4663 3652 4738; baseline -0.005 -17"><span class='ocrx_word' id='word_1_825' title='bbox 2132 4667 2243 4738; x_wconf 83' lang='grc'>(86)</span> <span class='ocrx_word' id='word_1_826' title='bbox 2290 4675 2676 4732; x_wconf 84' lang='lat' dir='ltr'><strong>Interpretatur</strong></span> <span class='ocrx_word' id='word_1_827' title='bbox 2731 4677 2904 4718; x_wconf 88' lang='lat' dir='ltr'><strong>autem</strong></span> <span class='ocrx_word' id='word_1_828' title='bbox 2960 4664 3220 4738; x_wconf 75' lang='lat' dir='ltr'><strong>Iiapltidin</strong></span> <span class='ocrx_word' id='word_1_829' title='bbox 3275 4663 3391 4716; x_wconf 85' lang='lat' dir='ltr'><strong>laus</strong></span> <span class='ocrx_word' id='word_1_830' title='bbox 3431 4665 3652 4738; x_wconf 69' lang='lat' dir='ltr'><strong>jmlirii.</strong></span> 
     </span>
    </p>
   </div>
   <div class='ocr_carea' id='block_1_110' title="bbox 2069 4736 3652 4817">
    <p class='ocr_par' dir='ltr' id='par_1_110' title="bbox 2069 4736 3652 4817">
     <span class='ocr_line' id='line_1_112' title="bbox 2069 4736 3652 4817; baseline -0.004 -24"><span class='ocrx_word' id='word_1_831' title='bbox 2069 4736 2235 4794; x_wconf 80' lang='lat' dir='ltr'><strong>Forte</strong></span> <span class='ocrx_word' id='word_1_832' title='bbox 2273 4756 2299 4790; x_wconf 91' lang='lat' dir='ltr'><strong>a</strong></span> <span class='ocrx_word' id='word_1_833' title='bbox 2341 4747 2462 4798; x_wconf 63' lang='grc' dir='ltr'><strong>κεῆ</strong></span> <span class='ocrx_word' id='word_1_834' title='bbox 2499 4756 2516 4788; x_wconf 83' lang='grc' dir='ltr'><strong>ι</strong></span> <span class='ocrx_word' id='word_1_835' title='bbox 2556 4738 2799 4799; x_wconf 85' lang='lat' dir='ltr'><strong>sanavit,</strong></span> <span class='ocrx_word' id='word_1_836' title='bbox 2835 4746 3058 4790; x_wconf 84' lang='lat' dir='ltr'><strong>sanatus</strong></span> <span class='ocrx_word' id='word_1_837' title='bbox 3097 4736 3213 4799; x_wconf 80' lang='lat' dir='ltr'><strong>fuit,</strong></span> <span class='ocrx_word' id='word_1_838' title='bbox 3253 4754 3269 4786; x_wconf 73' lang='grc' dir='ltr'><strong>ι</strong></span> <span class='ocrx_word' id='word_1_839' title='bbox 3306 4748 3359 4788; x_wconf 87' lang='lat' dir='ltr'><strong>et</strong></span> <span class='ocrx_word' id='word_1_840' title='bbox 3403 4743 3479 4817; x_wconf 65' lang='grc' dir='ltr'><strong>ῃτ</strong></span> <span class='ocrx_word' id='word_1_841' title='bbox 3516 4755 3533 4784; x_wconf 82' lang='grc' dir='ltr'><strong>ι</strong></span> <span class='ocrx_word' id='word_1_842' title='bbox 3562 4737 3652 4803; x_wconf 74' lang='lat' dir='ltr'><strong>ju-</strong></span> 
     </span>
    </p>
   </div>
   <div class='ocr_carea' id='block_1_111' title="bbox 2070 4824 3653 4899">
    <p class='ocr_par' dir='ltr' id='par_1_111' title="bbox 2070 4824 3653 4899">
     <span class='ocr_line' id='line_1_113' title="bbox 2070 4824 3653 4899; baseline -0.004 -13"><span class='ocrx_word' id='word_1_843' title='bbox 2070 4832 2300 4895; x_wconf 83' lang='lat' dir='ltr'><strong>dicavit;</strong></span> <span class='ocrx_word' id='word_1_844' title='bbox 2337 4850 2354 4881; x_wconf 75' lang='grc' dir='ltr'><strong>ι</strong></span> <span class='ocrx_word' id='word_1_845' title='bbox 2382 4830 2506 4899; x_wconf 88' lang='lat' dir='ltr'><strong>quia</strong></span> <span class='ocrx_word' id='word_1_846' title='bbox 2532 4844 2724 4898; x_wconf 88' lang='lat' dir='ltr'><strong>nempe</strong></span> <span class='ocrx_word' id='word_1_847' title='bbox 2758 4842 2945 4883; x_wconf 83' lang='lat' dir='ltr'><strong>sanum</strong></span> <span class='ocrx_word' id='word_1_848' title='bbox 2987 4824 3253 4896; x_wconf 86' lang='lat' dir='ltr'><strong>judicium</strong></span> <span class='ocrx_word' id='word_1_849' title='bbox 3302 4827 3449 4880; x_wconf 92' lang='lat' dir='ltr'><strong>omni</strong></span> <span class='ocrx_word' id='word_1_850' title='bbox 3492 4827 3653 4881; x_wconf 84' lang='lat' dir='ltr'><strong>laude</strong></span> 
     </span>
    </p>
   </div>
   <div class='ocr_carea' id='block_1_112' title="bbox 1996 4903 2425 4971">
    <p class='ocr_par' dir='ltr' id='par_1_112' title="bbox 1996 4903 2425 4971">
     <span class='ocr_line' id='line_1_114' title="bbox 1996 4903 2425 4971; baseline -0.012 -15"><span class='ocrx_word' id='word_1_851' title='bbox 1996 4936 2005 4945; x_wconf 88' lang='lat'><strong>-</strong></span> <span class='ocrx_word' id='word_1_852' title='bbox 2070 4903 2289 4971; x_wconf 81' lang='lat' dir='ltr'><strong>dignum</strong></span> <span class='ocrx_word' id='word_1_853' title='bbox 2324 4911 2425 4954; x_wconf 81' lang='lat' dir='ltr'><strong>est.</strong></span> 
     </span>
    </p>
   </div>
   <div class='ocr_carea' id='block_1_113' title="bbox 2141 4967 3657 5042">
    <p class='ocr_par' dir='ltr' id='par_1_113' title="bbox 2141 4967 3657 5042">
     <span class='ocr_line' id='line_1_115' title="bbox 2141 4967 3657 5042; baseline -0.003 -18"><span class='ocrx_word' id='word_1_854' title='bbox 2141 4967 2261 5042; x_wconf 82' lang='grc'>(87)</span> <span class='ocrx_word' id='word_1_855' title='bbox 2292 4971 2509 5023; x_wconf 82' lang='lat' dir='ltr'><strong>Aserotlt</strong></span> <span class='ocrx_word' id='word_1_856' title='bbox 2548 4969 2687 5038; x_wconf 84' lang='lat' dir='ltr'><strong>quod</strong></span> <span class='ocrx_word' id='word_1_857' title='bbox 2711 4970 3092 5042; x_wconf 54' lang='lat' dir='ltr'><strong>interpretatur</strong></span> <span class='ocrx_word' id='word_1_858' title='bbox 3133 4967 3530 5042; x_wconf 32' lang='lat' dir='ltr'><strong>atria‘perfecta</strong></span> <span class='ocrx_word' id='word_1_859' title='bbox 3577 4969 3657 5019; x_wconf 83' lang='lat' dir='ltr'><strong>vel</strong></span> 
     </span>
    </p>
   </div>
   <div class='ocr_carea' id='block_1_114' title="bbox 2070 5036 3649 5100">
    <p class='ocr_par' dir='ltr' id='par_1_114' title="bbox 2070 5036 3649 5100">
     <span class='ocr_line' id='line_1_116' title="bbox 2070 5036 3649 5100; baseline -0.003 -4"><span class='ocrx_word' id='word_1_860' title='bbox 2070 5036 2361 5096; x_wconf 76' lang='lat' dir='ltr'><strong>beatitudo.</strong></span> <span class='ocrx_word' id='word_1_861' title='bbox 2395 5050 2513 5100; x_wconf 71' lang='lat' dir='ltr'><strong>‘tm</strong></span> <span class='ocrx_word' id='word_1_862' title='bbox 2557 5036 2575 5090; x_wconf 71' lang='grc' dir='ltr'><strong>ι</strong></span> <span class='ocrx_word' id='word_1_863' title='bbox 2620 5041 2812 5093; x_wconf 86' lang='lat' dir='ltr'><strong>atrium</strong></span> <span class='ocrx_word' id='word_1_864' title='bbox 2845 5059 2862 5089; x_wconf 73' lang='grc' dir='ltr'><strong>ι</strong></span> <span class='ocrx_word' id='word_1_865' title='bbox 2902 5050 3005 5092; x_wconf 81' lang='lat' dir='ltr'><strong>est.</strong></span> <span class='ocrx_word' id='word_1_866' title='bbox 3037 5036 3239 5089; x_wconf 86' lang='lat' dir='ltr'><strong>Plural.</strong></span> <span class='ocrx_word' id='word_1_867' title='bbox 3278 5038 3436 5090; x_wconf 76' lang='lat' dir='ltr'><strong>form.</strong></span> <span class='ocrx_word' id='word_1_868' title='bbox 3464 5039 3649 5091; x_wconf 76' lang='lat' dir='ltr'><strong>l&#39;emin.</strong></span> 
     </span>
    </p>
   </div>
   <div class='ocr_carea' id='block_1_115' title="bbox 2067 5109 3651 5175">
    <p class='ocr_par' dir='ltr' id='par_1_115' title="bbox 2067 5109 3651 5175">
     <span class='ocr_line' id='line_1_117' title="bbox 2067 5109 3651 5175; baseline -0.002 -13"><span class='ocrx_word' id='word_1_869' title='bbox 2067 5123 2252 5173; x_wconf 51' lang='lat' dir='ltr'><strong>mum</strong></span> <span class='ocrx_word' id='word_1_870' title='bbox 2292 5129 2310 5161; x_wconf 83' lang='grc' dir='ltr'><strong>ι</strong></span> <span class='ocrx_word' id='word_1_871' title='bbox 2347 5114 2507 5174; x_wconf 89' lang='lat' dir='ltr'><strong>atria,</strong></span> <span class='ocrx_word' id='word_1_872' title='bbox 2536 5110 2693 5166; x_wconf 71' lang='lat' dir='ltr'><strong>villa}.</strong></span> <span class='ocrx_word' id='word_1_873' title='bbox 2738 5129 2755 5160; x_wconf 71' lang='grc' dir='ltr'><strong>ι</strong></span> <span class='ocrx_word' id='word_1_874' title='bbox 2795 5109 2894 5175; x_wconf 86' lang='lat' dir='ltr'><strong>Qui</strong></span> <span class='ocrx_word' id='word_1_875' title='bbox 2946 5117 3124 5161; x_wconf 81' lang='lat' dir='ltr'><strong>autem</strong></span> <span class='ocrx_word' id='word_1_876' title='bbox 3176 5109 3405 5161; x_wconf 84' lang='lat' dir='ltr'><strong>Aserotlt</strong></span> <span class='ocrx_word' id='word_1_877' title='bbox 3464 5125 3481 5156; x_wconf 86' lang='grc' dir='ltr'><strong>ι</strong></span> <span class='ocrx_word' id='word_1_878' title='bbox 3521 5109 3651 5160; x_wconf 79' lang='lat' dir='ltr'><strong>bea-</strong></span> 
     </span>
    </p>
   </div>
   <div class='ocr_carea' id='block_1_116' title="bbox 2075 5179 3650 5248">
    <p class='ocr_par' dir='ltr' id='par_1_116' title="bbox 2075 5179 3650 5248">
     <span class='ocr_line' id='line_1_118' title="bbox 2075 5179 3650 5248; baseline -0.006 -11"><span class='ocrx_word' id='word_1_879' title='bbox 2075 5186 2355 5237; x_wconf 89' lang='lat' dir='ltr'><strong>titudinem</strong></span> <span class='ocrx_word' id='word_1_880' title='bbox 2384 5201 2401 5233; x_wconf 84' lang='grc'>›</span> <span class='ocrx_word' id='word_1_881' title='bbox 2437 5180 2775 5248; x_wconf 88' lang='lat' dir='ltr'><strong>interpretati</strong></span> <span class='ocrx_word' id='word_1_882' title='bbox 2801 5189 2949 5241; x_wconf 90' lang='lat' dir='ltr'><strong>sunt,</strong></span> <span class='ocrx_word' id='word_1_883' title='bbox 2982 5180 3083 5232; x_wconf 86' lang='lat' dir='ltr'><strong>hoc</strong></span> <span class='ocrx_word' id='word_1_884' title='bbox 3110 5193 3305 5232; x_wconf 90' lang='lat' dir='ltr'><strong>nomen</strong></span> <span class='ocrx_word' id='word_1_885' title='bbox 3330 5179 3650 5232; x_wconf 85' lang='lat' dir='ltr'><strong>derivarunt</strong></span> 
     </span>
    </p>
   </div>
   <div class='ocr_carea' id='block_1_117' title="bbox 2070 5248 3648 5322">
    <p class='ocr_par' dir='ltr' id='par_1_117' title="bbox 2070 5248 3648 5322">
     <span class='ocr_line' id='line_1_119' title="bbox 2070 5248 3648 5322; baseline -0.005 -16"><span class='ocrx_word' id='word_1_886' title='bbox 2070 5255 2139 5308; x_wconf 90' lang='lat' dir='ltr'><strong>ab</strong></span> <span class='ocrx_word' id='word_1_887' title='bbox 2184 5264 2279 5312; x_wconf 72' lang='lat' dir='ltr'><strong>um</strong></span> <span class='ocrx_word' id='word_1_888' title='bbox 2311 5255 2455 5322; x_wconf 89' lang='lat' dir='ltr'><strong>quod</strong></span> <span class='ocrx_word' id='word_1_889' title='bbox 2517 5254 2569 5307; x_wconf 92' lang='lat' dir='ltr'><strong>iu</strong></span> <span class='ocrx_word' id='word_1_890' title='bbox 2603 5251 2748 5322; x_wconf 82' lang='lat' dir='ltr'><strong>piliel</strong></span> <span class='ocrx_word' id='word_1_891' title='bbox 2795 5250 3087 5321; x_wconf 86' lang='lat' dir='ltr'><strong>signiﬁcat,</strong></span> <span class='ocrx_word' id='word_1_892' title='bbox 3127 5266 3144 5299; x_wconf 85' lang='grc' dir='ltr'><strong>ι</strong></span> <span class='ocrx_word' id='word_1_893' title='bbox 3176 5250 3378 5313; x_wconf 87' lang='lat' dir='ltr'><strong>beavit,</strong></span> <span class='ocrx_word' id='word_1_894' title='bbox 3433 5248 3648 5300; x_wconf 84' lang='lat' dir='ltr'><strong>beatum</strong></span> 
     </span>
    </p>
   </div>
   <div class='ocr_carea' id='block_1_118' title="bbox 2070 5324 2279 5378">
    <p class='ocr_par' dir='ltr' id='par_1_118' title="bbox 2070 5324 2279 5378">
     <span class='ocr_line' id='line_1_120' title="bbox 2070 5324 2279 5378; baseline -0.024 0"><span class='ocrx_word' id='word_1_895' title='bbox 2070 5324 2211 5378; x_wconf 82' lang='lat' dir='ltr'><strong>fecit.</strong></span> <span class='ocrx_word' id='word_1_896' title='bbox 2260 5343 2279 5374; x_wconf 66' lang='grc' dir='ltr'><strong>ι</strong></span> 
     </span>
    </p>
   </div>
   <div class='ocr_carea' id='block_1_119' title="bbox 2141 5386 3648 5464">
    <p class='ocr_par' dir='ltr' id='par_1_119' title="bbox 2141 5386 3648 5464">
     <span class='ocr_line' id='line_1_121' title="bbox 2141 5386 3648 5464; baseline -0.007 -15"><span class='ocrx_word' id='word_1_897' title='bbox 2141 5394 2254 5464; x_wconf 87' lang='grc'>(88)</span> <span class='ocrx_word' id='word_1_898' title='bbox 2286 5393 2511 5447; x_wconf 84' lang='lat' dir='ltr'><strong>Rathma</strong></span> <span class='ocrx_word' id='word_1_899' title='bbox 2539 5392 2669 5446; x_wconf 82' lang='lat' dir='ltr'><strong>visio</strong></span> <span class='ocrx_word' id='word_1_900' title='bbox 2694 5399 3055 5464; x_wconf 66' lang='lat' dir='ltr'><strong>consummata</strong></span> <span class='ocrx_word' id='word_1_901' title='bbox 3087 5391 3484 5464; x_wconf 72' lang='lat' dir='ltr'><strong>interpretatur,</strong></span> <span class='ocrx_word' id='word_1_902' title='bbox 3508 5386 3648 5439; x_wconf 78' lang='lat' dir='ltr'><strong>Plia-</strong></span> 
     </span>
    </p>
   </div>
   <div class='ocr_carea' id='block_1_120' title="bbox 2072 5459 3647 5527">
    <p class='ocr_par' dir='ltr' id='par_1_120' title="bbox 2072 5459 3647 5527">
     <span class='ocr_line' id='line_1_122' title="bbox 2072 5459 3647 5527; baseline -0.004 -11"><span class='ocrx_word' id='word_1_903' title='bbox 2072 5459 2185 5517; x_wconf 80' lang='lat' dir='ltr'><strong>rant</strong></span> <span class='ocrx_word' id='word_1_904' title='bbox 2237 5459 2357 5518; x_wconf 74' lang='lat' dir='ltr'><strong>vero</strong></span> <span class='ocrx_word' id='word_1_905' title='bbox 2425 5464 2624 5516; x_wconf 77' lang='lat' dir='ltr'><strong>visivile</strong></span> <span class='ocrx_word' id='word_1_906' title='bbox 2679 5478 2754 5514; x_wconf 83' lang='lat' dir='ltr'><strong>os.</strong></span> <span class='ocrx_word' id='word_1_907' title='bbox 2803 5459 2858 5513; x_wconf 94' lang='lat' dir='ltr'><strong>In</strong></span> <span class='ocrx_word' id='word_1_908' title='bbox 2917 5461 3067 5515; x_wconf 89' lang='lat' dir='ltr'><strong>libris</strong></span> <span class='ocrx_word' id='word_1_909' title='bbox 3126 5471 3283 5512; x_wconf 83' lang='lat' dir='ltr'><strong>antea</strong></span> <span class='ocrx_word' id='word_1_910' title='bbox 3338 5459 3498 5512; x_wconf 90' lang='lat' dir='ltr'><strong>editis</strong></span> <span class='ocrx_word' id='word_1_911' title='bbox 3547 5472 3647 5527; x_wconf 85' lang='lat' dir='ltr'><strong>pro</strong></span> 
     </span>
    </p>
   </div>
   <div class='ocr_carea' id='block_1_121' title="bbox 2076 5529 3645 5601">
    <p class='ocr_par' dir='ltr' id='par_1_121' title="bbox 2076 5529 3645 5601">
     <span class='ocr_line' id='line_1_123' title="bbox 2076 5529 3645 5601; baseline -0.002 -15"><span class='ocrx_word' id='word_1_912' title='bbox 2076 5554 2095 5586; x_wconf 81' lang='grc' dir='ltr'><strong>ι</strong></span> <span class='ocrx_word' id='word_1_913' title='bbox 2144 5536 2371 5589; x_wconf 72' lang='lat' dir='ltr'><strong>liatluna</strong></span> <span class='ocrx_word' id='word_1_914' title='bbox 2422 5552 2439 5583; x_wconf 76' lang='grc' dir='ltr'><strong>ι</strong></span> <span class='ocrx_word' id='word_1_915' title='bbox 2485 5533 2683 5601; x_wconf 84' lang='lat' dir='ltr'><strong>legitur</strong></span> <span class='ocrx_word' id='word_1_916' title='bbox 2729 5549 2747 5581; x_wconf 87' lang='grc' dir='ltr'><strong>ι</strong></span> <span class='ocrx_word' id='word_1_917' title='bbox 2809 5531 3116 5593; x_wconf 76' lang='lat' dir='ltr'><strong>Ratlianim,</strong></span> <span class='ocrx_word' id='word_1_918' title='bbox 3164 5548 3181 5579; x_wconf 77' lang='grc' dir='ltr'><strong>ι</strong></span> <span class='ocrx_word' id='word_1_919' title='bbox 3236 5529 3326 5583; x_wconf 87' lang='lat' dir='ltr'><strong>sed</strong></span> <span class='ocrx_word' id='word_1_920' title='bbox 3363 5529 3412 5580; x_wconf 91' lang='lat' dir='ltr'><strong>in</strong></span> <span class='ocrx_word' id='word_1_921' title='bbox 3457 5531 3645 5583; x_wconf 77' lang='lat' dir='ltr'><strong>codice</strong></span> 
     </span>
    </p>
   </div>
   <div class='ocr_carea' id='block_1_122' title="bbox 2070 5602 3639 5667">
    <p class='ocr_par' dir='ltr' id='par_1_122' title="bbox 2070 5602 3639 5667">
     <span class='ocr_line' id='line_1_124' title="bbox 2070 5602 3639 5667; baseline -0.005 -6"><span class='ocrx_word' id='word_1_922' title='bbox 2070 5606 2374 5661; x_wconf 85' lang='lat' dir='ltr'><strong>Turonensi</strong></span> <span class='ocrx_word' id='word_1_923' title='bbox 2412 5623 2429 5654; x_wconf 88' lang='grc' dir='ltr'><strong>ι</strong></span> <span class='ocrx_word' id='word_1_924' title='bbox 2464 5603 2694 5655; x_wconf 72' lang='lat' dir='ltr'><strong>Ilatlnna</strong></span> <span class='ocrx_word' id='word_1_925' title='bbox 2730 5622 2741 5654; x_wconf 89' lang='lat'><strong>:</strong></span> <span class='ocrx_word' id='word_1_926' title='bbox 2778 5622 2794 5653; x_wconf 76' lang='grc' dir='ltr'><strong>ι</strong></span> <span class='ocrx_word' id='word_1_927' title='bbox 2828 5602 2969 5667; x_wconf 84' lang='lat' dir='ltr'><strong>quod</strong></span> <span class='ocrx_word' id='word_1_928' title='bbox 3003 5620 3019 5650; x_wconf 91' lang='grc' dir='ltr'><strong>ι</strong></span> <span class='ocrx_word' id='word_1_929' title='bbox 3053 5602 3185 5649; x_wconf 82' lang='lat' dir='ltr'><strong>visio</strong></span> <span class='ocrx_word' id='word_1_930' title='bbox 3216 5612 3589 5653; x_wconf 85' lang='lat' dir='ltr'><strong>consummata</strong></span> <span class='ocrx_word' id='word_1_931' title='bbox 3617 5616 3639 5653; x_wconf 74' lang='grc' dir='ltr'><strong>ι</strong></span> 
     </span>
    </p>
   </div>
   <div class='ocr_carea' id='block_1_123' title="bbox 2070 5669 3644 5745">
    <p class='ocr_par' dir='ltr' id='par_1_123' title="bbox 2070 5669 3644 5745">
     <span class='ocr_line' id='line_1_125' title="bbox 2070 5669 3644 5745; baseline -0.003 -18"><span class='ocrx_word' id='word_1_932' title='bbox 2070 5677 2173 5729; x_wconf 87' lang='lat' dir='ltr'><strong>dici</strong></span> <span class='ocrx_word' id='word_1_933' title='bbox 2217 5685 2394 5745; x_wconf 83' lang='lat' dir='ltr'><strong>potest</strong></span> <span class='ocrx_word' id='word_1_934' title='bbox 2435 5694 2461 5725; x_wconf 89' lang='lat' dir='ltr'><strong>a</strong></span> <span class='ocrx_word' id='word_1_935' title='bbox 2498 5685 2617 5732; x_wconf 66' lang='lat' dir='ltr'><strong>nm</strong></span> <span class='ocrx_word' id='word_1_936' title='bbox 2672 5690 2689 5721; x_wconf 77' lang='grc' dir='ltr'><strong>ι</strong></span> <span class='ocrx_word' id='word_1_937' title='bbox 2722 5673 2875 5731; x_wconf 84' lang='lat' dir='ltr'><strong>vidit,</strong></span> <span class='ocrx_word' id='word_1_938' title='bbox 2909 5693 2923 5719; x_wconf 74' lang='grc' dir='ltr'><strong>ι</strong></span> <span class='ocrx_word' id='word_1_939' title='bbox 2946 5684 2998 5723; x_wconf 83' lang='lat' dir='ltr'><strong>et</strong></span> <span class='ocrx_word' id='word_1_940' title='bbox 3025 5680 3219 5745; x_wconf 43' lang='lat'><strong>07311”:</strong></span> <span class='ocrx_word' id='word_1_941' title='bbox 3255 5669 3481 5745; x_wconf 76' lang='lat' dir='ltr'><strong>absolvi,</strong></span> <span class='ocrx_word' id='word_1_942' title='bbox 3521 5686 3644 5737; x_wconf 79' lang='lat' dir='ltr'><strong>per-</strong></span> 
     </span>
    </p>
   </div>
   <div class='ocr_carea' id='block_1_124' title="bbox 2072 5740 3642 5799">
    <p class='ocr_par' dir='ltr' id='par_1_124' title="bbox 2072 5740 3642 5799">
     <span class='ocr_line' id='line_1_126' title="bbox 2072 5740 3642 5799; baseline -0.003 -2"><span class='ocrx_word' id='word_1_943' title='bbox 2072 5746 2178 5799; x_wconf 85' lang='lat' dir='ltr'><strong>ﬁci.</strong></span> <span class='ocrx_word' id='word_1_944' title='bbox 2217 5740 2237 5796; x_wconf 66' lang='lat'>3</span> <span class='ocrx_word' id='word_1_945' title='bbox 2272 5746 2529 5798; x_wconf 86' lang='lat' dir='ltr'><strong>Similiter</strong></span> <span class='ocrx_word' id='word_1_946' title='bbox 2575 5745 2807 5794; x_wconf 78' lang='lat' dir='ltr'><strong>Pliaraut</strong></span> <span class='ocrx_word' id='word_1_947' title='bbox 2861 5757 2879 5790; x_wconf 83' lang='grc' dir='ltr'><strong>ι</strong></span> <span class='ocrx_word' id='word_1_948' title='bbox 2922 5756 2982 5793; x_wconf 90' lang='lat' dir='ltr'><strong>os</strong></span> <span class='ocrx_word' id='word_1_949' title='bbox 3032 5740 3240 5793; x_wconf 75' lang='lat' dir='ltr'><strong>visiliile</strong></span> <span class='ocrx_word' id='word_1_950' title='bbox 3286 5758 3305 5790; x_wconf 75' lang='grc' dir='ltr'><strong>ι</strong></span> <span class='ocrx_word' id='word_1_951' title='bbox 3349 5742 3557 5794; x_wconf 85' lang='lat' dir='ltr'><strong>dicetur</strong></span> <span class='ocrx_word' id='word_1_952' title='bbox 3609 5757 3642 5798; x_wconf 60' lang='grc' dir='ltr'>ἢ</span> 
     </span>
    </p>
   </div>
   <div class='ocr_carea' id='block_1_125' title="bbox 2069 5810 3641 5889">
    <p class='ocr_par' dir='ltr' id='par_1_125' title="bbox 2069 5810 3641 5889">
     <span class='ocr_line' id='line_1_127' title="bbox 2069 5810 3641 5889; baseline 0 -19"><span class='ocrx_word' id='word_1_953' title='bbox 2069 5824 2146 5882; x_wconf 67' lang='lat' dir='ltr'><strong>re:</strong></span> <span class='ocrx_word' id='word_1_954' title='bbox 2193 5818 2335 5889; x_wconf 88' lang='lat' dir='ltr'><strong>quod</strong></span> <span class='ocrx_word' id='word_1_955' title='bbox 2366 5826 2447 5870; x_wconf 75' lang='lat' dir='ltr'><strong>est</strong></span> <span class='ocrx_word' id='word_1_956' title='bbox 2481 5831 2499 5863; x_wconf 84' lang='grc' dir='ltr'><strong>ι</strong></span> <span class='ocrx_word' id='word_1_957' title='bbox 2533 5829 2614 5877; x_wconf 85' lang='lat' dir='ltr'><strong>os,</strong></span> <span class='ocrx_word' id='word_1_958' title='bbox 2652 5812 2785 5881; x_wconf 77' lang='lat' dir='ltr'><strong>oris,</strong></span> <span class='ocrx_word' id='word_1_959' title='bbox 2822 5829 2838 5863; x_wconf 75' lang='grc' dir='ltr'><strong>ι</strong></span> <span class='ocrx_word' id='word_1_960' title='bbox 2887 5821 2940 5865; x_wconf 89' lang='lat' dir='ltr'><strong>et</strong></span> <span class='ocrx_word' id='word_1_961' title='bbox 2981 5828 3009 5865; x_wconf 87' lang='lat' dir='ltr'><strong>a</strong></span> <span class='ocrx_word' id='word_1_962' title='bbox 3049 5820 3168 5872; x_wconf 55' lang='lat' dir='ltr'><strong>nam</strong></span> <span class='ocrx_word' id='word_1_963' title='bbox 3204 5830 3220 5857; x_wconf 63' lang='grc' dir='ltr'><em>ρ</em></span> <span class='ocrx_word' id='word_1_964' title='bbox 3259 5812 3406 5879; x_wconf 75' lang='lat' dir='ltr'><strong>vidit,</strong></span> <span class='ocrx_word' id='word_1_965' title='bbox 3438 5831 3457 5863; x_wconf 71' lang='grc' dir='ltr'><strong>ι</strong></span> <span class='ocrx_word' id='word_1_966' title='bbox 3491 5810 3573 5869; x_wconf 84' lang='lat' dir='ltr'><strong>vel</strong></span> <span class='ocrx_word' id='word_1_967' title='bbox 3608 5826 3641 5869; x_wconf 68' lang='grc' dir='ltr'><strong>ὃ</strong></span> 
     </span>
    </p>
   </div>
  </div>
