4146 6424
234 371 341 427 795
862 360 864 363 ’
1689 351 1815 408 ORll

1922 348 2012 403 vis
3398 355 3504 413 795

234 492 362 545 licet
412 484 800 542 incarnationis
843 483 1005 537 Verbi
1055 481 1181 544 Dei,
1237 477 1812 548 dispensatiomtmque
1844 479 1884 528 Λ
1921 484 2047 522 vero
2093 476 2332 538 potestas
2383 467 2610 518 imlicari
2652 467 2884 531 videtur,
2926 480 2979 522 et
3015 473 3156 537 quo]
3207 472 3386 527 anima
3438 489 3512 527 ιτα·

237 583 357 654 ejus
417 582 654 634 rationes
703 576 915 644 plenius
970 575 1240 643 altiusque
1270 569 1642 641 cognoscens?
1685 567 1820 620 lline

233 671 345 741 jam
383 671 599 723 venitur
625 669 675 720 in
709 667 1138 734 Remonpharcs,
1169 663 1309 731 quod
1344 663 1394 714 in
1424 669 1606 715 nostra
1635 658 1816 726 lingua

238 765 441 818 excelsa
469 756 1120 828 intercisiodicitur(89),
1155 757 1255 809 hoc
1299 765 1402 818 est,
1454 754 1542 807 ubi
1600 767 1821 820 magna-

240 869 358 909 rum
386 862 438 907 et
463 851 761 905 etelcstium
808 864 988 902 rerum
1021 864 1048 900 a
1079 846 1307 900 terrenis
1335 856 1387 899 et
1419 844 1622 897 inlimis
1665 858 1820 909 sepa-

242 946 384 999 ratio
414 945 485 997 sit
529 953 582 997 et
615 943 894 997 discretio.
937 941 1228 994 Crescente
1269 951 1498 1004 namque
1547 934 1816 988 intellectu

235 1037 454 1098 aninne,
486 1043 540 1089 et
569 1035 758 1087 notitia
792 1034 840 1087 ei
881 1033 1218 1086 excelsorum
1257 1029 1548 1100 prtehetur,
1585 1039 1638 1081 et
1675 1026 1820 1093 judi-

235 1131 379 1185 cium
413 1131 594 1191 tlalur,
620 1142 728 1195 quo
769 1127 904 1179 sciat
936 1141 964 1178 a
996 1123 1382 1192 temporalibus
1411 1132 1610 1174 aeterna
1652 1119 1818 1172 inter-

240 1221 442 1284 cidere,
473 1229 528 1272 et
573 1235 600 1272 a
636 1219 912 1287 perpetuis
955 1217 1156 1270 caduca
1206 1230 1478 1282 separare.
1531 1213 1658 1265 Post
1708 1214 1821 1266 ha'c

242 1308 700 1372 venitur,Lebna,
759 1308 900 1376 quod
960 1310 1346 1373 interpretatur
1387 1305 1650 1359 dealbatio
1683 1303 1816 1373 (90).

243 1403 371 1456 Seio
405 1403 458 1454 in
490 1402 606 1454 aliis
640 1401 1034 1455 dealbationem
1063 1399 1404 1467 eulpabiliter
1431 1397 1575 1467 poni,
1605 1407 1656 1450 ιιι
1695 1414 1816 1454 cum

243 1495 441 1549 dicitur
468 1494 648 1562 paries
682 1492 980 1557 dealbates,
1011 1500 1064 1546 et
1097 1499 1442 1544 monumenta
1477 1489 1721 1544 dealbata
1753 1489 1814 1542 ".

244 1583 350 1637 Sed
380 1585 464 1638 hic
493 1584 766 1637 dealbatio
803 1583 886 1634 illa
911 1592 1016 1647 est,
1049 1584 1114 1636 de
1136 1598 1241 1651 qua
1273 1584 1401 1636 dicit
1428 1582 1698 1652 Propheta
1734 1582 1815 1634 ¹⁸ς

247 1695 263 1727 ι
303 1676 534 1730 Lavabis
559 1692 662 1738 me,
697 1685 751 1730 et
785 1691 945 1743 super
980 1676 1157 1728 nivem
1213 1675 1522 1730 dealbabor.
1571 1693 1590 1725 ι
1629 1675 1690 1727 Ει
1721 1676 1820 1728 ile-

241 1786 358 1822 rtnn
414 1769 578 1822 Isaias
626 1769 667 1800 ¹⁹
714 1786 727 1821 :
771 1788 786 1818 ι
831 1767 888 1821 Si
931 1769 1130 1821 fuerint
1193 1777 1412 1836 peccata
1464 1777 1641 1821 vestra
1677 1768 1818 1822 sicut

237 1863 591 1930 pluenicium,
627 1871 683 1915 ιιι
717 1862 892 1915 nivem
927 1861 1207 1926 dealbabo,
1254 1871 1307 1915 et
1363 1870 1421 1914 ut
1478 1861 1650 1915 lanam
1684 1878 1816 1914 can-

237 1956 357 2007 (lida
410 1953 520 2024 (9i)
574 1953 818 2008 efﬁciam.
877 1973 895 2005 ι
948 1952 1078 2008 Item
1136 1953 1188 2006 in
1249 1955 1533 2007 Psalmo"
1572 1971 1584 2007 :
1627 1970 1644 2004 ι
1687 1952 1818 2007 Nive

237 2047 632 2102 dealhahuntur
678 2049 728 2101 in
780 2048 1016 2101 Seltnon.
1059 2067 1076 2099 ι
1118 2048 1181 2101 Ει
1213 2047 1420 2102 Vetusti
1470 2048 1675 2102 dierum
1732 2063 1818 2100 ca-

237 2138 348 2206 pilli
375 2137 626 2191 dicuntur
668 2153 789 2190 esse
812 2137 1052 2200 candidi,
1089 2137 1138 2189 id
1174 2147 1276 2199 est,
1307 2137 1411 2189 albi
1439 2137 1578 2190 sicut
1605 2136 1726 2189 lana
1747 2137 1813 2190 ²¹.

239 2228 332 2281 Sic
372 2229 534 2296 igitur
565 2227 834 2281 dealbatio
872 2229 982 2282 huic
1038 2243 1104 2281 ex
1149 2227 1438 2297 splendore
1487 2243 1626 2280 verte
1680 2227 1818 2279 lueis

239 2335 424 2373 ventre
467 2319 812 2389 intelligenda
844 2329 946 2382 est,
985 2328 1039 2374 et
1081 2335 1148 2372 ex
1185 2320 1458 2374 visionum
1512 2319 1815 2374 emlesnmn

149 2485 156 2490 _
239 2412 484 2467 claritate
509 2412 855 2467 descendere.
878 2410 1005 2466 POSl
1033 2413 1145 2466 haec
1178 2413 1388 2466 mansio
1417 2412 1474 2464 lit
1509 2412 1560 2465 in
1591 2412 1760 2465 Ressa
1800 2429 1812 2465 :

233 2503 378 2572 quod
417 2503 553 2569 apud
610 2517 707 2556 nos
742 2503 843 2556 dici
877 2511 1054 2572 potest
1107 2504 1326 2557 visibilis
1371 2503 1484 2557 sive
1528 2504 1815 2557 laudabilis

239 2597 460 2651 tentatio
497 2595 630 2668 (92).
666 2595 806 2662 Quid
842 2606 925 2650 est
959 2597 1078 2660 hoc,
1123 2597 1264 2666 quod
1303 2595 1546 2665 quamvis
1582 2596 1817 2665 grandes

239 2693 439 2746 haheat
474 2691 652 2744 anima
695 2690 988 2759 prolectus,
1038 2700 1215 2744 tamen
1270 2690 1592 2744 tentationes
1641 2690 1709 2743 ab
1753 2706 1815 2745 ca

240 2799 345 2837 ron
391 2783 748 2838 auferuntur?
785 2781 938 2838 Unde
967 2795 1190 2851 apparet
1215 2783 1365 2851 quia,
1405 2784 1548 2835 velut
1574 2784 1816 2836 custodia

237 2877 481 2942 quaedam
542 2885 595 2928 et
641 2874 940 2941 munimen,
975 2874 1021 2927 ei
1090 2874 1416 2928 tentationes
1465 2873 1812 2929 adhibentur.

240 2964 395 3019 Sicut
433 2967 573 3019 enim
605 2982 731 3020 caro
762 2967 804 3019 si
843 2965 956 3020 sale
1008 2980 1112 3019 non
1166 2975 1518 3034 aspergatur,
1565 2967 1815 3033 quamvis

237 3059 308 3112 sit
339 3075 528 3126 magna
561 3069 613 3113 et
644 3060 934 3128 praecipua,
959 3061 1328 3126 corrumpitur
1369 3075 1383 3113 :
1426 3061 1497 3113 ita
1537 3070 1592 3114 et
1637 3059 1816 3112 anima

1926 575 2096 629 usque
2125 558 2442 626 profecerit,
2475 568 2530 611 ut
2566 560 2876 615 dominetur
2905 566 3144 633 corpori,
3185 575 3243 619 et
3299 567 3410 635 ipsa
3450 569 3502 620 iu

1924 652 2052 704 illud
2085 653 2288 720 virgam
2337 645 2620 719 potestatis
2669 655 2959 720 obtineat;
3025 657 3132 710 imo
3176 675 3281 711 non
3327 661 3499 713 solum

1920 742 2156 810 corpori,
2209 743 2302 796 sed
2358 753 2410 796 et
2453 739 2703 797 universo
2765 747 2994 810 mundo,
3040 765 3163 803 eum
3223 752 3352 806 dicit
3393 753 3438 784 “
3483 772 3497 808 :

1929 855 1945 886 ι
1988 836 2111 889 ΜΗιί
2141 847 2320 889 autem
2353 838 2584 890 mundus
2623 841 2916 892 crucilixus
2947 854 3048 906 est,
3094 854 3149 897 et
3208 862 3307 913 ego
3344 863 3500 900 mun-

1925 930 2015 980 do.
2050 947 2067 978 ι
2109 927 2238 980 Inde
2272 931 2485 982 venitur
2515 930 2565 981 in
2607 941 2841 983 montem
2879 933 3108 1000 Sephar,
3139 939 3278 1005 quod
3308 941 3498 992 tubici—

1925 1020 2069 1072 natio
2100 1019 2400 1088 appellatur
2431 1019 2564 1090 (94).
2603 1021 2751 1075 Tuba
2780 1025 2993 1093 signum
3029 1029 3151 1081 belli
3193 1040 3297 1083 est.
3330 1031 3498 1100 Igitur

1924 1110 2012 1163 ubi
2049 1125 2108 1161 se
2143 1111 2308 1165 tantis
2341 1126 2404 1164 ac
2434 1113 2630 1166 talibus
2665 1115 2953 1172 virtutibus
2998 1121 3174 1173 anima
3207 1123 3370 1176 sentit
3409 1139 3498 1178 ar-

1926 1211 2148 1266 matam,
2183 1205 2492 1256 necessario
2525 1208 2771 1273 procedit
2805 1210 2870 1260 ad
2906 1211 3124 1276 bellutn,
3159 1214 3300 1282 quod
3339 1226 3417 1268 est
3443 1217 3493 1270 ei

1924 1294 2183 1346 adversus
2241 1295 2604 1363 principatus,
2657 1307 2712 1351 et
2757 1308 3072 1370 potestates,
3121 1314 3174 1357 et
3210 1305 3491 1359 adversum

1925 1382 2107 1434 mundi
2145 1393 2424 1438 rectores:
2457 1386 2539 1438 vel
2571 1397 2717 1442 certe
2751 1388 2873 1442 tuba
2907 1393 3053 1446 canit
3082 1394 3134 1447 in
3180 1396 3346 1450 verba
3376 1397 3495 1460 Dei,

1925 1476 2320 1543 prmdicationis
2347 1479 2558 1532 scilicet
2585 1491 2633 1533 et
2662 1481 2942 1547 doctrinae,
2973 1495 3030 1538 ut
3062 1487 3152 1538 det
3187 1487 3497 1557 signiﬁcan-

1927 1576 2030 1621 tem
2068 1582 2256 1621 voeem
2295 1584 2391 1638 per
2422 1571 2626 1636 tubam,
2675 1581 2733 1626 ut
2769 1574 2858 1641 qui
2898 1577 3154 1641 audierit,
3191 1595 3495 1648 pra‘parare

1923 1675 1980 1714 se
2015 1661 2183 1730 possit
2211 1662 2274 1712 ad
2306 1661 2524 1719 bellum.
2556 1663 2682 1716 Post
2708 1665 2822 1718 haec
2849 1668 3060 1721 venitur
3089 1685 3253 1738 super
3281 1671 3489 1726 Chara-

1924 1753 2075 1818 dath,
2109 1753 2248 1821 quod
2299 1755 2350 1807 in
2403 1765 2589 1810 nostra
2633 1756 2796 1826 382
2839 1757 3016 1828 lingua
3065 1773 3224 1816 sonat
3271 1764 3491 1819 idoneus

1921 1845 2264 1915 e/fectus(95)
2295 1864 2307 1899 :
2339 1847 2583 1914 profecto
2610 1858 2666 1901 ut
2690 1859 2743 1902 et
2771 1850 2883 1918 ipse
2908 1850 3046 1906 dicat
3071 1855 3139 1920 ⁸⁸,
3169 1857 3295 1924 quia
3334 1877 3352 1908 ‹
3382 1858 3497 1910 ido-

1923 1957 2052 1996 neos
2091 1958 2187 1996 nos
2245 1941 2376 1997 fecit
2419 1944 2701 2000 ministros
2735 1947 2859 2000 novi
2919 1953 3248 2005 testamenti.
3309 1971 3327 2003 ι
3365 1953 3494 2006 lude

1921 2034 2127 2086 mansio
2156 2035 2383 2087 habetur
2405 2036 2545 2104 apud
2586 2035 2872 2105 Maceloth,
2904 2043 3047 2109 quod
3101 2043 3496 2111 interpretatur

1920 2125 1982 2177 ab
2010 2126 2160 2180 initio
2189 2124 2324 2195 (96).
2347 2127 2762 2196 Contemplator
2787 2147 3018 2202 namque
3039 2134 3128 2202 qui
3162 2133 3226 2186 ad
3253 2144 3496 2188 content-

1920 2217 2211 2286 plationem
2240 2219 2428 2280 tendit,
2463 2220 2671 2273 initium
2711 2238 2908 2286 rerum,
2944 2226 3050 2278 imo
3095 2225 3271 2293 potius
3301 2236 3494 2279 cuncta

1920 2311 1981 2361 ad
2019 2323 2140 2362 cum
2170 2309 2355 2376 refert,
2391 2312 2482 2380 qui
2522 2322 2638 2368 erat
2694 2313 2745 2367 in
2793 2316 3078 2384 principio,
3129 2331 3228 2370 nec
3273 2316 3339 2371 ab
3391 2317 3494 2370 isto

1921 2401 2072 2454 initio
2106 2400 2394 2469 aliquando
2444 2404 2696 2458 discedit.
2749 2405 2873 2460 Post
2921 2408 3036 2462 haec
3067 2406 3127 2461 lit
3175 2407 3384 2460 mansio
3441 2407 3494 2459 in

1917 2491 2108 2556 Cuath,
2153 2492 2294 2561 quod
2323 2502 2406 2546 est
2440 2495 2772 2563 confirmatio
2808 2496 2888 2548 vel
2930 2497 3189 2565 patientia
3227 2497 3361 2567 (97).
3392 2496 3497 2550 Ne-

1919 2600 2075 2640 cesse
2112 2593 2195 2638 est
2233 2583 2377 2638 enim
2426 2600 2551 2638 eum
2582 2587 2673 2653 qui
2703 2586 2815 2639 vult
2842 2587 3004 2639 etiam
3039 2587 3164 2642 aliis
3216 2589 3494 2654 prodesse,

1921 2677 2087 2730 multa
2117 2676 2248 2745 pati,
2275 2684 2330 2729 et
2359 2686 2552 2729 cuncta
2581 2674 2722 2729 ferre
2754 2676 3040 2744 patienter,
3071 2678 3209 2731 sicut
3235 2679 3302 2730 de
3325 2677 3495 2730 Paulo

1919 2771 2119 2824 dictum
2145 2769 2289 2825 est”
2320 2787 2333 2824 :
2367 2787 2384 2820 ι
2419 2769 2526 2836 Ego
2554 2767 2698 2822 enim
2718 2767 2998 2822 ostendam
3025 2768 3075 2823 ei
3101 2778 3303 2836 quanta
3326 2782 3489 2834 opor-

1920 2863 2032 2918 té‘at
2066 2878 2186 2916 eum
2239 2878 2336 2932 pro
2370 2861 2587 2916 nomine
2634 2860 2746 2929 pati
2806 2874 2949 2914 meo.
3014 2880 3032 2913 ι
3083 2859 3210 2914 Inde
3273 2859 3506 2912 venitur-

1919 2956 2133 3021 Tbara,
2193 2957 2336 3025 quod
2391 2955 2531 3022 apud
2595 2969 2696 3008 nos
2745 2952 3063 3022 intelligitur
3109 2950 3494 3018 contemplatio:
3575 2989 3582 2997 .

1919 3052 2144 3120 stuporis
2171 3049 2304 3120 (98).
2338 3047 2453 3102 Non
2484 3063 2771 3116 possumus
2830 3048 2883 3100 in
2930 3046 3120 3100 Latina
3153 3046 3334 3116 lingua
3389 3062 3507 3100 uno

237 3152 342 3205 nisi
393 3154 784 3207 tentationibus
828 3153 1060 3207 assiduis
1113 3154 1514 3222 quodammqu
1568 3153 1812 3217 saliatur,

1922 3162 2172 3202 sermone
2192 3144 2498 3213 exprimere
2523 3141 2744 3197 verbum
2763 3141 3033 3205 Graecum,
3054 3142 3194 3210 quod
3212 3141 3284 3194 illi
3305 3139 3500 3194 ἐκσταιρ

236 3244 496 3298 continuo
567 3244 854 3298 resolvitur
916 3261 979 3299 ac
1035 3245 1326 3299 relaxatur.
1397 3245 1549 3300 Unde
1599 3255 1812 3298 constat

237 3343 455 3402 prepter
501 3336 602 3389 hoc
657 3337 857 3390 dictum
907 3352 1048 3403 esse,
1088 3339 1230 3406 quod
1277 3354 1435 3390 omne
1477 3337 1808 3390 sacriﬁcium

233 3427 349 3480 sale
379 3426 601 3480 salietur
627 3430 693 3482 “.
723 3427 850 3481 inde
880 3428 1113 3496 denique
1139 3439 1221 3481 est
1244 3430 1387 3494 quod
1415 3437 1468 3481 et
1498 3427 1697 3482 Paulus
1733 3427 1813 3480 dio

236 3519 392 3572 cebat
415 3517 458 3548 "
495 3536 508 3571 :
549 3538 565 3569 ι
606 3519 672 3572 Ει
705 3534 769 3572 ex
801 3517 1130 3572 sublimitate
1167 3517 1557 3571 revelationun't
1596 3533 1670 3569 ne
1719 3533 1816 3569 ex-

238 3609 416 3672 tollar,
443 3610 600 3664 dattts
622 3618 706 3664 est
735 3611 862 3662 mihi
909 3610 1160 3662 stimulus
1203 3609 1386 3662 carnis
1413 3623 1544 3660 mea:
1589 3608 1812 3677 angelus

237 3699 475 3763 Satanae,
518 3702 608 3768 qui
642 3715 727 3753 me
753 3701 1074 3768 colaphizet.
1104 3721 1122 3752 ι
1152 3700 1275 3753 Hme
1305 3716 1431 3769 ergo
1457 3709 1540 3753 est
1564 3701 1810 3764 visibilis,

235 3791 320 3846 vel
354 3791 636 3846 laudabilis
669 3793 913 3845 tentatio.
948 3791 1020 3844 Ex
1057 3793 1159 3845 hac
1183 3792 1397 3844 venitur
1425 3792 1488 3844 ad
1522 3791 1813 3856 Macelalh,

236 3887 381 3953 quod
440 3894 523 3937 est.
567 3885 914 3954 principatus,
959 3884 1041 3938 vel
1084 3885 1230 3954 virga
1279 3883 1419 3955 (95).
1459 3885 1534 3938 Ex
1585 3894 1816 3954 utroque

1925 3256 2008 3292 σιν
2037 3248 2253 3300 vocant,
2285 3237 2336 3289 id
2369 3243 2472 3301 est,
2507 3249 2628 3310 cum
2657 3248 2753 3302 pro
2780 3233 3012 3298 alicujus
3047 3249 3256 3302 magnae
3285 3234 3359 3288 rei
3397 3234 3494 3285 atl-

1924 3329 2213 3384 miratione
2240 3326 2573 3393 obstupescit
2604 3325 2834 3378 animus.
2887 3323 2999 3377 Hoc
3043 3333 3127 3377 est
3181 3338 3307 3392 ergo
3351 3323 3493 3393 quod

1922 3417 2460 3487 dieitcontemplatio
2494 3418 2752 3485 stuporis,
2796 3430 2918 3470 cum
2971 3416 3024 3469 in
3077 3413 3352 3483 agnitione
3387 3429 3508 3467 mar

1920 3529 2148 3582 gnarum
2168 3522 2226 3567 et
2249 3510 2644 3564 admirabilium
2669 3525 2846 3564 rerum
2872 3523 3022 3563 mens
3052 3508 3278 3561 attonita
3299 3516 3496 3576 stupet.

1921 3604 2050 3660 Post
2083 3605 2198 3659 haec
2246 3604 2460 3658 venitur
2497 3607 2563 3655 ad
2606 3601 2876 3664 Malheca,
2919 3602 3060 3668 quod
3110 3599 3502 3667 interpretatur

1923 3713 2061 3750 mors
2092 3713 2224 3749 nova
2254 3694 2385 3766 (99).
2413 3695 2543 3760 Qua:
2568 3703 2653 3749 est
2679 3709 2814 3748 nova
2845 3692 3024 3745 mors?
3046 3692 3260 3760 quando
3281 3689 3500 3744 Christo

1924 3790 2314 3844 commorimur
2345 3798 2401 3842 ut
2430 3799 2486 3842 et
2517 3788 2868 3842 convivamus
2893 3786 2965 3840 ei.
2998 3785 3123 3839 Inde
3156 3784 3373 3838 Aseuna
3408 3799 3509 3837 vc~

1925 3884 2091 3948 nitur,
2125 3884 2267 3952 quod
2299 3898 2356 3935 os
2394 3880 2477 3936 vel
2519 3897 2637 3934 ossa
2659 3879 2979 3949 significare
3015 3878 3218 3932 dicitur
3251 3876 3351 3947 (l).
3386 3875 3508 3928 Vir-

310 4025 351 4054 ¹⁷
380 4022 570 4076 Matth.
613 4022 882 4089 xxnt,Q7.
981 4022 1023 4052 ¹⁸
1047 4021 1186 4075 Psal.
1222 4037 1293 4084 ιι,
1333 4019 1384 4073 7.
1468 4021 1506 4051 ¹⁹
1537 4019 1637 4074 lsa.
1674 4038 1708 4083 I,
1739 4021 1815 4074 18.

1922 4019 1957 4050 ¹⁰
1987 4017 2126 4072 Psal.
2157 4033 2344 4089 vant,
2373 4015 2460 4070 M.
2548 3977 2609 4046 .“
2647 4015 2884 4077 Dan.vtt,
2919 4013 2971 4067 9.
3049 4014 3093 4044 "
3116 4011 3288 4067 Levit.
3316 4028 3374 4080 ιι,
3412 4013 3497 4068 13.

237 4093 284 4126 ’⁸
311 4093 352 4148 ll
379 4093 502 4148 Cor.
544 4109 638 4158 xit,
674 4095 726 4149 7.
805 4093 850 4122 "
881 4090 1000 4146 Gal.
1037 4093 1223 4156 V1,”.
1304 4093 1347 4122 ³⁵
1382 4090 1420 4143 ll
1447 4091 1571 4145 Cor.
1601 4107 1680 4156 ιιι,
1706 4095 1757 4144 li.

235 4218 346 4268 :11‘1
381 4227 398 4259 ‹
438 4206 604 4260 altum
653 4222 802 4267 esse,
839 4225 856 4257 ι
893 4205 1148 4275 quoniam
1181 4205 1321 4274 quod
1358 4204 1655 4269 excelsum,
1689 4219 1815 4258 con-

237 4281 481 4348 Spicuutn
518 4286 602 4331 est
640 4288 694 4331 et
722 4277 952 4330 visibile.

311 4348 422 4414 (89)
464 4346 1020 4414 ΙΐεηιοημΙιιινεςμμιοά
1066 4345 1121 4396 in
1160 4358 1338 4398 nostra
1393 4347 1571 4413 lingua
1604 4346 1810 4398 excelsa

238 4419 777 4498 intercisiondicitur.
829 4417 872 4470 Α
919 4426 1024 4475 ΟΠ
1073 4433 1092 4466 ι
1132 4415 1297 4470 altum
1344 4431 1482 4478 esse,
1522 4435 1540 4466 ι
1589 4426 1643 4470 et
1686 4424 1810 4498 γῆξ)

243 4509 262 4540 ι
310 4491 470 4554 rttpil,
501 4488 750 4556 tlisrupit.
795 4508 812 4538 ι

312 4553 425 4629 (90)
464 4553 667 4617 Lebna,
692 4560 832 4626 quod
876 4559 1252 4624 interpretatur
1300 4553 1586 4608 dealbatio.
1641 4554 1814 4609 Radix

241 4658 324 4703 est
361 4632 454 4731 1:15
493 4666 510 4698 ι
552 4647 853 4707 albescere,
881 4645 1153 4698 dealbare.
1184 4665 1201 4696 ι

317 4726 430 4803 (91)
477 4733 627 4795 Mss,
674 4749 690 4781 ι
760 4729 1010 4784 candida.
1065 4748 1084 4780 ι
1141 4727 1297 4782 Libb.
1341 4726 1498 4792 editi,
1557 4743 1578 4777 ι
1630 4726 1821 4782 candi«

243 4803 388 4857 dum.
444 4821 461 4852 ι

317 4874 430 4940 (92)
487 4872 672 4936 Restm,
724 4870 863 4934 quod
905 4869 1056 4940 (apud
1103 4885 1196 4921 nos
1245 4868 1349 4920 tlici
1390 4875 1560 4940 potest
1602 4867 1821 4921 visibilis

244 4945 350 4996 sive
395 4939 678 4995 laudabilis
731 4939 972 4994 tentatiu.
1019 4941 1058 4993 A
1111 4951 1232 4996 nN'l
1289 4958 1305 4988 ι
1351 4939 1500 5003 vidit,
1539 4958 1555 4990 ι
1617 4947 1671 4992 et
1717 4949 1820 4998 ΠΒ]

242 5014 385 5084 quod
420 5015 471 5066 in
499 5013 613 5084 Pih.
645 5022 822 5084 sonat,
854 5031 872 5061 ι
919 5012 1164 5084 tentavit,
1197 5009 1464 5084 probavit.
1515 5029 1534 5062 ι

318 5085 428 5153 (95)
473 5083 759 5143 Macelath,
813 5081 951 5151 quod
1006 5081 1462 5153 est_pri_ncipatns
1514 5079 1591 5133 vel
1647 5080 1818 5148 virga.

241 5135 537 5241 Βηρξιᾎεί.
574 5135 1024 5220 βειέιιιιὶςίνίτεει.
1067 5135 1166 5204 ilii
1215 5135 1436 5204 lleliram
1482 5161 1659 5203 autem
1715 5135 1819 5202 rion

244 5233 443 5304 legitur
477 5257 495 5290 ι
530 5237 813 5298 Macelath.
852 5255 871 5289 ι
909 5238 1001 5290 sed
1042 5255 1059 5286 ι
1091 5235 1416 5297 Cbehelatb,
1462 5253 1480 5285 ι
1509 5235 1652 5304 quod
1682 5233 1820 5286 verti

242 5320 421 5380 potest
472 5328 495 5380 ε
533 5310 892 5378 congregatio.
933 5327 950 5358 ι

317 5379 428 5449 (94)
467 5374 699 5448 Sep/lar,
735 5374 891 5448 'quutl
944 5378 1248 5431 tubicinatio
1304 5374 1620 5444 appellatur.
1667 5381 1823 5433 -ιεπω

245 5460 322 5503 est
356 5470 372 5500 ι
417 5452 666 5511 buccina,
693 5454 841 5504 tuba.
879 5469 897 5500 ι

317 5521 429 5591 (95)
463 5521 791 5582 Charadath,
828 5519 968 5588 quod
1003 5519 1056 5571 in
1091 5527 1267 5569 nostra
1296 5517 1475 5584 lingua
1517 5526 1667 5566 sonat
1703 5513 1821 5591 ido-

247 5585 373 5644 neus
401 5585 632 5660 effectus.
661 5585 1026 5657 ﬂleret-aqua.
1063 5597 1177 5660 ττι
1219 5591 1359 5660 enim
1389 5601 1419 5660 a
1460 5599 1564 5660 quo
1591 5585 1819 5660 omnino

246 5654 599 5714 derivaiulum
631 5654 1058 5714 videturnomen
1111 5657 1442 5718 Cltaratlatb,
1493 5654 1624 5707 nihil
1671 5654 1817 5706 aliud

246 5740 423 5790 munt,
459 5746 641 5794 quam,
675 5749 692 5779 ι
731 5731 972 5793 tremuit,
1005 5728 1267 5782 sollicitus
1294 5726 1412 5778 fuit.

317 5798 431 5869 (illi)
465 5799 743 5864 .llucelotlt,
767 5800 902 5868 quod
939 5804 1305 5867 interpretatur
1335 5798 1395 5850 ub
1427 5797 1594 5851 initio.
1627 5795 1815 5866 Suspi-

1847 4482 1962 4565 Dtt

1858 4091 1903 4121 "
1932 4091 2054 4145 Act.
2093 4104 2169 4153 ix,
2199 4088 2285 4142 16,

1921 4217 2020 4257 cor
2072 4201 2504 4286 etvmologistam
2552 4213 2649 4268 pro
2699 4183 2904 4286 n'TlPD
2951 4217 2970 4250 ι
3013 4198 3313 4253 Macheloth
3359 4220 3378 4253 ι
3427 4201 3500 4256 Ie-

1919 4289 2062 4358 gisse
2103 4272 2310 4349 n'mnt:
2344 4286 2486 4354 quod
2527 4296 2672 4340 recte
2719 4272 2850 4338 verit
2889 4293 3065 4352 potest
3108 4302 3126 4336 ι
3163 4286 3229 4338 ab
3257 4285 3431 4340 initio.
3475 4307 3494 4339 ι

1917 4357 2071 4431 ἐιίππι
2113 4373 2254 4426 enim
2282 4380 2365 4425 est
2404 4390 2422 4422 ι
2468 4368 2815 4438 principium.
2841 4368 3074 4421 initium.
3111 4386 3129 4417 ι

1991 4443 2102 4513 (97)
2153 4441 2345 4513 Caatlt,
2380 4437 2519 4510 quod
2558 4450 2631 4492 est
2655 4437 3497 4513 conﬁrmatio_velpatientia._ln

1970 4506 2144 4566 e'breeo
2186 4506 2550 4579 legitur-nnn
2605 4529 2623 4559 ι
2655 4508 2920 4579 Tacltath.
2955 4509 3156 4579 {Apuli
3200 4506 3340 4561 LXX
3391 4510 3500 4562 Κα-

1923 4582 2081 4635 ταάθ.
2122 4578 2382 4634 Nimirum
2440 4596 2534 4646 pro
2581 4590 2744 4637 I'll'li'lZl.
2802 4596 2820 4628 ‹
2872 4578 2922 4629 in
2989 4578 3231 4630 Tachath
3268 4598 3286 4629 ι
3353 4579 3501 4648 lege-

1925 4663 2051 4707 runt
2095 4663 2251 4712 nnrD
2294 4649 2540 4704 Καταάθ.
2602 4651 2932 4715 Quocumque
2988 4656 3164 4700 autem
3209 4650 3369 4700 modo
3422 4649 3498 4701 le—

1924 4734 2104 4792 gatur,
2135 4739 2237 4774 non
2275 4723 2427 4774 video
2461 4718 2605 4792 unde
2654 4720 2772 4771 erui
2829 4718 3050 4792 possit___t
3089 4718 3430 4792 conﬁrmatio
3473 4739 3494 4771 ι

1925 4787 2010 4846 vel
2041 4812 2059 4844 ι
2092 4793 2368 4860 patientia.
2409 4811 2428 4843 ›
2466 4789 2737 4842 Caeterum
2781 4803 2883 4839 vox
2925 4805 2942 4837 ‹
2982 4787 3161 4860 (Lutatii
3187 4805 3205 4838 ι
3243 4801 3512 4856 corrupta.

1923 4873 2030 4924 est,
2075 4855 2128 4916 et
2173 4863 2386 4931 legend.
2441 4881 2458 4912 ι
2496 4860 2724 4912 Cataath
2771 4878 2787 4909 ι
2835 4873 2955 4911 cum
3025 4855 3167 4910 LXX
3229 4855 3500 4926 interpre-

1927 4934 2088 4986 tibus.

1996 5004 2108 5072 (98)
2143 5001 2340 5063 'l'ltara,
2387 5000 2528 5072 quod
2580 5000 2721 5065 apud
2777 4998 3234 5072 nps_intelligitur
3269 5007 3502 5051 contem-

1923 5068 2365 5141 platio'stuporis.
2397 5068 2617 5139 Aliquot
2656 5085 2783 5122 mss.
2813 5068 3030 5141 habent,
3089 5086 3114 5141 r
3165 5072 3501 5136 contempla-

1927 5138 1999 5195 tio
2042 5138 2289 5210 stupens;
2329 5161 2347 5194 ι
2384 5156 2412 5193 a
2448 5138 2612 5194 verbo
2648 5149 2753 5199 'l'tn
2789 5158 2806 5190 ι
2845 5138 3162 5206 exploravit,
3195 5157 3212 5190 ι
3247 5149 3299 5192 et
3338 5141 3502 5193 inter-

1919 5213 2153 5282 iectione
2185 5223 2305 5270 non
2345 5232 2361 5264 ι
2396 5213 2492 5267 abl
2529 5232 2546 5262 ι

1995 5283 2105 5351 (99)
2165 5282 2433 5346 Mat/tera,
2501 5281 2644 5351 quod
2708 5282 3083 5346 interpretatur
3122 5295 3269 5351 mors
3345 5295 3498 5332 nova.

1924 5347 2067 5408 Mors
2091 5347 2317 5424 quidem
2353 5347 2613 5406 llebraice
2644 5351 2843 5424 dicitur
2881 5360 3013 5424 nm,
3040 5350 3131 5401 sed
3165 5364 3385 5415 prorsus
3417 5365 3502 5401 me

1922 5425 2056 5477 latet
2104 5421 2374 5493 quomodo
2424 5438 2681 5504 exnvoce
2733 5421 2992 5504 “t.:ll‘l'-'l'i.(':|
3041 5428 3217 5504 mima.
3277 5437 3294 5468 ι
3357 5435 3503 5472 mors

1923 5510 2059 5548 nova
2098 5491 2266 5548 {erui
2294 5503 2474 5561 queat.
2504 5492 2720 5556 Melius,
2758 5493 2808 5544 ni
2843 5491 3016 5551 l'allor,
3049 5491 3299 5574 a'verbo
3329 5497 3499 5574 Prin,

1931 5598 1947 5630 ι
1989 5581 2166 5643 dulce,
2231 5591 2400 5630 suave
2447 5592 2603 5638 esse,
2665 5594 2682 5626 ι
2745 5579 3197 5644 interpretaretur
3256 5571 3500 5626 Matheca

1927 5669 1946 5702 ι
1972 5651 2198 5704 dulcedo
2221 5648 2354 5712 ejus.
2381 5667 2398 5698 ι

1993 5722 2069 5790 (Ι)
2104 5721 2312 5790 Asenna
2367 5718 2592 5790 venitur,
2615 5716 2794 5790 _gt10tl_
2829 5733 2886 5790 os
2922 5714 3006 5790 vel
3045 5730 3162 5790 ossa
3203 5713 3503 5790 signi/icore

1922 5783 2133 5847 dicitur.
2165 5789 2344 5845 Codex
2399 5788 2584 5843 Sancti
2615 5786 2933 5842 Theudorici
2979 5786 3159 5847 habet,
3200 5802 3217 5836 ι
3253 5784 3318 5837 ad
3362 5783 3494 5837 Sen-
