4146 6406
385 381 486 442 797

388 603 492 646 tur.
518 591 634 648 Jam
669 592 792 645 hinc
819 591 1047 644 habetur
1081 589 1291 642 mansio
1321 590 1460 656 apud
1500 589 1792 653 llIesoroth,
1818 591 1961 659 quod

385 685 696 755 signiﬁcare
745 691 966 750 putatur
1010 683 1292 735 excludeus
1340 682 1439 753 (2).
1492 681 1622 748 Qua:
1675 681 1966 736 exclodcns

384 775 503 830 est?
561 777 680 830 sine
721 774 884 828 dubio
954 773 1223 841 malignas
1279 773 1651 842 suggestioues
1705 771 1959 826 contrarii

383 868 604 935 spiritus
631 867 696 920 de
723 864 1144 934 cogitationibus
1185 862 1317 917 suis.
1357 863 1447 916 Sic
1478 865 1620 917 enim
1659 875 1712 918 et
1741 868 1942 932 sapien-

383 958 453 1010 tia
498 958 588 1012 Dei
627 957 758 1012 dicit
795 957 840 987 "
879 973 892 1010 :
932 974 949 1006 ι
987 955 1043 1008 Si
1096 955 1319 1024 spiritus
1359 964 1676 1024 potestatem
1713 959 1962 1013 habentis

377 1053 687 1108 ascenderit
711 1067 872 1117 super
908 1060 975 1113 te,
1001 1049 1179 1103 locum
1209 1058 1357 1103 tuum
1391 1067 1458 1105 ne
1498 1053 1758 1108 dimittas.
1803 1073 1821 1106 3
1861 1053 1962 1108 Te-

381 1146 592 1200 nendus
613 1155 694 1200 est
722 1159 850 1214 ergo
881 1145 1051 1206 locus,
1074 1151 1128 1196 et
1160 1143 1526 1200 excludendos
1578 1157 1658 1201 est
1704 1147 1960 1201 adversa-

380 1239 516 1304 rius,
546 1254 612 1292 ne
637 1239 876 1291 inveniat
909 1237 1085 1290 locum
1114 1237 1165 1290 in
1195 1239 1358 1293 corde
1394 1249 1597 1304 nostro,
1633 1241 1776 1296 sicut
1809 1241 1955 1310 Apo-

377 1330 548 1384 stolus
580 1330 708 1384 dicit
735 1330 780 1361 ’⁸
809 1347 821 1384 :
855 1347 872 1380 ι
905 1328 1081 1382 Nolite
1112 1328 1288 1384 locum
1331 1331 1462 1386 dare
1489 1332 1728 1387 diabolo.
1779 1353 1798 1386 3
1835 1333 1960 1388 Post

380 1423 494 1477 haec
542 1423 763 1476 Banaim
819 1424 1052 1489 venitur,
1109 1423 1254 1494 quod
1313 1423 1483 1492 fontes
1535 1425 1827 1494 signiﬁcat,
1877 1427 1959 1480 vel

377 1516 733 1569 excolationes
765 1515 865 1584 ('5),
914 1515 965 1568 id
1009 1523 1128 1581 est,
1185 1515 1275 1568 ubi
1324 1514 1625 1569 divinorum
1671 1517 1957 1570 verborum

377 1606 554 1661 {mites
585 1607 764 1660 haurit
794 1622 1077 1676 usquequo
1107 1607 1319 1662 excolet
1351 1623 1444 1662 eos
1484 1607 1736 1662 bibendo.
1783 1609 1958 1663 Exco-

376 1700 444 1752 lat
472 1709 647 1752 aotem
673 1699 875 1753 dicitur
909 1700 995 1753 hic
1023 1715 1052 1754 a
1081 1700 1336 1765 colando,
1381 1715 1486 1754 non
1514 1717 1543 1754 a
1568 1702 1814 1756 colendo.
1852 1703 1958 1757 Ex-

374 1791 516 1844 colat
549 1805 676 1862 ergo
701 1792 924 1845 verbum
961 1792 1050 1845 Dei
1085 1793 1226 1860 quis,
1249 1808 1373 1847 cum
1408 1808 1474 1846 ne
1523 1795 1803 1848 minimum
1839 1797 1957 1859 qni-

1519 371 1584 428 IN
1628 374 1959 430 NLMEROS
1999 375 2282 430 IIOMIIJA
2323 372 2531 428 XXVII.

388 510 469 555 tus
503 514 598 569 per
620 499 732 553 lucc
769 497 885 552 sine
911 497 1077 552 dubio
1105 504 1153 550 et
1197 496 1359 550 robur
1405 497 1677 567 patientiae.
1729 499 1970 552 declara—
2004 504 2047 560 Α
2077 498 2194 552 silia
2226 499 2346 564 viri,
2380 497 2520 552 sicut
2548 506 2599 552 et
2633 496 2718 550 ille
2743 496 2829 566 qui
2862 495 3074 550 dicebat
3107 494 3152 525 "

3553 367 3658 424 7'38

3198 510 3210 546 :
3245 512 3260 542 (
3307 490 3437 546 Cum
3472 501 3655 546 autem

2078 592 2250 644 factus
2277 606 2394 644 sum
2428 591 2531 653 vir,
2573 604 2691 657 qum
2719 587 2928 656 parvuli
2961 596 3118 639 erant
3163 584 3407 653 deposui.
3453 601 3472 635 3
3513 583 3657 636 Sunt

2077 698 2206 753 ergo
2240 699 2433 752 magna
2458 682 2681 736 consilia
2715 682 2842 746 viri,
2868 681 3008 734 sicut
3042 691 3094 731 et
3123 679 3210 731 ille
3235 677 3310 730 ait
3342 677 3390 708 ³⁸
3418 700 3428 732 ;
3461 695 3479 728 t
3505 677 3654 743 Aqua

2073 775 2198 837 alta,
2239 775 2522 828 consilium
2551 777 2599 827 in
2627 775 2790 828 corde
2829 773 2950 826 viri.
2991 791 3008 823 3
3049 770 3182 822 llinc
3212 770 3410 822 iterum
3440 768 3650 821 venitur

2074 865 2190 918 Sin.
2215 866 2409 919 Iterum
2438 867 2656 919 tentatio
2681 875 2762 919 cst
2788 866 2903 918 Sin.
2937 863 3178 914 Diximus
3205 861 3348 913 enim
3389 861 3514 928 quia
3552 874 3652 912 nec

2071 959 2230 1012 aliter
2262 959 2476 1028 expedit
2503 959 2604 1012 iter
2627 959 2772 1011 istud
2812 957 3062 1010 incedere
3096 973 3107 1008 :
3143 955 3302 1016 sicut,
3332 952 3483 1005 verbi
3529 966 3656 1019 gra-

2069 1050 2165 1114 tia,
2203 1051 2246 1103 si
2276 1051 2398 1118 quis
2427 1050 2640 1103 aurifex
2678 1065 2772 1101 vas
2814 1048 3182 1101 necessariqu
3223 1044 3399 1097 facere
3446 1043 3655 1106 volens,

2068 1143 2382 1214 frequenter
2409 1143 2538 1198 illud
2591 1145 2697 1213 igni
2740 1143 3046 1203 admoveat,
3095 1140 3408 1207 frequenter
3447 1135 3658 1191 malleis

2068 1238 2284 1302 subdat,
2329 1238 2555 1292 rasoriis
2597 1253 2739 1305 saépe
2785 1236 3133 1304 perstringat,
3170 1244 3226 1284 ut
3272 1241 3323 1284 et
3373 1231 3658 1300 purgatius

2069 1331 2184 1396 ﬁat,
2216 1343 2270 1387 et
2308 1337 2374 1388 ad
2411 1333 2554 1386 illam
2609 1332 2880 1401 speciem,
2914 1345 3073 1398 quam
3126 1329 3386 1397 prospicit
3439 1326 3656 1389 artifex,

2074 1435 2237 1494 atque
2260 1426 2325 1479 ad
2353 1425 2496 1477 illam
2529 1423 2987 1494 pulchritmlinem
3023 1421 3344 1474 deducatur.
3385 1419 3510 1471 Post
3541 1420 3658 1472 haac

2068 1516 2377 1584 applicatur
2434 1517 2501 1566 ad
2561 1513 2960 1576 Pharancades,
2995 1515 3136 1580 quod
3173 1523 3254 1565 est
3302 1510 3658 1580 frnctiﬁcatio

2066 1617 2256 1662 sancta
2288 1607 2387 1675 (8).
2422 1606 2584 1659 Vides
2622 1605 2745 1658 inde
2771 1620 2876 1672 quo
2913 1605 3148 1666 venitur,
3189 1604 3339 1656 vides
3374 1604 3500 1670 quia
3536 1611 3660 1656 ten-

2069 1700 2331 1754 talionum
2403 1696 2582 1751 sulcos
2637 1694 2989 1749 frncliﬁcalio
3041 1705 3228 1746 sancta
3285 1694 3656 1761 subsequitur.

2064 1791 2192 1846 lude
2245 1790 2546 1859 applicatur
2596 1789 2646 1841 iu
2695 1797 2932 1840 montem
2981 1785 3075 1848 Or,
3135 1783 3279 1854 quod
3329 1785 3659 1850 interpreta-

377 1882 498 1933 dent
551 1882 862 1933 mandatum
905 1880 1248 1948 prmterierit,
1286 1880 1394 1933 imo
1427 1896 1548 1934 eum
1595 1897 1660 1937 ne
1701 1883 1805 1935 iota
1839 1883 1960 1950 qui-
1992 1872 2032 1926 Β
2066 1897 2152 1938 tur
2183 1894 2466 1937 montanus
2499 1882 2602 1950 (9).
2641 1880 2792 1936 Venit
2846 1877 2988 1932 enim
3043 1877 3107 1929 ad
3160 1887 3397 1929 montem
3443 1875 3558 1939 Dei.
3599 1884 3658 1928 ιιι

373 1971 495 2025 dem
526 1987 714 2034 unum,
744 1971 823 2025 vel
855 1987 991 2025 unus
1025 1987 1162 2040 apex
1204 1969 1271 2025 de
1323 1972 1487 2025 verbo
1520 1971 1610 2025 Dei
1655 1971 1958 2027 intellectus

377 2067 606 2118 habetur
636 2064 870 2118 otiosus.
912 2063 1038 2117 I’ost
1081 2064 1193 2117 Iure
1223 2065 1439 2116 venitur
1470 2064 1520 2116 in
1562 2063 1788 2134 Galgad,
1815 2063 1958 2132 quod

374 2157 765 2224 interpretatur
796 2165 1170 2209 tentantentum
1196 2157 1311 2209 sive
1333 2157 1652 2223 constipatio
1692 2155 1790 2226 (4).
1820 2157 1950 2210 For—

375 2246 548 2300 titudo
587 2247 857 2314 quaedam,
891 2255 949 2298 nt
987 2245 1160 2312 video,
1189 2255 1240 2298 et
1277 2246 1555 2300 munimen
1604 2257 1689 2302 est
1740 2247 1954 2311 animae,

375 2347 787 2394 tentamentnm.
839 2337 915 2392 lta
961 2339 1104 2392 enim
1165 2338 1453 2392 virtutibus
1501 2339 1851 2400 admiscetur,
1902 2347 1959 2392 ut

372 2430 622 2484 videatur
667 2431 873 2498 absque
913 2431 995 2482 his
1042 2430 1215 2482 virtus
1268 2445 1368 2484 nec
1414 2430 1610 2484 decora
1661 2445 1809 2493 esse,
1859 2446 1958 2484 nec

373 2521 550 2587 plena.
586 2519 652 2574 Et
676 2519 796 2572 ideo
821 2518 1232 2588 proﬁcientibus
1273 2519 1336 2571 ad
1369 2518 1642 2582 virtutem,
1707 2530 1760 2574 et
1800 2519 1958 2575 variae

369 2621 424 2665 et
480 2610 789 2680 frequentes
845 2612 1158 2664 mansiones
1229 2611 1280 2663 in
1355 2613 1739 2665 tentationibus
1801 2613 1953 2668 ﬁunt.

369 2703 515 2768 Quas
540 2703 988 2766 cumtransieris,
1023 2703 1328 2772 applicabis
1367 2703 1418 2755 in
1455 2703 1728 2756 'l‘aballn.
1779 2704 1958 2758 'l‘aba-

375 2798 463 2847 tha
499 2804 883 2863 Interpretatur
917 2797 1051 2847 bona
1089 2794 1188 2864 (5).
1216 2795 1296 2846 Ad
1350 2796 1490 2849 bona
1539 2811 1668 2863 ergo
1714 2812 1818 2848 non
1856 2797 1955 2850 nisi

373 2897 493 2956 post
526 2896 986 2942 tenlamentormn
1019 2888 1392 2956 experimenta
1431 2891 1666 2943 venitur.
1700 2890 1826 2944 lude
1863 2907 1957 2958 3|)-

371 2983 694 3050 plicuerunt,
750 2981 944 3048 inquit,
1000 2981 1052 3033 in
1111 2980 1347 3042 Ebrona,
1411 2981 1555 3049 quod
1607 2991 1691 3034 est
1754 2984 1956 3035 transi-

375 3087 461 3127 tus
523 3071 622 3141 (Ο).
675 3071 1028 3125 Transeunda
1085 3086 1320 3140 namque
1378 3082 1500 3126 sunt
1553 3075 1771 3134 omnia;
1823 3075 1949 3141 quia

369 3167 586 3222 etiamsi
621 3167 686 3221 ad
731 3166 871 3219 bona
928 3165 1134 3227 venias,
1187 3173 1400 3234 oportet.
1445 3175 1494 3218 te
1525 3173 1579 3218 et
1619 3165 1684 3218 ad
1732 3167 1953 3218 meliora

2061 1988 2114 2031 ct
2149 1978 2261 2044 ipse
2312 1975 2404 2029 ﬁat
2463 1989 2615 2028 mons
2667 1974 2821 2036 uber,
2869 1981 2924 2025 et
2969 1983 3122 2022 mons
3171 1968 3510 2035 coagulatus,
3566 1968 3655 2021 vel

2061 2069 2128 2122 ab
2173 2084 2234 2121 eo
2273 2067 2415 2136 quod
2446 2081 2660 2135 semper
2709 2066 2760 2118 in
2811 2073 2993 2120 monte
3025 2063 3117 2116 Dei
3173 2063 3397 2126 habitet,
3445 2067 3659 2114 tnouta‘

2061 2175 2162 2213 nus
2224 2157 2452 2210 dicatur.
2524 2155 2886 2223 Subsequitur
2939 2162 3060 2222 post
3111 2154 3224 2205 hrce
3283 2153 3493 2204 mansio
3532 2150 3656 2205 Sel-

2061 2266 2222 2305 mona
2258 2267 2271 2304 :
2305 2251 2447 2318 quod
2480 2250 2874 2316 interpretatur
2903 2246 3088 2298 umbro
3114 2245 3371 2314 partionis
3402 2243 3540 2313 (10).
3580 2242 3650 2296 II-

2061 2343 2165 2396 lam
2193 2353 2319 2410 puto
2344 2342 2592 2393 umbram
2623 2339 2724 2393 dici
2749 2341 2813 2392 de
2836 2355 2941 2408 qua
2969 2350 3020 2392 et
3046 2340 3305 2406 propheta
3328 2338 3542 2390 dicebat
3561 2336 3604 2368 ³³
3631 2351 3648 2390 :

2059 2434 2219 2504 383
2245 2451 2262 2483 ι
2296 2433 2534 2502 Spiritus
2577 2431 2750 2485 vultus
2777 2431 2943 2484 nostri
2978 2429 3228 2484 Christus
3264 2428 3540 2491 Dominus,
3563 2429 3654 2483 cui

2065 2528 2334 2580 diximus:
2361 2528 2413 2580 lu
2446 2524 2639 2578 umbra
2669 2524 2783 2592 ejus
2815 2523 3062 2577 vivemus
3109 2524 3160 2575 in
3191 2523 3461 2587 gentibus.
3485 2545 3504 2572 3
3537 2519 3646 2574 Sed

2059 2629 2113 2674 et
2164 2619 2252 2672 illa
2290 2616 2485 2671 similis
2537 2617 2662 2671 huic
2693 2617 2883 2669 umbra
2924 2624 3005 2670 est
3031 2657 3045 2680 ,
3075 2616 3139 2668 de
3186 2629 3289 2683 qua
3321 2614 3523 2667 dicitur
3555 2613 3639 2666 ³²ε

2067 2727 2084 2758 ι
2125 2708 2365 2777 Spiritus
2399 2709 2608 2777 Domini
2663 2707 3010 2760 obumbrabit
3051 2705 3164 2760 tibi.
3197 2726 3216 2757 3
3277 2704 3476 2759 Umbra
3529 2719 3659 2774 ergo

2060 2801 2326 2870 portionis
2386 2811 2614 2860 nostrae,
2644 2815 2763 2867 qua:
2805 2798 2958 2851 nobis
2987 2797 3316 2866 opacitatetn
3346 2805 3565 2866 pra-stat
3592 2798 3660 2848 ab

2059 2893 2210 2946 ontni
2259 2903 2396 2946 testu
2451 2892 2832 2954 tcntationutu,
2871 2889 3120 2942 Christus
3167 2900 3268 2951 est,
3316 2899 3371 2940 ct
3420 2887 3660 2955 Spiritus

2059 2993 2301 3038 sanctus.
2343 2983 2482 3036 Ilinc
2510 2984 2619 3048 jam
2659 2981 2878 3035 venitur
2929 2982 2995 3033 ad
3037 2980 3246 3033 l‘hinou
3275 3020 3289 3042 ,
3319 2979 3462 3047 quod
3492 2979 3660 3031 inter-

2062 3077 2261 3144 pretari
2295 3086 2546 3145 putamus
2587 3075 2693 3128 oris
2738 3074 3126 3141 pot-cimonium
3174 3069 3312 3141 (ll).
3368 3071 3469 3136 Qui
3510 3069 3655 3123 enim

2062 3167 2264 3220 intueri
2295 3167 2535 3236 potuerit
2568 3166 2890 3237 mysterium
2922 3165 2986 3217 de
3014 3164 3235 3217 Christo
3264 3173 3317 3215 et
3345 3163 3410 3216 de
3443 3162 3653 3230 Spiritu

373 3259 930 3326 transire,usquequo
983 3258 1046 3308 ad
1082 3257 1210 3309 illud
1260 3257 1460 3310 bonum
1501 3255 1706 3318 venias,
1761 3256 1814 3309 in
1848 3273 1954 3324 quo
1983 3233 2024 3288 (ί
2066 3271 2272 3321 sancto,
2309 3269 2363 3314 et
2394 3261 2438 3314 si
2470 3259 2688 3325 viderit,
2722 3259 2836 3312 sive
2869 3257 3104 3310 audierit
3139 3273 3199 3310 ea
3233 3273 3350 3326 qua}
3386 3272 3490 3308 non
3525 3254 3658 3306 licet

371 3365 584 3417 sotttpet‘
619 3347 817 3402 debeas
853 3362 1191 3416 permanere.
1229 3345 1356 3400 Post
1393 3348 1505 3401 ha‘c
1538 3348 1853 3416 pervenitur
1890 3349 1955 3401 ad

369 3439 757 3510 Gasiongabcr,
791 3440 933 3508 quod
967 3440 1357 3508 interpretatur
1380 3439 1610 3492 consilia
1639 3441 1734 3492 riri
1767 3441 1865 3510 (7).
1895 3440 1954 3496 Si

371 3535 494 3603 quis
519 3533 670 3588 desiit
696 3548 832 3602 puer
863 3545 984 3587 esse
1019 3531 1288 3595 sensibus,
1331 3532 1432 3585 iste
1461 3532 1709 3600 pervenit
1734 3532 1800 3585 ad
1823 3546 1953 3586 con-

437 3711 485 3744 ⁹⁷
515 3711 660 3766 Eccl.
693 3727 748 3778 λ,
783 3711 833 3766 4.
935 3710 981 3742 ’⁸
1017 3711 1213 3781 Ephes.
1263 3725 1338 3774 tv,
1372 3708 1464 3762 27.

372 3904 518 3945 nam.
554 3906 573 3940 3
624 3885 788 3939 llehr.
833 3895 1046 3947 rt:me
1091 3904 1109 3936 ‹
1153 3885 1518 3939 Chasmonah.
1547 3905 1564 3936 3
1605 3884 1746 3938 LXX
1789 3888 1956 3942 inter-

369 3971 550 4028 pretes
585 3958 869 4028 Σελμωνᾷ.
908 3957 1016 4028 Ego
1053 3971 1148 4028 pro
1200 3959 1435 4018 Ascnna,
1489 3956 1771 4028 iegemlum
1825 3971 1952 4024 poto

374 4025 393 4084 ι
425 4025 710 4083 Asemona.
747 4047 764 4079 3
805 4026 1217 4094 I‘Itymologistes
1243 4035 1425 4078 autem
1451 4027 1590 4078 nulla
1619 4025 1943 4088 litterarum,

367 4104 461 4154 sed
490 4100 658 4153 solius
692 4098 809 4152 soni
849 4097 1026 4150 Itabita
1075 4096 1280 4148 ratione
1314 4099 1580 4148 Asemona
1631 4097 1951 4156 interpreta-

371 4183 458 4225 ttts
491 4171 652 4223 I'tter'tt
679 4187 697 4221 ι
726 4185 808 4229 os,
843 4187 860 4219 3
905 4168 986 4220 vel
1015 4187 1033 4217 ε
1073 4181 1218 4219 ossa.
1255 4185 1272 4217 3
1320 4175 1444 4228 D337
1497 4181 1686 4234 nempe
1727 4167 1950 4218 Ilelirai-

369 4259 448 4294 ee.
479 4252 663 4292 nostra
692 4239 869 4305 lingua
903 4249 980 4291 est
1013 4255 1031 4288 ‹
1060 4253 1141 4296 os,
1171 4237 1330 4291 ossis.
1370 4256 1388 4286 3
1429 4237 1622 4289 Verum
1653 4253 1752 4289 vox
1787 4237 1949 4288 llebr.

365 4319 576 4393 ri:an
621 4310 822 4364 rectius
891 4307 1250 4389 deduceretur
1304 4308 1370 4361 ab
1422 4315 1586 4393 ἶβιῑή
1633 4322 1741 4375 quo
1791 4306 1954 4375 signi-

369 4385 583 4436 licatur.
625 4400 642 4432 ι
681 4395 926 4445 magnas,
953 4379 1173 4447 primas.
1221 4396 1238 4427 3

873 4430 1081 4519 ,Ἴᾷιιοά
1144 4430 1444 4519 signiﬁcare
1485 4457 1708 4516 putatur
1767 4449 1946 4502 rxrlu-
1988 4430 2031 4484 ί)

368 4525 518 4576 deus.
567 4523 656 4576 Sic
709 4521 909 4575 habent
959 4535 1088 4572 mss.
1144 4518 1287 4571 Libri
1338 4528 1516 4572 autem
1567 4520 1720 4581 editi,
1777 4539 1794 4570 ι
1841 4519 1954 4572 Me-

369 4595 571 4648 saloth.
623 4613 642 4645 3
683 4591 850 4644 Radix
886 4589 1153 4644 Mesoroth
1205 4599 1262 4640 ut
1311 4589 1649 4655 signiﬁcetur
1692 4609 1708 4639 ι
1769 4593 1958 4643 exelu-

369 4666 524 4728 dens,
565 4682 583 4714 3
633 4663 738 4716 erit
781 4673 901 4729 ἽῚΒ,
927 4660 1070 4730 quod
1127 4659 1180 4713 in
1235 4658 1409 4726 Iliphil
1452 4659 1718 4722 signiﬁcat
1755 4681 1771 4710 ‹
1811 4679 1960 4712 amo-

369 4737 469 4796 vit,
525 4733 772 4798 removit,
815 4751 833 4784 3
875 4728 980 4785 etc.
1031 4728 1184 4795 Quod
1234 4731 1276 4783 si
1329 4739 1580 4783 servatur
1624 4732 1784 4783 lectio
1827 4732 1968 4785 libb.-

368 4835 528 4879 antea
579 4817 842 4877 editorum
876 4840 894 4872 ‹
927 4821 1214 4886 )Iesalotb,
1258 4841 1286 4874 3'
1309 4820 1461 4874 radix
1493 4821 1594 4874 erit
1638 4805 1739 4881 n57
1772 4843 1784 4873 ι
1819 4840 1958 4892 pra:-

369 4907 474 4953 ter.
510 4896 634 4958 nisi,
665 4903 890 4962 excepto
937 4912 954 4943 ι

443 4967 519 5030 (5)
549 4965 772 5019 Banaim
798 4963 1026 5024 venitur,
1059 4963 1198 5032 quod
1243 4963 1709 5032 {antes'signiﬁcat
1759 4964 1835 5018 rel
1860 4982 1953 5018 ex-

369 5037 676 5089 calationes.
743 5034 891 5089 Unus
946 5035 1112 5087 codex
1162 5049 1262 5087 ms.
1319 5052 1337 5084 ι
1398 5034 1674 5088 Dant-aint.
1735 5054 1754 5085 3
1801 5038 1954 5090 Alius

376 5129 393 5155 ι
433 5106 761 5165 Vanaehalu.
797 5124 815 5156 3
883 5104 1031 5156 Alius
1085 5123 1102 5154 ι
1146 5103 1445 5157 Vanarain.
1492 5105 1546 5157 In
1597 5104 1820 5158 Ilehra-o
1869 5116 1956 5164 ’.Π

365 5185 489 5264 nam
535 5195 553 5228 ι
585 5178 719 5230 bene
748 5173 1011 5240 Jaachan,
1056 5194 1074 5226 3
1111 5176 1249 5242 apud
1291 5173 1431 5228 LXX
1470 5175 1692 5228 Βαναία.
1727 5175 1950 5230 Danaim

367 5282 502 5319 vero
528 5276 584 5320 ut
635 5265 905 5336 signiﬁcet
937 5284 954 5316 ι
998 5264 1194 5330 fontes,
1245 5286 1263 5318 3
1304 5277 1576 5336 utcunque
1616 5270 1954 5322 derivabitur

369 5340 438 5391 ab
608 5353 714 5406 quo
757 5337 1090 5405 signiﬁcatur
1133 5355 1150 5387 ι
1202 5338 1392 5391 oeulns
1432 5359 1450 5388 3
1490 5349 1544 5391 et
1583 5341 1951 5413 metaphorice

373 5446 396 5483 ι
432 5430 574 5493 fons,
608 5448 626 5481 3
675 5438 729 5483 et
764 5436 827 5497 '(1
855 5443 962 5496 quo
992 5428 1330 5497 signiﬁcatur
1356 5447 1374 5478 ι
1411 5429 1570 5487 ﬁlius.
1612 5449 1629 5481 3

442 5498 520 5570 (4)
556 5497 956 5570 (ἱαιῃαίιξίᾳιιοίι
998 5499 1381 5566 interpretatur
1417 5510 1816 5567 tentamcntnm,
1845 5504 1949 5556 sire

367 5571 712 5638 constipatio.
745 5569 1032 5638 Sicghahet
1057 5585 1158 5622 tus.
1191 5571 1359 5622 codex
1384 5570 1738 5624 Turonensis.
1761 5573 1812 5626 In
1849 5590 1947 5626 an-

368 5649 452 5694 tea
475 5637 633 5709 editis
655 5657 750 5708 pro
783 5658 801 5690 ‹
830 5637 1060 5708 Galgad.
1088 5658 1106 5689 3
1136 5639 1330 5707 legitur
1358 5659 1374 5690 ι
1400 5640 1611 5709 Galgat,
1639 5645 1775 5709 apud
1806 5642 1946 5697 LXX

366 5707 602 5778 Γαδγάδ,
635 5707 688 5766 in
724 5707 955 5765 Hebraeo,
985 5720 1131 5771 'tJ‘tJ.
1164 5712 1232 5762 At
1264 5727 1368 5763 non
1402 5707 1558 5763 video
1580 5707 1850 5782 quotuodo
1879 5731 1946 5768 ex

370 5783 457 5861 his
483 5799 504 5834 ι
557 5791 948 5838 tentamentum
985 5800 1002 5835 3
1041 5783 1157 5838 sive
1195 5799 1213 5833 ι
1250 5782 1574 5852 constipatio
1613 5802 1627 5838 ι
1672 5785 1787 5840 erui
1821 5801 1945 5856 pos-

367 5861 462 5908 ιιι.

1543 3709 1586 3740 ²⁹
1619 3704 1788 3760 lCor.
1820 3724 1939 3776 snt,
1975 3710 2060 3763 Il.

2067 3351 2380 3407 hominibus
2444 3352 2628 3420 loqui,
2676 3351 2987 3405 necessario
3041 3351 3264 3404 habebit
3317 3351 3428 3402 oris
3479 3347 3660 3420 parci-

2073 3445 2346 3508 moniam,
2395 3445 2573 3497 sciens
2613 3443 2841 3511 quibus,
2872 3443 2954 3495 vel
2992 3443 3242 3510 quando,
3280 3442 3359 3494 vel
3385 3442 3658 3511 quomodo

2069 3538 2134 3590 de
2169 3537 2444 3606 mysteriis
2472 3537 2670 3590 divinis
2707 3544 2956 3605 oporteat
2995 3535 3162 3606 loqui.
3197 3535 3324 3588 Post
3363 3535 3476 3589 haec
3509 3535 3661 3590 veni-

2139 3713 2181 3743 ³⁰
2223 3715 2378 3768 Prov.
2416 3730 2507 3780 xx,
2533 3714 2584 3769 5.
2665 3715 2706 3746 ³¹
2743 3715 2947 3770 Tbrcn.
2977 3729 3050 3780 tv,
3081 3712 3171 3768 ‘26.
3251 3712 3296 3744 ³³
3327 3711 3460 3767 Luc.
3497 3728 3531 3778 ι,
3562 3715 3654 3770 55.

2137 3885 2459 3957 (5)1‘ubatlta
2493 3889 2875 3958 interpretatur
2897 3888 3053 3942 bona.
3081 3887 3125 3941 Α
3159 3887 3338 3941 radice
3366 3895 3476 3946 31::
3508 3901 3526 3936 ι
3555 3885 3656 3941 b0-

2063 3973 2188 4008 IIIIII!
2223 3974 2360 4011 (FSth
2400 3977 2416 4008 I

2137 4027 2215 4094 (6)
2253 4028 2484 4094 Ebrona,
2519 4029 2660 4100 quod
2717 4041 2790 4082 est
2846 4029 3123 4084 transitus.
3186 4028 3360 4082 Radix
3407 4037 3490 4082 est
3535 4037 3655 4092 Ἓν

2065 4120 2085 4153 ι
2127 4101 2360 4153 transiit.
2399 4119 2416 4150 3

2133 4170 2211 4239 (7)
2236 4168 2620 4238 Gasiongaber,
2674 4169 2815 4234 quod
2843 4169 3227 4236 interpretatur
3270 4168 3495 4223 consilia
3529 4170 3649 4225 viri.

2062 4239 2153 4294 Sic
2208 4240 2375 4293 habet
2423 4243 2589 4293 rodex
2657 4239 3024 4293 I'lbroieeusis.
3085 4239 3231 4291 Libri
3293 4253 3422 4291 vero
3481 4250 3647 4293 antea

2060 4312 2209 4378 editi.
2257 4329 2274 4361 ι
2335 4309 2716 4376 Gasiougabis.
2775 4329 2793 4359 3
2853 4308 2994 4362 LXX
3065 4309 3388 4371 interpretes
3444 4308 3652 4364 Γεσιὼν

2066 4381 2263 4451 Γάϐερ,
2305 4380 2560 4433 Ilebrmus
2615 4390 2792 4434 textus
2847 4387 3103 4462 '12”???
3139 4397 3156 4428 ι
3201 4379 3589 4450 Ilesiongaber.
3624 4401 3643 4434 3

2062 4474 2454 4539 Interpretatur
2479 4481 2656 4523 autem
2687 4473 2789 4524 hoc
2813 4488 3007 4524 nomen
3037 4489 3055 4520 ‹
3103 4471 3330 4524 consilia
3363 4473 3462 4524 viri
3508 4493 3526 4524 3
3575 4474 3644 4527 ab

2065 4553 2184 4607 my
2205 4545 2346 4611 quod
2384 4554 2486 4604 est,
2523 4561 2540 4592 ι
2565 4543 2871 4597 consilium.
2897 4561 2915 4592 3
2940 4553 2992 4593 et
3015 4552 3144 4602 ηελλ,
3171 4542 3312 4608 quod
3341 4552 3425 4596 est
3453 4563 3470 4595 ι
3497 4545 3597 4598 vir.
3627 4566 3643 4595 ι

2137 4620 2210 4677 (et)
2252 4613 2646 4667 lerancudes.
2683 4613 2823 4682 quod
2852 4622 2926 4665 est
2969 4612 3311 4680 fructi/icotio
3347 4625 3555 4668 sancta.
3602 4617 3645 4668 Α

2063 4695 2182 4808 .31;
2215 4704 2233 4734 ‹
2269 4684 2504 4739 fructum
2531 4684 2722 4748 edidit,
2758 4703 2776 4736 3
2818 4695 2872 4738 et
2909 4693 3036 4770 VJTP
3083 4703 3104 4734 ι
3132 4693 3380 4738 sanctum
3411 4702 3533 4740 esse
3564 4696 3649 4740 vet

2103 4773 2202 4808 ert.
2252 4775 2270 4806 3

2103 4773 2202 4808 8I‘I.
2252 4775 2270 4806 ι

2136 4828 2211 4895 (9)
2260 4825 2357 4889 0r,
2403 4825 2543 4895 quod
2583 4826 2965 4891 interpretatur
3001 4833 3302 4878 montanus.
3360 4823 3532 4878 Radix
3560 4841 3645 4879 ρει

2059 4910 2180 4957 ἾἽΠ
2220 4916 2237 4947 ι
2266 4913 2441 4959 mons,
2495 4920 2513 4950 3
2542 4899 2684 4951 unde
2719 4906 2795 4951 Tt
2837 4913 2854 4945 ‹
2891 4905 3338 4956 mons-,tnontana
3375 4897 3509 4948 loca.
3547 4916 3566 4948 3

2133 4966 2244 5038 (HI)
2271 4967 2541 5027 Selmonit,
2566 4966 2705 5032 quod
2744 4965 3119 5032 interpretatur
3147 4967 3332 5017 umbra
3360 4968 3640 5032 partionis.

2058 5061 2101 5114 Α
2124 5044 2227 5118 ⁸7Βῖ
2258 5079 2274 5110 ‹
2305 5058 2612 5113 obumbrari
2640 5039 2808 5113 iﬁt‘w
2829 5072 2844 5103 ι
2864 5055 3076 5114 umbra,
3095 5072 3114 5102 3
3133 5052 3222 5106 cui
3238 5053 3281 5106 si
3297 5055 3644 5118 additurmn

2063 5151 2080 5182 ι
2119 5133 2316 5196 portio.
2352 5151 2370 5182 3
2397 5129 2648 5183 Sehnona
2702 5138 2851 5181 recte
2890 5128 3343 5197 interpretabitur
3376 5153 3392 5178 ι
3450 5133 3637 5182 ΙΙΙὶΙΙιΙἈΙ

2059 5204 2343 5273 portiouis.
2381 5220 2399 5252 3

2129 5271 2236 5340 (ll)
2276 5270 2504 5331 I’lu'non,
2546 5269 2686 5336 quod
2721 5268 3056 5340 interpretari
3089 5281 3337 5335 putamus
3368 5268 3472 5319 oris
3511 5283 3640 5334 pur-

2054 5339 2356 5397 cimoniam.
2397 5343 2485 5394 Sic
2518 5341 2680 5392 habet
2713 5342 2878 5391 codex
2915 5339 3251 5390 'I‘uronensis
3279 5352 3327 5388 et
3367 5339 3646 5388 rtittscntit

2054 5431 2174 5468 cum
2208 5411 2431 5466 Hebraeo
2476 5421 2621 5463 textu
2651 5411 2701 5462 in
2735 5426 2840 5476 quo
2871 5411 3068 5479 legitur
3109 5417 3242 5496 (:15.
3283 5407 3426 5459 Libri
3475 5418 3635 5457 antea

2051 5506 2180 5559 editi
2209 5505 2402 5558 habent
2441 5521 2458 5552 ‹
2488 5503 2644 5565 Fino,
2677 5523 2693 5554 3
2730 5501 2872 5555 LXX
2913 5491 3236 5568 interpretes
3272 5496 3431 5550 Φινὼ.
3468 5491 3634 5547 ῘίιΙςι-

2049 5577 2142 5629 hat
2183 5588 2362 5628 autem
2395 5573 2661 5640 Origenes
2695 5575 2898 5627 l‘hinon
2933 5570 3282 5638 interpretari
3321 5587 3338 5618 ς
3370 5570 3478 5620 oris
3509 5585 3638 5635 par-

2049 5647 2340 5700 cimouiam
2371 5666 2387 5695 ι
2422 5661 2450 5697 a
2483 5653 2560 5704 ΠΣ)
2589 5645 2728 5712 quod
2757 5653 2839 5696 est
2874 5661 2890 5692 ι
2922 5659 3002 5706 os,
3029 5643 3182 5700 orisu
3215 5649 3276 5712 et
3297 5657 3323 5690 a
3356 5641 3518 5690 verbo
3546 5645 3640 5693 nar

2049 5720 2190 5785 quod
2231 5727 2352 5778 est,
2397 5733 2415 5764 ι
2440 5710 2732 5783 oppressit.
2763 5733 2780 5765 3
2836 5713 3030 5783 Magna
3073 5721 3155 5765 est
3192 5710 3336 5764 enim
3385 5711 3496 5763 oris
3535 5725 3640 5777 0p-

2053 5788 2224 5858 pressi
2272 5786 2624 5858 pareimonia.
