4146 6414
486 339 597 395 799

1942 327 2263 386 ORIGENIS

3650 329 3755 385 800

487 471 583 515 tur
606 459 807 524 Oboth,
839 460 996 529 cujus
1022 457 1258 512 nominis
1290 457 1543 527 quamvis
1570 470 1675 509 non
1704 452 2074 508 invenerimus
2101 450 2151 507 Α
2180 445 2323 501 enim
2357 459 2454 515 per
2490 446 2588 500 has
2617 460 2809 501 omnes
2846 447 3077 502 virtutes
3124 447 3229 502 iter
3268 445 3443 516 egerit
3472 446 3671 514 anima,
3702 459 3757 503 et

489 552 998 622 interpretationem
1033 548 1167 619 (19.),
1205 558 1383 602 tamen
1414 563 1521 601 non
1554 547 1866 601 dubitamus
1886 585 1901 610 ,
1930 544 2071 598 sicut

488 653 543 696 et
576 645 626 695 in
657 643 868 695 caeteris
897 641 1173 707 omnibus,
1205 640 1369 693 etiam
1403 638 1456 692 in
1494 638 1597 692 hoc
1628 637 1849 690 nomine
1882 649 2071 689 conse-

488 733 767 801 quentiam
795 731 1136 801 profectuum
1163 729 1495 785 conservari.
1524 728 1784 798 Sequitur
1807 734 1927 796 post
1955 726 2071 779 haec

488 824 702 878 mansio
755 838 876 891 quae
925 822 1227 892 appellatur
1276 821 1375 876 Gai
1418 859 1434 886 ,
1482 820 1628 889 quod
1685 819 2071 887 interpretatur

484 915 652 968 chaos
686 915 823 985 (15).
872 915 1171 984 Appropiat
1217 912 1365 967 enim
1417 927 1516 982 per
1544 914 1642 966 hos
1683 911 1959 981 profectus
2005 911 2071 965 ad

488 1008 642 1059 sinus
663 1005 920 1069 Abrahze,
946 1006 1038 1073 qui
1063 1004 1192 1059 dicit
1219 1004 1284 1058 ad
1307 1018 1403 1057 eos
1423 1002 1515 1072 qui
1536 1004 1586 1055 in
1607 1002 1891 1056 tormentis
1919 1010 2069 1065 sunt,

489 1098 614 1163 quia
649 1115 668 1149 ‹
700 1097 845 1151 inter
871 1112 966 1152 vos
997 1107 1046 1150 et
1077 1111 1172 1150 nos
1202 1098 1370 1150 chaos
1397 1112 1653 1164 maguum
1684 1095 2068 1148 confirmatum

485 1198 572 1243 est
597 1188 665 1253 ³³,
701 1205 722 1241 ι
767 1197 824 1243 ιιι
852 1197 905 1244 et
937 1189 1051 1257 ipse
1083 1189 1132 1242 iu
1169 1189 1381 1244 sinibus
1410 1191 1548 1256 ejus,
1577 1188 1717 1242 sicut
1750 1186 1942 1241 beatus
1968 1186 2072 1240 La-

486 1298 671 1347 zarus,
711 1284 1037 1353 requiescat.
1080 1283 1205 1338 Inde
1258 1284 1453 1338 iterum
1496 1285 1713 1338 venitur
1763 1284 2061 1351 Dibougad,

486 1378 629 1444 quod
684 1376 994 1444 significare
1050 1375 1219 1429 fertur
1269 1378 1532 1444 apiarium
1594 1378 1967 1433 teutationum.
2024 1380 2068 1435 Ο

490 1470 683 1525 miram
719 1469 913 1521 divinae
943 1468 1291 1537 providentia:
1319 1467 1621 1522 cautelam!
1654 1467 1921 1536 Eecejam
1953 1472 2069 1524 via-

486 1569 574 1613 tor
619 1560 706 1612 hic
740 1559 958 1612 itineris
1000 1559 1273 1622 caelestis,
1320 1574 1546 1612 summa:
1580 1559 1903 1627 perfectioni
1939 1579 2065 1631 pro-

488 1650 664 1702 ximus
693 1649 753 1701 fit
793 1650 1139 1702 successione
1177 1650 1461 1715 virtutum,
1497 1661 1551 1703 et
1584 1661 1761 1705 tamen
1800 1654 1846 1707 ei
1883 1663 2064 1708 tenta-

484 1748 664 1795 menta
699 1755 803 1794 non
841 1741 1056 1805 desunt,
1106 1741 1201 1793 sed
1254 1742 1373 1794 novi
1424 1742 1639 1809 generis
1676 1744 1838 1797 audio
1888 1755 2069 1801 tenta-

487 1842 688 1885 menta.
717 1832 1019 1901 Apiariutn,
1052 1831 1249 1902 inquit,
1290 1835 1682 1890 teutationum.
1714 1838 1847 1907 Apis
1890 1840 2068 1894 lauda-

484 1923 592 1977 bile
617 1924 820 1978 auimal
864 1925 916 1977 in
955 1924 1255 1995 Scripturis
1291 1926 1523 1995 positum
1551 1938 1653 1997 est,
1695 1947 1761 1985 ex
1801 1932 1953 2001 cujus
1992 1935 2069 1988 la—

482 2014 706 2069 boribus
750 2032 905 2087 reges
935 2028 989 2069 et
1019 2019 1319 2072 mediocres
1360 2019 1425 2071 ad
1470 2022 1758 2076 sanitatem
1794 2034 2063 2093 utuntur;

480 2107 625 2174 quod
660 2117 804 2162 recte
833 2111 900 2162 de
931 2109 1109 2162 verbis
1150 2111 1539 2178 prOphetarum
1569 2123 1624 2167 et
1653 2116 2024 2184 apostolorum
2049 2160 2065 2186 ,

480 2208 649 2266 atque
679 2199 922 2252 omnium
956 2204 1045 2269 qui
1084 2218 1235 2257 sacra
1267 2203 1538 2258 volumina
1573 2209 2063 2279 conscripserunt,

482 2291 783 2360 accipitur;
828 2303 881 2346 et
913 2292 1057 2347 istud
1089 2311 1210 2349 esse
1264 2299 1526 2364 agrarium
1554 2342 1568 2365 ,
1608 2301 1659 2353 id
1693 2312 1813 2363 est.
1845 2318 2063 2358 omnem

481 2403 770 2442 numerum
819 2388 1225 2458 Seripturarum
1273 2393 1575 2448 divinarum
1608 2398 1928 2467 dignissime
1984 2402 2065 2454 in-

484 2479 651 2549 telligi
696 2490 847 2549 puto.
899 2483 991 2536 Est
1032 2499 1166 2554 ergo
1209 2484 1274 2538 iis
1307 2486 1398 2554 qui
1433 2488 1497 2539 ad
1534 2489 1920 2557 perfectionem
1952 2503 2067 2547 tcn-

478 2572 637 2636 dunt,
672 2574 835 2627 etiam
872 2574 926 2629 in
958 2576 1058 2630 hoc
1086 2577 1327 2645 apiario,
1361 2579 1411 2633 id
1441 2590 1524 2633 est
1550 2582 1601 2633 in
1628 2582 1806 2637 verbis
1834 2588 2065 2654 prephe-

482 2662 606 2717 ticis
643 2674 697 2717 et
732 2668 1048 2735 apostolicis
1074 2708 1088 2733 ,
1126 2671 1389 2725 nonnulla
1444 2676 1691 2727 tentatio.
1747 2676 1834 2731 Vis
1880 2680 2063 2734 videre

477 2755 605 2821 quia
637 2756 706 2809 sit
738 2757 788 2810 in
829 2759 911 2813 his
942 2760 1170 2815 tentatio
1200 2778 1304 2816 non
1337 2764 1597 2819 minima?
1624 2766 1678 2819 lu
1719 2768 1821 2822 hoc
1853 2771 2063 2838 apiario

477 2846 739 2914 scriptum
779 2849 1031 2907 invenio:
1076 2871 1095 2903 ι
1130 2854 1300 2920 Vide,
1336 2855 1514 2924 inquit
1564 2856 1643 2922 “,
1676 2874 1743 2912 ne
1792 2861 2062 2930 aSpicieus

477 2937 646 2991 solem
675 2950 729 2994 et
757 2942 962 3006 lunam,
1001 2944 1199 3000 adores
1228 2961 1290 3000 ea
1331 2961 1451 3015 qure
1483 2954 1841 3017 scquestravit
1878 2953 2060 3008 Domi-

479 3046 583 3084 nus
630 3030 773 3089 Deus
823 3044 947 3090 tuus
979 3039 1251 3108 gentibus.
1285 3060 1303 3092 ι
1366 3041 1527 3097 Vides
1568 3060 1686 3113 qua:
1739 3049 1965 3101 tentatio
1996 3050 2063 3105 de

2175 538 2242 593 ad
2276 553 2550 594 summum
2578 539 2932 610 perfectionis
2957 541 3285 605 ascenderit.
3324 540 3517 594 transit
3544 542 3655 610 jam
3689 542 3757 598 de

2174 630 2393 695 saeculo,
2425 640 2481 685 et
2506 631 2786 686 abscedit:
2830 632 2968 686 sicut
2993 632 3255 700 scriptum
3283 641 3367 685 est
3397 629 3464 683 de
3494 630 3642 684 Enoc
3672 628 3752 685 "z

2179 733 2198 767 ι
2228 716 2294 770 Ει
2319 734 2422 772 non
2450 718 2851 785 inveniebatur,
2881 720 3004 788 quia
3031 719 3519 775 transtulerateum
3543 720 3698 775 Deus.
3730 740 3749 771 ο

2172 812 2324 879 Quod
2360 813 2459 866 etsi
2500 814 2752 868 videatur
2777 829 2899 868 esse
2924 814 3101 869 adhuc
3130 815 3181 868 in
3215 815 3413 868 saeculo
3442 816 3532 884 qui
3566 814 3757 884 hujus-

2173 908 2317 961 modi
2354 916 2469 973 est,
2496 915 2550 961 et
2575 909 2628 961 in
2656 921 2821 961 carne
2851 907 3135 971 habitare,
3162 914 3339 961 tamen
3370 922 3478 961 non
3513 907 3751 961 invenie-

2171 1009 2279 1053 tur.
2316 998 2373 1053 ιη
2407 1016 2512 1068 quo
2545 1015 2653 1053 non
2686 1000 3030 1054 invenietur?
3065 1000 3119 1053 In
3155 998 3301 1054 nullo
3329 1010 3452 1053 actu
3481 1001 3753 1066 saeculari,

2174 1094 2227 1147 in
2271 1094 2416 1148 nulla
2454 1109 2512 1148 re
2538 1093 2767 1159 carnali,
2804 1094 2859 1151 in
2893 1093 3038 1149 nullo
3069 1094 3341 1163 colloquio
3374 1094 3631 1150 vanitatis
3665 1096 3753 1149 in-

2172 1189 2408 1244 venitur.
2446 1186 2747 1241 Transtulit
2776 1188 2922 1243 enim
2960 1204 3084 1242 eum
3130 1188 3273 1244 Deus
3302 1186 3369 1242 ab
3405 1189 3471 1243 iis
3495 1228 3510 1254 ,
3542 1197 3597 1243 et
3630 1204 3754 1243 esse

2174 1279 2302 1333 fecit
2352 1280 2404 1334 in
2453 1279 2671 1347 regione
2717 1279 2999 1332 virtutum.
3039 1276 3243 1334 Ultima
3299 1280 3510 1333 mansio
3555 1288 3639 1334 est
3688 1282 3757 1335 ab

2168 1372 2457 1427 occidente
2492 1369 2648 1425 Moab
2668 1369 2820 1440 juxta
2847 1368 3161 1424 Iordanem.
3197 1368 3386 1425 Omnis
3410 1385 3641 1439 namque
3666 1372 3756 1425 hic

2170 1480 2362 1518 cursus
2393 1470 2677 1532 propterea
2717 1462 2895 1530 agitur
2916 1503 2929 1524 ,
2960 1472 3015 1516 et
3060 1468 3346 1531 prepterea
3379 1461 3620 1514 curritur
3645 1500 3661 1525 ,
3698 1472 3756 1514 ut

2170 1555 2518 1626 perveniatur
2554 1556 2619 1610 ad
2661 1554 2859 1609 ﬂumen
2908 1555 2999 1609 Dei
3035 1594 3049 1619 ,
3083 1564 3141 1607 ιιι
3184 1553 3417 1623 proximi
3458 1551 3756 1607 elﬁciamur

2168 1649 2384 1703 ﬂuentis
2409 1647 2706 1716 sapientize,
2734 1655 2787 1700 et
2816 1646 3053 1716 rigemur
3074 1645 3229 1699 undis
3260 1644 3502 1699 scientiae
3525 1643 3751 1699 divinae:

2173 1752 2229 1794 ut
2276 1742 2355 1796 sic
2389 1755 2484 1809 per
2515 1739 2695 1793 omnia
2733 1737 3005 1809 purificati
3029 1776 3044 1801 ,
3077 1744 3276 1791 terram
3311 1734 3752 1802 repromissionis

2175 1846 2482 1886 mereamur
2512 1829 2740 1884 intrare.
2771 1828 2897 1883 Haec
2924 1827 3139 1881 interim
3170 1826 3238 1881 de
3263 1824 3572 1880 lsraeliticis
3598 1842 3752 1880 man—

2172 1925 2416 1978 sionibus
2468 1924 2766 1977 secundum
2836 1936 3002 1975 unum
3065 1919 3370 1988 exponendi
3426 1919 3642 1973 modum
3698 1919 3752 1972 in

2172 2025 2488 2069 transcursu
2522 2015 2927 2085 perstringere,
2958 2020 3118 2082 atque
3149 2012 3200 2065 in
3236 2011 3471 2066 medium
3508 2010 3754 2080 proferre

2168 2109 2463 2178 potuimus.

2240 2220 2325 2273 15.
2366 2219 2564 2273 Verum
2605 2235 2675 2274 ne
2715 2219 3020 2288 huiusmodi
3052 2222 3339 2289 expositio,
3375 2240 3495 2293 quae
3522 2240 3617 2295 per
3648 2225 3754 2280 lle-

2166 2312 2434 2366 bramrum
2465 2312 2702 2383 linguam
2731 2324 2785 2368 et
2820 2314 3097 2367 nominum
3123 2315 3516 2383 signiticantias
3554 2318 3752 2383 currit,

2169 2406 2545 2475 ignorantibus
2612 2407 2808 2477 lingua:
2866 2408 3009 2463 illius
3058 2410 3447 2478 proprietatem
3501 2410 3751 2466 aﬂectata

2166 2496 2417 2549 videatur
2463 2505 2516 2550 et
2561 2497 2829 2551 violenter
2872 2508 3087 2553 extorta
3115 2540 3131 2564 ,
3176 2499 3429 2556 dabimus
3479 2502 3645 2555 etiam
3695 2503 3750 2555 in

2168 2599 2352 2643 nostra
2386 2589 2566 2658 lingua
2598 2590 3032 2651 similitudinem,
3076 2606 3179 2659 qua
3215 2594 3618 2663 consequentia:
3653 2596 3753 2647 huc

2161 2682 2250 2752 jus
2272 2682 2408 2736 ratio
2431 2691 2693 2750 patescat.
2727 2681 2784 2734 lu
2810 2681 3075 2735 litterario
3105 2683 3251 2747 ludo,
3281 2684 3371 2737 ubi
3400 2684 3550 2752 pueri
3575 2685 3751 2753 prima

2166 2776 2434 2828 elementa
2461 2773 2766 2842 suscipiunt
2794 2816 2809 2839 ,
2858 2773 3165 2827 aheeedarii
3198 2774 3452 2827 dicuntur
3481 2775 3700 2845 quidam
3729 2815 3749 2839 ,

2166 2868 2259 2919 alii
2290 2866 2597 2936 syllabarii,
2630 2865 2722 2919 alii
2768 2866 3083 2932 nominarii,
3115 2866 3206 2920 alii
3246 2867 3357 2935 jatn
3389 2866 3752 2924 calculatores

2166 2956 2506 3027 appellantur
2537 2972 2550 3009 :
2588 2964 2644 3009 et
2678 2970 2802 3009 cmn
2846 2955 3184 3010 audierimus
3220 2956 3334 3011 haec
3383 2958 3601 3011 nomina
3630 2998 3645 3023 ,
3682 2972 3749 3012 ex

2166 3050 2299 3119 ipsis
2320 3050 2411 3118 qui
2448 3049 2556 3103 sint
2590 3048 2643 3101 in
2671 3049 2855 3117 pueris
2880 3047 3159 3118 profectus
3188 3050 3553 3118 agnoscimus.
3584 3051 3752 3105 Simi-

477 3122 690 3191 apiario
716 3126 820 3181 isto
848 3130 1136 3196 procedit?
1163 3132 1226 3184 Et
1247 3133 1438 3186 iterum
1465 3151 1587 3190 cum
1613 3138 1740 3193 dicit
1762 3140 1840 3195 ³⁸ε
1880 3160 1897 3191 ι
1924 3141 2061 3197 Deos
2088 3148 2132 3206 ο
2167 3142 2290 3196 liter
2325 3153 2379 3195 et
2415 3142 2467 3195 in
2505 3140 2823 3195 liberalibus
2852 3140 3079 3206 studiis,
3110 3156 3233 3195 eum
3264 3152 3358 3195 aut
3392 3142 3572 3197 locum
3606 3148 3748 3198 reci-

476 3228 580 3267 non
600 3216 909 3274 maledices.
939 3239 957 3271 ι
992 3220 1055 3274 Ει
1075 3223 1269 3277 iterum
1301 3226 1352 3277 in
1380 3226 1508 3281 Novi
1534 3228 1875 3287 Testameuti
1906 3236 2056 3304 apia-

476 3304 558 3358 rio
584 3306 671 3360 ubi
700 3306 929 3379 legimus
960 3311 1039 3366 ’σε
1074 3332 1092 3364 ‹
1126 3312 1266 3379 Quid
1297 3333 1380 3370 me
1407 3319 1569 3375 vultis
1594 3324 1845 3380 occidere
1880 3327 2057 3381 homi-

474 3413 597 3452 nem
634 3400 725 3468 qui
757 3402 1039 3457 veritatem
1077 3404 1289 3463 locutus
1320 3426 1438 3464 sum
1472 3413 1660 3468 vobis?
1690 3435 1710 3468 ι
1752 3417 1815 3469 Ει
1858 3418 2054 3475 iterum

469 3491 528 3543 in
565 3490 686 3545 aliis
727 3493 841 3561 ipse
876 3494 1137 3551 Dominus
1170 3500 1299 3554 dicit
1336 3502 1409 3555 ’7:
1450 3523 1466 3555 (
1490 3504 1784 3569 Propterea
1817 3509 1867 3564 in
1899 3526 2058 3579 para-

476 3582 617 3636 bolis
645 3582 836 3653 loquor
861 3585 960 3650 eis,
997 3597 1055 3641 ιιι
1084 3590 1325 3645 videntes
1350 3610 1455 3649 non
1483 3597 1719 3663 videant,
1748 3609 1802 3655 et
1833 3603 2059 3659 audien-

469 3683 557 3726 tes
610 3687 717 3726 non
771 3674 1098 3746 intelligant,
1131 3696 1197 3735 ne
1249 3680 1387 3737 forte
1439 3698 1845 3757 convertantur,
1880 3704 1936 3747 et
1965 3709 2054 3749 sa—

467 3779 596 3816 nem
625 3776 739 3819 eos.
768 3784 785 3818 ι
828 3765 932 3821 Sed
964 3779 1018 3823 et
1047 3786 1169 3825 cum
1200 3774 1491 3843 Apostolus
1523 3780 1651 3834 dicit
1677 3782 1749 3836 ³⁸ε
1802 3802 1820 3835 ‹
1848 3784 1905 3837 In
1937 3787 2057 3855 qui-

468 3853 576 3906 bus
598 3853 734 3908 Deus
752 3855 908 3922 hujus
927 3862 1106 3914 sa-euli
1128 3868 1424 3921 exczecavit
1443 3880 1652 3925 mentes
1674 3853 1973 3930 infidelium
1996 3898 2008 3943 ;
2032 3899 2049 3931 ι

465 3953 531 3996 .et
561 3945 729 3998 multa
758 3948 1062 4014 hujusmodi
1089 3955 1138 4008 in
1167 3957 1268 4011 hoc
1285 3959 1467 4014 divino
1487 3962 1697 4030 apiario
1724 3976 2053 4026 tentamenta

476 4039 738 4106 reperies,
770 4043 836 4096 ad
868 4060 988 4112 quae
1028 4061 1253 4103 necesse
1288 4060 1372 4105 est
1400 4054 1587 4109 venire
1611 4072 2056 4132 unumquemque

475 4141 812 4226 sanctorum,
858 4145 915 4189 ut
942 4138 1104 4193 etiam
1137 4156 1233 4210 per
1267 4143 1403 4208 haec,
1431 4162 1593 4215 quam
1632 4151 1868 4218 perfecte
1890 4166 1942 4210 et
1968 4158 2055 4226 pie

474 4222 542 4276 r’e
572 4223 678 4278 Deo
707 4228 930 4292 sentiat,
963 4244 1317 4301 agnoscatur.
1354 4236 1484 4294 Post
1535 4242 1652 4296 haec
1696 4243 1806 4311 jam
1836 4222 2055 4306 venitur

466 4313 700 4411 (Eelmon
740 4318 1105 4388 Deblathaim,
1132 4327 1277 4395 quod
1307 4329 1702 4401 interpretatur
1728 4352 2053 4411 contemptus

469 4405 667 4471 ﬁcuum
691 4407 826 4489 (id),
869 4412 921 4467 id
955 4425 1041 4470 est
1069 4418 1160 4471 ubi
1209 4432 1632 4479 contemnuntur
1664 4437 1717 4483 et
1753 4405 2053 4501 despiciun-

2168 3249 2302 3300 tare,
2333 3248 2425 3289 aut
2456 3236 2865 3299 allocutionem,
2894 3234 2975 3286 vel
3006 3232 3243 3301 laudem,
3273 3235 3518 3304 aliasque
3540 3252 3635 3305 per
3662 3254 3753 3293 or-

2164 3330 2345 3385 dinem
2403 3329 2660 3381 materias
2709 3326 3074 3392 audierimus,
3123 3342 3187 3381 ex
3240 3330 3483 3385 materiae
3531 3334 3751 3387 nomine

2164 3420 2471 3493 profectum
2505 3420 2865 3475 adolescentis
2912 3419 3267 3477 advertimus.
3308 3422 3587 3488 Quomodo
3620 3439 3757 3493 ergo

2164 3522 2218 3568 et
2248 3527 2345 3583 per
2387 3511 2500 3566 hmc
2540 3526 2659 3579 quze
2690 3509 2934 3564 locormn
2986 3512 3138 3578 quasi
3177 3513 3533 3567 materiarum
3574 3515 3754 3568 nomi-

2136 3646 2137 3649 η
2164 3620 2235 3659 na
2265 3612 2667 3665 memorantur,
2704 3617 2811 3656 non
2846 3601 3135 3656 credamus
3176 3601 3227 3655 in
3255 3602 3457 3658 divinis
3481 3604 3747 3659 eruditio-

2166 3697 2323 3750 nibus
2348 3694 2619 3765 profectus
2652 3692 2877 3747 iudicari
2908 3708 3066 3763 posse
3095 3694 3459 3750 discentitnn?
3489 3695 3658 3769 384
3684 3697 3749 3751 Et

2165 3788 2307 3844 sicut
2354 3787 2466 3840 illic
2501 3785 2727 3854 singulis
2759 3784 3064 3854 quibusque
3106 3787 3321 3842 dicendi
3374 3791 3614 3843 materiis
3650 3791 3749 3843 im-

2166 3888 2467 3945 morantes,
2509 3879 2664 3947 quasi
2696 3876 3010 3932 mansiones
3054 3881 3107 3934 in
3134 3881 3215 3935 eis
3261 3883 3523 3951 quasdatn
3568 3883 3757 3938 facere

2163 3974 2438 4037 videntur,
2477 3982 2532 4027 et
2564 3973 2631 4027 de
2665 3989 2772 4027 una
2805 3974 2873 4029 ad
2906 3975 3108 4041 aliam,
3144 3991 3207 4030 ac
3254 3978 3322 4031 de
3357 3976 3464 4030 alia
3516 3978 3644 4032 item
3682 3981 3747 4033 ad

2165 4067 2328 4121 aliam
2374 4064 2690 4135 proficisci:
2731 4066 2803 4121 ita
2832 4067 2996 4121 etiam
3031 4067 3119 4121 hic
3164 4068 3506 4122 mansionum
3548 4085 3746 4125 nomen

2163 4169 2217 4212 et
2266 4159 2531 4228 profectio
2561 4159 2626 4213 ab
2663 4173 2770 4212 una
2806 4159 2873 4213 ad
2901 4158 3059 4213 aliam
3082 4201 3097 4225 ,
3130 4170 3184 4213 et
3208 4158 3279 4213 ab
3315 4159 3417 4213 alia
3452 4160 3650 4215 iterum
3680 4162 3749 4214 ad

2164 4248 2349 4315 aliam,
2381 4262 2480 4303 cur
2501 4262 2607 4303 non
2635 4246 2939 4316 profectum
2971 4249 3167 4304 mentis
3197 4249 3440 4304 indicare
3468 4251 3746 4316 credatur,

2160 4352 2211 4396 et
2240 4343 2576 4396 incrementa
2604 4340 2918 4411 significare
2941 4341 3240 4396 virtutum?
3264 4342 3411 4397 Illam
3433 4359 3559 4399 vero
3581 4346 3746 4401 aliam

2162 4436 2522 4506 expositionis
2553 4445 2763 4506 partem
2807 4434 3165 4503 prudentibus
3205 4436 3510 4508 quibusque
3541 4454 3608 4494 ex
3640 4442 3746 4495 ista

468 4506 564 4550 tur
612 4502 828 4568 penitus
883 4513 1116 4567 terrena.
1156 4510 1268 4566 Nisi
1317 4516 1463 4569 enim
1515 4532 1697 4588 spreta
1747 4522 1950 4581 fuerint
1996 4538 2053 4583 et
2087 4510 2131 4563 Ῑ)
2163 4502 2565 4597 conjiciendam-
2592 4535 2645 4580 et
2678 4502 3151 4595 contemplandam
3201 4502 3468 4597 relinquo.
3512 4528 3745 4598 Sapien-

471 4601 784 4681 contempta
823 4611 884 4649 ea
929 4613 1049 4667 qua:
1087 4602 1361 4661 delectare
1392 4609 1647 4666 videntur
1679 4613 1730 4666 in
1766 4619 1949 4681 terris.
1986 4625 2053 4677 ad

472 4679 715 4779 caelestia
741 4687 975 4742 transire
1006 4707 1107 4745 non
1127 4708 1434 4762 possumus.
1466 4699 1725 4771 Sequitur
1749 4708 1896 4763 enim
1926 4679 2049 4779 post

471 4771 587 4825 hazc
619 4778 830 4831 mansio
859 4780 1079 4835 Abarim
1113 4796 1300 4841 contra
1332 4789 1552 4857 Nabau,
1580 4796 1723 4863 quod
1746 4808 1830 4852 est
1856 4771 2057 4857 transi-

466 4872 578 4919 zus.
635 4865 818 4923 Nabau
859 4886 987 4927 vero
1027 4877 1287 4935 abscessio
1338 4884 1729 4972 interpretatur
1774 4891 1910 4961 (l5).
1952 4895 2051 4952 Ubi

625 5009 753 5088 I_.uc.
791 5016 1031 5088 “1,26.
1108 5020 1151 5051 ³⁸
1182 5022 1333 5077 Deut.
1375 5041 1445 5088 tv,
1497 5027 1583 5081 19.

468 5080 517 5114 ³³
546 5078 590 5133 Π
619 5082 744 5137 Cor.
795 5100 869 5146 tv.
902 5086 960 5143 ιι.
1036 5091 1078 5122 ³ο
1117 5090 1250 5146 Gen.
1282 5110 1333 5161 ν,
1361 5078 1450 5149 Ξᾶί

544 5200 655 5278 (12)
698 5202 886 5267 Obotlt,
918 5208 1071 5278 cuius
1113 5210 1337 5262 nominis
1376 5215 1614 5278 quamvis
1646 5232 1748 5269 non
1788 5219 2046 5275 inveneri—

466 5289 586 5361 mus
614 5275 1115 5361 interpretationem,
1133 5291 1236 5361 etc.
1261 5275 1395 5339 me
1415 5284 1562 5336 reddi
1592 5298 1768 5355 potest
1805 5307 1822 5339 ι
1846 5289 2049 5361 Pytho—

465 5358 570 5398 nes
594 5363 612 5395 ι
650 5344 733 5396 Vel
771 5363 789 5395 ι
818 5357 987 5401 utres.
1016 5366 1033 5398 ι
1069 5349 1237 5402 ltadix
1279 5362 1361 5404 est
1394 5361 1514 5411 nm.

547 5432 657 5506 (175)
691 5433 815 5498 Cui,
844 5438 981 5505 quod
1012 5438 1383 5503 interpretatur
1410 5443 1585 5496 cli/tos.
1621 5445 1673 5497 In
1706 5447 1856 5501 libris
1887 5463 2047 5506 antea

468 5505 634 5584 :ditis
676 5520 773 5584 pro
832 5507 971 5584 r_(_‘.ai
1004 5508 1263 5584 )_legitur
1295 5529 1329 5584 γι
1358 5511 1475 5584 Gai,
1512 5534 1528 5565 ι
1569 5518 1660 5568 sed
1704 5522 1845 5584 apud
1904 5505 2047 5576 LXX

470 5575 663 5635 I‘ai,et
695 5575 969 5649 in_cod_ice
1004 5575 1302 5633 Turonensi
1342 5600 1360 5633 ι
1387 5581 1507 5649 Gai,
1541 5605 1559 5637 ι
1596 5587 1650 5638 iu
1690 5575 1911 5645 lleltraeo
1954 5575 2051 5645 ιιιιέ-

470 5655 584 5695 lem
625 5649 730 5706 νην.
765 5646 931 5724 Radix
962 5658 1193 5724 θείην,
1214 5655 1354 5724 quod
1393 5646 1673 5711 est'Mit-h.
1703 5675 1739 5719 ι.
1767 5659 1819 5724 6,
1853 5678 1874 5712 ι
1904 5678 2053 5717 acer-

469 5716 895 5847 zugjgtncipllus,
930 5738 947 5771 ι
986 5719 1069 5776 vel
1101 5740 1119 5776 ι
1143 5716 1426 5780 desolatio.
1456 5744 1473 5777 ι
1515 5727 1664 5783 Unde
1692 5716 1746 5785 et
1781 5716 1995 5790 (chaos
2027 5753 2044 5786 ι

517 5802 561 5837 lt'
806 5825 819 5839 ι

517 5802 581 5839 ιιλι
618 5802 819 5839 υυιεει.

1662 5028 1706 5059 ⁸⁸
1732 5029 1903 5091 Exod.
1961 5053 2094 5106 uti,
2145 5039 2235 5096 9.8.

2167 4620 2310 4674 tibus
2360 4619 2503 4673 enim
2549 4614 2744 4672 sufﬁcit
2790 4616 3135 4671 occasionem
3191 4618 3608 4690 dedissesquia
3643 4636 3743 4676 nec

2160 4709 2378 4779 expedit
2412 4717 2473 4763 ut
2503 4708 2809 4761 auditorum
2842 4720 3035 4761 sensus
3068 4708 3284 4777 penitus
3308 4721 3585 4765 remaneat
3606 4711 3746 4767 otio-

2161 4816 2253 4855 sus
2284 4812 2338 4855 et
2372 4801 2544 4870 piger.
2591 4800 2667 4853 Ex
2705 4799 2897 4853 horum
2942 4813 3073 4866 ergo
3113 4800 3405 4855 collatione
3439 4802 3602 4857 etiam
3654 4800 3745 4857 illa

2162 4897 2455 4951 meditetur
2480 4935 2497 4960 ,
2531 4895 2639 4950 into
2671 4903 2726 4948 et
2758 4895 2959 4965 aliquid
2999 4898 3365 4965 perspicacius
3412 4914 3474 4951 ac
3513 4899 3745 4953 divinius

2344 5040 2390 5071 ³⁸
2416 5037 2572 5093 Joau.
2607 5053 2722 5099 vttt,
2780 5038 2870 5091 40.
2950 5037 2992 5067 ³⁷
3033 5037 3220 5091 Matth.
3275 5054 3392 5103 xm,
3448 5040 3515 5092 15
3564 5049 3617 5093 et
3657 5040 3741 5097 l5.

2235 5219 2348 5292 (14)
2385 5217 2603 5292 (ἐεζιιιοη
2656 5214 3003 5292 Deplqtlmim,
3026 5214 3167 5292 quod
3204 5215 3593 5292 iuterpreta_tur_
3619 5233 3741 5292 cort-

2158 5286 2384 5359 teuiptus
2438 5289 2657 5356 ﬁcuum.
2696 5286 3226 5340 Meliusretlderelur
3253 5299 3313 5359 :rt
3341 5286 3632 5340 occultatio
3681 5288 3741 5340 li-

2158 5358 2365 5440 cuunn
2422 5380 2488 5433 ab
2532 5362 2647 5443 [Ξῖ-ιν
2701 5396 2718 5430 ι
2767 5379 3055 5441 latitavit,»
3111 5384 3165 5428 et
3214 5393 3241 5429 a
3279 5358 3387 5440 ’πΠ
3435 5380 3735 5449 ιριιΙιιιΙιιι,

2159 5470 2335 5509 massa
2372 5451 2588 5505 fieutttn.
2620 5469 2637 5501 ι

2232 5523 2343 5589 (l5)
2392 5522 2607 5574 Abarim
2650 5528 2834 5571 contra
2879 5516 3072 5569 Nabau
3098 5560 3112 5579 ,
3149 5518 3288 5584 quod
3329 5529 3402 5570 est
3438 5522 3737 5582 transitus;

2162 5594 2355 5647 Nabatt
2390 5607 2505 5644 vero
2526 5590 2783 5643 abscessio
2816 5590 3210 5653 interpretatur.
3256 5589 3477 5641 Abarim
3511 5609 3528 5639 ι
3556 5602 3740 5645 trans-

2160 5666 2266 5718 itus
2292 5682 2309 5713 ι
2354 5663 2739 5728 interpretatur
2778 5660 2845 5711 ab
2864 5668 2979 5722 ’τιν
3029 5660 3304 5724 «transiit,
3330 5680 3348 5712 ι
3386 5659 3566 5713 Nabau
3609 5675 3740 5716 vero

2168 5752 2185 5783 ι
2217 5732 2509 5791 ahscessio,
2544 5748 2562 5780 ι
2607 5731 2649 5782 si
2678 5738 2761 5786 ω
2790 5730 3089 5785 deducatur
3120 5746 3146 5782 a
3171 5739 3274 5788 R't:
3294 5753 3309 5781 ‹
3344 5732 3510 5795 venit,
3530 5749 3546 5782 ι
3582 5732 3733 5800 itettt,

2165 5824 2185 5857 ι
2218 5803 2401 5868 abivit,
2444 5801 2683 5856 recessit.
2714 5819 2734 5851 ο
