4146 6412
370 416 464 472 SOI
1470 417 1533 469 IN
1569 415 1902 471 NUMEROS
1939 415 2225 470 IIOMILIA
2265 416 2502 471 XXVIII.

3524 423 3634 474 80‘]

366 536 810 605 contempletur:
859 556 874 586 ς
910 536 1022 589 Non
1059 536 1198 589 enim
1234 542 1298 590 ad
1336 554 1646 591 mensuram
1681 540 1771 592 dat
1812 538 1951 591 Deus
1982 541 2029 597 Α
2060 538 2258 591 bttntnr
2294 541 2345 592 in
2378 538 2493 607 lege
2519 576 2533 602 ,
2575 537 2794 589 umbras
2825 554 2945 592 esse
2986 540 3290 593 futurorum
3320 539 3587 593 bonorum
3610 575 3631 599 ν

368 629 622 697 spiritum
652 629 730 694 ⁸ος
760 649 776 680 ι
809 632 901 682 sed
930 632 1054 698 quia
1083 630 1341 685 Dominus
1368 641 1449 684 est
1472 633 1711 698 spiritus,
1745 632 1945 685 idcirco

372 734 396 770 ‹
428 718 515 771 ubi
554 717 703 782 vult,
734 720 902 786 spirat
943 721 1009 785 “,
1044 738 1062 770 ι
1109 728 1157 773 et
1194 730 1447 787 Optamus
1480 730 1539 773 ιιι
1586 722 1748 774 etiam
1792 722 1946 775 vobis

368 813 593 879 aspiret,
621 826 726 881 quo
756 812 979 865 meliora
1011 813 1229 876 horum,
1255 823 1420 881 atque
1450 814 1643 866 altiora
1679 814 1729 866 in
1767 813 1945 867 verbis

371 903 581 956 Domini
607 904 870 961 sentiatis.
900 904 1002 955 iter
1029 914 1248 972 agentes
1284 918 1379 971 per
1409 904 1520 957 haec
1555 919 1674 971 quae
1718 919 1815 973 pro
1850 920 1946 955 no-

368 1003 486 1047 stra
525 993 897 1047 mediocritate
923 993 1313 1063 descripsimus
1340 1012 1354 1059 ;
1383 1004 1439 1047 ut
1468 1004 1520 1047 et
1547 996 1597 1048 in
1627 994 1713 1048 illa
1741 994 1823 1047 via
1852 1010 1942 1047 su—

370 1084 585 1151 periure
620 1093 673 1137 et
702 1084 1025 1149 excelsiore,
1052 1085 1213 1138 etiam
1244 1101 1346 1139 nos
1368 1086 1645 1140 vobiscum
1677 1086 1945 1155 possimus

366 1177 625 1229 incedere
651 1193 667 1241 ;
698 1176 997 1230 deducente
1032 1193 1131 1230 nos
1180 1178 1298 1245 ipso
1336 1178 1565 1233 Domino
1594 1188 1782 1233 nostro
1810 1176 1937 1231 Jesu

370 1268 615 1331 Christo,
648 1268 738 1335 qui
774 1278 853 1322 est
892 1270 976 1322 via
1001 1310 1014 1334 ,
1046 1281 1100 1324 et
1130 1271 1365 1335 veritas,
1402 1280 1455 1323 et
1489 1271 1595 1323 vita
1619 1309 1634 1333 ,
1666 1285 1945 1339 usquequo

374 1360 755 1428 perveniamus
777 1360 841 1413 ad
864 1359 1101 1427 Patrem,
1129 1376 1251 1415 cum
1278 1361 1562 1415 tradiderit
1589 1375 1808 1431 regnum
1837 1363 1944 1415 Deo

372 1462 430 1506 et
479 1450 667 1517 Patri,
705 1460 759 1505 et
812 1452 1106 1521 subjecerit
1140 1452 1189 1506 ei
1240 1468 1456 1507 omnem
1489 1454 1851 1523 principatum
1893 1462 1947 1506 et

366 1552 719 1612 potestatem.
749 1543 853 1611 Ipsi
889 1543 1055 1612 gloria
1083 1551 1136 1598 et
1162 1545 1447 1612 imperium
1476 1546 1525 1598 in
1554 1544 1748 1599 saecula
1777 1559 1946 1599 satcn-

370 1632 565 1689 lorum.
606 1634 799 1688 Amen.

883 1726 1165 1782 IIOMILIA
1218 1725 1452 1782 XXVIII.

371 1814 505 1882 ρωω
552 1820 619 1871 sit
666 1829 822 1873 term
881 1831 1078 1874 sancite
1131 1821 1417 1882 descriptio
1445 1860 1457 1881 ,
1500 1822 1945 1889 terminorumque

582 1890 696 1957 ejus
720 1900 767 1943 et
792 1891 980 1958 ﬁnium
1005 1909 1132 1959 quos
1160 1891 1411 1943 Dominus
1434 1892 1732 1959 descripsit.

441 1994 495 2049 I.
542 1993 740 2049 Ultima
775 1996 825 2048 in
863 1994 998 2049 libro
1032 1996 1385 2049 Numerorum
1426 1993 1650 2047 historia
1689 1993 1944 2058 refertur,

370 2084 424 2140 2n
457 2099 560 2153 qua
594 2085 853 2140 Dominus
875 2088 1026 2155 jubet
1057 2088 1223 2157 Moysi
1257 2098 1522 2157 prtccepta
1558 2088 1685 2141 dare
1721 2087 1843 2140 filiis
1871 2086 1947 2139 ls-

373 2177 483 2232 rael
510 2218 524 2244 ,
559 2188 615 2231 ut
662 2195 788 2232 cum
832 2180 1060 2250 ingressi
1099 2181 1297 2235 fuerint
1334 2191 1533 2235 terram
1570 2190 1814 2235 sanctam
1859 2195 1948 2233 ca-

370 2285 503 2340 pere
539 2271 914 2327 luereditatetn
965 2272 1102 2341 ejus,
1131 2274 1307 2328 sciant
1337 2288 1472 2342 quos
1502 2273 1552 2325 in
1589 2288 1648 2325 ea
1690 2274 1949 2327 terminos

375 2362 562 2417 finium
589 2380 809 2417 suorum
841 2365 1075 2418 debeant
1096 2365 1409 2419 observare.
1436 2364 1498 2416 Et
1522 2374 1635 2431 post
1657 2365 1766 2416 btet-
1784 2365 1945 2416 etiam

366 2455 490 2521 ipso
524 2454 751 2509 Domino
794 2455 903 2525 (16)
942 2456 1284 2510 deseribente
1320 2456 1558 2509 dicitur:
1604 2459 1667 2508 at!
1705 2457 1946 2509 Africum

373 2546 615 2615 quidem,
644 2548 746 2601 hoc
776 2558 877 2609 est,
908 2548 972 2601 ad
998 2548 1332 2602 occidentem
1374 2548 1517 2602 illius
1546 2550 1650 2603 loci
1685 2552 1948 2604 terminus

370 2635 722 2703 observetur,
743 2646 797 2689 et
827 2636 971 2690 illius
997 2638 1062 2691 ad
1085 2637 1379 2700 orientem,
1412 2644 1468 2689 et
1497 2637 1574 2690 sic
1598 2651 1695 2705 per
1718 2647 1949 2706 quatuor

375 2726 499 2779 εαξιί
528 2726 712 2796 plagas
744 2728 961 2781 nomina
998 2728 1243 2796 quaedam
1279 2728 1536 2782 Dominus
1569 2728 1681 2796 ipse
1702 2728 1947 2797 designat

375 2830 495 2884 qua:
529 2816 582 2870 in
611 2815 793 2871 Iudaea
830 2818 929 2871 ista
965 2826 1181 2885 terrena
1228 2818 1461 2886 populus
1499 2818 1591 2873 Dei
1633 2819 1825 2873 debeat
1854 2834 1949 2872 cn-

373 2908 600 2963 stodire.
636 2907 775 2960 Dicit
808 2921 939 2975 ergo
972 2908 1022 2961 in
1053 2910 1118 2962 iis
1151 2908 1452 2978 simplicior
1484 2910 1714 2977 quisque
1740 2911 1949 2964 audito-

376 3013 497 3051 rum
520 3039 535 3063 ,
564 3000 688 3067 quia
735 3010 961 3066 possunt
1006 3000 1120 3059 hzec
1170 2999 1479 3053 necessaria
1508 3000 1680 3054 videri
1711 3010 1765 3053 et
1800 3002 1947 3054 utilia

374 3088 539 3141 etiam
566 3089 859 3143 secundum
902 3089 1161 3154 litteram,
1190 3104 1288 3158 pro
1313 3104 1377 3143 eo
1404 3098 1462 3143 ut
1490 3104 1645 3143 nemo
1673 3100 1951 3159 transgre-

371 3180 555 3234 diatur
579 3180 843 3234 terminos
871 3196 967 3248 per
998 3189 1327 3251 praeceptum
1356 3180 1571 3235 Domini
1599 3182 1947 3248 constitutos,

371 3282 427 3326 et
464 3274 601 3327 lines
630 3272 853 3328 alterius
888 3274 1064 3327 tribus
1102 3273 1208 3327 alia
1243 3273 1445 3327 violare
1483 3288 1588 3327 non
1628 3274 1849 3328 audeat.
1881 3273 1950 3327 Et

372 3367 499 3435 quid
535 3366 822 3428 faciemus,
857 3382 977 3420 cum
1013 3367 1064 3418 in
1101 3367 1260 3420 terris
1299 3366 1418 3420 istis
1446 3381 1549 3420 non
1581 3364 1754 3419 solum
1792 3366 1949 3420 inva-

374 3458 531 3510 dendi
562 3456 787 3509 alterius
815 3457 949 3508 lines
969 3454 1168 3509 Iudaeis
1188 3497 1203 3519 ,
1233 3458 1324 3509 sed
1349 3456 1802 3524 qualitercunquc
1827 3470 1948 3524 pos-

375 3547 586 3602 sidendi
627 3547 852 3601 facultas
881 3546 1025 3599 nulla
1059 3547 1425 3599 remanserit?
1463 3545 1679 3615 Profugi
1712 3561 1948 3615 namque

374 3640 442 3693 ab
473 3654 566 3702 ea,
601 3647 655 3693 et
694 3647 941 3692 extorres
967 3636 1253 3698 exsulant,
1289 3646 1344 3691 et
1378 3636 1513 3693 lines
1552 3653 1657 3691 non
1689 3653 1825 3706 quos
1859 3638 1946 3692 lex

370 3730 551 3783 divina
598 3731 829 3793 statuit,
884 3744 1027 3783 nunc
1071 3729 1413 3799 possidentes
1458 3729 1770 3783 custodiunt
1799 3769 1815 3794 ,
1853 3729 1948 3783 sed

372 3835 511 3887 quos
539 3820 807 3873 victorum
831 3820 953 3888 jura
985 3821 1333 3872 mandarunt.
1373 3818 1532 3884 Quid,
1568 3819 1811 3887 inquam,
1846 3833 1949 3873 nos

374 3912 635 3967 faciemus
660 3911 749 3980 qui
782 3910 896 3963 haec
922 3908 975 3962 iu
1001 3908 1246 3964 Ecclesia
1272 3909 1538 3979 legimus?
1573 3909 1627 3963 Si
1651 3911 1947 3964 secundum

371 4002 682 4059 Judteorum
709 4017 926 4057 sensum
970 4001 1235 4072 legamus,
1269 4002 1537 4071 superﬂua
1573 4003 1728 4056 nobis
1763 4002 1948 4070 profe-

373 4104 462 4149 cto
492 4093 824 4149 videbuntur
870 4102 925 4146 et
969 4091 1172 4146 inania.
1214 4091 1321 4146 Sed
1362 4099 1417 4145 et
1450 4106 1552 4160 ego
1596 4092 1690 4159 qui
1740 4092 1857 4162 lego
1885 4092 1950 4147 de

374 4186 635 4256 sapientia
666 4186 928 4253 scriptum
957 4184 1035 4240 “z
1074 4201 1091 4235 ι
1122 4184 1217 4237 Exi
1254 4193 1375 4252 post
1399 4196 1517 4237 eam
1543 4184 1683 4237 sicut
1713 4185 1951 4253 vestiga-

377 4288 482 4343 tor,
513 4296 532 4331 ι
579 4277 701 4332 volo
727 4278 877 4331 exire
919 4285 1039 4346 post
1081 4290 1227 4339 eam,
1273 4283 1329 4329 et
1357 4275 1483 4344 quia
1530 4274 1585 4328 in
1639 4275 1798 4329 rebus
1830 4290 1950 4328 eam

375 4370 759 4439 corporalibus
792 4384 895 4422 non
928 4367 1167 4431 invenio,
1203 4366 1412 4436 insequi
1445 4365 1561 4435 ejus
1596 4366 1819 4433 vestigia
1858 4382 1952 4419 cu-

378 4463 465 4530 pio
492 4501 506 4525 ,
539 4472 593 4515 et
637 4462 970 4529 investigare
1004 4475 1113 4528 quo
1145 4469 1273 4523 eat,
1317 4473 1380 4513 ac
1409 4460 1590 4510 videre
1644 4458 1949 4510 intellectus

2055 630 2343 698 omnisque
2376 628 2662 682 luereditas
2692 636 2848 680 terrae
2872 628 3033 692 illius,
3064 644 3181 698 qua:
3207 628 3261 681 in
3296 625 3477 682 Judzea
3518 637 3634 683 ter-

2053 735 2109 773 ra
2143 730 2326 773 saneta
2354 730 2407 774 et
2437 730 2578 773 terra
2609 720 2751 773 bona
2778 721 3102 788 appellatur,
3138 722 3317 791 imago
3353 721 3423 773 sit
3452 722 3628 775 bono-

2056 828 2172 863 rum
2204 812 2537 865 ccelestinm;
2571 827 2801 879 quorum
2838 816 2983 878 haec,
3033 825 3090 867 ut
3122 815 3378 879 diximus,
3413 828 3532 881 quae
3570 811 3626 866 iu

2054 904 2215 956 terris
2244 905 2383 957 bona
2431 913 2821 970 memorantur,
2858 907 3104 959 umbram
3146 916 3307 977 atque
3336 906 3629 979 imaginem

2055 1002 2294 1046 ιρηθυιιι.

2121 1086 2176 1137 2.
2204 1085 2309 1140 Sed
2346 1097 2397 1139 ut
2437 1090 2713 1158 paululum
2746 1101 2802 1144 et
2835 1106 2988 1145 meus
3028 1103 3227 1153 sermo,
3261 1099 3317 1141 et
3340 1095 3515 1142 vestra
3548 1086 3628 1140 in-

2055 1179 2346 1247 telligentia
2396 1183 2723 1239 sublimetur
2747 1228 2760 1249 ,
2798 1196 2959 1252 atque
3005 1186 3308 1251 ingressum
3339 1180 3627 1248 quemdam

2052 1269 2117 1322 ad
2160 1285 2221 1322 ea
2266 1286 2387 1339 qua:
2426 1273 2660 1328 dicimus
2704 1273 3033 1328 advertenda
3061 1270 3374 1339 concipiat,
3414 1280 3637 1322 utamur

2053 1360 2233 1429 aliqua
2259 1362 2641 1420 similitudine.
2677 1364 2845 1419 Nemo
2875 1365 3082 1419 dubitat
3115 1363 3257 1431 quod
3286 1360 3340 1414 in
3367 1369 3509 1413 terra
3535 1356 3629 1412 Ju-

2055 1454 2168 1507 dzea
2201 1455 2377 1507 omnis
2406 1455 2587 1519 locus,
2627 1458 2805 1511 omnis
2839 1474 3016 1522 mons,
3042 1455 3222 1510 omnis
3248 1452 3441 1507 civitas
3469 1458 3523 1505 et
3551 1450 3631 1501 vi-

2052 1559 2170 1609 cus,
2202 1547 2368 1599 certis
2393 1547 2697 1618 quibusque
2722 1548 2999 1603 vocabulis
3029 1547 3343 1616 designetur
3369 1562 3382 1597 :
3420 1556 3519 1597 nec
3546 1551 3630 1595 est

2056 1635 2204 1690 ullus
2234 1637 2455 1691 omnino
2490 1640 2608 1694 sine
2645 1640 2865 1693 nomine
2910 1639 3098 1701 locus,
3132 1637 3227 1692 sed
3260 1633 3493 1704 propriis
3518 1632 3637 1687 sin-

2053 1728 2175 1798 gula
2240 1744 2467 1799 quaeque
2514 1732 2971 1801 appellationibus
3021 1730 3421 1799 designantur:
3479 1725 3628 1781 verbi

2054 1820 2244 1887 gratia,
2267 1822 2467 1891 quibus
2498 1833 2591 1876 aut
2618 1823 2908 1877 Chananzei
2946 1823 2997 1876 in
3030 1821 3144 1876 suis
3182 1820 3333 1883 locis,
3368 1825 3458 1871 aut
3490 1815 3636 1868 Phe-

1977 1899 2020 1953 Β
2052 1912 2203 1964 τρεεεί
2231 1912 2585 1967 nihilominus
2611 1914 2665 1966 in
2698 1913 2831 1977 suis,
2872 1910 3308 1978 Amorrhteique,
3347 1916 3439 1961 aut
3464 1903 3632 1967 Evmi,

2048 2002 2131 2057 vel
2164 2003 2326 2057 etiam
2384 2001 2595 2057 Hebraei
2628 2006 2997 2058 nominarunt.
3049 2000 3125 2054 Ita
3169 2014 3299 2068 ergo
3334 1994 3633 2064 secundum

2049 2092 2376 2146 sententiam
2416 2091 2586 2159 Pauli,
2655 2110 2758 2163 qua
2807 2095 3050 2146 umbram
3091 2101 3145 2144 et
3202 2087 3480 2156 exemplar
3515 2099 3630 2141 caa-

2048 2182 2263 2237 lcstium
2294 2185 2424 2237 dicit
2458 2201 2575 2240 esse
2612 2195 2844 2248 terrena,
2886 2184 3116 2237 fortasse
3148 2192 3199 2235 et
3230 2181 3281 2234 in
3312 2176 3633 2233 coelestibus

2050 2276 2365 2344 regionibus
2395 2286 2550 2330 erunt
2606 2276 2847 2331 locorum
2881 2273 3200 2328 differentiae
3235 2287 3338 2323 non
3369 2269 3630 2322 minimae.

2052 2368 2257 2421 Videtis
2282 2369 2501 2436 quibus,
2530 2368 2613 2421 vel
2639 2383 2865 2436 quorum
2893 2364 3366 2435 appellationibus,
3396 2358 3635 2414 vocabu-

2050 2459 2227 2529 lisque
2269 2460 2573 2525 distinctaa,
2615 2468 2671 2513 et
2719 2461 2938 2513 nomina
2986 2472 3091 2511 nou
3130 2454 3301 2508 solum
3351 2452 3633 2522 plagarum

2051 2550 2175 2604 coeli
2215 2590 2231 2615 ,
2291 2550 2385 2605 sed
2441 2551 2604 2604 etiam
2663 2551 2906 2604 omnium
2958 2548 3238 2602 stellarum
3286 2545 3637 2611 siderumque

2052 2643 2290 2711 signata.
2342 2660 2359 2693 t
2391 2640 2492 2709 Qui
2525 2642 2673 2696 enim
2707 2640 2831 2695 fecit
2879 2639 3280 2694 multitudinem
3308 2634 3588 2691 stellarum
3612 2674 3632 2697 ,

2053 2740 2112 2787 ut
2141 2733 2216 2786 ait
2245 2732 2509 2803 Pmpheta
2544 2732 2613 2799 ⁸⁵,
2639 2732 2891 2787 oumibus
2920 2731 3000 2785 eis
3030 2730 3246 2785 nomina
3280 2735 3457 2783 vocat.
3494 2744 3511 2776 ο
3556 2725 3633 2779 De

2052 2824 2249 2894 quibus
2283 2825 2503 2894 quidem
2556 2825 2867 2879 nominibus
2910 2823 3141 2891 plurima
3178 2822 3232 2875 in
3288 2818 3492 2875 libellis
3540 2817 3630 2880 qui

2055 2916 2395 2986 appellantur
2426 2915 2613 2970 Enoch
2649 2913 2786 2985 (l7),
2823 2922 3032 2968 secreta
3063 2911 3413 2965 continentur
3456 2919 3510 2963 et
3541 2924 3632 2960 ar-

2055 3019 2226 3071 cana;
2261 3004 2355 3058 sed
2382 3004 2510 3073 quia
2560 3002 2726 3057 libelli
2777 3000 2876 3069 ipsi
2920 3015 3029 3055 non
3066 2999 3319 3053 videntur
3352 2998 3490 3065 apud
3526 2994 3633 3048 llu-

2055 3096 2230 3150 brteos
2276 3095 2329 3148 in
2363 3092 2682 3148 auctoritate
2713 3092 2901 3146 haberi
2930 3130 2945 3154 ,
2982 3090 3195 3143 interim
3228 3102 3371 3142 nunc
3412 3102 3476 3142 ea
3513 3102 3637 3154 qua:

2060 3186 2135 3239 ibi
2167 3184 2524 3239 nominantur
2550 3221 2564 3245 ,
2608 3183 2673 3235 ad
2712 3179 3020 3250 exemplum
3063 3192 3259 3232 vocare
3297 3174 3629 3235 differamus,

2057 3278 2150 3334 sed
2173 3291 2237 3332 ex
2272 3276 2357 3331 his
2387 3290 2505 3343 qua:
2536 3275 2803 3329 habemus
2832 3273 2884 3327 in
2914 3270 3187 3333 manibus,
3218 3272 3282 3325 de
3310 3268 3505 3338 quibus
3536 3269 3630 3322 du-

2054 3369 2214 3425 bitari
2247 3382 2353 3422 non
2395 3374 2609 3436 potest,
2650 3379 2833 3419 rerum
2876 3376 3265 3433 prosequamur
3293 3360 3632 3429 indaginem.

2055 3462 2389 3517 Describitur
2402 3474 2531 3535 ergo
2551 3457 2730 3512 verbis
2751 3457 2840 3511 Dei
2863 3457 2912 3509 in
2932 3454 3049 3525 lege
3063 3453 3237 3507 divina
3256 3462 3399 3507 terra
3412 3449 3636 3515 Judmae,

2053 3564 2107 3608 et
2131 3555 2244 3608 haec
2278 3552 2473 3607 referri
2491 3551 2689 3605 debere
2707 3549 2906 3604 dicitur
2919 3548 2984 3601 ad
3003 3546 3286 3615 imaginem
3307 3544 3635 3600 caelestium.

2052 3645 2215 3716 385
2245 3645 2300 3699 lu
2336 3644 2489 3699 caelis
2526 3651 2706 3697 autem
2744 3641 3023 3697 evidenter
3065 3652 3187 3693 esse
3225 3634 3522 3692 Jerusalem
3565 3636 3637 3689 ci-

2058 3738 2202 3791 vitas
2228 3734 2611 3806 pronuntiatur
2633 3733 2702 3787 ab
2730 3730 3011 3800 Apostolo,
3038 3740 3093 3799 et
3123 3743 3280 3783 mons
3304 3728 3455 3781 Sion.
3484 3725 3635 3781 Con-

2056 3840 2291 3894 sequens
2330 3825 2495 3891 igitur
2526 3831 2608 3877 est
2638 3830 2698 3875 ut
2733 3822 2874 3874 sicut
2896 3827 3023 3874 sunt
3048 3818 3209 3872 etiam
3247 3816 3363 3871 alia:
3388 3815 3638 3872 civitates

2054 3918 2198 3971 circa
2229 3912 2527 3968 Jerusalem
2557 3923 2830 3967 terrenam
2862 3911 3005 3974 sitae,
3053 3918 3110 3963 et
3154 3906 3282 3971 vici,
3316 3914 3373 3961 et
3396 3906 3625 3959 diversa:

2053 4025 2282 4081 qumque
2338 4008 2589 4077 regiones
2636 4024 2649 4061 :
2695 4006 2764 4059 ita
2808 4014 2863 4057 et
2916 4003 3003 4056 illa
3049 4000 3287 4055 cmlestis
3331 3996 3631 4052 Jerusalem

2056 4102 2356 4159 secundum
2389 4100 2677 4170 imaginem
2711 4108 3050 4150 terrenorqu
3080 4095 3277 4147 haheat
3303 4091 3452 4145 circa
3488 4105 3548 4143 se
3581 4100 3635 4142 et

2055 4195 2194 4250 alias
2224 4192 2498 4252 civitates,
2545 4203 2609 4241 ac
2641 4187 2813 4250 vicos,
2857 4185 3217 4250 diversasque
3262 4180 3536 4250 regiones,
3577 4182 3633 4232 lu

2054 4285 2252 4354 quibus
2279 4277 2507 4349 populus
2543 4277 2632 4331 Dei
2683 4285 2738 4329 et
2782 4288 2942 4326 verus
2972 4271 3159 4335 Israel,
3204 4284 3299 4339 per
3331 4266 3512 4322 Iesum
3540 4281 3628 4321 ve—

2056 4391 2196 4435 rum,
2232 4373 2385 4441 cnjns
2412 4369 2501 4423 ille
2530 4366 2688 4423 Iesus
2720 4366 2865 4418 Nave
2889 4363 3101 4418 ferebat
3146 4360 3466 4429 imaginem,
3515 4357 3623 4412 col-

2058 4467 2317 4521 IOCautlus
2366 4471 2449 4515 est
2501 4459 2846 4530 quandoque,
2913 4465 2966 4508 et
3035 4453 3407 4507 ltzereditalem
3471 4450 3635 4502 sortis

378 4570 531 4607 meus
559 4554 625 4607 ad
652 4569 774 4623 quae
802 4569 884 4607 me
914 4551 1112 4606 cubilia
1138 4551 1436 4620 pertrahat.
1474 4549 1609 4603 Puto
1638 4551 1779 4603 enim
1806 4551 1946 4619 quod
1982 4582 2027 4636 Β
2061 4556 2480 4616 distributione,
2534 4552 2585 4605 id
2634 4560 2716 4604 est
2766 4548 3081 4602 meritorum
3135 4542 3596 4613 contemplatione
3620 4581 3638 4603 ,

373 4647 417 4700 si
450 4645 736 4714 diligenter
764 4660 883 4699 eam
918 4644 1069 4713 sequi
1101 4653 1350 4711 potuero,
1383 4651 1436 4696 et
1470 4644 1802 4711 investigare
1834 4642 1951 4694 vias

374 4742 490 4811 ejus
511 4782 525 4806 ,
555 4739 706 4792 dabit
736 4737 867 4791 mihi
916 4736 1129 4805 aliquas
1160 4735 1481 4789 occasiones
1511 4749 1576 4789 ex
1617 4732 1917 4802 Scripturis
1938 4772 1951 4795 ,

377 4833 645 4904 quomodo
683 4831 845 4885 etiam
893 4829 957 4882 de
999 4829 1082 4883 his
1122 4827 1254 4882 locis
1298 4826 1571 4896 explicare
1614 4826 1909 4880 debeamus
1937 4864 1954 4891 ,

377 4931 423 4985 si
472 4926 743 4983 credimus
777 4923 844 4976 iis
877 4935 997 4991 quae
1040 4918 1236 4973 Paulus
1276 4919 1339 4983 in
1383 4918 1643 4988 mysterio
1678 4918 1915 4986 loquitur
1939 4956 1955 4980 ,

376 5020 521 5089 quod
551 5035 641 5089 qut
674 5032 773 5088 per
799 5016 969 5085 legem
993 5012 1324 5077 deserviunt,
1364 5030 1382 5063 ι
1412 5011 1617 5066 umbrae
1646 5020 1702 5066 et
1732 5010 1956 5080 imagini

378 5112 696 5169 deserviunt
724 5106 1030 5163 caelestium
1060 5104 1124 5158 δ’.
1166 5122 1185 5156 ι
1232 5104 1299 5157 Et
1350 5103 1394 5156 si
1437 5104 1735 5157 secundum
1787 5101 1956 5171 ipsius

378 5201 728 5257 nihilominus
764 5197 1092 5253 sententiam
1128 5195 1238 5261 lex,
1266 5194 1423 5265 cujus
1454 5209 1583 5264 pars
1620 5203 1705 5249 est
1735 5194 1852 5249 haec
1882 5192 1957 5248 le-

379 5298 488 5351 ctio
518 5309 681 5366 quam
712 5294 977 5349 habemus
1008 5290 1062 5344 in
1102 5289 1376 5354 manibus,
1409 5289 1657 5343 umbram
1689 5288 1853 5344 habet
1879 5288 1959 5342 fu-

380 5402 623 5444 turorum
646 5389 911 5443 bonorum
930 5384 996 5451 “,
1016 5398 1351 5452 consequens
1374 5382 1590 5437 videtur
1616 5390 1671 5437 et
1696 5397 1955 5437 necessa-

381 5484 563 5545 rium,
600 5480 776 5535 omnia
822 5492 940 5546 quae
966 5475 1119 5545 quasi
1165 5476 1231 5530 de
1276 5476 1441 5529 rebus
1473 5475 1704 5530 terrenis
1753 5477 1957 5531 descri-

454 5621 497 5653 ⁸ο
534 5620 694 5677 Joan.
734 5619 790 5679 ὅ.
817 5618 906 5671 Si.
984 5616 1026 5645 “
1061 5615 1192 5669 ibid.
1222 5615 1276 5671 4.
1352 5613 1396 5646 ⁸³
1442 5613 1604 5668 Eceli.
1638 5630 1747 5681 xrv,
1773 5614 1862 5670 9.5.

459 5766 565 5836 μδ)
618 5766 769 5827 Mss,
824 5782 842 5813 s
875 5764 939 5817 Et
983 5773 1105 5836 post
1137 5762 1252 5836 haec
1283 5762 1470 5836 etiam
1502 5761 1616 5830 ipso
1649 5760 1895 5815 Domino.
1930 5779 1946 5811 ι

385 5831 719 5902 Μϋὺίθύίιί,
764 5852 781 5885 ι
812 5844 865 5888 et
893 5831 1144 5905 pos—tjam
1178 5835 1294 5904 ipso
1321 5831 1568 5885 Domino.
1606 5848 1626 5882 ι

1940 5616 1985 5646 ⁸³
2011 5615 2173 5670 Ilcbr.
2212 5627 2333 5674 vm,
2365 5609 2419 5662 5.

2058 4662 2336 4721 capturus.
2388 4646 2481 4702 Sic
2524 4659 2654 4716 ergo
2694 4656 2836 4696 nunc
2879 4640 3139 4694 Dominus
3187 4637 3319 4692 dicit
3366 4636 3419 4689 in
3456 4634 3638 4689 distri-

2057 4743 2283 4799 butione
2315 4752 2492 4801 terrae,
2529 4735 2682 4791 verbi
2722 4732 2923 4803 gratia,
2967 4730 3230 4785 terminos
3280 4727 3455 4782 tribus
3492 4724 3638 4778 illius

2059 4849 2181 4891 esse
2208 4834 2364 4898 istos,
2394 4839 2451 4885 et
2486 4828 2715 4883 alterius
2750 4824 2931 4880 alios:
2966 4837 3034 4877 ne
3058 4822 3223 4888 forte,
3250 4818 3505 4889 quoniam
3547 4817 3642 4871 di-

2059 4941 2220 4982 versa
2251 4932 2409 4981 erunt
2445 4920 2639 4977 merita
2667 4932 2859 4973 eorum
2889 4915 2983 4986 qui
3024 4913 3399 4968 hmreditatem
3441 4922 3637 4963 conse—

2062 5020 2240 5076 cuturi
2280 5024 2405 5071 sunt
2450 5012 2599 5083 regni
2655 5009 2945 5071 calorum,
3000 5005 3207 5059 idcirco
3254 5002 3418 5058 etiam
3467 5001 3519 5055 in
3571 4999 3640 5053 iis

2062 5111 2317 5165 tribubus
2343 5108 2698 5161 observanter
2731 5096 3161 5166 diritnijubetur
3208 5094 3313 5148 ista
3358 5092 3640 5147 distinctio

2066 5202 2447 5263 terminorum,
2488 5203 2551 5250 ut
2574 5193 2812 5249 sciamus
2841 5191 2941 5245 has
2968 5202 3091 5243 esse
3134 5185 3453 5242 meritorum
3483 5182 3631 5237 diﬂ‘e-

2062 5293 2264 5353 rentias
2307 5286 2680 5345 observandas
2722 5284 2775 5338 in
2815 5294 3161 5352 unoquoque.
3214 5274 3375 5331 Verbi
3421 5272 3596 5343 gratia
3623 5312 3639 5333 ,

2062 5374 2153 5455 qui
2180 5386 2251 5440 ita
2281 5381 2621 5451 negligenter
2644 5376 2845 5431 vixerit
2887 5386 2945 5429 ut
2994 5388 3094 5443 pro
3137 5370 3241 5425 [ide
3269 5365 3494 5437 quidem
3537 5378 3633 5417 sua

2068 5485 2342 5533 mereatur
2368 5472 2553 5528 haberi
2585 5471 2726 5525 inter
2761 5469 2900 5522 ﬁlios
2939 5464 3126 5529 Israel,
3167 5475 3266 5530 pro
3314 5455 3638 5526 negligentia

2497 5608 2543 5639 “
2585 5605 2746 5660 llebr.
2780 5619 2835 5664 κ,
2873 5604 2922 5657 l.
2999 5599 3044 5631 "
3083 5596 3219 5650 l’sal.
3247 5606 3446 5654 cxevu,
3476 5590 3530 5644 4.

2138 5757 2250 5826 (17)
2296 5753 2359 5808 In
2390 5750 2577 5804 libellis
2613 5749 2703 5817 qni
2735 5746 3065 5826 ttppelluntnr
3115 5739 3319 5826 ΙίηρςΙι,
3350 5746 3458 5792 etc.
3506 5731 3641 5788 Vide

2061 5809 2317 5883 noIas’atl
2345 5826 2438 5877 lib.
2477 5836 2503 5870 ν
2535 5809 2717 5872 contra
2748 5809 2977 5876 Céfsam,
3010 5828 3153 5866 unm.
3189 5809 3277 5863 54.
