4146 6380
541 377 646 432 805

1943 375 2029 427 EX
2059 372 2358 428 ()ﬂlGiiNE
2444 384 2445 388 ‘

3691 378 3799 434 θοι

541 511 668 549 vero
701 495 823 548 vita:
865 504 1258 563 ευειυιιιιιιιιιιο
1301 494 1505 547 desidia
1547 495 1599 548 ιιι
1631 497 1770 549 tribu
1802 496 1990 549 lluben
2029 508 2122 548 aut
2153 499 2196 553 A
2232 493 2473 555 tut-ridis,
2514 502 2605 546 attt
2636 494 2836 564 frigore
2870 496 3097 567 geluque
3140 497 3500 566 torpentibus,
3531 497 3612 552 vel
3650 475 3798 555 certe

538 590 670 646 Gul,
700 597 790 637 aut
817 586 1040 637 dimidia
1072 586 1212 638 tribu
1249 585 1496 638 Manasse
1533 588 1721 640 debeat
1748 589 2016 656 reputari,
2060 600 2115 641 ct

538 695 642 730 non
684 679 823 728 intra
849 675 1164 736 Jordancm,
1195 679 1288 730 sed
1320 687 1470 730 extra
1502 694 1648 742 cum,
1689 689 1888 732 sortem
1936 682 2113 734 luere-

537 769 722 822 ditatis
776 771 1047 838 accipere.
1101 769 1257 823 Alius
1305 786 1431 823 vero
1493 772 1584 838 qui
1632 787 1691 825 se
1737 774 2112 827 emendatione

538 862 662 913 \ita:
688 872 740 915 et
770 864 1184 917 coaversatione
1210 865 1474 931 propositi
1506 866 1666 918 talettt
1696 866 2015 928 reddiderit,
2056 879 2113 920 ut

533 953 828 1006 secundum
878 970 1012 1020 qttas
1053 953 1204 1007 solus
1243 953 1388 1007 Deus
1437 955 1582 1008 novit
1627 957 1890 1020 rationes,
1935 958 2109 1010 autin

534 1044 674 1096 tribu
725 1041 880 1109 Juda,
937 1046 1226 1098 autetiam
1271 1045 1322 1097 in
1374 1047 1486 1113 ipsa
1519 1048 1662 1100 trihtt
1694 1046 1995 1116 Benjamin,
2055 1049 2107 1102 in

531 1151 633 1203 qua
685 1135 799 1202 ipsa
840 1133 1226 1193 Jerusalenrct
1275 1137 1532 1206 templum
1581 1139 1671 1192 Dei
1723 1151 1888 1208 atque
1937 1140 2110 1196 altare

530 1229 795 1293 consistit,
845 1231 1037 1283 debeat
1087 1232 1366 1300 reputari:
1401 1243 1456 1285 et
1491 1233 1630 1288 alius
1681 1234 1734 1287 in
1787 1235 1914 1298 alia,
1945 1246 2108 1304 atque

529 1321 669 1374 alius
700 1320 752 1375 in
783 1323 910 1376 alia.
944 1325 1007 1376 Et
1053 1324 1151 1376 hoc
1179 1325 1338 1378 modo
1373 1327 1488 1380 hate
1515 1344 1633 1395 qum
1682 1345 1825 1382 nunc
1865 1329 1914 1382 itt
1965 1330 2106 1384 libro

529 1413 885 1470 Numerorum
905 1419 1103 1486 scripta
1131 1418 1462 1483 referuntur,
1487 1422 1830 1474 adumbratio
1855 1425 2102 1491 quaedam

531 1507 640 1558 sint
683 1506 877 1560 futura:
902 1509 1061 1562 sortis
1095 1510 1148 1561 itt
1186 1509 1361 1574 caelis,
1386 1525 1571 1562 eorum
1599 1512 1858 1564 duntaxat
1885 1513 1973 1581 qui
2010 1528 2106 1580 per

526 1597 707 1651 .lesum
756 1601 1040 1654 Dominum
1087 1617 1149 1656 ac
1189 1602 1530 1656 Salvatorem
1572 1615 1820 1656 nostrum
1868 1604 2102 1659 Incredi-

526 1699 710 1757 tatem,
761 1702 818 1743 ιιι
861 1693 1120 1756 diximus,
1181 1697 1396 1764 capient
1441 1699 1589 1765 regni
1644 1695 1934 1748 caelorum.
1988 1694 2100 1761 lhi,

523 1783 708 1846 credo,
741 1784 1029 1854 diligenter
1062 1787 1498 1841 observabuntur
1527 1788 1695 1841 etiam
1724 1789 1826 1842 ista
1854 1804 1976 1856 quae
2007 1789 2096 1843 hic

2224 583 2311 635 ubi
2361 584 2519 636 nulla:
2567 584 2730 652 leges.
2784 587 2875 637 sed
2931 586 3180 640 imtnanis
3221 596 3274 638 et
3314 602 3452 640 szeva
3489 586 3794 646 barbaries.

2223 677 2310 730 ubi
2350 677 2484 731 bella
2521 693 2735 746 semper
2782 687 2836 731 ct
2884 693 3158 746 nunquam
3201 680 3375 746 quies,
3426 689 3481 733 et
3526 680 3644 734 lnec
3685 695 3792 734 non

2221 769 2334 822 sine
2366 769 2572 822 Occulta
2609 770 2842 838 quadam
2885 769 2974 821 Dei
3013 771 3440 837 dispensatione,
3489 781 3542 824 et
3585 770 3794 840 judicio

2219 861 2354 925 ejus,
2407 871 2456 913 et
2495 861 2710 928 iustitia
2754 861 3045 930 unicuique
3099 863 3503 918 decernuntur:
3540 866 3612 918 ita
3652 875 3707 918 et
3736 864 3790 918 in

2222 953 2327 1005 illis
2357 953 2490 1006 locis
2517 954 2620 1007 erit
2651 953 2852 1021 aliquid
2880 954 3009 1020 tale,
3033 962 3086 1006 Ill
3119 954 3168 1005 itt
3191 955 3336 1007 nullo
3365 971 3587 1024 prorsus
3613 955 3792 1010 inanis

2220 1045 2484 1100 habeatur
2535 1047 2588 1099 in
2638 1048 2799 1100 terris
2826 1045 3019 1099 umbra
3055 1048 3381 1102 cmicstium.
3431 1048 3545 1101 Erit
3572 1063 3700 1116 ergo
3736 1057 3791 1101 et

2219 1138 2314 1200 ibi,
2348 1149 2405 1190 ut
2432 1139 2692 1205 diximus,
2739 1139 2920 1209 aliqua
2954 1140 3147 1193 civitas
3189 1139 3411 1208 refugii,
3448 1151 3501 1193 et
3536 1142 3641 1194 erit
3679 1140 3788 1196 alia

2216 1229 2268 1283 iu
2299 1232 2534 1292 deserto,
2562 1232 2700 1284 sicut
2723 1229 2920 1285 Bossor
2945 1231 2998 1285 in
3021 1231 3348 1286 haereditate
3373 1232 3562 1286 Ruben
3589 1232 3786 1288 civitas

2214 1338 2333 1376 esse
2360 1322 2558 1375 dicitur
2590 1323 2641 1375 in
2677 1323 2910 1377 deserto.

2314 1414 2368 1466 lt.
2442 1413 2547 1466 Se-l
2589 1421 2641 1466 ct
2687 1414 2774 1466 illa
2836 1414 3189 1469 nihilominus
3240 1416 3628 1484 consequentia
3691 1431 3785 1470 cas

2213 1504 2406 1570 pianda
2457 1513 2586 1557 est:
2628 1505 2750 1572 quia
2813 1506 2951 1559 sicut
3012 1524 3028 1556 ι
3076 1522 3198 1560 cum
3249 1507 3587 1575 dispergeret
3644 1505 3785 1561 Deus

2213 1595 2353 1648 ﬁlios
2407 1596 2602 1661 Adam,
2635 1598 2825 1651 statuit
2864 1597 2999 1653 ﬁnes
3047 1599 3286 1668 gentium
3337 1600 3634 1653 secundum
3684 1616 3786 1652 utt-

2213 1703 2420 1741 tncrum
2441 1688 2754 1758 angelorum
2774 1680 2890 1756 Dei,
2920 1708 2938 1741 ι
2957 1690 3063 1755 vel,
3084 1700 3143 1744 ttt
3165 1691 3218 1744 itt
3241 1691 3359 1744 aliis
3379 1691 3781 1758 exemplaribus

2211 1780 2461 1849 legimus,
2501 1797 2518 1830 t
2548 1782 2844 1834 secundum
2873 1797 3152 1836 numernnt
3182 1782 3412 1835 ﬁliorum
3445 1781 3610 1834 Israel
3635 1780 3678 1812 ⁸⁷
3706 1799 3719 1844 ;
3754 1798 3772 1830 ι

521 1875 920 1929 adumbrantur
948 1878 1230 1948 privilegia
1261 1881 1632 1943 sacerdotum,
1674 1881 1871 1950 quibus
1914 1883 2090 1935 vicina
2133 1852 2172 1905 Β
2204 1872 2254 1925 in
2293 1872 2448 1925 initio
2480 1875 2665 1927 mundi
2715 1875 2788 1930 ita
2823 1876 3053 1945 dispersi
3103 1884 3226 1928 sunt
3266 1875 3358 1928 filii
3403 1873 3547 1928 illius
3577 1874 3772 1937 Adam,

519 1980 746 2034 qua>que
781 1968 1025 2022 .urhihus
1063 1969 1200 2031 loca,
1229 1980 1284 2023 et
1327 1971 1460 2038 ipsis
1493 1973 1764 2025 tnmnibus
1787 1972 1972 2040 juncta
2003 1989 2092 2026 se-

519 2057 728 2125 gregari
764 2060 1095 2112 mandantur
1124 2078 1150 2113 a
1182 2061 1305 2114 ﬁliis
1335 2061 1522 2117 Israel.
1555 2063 1656 2126 Ibi,
1683 2065 1865 2124 Credo,
1915 2073 1968 2116 et
2008 2064 2090 2116 ci-

517 2145 716 2199 vitates
744 2146 859 2200 istae
889 2158 1070 2209 erunt,
1116 2165 1343 2216 quarunt
1393 2151 1481 2202 hic
1531 2153 1698 2221 ﬁgura
1734 2152 2087 2216 desrribitur,

517 2251 653 2302 quas
699 2238 890 2305 refugii
940 2239 1180 2291 nominat
1209 2242 1484 2302 civitates,
1516 2244 1580 2293 :td
1617 2259 1750 2309 quas
1777 2242 2091 2312 confugiant

517 2343 621 2380 non
647 2343 835 2383 omnes
864 2331 1173 2395 homicidte,
1226 2334 1322 2386 sed
1373 2335 1466 2401 qui
1501 2336 1812 2402 ignoranter
1859 2337 2090 2390 homici-

515 2419 662 2471 dium
698 2422 1110 2476 commiserunt.
1140 2425 1276 2476 Sttnt
1301 2426 1444 2478 enim
1475 2425 1727 2480 fortassis
1757 2427 1935 2495 aliqua
1966 2441 2089 2494 pcc-

512 2517 658 2573 cata,
692 2527 812 2580 qua:
842 2513 884 2566 si
919 2516 1196 2582 proposito
1242 2531 1306 2571 ac
1347 2519 1628 2570 voluntate
1677 2518 2085 2582 committimus,

511 2601 808 2657 homicidas
858 2621 953 2658 nos
994 2605 1192 2658 faciunt
1224 2623 1238 2671 ;
1265 2617 1319 2660 et
1354 2619 1482 2660 sunt
1532 2607 1638 2660 alia
1687 2623 1810 2676 quae
1852 2609 1897 2662 si
1937 2609 2088 2678 igno-

511 2705 696 2746 ranter
721 2696 1074 2759 admittimus,
1107 2698 1418 2751 decernitur
1444 2699 1623 2762 nobis,
1651 2701 1838 2762 credo,
1865 2709 1921 2754 et
1943 2715 2086 2769 pra:—

511 2794 727 2850 paratur
749 2801 814 2839 ex
843 2798 1114 2855 praacepto
1153 2788 1246 2842 Dei
1292 2790 1486 2857 aliquis
1533 2790 1704 2855 locus,
1739 2791 1826 2844 ubi
1857 2793 1925 2847 ad
1967 2809 2086 2847 cer-

510 2883 620 2926 tum
643 2884 857 2942 tempus
877 2878 1125 2931 habitare
1147 2880 1459 2944 debeamus,
1475 2881 1518 2932 si
1541 2881 1629 2948 qui
1653 2897 1756 2934 non
1781 2880 2082 2935 voluntaria

507 2975 728 3029 peccata
755 2968 1170 3033 commisimus;
1211 2971 1255 3023 si
1283 2979 1460 3024 tamen
1503 2973 1684 3025 mutuli
1738 2973 2084 3026 inveniamur

503 3065 559 3108 et
605 3057 764 3110 alieni
810 3059 879 3112 ab
922 3061 985 3113 iis
1036 3061 1274 3127 peccatis
1319 3077 1438 3130 quas
1486 3065 1763 3119 voluntate
1793 3066 2080 3120 commissa

505 3159 651 3203 sunt.
690 3153 752 3204 Et
794 3154 863 3206 ob
905 3156 1006 3208 hoc
1044 3167 1407 3209 secernuntur
1439 3163 1682 3228 quatdattt
1717 3160 1968 3216 civitates
2011 3166 2078 3217 ad

510 3242 800 3311 refugium.
870 3245 1096 3300 Videtur
1159 3249 1485 3314 quibusdam
1534 3252 1677 3319 quod
1744 3252 2078 3322 singulorum

502 3351 719 3402 quoque
772 3337 1009 3390 siderum
1061 3341 1254 3406 positio
1296 3350 1344 3394 et
1404 3352 1578 3397 coetus
1627 3344 1822 3399 civitas
1853 3347 1957 3400 dici
2000 3349 2080 3400 vel

502 3426 687 3480 haberi
725 3431 895 3496 possit
948 3431 998 3482 in
1048 3432 1186 3485 casto
1213 3450 1227 3486 :
1259 3435 1404 3500 quod
1447 3450 1548 3501 ego
1590 3437 1809 3504 quidem
1857 3440 2080 3494 deﬁnire

501 3531 604 3568 non
648 3519 841 3573 audeo.
873 3520 1042 3573 \‘idco
1075 3523 1217 3575 enim
1269 3538 1483 3576 omnem
1523 3535 1836 3579 creaturam
1884 3531 1934 3582 itt
1985 3547 2079 3598 spe

500 3607 716 3677 quidem
750 3620 967 3678 propter
1002 3628 1124 3665 eum
1173 3613 1264 3680 qui
1310 3613 1545 3680 subjecit
1590 3630 1713 3669 esse
1759 3617 2073 3684 subiectam,

496 3708 817 3765 exspectare
863 3710 1042 3755 tamen
1081 3702 1387 3756 libertatem
1433 3703 1485 3756 in
1526 3705 1895 3773 redemptione
1935 3711 2073 3766 ﬁlio-

500 3805 621 3845 rum
668 3790 760 3844 Dei
791 3792 908 3846 sine
957 3795 1140 3860 duhio,
1169 3803 1224 3849 et
1259 3795 1573 3865 prazclarius
1601 3797 1804 3868 aliquid
1850 3811 1941 3854 aut
1979 3818 2074 3857 su-

495 3880 714 3936 blimius
743 3885 986 3952 opperiri
1014 3884 1081 3940 ⁸⁸.

565 3972 617 4024 5.
664 3973 718 4026 Si
747 3989 898 4043 ergo,
931 3985 987 4027 ιιι
1032 3977 1290 4041 diximus,
1318 3979 1570 4033 umbram
1603 3981 1766 4036 habet
1796 3982 1880 4036 lex
1924 3983 2072 4038 futu-

496 4082 676 4121 rorum
704 4068 987 4132 bonorum,
1022 4079 1075 4123 et
1101 4072 1396 4139 exemplari
1429 4084 1483 4126 ct
1521 4076 1725 4129 umbra:
1755 4078 2071 4134 deserviunt

491 4159 790 4213 caelestium
839 4163 930 4230 qui
991 4163 1042 4214 in
1098 4162 1212 4232 lege
1265 4165 1616 4230 deserviunt,
1671 4177 1719 4220 ct
1780 4185 1922 4223 nunc
1975 4187 2070 4240 per

491 4251 767 4318 speculum
814 4262 867 4304 et.
916 4253 965 4304 in
1013 4254 1323 4321 :cnigntatc,
1355 4264 1480 4308 tunc
1510 4265 1688 4310 autem
1732 4259 1867 4312 facie
1892 4261 1956 4312 ad
1989 4260 2068 4314 fa-

490 4340 628 4394 ciem
661 4341 954 4395 habebitur
995 4360 1172 4397 rcrum
1201 4345 1610 4412 contemplatio,
1644 4350 1808 4402 credo
1841 4353 1982 4417 quod
2014 4363 2069 4405 et

492 4448 633 4486 nunc
663 4437 1128 4488 c0uversationem
1177 4437 1407 4491 dicimur
1453 4441 1652 4495 habere
1694 4442 1744 4494 itt
1781 4445 1937 4499 ccelis
1971 4462 2068 4514 per

490 4525 794 4591 speculum,
850 4539 904 4579 et
952 4529 1002 4579 itt
1047 4528 1353 4593 :euigmate,
1414 4539 1542 4583 tunc
1589 4543 1768 4585 autem
1815 4534 1953 4590 facie
1998 4538 2063 4590 ad

2191 4525 2316 4578 'ilios
2357 4525 2634 4578 novissimi
2681 4525 2898 4580 Adam:
2944 4541 3049 4579 non
3099 4529 3183 4580 cui
3239 4528 3383 4580 dicat
3413 4529 3455 4558 ⁵¹
3501 4546 3514 4581 :

491 4616 706 4678 tacitam,
757 4617 919 4669 talem
960 4621 1430 4672 conversationem
1480 4625 1816 4678 merebimur
1865 4627 2066 4682 habere

491 4704 542 4756 in
572 4704 745 4758 cwlis.
779 4706 834 4759 Si
863 4723 990 4774 ergo
1015 4723 1111 4776 per
1140 4711 1588 4777 consequentiam
1630 4729 1809 4768 rerum
1847 4729 1898 4771 et
1933 4735 2062 4788 pro-

489 4795 806 4849 missionum
842 4797 997 4850 ﬁdem
1027 4813 1126 4852 nos
1150 4797 1432 4853 transferri
1461 4803 1526 4854 de
1554 4804 1715 4857 terris
1747 4819 1963 4876 oportet
1995 4812 2061 4865 ad

487 4887 704 4951 coelum,
753 4899 881 4956 puto
909 4889 1051 4956 quod
1103 4889 1155 4942 in
1190 4890 1320 4956 ipsis
1364 4891 1680 4946 caelestibus
1725 4894 1857 4950 locis
1899 4897 2060 4956 .lesns

489 4979 746 5033 Dominus
777 4990 962 5034 noster
997 4996 1099 5034 non
1129 4983 1335 5050 absque
1360 4983 1673 5038 meritorum
1702 4999 1848 5042 sorte
1870 5007 2060 5044 unum-

484 5083 754 5138 quemque
792 5073 846 5126 itt
891 5073 979 5125 illa
1020 5074 1100 5127 vel
1146 5075 1232 5126 illa
1261 5075 1387 5128 coeli
1419 5087 1574 5144 parte
1620 5089 1674 5132 et
1723 5081 2058 5141 habitatione

483 5165 797 5217 constituat.
829 5165 934 5220 Sed
961 5166 1103 5220 sicut
1127 5167 1287 5220 multa
1314 5178 1396 5221 est
1434 5168 1739 5226 diﬂ'erentia
1785 5175 1836 5227 in
1869 5179 2056 5242 terris,

483 5253 630 5307 verbi
665 5258 858 5322 gratia,
899 5258 1149 5312 habitare
1177 5260 1228 5311 in
1254 5260 1387 5314 locis
1425 5260 1674 5318 fecundis
1722 5275 1774 5319 et
1815 5270 2056 5337 copiosis

481 5360 545 5400 ac
574 5349 726 5402 bonis
755 5352 1005 5404 omnibus
1028 5351 1457 5421 abundantibus,
1505 5355 1592 5407 ubi
1638 5365 1692 5408 et
1730 5359 1873 5411 aeris
1918 5372 2053 5415 tem-

481 5437 681 5506 peries,
712 5447 766 5490 et
793 5440 1029 5493 eruditio
1065 5442 1364 5508 hominum,
1406 5459 1469 5497 ac
1510 5444 1754 5499 liberalia
1805 5451 2048 5505 instituta

481 5541 586 5578 ttnu
614 5529 804 5582 desunt
829 5548 840 5583 :
869 5540 921 5585 ct
945 5532 1101 5599 longe
1129 5533 1275 5586 aliud
1308 5544 1390 5588 est
1416 5534 1680 5598 habitare,
1717 5547 1807 5589 aut
1836 5539 1887 5590 in
1917 5539 2048 5595 locis

481 5617 803 5685 infecundis,
851 5635 902 5676 et
945 5640 1121 5678 rerum
1157 5627 1383 5693 penuria
1440 5628 1725 5695 squalidis,
1777 5639 1871 5684 aut
1910 5644 2042 5687 aestu

1145 5743 1186 5772 ³⁷
1227 5743 1380 5798 Dem.
1413 5761 1580 5805 xxxu,
1603 5746 1654 5799 8.

888 5811 931 5839 ³³
959 5811 1147 5866 Matth.
1167 5813 1392 5870 xxv.25.
1476 5815 1522 5846 ⁸³
1546 5817 1734 5872 Matth.
1758 5822 1968 5884 xzv,‘?.3.

554 5735 778 5796 “dium.
831 5754 941 5796 VIII.
980 5742 1067 5796 25.

483 5790 529 5820 ⁸⁸
573 5793 814 5860 ibid”,

1736 5747 1780 5779 ⁸⁸
1825 5746 1837 5798 l
1888 5749 2011 5806 Cor.
2056 5769 2144 5810 xv.
2187 5750 2275 5804 45.

2045 5825 2089 5854 ⁵⁵
2115 5823 2268 5876 .lnan.
2303 5839 2358 5875 Χι
2378 5839 2434 5886 ιι,
2459 5822 2549 5874 24.

2203 1963 2342 2016 sicut
2381 1961 2465 2015 vel
2513 1961 2730 2016 illorum
2759 1967 2971 2032 merita,
3025 1965 3101 2020 vel
3129 1965 3297 2034 ipsius
3333 1965 3502 2018 Adam
3529 1974 3776 2019 contem-

2201 2053 2366 2120 platio
2410 2055 2769 2120 postulabat:
2805 2057 2930 2124 quid
2960 2056 3200 2110 dicemus
3227 2057 3487 2119 futurunt,
3524 2071 3644 2109 cum
3677 2071 3778 2109 tto-

2200 2146 2410 2200 vissimi
2439 2146 2611 2198 Adam
2643 2146 2756 2215 (qui
2788 2163 2892 2201 non
2923 2149 2976 2201 in
3001 2149 3236 2202 animant
3270 2149 3564 2210 viventem,
3594 2148 3686 2201 scd
3719 2149 3771 2199 in

2198 2235 2447 2303 spiritum
2485 2233 2857 2290 viviﬁcantem
2909 2236 3082 2290 factus
3125 2245 3207 2291 est
3248 2237 3315 2306 ⁸³)
3367 2238 3593 2305 coeperit
3633 2236 3774 2290 ﬁlios

2199 2345 2306 2382 non
2342 2329 2677 2400 dispergere,
2705 2330 2802 2383 sed
2827 2331 3139 2398 dispensare
3163 2329 3344 2384 divina
3375 2331 3636 2401 dignatio,
3664 2346 3769 2384 tton

2197 2420 2249 2473 itt
2288 2421 2464 2487 initio,
2491 2422 2586 2476 sed
2615 2423 2667 2475 in
2697 2421 2801 2475 ﬁne
2837 2422 3015 2474 tttttttdi
3047 2437 3060 2486 ;
3090 2431 3144 2476 et
3177 2438 3280 2475 non
3327 2430 3386 2475 ut
3425 2423 3544 2475 illos
3582 2422 3672 2491 qui
3715 2423 3769 2475 itt

2195 2511 2365 2562 Adam
2391 2526 2582 2564 omnes
2611 2511 2807 2563 mortui
2834 2522 2980 2574 sunt,
3019 2513 3111 2564 sed
3143 2521 3198 2564 ut
3225 2527 3316 2565 eos
3359 2513 3451 2579 qui
3478 2513 3528 2564 itt
3555 2512 3770 2565 Christo

2195 2617 2385 2656 omnes
2432 2601 2692 2656 vivificati
2745 2612 2871 2656 sunt
2895 2601 2983 2654 “?
3015 2601 3143 2655 Sine
3166 2601 3328 2655 dubio
3366 2603 3472 2655 erit
3517 2603 3767 2670 quadam

2195 2693 2389 2746 divisio
2438 2703 2492 2748 et
2542 2692 2850 2747 distributio
2901 2694 3060 2757 talis,
3111 2707 3230 2760 qua:
3278 2708 3382 2746 non
3439 2694 3608 2745 solum
3671 2709 3768 2761 pro

2195 2786 2404 2839 meritis
2437 2801 2626 2840 eorum
2663 2787 2755 2854 qtti
2789 2787 3193 2854 dispensantur,
3223 2785 3314 2837 sed
3359 2794 3412 2839 et
3451 2800 3548 2852 pro
3583 2789 3767 2839 novis-

2193 2876 2314 2930 simi
2334 2878 2528 2940 Adam,
2559 2878 2608 2930 in
2638 2891 2743 2945 quo
2759 2891 2949 2930 omnes
2975 2876 3279 2930 viviﬁcandi
3311 2875 3586 2938 dicuntur,
3627 2889 3764 2927 con-

2195 2969 2554 3038 templatione
2596 2968 2870 3038 pensanda
2908 2969 2997 3021 sit.
3050 2967 3152 3023 Sed
3199 2968 3324 3036 quis
3367 2975 3608 3021 nostrum
3641 2965 3766 3019 talis

2191 3071 2295 3126 est,
2343 3071 2400 3116 ut
2439 3063 2504 3115 ad
2558 3060 2865 3128 hujusmodi
2909 3061 3372 3122 distributionem,
3418 3071 3471 3112 et
3512 3059 3578 3111 ad
3617 3058 3760 3111 illaut

2193 3155 2431 3208 replestis
2462 3154 2799 3208 litereditatis
2825 3163 3030 3207 sortem
3060 3153 3245 3206 venire
3285 3161 3561 3205 mereatur
3583 3151 3604 3203 ?
3628 3150 3760 3216 Quis

2191 3247 2262 3298 ita
2310 3247 2504 3301 beatus
2530 3247 2654 3309 erit,
2684 3245 2838 3314 cujus
2874 3261 2994 3299 sors
3032 3245 3082 3297 itt
3125 3242 3426 3298 Jerusalem
3461 3244 3667 3308 veniat,
3705 3251 3764 3295 ut

2189 3338 2258 3390 sit
2289 3337 2360 3392 ibi
2390 3337 2475 3391 ubi
2505 3337 2762 3404 templum
2791 3335 2883 3390 Dei
2915 3343 3021 3398 est,
3051 3337 3156 3388 into
3180 3345 3238 3388 ut
3269 3334 3383 3403 ipsc
3410 3335 3481 3388 sit
3509 3335 3600 3388 Dei
3631 3344 3761 3389 tent-

2188 3428 2379 3496 plum?
2407 3428 2540 3494 Quis
2593 3431 2666 3480 ita
2713 3429 2904 3481 beatus
2935 3435 3018 3480 est
3061 3437 3120 3480 ιιι
3163 3427 3235 3481 ibi
3279 3427 3392 3480 dies
3420 3427 3586 3481 festos
3612 3437 3756 3496 agat,

2187 3519 2276 3572 ubi
2311 3521 2481 3572 altare
2527 3518 2767 3573 divinum
2797 3519 3075 3588 perpetuis
3114 3518 3279 3588 386
3323 3518 3532 3587 ignibus
3573 3517 3758 3571 adole-

2187 3611 2316 3663 tur?
2357 3610 2488 3676 Quis
2516 3610 2588 3664 ita
2622 3611 2811 3666 beatus
2860 3618 2958 3679 est,
2989 3609 3076 3676 qui
3123 3610 3454 3663 sacriﬁcium
3492 3624 3670 3673 suum,
3702 3619 3758 3662 et

2186 3702 2472 3756 incensum
2523 3703 2810 3756 suavitatis
2853 3717 3015 3769 supra
3055 3701 3203 3754 illum
3236 3702 3414 3771 ignem
3459 3712 3640 3770 ponat,
3689 3703 3755 3755 de

2181 3805 2289 3859 quo
2322 3792 2536 3845 dicebat
2579 3791 2830 3844 Salvator
2870 3791 2958 3844 5°:
2995 3811 3012 3842 ι
3046 3791 3224 3860 Ignem
3269 3791 3390 3843 veni
3443 3792 3658 3845 mittere
3700 3792 3752 3843 itt

2184 3881 2423 3934 terram?
2455 3901 2474 3934 ι
2515 3881 2648 3948 Quis
2675 3882 2745 3934 ita
2779 3882 2972 3935 beatus
3001 3882 3206 3951 esl,qui
3259 3882 3332 3935 ibi
3378 3897 3594 3951 semper
3627 3897 3755 3951 agat

2181 3972 2386 4028 Pascha
2429 3974 2480 4026 itt
2529 3976 2651 4027 loco
2705 3989 2865 4042 quem
2921 3973 3086 4043 elegit
3130 3975 3392 4029 Dominus
3444 3974 3627 4029 suus?
3672 3975 3748 4028 Ibi

2179 4065 2528 4120 Pentecostes
2556 4067 2697 4120 diem
2729 4075 2904 4135 gerat,
2933 4077 2984 4121 et
3021 4066 3369 4121 festivitatem
3420 4067 3748 4138 repmpitia-

2183 4158 2361 4222 tionis,
2392 4168 2445 4210 et
2475 4158 2952 4212 tabernaculormtt
3003 4159 3426 4226 solemnitatem,
3477 4177 3581 4214 non
3627 4162 3740 4229 jam

2177 4263 2273 4316 per
2324 4251 2596 4312 umbram,
2653 4251 2746 4302 sed
2801 4265 2896 4317 per
2939 4250 3109 4318 ipsam
3160 4254 3394 4320 spccicm
3461 4267 3749 4320 rerumque

2177 4341 2502 4394 veritatem?
2551 4341 2684 4407 Quis
2735 4349 2980 4395 nostrum
3033 4343 3229 4411 dignus
3294 4344 3583 4397 habebitur
3636 4354 3744 4398 tam

2177 4433 2348 4486 bcatte
2386 4432 2554 4486 sortis
2594 4433 2881 4497 electione,
2913 4449 3037 4487 cunt
3067 4435 3205 4488 Deus
3233 4437 3472 4489 dividere
3516 4438 3744 4504 cmperit

3569 4546 3587 4578 ι
3624 4527 3747 4582 Eris

2171 4632 2336 4684 super
2379 4616 2620 4684 quinque
2667 4615 2920 4670 civitates
2967 4626 3286 4685 potestatem
3326 4619 3554 4683 habens,
3591 4639 3610 4671 ι
3652 4630 3747 4672 aut.

2173 4711 2258 4762 cui
2311 4711 2457 4762 dit-at
2492 4708 2538 4738 ⁸³
2575 4727 2588 4761 ;
2628 4727 2646 4759 ι
2694 4708 2812 4761 liris
2853 4724 3018 4778 super
3057 4711 3242 4765 decent
3295 4713 3544 4767 civitates
3591 4720 3746 4782 pote-

2168 4808 2364 4852 statem
2402 4799 2629 4864 habens,
2675 4805 2693 4849 ›
2748 4813 2848 4852 nec
2893 4799 2982 4853 cui
3015 4799 3259 4855 dicat”:
3297 4819 3316 4853 ι
3354 4800 3496 4856 Intra
3529 4804 3579 4854 in
3612 4818 3744 4869 gau-

2167 4891 2312 4944 dium
2363 4893 2574 4944 Domini
2632 4891 2704 4945 tui
2743 4908 2757 4956 ;
2801 4910 2820 4944 t
2857 4894 2952 4946 sed
2986 4893 3070 4948 cui
3102 4893 3355 4947 dicat".-
3395 4912 3412 4944 ι
3445 4895 3638 4949 Sedete
3686 4906 3744 4948 et

2170 4999 2266 5037 vos
2289 4999 2497 5036 mecum
2541 5001 2703 5049 super
2730 4987 3012 5039 duodecim
3049 4987 3299 5051 thronos,
3339 4987 3649 5055 iudicantes
3686 4997 3742 5042 ct

2169 5092 2267 5130 vos
2300 5078 2584 5132 duodecim
2617 5080 2796 5134 tribus
2827 5078 2996 5134 Israel
3031 5098 3046 5147 ;
3085 5099 3104 5132 ›
3141 5081 3208 5135 de
3239 5081 3435 5145 quibus
3473 5083 3618 5136 dicat
3646 5083 3693 5114 ⁵⁸
3722 5100 3736 5136 :

2173 5190 2191 5222 ι
2223 5169 2406 5234 Pater,-
2429 5172 2550 5224 voIo
2581 5181 2639 5226 ut
2664 5175 2752 5226 ubi
2777 5188 2876 5242 ego
2903 5189 3045 5238 sunt,
3075 5182 3129 5225 et
3154 5172 3257 5241 ipsi
3293 5173 3403 5228 sint
3435 5188 3671 5230 mecum.
3714 5193 3734 5226 ι

2172 5265 2305 5318 Volo
2341 5265 2507 5318 etiam
2536 5266 2669 5320 istos
2697 5282 2815 5321 esse
2845 5282 3023 5336 reges,
3053 5276 3109 5321 ttt
3133 5281 3234 5337 ego
3260 5267 3363 5320 sim
3401 5283 3492 5321 rex
3527 5281 3734 5335 regum.

2166 5357 2298 5410 Volo
2326 5368 2380 5411 et
2414 5358 2546 5411 istos
2583 5359 2784 5412 habere
2833 5359 3290 5422 dominationem,
3318 5369 3376 5413 ut
3409 5368 3462 5412 et
3501 5375 3602 5428 ego
3632 5359 3735 5411 sint

2164 5449 2424 5501 Dominus
2472 5449 2897 5502 dominantium.
2940 5449 3090 5503 Beati
3139 5452 3228 5517 qui
3272 5453 3337 5503 ad
3380 5452 3517 5504 hanc
3549 5465 3737 5517 perve-

2162 5540 2312 5592 nient
2345 5541 2697 5594 beatitudinis
2728 5557 3017 5596 summam.
3059 5541 3207 5595 Beati
3256 5541 3348 5610 qui
3375 5543 3440 5592 ad
3477 5541 3577 5592 ista
3607 5557 3737 5592 con-

2157 5632 2424 5686 Sceaderc
2453 5644 2707 5701 poterunt
2733 5633 2946 5703 fastigia
2972 5635 3312 5699 meritortnn,
3332 5643 3384 5686 et
3415 5632 3735 5686 benedictus

2352 5753 2395 5782 ³9
2430 5751 2558 5804 ibid.
2590 5753 2680 5806 ~22.
2758 5753 2802 5784 ⁵ο
2827 5752 2957 5806 Luc.
2985 5767 3080 5810 xu.
3106 5752 3193 5805 49.
3259 5751 3300 5781 ⁵¹
3331 5750 3461 5804 LtIC-
3499 5764 3614 5815 XIX.
3642 5747 3730 5802 19-
