4146 6386
462 535 786 608 promissmn
821 534 924 585 est.
957 521 1246 581 obtinent;
1277 513 1554 584 digniores
1591 507 1800 563 tardius
1839 517 2033 559 conse-
2060 505 2110 564 Α

461 599 719 692 quantur.
757 617 832 672 llli
875 614 1019 669 enim
1061 626 1090 665 ει
1127 609 1308 678 Moyse
1351 603 1511 673 primi
1545 599 1912 654 haereditatem
1942 608 2032 646 ac-

1844 381 1936 437 ΕΚ
1974 377 2274 438 ORIGENE

3619 367 3725 425 803

2137 499 2322 568 τάχιον
2350 497 2407 549 ἐν
2439 497 2505 566 τῇ
2533 492 2838 564 ἐπαγγελίᾳ
2865 491 3137 562 γίνονται·
3171 490 3218 543 οἱ
3249 487 3306 542 δὲ
3331 481 3724 553 ἐπιεικέστεροι

2134 590 2352 661 βράδιον
2377 584 2870 656 άπολαμϐάνουσιν.
2908 586 2972 640 Οἱ
3006 583 3104 649 μὲν
3149 579 3256 652 γὰρ
3302 578 3409 632 ὑπὸ
3439 573 3725 636 Μωῦσέως

458 720 738 784 ceperunt,
775 709 830 763 hi
859 720 990 760 vero
1015 719 1044 756 a
1075 700 1200 756 Jesu
1253 707 1461 767 postea.
1500 690 1640 758 Quin
1675 701 1730 743 et
1763 688 1829 741 de
1859 683 2034 738 omni-

2158 681 2339 750 τρῶτοι
2391 677 2644 748 εἰλήφασι
2693 675 2790 747 τὴν
2831 673 3228 746 κληρονομίαψ
3263 671 3314 724 oi
3367 669 3424 722 δὲ
3479 665 3586 720 ὑπὸ
3628 663 3724 717 τοῦ

460 776 560 864 bus
584 804 743 872 justis
779 799 1000 859 dicitur,
1028 809 1132 848 non
1162 792 1227 845 de
1251 785 1605 859 quibuslibet.
1633 780 1767 872 Nam
1798 786 1857 832 ut
1881 776 2025 872 dpo-

459 864 635 953 stolus
665 895 743 946 ait
774 891 820 922 °°
852 906 864 942 :
902 905 919 938 ι
954 885 1014 938 Ili
1043 897 1234 936 onmes
1271 873 1587 932 testimonio
1627 870 1749 923 ﬁdei
1777 864 1990 936 probati
2017 904 2030 927 ,

463 1004 570 1044 non
605 990 936 1053 acceperunt
992 971 1507 1042 repromissionem,
1565 965 1674 1017 Deo
1721 975 1820 1028 pro
1879 956 2035 1012 nobis

463 1079 656 1134 melius
686 1052 890 1143 aliquid
929 1066 1272 1140 providente,
1309 1071 1368 1116 ut
1401 1073 1505 1114 non
1549 1057 1666 1111 sine
1707 1052 1867 1108 nobis
1899 1065 2032 1104 con-

463 1179 834 1228 summarentu
846 1183 890 1220 Γ.
924 1181 944 1217 ι

541 1354 729 1409 Vocem
755 1351 1026 1405 verborum
1067 1359 1225 1416 quam
1255 1357 1341 1396 vos
1379 1337 1602 1392 audistis
1641 1335 1708 1390 δι.
1741 1332 1858 1386 Non
1893 1327 2036 1398 quod

466 1445 697 1500 visibilis
729 1457 826 1495 vox
862 1439 1043 1500 fuerit,
1074 1444 1163 1488 aut
1195 1442 1386 1486 natura
1424 1443 1609 1482 vocem
1636 1426 1833 1478 habeat
1859 1423 2033 1479 Deus;

469 1541 570 1592 hoc
599 1535 740 1589 enim
782 1529 1097 1596 composita:
1128 1534 1273 1580 esset
1307 1531 1514 1575 natura:
1565 1535 1578 1571 :
1625 1515 1717 1569 sed
1763 1513 1906 1582 quod
1950 1523 2035 1562 tu-

469 1631 658 1683 barum
687 1622 917 1685 sonitus,
944 1627 998 1670 et
1025 1631 1208 1680 voces,
1229 1623 1286 1666 ut
1307 1613 1419 1679 ipse
1450 1608 1602 1661 novit
1627 1607 1788 1662 Deus,
1813 1602 2040 1654 ederen-

468 1729 555 1770 tur
582 1731 646 1769 ex
685 1713 964 1766 sensilium
997 1709 1414 1764 elementorum,
1459 1698 1600 1770 ignis
1635 1708 1827 1763 nempe
1863 1702 1916 1744 ιιι
1951 1705 2040 1742 ca-

469 1808 668 1878 liginis,
712 1801 1071 1858 connexioue.
1114 1797 1474 1862 Quamobrem
1537 1800 1592 1844 ει
1645 1787 1863 1839 auditur
1909 1795 2037 1842 vox,

2149 771 2327 842 Ἰησοῦ
2358 769 2602 840 ὕστερον.
2654 766 2814 819 Ἀλλὰ
2843 767 2936 818 καὶ
2973 765 3102 836 περὶ
3139 764 3356 818 πάντων
3385 759 3610 815 δικαίων
3643 759 3726 811 λέ-

2132 881 2310 934 γεται,
2345 862 2406 916 οὐ
2435 862 2543 914 τῶν
2572 861 2861 930 τυχόντων·
2893 859 2967 921 ὡς
2991 858 3099 928 γὰρ
3124 857 3154 908 ό
3189 853 3508 917 Ἀπόστολός
3533 868 3718 924 φησιν·

2141 979 2156 1010 ι
2185 952 2344 1011 Οὗτοι
2378 956 2579 1018 πάντες
2635 952 3069 1026 μαρτυρηθέντες
3104 951 3193 1004 διὰ
3225 951 3324 1020 τῆς
3363 949 3598 1011 πίστεως
3624 946 3721 1000 οὐκ

2136 1051 2468 1121 ἐκομίσαντο
2501 1047 2598 1119 τὴν
2652 1045 3019 1114 ἐπαγγελίαν,
3059 1042 3152 1096 τοῦ
3211 1042 3347 1094 Θεοῦ
3385 1041 3513 1112 περὶ
3567 1038 3724 1110 ἡμῶν

2137 1143 2386 1215 κρεῖττόν
2413 1158 2467 1192 τι
2494 1136 2967 1212 προϐλεψαμένου,
2997 1135 3087 1190 ἵνα
3115 1133 3190 1205 μὴ
3218 1134 3387 1206 χωρὶς
3429 1131 3590 1204 ὴμῶν
3635 1148 3725 1184 τε-

2139 1233 2459 1288 λειωθῶσιν.
2490 1251 2508 1284 ι

2208 1324 2422 1392 Φωνὴν
2459 1322 2741 1392 ῥημάτων
2795 1321 2875 1388 ἣν
2922 1319 3093 1389 ὑμεῖς
3138 1319 3475 1386 ἠκούσατε,
3520 1314 3615 1367 καὶ
3654 1311 3720 1368 τὰ

2139 1417 2282 1487 ἑξῆς.
2322 1417 2433 1486 Οὐχ
2463 1418 2544 1468 ὅτι
2590 1415 2758 1486 ὁρατὴ
2807 1415 2839 1484 ἡ
2889 1411 3040 1482 φωνὴ
3061 1451 3075 1474 ,
3109 1410 3216 1463 οὐδ’
3242 1410 3324 1462 ὅτι
3357 1408 3514 1476 φύσει
3541 1405 3723 1477 φωνὴν

2139 1510 2252 1580 ἔχει
2290 1511 2318 1561 ό
2348 1508 2501 1570 Θεὸς
2534 1506 2689 1559 τοῦτο
2718 1506 2828 1576 γὰρ
2857 1504 2950 1557 καὶ
2990 1501 3243 1555 συνθέτου
3277 1500 3491 1568 φύσεως
3521 1498 3588 1553 ἂν
3614 1498 3719 1567 εἴη’

2141 1603 2253 1656 ἀλλ’
2276 1599 2464 1670 ἐπειδὴ
2497 1599 2590 1652 καὶ
2615 1600 2669 1650 αἱ
2709 1597 3029 1664 σάλπιγγες,
3049 1595 3140 1648 καὶ
3163 1596 3218 1647 αἱ
3249 1593 3446 1662 φωναὶ,
3465 1592 3539 1655 ὡς
3564 1591 3724 1654 αὐτὸς

2141 1691 2281 1746 οἶδεν
2311 1693 2338 1744 ὁ
2369 1689 2521 1752 Θεὸς,
2550 1687 2900 1741 ἐπετελοῦντο
2928 1689 2992 1739 ἐκ
3015 1686 3113 1755 τῆς
3137 1684 3244 1737 τῶν
3275 1684 3565 1755 ὁρωμένων
3596 1700 3722 1736 συν-

2144 1786 2325 1857 εχείας
2368 1781 2868 1855 δημιουργούμεναι
2911 1778 3204 1847 στοιχείων·
3245 1775 3339 1829 τοῦ
3375 1775 3544 1847 πυρὸς
3582 1774 3724 1842 λέγω

465 1853 534 1954 εἴ
567 1915 671 1951 ιιοιι
722 1895 980 1958 videtur;
1027 1901 1082 1942 at
1132 1903 1262 1941 vero
1314 1886 1404 1939 ubi
1447 1882 1540 1937 Dei
1591 1877 1834 1951 prodigia
1880 1874 2036 1937 iiunt,

2158 1880 2236 1934 ιαὶ
2283 1876 2378 1931 τοῦ
2425 1874 2648 1944 γνόφου·
2706 1872 2848 1924 ὥστε
2884 1872 2978 1925 καὶ
3006 1867 3262 1922 ἀκούεται
3305 1867 3480 1938 φωνὴ,
3507 1866 3599 1920 καὶ
3627 1867 3723 1934 οὐχ

466 1991 630 2046 etiam
665 2003 766 2040 vox
802 1987 1034 2039 videtur.

537 2169 604 2224 Et
626 2168 826 2240 juravit
853 2165 992 2237 quod
1024 2179 1129 2216 non
1175 2171 1441 2214 transenna
1480 2156 1768 2212 Jan-donem
1799 2152 1936 2205 hunc
1973 2151 2038 2202 ε’.

473 2265 607 2321 Cum
644 2262 856 2332 Moyses
880 2274 985 2314 non
1016 2256 1369 2327 gloriﬁcasset
1401 2251 1568 2305 Deum
1602 2265 1786 2303 coram
1825 2245 2039 2316 populo,

473 2375 576 2414 non
607 2355 930 2437 permissum
967 2359 1052 2406 est
1079 2359 1136 2403 ut
1170 2347 1308 2402 ultra
1343 2343 1761 2415 progrederetur
1789 2356 1908 2394 cum
1941 2338 2036 2392 eis.

448 2448 549 2506 .Ne
577 2430 721 2502 enim
763 2458 921 2514 quem
967 2443 1149 2495 vivum
1197 2437 1473 2501 colebant,
1503 2432 1800 2489 honoribus
1847 2430 2044 2482 divinis

475 2547 744 2591 mortuum
801 2532 1120 2594 adicerent,
1175 2531 1242 2582 ab
1288 2526 1464 2582 oculis
1511 2525 1753 2579 omnium
1817 2518 2046 2574 removit

475 2628 615 2682 Deus
641 2623 946 2693 sepulcrum
976 2621 1110 2690 ejus.

543 2719 819 2774 Contestor
854 2716 996 2770 vobis
1041 2712 1198 2767 liod'c
1243 2713 1425 2764 (mium
1481 2719 1529 2762 et
1583 2717 1773 2760 terram
1809 2705 1875 2758 ⁸³.
1903 2703 2045 2760 Deus

475 2813 555 2866 sui
590 2813 910 2866 adoratores
941 2823 1044 2862 non
1083 2805 1406 2875 permittens
1435 2818 1555 2855 cum
1595 2797 1930 2853 daauonibus
1954 2812 2044 2852 so-

473 2907 730 2961 cietatem
762 2903 983 2967 habere,
1017 2904 1125 2954 imo
1156 2913 1249 2952 eos
1273 2897 1362 2966 qui
1397 2894 1565 2949 semel
1603 2908 1725 2948 eum
1774 2907 2044 2961 cognove-

477 2998 841 3066 runt,jnbcns
872 2994 941 3048 ab
963 2993 1111 3048 omni
1146 3006 1270 3060 erga
1304 2989 1426 3044 illos
1457 2985 1648 3042 aﬂ'cctu
1675 3002 1796 3041 esse
1824 2987 2043 3049 libet-ns,

474 3089 635 3146 simul
669 3089 734 3142 ad
765 3086 1170 3142 aemulationem
1195 3096 1289 3136 eos
1322 3094 1627 3148 provocans
1650 3093 1714 3133 ex
1747 3079 2048 3134 defectione

2147 1975 2358 2044 ὁρᾶται·
2395 1968 2512 2023 ἀλλ’
2553 1962 2645 2020 οὖν
2666 1967 2758 2020 ἐπί
2788 1964 2894 2017 τῶν
2916 1961 3009 2015 τοῦ
3043 1960 3178 2014 Θεοῦ
3211 1959 3503 2030 θαυμάτων
3563 1959 3658 2011 καὶ
3691 1960 3723 2028 ἡ

2145 2063 2295 2135 φωνὴ
2320 2063 2532 2134 ὁρᾶται.

2212 2156 2324 2210 Καὶ
2351 2153 2589 2224 ὤμοσεν
2618 2152 2720 2206 ἵνα
2739 2151 2826 2221 μὴ
2847 2151 3025 2206 διαδῶ
3040 2151 3147 2206 τὸν
3173 2146 3474 2217 Ἰορδάνην
3487 2142 3722 2198 τοῦτον.

2144 2245 2404 2315 Μωῦσῆς,
2441 2243 2515 2315 μὴ
2536 2240 2765 2306 δοξάσας
2792 2241 2883 2295 τὸν
2910 2243 3040 2296 Θεὸν
3065 2241 3158 2295 ἐπὶ
3185 2239 3278 2292 τοῦ
3303 2237 3455 2301 λαοῦ,
3480 2233 3724 2299 ἐκωλύθη

2146 2337 2436 2408 παρελθεῖν
2467 2337 2582 2407 μετ’
2609 2335 2808 2402 αὐτῶν,
2847 2335 2936 2389 ἴνα
2992 2333 3065 2405 μὴ
3096 2334 3154 2387 ὃν
3190 2333 3389 2402 ἐτίμων
3430 2327 3625 2393 ζῶντα,
3667 2325 3723 2376 ὲν

2147 2427 2284 2482 θεῶν
2331 2427 2652 2498 θεραπείαις
2695 2427 3000 2496 τιμήσωσιν
3051 2424 3369 2479 ἀπελθόντα.
3419 2418 3510 2474 Διὸ
3534 2418 3598 2490 δὴ
3632 2417 3725 2469 καὶ

2147 2518 2507 2581 ἀποθανόντος
2537 2517 2720 2586 ἀφανῆ
2760 2517 2850 2570 τὸν
2880 2517 3049 2585 τάφον
3074 2515 3346 2586 ἐποίησεν.

2219 2714 2686 2786 Διαμαρτύρομαι
2699 2712 2840 2780 ὑμῖν
2857 2709 3124 2778 σήμερον
3147 2709 3253 2759 τόν
3267 2721 3329 2759 τε
3341 2703 3601 2772 οἰψανόν
3625 2701 3724 2755 καί

2147 2808 2262 2877 τὴν
2290 2806 2426 2877 γῆν.
2470 2807 2530 2859 Ὀ
2562 2805 2693 2868 Θεὸς
2715 2803 2842 2865 τοὺς
2857 2801 3019 2854 αὑτὸν
3047 2797 3482 2870 προσκυνοῦντας
3505 2796 3565 2850 οὑ
3597 2810 3726 2862 συγο

2147 2898 2340 2972 χωρῶν
2377 2896 2595 2968 δαίμοσι
2629 2891 3030 2956 συνάπτεσθαι,
3063 2889 3200 2943 ἀλλὰ
3230 2888 3355 2950 τοὺς
3378 2886 3526 2951 anas,
3562 2883 3724 2938 αὐτὸν

2149 2989 2455 3061 ἐγνωκότας
2473 2986 2627 3050 ἐκτὸς
2658 2982 2797 3040 εἶναι
2824 2983 3060 3039 κελεύων
3075 2981 3175 3051 τῆς
3205 2979 3337 3052 πρὸς
3355 2978 3592 3040 ἐκείνους
3612 2976 3728 3028 δια-ι

2152 3083 2372 3145 θέσεως,
2407 3079 2498 3134 καὶ
2540 3076 2864 3149 παραζηλῶν
2905 3078 2962 3130 ἐν
2989 3077 3056 3147 τῇ
3084 3071 3389 3142 ἀποστασία
3419 3071 3529 3125 τῶν
3559 3069 3724 3132 λαῶν,

475 3181 714 3251 gentium
737 3219 749 3240 ,
792 3179 1007 3231 futuras
1043 3175 1124 3228 eis
1157 3173 1395 3226 minatur
1427 3185 1614 3238 ptnuas
1669 3172 1738 3225 ob
1790 3185 2044 3240 perversa

2158 3176 2248 3238 τὰς
2298 3170 2593 3244 μελλούσας
2652 3168 2834 3232 αὐτοῖς
2891 3167 3143 3238 προλέγει
3185 3163 3449 3235 τιμωρίας
3494 3162 3581 3215 διὰ
3631 3161 3730 3232 τὴν

476 3288 662 3326 eorum
694 3270 942 3324 consilia.

547 3363 594 3416 Ε
648 3364 802 3415 domo
857 3361 1123 3414 servitutis
1158 3357 1223 3411 “.
1271 3358 1406 3412 Vere
1459 3358 1602 3413 enim
1645 3372 1731 3411 res
1777 3370 2054 3424 corporea:

477 3466 535 3510 et
570 3452 900 3515 materiales,
936 3451 1130 3505 domus
1164 3458 1291 3504 sunt
1321 3449 1622 3512 servitutis,
1653 3449 1797 3502 sicut
1833 3457 2053 3500 contra-

480 3547 594 3611 riae,
640 3544 834 3597 domus
867 3550 995 3596 sunt
1022 3541 1308 3596 libertatis.

561 3635 663 3688 Vos
689 3635 826 3686 enim
852 3633 974 3685 estis
1005 3631 1312 3701 paucissimi
1335 3647 1444 3698 prce
1470 3631 1710 3684 omnibus
1732 3629 1966 3698 gentibus
1989 3629 2057 3683 ⁸⁵.

485 3729 716 3782 Pulchre
776 3727 841 3778 iis
902 3725 996 3793 qui
1058 3741 1087 3777 ει
1143 3735 1298 3792 parte
1359 3724 1452 3777 Dei
1501 3723 1896 3785 sunt,dictum
1925 3732 2054 3776 est:

490 3841 512 3878 ι
547 3819 866 3874 Paucissimi
908 3818 1044 3871 estis
1097 3830 1210 3886 prae
1266 3815 1516 3869 omnibus
1574 3815 1866 3885 gentibus;
1907 3833 1924 3865 ι
1971 3815 2057 3868 cui

487 3911 645 3965 aliine
683 3921 766 3964 est
795 3910 936 3962 istud
966 3908 1010 3939 “
1042 3925 1057 3962 :
1113 3927 1131 3959 ι
1167 3905 1327 3963 Pauci
1385 3915 1513 3960 sunt
1555 3908 1645 3974 qui
1695 3905 2001 3968 salvantur;
2036 3926 2054 3958 ι

489 4014 543 4059 et
581 4003 624 4036 ⁸⁷
651 4020 663 4056 :
696 4020 714 4052 ι
749 3999 1073 4055 Contendite
1107 4000 1309 4053 intrare
1351 4013 1445 4068 per
1477 4011 1759 4069 augustam
1789 4008 2055 4069 portam.)

557 4095 726 4166 388
763 4093 901 4160 Quia
936 4109 1038 4145 nou
1080 4093 1136 4146 in
1176 4109 1310 4159 pane
1344 4092 1454 4146 solo
1498 4092 1618 4146 vivit
1665 4093 1838 4156 homo,
1876 4093 1966 4145 sed
1999 4093 2063 4143 de

488 4190 630 4242 omni
663 4190 812 4242 verba
839 4189 977 4257 quod
1008 4187 1240 4257 procedit
1264 4203 1354 4253 per
1379 4201 1434 4239 os
1465 4184 1557 4237 Dei
1591 4184 1654 4236 ⁵⁸.
1689 4183 1897 4238 Rursus
1928 4185 2063 4239 dici-

491 4293 579 4336 tur
613 4292 809 4332 manna
842 4277 1011 4332 fuisse
1041 4277 1290 4338 verbum,
1331 4274 1456 4326 licet
1485 4273 1536 4325 in
1573 4271 1757 4326 Exodo
1784 4271 1937 4341 panis
1965 4287 2062 4326 uo-

492 4373 751 4426 tninetur.
789 4389 808 4421 ι
845 4369 955 4423 Iste
985 4369 1152 4432 enim,
1186 4367 1362 4435 inquit
1387 4367 1456 4431 ⁶⁹,
1489 4374 1572 4420 est
1607 4365 1759 4433 panis
1789 4380 1947 4433 quem
1977 4365 2066 4419 de-

493 4465 574 4518 dit
602 4463 864 4517 Dominus
894 4461 1050 4514 vobis
1088 4461 1154 4514 ad
1193 4459 1485 4513 edendum.
1535 4457 1648 4512 lloc
1701 4466 1789 4511 est
1845 4457 2065 4510 verhum

2155 3267 2417 3338 πονηρίαν
2440 3263 2548 3316 τῶν
2580 3260 3026 3332 ἐπιτηδευμάτων
3060 3256 3260 3311 αὐτῶν.

2223 3359 2330 3423 Ἐξ
2363 3358 2534 3412 οικου
2565 3355 2864 3419 δουλείας.
2914 3352 3023 3406 Καὶ
3055 3350 3163 3421 γὰρ
3195 3348 3410 3419 ἀληθῶς
3441 3346 3508 3399 τὰ
3547 3363 3732 3415 σωμα-

2155 3454 2284 3508 τικὰ
2339 3451 2641 3524 πράγματα
2699 3446 2792 3500 καὶ
2840 3441 3031 3506 ὐλικὰ,
3086 3429 3233 3503 οἶκός
3281 3442 3398 3493 ἐστι
3450 3437 3733 3502 δουλείας,

2156 3545 2348 3615 ὥσπερ
2381 3545 2444 3596 ἐκ
2471 3540 2579 3595 τῶν
2604 3537 2861 3593 ἐναντίων
2889 3529 3040 3598 οἶκός
3070 3536 3216 3587 ἐστιν
3249 3531 3578 3602 ἐλευθερίας.

2242 3630 2438 3700 Ὑμεῖς
2469 3628 2581 3701 γάρ
2617 3629 2756 3681 ἐστε
2800 3624 3102 3694 ὀλιγοστοὶ
3139 3621 3295 3690 παρὰ
3322 3619 3517 3674 πάντα
3547 3619 3617 3673 τὰ
3643 3619 3737 3673 ἕϐ-

2161 3743 2259 3793 νη.
2290 3721 2488 3786 Καλῶς
2520 3723 2633 3784 τοῖς
2683 3718 2792 3772 ἀπὸ
2832 3718 2932 3788 τῆς
2979 3714 3196 3786 μερίδος
3245 3713 3490 3784 εἴρηται·
3549 3729 3567 3761 ι
3600 3709 3737 3762 Ὀλιι·

2161 3814 2343 3884 γοστοῑ
2373 3816 2496 3866 ἐστε
2530 3809 2683 3881 παρὰ
2713 3809 2888 3863 πάντα
2923 3806 2990 3860 τὰ
3039 3805 3186 3877 ἔθνη.
3211 3823 3229 3856 ι
3265 3801 3546 3872 Συγγενῶς
3567 3818 3624 3854 τε
3655 3799 3738 3863 τὸ,

2168 3927 2187 3960 ι
2230 3906 2430 3975 Ὀλίγοι
2457 3907 2505 3958 οἱ
2539 3901 2870 3972 σωζόμενοι,
2911 3918 2928 3950 ι
2960 3897 3054 3950 καὶ⁷
3070 3897 3151 3962 τὸ,
3179 3913 3199 3948 ι
3248 3891 3601 3964 Ἀγωνίζεσθε
3627 3892 3740 3943 είσ-

2165 3999 2338 4053 ελθεῖν
2367 3997 2456 4050 διὰ
2485 3997 2585 4066 τῆς
2632 3993 2823 4063 στενῆς
2854 3989 3050 4061 πύλης.
3072 4007 3090 4040 ι

2238 4094 2368 4146 ’Ὁτι
2395 4092 2505 4144 οὐκ
2525 4086 2617 4141 ἐπ’
2640 4085 2796 4154 ἄρτῳ
2804 4085 2970 4153 μόνῳ
2999 4080 3233 4148 ζήσεται
3256 4075 3584 4146 ἅνθρωπος,
3604 4073 3742 4130 ἀλλ’

2167 4183 2266 4238 ἐπὶ
2306 4180 2481 4236 παντὶ
2508 4177 2763 4247 ῥήματι,
2800 4173 2899 4227 καὶ
2927 4174 2992 4225 τὰ
3017 4169 3165 4238 ἑξῆς.
3197 4168 3364 4221 Πάλιν
3392 4183 3450 4218 τε
3481 4160 3547 4218 αὖ
3577 4166 3659 4216 ὅτι
3686 4162 3746 4214 τὸ

2172 4278 2347 4349 μάννα
2379 4274 2533 4342 λόγος
2562 4267 2651 4342 ἦν,
2692 4267 2741 4320 εἰ
2774 4266 2866 4320 καὶ
2911 4266 3071 4336 ἄρτος
3097 4259 3347 4332 δηλοῦται
3381 4260 3438 4311 ἐν
3476 4259 3540 4327 τῇ
3601 4255 3746 4320 Ἐξό-

2168 4346 2261 4437 δῳ.
2302 4385 2320 4418 ι
2357 4355 2527 4426 Οὗτος
2555 4361 2684 4432 γὰρ,
2719 4357 2917 4428 φησιν,
2960 4357 2988 4408 ὁ
3022 4355 3185 4425 ἄρτος
3232 4350 3290 4404 δν
3335 4349 3502 4403 ἔδωκε
3543 4346 3746 4420 Κύριος

2173 4461 2301 4530 ὑμῖν
2330 4461 2544 4529 φαγεῖν.
2587 4454 2756 4508 Τοῦτο
2794 4451 2854 4504 τὸ
2900 4451 3051 4520 ῥῆμα
3103 4447 3132 4500 ὃ
3180 4443 3433 4511 συνέταξε
3470 4442 3695 4514 Κύριος.
3724 4459 3742 4490 ι

495 4555 640 4623 quod
667 4552 948 4608 constituit
979 4551 1260 4604 Dominus.
1296 4568 1313 4599 ι
1353 4549 1646 4617 Propterea
1677 4563 1870 4601 manna
1905 4566 1925 4599 ι
1962 4549 2054 4601 mi-

2174 4550 2273 4604 Διὰ
2292 4549 2447 4603 τοῦτο
2476 4547 2532 4600 δέ
2554 4544 2614 4598 τὸ
2655 4545 2830 4615 μάννα
2874 4558 2893 4591 ι
2915 4538 3110 4592 λεπτὸν
3141 4531 3209 4606 ἦν
3247 4535 3378 4588 ὡσεὶ
3410 4532 3590 4604 κόριον
3628 4530 3749 4582 λευ-

499 4655 686 4700 nutum
726 4652 847 4698 erat
886 4651 1145 4710 tauquam
1179 4640 1526 4694 coriandrum
1563 4639 1778 4706 album,
1817 4649 2070 4709 tanquam

497 4737 620 4806 gelu
651 4749 814 4804 super
843 4743 1041 4786 terram
1069 4733 1114 4763 ⁷ο
1143 4751 1155 4786 :
1187 4751 1204 4783 ι
1238 4732 1675 4802 quandoquidem
1715 4733 1938 4787 verbum
1969 4750 2073 4790 cu-

494 4829 585 4898 jus
617 4826 920 4898 symbolum
967 4833 1086 4879 erat
1122 4839 1317 4878 manna
1355 4825 1517 4888 istud,
1559 4825 1824 4879 minutttm
1855 4836 1941 4881 est
1974 4842 2071 4884 sua

504 4929 715 4985 natura,
734 4928 787 4975 et
811 4926 1102 4989 penetrans
1127 4917 1192 4972 ad
1216 4932 1406 4972 omnes
1432 4917 1654 4986 spiritus
1686 4918 2069 4989 intelligentes,

504 5016 755 5078 mundos,
791 5015 1053 5068 minutos.
1080 5011 1177 5066 Est
1207 5012 1369 5066 etiam
1401 5012 1670 5082 sapientia
1717 5013 1941 5082 Spiritus
1988 5015 2075 5069 in-

505 5105 774 5178 telligens,
809 5114 1066 5166 sanctus,
1106 5103 1450 5174 unigenitus,
1495 5103 1862 5168 multifarius,
1901 5106 2080 5160 minu-

508 5211 615 5264 tus,
648 5207 754 5254 etc.
785 5197 912 5251 Erat
941 5207 1122 5250 autem
1147 5195 1286 5249 sicut
1319 5196 1664 5251 coriandrum
1702 5197 1908 5252 album.
1942 5194 2078 5250 Tra-

505 5289 640 5343 dunt.
669 5285 945 5342 coriandri
979 5293 1228 5338 naturam
1255 5284 1472 5353 penitus
1506 5284 1698 5337 semini
1727 5283 2077 5354 respondere,

507 5378 578 5433 ita
610 5387 667 5431 ut
701 5377 744 5431 si
781 5376 1092 5430 succidatur
1141 5375 1306 5430 etiam
1355 5374 1626 5428 coriandri
1681 5389 1864 5429 semen
1890 5414 1905 5440 ,
1969 5375 2075 5429 vim

509 5484 658 5523 suam
695 5483 802 5522 non
844 5468 1077 5530 amittat,
1113 5474 1370 5535 tanquam
1418 5467 1646 5521 sementi
1702 5467 1931 5536 amplius
1968 5483 2074 5523 non

510 5560 779 5613 idoneam.
829 5556 1151 5628 llujusmodi
1193 5557 1415 5613 omnino
1457 5559 1680 5612 verbum
1731 5567 1815 5613 est
1843 5597 1859 5625 ,
1923 5559 2077 5628 cujus

2177 4643 2292 4707 κὸν,
2329 4641 2459 4693 ὡσεὶ
2489 4637 2662 4706 πάγος
2689 4635 2782 4688 ἐπὶ
2830 4632 2929 4702 τῆς
2970 4629 3092 4698 γῆς·
3127 4648 3144 4681 ι
3179 4627 3477 4698 ἐπειδήπερ
3521 4625 3549 4676 ό
3594 4621 3749 4686 λόγος

2179 4729 2240 4788 οὗ
2276 4730 2542 4801 σύμϐολον
2583 4723 2651 4798 ἦν
2699 4725 2759 4777 τὸ
2802 4723 2972 4795 μάννα
3024 4723 3198 4774 ἐκεῖνο
3224 4757 3238 4780 ,
3290 4715 3485 4770 λεπτόν
3533 4713 3750 4781 ἐστιτῇ

2182 4821 2343 4876 αύτοῦ
2383 4821 2578 4889 φύσει,
2635 4816 2726 4868 καὶ
2769 4814 2954 4882 διῆκον
3000 4810 3087 4864 διὰ
3144 4808 3360 4862 πάντων
3423 4803 3752 4873 πνευμάτων

2181 4913 2382 4985 νοερῶν
2400 4953 2413 4976 ,
2451 4907 2724 4980 καθαρῶν,
2759 4903 3120 4963 λεπτοτάτων.
3157 4899 3385 4955 Ἔστιδέ
3413 4897 3505 4951 καὶ
3533 4897 3567 4966 ἠ
3595 4893 3753 4963 σοφία

2183 5005 2400 5074 πνεῦμα
2431 5000 2636 5073 νοερὸν,
2656 5000 2827 5068 ἅγιον,
2859 4995 3163 5066 μονογενὲς,
3186 4990 3511 5062 πολυμερὲς,
3539 4986 3752 5049 λεπτὸν,

2183 5097 2277 5151 καὶ
2306 5095 2374 5147 τὰ
2401 5093 2548 5162 ἑξῆς.
2582 5089 2691 5145 Ἦν
2729 5090 2786 5143 δὲ
2835 5091 2929 5143 καὶ
2974 5088 3106 5141 ὡσεὶ
3153 5086 3333 5158 κόριον
3360 5081 3495 5153 πρὸς
3527 5080 3588 5132 τὸ
3617 5075 3755 5130 εἶναι

2182 5184 2393 5240 λευκόν.
2433 5182 2571 5237 Φασὶ
2615 5181 2671 5234 δὲ
2698 5180 2798 5251 τὴν
2828 5179 2920 5232 τοῦ
2951 5177 3134 5250 κορίου
3179 5175 3338 5245 φύσιν
3374 5173 3500 5242 ὃλην
3530 5171 3597 5222 δι’
3621 5169 3757 5222 ὅλων

2183 5280 2341 5350 λόγον
2357 5279 2501 5350 ἔχειν
2529 5275 2864 5347 σπέρματος,
2884 5275 2960 5338 ὡς
2982 5273 3114 5345 μηδέ
3145 5273 3203 5325 ὲν
3216 5269 3296 5339 τῷ
3319 5262 3758 5322 κατακόπτεσθαι

2185 5375 2246 5429 τὺ
2270 5374 2363 5427 τοῦ
2391 5371 2574 5444 κορίου
2607 5371 2851 5441 σπέρμα,
2883 5365 3298 5437 ἐξαφανίζεσθαι
3325 5359 3489 5416 αὐτοῦ
3531 5359 3630 5423 τὴν
3669 5355 3762 5408 δύ-

2185 5483 2366 5536 ναμιν,
2393 5465 2467 5527 ὼς
2493 5462 2590 5515 οὐκ
2611 5462 2692 5515 ἔτι
2711 5459 3021 5530 δυναμένην
3052 5454 3389 5529 σπείρεσθαι.
3422 5449 3673 5512 Τοιοῦτος
3702 5447 3760 5500 δὲ

2184 5562 2250 5615 δι’
2284 5561 2404 5615 ὅλου
2428 5561 2456 5613 ό
2483 5559 2672 5628 λόγος’
2703 5557 2797 5612 καὶ
2822 5559 2929 5612 πᾶν
2969 5557 3155 5629 μόριον
3189 5553 3353 5608 αὐτοῦ
3397 5545 3764 5621 γεωργεῖσθαι

583 5761 628 5791 ⁸⁸
659 5760 1157 5836 ﬁrm-31.39,?
1195 5765 1354 5836 Dent.
1385 5779 1458 5824 ιν,
1491 5762 1577 5816 ιε.
1653 5762 2023 5836 εξιυίειηει.
2079 5763 2403 5819 ⁶⁸ἱιιὶι1.26.
2481 5761 2949 5836 “"_Deu_t._vt,15.
3026 5756 3476 5836 “Deut.vn,7.
3556 5752 3832 5826 “Luc._‘

516 5841 634 5894 xm,
656 5829 747 5882 23.
823 5832 865 5862 ⁸⁷
895 5833 1027 5887 ibid.
1069 5834 1161 5886 24.
1263 5833 1310 5864 ⁸⁸
1337 5834 1490 5888 Deut.
1531 5850 1648 5900 vin,
1674 5835 1730 5890 '5.

1807 5835 1851 5866 “
1873 5834 2050 5896 Exod.
2086 5849 2195 5894 avt.
2227 5836 2315 5895 15.
2343 5837 2429 5889 lb’.

2505 5834 2550 5865 το
2579 5833 2709 5887 ibid.
2740 5832 2825 5886 M.
