4146 6436
445 399 551 457 809

1660 392 1973 452 SELECTA
2006 392 2075 449 IN
2105 392 2504 451 DEUTEROS.

3627 400 3730 457 8m

445 521 689 590 πέφυκεν
719 519 776 574 ἐν
807 518 945 591 καλῇ
979 517 1077 572 καὶ
1115 515 1321 588 ἀγαθῇ,
1362 513 1611 567 τουτέστι
1643 514 1842 586 ψυχῆς.
1878 515 2014 570 "Eo":

2143 516 2322 572 oumis
2355 517 2620 590 particula
2651 518 2718 573 ad
2755 527 2914 572 terrm
2950 515 3160 573 cultum
3195 527 3388 574 natura
3427 530 3549 590 apta
3591 531 3678 580 est
3705 565 3724 590 .

443 617 499 670 δὲ
525 616 585 670 τὸ
603 615 799 688 ,μάννα
827 613 1042 666 λευκόν.
1071 610 1193 674 Φῶς
1221 611 1331 681 γὰρ
1371 610 1400 662 6
1427 609 1585 677 λόγος
1615 609 1711 662 καὶ
1740 609 1992 681 λαμπρὸν
2015 650 2031 675 ,

444 707 538 760 καὶ¹
571 707 713 760 κατὰ
740 703 898 758 τοῦτο
923 703 1116 757 λευκὸν
1132 743 1147 766 ,
1174 701 1253 772 τῷ
1274 701 1437 754 αὑτὸν
1461 700 1698 754 συνιέντι
1720 700 1816 754 καὶ
1841 718 2036 773 τρεφο-

445 799 592 870 μένῳ
631 799 722 850 ὑπ’
765 795 953 851 αὑτοῦ.
1007 795 1164 848 Ἐστι
1214 792 1272 846 δὲ
1309 793 1404 848 καὶ
1461 793 1598 846 ὡσεὶ
1641 793 1853 858 πάγοςο
1910 811 2036 849 συν-

439 887 822 958 εστραμμένος
867 886 1011 958 γὰρ,
1061 887 1155 939 καὶ
1198 884 1435 956 οὐδαμοῦ
1480 885 1717 949 πλαδῶν,
1741 886 1862 939 οὑδέ
1888 885 2033 958 διερ-

441 981 682 1053 ρυηκὼς,
707 981 845 1035 ἀλλὰ
871 981 1089 1048 πάγιος,
1111 977 1147 1032 ἃ
1174 977 1240 1049 δὴ
1263 977 1495 1049 οὐρανοῦ
1526 977 1706 1047 λόγος,
1735 978 1829 1034 καὶ
1849 979 2031 1049 ἀπαγ-

437 1073 646 1142 γέλλων
676 1074 809 1146 ἡμῖν
837 1074 907 1127 τὰ
940 1072 1188 1144 οὐράνια.

519 1259 583 1312 Ὀ
606 1258 716 1328 γὰρ
744 1257 960 1327 Κύριος
991 1259 1024 1312 ὀ
1049 1258 1194 1324 Θεός
1229 1271 1346 1310 σου
1369 1257 1660 1327 εἰσαγάγῃ
1693 1272 1766 1311 σε
1799 1259 1887 1324 εὶς
1915 1255 2032 1328 γῆν

436 1349 671 1419 ἀγαθὴν
709 1348 808 1402 καὶ
857 1347 1122 1415 πολλήν.
1177 1348 1338 1419 Ἡμῖν
1392 1349 1422 1400 6
1464 1347 1701 1418 Χριστὸς
1750 1348 1811 1400 ού
1853 1348 2030 1403 ταῦτα

435 1442 626 1496 δώσειν
659 1441 948 1512 ὑπέσχετο,
977 1438 1115 1494 ἀλλὰ
1153 1439 1398 1510 οὐρανῶν
1441 1439 1720 1510 βασιλείαν
1744 1480 1758 1505 ,
1807 1442 1899 1495 καὶ
1924 1443 2031 1513 γῆν

436 1532 649 1603 ἀγαθὴν
681 1533 775 1585 καὶ
804 1531 994 1596 ἀΐδιον,
1021 1525 1091 1602 ἦς
1115 1529 1418 1601 χείμαρρος
1444 1531 1472 1582 6
1501 1531 1756 1602 Χριστὸς,
1790 1533 2030 1598 ποτίζων

437 1626 548 1688 τοῖς
579 1624 678 1694 τῆς
703 1623 896 1693 σοφίας
935 1622 1194 1693 νάμασιν.
1238 1622 1661 1694 Ἐκπορεύονται
1710 1624 1766 1677 δὲ
1810 1625 1859 1678 οἱ
1917 1627 2030 1696 χεί-

439 1719 638 1788 μαρροι
668 1715 758 1769 διὰ
789 1715 900 1769 τῶν
943 1715 1144 1769 πεδίων
1172 1715 1267 1768 καὶ
1311 1715 1587 1771 ταπεινῶν
1634 1717 1727 1770 καὶ
1786 1717 2028 1788 γονίμων

432 1805 532 1860 ἀνθ
545 1805 762 1879 ρώπων,
791 1808 887 1860 xai.
912 1805 1001 1860 διὰ
1024 1806 1133 1860 τῶν
1169 1805 1392 1877 ὑψηλῶν
1426 1807 1618 1880 ὀρέων,
1661 1807 1770 1862 τῶν
1821 1811 2030 1863 ἀνατει-

2144 613 2186 665 si
2236 611 2517 663 mandetur
2565 608 2863 664 commodat
2911 617 2967 664 et
3015 610 3171 664 bonae
3224 619 3423 678 terrm,
3469 613 3568 668 hoc
3623 625 3730 684 est,

2143 703 2362 757 auium.
2402 701 2490 757 Est
2520 702 2688 757 etiam
2725 715 2923 755 manna
2953 701 3156 756 album.
3184 701 3391 757 Lumen
3423 707 3567 760 enim
3606 722 3730 761 ver-

2143 793 2268 848 bum
2283 803 2389 855 est.
2405 793 2566 862 idque
2587 792 2953 862 splendidum,
2973 806 3034 847 ac
3050 792 3280 862 proinde
3303 808 3520 862 quoque
3546 795 3730 851 album

2141 886 2190 940 ei
2224 885 2313 954 qui
2346 885 2521 954 ipsqu
2560 884 2837 953 intelligit,
2866 885 2934 939 ab
2962 899 3136 954 eoque
3164 885 3421 940 nutritur.
3443 886 3536 940 Est.
3562 889 3727 942 etiam

2143 987 2401 1046 tanquam
2445 976 2589 1048 gelu.
2632 974 2960 1031 Contorturn
3010 977 3156 1032 enim
3189 986 3273 1060 est
3303 987 3358 1032 et
3404 980 3726 1041 neutiquam

2140 1067 2424 1122 flaccidum
2467 1082 2642 1138 neque
2689 1067 2920 1133 ﬂuxum,
2971 1071 3066 1124 sed
3120 1079 3457 1126 concretum.
3491 1071 3729 1128 C(eiestn

2140 1163 2342 1232 quippe
2380 1163 2605 1217 verbum
2636 1169 2742 1228 est,
2774 1177 2839 1216 ac
2873 1161 3033 1217 nobis
3059 1160 3305 1219 coelestia
3336 1167 3651 1222 annuntiat.

2215 1255 2472 1309 Dominus
2519 1256 2660 1310 enim
2715 1254 2858 1310 Deus
2909 1266 3032 1311 tum
3083 1257 3300 1312 inducet
3345 1267 3394 1312 te
3423 1259 3478 1314 in
3526 1269 3728 1314 ternm

2139 1347 2329 1400 bonam
2379 1355 2431 1401 et
2491 1346 2714 1401 multam
2742 1349 2812 1403 '“.
2846 1347 3016 1405 Nobis
3068 1350 3321 1407 Christus
3361 1364 3470 1407 non
3505 1367 3566 1406 se
3609 1353 3728 1408 haec

2137 1437 2394 1492 daturum
2437 1439 2710 1509 promisit,
2741 1440 2838 1495 sed
2872 1440 3132 1506 caelorum
3165 1457 3414 1513 regnum,
3441 1451 3496 1500 et
3523 1453 3724 1499 terram

2139 1529 2338 1583 bonam
2363 1538 2420 1586 et
2443 1541 2729 1600 aeternam,
2758 1534 2917 1604 cujus
2947 1543 3164 1592 torrens
3193 1535 3449 1593 Christus
3469 1537 3592 1608 ipse
3619 1546 3725 1608 est,

2137 1632 2333 1688 potans
2388 1625 2670 1693 sapientiae
2710 1640 2822 1681 sua:
2861 1625 3104 1682 fluentis.
3147 1627 3417 1684 Caeterum
3451 1639 3725 1687 torrentes

2137 1726 2236 1780 per
2263 1715 2566 1784 explicatos
2597 1718 2881 1774 hominum
2921 1719 3328 1777 submissorum
3352 1720 3726 1792 fertiliumque

2138 1819 2363 1875 campos
2399 1817 2852 1877 erumpunt,'ncc
2888 1826 2994 1866 non
3027 1826 3124 1880 per
3147 1822 3361 1869 montes
3387 1814 3726 1870 sublimitate

433 1898 672 1969 νομένων
699 1899 788 1953 διὰ
815 1899 876 1952 τὸ
900 1898 1033 1968 ὕψος
1061 1900 1160 1970 τῆς
1190 1899 1424 1972 Θεωρίας
1444 1901 1525 1964 είς
1555 1899 1836 1971 οὐρανούς.
1881 1903 2019 1956 Ἐκεῖ

2133 1899 2612 1969 contemplationis
2655 1903 2722 1956 ad
2776 1903 2946 1958 caelos
3013 1918 3184 1974 usque
3236 1905 3430 1960 elatos.
3473 1905 3589 1962 lllie
3639 1919 3726 1964 est

433 1991 464 2042 6
482 1989 626 2054 οἶτος
643 1993 672 2044 6
695 1988 966 2061 στηρίζων
1002 1991 1230 2061 καρδίαν
1255 1989 1568 2062 ἀνθρώπου,
1593 1991 1688 2046 καὶ
1713 1992 1876 2064 κριθὴ
1900 1995 2025 2060 τοὺς

432 2081 853 2155 ὑποδεεστέρους
881 2083 1174 2155 τρέφουσα.
1223 2083 1370 2137 Ἐκεῖ
1402 2084 1435 2155 ἡ
1473 2083 1700 2157 ἀληθινὴ
1726 2085 1968 2157 ἄμπελος
1996 2088 2024 2140 6

430 2175 684 2248 Χριστός.
726 2177 871 2230 Ἐκεῖ
897 2177 957 2230 τὸ
983 2177 1164 2232 ἔλαιον
1189 2177 1250 2231 τὸ
1288 2176 1536 2232 λιπαῖνον
1572 2179 1680 2233 τῶν
1713 2180 1878 2233 ὁσίων
1925 2181 2023 2246 τὰς

429 2269 694 2340 κεφαλάς.
741 2271 973 2342 Ὁμοίως
1025 2271 1123 2326 καὶ
1169 2272 1321 2344 ῥοαὶ,
1357 2270 1419 2324 τὸ
1448 2271 1620 2341 γλυκὺ
1663 2274 1762 2344 μὲν
1812 2273 2023 2329 ἔνδοθεν

431 2363 716 2436 φέρουσαι,
746 2364 849 2434 τῆς
888 2363 1165 2428 πολιτείας
1204 2363 1260 2417 δὲ
1287 2363 1349 2416 τὸ
1377 2362 1652 2436 αὐστηρὸν
1688 2364 1889 2432 ἔξωθεν
1937 2368 2024 2420 ἐν-

428 2455 748 2526 δυσάμεναι.
796 2457 944 2510 Ἐκεῖ
971 2455 1003 2528 ἡ
1034 2456 1193 2527 συκῆ,
1221 2455 1319 2526 οὐχ
1346 2457 1379 2527 ἡ
1404 2454 1656 2530 ἄκαρπος
1686 2457 1778 2511 καὶ
1802 2457 2022 2528 φύλλοις

429 2550 679 2620 κομῶσα,
711 2548 826 2603 ἀλλ’
858 2552 891 2622 ἡ
923 2549 1226 2604 πλουτοῦσα
1258 2549 1354 2602 τοῦ
1386 2548 1696 2621 πνεύματος
1747 2550 1844 2623 τὴν
1893 2552 2022 2622 γλυ-

428 2642 658 2714 κύτητα.
703 2643 850 2695 Ἐκεῖ
878 2644 905 2696 6
936 2642 1257 2714 γλυκασμὺς
1282 2641 1378 2695 τοῦ
1415 2642 1697 2714 φάρυγγος
1724 2643 1818 2696 τοῦ
1843 2645 2019 2716 Σωτῆ-

429 2752 522 2807 ρος
562 2737 590 2788 ὀ
619 2733 986 2806 ἐπιθυμητὸς,
1031 2735 1124 2788 καὶ
1158 2734 1227 2788 τὰ
1257 2734 1408 2807 χείλη
1451 2735 1552 2805 τῆς
1595 2737 1654 2788 ἐν
1692 2735 1769 2807 τῷ
1813 2736 2020 2809 ᾅσματι

424 2826 648 2899 νύμφης
677 2828 868 2899 κηρίον
896 2827 1275 2892 ἀποστάζοντα
1295 2867 1310 2893 ,
1342 2827 1436 2883 καὶ
1457 2828 1508 2880 οἱ
1536 2825 1676 2881 λίθοι
1704 2830 1754 2882 οἱ
1776 2828 1943 2898 ἅγιοι,
1967 2830 2019 2884 o!

427 2917 522 2970 ἐπὶ
549 2919 648 2989 τῆς
669 2920 774 2990 γῆς
808 2919 1154 2982 κυλισθέντες
1182 2919 1318 2990 πρὸς
1347 2922 1690 2991 πειρασμοὺς
1725 2921 2018 2988 ἁνένδοτοι,

428 3010 523 3062 xui.
549 3009 710 3079 φύσιν
738 3009 960 3081 σιδήρου
987 3007 1446 3080 ἀπομιμούμενοι.
1488 3010 1635 3062 Ἐκεῖ
1675 3010 1747 3063 τὰ
1782 3011 2020 3080 μέταλλα

425 3100 533 3154 τοῦ·
588 3101 824 3172 χαλκοῦ,
877 3100 936 3167 ἐξ
983 3095 1046 3153 οἶ)
1082 3099 1180 3171 τὴν
1226 3101 1425 3172 νοητὴν
1489 3101 1789 3158 πανοπλίαν
1851 3121 2018 3158 κατε-

427 3194 723 3250 σκεύασαν.
752 3194 862 3248 Καὶ
883 3194 946 3247 τὸ
971 3193 1173 3247 τούτων
1209 3193 1504 3264 κεφάλαιον
1534 3194 1831 3260 ἀπαύστως
1867 3196 2020 3250 εὐλο-

424 3289 542 3356 γεῖν
575 3287 666 3339 τὸν
694 3286 850 3340 Θεὸν.

504 3376 616 3431 Τοῦ
652 3377 860 3430 αὐτοῦ.
898 3377 1013 3430 Ούκ
1036 3374 1150 3430 ἐστι
1175 3417 1189 3442 ,
1231 3376 1366 3448 φησὶ
1390 3417 1405 3442 ,
1447 3375 1604 3448 πηλῷ
1638 3377 1735 3431 καὶ
1768 3377 2016 3451 πλινθείᾳ

429 3469 684 3542 μοχθεῖν,
729 3470 824 3523 καὶ
866 3469 1234 3541 ταλαιπωρεῖν
1259 3509 1274 3535 ,
1315 3469 1452 3524 ἀλλὰ
1491 3469 1672 3536 λίθους
1726 3470 1871 3542 ἔχειν
1921 3474 2016 3526 καὶ

423 3565 644 3627 τούτους
691 3563 1065 3635 ἰταμωτάτους
1086 3602 1100 3626 ,
1134 3564 1230 3617 καὶ
1260 3562 1334 3635 μὴ
1371 3563 1570 3637 ῥᾳδίως
1603 3564 2010 3636 διαλυομένους,

421 3659 498 3723 ὡς
523 3660 616 3713 καὶ
642 3659 976 3729 οἰκοδομίαις
1009 3658 1262 3730 ἐξαρκεῖν
1292 3659 1386 3712 καὶ
1415 3659 1510 3714 ἐπὶ
1545 3659 1680 3714 πολὺ
1713 3660 2009 3732 διαμένειν.

423 3752 607 3805 Ταῦτα
640 3751 696 3804 δέ
730 3750 876 3820 λέγει
935 3750 1034 3823 τὴν
1084 3751 1323 3806 διάνοιαν
1361 3751 1540 3805 αὐτῶν
1580 3753 1882 3825 ἀποστῆναι
1911 3753 2013 3824 τῆς

419 3843 698 3913 Αἰγύπτου
733 3843 1075 3914 βουλόμενος.
1101 3842 1200 3896 Διὰ
1223 3842 1332 3916 γὰρ
1355 3843 1450 3897 τοῦ
1477 3845 1674 3909 εἰπεῖν,
1700 3864 1717 3896 ι
1740 3845 2006 3917 ἀγαθὴν,›

419 3937 480 3991 τὸ
506 3939 730 4010 γόνιμον
761 3937 947 4002 ἔδειξε·
980 3936 1068 3990 διὰ
1095 3936 1150 3990 δὲ
1181 3936 1296 4000 τοῦ,
1331 3954 1350 3987 ι
1374 3937 1592 4007 πολλὴν,
1626 3958 1644 3990 ι
1680 3938 1742 3991 τὸ
1783 3938 2011 4009 μέγεθος

420 4034 513 4086 καὶ
541 4032 601 4085 τὸ
629 4031 852 4095 πλάτος.
887 4049 905 4081 ι
940 4021 1015 4082 Οῦ
1043 4027 1338 4102 χείμαρροι
1364 4029 1573 4085 ὑδάτων
1613 4029 1788 4102 (τοῦτο
1820 4031 1920 4084 οὐκ
1951 4033 2010 4084 ὲν

419 4123 724 4195 Αἰγύπτῳ),
757 4121 853 4176 καὶ
877 4122 1053 4192 πηγαὶ
1083 4120 1358 4174 ἀϐύσσων·
1393 4140 1411 4174 ι
1448 4123 1588 4194 ὅπερ
1615 4123 1894 4193 ἐξαίρετον
1941 4125 2006 4194 τῇ

419 4221 489 4290 γῇ
535 4219 634 4290 τῆς
679 4213 1029 4285 ἐπαγγελίας.
1085 4213 1400 4286 Προσέθηκε
1469 4214 1528 4267 δὲ
1573 4215 1664 4268 καὶ
1727 4233 1744 4265 ι
1775 4214 1862 4268 διὰ
1901 4215 2010 4270 τῶν

418 4311 606 4384 ὀρέων·
638 4331 658 4363 ι
696 4311 832 4381 ὅπερ
871 4311 936 4380 τῇ
973 4307 1233 4378 Αἰγύπτῳ
1263 4308 1325 4361 οὐ
1356 4306 1670 4378 πρόσεστιν,
1717 4307 1833 4360 ἀλλ’
1885 4305 2010 4360 οὐδὲ

418 4405 683 4476 ἀμπέλοις
710 4403 876 4474 κομᾷ,
911 4400 1033 4454 οὐδὲ
1065 4399 1328 4470 ἀφθονίαν
1360 4398 1473 4469 ἔχει
1501 4398 1701 4451 ἐλαίου·
1739 4401 1772 4470 ἡ
1809 4399 1869 4452 δὲ
1912 4399 2010 4469 τῆς

419 4496 750 4566 ἐπαγγελίας
777 4495 847 4566 γῆ
886 4492 1065 4547 πάντα
1105 4490 1398 4554 πλουσίως.

489 4677 757 4746 Πρόσεχε
784 4672 1040 4739 σεαυτῷ,
1063 4671 1150 4742 μὴ
1173 4671 1432 4740 ἐπιλάϐῃ
1455 4670 1676 4738 Κυρίου
1723 4669 1830 4724 τοῦ
1858 4671 2008 4726 Θεοῦ

420 4785 558 4824 σου.
586 4769 742 4824 Μετὰ
788 4767 883 4839 τὴν
933 4768 1040 4821 τῶν
1077 4766 1297 4837 ἀγαθῶν
1340 4765 1672 4835 ἐπαγγελίαν
1720 4765 1800 4828 εἰς
1846 4764 2010 4835 νῆψιν

421 4861 620 4924 αὐτοὺς
665 4861 1024 4928 διανίστησιν,
1070 4859 1163 4913 τοῦ
1206 4860 1498 4931 εὐεργέτου
1544 4857 1878 4929 μεμνῆσθαι,
1913 4858 2010 4912 καὶ

423 4959 498 5030 μὴ
529 4956 828 5029 ἐξυϐρίζειν
855 4955 932 5026 τῷ
962 4955 1127 5026 κόρῳ,
1163 4954 1298 5026 μηδὲ
1328 4955 1676 5025 περιφρονεῖν
1707 4953 1801 5011 τοῦ
1835 4953 2008 5008 ταῦτα

417 5052 824 5124 δωρησαμένου,
854 5049 947 5103 καὶ
968 5049 1048 5102 ὄτι
1076 5050 1141 5100 ἐκ
1163 5047 1260 5118 τῆς
1285 5047 1341 5100 ἐν
1369 5045 1628 5118 Αἰγύπτῳ
1657 5045 1901 5120 δουλείας
1929 5047 2010 5111 είς

419 5149 732 5221 ἐλευθερίαν
757 5147 954 5209 αὐτοὺς
981 5144 1363 5216 μετεκόμισεν.

493 5242 575 5293 Οὺ
624 5237 900 5304 ποιήσεις
938 5235 1125 5301 οὕτως
1160 5235 1358 5304 Κυρίῳ
1383 5232 1462 5300 τῷ
1491 5232 1614 5299 Θεῷ
1648 5251 1789 5292 σου.
1816 5234 2008 5287 Aleti-

417 5353 505 5388 ται
533 5333 594 5386 τὸ
621 5331 768 5384 θύειν
814 5329 882 5383 τὰ
922 5327 1129 5383 ἑαυτῶν
1171 5328 1339 5383 τέκνα
1385 5329 1510 5392 τοὺς
1550 5327 1874 5400 ἀνθρώπους
1897 5331 2012 5393 τοῖς

418 5426 560 5490 θεοῖς
590 5423 700 5476 τῶν
726 5421 916 5485 ἐθνῶν,
947 5421 1023 5484 ὡς
1052 5420 1203 5490 ὠμὸν
1244 5421 1337 5474 καὶ
1362 5419 1754 5492 ἀπάνθρωπονο
1780 5420 1854 5484 ὡς
1887 5418 2006 5490 βδε-

422 5515 628 5572 λυγτόν.
656 5515 766 5567 Καὶ
791 5512 917 5574 τοὺς
949 5511 1210 5580 λέγοντας
1239 5512 1399 5567 θύσαι
1431 5512 1572 5574 θεοῖς
1595 5510 1703 5563 τῶν
1744 5512 1913 5567 ἐθνῶν
1946 5513 2006 5566 οὐ

419 5615 576 5684 μόνον
626 5610 1066 5683 ἀποστρέφεσθαι
1099 5609 1199 5671 δεῖ,
1235 5609 1370 5663 ἀλλὰ
1420 5609 1514 5663 καὶ
1553 5609 1651 5680 τὴν
1699 5610 1871 5680 ἀκοὴν
1898 5611 2010 5671 τοῖς

413 5704 497 5775 id)
519 5724 590 5770 3t;
615 5704 794 5758 αὐτῶν
818 5703 894 5774 μὴ
917 5702 1162 5772 ὑπέχειν.

474 5869 531 5918 ’θ’
561 5891 714 5941 Deut.
749 5903 864 5949 ιίιι,
900 5885 954 5943 7.
1030 5887 1078 5918 "
1110 5887 1265 5941 Deut.
1297 5904 1378 5953 ιιι,
1421 5887 1508 5945 ll.
1586 5883 1633 5916 ’³
1679 5883 1836 5942 Deut.
1871 5899 1966 5950 xu,
1991 5881 2046 5939 4.

731 5981 1006 6045 Pauor“
1051 5982 1168 6044 Gn.
1203 5982 1341 6045 Χιι,

1980 4629 2088 4690 ,1)

2138 1989 2471 2048 frumentum
2520 1995 2664 2065 quod
2721 1995 3000 2052 inferioris
3032 1998 3200 2052 sortis
3237 1998 3487 2055 homines
3525 2001 3719 2056 nutrit.

2133 2081 2247 2139 Illic
2299 2100 2421 2140 vera
2473 2087 2596 2142 vitis
2641 2096 2724 2142 est
2763 2086 3030 2144 Christus.
3069 2089 3184 2145 lllic
3225 2100 3310 2146 est
3355 2092 3558 2158 oleum,
3592 2109 3723 2150 sau-

2131 2187 2344 2232 ctorum
2380 2179 2725 2251 impinguans
2762 2181 2964 2250 capita.
2996 2181 3077 2236 Ita
3111 2197 3330 2252 quoque
3358 2182 3560 2240 ﬂuenta
3593 2195 3721 2242 sunt

2131 2269 2478 2324 dulcedinem
2516 2269 2659 2324 intra
2713 2287 2774 2327 se
2824 2271 3081 2339 ferentia,
3109 2273 3312 2344 politiae
3343 2291 3474 2331 vero
3503 2279 3722 2334 acerbi—

2133 2369 2302 2416 tatem
2359 2360 2669 2418 forinsecus
2719 2362 3192 2420 circumlabentia.
3247 2364 3361 2422 Illic
3413 2366 3548 2423 licus
3595 2386 3720 2440 quae

2131 2467 2329 2524 magna
2361 2454 2611 2510 ubertate
2659 2456 2888 2526 Spiritus
2922 2455 3242 2511 suavitatem
3279 2457 3474 2529 gignit,
3517 2476 3622 2516 non
3655 2460 3721 2517 ea

2129 2561 2264 2602 vero
2294 2562 2414 2615 qum
2440 2547 2647 2604 sterilis
2679 2559 2786 2616 est,
2839 2563 2903 2604 ac
2933 2549 3080 2603 foliis
3117 2549 3295 2604 solum
3322 2560 3573 2607 ornatur.
3606 2552 3721 2608 lllie

2128 2639 2358 2695 dulcedo
2396 2639 2638 2697 faucium
2685 2641 2990 2698 Salvatoris
3020 2643 3356 2711 desiderata,
3395 2654 3451 2700 et
3480 2645 3620 2701 labia
3657 2648 3720 2701 il-

2129 2729 2234 2785 lius
2260 2732 2325 2786 de
2352 2748 2457 2802 qua
2501 2734 2554 2787 iu
2605 2735 2847 2799 cantico,
2884 2749 3097 2804 sponsae
3125 2737 3231 2792 mel
3271 2737 3559 2792 stillantia.
3604 2738 3718 2795 lllie

2126 2823 2340 2889 lapides
2363 2825 2564 2894 sancti,
2587 2839 2750 2895 super
2778 2835 2925 2881 terra
2953 2827 3184 2884 volutati
3211 2839 3266 2884 et
3289 2830 3357 2885 ad
3387 2831 3720 2887 tentationcs

2130 2915 2373 2984 infracti,
2409 2930 2464 2973 et
2515 2917 2649 2973 ferri
2697 2928 2949 2974 naturam
3007 2921 3306 2978 imitantes.
3354 2923 3466 2978 Illic
3497 2925 3717 2981 metalla

2127 3009 2276 3072 teris,
2308 3023 2378 3062 ex
2413 3024 2520 3079 quo
2547 3021 2889 3065 armaturam
2927 3013 3269 3082 spiritualem
3311 3018 3577 3072 certaturi
3630 3018 3718 3074 in-

2127 3108 2466 3156 struxerunt.
2522 3100 2726 3155 llorum
2777 3111 2940 3170 caput
2987 3113 3106 3168 est,
3140 3105 3310 3162 Deum
3343 3107 3719 3167 indesinenter

2127 3189 2384 3246 laudibus
2414 3192 2717 3248 celebrare.
3504 3206 3514 3216 '

2195 3372 2475 3442 Ejusdem.
2505 3371 2622 3427 Non
2651 3381 2759 3439 est,
2786 3374 2963 3445 inquit
2991 3413 3008 3439 ,
3057 3375 3169 3432 illic
3203 3375 3256 3430 in
3305 3377 3419 3431 luto
3448 3388 3501 3432 et
3531 3379 3716 3437 lateri-

2123 3461 2224 3518 bus
2263 3463 2441 3528 labor,
2476 3479 2655 3536 neque
2686 3466 2928 3533 miseria,
2964 3469 3061 3522 sed
3099 3467 3306 3537 lapides
3337 3470 3549 3525 ali-alim
3583 3481 3716 3529 sunt

2124 3556 2219 3624 qui
2253 3566 2451 3626 sponte
2494 3570 2556 3611 se
2587 3555 2850 3623 oﬂ’erunt,
2882 3573 3061 3629 neque
3104 3558 3268 3615 facile
3299 3561 3712 3630 dissolvuntur,

2123 3647 2197 3701 ita
2237 3659 2295 3703 ut
2337 3656 2395 3702 et
2439 3647 2687 3705 adificiis
2717 3648 3010 3716 sullieiant,
3049 3661 3102 3706 et
3133 3651 3202 3706 ad
3237 3650 3464 3708 multum
3503 3663 3717 3726 tempus

2123 3741 2442 3810 perdurent.
2481 3740 2610 3798 Haec
2633 3752 2816 3798 autem
2845 3742 3001 3809 dicit,
3048 3751 3109 3797 ut
3145 3758 3338 3800 eorum
3372 3757 3610 3802 mentem
3643 3749 3714 3804 ab

2121 3833 2356 3905 Egypto
2387 3843 2619 3892 avertat.
2652 3836 2972 3894 Cum-enim
3015 3838 3114 3905 ait,
3149 3857 3168 3892 ι
3205 3839 3431 3908 bonam,
3468 3861 3487 3894 ι
3519 3843 3715 3899 fertili-

2123 3939 2288 3983 tatem
2321 3929 2492 4001 389
2536 3932 2798 3987 ostendit.
2847 3932 2985 3988 Cum
3034 3949 3167 3989 vero
3212 3935 3310 4002 ait,
3339 3953 3358 3988 ι
3385 3937 3651 4006 multam,
3685 3957 3707 3994 ι

2120 4021 2555 4087 magnitudinem
2587 4033 2644 4078 et
2683 4024 3030 4080 latitudinem
3081 4026 3371 4084 indicavit.
3408 4046 3428 4081 ι
3464 4028 3564 4085 Ubi
3599 4042 3713 4088 tor-

2122 4123 2307 4170 rentes
2355 4129 2624 4185 aquarum
2679 4115 2806 4187 (hoc
2855 4132 2962 4173 non
2998 4119 3052 4173 in
3103 4118 3366 4193 Egypto)
3423 4132 3478 4178 et
3528 4125 3712 4182 fontes

2119 4205 2484 4278 abyssorum,
2519 4227 2539 4261 ι
2591 4209 2738 4279 quod
2790 4219 2953 4266 terrae
2997 4213 3377 4282 promissionis
3428 4218 3712 4286 peculiare

2118 4309 2222 4353 est.
2273 4299 2504 4357 Addidit
2533 4302 2722 4371 etiam,
2763 4322 2783 4356 ι
2819 4319 2918 4372 per
2967 4317 3202 4373 montes,
3234 4326 3254 4360 ι
3308 4308 3506 4380 quibus
3558 4322 3710 4368 caret

2119 4386 2412 4459 Egypttis,
2439 4407 2561 4462 quae
2589 4407 2691 4450 nec
2728 4396 3186 4468 vineis'abundat,
3217 4414 3320 4456 nec
3360 4400 3467 4457 olei
3491 4405 3705 4474 c0piam

2123 4485 2317 4553 habet;
2353 4495 2497 4541 terra
2547 4496 2728 4541 autem
2774 4489 3147 4558 promissionis
3197 4489 3438 4543 omnium
3477 4493 3694 4545 abunde

2123 4579 2292 4635 ferax.
3158 4622 3160 4624 .
3232 4597 3236 4600 -

2192 4672 2415 4726 Attende
2458 4673 2552 4726 tibi
2568 4714 2582 4738 ,
2629 4690 2692 4728 ne
2738 4675 3056 4731 obliviscaris
3103 4677 3312 4732 Domini
3361 4679 3456 4733 Dei
3505 4682 3584 4734 tui
3628 4683 3694 4734 7".

2124 4763 2255 4819 Post
2297 4763 2563 4820 bonorum
2610 4767 3056 4835 promissionem.
3097 4770 3161 4824 ad
3203 4771 3550 4828 sobrietatem
3603 4790 3699 4828 eos

2125 4867 2370 4923 revocat,
2414 4868 2474 4912 ut
2525 4858 2884 4916 benefactoris
2929 4862 3310 4929 meminerint,
3364 4881 3542 4935 neque
3585 4883 3697 4937 prae

2125 4950 2371 5005 satietate
2407 4950 2761 5018 insolescant,
2815 4969 2990 5023 neque
3037 4965 3390 5012 contemnant
3431 4973 3554 5012 eum
3603 4959 3698 5028 qui

2124 5041 2204 5095 eis
2232 5042 2348 5096 haec
2379 5043 2518 5097 bona
2549 5043 2716 5106 dedit,
2748 5054 2803 5100 et
2825 5045 2893 5101 ab
2920 5045 3132 5117 Egypti
3162 5049 3424 5106 servitute
3450 5051 3504 5106 in
3535 5051 3696 5107 liber-

2126 5143 2288 5189 tatem
2318 5151 2412 5190 eos
2446 5139 2736 5193 transtulit.

2195 5230 2316 5285 Non
2350 5233 2510 5303 {acies
2549 5236 2622 5288 sic
2671 5233 2889 5287 Domino
2932 5235 3039 5289 Deo
3071 5245 3158 5289 lno
3188 5237 3253 5291 ⁷³.
3286 5237 3470 5309 Carpit
3498 5243 3696 5296 crude-

2128 5333 2268 5393 lem,
2327 5331 2679 5383 iuhumanmn
2742 5340 2902 5396 atque
2967 5332 3356 5386 exsecrandum
3413 5334 3694 5390 hominum

2118 5431 2325 5474 morem
2361 5415 2452 5487 qui
2505 5414 2758 5485 proprios
2793 5413 2997 5470 liberos
3027 5413 3130 5468 diis
3174 5413 3412 5483 gentium
3455 5409 3707 5464 immola-

2117 5511 2270 5567 bant.
2303 5508 2492 5580 Neque
2524 5508 2700 5565 solum
2737 5507 2978 5579 fugiendi
3011 5515 3136 5562 sunt
3166 5505 3258 5574 qui
3291 5503 3482 5558 dicunt
3507 5515 3567 5556 se
3597 5501 3706 5558 diis

2117 5602 2359 5672 gentium
2392 5599 2697 5665 immolare,
2723 5603 2816 5656 sed
2850 5613 3022 5668 neque
3053 5596 3201 5652 euris
3223 5610 3412 5652 eorum
3435 5592 3706 5650 sermoni-

2120 5699 2218 5754 bus
2243 5696 2555 5769 prmbenda.

3323 5972 3406 6030 2ίὶ
