4146 6396
436 394 544 453 ‘8ll
1823 385 1916 440 EX
1953 387 2034 442 Oli

2137 385 2254 440 ΞΝΕ
3609 383 3732 440 813

523 519 702 588 Neque
731 514 947 584 adjicics
994 511 1060 565 ad
1106 509 1260 573 illud,
1302 523 1463 577 neque
1509 507 1717 576 (auferes
1761 508 1823 560 ub
1861 524 1920 560 eo
1953 508 2020 562 “.

2201 506 2282 558 οὺ
2347 501 2717 571 προσθήσεις
2762 499 2854 552 ἐπ’
2905 499 3077 564 αὐτὸ,
3129 497 3271 552 οὐδὲ
3319 497 3562 567 ἀφελεῖς
3623 502 3730 552 ἀπ’

447 611 712 667 llomincs
737 606 831 676 qui
860 613 1109 674 peccant,
1139 602 1440 672 generatim
1466 599 1751 668 dupliciter
1778 608 2023 666 peccant,

444 704 528 758 Vt'l
546 699 994 770 transgrediendo
1024 695 1304 758 mandata,
1336 693 1417 747 vel
1441 693 1770 747 evacuando.
1804 693 2027 758 Quando

445 797 590 850 enim
626 811 731 847 non
764 807 828 846 ex
861 788 1147 858 disciplina
1183 789 1440 848 vivimus,
1493 799 1666 853 neque
1696 798 2029 853 cognoscen-

447 897 529 942 tes
565 885 787 957 iustitiae
820 895 1108 936 mensuras
1136 879 1408 940 fallimur;
1445 878 1573 930 item
1605 876 1827 944 quando
1870 889 2029 943 regu—

445 980 552 1033 lam
607 976 1066 1048 transgrediuntur,
1107 972 1314 1042 Opinati
1365 969 1564 1024 melius
1597 968 1724 1038 quid
1775 981 1955 1037 agere,
1999 982 2026 1019 a

446 1086 612 1144 scopo
647 1069 990 1124 aberramus.

835 1176 866 1202 1,)

520 1251 794 1322 Ejusdem.
837 1248 936 1318 Qui
973 1248 1141 1317 igitur
1186 1261 1290 1301 non
1329 1246 1510 1300 omnia
1555 1243 1784 1307 faciunt,
1820 1241 1904 1295 vel
1939 1240 2030 1310 qui

446 1346 675 1412 amplius
713 1341 940 1406 faciunt,
975 1341 1150 1409 legem
1178 1339 1674 1404 transgrediuntur.

518 1435 687 1492 Omne
713 1450 869 1504 pecus
897 1433 1146 1502 difﬁssum
1172 1430 1370 1485 habens
1398 1430 1675 1498 ungulam,
1701 1437 1746 1479 et
1777 1425 2028 1480 reducens

445 1530 855 1583 nuninatianem
881 1525 946 1580 ⁷⁸.
991 1523 1202 1578 Diﬂissa
1237 1521 1459 1591 ungula,
1491 1520 1761 1590 signiﬁcat
1787 1519 1890 1573 iter
1922 1533 2031 1586 quo

445 1623 511 1675 ad
539 1619 807 1690 quaslibet
853 1619 1023 1672 bonas
1052 1614 1367 1684 disciplinas
1415 1613 1782 1682 pervenimus.
1842 1610 2030 1664 Rumi-

443 1728 581 1767 nare
610 1719 901 1765 autemest
949 1723 1168 1763 sursum
1219 1707 1589 1775 deorsumque
1633 1720 1838 1774 ponere
1882 1706 2031 1758 Seri-

433 1814 620 1873 ptura:
666 1801 927 1857 divinitus
975 1799 1254 1868 inspirata:
1304 1799 1493 1861 verba,
1525 1806 1579 1852 et
1612 1797 1776 1851 veluti
1827 1797 2024 1849 iterum

2133 599 2340 651 αὑτοῦ.
2400 598 2463 648 Ol
2534 595 2810 665 ἄνθρωποι
2874 593 3278 665 ἁμαρτάνοντες
3330 591 3533 661 γενικῷ
3584 591 3730 660 λόγῳ

2132 694 2296 763 διχῶς
2318 692 2746 764 ἁμαρτάνουσιν,
2773 692 2807 762 ἢ
2860 692 2961 742 ὐπε
2973 691 3282 760 ρ6αίνοντες
3307 689 3407 752 τὰς
3444 689 3666 753 ἐντολὰς
3691 689 3726 762 ἢ

2134 784 2542 847 ὑποκενοῦντες.
2581 783 2748 837 Ὅταν
2786 781 2894 854 γὰρ
2941 781 3014 852 μὴ
3063 781 3170 834 ἀπὸ
3223 782 3534 851 ἐπιστήμης
3571 781 3725 835 πολι-

2131 876 2426 947 τευόμεθα,
2467 875 2600 946 μηδὲ
2627 874 2989 944 γινώσκοντες
3015 873 3083 926 τὰ
3115 873 3290 943 μέτρα
3307 873 3422 947 τῆς
3449 873 3725 928 δικαιοσύ-

2133 990 2230 1041 νης
2260 946 2624 1039 σφαλλόμεθα,
2662 969 2756 1022 καὶ
2783 967 2894 1021 ἐσθ’
2933 967 3020 1019 ὅτε
3053 946 3472 1035 ὑπερϐαίνοντες
3498 965 3589 1020 τὸν
3619 982 3724 1020 κα·-

2133 1063 2280 1127 νόνα,
2311 1061 2582 1132 φαντασίᾳ
2611 1060 2706 1113 τοῦ
2759 1060 2932 1113 ποιεῖν
2975 1075 3026 1110 τι
3072 1059 3344 1128 κρεῖττον,
3381 1057 3724 1127 ἐκπίπτομεν

2133 1155 2225 1208 τοῦ
2254 1154 2638 1224 προκειμένου.

2209 1245 2322 1300 Τοῦ
2367 1245 2574 1301 αὑτοῦ.
2633 1245 2696 1296 Ui
2753 1239 2847 1297 οὖν
2899 1244 2973 1317 μὴ
3019 1245 3298 1308 ποιοῦντες
3349 1245 3544 1308 πάντα,
3597 1244 3630 1314 ἢ
3677 1245 3724 1296 οι

2135 1339 2314 1392 πλεῖόν
2341 1356 2389 1391 τι
2423 1336 2720 1401 ποιοῦντες,
2756 1339 3081 1409 παράνομοι.

2206 1427 2334 1483 Πᾶν
2359 1427 2583 1497 κτῆνος
2619 1427 2920 1495 διχηλοῦν
2949 1431 3174 1497 ὁπλὴν,
3226 1430 3322 1484 καὶ
3349 1428 3579 1498 ἀνάγον
3615 1447 3724 1498 μη-

2125 1525 2448 1594 ρυκισμόν.
2482 1523 2555 1575 Τὸ
2602 1523 2700 1593 μὲν
2747 1523 2982 1594 διχηλεῖν
3007 1525 3098 1577 ἐπὶ
3139 1525 3238 1594 τῆς
3274 1525 3463 1595 ὁπλῆς,
3492 1524 3589 1596 τὴν
3626 1542 3723 1578 πο-

2137 1618 2285 1689 ρείαν
2313 1616 2436 1670 καθ’
2462 1617 2530 1686 ἣν
2564 1615 2699 1686 πρὸς
2726 1618 2834 1669 πᾶν
2860 1618 3040 1670 ὁτιοῦν
3063 1619 3336 1689 ἐρχόμεθα
3358 1618 3469 1671 τῶν
3500 1617 3722 1686 ἀγαθῶν

2136 1709 2567 1792 σπρυδασμάτων
2593 1710 2904 1780 ἐμφάνειενο
2925 1713 2952 1763 ὁ
2967 1710 3023 1763 δὲ
3056 1711 3421 1782 μηρυκισμὸς,
3445 1715 3505 1764 τὸ
3535 1712 3648 1765 ἄνω
3663 1726 3724 1764 τε

2134 1806 2226 1857 καὶ
2252 1805 2402 1857 κάτω
2437 1803 2612 1855 ποιεῖν
2640 1803 2740 1873 τῆς
2789 1803 3150 1857 θεοπνεύστου
3200 1805 3422 1876 Γραφῆς
3468 1807 3594 1867 τοὺς
3639 1805 3726 1858 λό-

439 1895 700 1954 mandere
727 1901 782 1947 et
833 1891 1209 1950 connninucre
1257 1888 1793 1958 perscrutationibus
1820 1888 2031 1943 occulta

2139 1915 2290 1966 γους,
2315 1897 2407 1949 καὶ
2433 1891 2544 1950 οἷον
2578 1895 2963 1966 ἀναμασᾶσθαι
2993 1897 3088 1950 καὶ
3119 1897 3544 1951 καταλεπτύνειν
3571 1896 3726 1970 ἐρεύ-

438 1987 802 2041 theoremata.

514 2079 710 2136 Omnia
736 2078 926 2148 quibus
953 2085 1072 2130 sunt
1097 2076 1150 2130 in
1175 2075 1248 2130 eis
1273 2074 1515 2144 pennulm
1541 2083 1590 2127 et
1617 2088 1868 2143 sqttama’,
1889 2087 2031 2125 com-

437 2172 606 2227 edetis
642 2171 710 2224 ".
753 2167 1026 2233 Volatilia,
1071 2168 1305 2236 opinor,
1355 2179 1694 2234 quaecunque
1735 2176 1886 2234 patos
1931 2165 2029 2217 ha-

443 2267 571 2321 bent
625 2264 764 2319 infra
810 2277 981 2334 genua
1013 2276 1177 2331 supra
1227 2260 1412 2330 pedes,
1453 2257 1566 2314 vult
1613 2273 1732 2313 esse
1785 2257 2028 2323 munda;

419 2370 783 2428 quatcunque
813 2364 994 2408 autem
1029 2368 1133 2407 non
1159 2352 1378 2416 habent,
1417 2367 1538 2406 esse
1571 2352 1871 2406 immunda.

519 2447 884 2502 Festivitntem
912 2444 1370 2499 tabernaculorum
1399 2443 1560 2513 facies
1585 2443 1678 2496 tibi
1703 2453 1892 2512 septem
1920 2443 2031 2496 die-

420 2543 540 2594 ~bus
563 2541 629 2592 ⁷⁷.
669 2539 974 2593 Invenimus
1001 2537 1054 2591 in
1083 2535 1385 2605 Seripturis
1410 2549 1606 2590 nomen
1639 2533 1949 2589 festivitatis
1977 2543 2033 2588 et

446 2631 832 2696 solemnitatis,
868 2638 926 2684 ut
955 2644 1080 2684 cum
1121 2630 1385 2698 propheta
1420 2626 1557 2681 dicit
1581 2627 1626 2658 ⁷⁸
1666 2643 1677 2679 :
1712 2644 1731 2676 ι
1768 2625 1908 2691 Quid
1949 2625 2032 2678 fa-

431 2726 600 2788 cietis
630 2722 684 2778 in
722 2725 807 2779 die
831 2722 1222 2786 solemnitatis,
1252 2730 1306 2775 et
1335 2722 1386 2774 in
1427 2720 1516 2773 die
1565 2718 1886 2773 festivitatis
1925 2715 2030 2770 Do-

443 2818 615 2874 mini?
666 2836 684 2870 ›
733 2815 1093 2884 ρυωιιεηιΙιιιιι
1136 2827 1220 2871 est
1274 2814 1573 2870 discrimen
1626 2813 1934 2867 festivitatis
1976 2819 2032 2866 et

426 2913 829 2970 -.so|cmnitatis.
851 2909 1042 2968 Omnis
1066 2911 1278 2980 itaque,
1313 2917 1370 2964 ut
1408 2909 1479 2962 ita
1510 2908 1711 2971 dicam,
1745 2907 1859 2961 dies
1893 2904 2032 2960 hila-

433 3006 520 3063 τῖε
544 3007 597 3061 in
627 3021 733 3077 qua
761 3005 962 3060 eximia
1004 3003 1249 3076 quaadam
1288 3000 1678 3072 praecipiuntur
1705 3013 1825 3068 qure
1850 2998 1902 3052 in
1926 3012 2029 3052 ca:-

431 3101 578 3157 4eris
609 3117 718 3156 non
749 3101 910 3167 fiunt,
940 3099 1214 3154 festivitas
1255 3105 1504 3152 vocatur.
1557 3095 1672 3148 Non
1703 3093 1883 3148 omnis
1932 3107 2031 3145 au-

428 3204 551 3252 iem
590 3193 858 3248 festivitas
886 3201 968 3248 est
1000 3190 1344 3253 solemnitas,
1375 3189 1471 3245 sed
1496 3203 1618 3244 cum
1656 3188 1812 3257 juxta
1848 3187 2016 3242 nomi-
2059 3231 2102 3290 Ο

433 3287 528 3341 :nis
564 3283 946 3356 etymologiam
997 3282 1357 3351 undequaque
1403 3281 1734 3335 conveniunt
1789 3277 2029 3344 Hebraei,

441 3379 517 3432 ita
549 3376 792 3445 utjuxta
845 3373 975 3430 illud
1022 3373 1339 3428 solenmitas
1371 3373 1444 3427 sit
1488 3372 1785 3436 festivitas,
1837 3379 1892 3424 at
1923 3385 2032 3424 non

435 3469 561 3525 vice
585 3482 741 3522 versa
775 3465 1048 3521 festivitas
1076 3465 1303 3519 omnino
1352 3463 1423 3519 sit
1472 3462 1638 3534 390
1687 3461 2031 3516 solemnitas.

439 3562 690 3634 Exempli
741 3574 906 3615 causa
965 3559 1193 3614 sabbata
1261 3566 1316 3612 et
1375 3556 1647 3610 novilunia
1709 3553 2033 3610 feStivitates

435 3665 604 3720 sunt;
639 3667 826 3723 azyma
853 3664 982 3704 vero
1011 3649 1206 3704 etdies
1241 3649 1701 3703 hebdomadarum
1742 3659 1805 3700 ac
1843 3659 2032 3699 sceno-

438 3746 635 3816 pegitc,
692 3759 798 3798 non
844 3741 1020 3797 solum
1057 3740 1389 3794 festivitates
1417 3747 1565 3805 sunt,
1598 3738 1693 3793 sed
1743 3739 1911 3792 etiam
1946 3752 2032 3791 so-

442 3837 782 3898 iemnitates,
837 3835 1058 3904 quando
1089 3846 1250 3885 omne
1287 3831 1646 3886 masculinum
1680 3830 1902 3900 jubetur
1932 3845 2030 3898 ap-

443 3942 640 3996 parere
666 3927 720 3981 in
755 3933 1047 3996 conspectu
1105 3924 1316 3981 Domini
1365 3925 1450 3979 sui
1479 3924 1533 3977 iu
1565 3925 1686 3977 loco
1727 3937 1886 3991 quem
1915 3922 2030 3976 ele~

436 4022 606 4091 gerit.

518 4110 642 4166 Non
689 4111 972 4166 diutoeebis
1021 4110 1152 4179 ﬁnes
1200 4109 1429 4179 proximi
1458 4110 1524 4163 ⁷³.
1578 4108 1866 4165 Proximus
1890 4121 2031 4178 swpe

436 4206 622 4261 ontnis
651 4205 814 4261 homo
851 4204 1075 4260 dicitur.

517 4300 794 4370 Ejusdem.
833 4299 1018 4371 Neque
1049 4299 1191 4353 enim
1220 4307 1439 4368 oportet
1470 4297 1680 4352 vicinos
1711 4309 1834 4350 sese
1885 4294 2028 4349 invi-

444 4411 562 4450 cem
619 4394 900 4459 fraudare,
957 4407 1134 4463 neque
1191 4391 1574 4461 transponendi
1627 4399 1754 4444 sunt
1811 4386 2028 4442 termini

444 4502 584 4558 quos
619 4487 844 4556 pulchxe
871 4495 1055 4555 patres
1085 4493 1401 4554 posuerunt.
1435 4481 1573 4537 Ilinc
1619 4483 1766 4537 enim
1793 4480 2031 4535 nascitur

445 4577 623 4632 munis
646 4576 913 4642 confusio,
941 4577 1066 4631 dum
1086 4574 1420 4628 contermini
1447 4573 1698 4642 iniuriam
1726 4574 2030 4641 patiuntur,
2069 4604 2113 4658 Β

448 4678 504 4720 et
551 4666 883 4737 contemptui
913 4668 1184 4721 habentur
1231 4669 1324 4735 qui
1377 4666 1644 4720 terminos
1711 4670 2030 4733 posuerunt.

447 4759 766 4814 Proximum
807 4760 1027 4829 quidam
1061 4759 1335 4828 appellant
1363 4773 1578 4812 onmem
1627 4757 1925 4812 hominem.

521 4849 579 4904 Si
622 4861 796 4904 autem
841 4851 1090 4905 institerit
1138 4853 1288 4906 testi:
1338 4852 1573 4920 injustas
1626 4860 1810 4904 contra
1861 4848 2032 4903 homi-

446 4959 566 4996 nem
591 4940 812 5004 '°._ll:ce
843 4943 1058 5011 quidem
1095 4943 1177 4996 lex
1210 4943 1276 4996 ad
1322 4943 1566 4996 infirmos
1590 4942 1897 5004 lsraelilas;
1934 4942 2036 4993 Do-

447 5037 629 5089 minus
680 5045 860 5088 autem
920 5035 1009 5103 qui
1075 5037 1187 5091 lucc
1248 5038 1529 5106 prazcepit,
1582 5035 1866 5104 discipulis
1919 5033 2032 5088 suis

451 5131 528 5182 ait
558 5127 641 5180 3‘:
682 5146 700 5178 ι
741 5128 980 5183 Audistis
1015 5129 1144 5199 quia
1201 5130 1402 5183 dictum
1453 5137 1535 5182 est
1597 5143 1610 5180 :
1660 5128 1883 5185 Oculum
1933 5143 2031 5196 pro

449 5219 631 5285 oculo,
664 5241 683 5272 ι
716 5231 769 5276 et
800 5231 1017 5278 ecetera.
1051 5241 1068 5272 ι
1120 5222 1232 5293 Ego
1257 5233 1436 5278 autem
1468 5223 1592 5276 dico
1617 5221 1773 5276 vobis
1808 5237 1912 5275 non
1946 5236 2031 5274 re-

447 5315 640 5369 sistere
666 5315 860 5368 malo.»

523 5405 800 5474 Ejusdcm.
830 5403 953 5460 llaec
985 5406 1203 5475 quidem
1248 5408 1300 5459 in
1339 5405 1688 5462 sensibilibus
1710 5415 1764 5460 et
1807 5409 2034 5460 munda-

450 5498 534 5551 nis
586 5498 761 5551 locum
804 5499 1035 5565 habent;
1081 5499 1146 5551 ad
1205 5508 1425 5567 peccata
1477 5513 1605 5552 vero
1667 5507 1851 5553 nostra
1889 5500 2032 5566 quod

451 5589 667 5653 attinet,
699 5591 834 5645 Deus
867 5591 1013 5644 nullo
1039 5601 1177 5644 teste
1206 5591 1430 5661 indiget.
1459 5591 1576 5659 Ipse
1617 5590 1764 5644 enim
1789 5591 2030 5645 omnium

455 5683 729 5749 inspector
756 5694 838 5738 est
863 5694 916 5738 et
948 5684 1136 5752 jndcx.

523 5823 570 5896 τ)
598 5822 750 5874 Dent.
783 5823 1002 5896 “2,52.
1066 5822 1279 5896 _""_i_|iid.
1321 5839 1432 5887 xlv,
1479 5823 1534 5896 fi.
1615 5824 1660 5855 ⁷⁸
1690 5823 1821 5880 ibid.
1849 5821 1902 5879 9.
2009 5825 2054 5855 ⁷⁷
2095 5822 2250 5884 Deut.
2304 5845 2414 5896 xw,
2453 5830 2536 5888 l5.
2648 5831 2694 5862 ⁷⁸
2735 5828 2862 5886 Osc.
2912 5845 2989 5894 ις,
3042 5827 3094 5882 5.

453 5891 500 5922 ‘°
535 5892 692 5945 Deut.
745 5907 860 5956 tux,
902 5894 982 5947 l6.
1062 5894 1103 5925 ⁸¹
1132 5893 1324 5948 Matth.
1353 5911 1406 5961 v,
1437 5895 1525 5948 3S.

2139 2005 2256 2052 ναις
2288 1987 2353 2041 τά
2383 1986 2741 2057 κεκρυμμένα
2772 1986 2881 2041 τῶν
2906 1986 3298 2060 θεωρημάτων.

2204 2081 2407 2135 Πάντα
2448 2079 2567 2134 ὅσα
2604 2079 2778 2133 ἐστὶν
2818 2080 2890 2133 ἐν
2914 2081 3120 2147 αὐτοῖς
3161 2083 3449 2152 πτερύγια
3491 2083 3593 2137 καὶ
3629 2086 3729 2138 ,κε-

2138 2175 2329 2240 πίδες,
2359 2173 2640 2243 φάγεσθε.
2668 2173 2789 2228 Τῶν
2817 2174 3034 2245 πτηνῶν
3069 2170 3221 2246 οἶμαι
3261 2176 3362 2230 ὅσα
3406 2177 3506 2247 μὲν
3545 2178 3729 2230 σκόλο-

2139 2285 2248 2330 πας
2292 2266 2403 2336 ἔχει
2458 2264 2758 2338 κατωτέρω
2801 2265 2909 2318 τῶν
2945 2267 3190 2335 γονάτων
3236 2268 3377 2340 ὑπὲρ
3415 2269 3514 2332 τὰς
3543 2270 3730 2340 βάσεις

2137 2361 2356 2433 καθαρὰ
2397 2357 2533 2414 εἶναι
2569 2360 2838 2430 βούλεται·
2866 2362 2966 2415 ὅσα
2995 2362 3052 2415 δὲ
3085 2363 3180 2433 μὴ,
3207 2363 3512 2436 ἀκάθαρτα.

2220 2453 2465 2522 Ἑορτὴν
2480 2452 2729 2521 σκηνῶν
2754 2453 3031 2521 ποιήσεις
3055 2454 3292 2520 σεαυτῷ
3311 2458 3462 2511 ἑπτὰ
3484 2456 3729 2527 ἡμέρας.

2138 2547 2481 2616 Εὑρίσκομεν
2509 2546 2567 2597 ἐν
2604 2549 2725 2608 ταῖς
2757 2547 2998 2614 Γραφαῖς
3027 2548 3086 2600 τὸ
3105 2547 3278 2617 ὄνομα
3301 2549 3402 2620 τῆς
3426 2551 3618 2621 ἑορτῆς
3638 2551 3732 2604 καὶ

2135 2640 2235 2710 τῆς
2263 2636 2645 2708 πανηγύρεως,
2671 2635 2860 2708 ὥσπερ
2893 2637 3045 2708 παρὰ
3081 2637 3162 2706 τῷ
3201 2641 3454 2709 προφήτῃ
3482 2640 3693 2707 λέγοντι
3714 2656 3726 2670 ⁸

2143 2753 2162 2785 ι
2199 2731 2264 2783 Τί
2291 2732 2546 2800 ποιήσετε
2585 2731 2643 2782 ἐν
2691 2728 2875 2800 ἡμέρᾳ
2917 2728 3273 2800 πανηγύρεως
3311 2733 3406 2783 καὶ
3444 2732 3502 2782 ἐν
3545 2732 3730 2802 ἡμέρᾳ

2137 2824 2334 2896 ἑορτῆς
2362 2822 2603 2894 Κυρίου;
2641 2841 2659 2873 ι
2693 2822 2962 2894 Ζητητέον
2991 2821 3089 2892 τὴν
3119 2821 3382 2892 διαφορὰν
3414 2821 3609 2892 ἑορτῆς
3634 2821 3730 2875 καὶ

2138 2908 2522 2981 πανηγύρεως.
2566 2908 2724 2961 Πᾶσα
2770 2907 2867 2977 μὲν
2908 2903 3024 2970 οὖν,
3055 2907 3120 2960 ἵν’
3151 2907 3326 2971 οὕτως
3364 2908 3523 2970 εἴπω,
3570 2908 3730 2979 ἱλαρὰ

2137 3005 2341 3076 ἡμέρα,
2387 3003 2445 3056 ὲν
2597 3001 2998 3072 προστέτακται
3033 3001 3114 3065 ὡς
3159 3002 3217 3054 ἐν
3258 3001 3389 3072 ἁγία
3435 3001 3565 3054 τάδε
3611 3003 3730 3056 τινὰ

2137 3092 2290 3162 παρὰ
2333 3092 2431 3155 τὰς
2475 3092 2668 3156 λοιπὰς
2697 3095 2867 3146 ποιεῖν
2904 3092 3180 3164 ἐξαίρετα,
3227 3092 3387 3164 ἑορτὴ
3446 3093 3728 3147 καλεῖται·

2135 3185 2197 3238 οὐ
2229 3187 2379 3238 πᾶσα
2405 3185 2462 3238 δέ
2494 3188 2609 3238 ἐστι
2639 3187 2962 3257 πανήγυρις,
3000 3183 3138 3238 ἀλλὰ
3173 3184 3312 3237 κατὰ
3341 3184 3400 3237 τὸ
3425 3184 3614 3255 ὄνομα,
3641 3185 3729 3239 ὅτε

2138 3278 2231 3331 ἐπὶ
2254 3277 2316 3330 τὸ
2359 3277 2492 3332 αὐτὸ
2527 3278 2966 3349 συναθροίζονται
3006 3279 3055 3330 οἱ
3099 3277 3436 3348 πανταχόθεν
3468 3278 3727 3348 Ἑϐραῖοι,

2137 3369 2279 3424 ὥστε
2319 3371 2461 3424 κατὰ
2493 3370 2652 3424 τοῦτο
2685 3371 2783 3442 τὴν
2828 3371 2926 3441 μὲν
2969 3371 3273 3441 πανήγυριν
3323 3365 3465 3425 εἶναι
3510 3370 3724 3442 ἑορτὴν,

2139 3468 2322 3522 οὐκέτι
2355 3469 2412 3521 δὲ
2445 3469 2660 3532 πάντως
2692 3466 2791 3540 τὴν
2819 3465 3013 3537 ἑορτὴν
3054 3467 3360 3536 πανήγυριν
3381 3482 3393 3495 ·
3445 3460 3556 3518 οἷον
3597 3465 3728 3518 σάϐ-

2141 3562 2279 3615 ϐατα
2313 3560 2408 3614 καὶ
2445 3561 2753 3632 νεομηνίαι,
2780 3559 2964 3630 ἑορταί
3003 3559 3172 3611 εἰσινο
3217 3557 3402 3627 ἄζυμα
3446 3558 3503 3612 δὲ
3536 3559 3630 3612 καὶ
3671 3558 3728 3611 αἱ

2140 3653 2342 3725 ἡμέραι
2385 3652 2494 3707 τῶν
2528 3651 2838 3722 ἑϐδομάδων
2866 3651 2960 3704 καὶ
2989 3650 3352 3720 σκηνοπηγίαι
3380 3651 3440 3702 οὺ
3477 3650 3636 3721 μόνον
3673 3651 3728 3705 αἱ

2140 3747 2345 3817 ἑορταὶ,
2374 3744 2510 3798 ἀλλὰ
2553 3745 2645 3798 καὶ
2670 3743 3028 3815 πανηγύρεις,
3064 3743 3152 3796 ὅτε
3192 3743 3593 3814 προστέτακται
3622 3745 3729 3796 πᾶν

2139 3834 2424 3906 ἀρσενικὸν
2452 3833 2735 3904 φαίνεσθαι
2765 3833 2996 3887 ἐνώπιον
3021 3832 3228 3904 Κυρίου
3255 3833 3350 3886 τοῦ
3362 3832 3496 3890 θεοῦ
3529 3851 3622 3888 σου
3647 3836 3727 3899 είς

2139 3927 2228 3980 τὸν
2270 3929 2434 3980 τόπον
2462 3927 2521 3980 ὃν
2550 3926 2616 3981 ἂν
2644 3925 2949 3997 ἐκλέξηται.

2215 4113 2296 4166 Οὐ
2344 4111 2772 4183 μετακινήσεις
2802 4111 2934 4179 ὅρια
2977 4111 3084 4165 τοῦ
3122 4111 3394 4180 πλησίον
3419 4125 3551 4166 σου.
3583 4111 3727 4182 Πλη-

2141 4203 2253 4257 σίον
2281 4205 2549 4277 πολλαχοῦ
2578 4206 2686 4268 πᾶς
2711 4204 2997 4276 ἄνθρωπος
3027 4202 3264 4275 εἴρηται.

2214 4298 2326 4352 Τοῦ
2364 4298 2571 4353 αὑτοῦ.
2596 4298 2734 4351 υύτε
2770 4297 2878 4367 γὰρ
2907 4297 2988 4350 δεῖ
3013 4298 3138 4361 τοὺς
3172 4296 3341 4360 πέλας
3363 4297 3726 4361 πλεονεκτεῖν,

2137 4389 2258 4443 οὐδὲ
2299 4392 2426 4456 τοὺς
2468 4393 2576 4445 τῶν
2611 4391 2863 4462 πατέρων
2896 4391 3055 4462 ὅρους
3103 4391 3179 4454 ὼς
3229 4390 3412 4455 καλῶς
3456 4391 3728 4460 παγέντας

2139 4483 2555 4553 παρακελεύειν.
2619 4481 2792 4535 Τοῦτο
2830 4481 2940 4552 γὰρ
2971 4483 3143 4536 αἴτιον
3187 4480 3366 4553 πάσης
3410 4482 3726 4552 συγχύσεως

2139 4573 2313 4641 ἔσται,
2351 4575 2464 4628 τῶν
2495 4572 2616 4646 ’μὲν
2649 4573 2997 4646 ὁμορούντων
3030 4574 3106 4639 ὡς
3141 4575 3534 4643 ἀδικουμένων,
3569 4592 3726 4646 περι-

2141 4667 2529 4739 φρονουμένων
2570 4668 2627 4720 δὲ
2665 4667 2776 4720 τῶν
2825 4667 3146 4738 ὁρισάντων.
3204 4667 3436 4739 Πλησίον
3480 4667 3539 4722 δέ
3587 4684 3730 4731 τινες

2141 4761 2318 4815 πάντα
2342 4759 2629 4831 ἄνθρωπον
2657 4760 2924 4830 λέγουσιν.

2227 4853 2360 4908 Ἐὰν
2396 4851 2464 4907 δὲ
2491 4852 2764 4921 καταστῇ
2796 4852 3030 4922 μάρτυς
3058 4851 3262 4919 ἄδικος
3312 4854 3462 4908 κατὰ
3504 4853 3730 4922 ἀνθρώ-ο

2141 4961 2279 4999 που.
2303 4944 2488 4998 Ταῦτα
2528 4944 2626 5015 μὲν
2655 4947 2682 4997 ὁ
2709 4945 2871 5014 νόμος
2915 4944 3050 5016 πρὸς
3078 4944 3322 5008 ἀσθενεῖς
3354 4946 3480 5008 τοὺς
3520 4946 3732 5016 Ἰσραη-

2141 5038 2293 5099 λίτας
2314 5053 2325 5066 ³
2356 5039 2384 5088 ὁ
2407 5036 2463 5088 δὲ
2496 5037 2699 5107 Κύριος
2737 5039 2765 5089 ό
2803 5037 2977 5089 ταῦτα
3002 5037 3368 5106 νομοθετήσας
3394 5040 3502 5100 τοῖς
3536 5035 3728 5090 ἑαυτοῦ

2145 5132 2411 5201 μαθηταῖς
2439 5147 2620 5200 φησιν·
2665 5149 2683 5182 ι
2729 5129 3027 5184 Ἠκούσατε
3071 5132 3398 5205 suggestu,
3429 5129 3730 5200 Ὀφθαλμὸν

2142 5221 2264 5276 ἀντὶ
2298 5223 2598 5294 ὀφθαλμοῦ,
2637 5245 2655 5276 ι
2679 5225 2770 5276 καὶ
2797 5223 2865 5276 τὰ
2909 5221 3060 5293 ἑξῆς,
3095 5244 3112 5276 ι
3164 5223 3304 5292 Ἐγὼ
3332 5223 3387 5276 δὲ
3413 5223 3556 5291 λέγω
3580 5224 3727 5294 ὑμῖν,

2145 5319 2218 5388 μὴ
2246 5319 2562 5388 ἀντιστῆναι
2583 5318 2661 5389 τῷ
2691 5317 2932 5390 πονηρῷ.
2980 5336 2997 5366 ι

2220 5409 2330 5464 Τοῦ
2355 5411 2559 5464 αὑτοῦ.
2586 5411 2772 5465 Ταῦτα
2810 5411 2906 5480 μὲν
2940 5409 3031 5462 ἐπὶ
3055 5407 3312 5479 αἰσθητοῦ
3344 5409 3440 5462 καὶ
3465 5407 3574 5460 τῶν
3589 5406 3730 5460 κατὰ

2140 5504 2365 5575 κόσμον,
2421 5507 2513 5557 ἐπὶ
2563 5505 2618 5557 δὲ
2682 5503 2790 5556 τῶν
2845 5502 3252 5574 ἡμαρτημένων
3301 5503 3454 5571 ἡμῖν,
3518 5499 3730 5562 οὐδενὸς

2138 5597 2309 5651 δεῖται
2355 5599 2504 5662 Θεός.
2537 5599 2708 5661 Λύτὸς
2755 5597 2864 5669 γὰρ
2894 5597 3137 5666 ἐπόπτης
3177 5596 3434 5650 ἁπάντων
3470 5595 3565 5649 καὶ
3613 5609 3726 5664 κρι-

2140 5691 2262 5760 τῆς.

3201 5825 3430 5881 "Deut.
3481 5837 3596 5888 ιιι,
3642 5816 3734 5880 ll.
