4146 6386
15 747 83 914 L

535 344 641 404 8'13
1733 344 2044 401 SE1.ECT.\
2083 347 2126 401 Il‘

2238 346 2590 406 ΙίίῖΤΕίὶΟΝ.
3727 363 3786 418 8i
3802 363 3833 416 ι

611 464 711 530 Τίς
752 466 785 518 ό
828 464 1142 532 ἅνθρωπος
1184 466 1215 517 0'
1258 465 1648 535 φοϐούμενος.
1692 465 1750 518 '0
1781 471 1892 532 τοῖς
1925 472 2126 539 γηΐνοις

2311 472 2442 537 Quis
2487 485 2562 526 est
2601 475 2756 528 homo
2800 477 2986 532 timens
3023 479 3088 533 ⁸².
3139 480 3238 549 Qui
3295 482 3528 540 terrenis
3585 485 3833 542 addictus

533 561 856 634 ἐγκείμενος
879 561 972 616 καὶ
991 561 1170 616 οίκίαν
1198 561 1520 632 οἰκοδομῶν,
1552 563 1647 614 καὶ
1677 565 1922 630 φυτεύων
1952 566 2135 635 ἀμπε-

535 654 731 721 λῶνας,
775 659 897 719 ταῖς
935 655 1315 724 φιλοσαρκίαις
1360 654 1564 725 ἡδονῶν
1606 654 1938 726 ἡττώμενος,
1984 659 2134 712 ἔσται

535 751 755 815 πάντως
779 749 953 813 δειλός
982 767 1042 802 τε
1083 752 1178 803 καὶ
1204 749 1453 812 ἄναλκις.

621 843 760 897 Ἐὰν
799 842 869 897 δέ
908 860 1024 896 τινι
1052 843 1183 908 υἱὸς
1209 841 1461 909 ἀπειθὴς
1589 841 1703 914 Οὐχ
1726 843 1914 908 ἀπλῶς
1951 846 2134 916 βούλε-

530 934 983 1007 ταιάναιρεῖσθαι
1033 934 1232 999 αὐτοὺς
1279 937 1822 1008 παραπικραίνοντας
1869 940 1992 1002 τοὺς
2039 957 2132 1007 γο-

534 1028 665 1090 νείς·
711 1026 826 1080 ἀλλ’
867 1025 1000 1080 ὅταν
1042 1026 1348 1100 ἀμφότεροι
1397 1031 1832 1098 συμφωνήσωσιν
1869 1031 1918 1082 οἱ
1958 1036 2134 1098 γονεῖς

533 1118 680 1176 κατὰ
726 1119 820 1172 τοῦ
858 1119 1067 1183 παιδός.
1107 1119 1326 1191 Ἐπειδὴ
1367 1122 1478 1190 γὰρ
1510 1120 1576 1173 ἄν
1607 1139 1663 1173 τε
1693 1123 1722 1173 ὁ
1765 1122 1946 1194 πατὴρ
1979 1125 2133 1194 ὀργι-

535 1213 660 1284 σθῇ,
690 1212 784 1266 καὶ¹
815 1213 1024 1267 ἀνελεῖν
1061 1214 1286 1288 ὁρμήσῃ
1317 1214 1411 1267 τὸν
1451 1215 1586 1279 υἱὸν,
1622 1218 1655 1286 ἡ
1699 1219 1883 1290 μήτηρ
1920 1219 2128 1290 ἐπέχει·

533 1309 600 1362 ἄν
627 1324 686 1361 τε
713 1308 856 1380 αὐτὴ
890 1310 1226 1385 παροξυνθῇ,
1253 1312 1282 1363 ὁ
1325 1311 1509 1384 πατὴρ
1539 1313 1640 1366 οὐκ
1666 1314 1766 1384 ἐᾷ’,
1786 1310 1881 1366 καὶ
1907 1313 2132 1367 σπάνιον

532 1400 684 1454 ἔσται
713 1401 1075 1472 συμφωνῆσαι
1111 1404 1246 1467 τοὺς
1275 1405 1454 1472 γονεῖς
1497 1405 1639 1459 κατὰ
1670 1404 1765 1458 τοῦ
1801 1403 1926 1458 ίδίου
1951 1404 2130 1459 αὐτῶν

529 1493 746 1560 τέκνου,
778 1493 1106 1564 προστάττει
1138 1497 1167 1549 ὁ
1208 1495 1364 1561 Θεὸς,
1401 1499 1530 1551 ὅταν
1567 1498 1870 1569 ἀμφότεροι
1906 1515 2133 1568 συμφω-

531 1588 740 1658 νήσωσι
785 1587 926 1641 κατά
955 1588 1049 1642 τοῦ
1086 1589 1296 1655 παιδὸς,
1324 1589 1446 1642 τότε
1476 1588 1800 1644 καταλεύειν
1846 1589 2030 1655 αὐτὸν,
2066 1593 2130 1644 οὐ

529 1682 656 1744 τοὺς
683 1681 1072 1751 γεννήσαντας,
1108 1681 1246 1735 ἀλλὰ
1275 1682 1401 1746 τοὺς
1425 1681 1665 1746 λοιπούς.

605 1776 689 1828 Οὐ
715 1773 1114 1842 κατασπερεῒς
1142 1773 1250 1828 τὸν
1287 1773 1615 1844 ἀμπελῶνά
1656 1790 1774 1830 σου
1818 1775 2125 1844 διάφορον.

2241 577 2346 623 est.
2371 575 2424 618 et
2457 566 2678 619 domum
2711 569 2972 636 aediﬁcat,
3005 583 3059 626 ct
3109 574 3323 642 plantat
3351 577 3560 642 vineas,
3593 590 3648 634 et
3678 581 3832 636 volu-

2238 659 2480 724 ptatibus
2509 659 2691 714 carnis
2733 663 2988 730 vincitur,
3027 667 3070 721 is
3112 671 3338 726 omnino
3395 673 3499 727 erit
3541 675 3831 732 meticulo-

2239 765 2333 805 sus
2357 759 2411 804 et
2443 753 2780 810 instrenuus.

2315 841 2375 897 Si
2404 845 2489 896 cui
2531 855 2706 899 autem
2749 847 2895 914 ﬁ/ins
2924 850 3085 918 fuerit
3113 853 3326 907 rebellis
3356 855 3422 908 ⁸³.
3471 854 3588 910 Non
3622 857 3826 928 simpli-

2239 935 2380 989 citer
2423 936 2536 988 vult
2585 938 2816 993 interﬁci
2876 957 2904 993 a
2957 947 3278 1012 parentibus
3326 949 3698 1014 exacerbatis,
3734 952 3828 1006 sed

2238 1039 2360 1078 Cum
2413 1037 2642 1097 uterque
2711 1046 2909 1098 parens
2966 1038 3308 1090 consenserit
3363 1050 3556 1094 contra
3629 1042 3823 1098 ﬁlium.

2239 1115 2690 1188 Quandoquidem
2721 1124 2865 1176 enim
2902 1124 2944 1178 si
2989 1137 3143 1194 pater
3170 1126 3344 1182 iratus
3367 1129 3623 1186 occidere
3648 1132 3830 1186 volue-

2241 1211 2309 1262 rit
2344 1209 2536 1274 ﬁlium,
2571 1223 2745 1267 mater
2769 1217 3027 1280 cohibet;
3063 1218 3106 1270 si
3136 1228 3315 1273 autem
3349 1222 3466 1276 haec
3495 1221 3677 1276 animo
3707 1238 3832 1277 exa-

2237 1303 2456 1357 cerbata
2491 1306 2674 1368 fuerit,
2707 1317 2862 1374 pater
2914 1326 3019 1364 non
3064 1310 3214 1373 sinit,
3257 1320 3311 1365 et
3357 1327 3540 1367 rarum
3571 1324 3656 1369 est
3695 1331 3828 1370 con-

2237 1396 2442 1448 sentire
2475 1407 2734 1466 parentes
2764 1413 2955 1454 contra
3011 1403 3289 1472 proprium
3339 1403 3533 1472 ﬁlium,
3582 1408 3830 1476 praecipit

2238 1486 2378 1540 Deus
2416 1502 2472 1541 ut
2507 1505 2628 1544 cum
2669 1493 2828 1545 ambo
2852 1496 3227 1550 consenserint
3258 1507 3445 1551 contra
3477 1497 3670 1566 ﬁlium,
3701 1509 3827 1555 tunc

2237 1581 2477 1652 lapident
2507 1599 2656 1651 cuin,
2689 1600 2795 1638 non
2831 1586 2929 1656 ipsi
2960 1599 3238 1656 parentes,
3271 1591 3364 1645 sed
3391 1591 3609 1662 reliqui.

2313 1763 2436 1819 Non
2465 1766 2751 1821 seminabis
2779 1770 2982 1823 vineam
3013 1781 3156 1825 luam
3188 1774 3388 1828 variam
3415 1775 3483 1830 ⁸⁸.
3511 1776 3589 1832 Ne
3617 1779 3829 1836 scilicet

532 1868 649 1922 Ἵνα
681 1867 755 1940 μὴ
786 1867 1096 1938 ἀτονωτέρα
1140 1867 1368 1938 γένηται
1398 1868 1430 1939 ἡ
1463 1868 1556 1938 γῆ,
1593 1868 1668 1931 ὼς
1703 1869 1840 1941 μήτε
1869 1868 1931 1922 τὸ
1961 1871 2126 1941 σπέρ-

2236 1855 2507 1913 inﬁrmior
2533 1861 2734 1914 evadat
2769 1872 2935 1922 terra.
2981 1863 3052 1917 ita
3111 1875 3172 1919 ut
3223 1882 3401 1936 neque
3451 1883 3636 1926 semen
3685 1873 3828 1928 inte-

533 1976 610 2029 μα
649 1959 856 2031 πλῆρες
890 1958 1224 2022 ἀποδιδόναι,
1266 1960 1406 2035 μήτε
1458 1959 1558 2029 τῆς
1591 1960 1837 2030 ἀμπέλου
1883 1961 1973 2015 τὸν
2002 1980 2131 2033 καρο

535 2051 658 2118 πδν,
694 2050 831 2105 ἀλλὰ
858 2051 986 2116 καθ’
1009 2051 1207 2105 ἑαυτοῦ
1228 2051 1482 2105 ἕκαστον.

606 2148 729 2199 Οὺκ
778 2143 1157 2213 ἀροτριάσεις
1207 2143 1279 2197 ἐν
1333 2145 1552 2215 μόσχῳ
1599 2145 1697 2199 καὶ
1757 2145 1875 2212 ὄνῳ
1917 2147 2015 2201 ἐπὶ
2062 2149 2128 2202 τὸ

529 2236 699 2290 αὑτό.
735 2234 810 2288 Τὸ
841 2234 1048 2306 γαῦρον
1074 2234 1175 2304 τῆς
1202 2233 1382 2305 ψυχῆς
1413 2236 1506 2288 καὶ
1541 2235 1828 2304 φιλόπονον
1866 2237 1944 2309 τῷ
1974 2237 2129 2309 φιλη-

528 2329 664 2400 δόνῳ
698 2329 794 2382 καὶ
824 2326 1111 2400 παθητικῷ
1139 2326 1214 2398 μὴ
1242 2327 1526 2402 συζεύξῃς.

604 2421 717 2479 Τοῦ
752 2421 962 2477 αὐτοῦ.
1001 2411 1230 2485 Ἡσαΐας
1270 2421 1328 2474 δὲ
1382 2421 1546 2478 πάλιν
1583 2423 1785 2494 γράφει
1809 2442 1823 2455 ·
1861 2443 1880 2476 ι
1933 2423 2128 2478 Μακά-

533 2530 638 2584 ριοι
663 2514 713 2566 οἱ
743 2513 1057 2586 σπείροντες
1105 2513 1200 2566 ἐπὶ
1228 2514 1336 2566 πᾶν
1369 2512 1536 2584 ὕδωρ.
1591 2533 1609 2566 ι
1648 2515 1807 2570 Ποῖον
1843 2515 2007 2587 ὕδωρ,
2041 2517 2126 2584 ἐφ’

527 2599 572 2672 ᾧ
593 2605 675 2658 δεῖ
713 2605 960 2677 σπείρειν
998 2605 1060 2658 τὸ
1103 2604 1269 2659 καλὸν
1300 2605 1524 2677 σπέρμα
1551 2622 1565 2670 ;
1593 2607 1694 2678 Είη
1740 2607 1796 2660 δὲ
1837 2608 1996 2662 τοῦτο
2031 2607 2126 2678 βά-

530 2716 746 2770 πτισμα
777 2699 877 2770 τῆς
905 2698 1200 2769 σωτηρίας,
1225 2701 1286 2751 τὸ
1300 2697 1525 2769 λουτρὸν
1551 2698 1653 2768 τῆς
1680 2699 2121 2769 παλιγγενεσίας.

530 2792 726 2862 Σπεῖρε
755 2790 847 2843 ἐπὶ
878 2790 940 2844 τὸ
963 2790 1264 2860 μυστήριον
1289 2789 1383 2842 τοῦ
1407 2789 1656 2862 λουτροῦ,
1683 2791 1776 2844 καὶ
1800 2791 1924 2862 γίνῃ
1957 2796 2127 2863 μακά-

531 2906 664 2961 ριος.
715 2888 864 2941 Ἐκ;ἰ
912 2885 1038 2956 βοῦς
1070 2887 1165 2940 καὶ
1198 2885 1318 2949 ὄνος
1355 2888 1536 2951 πατεῖ,
1576 2883 1704 2955 βοῦς
1747 2888 1776 2939 ὁ
1829 2886 2070 2958 καθαρὸς
2097 2891 2126 2941 ὁ

543 2980 905 3052 Ἰσραηλίτης,
942 2981 1037 3032 καὶ⁹
1083 2978 1205 3040 ὄνος
1251 2977 1567 3048 ἀκάθαρτος
1614 2979 1679 3031 ὲκ
1709 2977 1904 3046 γένους
1949 2983 1978 3034 ὸ
2017 2980 2126 3035 ἀπὸ

529 3073 636 3127 τῶν
660 3071 848 3126 ὲθνῶνο
879 3072 967 3125 ἶνα
993 3070 1056 3123 σύ
1067 3070 1264 3141 μϐολον
1358 3070 1647 3142 ἀμφότερα
1671 3070 1740 3125 τὰ
1769 3070 1884 3135 ζῶα
1913 3072 2008 3126 τοῦ
2035 3072 2124 3128 λό-

2237 1967 2392 2020 grum
2433 1955 2658 2010 reddere
2705 1957 2896 2024 possit,
2939 1970 3116 2026 neque
3152 1958 3323 2015 vineae
3367 1960 3606 2018 fructum
3660 1981 3677 2020 :
3728 1967 3826 2020 sed

2245 2047 2678 2116 unumquodque
2713 2048 3012 2116 separatim
3040 2050 3359 2107 seminetur.

2310 2134 2435 2189 Non
2475 2141 2652 2192 (trabis
2681 2140 2732 2192 in
2759 2141 2921 2193 vitulo
2965 2151 3016 2194 et
3065 2141 3216 2196 asino
3240 2143 3294 2197 in
3322 2144 3549 2212 idipsum
3575 2145 3642 2201 ⁸⁸.
3668 2147 3827 2214 Quod

2232 2239 2314 2284 cst
2346 2230 2544 2284 elatum
2596 2243 2650 2286 et
2678 2231 3007 2288 laboriosum
3045 2235 3096 2288 in
3122 2235 3325 2300 anima,
3353 2252 3420 2292 ne
3446 2253 3570 2292 cum
3601 2255 3666 2295 eo
3698 2257 3829 2298 con-

2226 2324 2477 2392 junxitris
2516 2325 2662 2393 quod
2690 2325 2850 2379 molle
2880 2336 2934 2380 et
2970 2327 3265 2397 voluptatis
3297 2345 3489 2386 amans
3513 2341 3618 2387 est.

2305 2414 2584 2484 Ejusdem.
2621 2417 2790 2472 Isaias
2822 2433 3011 2472 rursus
3046 2418 3238 2472 scribit
3263 2420 3352 2474 ⁸⁶³ε
3391 2441 3408 2472 ι
3446 2421 3598 2478 Beati
3628 2427 3721 2495 qui
3749 2440 3829 2483 sc-

2237 2509 2458 2564 minatis
2485 2526 2648 2580 super
2696 2525 2912 2566 omnem
2950 2525 3170 2582 aquam.
3206 2531 3224 2563 ι
3277 2513 3536 2580 Qumnam
3566 2526 3650 2570 est
3682 2534 3823 2588 aqua

2235 2602 2285 2656 in
2316 2618 2420 2672 qua
2463 2602 2845 2657 seminandum
2887 2613 2971 2657 est
3019 2605 3223 2658 bonum
3275 2605 3501 2661 semen?
3559 2607 3677 2663 Erit
3735 2611 3826 2664 illa

2233 2709 2366 2749 sane
2414 2694 2718 2764 baptismus
2778 2695 2995 2761 salutis,
3043 2696 3321 2751 lavacrum
3369 2702 3823 2769 regenerationis.

2235 2786 2457 2842 Semina
2493 2801 2662 2856 super
2694 2788 3013 2858 mysterium
3067 2789 3296 2858 lavacri,
3344 2799 3401 2845 et
3445 2794 3556 2849 eris
3608 2794 3827 2852 beatus.

2227 2882 2343 2938 Illic
2377 2885 2477 2936 Dos
2499 2889 2553 2935 et
2586 2881 2774 2935 asinus
2797 2882 3136 2949 gradiuntur,
3168 2883 3266 2940 bos
3297 2885 3532 2960 mundus
3557 2886 3823 2958 Israelita,

2230 2986 2284 3030 et
2307 2974 2497 3027 asinus
2527 2973 2843 3028 immundus
2875 2989 2944 3029 ex
2979 2991 3210 3045 genere,
3249 2978 3476 3046 papulus
3503 2981 3594 3053 qui
3643 2993 3728 3038 est
3757 2999 3828 3040 ex

2235 3065 2493 3136 gentibus
2524 3083 2539 3120 :
2569 3077 2628 3120 ut
2657 3077 2954 3136 utrumque
2990 3067 3194 3122 animal
3228 3071 3538 3140 symbolum
3573 3075 3645 3131 sit
3674 3079 3826 3136 verbi

529 3181 632 3236 γου
658 3166 752 3220 τοῦ
787 3167 899 3230 τοῖς
943 3164 1123 3218 ἔθνεσι
1168 3165 1611 3236 κεκηρυγμένον.
1661 3165 1833 3219 Πατεί
1864 3160 1960 3221 οὖν
1995 3165 2122 3236 βοῦς

2233 3159 2376 3230 quod
2406 3159 2666 3228 gentibus
2689 3159 2849 3231 391
2874 3161 3222 3230 praedicatur.
3253 3164 3548 3222 Ambulant
3568 3183 3698 3240 ergo
3728 3173 3826 3227 bos

530 3261 626 3316 καὶ
659 3261 800 3325 ὄνος,
853 3259 1008 3331 φησὶ,
1043 3259 1202 3312 τοῦτο
1239 3259 1302 3311 τὸ
1333 3257 1479 3331 ὕδωρ
1505 3259 1640 3314 ὅπου
1676 3262 1923 3331 σπείρειν
1974 3263 2125 3319 θέλο-

535 3369 657 3424 μεν.

610 3443 747 3497 Ἐὰν
794 3441 864 3496 δὲ
900 3444 1142 3513 γένηται
1186 3440 1328 3508 παῖς
1377 3443 1677 3512 παρθένος
1733 3463 2124 3518 μεμνηστευ-

529 3535 682 3606 “rw.
706 3535 901 3603 ἀνδρί.
931 3535 974 3588 Τ
976 3535 1044 3606 ὴν
1077 3535 1176 3606 ἤδη
1230 3539 1724 3609 μεμνηστευμένην
1757 3545 1997 3609 γυναῖκα
2028 3561 2127 3598 κα-

527 3627 610 3682 ὶεί
635 3645 648 3658 ⁸
698 3625 844 3682 οὕτω
885 3627 982 3680 καὶ
1029 3628 1127 3680 ἐπὶ
1171 3626 1264 3680 τοῦ
1309 3627 1511 3700 Ἰωσὴφ
1563 3631 1660 3684 καὶ
1713 3631 1817 3702 τῆς
1871 3633 2124 3690 θεοτόκου

530 3719 728 3792 ἐλέχθη
738 3759 753 3774 .

601 3813 710 3868 Καὶ
734 3813 846 3879 ἕως
869 3814 958 3880 εὶς
979 3811 1087 3868 τὸν
1110 3812 1317 3869 αἰῶνα.
1354 3815 1575 3888 Ἐπειδὴ
1609 3818 1704 3871 καὶ
1731 3812 1877 3874 οὗτοι
1902 3822 1968 3874 ὲκ
1991 3835 2127 3893 πορ-

529 3909 680 3974 νείας
715 3911 857 3963 εἰσὶν
886 3909 996 3965 ἀπὸ
1029 3910 1139 3962 τῶν
1183 3910 1504 3983 θυγατέρων
1532 3911 1630 3967 τοῦ
1674 3913 1828 3967 Λώτ’
1857 3915 1921 3968 οὐ
1962 3916 2124 3986 μόνον

530 4001 590 4056 δὲ
632 4001 737 4066 ἕως
774 4005 969 4070 γενεᾶς
1022 4001 1255 4073 δεκάτης
1306 4003 1524 4058 ἀδεκτοι
1568 4007 1635 4077 τῇ
1685 4010 1975 4079 συναγωγῇ
2029 4008 2124 4060 τοῦ

544 4095 764 4168 Ἰσραήλ
793 4095 956 4160 εἰσιν,
974 4094 1112 4149 ἀλλά
1139 4096 1232 4148 καὶ
1256 4096 1337 4159 είς
1362 4096 1454 4149 τὸν
1475 4096 1668 4152 αἰῶνα.
1693 4098 1850 4152 Οὕτω
1876 4097 2124 4168 βούλεται

530 4187 714 4250 αὐτοῖς
739 4187 838 4258 τὴν
877 4185 1079 4259 ἔχθραν
1121 4187 1293 4242 ἀΐδιον
1340 4183 1508 4242 εἶναι’
1543 4191 1686 4244 κατά
1721 4191 1821 4262 μὲν
1859 4191 1921 4244 τὸ
1949 4191 2125 4262 νόημα

532 4283 626 4336 καὶ
653 4282 753 4354 τὴν
797 4279 970 4352 ἀληθῆ
997 4281 1176 4335 αἰτίαν
1209 4281 1309 4353 τῆς
1331 4280 1485 4345 θείας
1534 4283 1774 4354 Γραφῆς,
1803 4283 1994 4356 ἐπειδὴ
2035 4284 2125 4338 τὸν

531 4373 764 4445 Βαλαὰμ
814 4370 1210 4444 ἐμισθώσαντο,
1259 4373 1346 4441 ἐφ’
1388 4365 1494 4440 ᾧτε
1553 4373 1966 4449 καταράσασθαι
2011 4379 2124 4441 τοῖς

543 4465 838 4539 Ἑϐραίοις,
882 4465 1020 4520 ἀλλὰ
1058 4465 1155 4519 καὶ
1190 4463 1291 4530 τὰς
1337 4465 1520 4519 αὐτῶν
1573 4451 1842 4536 γυναῖκας
1891 4471 1986 4524 καὶ
2026 4470 2126 4535 τάς

2231 3261 2286 3307 et
2310 3250 2521 3316 asinus,
2557 3251 2756 3322 inquit,
2786 3267 2952 3324 super
3001 3253 3150 3308 illam
3180 3269 3381 3326 aquam
3419 3256 3473 3313 in
3519 3273 3627 3330 qua
3657 3265 3817 3321 semi-

2233 3359 2368 3402 nare
2407 3346 2682 3401 volumus.

2306 3436 2367 3493 Si
2397 3449 2572 3493 autem
2606 3440 2766 3508 fuerit
2797 3439 2974 3509 puella
3002 3441 3148 3512 uirgo
3179 3453 3428 3508 sponsam
3464 3445 3574 3499 viro
3590 3445 3658 3500 ⁸⁷.
3691 3445 3815 3503 Eam

2235 3545 2358 3600 quae
2404 3541 2610 3586 tantum
2653 3542 2911 3600 sponsata
2958 3541 3063 3600 est,
3107 3549 3336 3590 uxorem
3385 3547 3568 3593 vocat.
3618 3536 3711 3595 Sic
3755 3539 3825 3596 de

2228 3621 2432 3696 Josepli
2459 3633 2516 3679 et
2545 3623 2640 3679 Dei
2676 3635 2858 3680 matre
2889 3627 3091 3680 dictum
3121 3638 3227 3683 est.

2303 3807 2372 3861 Et
2396 3824 2560 3878 usque
2587 3809 2640 3862 in
2668 3812 3003 3865 internum".
3031 3811 3297 3878 Quoniam
3322 3823 3375 3869 et
3401 3814 3456 3870 lii
3485 3829 3552 3870 ex
3577 3815 3821 3876 {critica-

2236 3900 2382 3956 tione
2415 3912 2544 3957 sunt
2567 3903 2672 3957 orti
2719 3918 2748 3956 a
2787 3904 3000 3959 liliabus
3031 3903 3159 3971 Lot,
3189 3922 3300 3962 non
3346 3907 3522 3963 solum
3556 3921 3681 3981 post
3719 3915 3819 3971 de-

2233 3995 2432 4050 cimam
2476 3996 2883 4066 generationem
2933 4000 3230 4068 recipiendi
3265 4017 3373 4056 non
3412 4013 3538 4057 sunt
3569 4007 3622 4059 in
3657 4021 3822 4077 syna-

2235 4104 2427 4159 gogam
2480 4088 2672 4153 Israel,
2716 4090 2819 4154 sed,
2861 4105 2959 4146 nec
2997 4092 3049 4146 in
3100 4104 3387 4149 aeternum.
3423 4093 3499 4150 lta
3536 4097 3651 4152 vult
3691 4114 3818 4153 cum

2231 4181 2370 4251 ipsis
2412 4190 2674 4236 aeternam
2707 4196 2827 4235 esse
2861 4183 3248 4240 inimicitiam:
3285 4201 3388 4241 non
3423 4187 3582 4242 aliam
3631 4203 3818 4246 veram

2228 4275 2298 4327 ob
2331 4287 2574 4338 causam,
2608 4285 2668 4328 ut
2699 4274 3017 4346 intelligitur
3048 4291 3114 4331 ex
3137 4277 3442 4347 Scriptura,
3469 4294 3633 4349 quam
3667 4285 3814 4350 quod

2229 4365 2546 4422 Balaamum
2574 4368 2951 4422 conduxerunt
2985 4379 3043 4424 ut
3075 4369 3315 4426 llebrreis
3346 4372 3489 4427 mala
3541 4374 3813 4443 impreca-

2233 4470 2402 4527 retur,
2431 4469 2488 4517 et
2520 4476 2723 4517 uxores
2753 4461 3001 4533 ﬁliasque
3038 4479 3165 4518 suas
3208 4475 3477 4536 quotquot
3507 4477 3667 4522 erant
3699 4469 3818 4538 put-

533 4557 862 4629 θυγατέρας,
907 4559 1027 4613 ὅσαι
1061 4552 1202 4629 ἦσαν
1230 4557 1426 4630 ὡραῖαι
1457 4560 1524 4629 τῇ
1552 4558 1673 4629 ὄψει
1711 4560 1804 4614 καὶ
1847 4561 2011 4615 καλαὶ
2048 4562 2126 4634 τῷ

2237 4551 2383 4608 chrze
2431 4563 2692 4624 aspectu,
2742 4555 3129 4625 prae-miserunt
3177 4566 3237 4610 ut
3285 4559 3350 4613 ad
3403 4558 3820 4617 fornicationem

531 4650 682 4713 εῖδει,
715 4650 1060 4720 προέστησαν
1101 4648 1196 4703 τοῦ
1243 4650 1464 4719 γένους,
1519 4651 1663 4705 ὥστε
1720 4653 1890 4719 αὐτὰς
1936 4653 2122 4709 δοῦναι

533 4741 669 4811 πρὸς
719 4741 976 4811 πορνείαν
1015 4743 1128 4806 τοῖς
1169 4743 1559 4814 Ἰσραηλίταις,
1593 4744 1690 4798 καὶ
1742 4747 2005 4818 πορνείαν
2033 4747 2122 4802 διὰ

533 4829 692 4884 τοῦτο
729 4831 1118 4903 χαλεπωτάτην
1142 4833 1472 4905 προξενῆσαι
1515 4838 1627 4900 τοῖς
1655 4835 1954 4908 Ἐὅραίοιςο
1983 4836 2120 4910 αὕτη

532 4922 591 4976 δὲ
616 4918 683 4994 ἦν
716 4924 776 4976 τὸ
809 4923 1114 4993 ἀποστῆναι
1158 4924 1256 4992 μὲν
1283 4925 1377 4978 τοῦ
1409 4926 1567 4990 Θεοῦ,
1606 4927 1924 4998 τελεσθῆναι
1962 4928 2016 4980 δὲ
2043 4929 2122 5000 τῷ

535 5014 890 5086 Βεελφεγὼρ·
923 5017 1060 5088 ὅπερ
1085 5017 1178 5070 καὶ
1214 5017 1456 5086 γέγονεν.

608 5112 730 5163 Οὐκ
765 5108 1154 5179 ἑνεχιιράσεις
1191 5110 1393 5178 μύλων·
1437 5111 1581 5166 οὐδὲ
1629 5112 1970 5182 ἐπιμύλιον.
2004 5117 2124 5170 Ὅτι

537 5201 835 5273 μονόλιθον,
889 5201 1076 5273 φησὶν,
1128 5203 1392 5258 ἀδύνατον
1451 5207 1740 5280 συντρίψαι
1785 5209 1876 5262 τὸν
1941 5213 2123 5263 σῖτον·

533 5293 753 5365 δίδυμον
826 5293 936 5366 γὰρ
999 5295 1338 5368 ἀρῤενόθηλυ
1405 5299 1876 5364 κατασκευάζεται
1941 5300 2125 5372 μύλος.

546 5388 698 5442 Ἐπεὶ
746 5383 840 5440 οὖν
891 5389 983 5441 καὶ
1040 5388 1284 5442 Ἰουδαῖοι
1345 5390 1477 5461 μίαν
1539 5391 1804 5464 διαθήκην
1875 5391 2121 5463 ἔχουσιν·

532 5480 734 5550 ὁμοίως
779 5480 836 5532 δὲ
891 5482 984 5534 καὶ
1026 5483 1175 5535 πᾶσα
1229 5483 1443 5554 αἵρεσις
1489 5483 1724 5538 δοκοῦσα
1771 5483 1976 5556 ταύτην
2027 5486 2125 5557 τὴν

2225 4643 2503 4699 lsraelitas
2534 4646 2875 4715 pellicerent,
2910 4644 3331 4704 fornicationem
3375 4660 3526 4706 certe
3555 4653 3822 4724 gravissi-

2229 4753 2393 4802 mam,
2432 4753 2496 4792 ex
2541 4754 2646 4807 qua
2683 4740 2836 4794 ﬁeret
2884 4750 2940 4792 ut
2969 4741 3268 4796 deﬁcerent
3311 4759 3339 4797 a
3380 4745 3511 4811 Deo,
3541 4755 3597 4801 et
3630 4747 3818 4802 initia-

2229 4843 2415 4888 rentur
2443 4832 2800 4904 Beelpltegor.
2831 4833 2982 4901 Quod
3015 4846 3068 4890 et
3097 4837 3314 4893 accidit.

2300 5109 2425 5166 Non
2453 5112 2756 5182 pignornbis
2783 5113 3001 5174 molam,
3031 5130 3196 5182 neque
3226 5115 3548 5182 superiorem
3581 5115 3810 5186 lapidem

2230 5204 2383 5258 mola:
2403 5205 2468 5258 3°.
2503 5207 2793 5271 Quoniam,
2825 5208 3022 5276 inquit,
3056 5207 3124 5261 ab
3159 5224 3267 5261 uno
3298 5207 3474 5276 lapide
3501 5223 3604 5262 non
3633 5219 3813 5278 potest

2231 5297 2562 5353 frumentum
2615 5302 2844 5356 conteri.
2875 5299 3163 5354 Geminum
3214 5301 3359 5354 enim
3410 5299 3683 5369 quidpiam
3735 5299 3813 5355 fe-

2230 5392 2392 5446 minei
2435 5404 2488 5445 et
2539 5393 2762 5448 masculi
2815 5394 3033 5464 generis
3080 5392 3240 5448 eﬁicit
3296 5391 3455 5445 mola.
3491 5391 3626 5458 Quia
3677 5405 3814 5461 ergo

2226 5484 2390 5538 etiam
2431 5484 2600 5539 Judzei
2636 5502 2800 5539 unum
2852 5496 3240 5540 testamentum
3290 5484 3514 5546 habent,
3559 5484 3812 5537 similiter

533 5572 723 5644 καινὴν
777 5571 944 5645 μόνην
1000 5573 1179 5645 ἔχειν,
1231 5576 1333 5628 οὐκ
1380 5576 1642 5647 ἀλήθουσι
1696 5577 1754 5630 ὲν
1809 5579 1886 5650 τῷ
1916 5578 2121 5649 μυλῶνι

2233 5587 2273 5632 et
2300 5579 2554 5646 quzelibet
2598 5579 2822 5634 haeresis
2864 5594 2980 5648 quae
3019 5579 3119 5632 hoc
3166 5592 3365 5632 novum
3397 5576 3569 5631 solum
3607 5576 3809 5631 habere

535 5663 728 5736 τούτῳ,
771 5667 858 5719 ἵνα
905 5666 1212 5735 γεύσωνται
1265 5668 1359 5720 τοῦ
1416 5669 1745 5740 ἐπουρανίου
1793 5672 1987 5741 ἄρτουο
2023 5671 2118 5724 ἐὰν

2223 5672 2456 5736 videtur,
2501 5687 2606 5726 non
2643 5672 2852 5726 molunt
2899 5673 2950 5725 in
2998 5672 3100 5726 hoc
3132 5671 3379 5741 pristino,
3425 5678 3485 5724 ιιι
3529 5669 3806 5728 caelestem

606 5783 650 5853 εξ
680 5781 834 5834 Deut.
867 5797 960 5844 xx,
997 5781 1052 5834 8.
1129 5781 1178 5853 ⁸ἔ
1211 5782 1367 5834 Deut.
1400 5799 1511 5846 xxi,
1545 5783 1628 5838 18.
1710 5785 1755 5816 ⁸³
1785 5785 1916 5841 Deut
1975 5803 2109 5849 xm,

2272 5789 2316 5817 ⁸⁵
2345 5787 2475 5842 ibid.
2515 5786 2597 5840 lO.
2677 5787 2846 5842 “lsa.
2880 5803 3050 5853 χχχιι,
3079 5786 3167 5843 ‘20.
3248 5788 3290 5818 ⁸⁷
3334 5787 3490 5844 Deut.
3534 5800 3682 5853 χχιι,
3708 5781 3803 5843 25.

523 5921 530 5927 ἡ
560 5853 583 5884 ⁸
618 5851 770 5908 Deut.
820 5867 948 5906 xxm
973 5892 987 5918 ,
1019 5853 1072 5910 ’5.
1151 5852 1196 5884 ⁸⁸
1238 5853 1555 5924 bonum”,
1588 5860 1640 5910 (ἱ.
