4146 6402
428 358 532 415 815

1793 363 1888 421 EX
1917 362 2219 421 ORIGENE

3579 377 3686 434 εἶθ

431 493 625 548 panem
660 486 894 549 gustant.
943 477 1056 533 Nisi
1093 479 1258 543 enim,
1306 479 1516 549 inquit,
1563 491 1906 548 conteratur,
1949 498 1979 537 e

2110 485 2237 556 γὰρ,
2265 485 2429 556 φησὶ,
2465 486 2538 559 μὴ
2581 488 2841 561 συντριϐῇ
2878 491 2971 545 καὶ
3014 492 3188 576 ἀληθῆ
3229 495 3258 546 6
3300 494 3464 556 σῖτος,
3507 494 3685 552 ἄσιτοι

433 572 665 630 molatur
711 573 1070 636 frumentum,
1118 572 1289 640 jejuni
1337 585 1577 629 manent.
1627 575 1764 630 llinc
1795 587 1851 631 et
1886 577 2003 646 ipse

431 676 748 735 praesentem
798 667 1080 735 aggredior
1127 666 1406 736 explicare
1443 667 1615 737 legem
1650 693 1660 724 ;
1699 689 1717 721 ι
1748 668 1864 723 Non
1919 671 2002 739 pi-

435 757 694 824 guorabis
730 757 946 820 molam,
982 776 1000 808 ι
1039 758 1142 812 hoc
1185 768 1266 812 est
1291 797 1307 824 ,
1347 773 1452 813 non
1497 761 1806 829 profanabis
1848 771 2004 817 vetus

432 857 830 910 testamentum,
861 865 1033 918 neque
1057 849 1241 918 ejicies
1278 851 1407 905 illud
1443 866 1474 906 e
1503 852 1663 906 domo
1699 863 1818 918 tua;
1859 872 1876 904 ε
1909 869 2003 909 ne-

425 955 529 1008 que
572 942 905 1009 superiorem
955 941 1182 1012 lapidem
1229 942 1405 1008 molat,
1434 961 1452 994 ι
1506 942 1608 997 hoc
1647 953 1759 1009 est,
1798 961 1997 999 novum

425 1040 851 1099 testamentum;
893 1052 910 1084 ι
940 1033 1063 1102 quia
1114 1034 1351 1088 animam
1385 1033 1490 1088 iste
1537 1035 1810 1104 piguerat,
1838 1055 1856 1087 ι
1894 1039 1999 1093 hoc

423 1133 505 1179 est
567 1125 652 1179 his
711 1124 946 1178 nutritur
1011 1124 1236 1191 anima,
1290 1125 1626 1196 spiritalibus
1677 1127 1814 1184 cibis
1871 1143 1999 1199 pcr-

422 1219 616 1285 t'eptis.

497 1309 732 1362 Numero
765 1307 1122 1379 quadraginta
1149 1310 1490 1379 ﬂagellabant
1529 1312 1740 1367 eum“.
1762 1310 1998 1382 Semper

422 1401 828 1455 observavimus
872 1418 1156 1457 numerum
1204 1404 1563 1472 quadraginta
1617 1404 1772 1459 malis
1818 1405 1994 1459 obno-

421 1493 570 1547 xium
614 1491 944 1549 esse.’Unde
977 1493 1190 1563 Moyses
1221 1494 1583 1562 quadraginta
1624 1495 1822 1550 diebus
1850 1495 1991 1566 jeth-

421 1586 592 1647 navit,
622 1595 674 1637 et
710 1593 830 1654 post
858 1585 1178 1639 enmElias.
1220 1586 1358 1652 Quin
1402 1594 1456 1640 et
1498 1585 1760 1640 Salvator
1807 1597 1995 1642 noster

416 1692 445 1730 τι
499 1675 715 1730 diabolo
769 1685 1005 1729 tentatus
1057 1693 1164 1729 nou
1219 1675 1566 1730 manducavit
1634 1678 1992 1748 quadraginta

414 1766 604 1820 diebus
638 1776 692 1820 et
726 1767 1084 1837 quadraginta
1134 1767 1410 1833 noctibus,
1462 1776 1518 1823 et
1550 1783 1802 1841 maguum
1849 1769 1993 1824 dilu-

2113 577 2384 646 μὲνουσιν.
2425 578 2519 630 Ἐκ
2543 577 2735 632 τούτου
2773 576 2868 633 οὖν
2908 582 3001 634 καὶ
3035 583 3200 646 αὐτὸς
3239 581 3558 654 ὁρμώμενος
3591 585 3685 640 τὸν

2106 668 2465 739 προκείμενον
2493 669 2772 740 σαφηνίζω
2799 671 2980 741 νόμον,
3016 693 3034 723 ι
3064 673 3178 726 Οὐκ
3203 674 3549 746 ὲνεχυράσεις
3581 676 3686 744 μύ-

2105 759 2214 824 λον,
2241 779 2257 810 ι
2289 761 2585 829 τουτέστιν,
2611 763 2673 814 οὐ
2701 763 2775 834 μὴ
2830 761 3158 834 βεϐηλώσεις
3183 764 3278 836 τὴν
3305 768 3552 822 ’παλαιὰν
3587 769 3684 824 καὶ

2103 852 2167 904 οὺ
2202 851 2276 923 μὴ
2317 853 2560 917 ἀπώσεις
2584 855 2755 927 αὐτὴν
2779 857 2878 928 τῆς
2921 858 3019 929 σῆς
3052 857 3262 920 οἰκίας·
3295 877 3314 910 ι
3336 859 3459 913 οὐδὲ
3481 858 3684 929 smpti-

2103 941 2237 996 λιον·
2266 961 2284 993 ι
2321 943 2442 997 ἀντὶ
2475 944 2591 1007 τοῦ,
2617 946 2716 1014 τὴν
2762 948 2976 1018 καινὴν,
3017 966 3034 998 ι
3059 948 3142 1000 ὅτι
3169 948 3346 1021 ψυχὴν
3382 944 3536 1012 οὗτος
3557 953 3682 1004 ἐνε-

2102 1033 2350 1107 χυράζει,
2375 1055 2393 1088 ι
2417 1036 2659 1090 τουτέστι
2683 1037 2892 1102 τούτοις
2917 1039 3176 1110 τρέφεται
3199 1042 3232 1110 ἠ
3267 1039 3414 1111 ψυχὴ
3443 1041 3683 1097 ἀποληύ.

2099 1141 2236 1179 ουσα
2260 1125 2465 1198 νοητῶν
2489 1127 2827 1199 ἐδεσμάτων.

2181 1306 2418 1376 Ἀριθμῷ
2453 1310 2906 1378 τεσσαράκοντα
2947 1312 3440 1382 μαστιγώσουσιν
3461 1317 3667 1371 αὐτόν.

2115 1397 2224 1449 Ἀεί
2266 1415 2329 1466 γε
2371 1402 2750 1473 τετηρήκαμεν
2791 1405 3094 1458 κακωτικὸν
3135 1405 3264 1459 ὄντα
3323 1406 3414 1460 τὸν
3457 1414 3508 1477 μ’
3557 1409 3678 1479 ἀρι-

2097 1486 2263 1552 θμόν·
2305 1489 2426 1542 ὅθεν
2448 1492 2686 1563 Μωῦσῆς
2723 1493 2753 1544 ό
2796 1493 2969 1563 μέγας
3015 1496 3420 1566 τεσσαράκοντα
3461 1498 3678 1569 ἡμέρας

2089 1580 2413 1650 νηστεύσας,
2461 1584 2554 1636 καὶ
2609 1584 2746 1655 μετὰ
2783 1586 2972 1640 τοῦτον
3019 1589 3047 1640 ὁ
3072 1588 3292 1653 Ἠλίας’
3328 1589 3482 1644 ἀλλὰ
3525 1593 3619 1644 καὶ
3645 1593 3677 1646 6

2098 1671 2289 1743 Σωτὴρ
2317 1672 2474 1744 ἡμῶν
2499 1674 2894 1747 πειραζόμενος
2917 1679 3022 1732 ὑπὸ
3046 1680 3138 1733 τοῦ
3158 1680 3404 1734 διαϐόλου
3425 1683 3526 1735 οὐκ
3552 1683 3677 1752 ἔφα·

2093 1778 2188 1830 γεν
2217 1769 2267 1832 μ’
2310 1764 2524 1836 ἡμέρας
2552 1769 2647 1821 καὶ
2681 1775 2731 1838 μ’
2777 1768 2979 1834 νύκτας
2997 1787 3010 1800 ·
3040 1772 3135 1825 καὶ
3177 1774 3206 1825 6
3235 1773 3408 1843 μέγας
3431 1774 3488 1828 δὲ
3511 1792 3676 1828 κατα-

413 1859 558 1912 vium
616 1859 669 1912 in
732 1867 874 1914 terra
929 1861 1196 1931 contigit,
1247 1875 1370 1915 cum
1425 1860 1567 1916 Deus
1624 1863 1853 1917 imbrem
1906 1863 1979 1918 l'e-

2085 1851 2335 1924 κλυσμὸς
2374 1855 2467 1909 ἐπὶ
2505 1857 2605 1929 τῆς
2632 1857 2733 1929 γῆς
2768 1859 2999 1928 γίνεται,
3028 1859 3214 1926 ῦοντος
3234 1842 3328 1917 τοῦ
3361 1864 3519 1929 Θεοῦ,
3551 1881 3673 1920 τεσ-

411 1951 572 2006 cisset
610 1950 973 2023 quadraginta
1033 1953 1226 2008 diebus
1269 1963 1324 2010 et
1383 1953 1750 2026 quadraginta
1813 1955 1988 2011 nocti-

411 2045 533 2098 bus.

485 2157 608 2211 Non
649 2157 896 2214 immitte:
920 2157 996 2211 eis
1033 2156 1228 2227 ferrum
1255 2158 1325 2214 °'.
1369 2157 1728 2226 Quaerendum
1752 2167 1847 2213 est
1891 2172 1991 2212 cur

406 2248 561 2304 Terre
587 2263 692 2304 non
731 2250 878 2305 sinat
907 2249 1046 2304 Deus
1082 2249 1228 2321 tangi
1253 2249 1479 2320 'lapidcs
1509 2249 1600 2319 qui
1637 2248 1986 2304 aadilicatiOui

407 2338 600 2393 altaris
639 2339 964 2395 inserviunt.
1000 2337 1106 2394 Sed
1147 2348 1200 2393 et
1245 2349 1432 2406 postea
1463 2339 1530 2393 ad
1565 2339 1984 2394 aediﬁcationem

416 2432 598 2501 templi
641 2431 887 2501 praecipit
926 2433 1242 2502 congregari
1282 2432 1486 2501 lapides
1521 2433 1697 2486 securi
1746 2447 1850 2484 non
1893 2432 1988 2485 do-

407 2523 565 2589 latos,
605 2533 659 2579 ct
703 2540 768 2580 ex
810 2524 911 2579 illis
943 2523 1357 2580 aadilicationem
1405 2523 1541 2578 ﬁeri.
1591 2521 1648 2578 Si
1693 2524 1837 2577 enim
1890 2525 1986 2577 ab-

407 2617 629 2672 surdum
661 2627 745 2671 est
779 2616 920 2672 l‘erro
952 2617 1095 2688 tangi
1132 2615 1362 2686 lapidem
1405 2616 1744 2670 a:dilicationi
1773 2625 1980 2685 aptum,

381 2709 673 2779 quomodo
701 2709 984 2775 columnae,
1017 2709 1290 2779 quomodo
1323 2708 1540 2773 tabulae,
1583 2715 1638 2762 et
1666 2721 1854 2762 eorum
1887 2722 1982 2762 ca-

401 2801 586 2871 pitclla
626 2801 904 2856 elaborata
962 2801 1132 2856 sunt?
1175 2804 1286 2856 Ant
1331 2799 1604 2870 quomodo
1645 2814 1982 2869 quaecunque

399 2908 468 2948 ex
513 2907 620 2948 aere
651 2893 734 2948 vel
769 2908 904 2947 auro
955 2892 1096 2947 facta
1141 2902 1264 2948 sunt
1307 2891 1389 2946 vel
1434 2901 1678 2960 argento,
1725 2890 1979 2946 fabricari

378 2992 692 3053 potuerunt
721 2983 1050 3038 siue'ferro?
1082 2983 1159 3038 Ex
1189 2983 1278 3038 liis
1302 2982 1478 3051 liquet
1521 2996 1624 3036 non
1659 2981 1981 3049 simpliciter

388 3082 584 3129 vetare
611 3089 677 3128 ne
723 3073 928 3128 ferrum
979 3082 1166 3143 tangat
1213 3074 1438 3144 lapides.
1468 3072 1632 3144 392
1663 3073 1800 3139 Quid
1837 3087 1979 3143 ergo

397 3179 575 3220 causa:
605 3165 699 3233 sit,
738 3165 974 3220 dicimus
1007 3181 1110 3221 non
1158 3166 1511 3221 afﬁrmantes.
1551 3165 1674 3219 Ηδεο
1723 3164 1858 3219 velle
1901 3166 1979 3218 vi-

396 3256 808 3312 detur.’Durnm
849 3257 987 3314 duro
1023 3259 1244 3314 immitti
1273 3267 1332 3314 et
1365 3259 1746 3315 collidi‘vetat.
1783 3257 1973 3329 Magna

396 3349 540 3404 enim
593 3349 768 3404 solent
816 3351 950 3406 oriri
1003 3351 1140 3406 mala
1175 3367 1242 3407 ex
1281 3351 1544 3408 durorum
1589 3350 1970 3406 commistione

395 3453 449 3495 et
475 3442 771 3497 collisione.
801 3441 900 3498 Vel
939 3443 1294 3498 homicidium
1329 3445 1486 3514 longe
1526 3460 1554 3496 a
1589 3443 1754 3498 corde
1796 3441 1974 3496 bomi-

362 3527 364 3530 ’
396 3549 523 3588 num
546 3535 802 3604 expellit:
836 3545 890 3590 et
920 3536 1144 3591 omnino
1168 3534 1336 3606 juste.
1365 3537 1421 3591 Si
1469 3535 1613 3589 enim
1645 3535 1697 3587 in
1741 3532 1970 3601 lapidem

393 3628 486 3696 qui
516 3628 868 3684 ardilicatioui
916 3629 1105 3684 altaris
1137 3629 1218 3683 vel
1253 3630 1437 3697 templi
1483 3626 1730 3689 inservit,
1758 3623 1972 3678 ferrum

391 3735 498 3775 non
538 3731 621 3776 est
674 3722 1093 3787 immittendum,
1124 3729 1328 3789 quanto
1363 3719 1535 3787 magis
1561 3716 1852 3771 vetandnm
1883 3719 1968 3766 cst

389 3829 458 3869 ne
491 3813 689 3870 ferrum
715 3815 1010 3882 arripiatur
1040 3817 1106 3868 ad
1138 3814 1370 3885 proximi
1406 3811 1786 3866 homicidium.

2096 1947 2402 2018 σαράκοντα
2432 1949 2644 2021 ἡμέρας
2669 1951 2760 2004 καὶ
2785 1953 3192 2023 τεσσαράκοντα
3223 1954 3446 2021 νύκτας.

2165 2150 2286 2203 Οὐκ
2323 2149 2626 2218 ἐπιϐαλεῖς
2651 2152 2856 2219 αὐτοῖς
2883 2154 3155 2224 σίδηρον.
3195 2159 3468 2230 Ζητητὲον
3495 2159 3585 2213 διὰ
3603 2160 3671 2214 τί

2092 2241 2310 2313 σίδηρον
2335 2243 2436 2297 οὐκ
2475 2246 2539 2315 ea
2579 2244 2688 2299 τῶν
2727 2246 2890 2301 λίθων
2928 2249 3282 2318 ἅψασθαι-είς
3318 2253 3418 2322 τὴν
3464 2254 3668 2306 οἰκοδο-

2092 2331 2198 2404 μὴν
2241 2333 2334 2386 τοῦ
2398 2334 2788 2408 θυσιαστηρίου
2843 2341 3306 2411 χρησιμευὼτων.
3365 2343 3523 2397 Ἀλλὰ
3573 2346 3668 2399 καὶ

2091 2422 2232 2493 μετὰ
2263 2423 2437 2478 ταῦτα
2471 2427 2549 2489 εἰς
2574 2426 2675 2498 τὴν
2701 2429 2987 2500 οἰκοδομὴν
3018 2431 3112 2484 τοῦ
3140 2432 3268 2486 ναοῦ
3312 2433 3491 2500 λίθους
3535 2438 3669 2490 ἀπεο

2087 2513 2348 2586 λεκήτους
2396 2517 2722 2587 προστάττει
2771 2525 3114 2589 συναγαγεῖν,
3159 2524 3253 2576 καὶ
3295 2526 3666 2600 οἰκοδομῆσαι.

2087 2608 2151 2661 Εἰ
2186 2607 2298 2678 γὰρ
2335 2609 2536 2664 ἄτοπον
2565 2610 2626 2662 τὸ
2655 2610 2869 2683 σίδηρον
2914 2614 3179 2667 ἅπτεσθαι
3209 2616 3300 2669 τοῦ
3341 2617 3489 2671 λίθου
3529 2621 3666 2691 πρὸς

2085 2699 2372 2770 οἰκοδομὴν
2401 2701 2783 2773 ἁρμόττοντος,
2824 2704 2940 2768 πῶς
2971 2700 3063 2758 οῦν
3089 2705 3198 2776 ἄρα
3223 2708 3270 2760 οἱ
3302 2707 3498 2775 κίονες.
3539 2710 3664 2776 πῶς

2085 2786 2177 2844 οῦν
2203 2791 2259 2844 αἱ
2284 2791 2492 2856 σανίδες
2512 2794 2606 2847 καὶ
2635 2795 2691 2847 αἱ
2717 2794 2921 2848 τούτων
2950 2795 3234 2864 κεφαλίδες
3259 2799 3660 2870 είργάσθησαντ

2087 2885 2157 2938 Ἦ
2189 2884 2305 2949 πῶς
2335 2886 2436 2938 ὅσα
2473 2886 2537 2938 ἐκ
2572 2886 2773 2957 χαλκοῦ
2817 2887 3037 2956 γέγονεν
3077 2888 3109 2958 ἢ
3156 2889 3361 2959 χρυσοῦ
3407 2891 3440 2961 ἢ
3485 2892 3661 2963 ἀργύ-

2071 2993 2199 3048 ρρου,
2218 2976 2632 3047 κατεσκευάσθη
2649 2978 2755 3048 ἄρα
2779 2978 2906 3031 ἄνευ
2927 2977 3043 3049 σιδη
3052 2978 3168 3049 ροῦ;
3189 2981 3297 3033 Καὶ
3314 2980 3428 3043 πῶς
3445 2978 3554 3035 οἷόν
3568 2995 3662 3049 τες

2083 3067 2182 3119 Διὰ
2207 3066 2410 3122 τούτων
2427 3067 2663 3140 φανερὸν
2683 3067 2802 3139 μὲν,
2823 3069 2899 3123 ὅτι
2928 3067 3022 3138 οὐχ
3044 3070 3228 3134 ἁπλῶς
3251 3071 3576 3144 ἀπαγορεύει
3599 3073 3663 3128 τδ

2086 3159 2302 3231 σίδηρον
2337 3159 2576 3229 ἅψασθαι
2611 3161 2716 3214 τῶν
2748 3160 2932 3215 λίθων.
2958 3163 3055 3226 Τίς
3089 3160 3182 3217 οῦν
3211 3166 3244 3235 ἡ
3275 3165 3453 3230 αἰτία;
3488 3166 3662 3234 Λέγο-

2085 3268 2184 3322 μεν
2225 3252 2287 3304 οὐ
2329 3251 2806 3324 διῖσχυριξόμενοι.
2857 3253 3044 3308 Ταῦτα
3081 3254 3144 3326 δὴ
3183 3256 3382 3312 τοίνυν.
3417 3258 3662 3330 Σκληρὸν

2083 3342 2304 3415 σκληρῷ
2343 3343 2652 3396 ἐπιϐάλλειν
2690 3344 2784 3397 καὶ
2825 3345 3149 3422 συγκρούειν
3179 3346 3396 3400 κωλύει.
3434 3350 3660 3418 Μεγάλα

2081 3437 2190 3507 γὰρ
2215 3435 2358 3506 φιλεί
2389 3435 2672 3489 τίκτεσθαι
2707 3435 2854 3490 κακὰ
2882 3438 2944 3490 ὲκ
2963 3437 3068 3507 τῆς
3102 3439 3210 3492 τῶν
3240 3440 3489 3512 σκληρῶν
3521 3461 3658 3515 συμ-

2084 3526 2281 3596 μίξεως
2326 3526 2420 3579 καὶ
2454 3525 2858 3596 συγκρούσεως.
2893 3529 2965 3580 Ἦ
3001 3529 3093 3582 τὸν
3128 3530 3286 3598 φόνον
3317 3532 3394 3596 ὡς
3440 3537 3658 3607 πορρω-

2078 3617 2228 3671 τάτω
2271 3618 2370 3686 τῆς
2423 3617 2649 3688 καρδίας
2707 3617 2818 3673 τῶν
2872 3619 3174 3692 ἀνθρώπων
3226 3624 3512 3679 ἐκϐάλλει·
3564 3629 3658 3682 καὶ

2079 3709 2226 3779 μάλα
2252 3707 2492 3772 δικαίως.
2516 3710 2580 3761 El
2609 3709 2718 3782 γὰρ
2749 3710 2810 3764 ού
2838 3710 2940 3782 χρὴ
2971 3711 3103 3784 λίθῳ
3127 3713 3203 3785 τῷ
3224 3717 3658 3790 οἰκοδομουμένῳ

2076 3801 2156 3862 είς
2188 3797 2284 3869 τὴν
2310 3797 2404 3851 τοῦ
2446 3799 2829 3871 θυσιαστηρίου
2873 3805 3252 3876 κατασκευὴν,
3289 3807 3327 3876 ιῆ
3368 3808 3460 3861 τοῦ
3499 3809 3653 3876 ναοῦ,

389 3906 628 3979 σιδήριον
673 3904 999 3970 ἐπιϐάλλειν,
1048 3906 1164 3970 πῶς
1200 3905 1260 3958 οὺ
1307 3903 1506 3979 μᾶλλον
1553 3894 1958 3971 ἀπαγορευτέον
2006 3890 2066 3945 τὸ
2109 3889 2325 3960 σίδηρον
2385 3891 2676 3961 ἁρπάζειν,
2717 3893 2811 3946 καὶ
2859 3895 3002 3949 κατὰ
3035 3895 3129 3950 τοῦ
3177 3897 3402 3969 πλησίον
3454 3904 3653 3974 φονᾷν.;

460 4022 532 4076 lli
573 4023 786 4077 stabunt
837 4023 1138 4079 benedicere
1182 4023 1520 4093 pupulum".
1555 4017 1966 4078 Observandum

385 4128 470 4173 est
514 4133 610 4173 eos
651 4118 741 4187 qui
775 4119 840 4172 ad
878 4118 1304 4173 benedicendum
1354 4123 1691 4180 ‘statuuntur,
1721 4129 1752 4170 e
1781 4111 1967 4167 liberis

386 4221 441 4266 et
471 4212 713 4283 cognatis
736 4211 905 4268 Jacob
934 4212 1254 4268 mulieribus
1282 4222 1437 4268 natos
1463 4225 1621 4276 esse;
1659 4207 1752 4278 qui
1784 4216 1964 4260 autem

387 4305 452 4356 ad
487 4304 915 4358 maledicendum
961 4304 1014 4358 in
1052 4314 1234 4360 monte
1280 4302 1450 4360 Gebal
1495 4301 1858 4363 collocantur,
1893 4313 1960 4351 ex

2150 4005 2327 4065 Οὗτοι
2356 4009 2689 4078 στήσονται
2733 4013 3008 4084 εὐλογεῖν
3032 4014 3141 4069 τὸν
3169 4019 3342 4073 λαόν.
3400 4016 3654 4093 Παρατη-

2075 4106 2263 4174 ρητέον
2290 4102 2372 4156 ὅτι
2400 4105 2448 4156 οἱ
2479 4103 2721 4174 εὐλογεῖν
2748 4105 3036 4177 ταχθέντες
3065 4107 3174 4186 ἀπὸ
3198 4110 3307 4164 τῶν
3345 4111 3648 4186 ἐλευθέρων

2069 4193 2344 4262 γυναικῶν
2395 4195 2488 4248 καὶ
2538 4197 2815 4266 συγγενῶν
2863 4199 2958 4253 τοῦ
2999 4200 3194 4255 Ἰακὼϐ
3242 4205 3646 4278 ἐγεννήθησαν⁴

2070 4287 2214 4340 οὕτω
2236 4288 2287 4339 οί
2323 4287 2380 4340 δὲ
2402 4289 2751 4359 καταρᾶσθαι
2795 4291 3180 4363 ἀφορισθέντες
3210 4297 3318 4349 ἀπὸ
3354 4298 3447 4351 τοῦ
3488 4299 3650 4370 δρους

385 4396 599 4451 ancillis
624 4404 772 4451 ortos
801 4411 949 4460 esse,
975 4399 1219 4467 exceptis
1250 4396 1439 4452 Ruben
1470 4404 1523 4451 et
1552 4392 1820 4450 Zabulon.
1847 4389 1966 4445 Stat

2083 4378 2265 4444 Γεϐὰλ,
2293 4379 2403 4435 ἀπὸ
2429 4380 2538 4448 τῶν
2586 4383 2888 4438 παιδισκῶν
2920 4381 3080 4455 ἦσαν,
3127 4388 3266 4459 πλὴν
3295 4390 3389 4444 τ-ῦ
3424 4379 3649 4464 Ῥουϐὶμ

390 4487 586 4540 llubcn
630 4501 754 4540 cum
805 4485 1282 4557 Inaledicenlibus,
1307 4495 1494 4558 utpote
1552 4484 1870 4539 maledictus
1911 4491 1966 4534 et

393 4579 508 4645 ipse
537 4594 565 4631 a
595 4590 777 4647 patre.
806 4580 959 4644 Quod
986 4582 1029 4634 si
1059 4589 1114 4633 et
1149 4578 1428 4633 maledixit
1457 4576 1609 4644 Levi,
1651 4583 1706 4629 at
1747 4575 1963 4628 redem-

387 4682 513 4740 ptus
547 4680 629 4725 est
662 4671 980 4725 sacerdotali
1027 4671 1310 4740 dignitate.
1341 4669 1473 4722 Nam
1505 4670 1740 4721 maxime
1780 4679 1964 4720 sacer-

386 4763 528 4815 dotis
566 4771 644 4816 esl
694 4760 947 4831 populum
999 4761 1338 4814 benedicere.
1393 4757 1666 4812 Praeterea
1705 4755 1957 4820 Simeon,

379 4857 576 4927 quippe
602 4856 693 4925 qui
731 4855 782 4908 in
820 4856 997 4909 medio
1039 4855 1212 4908 tribus
1263 4851 1413 4906 Juda:
1443 4851 1738 4913 habitaret,
1773 4858 1828 4934 et
1860 4861 1956 4901 ceu

379 4963 505 5016 pars
537 4947 681 5003 illius
719 4953 883 5009 esset,
927 4946 1132 5000 idcirco
1179 4943 1268 5000 ubi
1297 4941 1498 5008 Judas,
1539 4939 1612 4996 ibi
1641 4950 1695 4996 et
1733 4939 1822 4994 bic
1858 4953 1958 4992 uu-

377 5051 643 5096 moratur.

453 5245 515 5300 Et
555 5247 666 5299 lucc
710 5245 1016 5310 benedictio,
1047 5260 1149 5314 qua
1180 5243 1440 5297 benedixit
1489 5239 1698 5310 Moyses
1719 5239 1787 5291 ”.
1820 5236 1952 5292 Pro-

373 5339 567 5408 pltetite
593 5333 782 5402 Jacob,
813 5351 917 5389 non
955 5349 1147 5388 omnes
1188 5332 1596 5387 benedictiones
1632 5337 1812 5391 erant,
1845 5341 1949 5380 non

369 5445 561 5484 omnes
592 5428 1018 5483 maledictioues.
1063 5425 1264 5496 Moysis
1308 5433 1491 5478 autem
1545 5419 1946 5493 praedictiones,

371 5533 579 5574 cuncta:
608 5531 764 5577 erant
794 5521 1215 5576 benedictiones.

444 5613 509 5665 Et
542 5613 804 5680 festinat-it
842 5629 907 5668 ea:
945 5624 1119 5666 monte
1166 5611 1385 5666 Pliaran
1412 5609 1479 5665 “.
1529 5608 1639 5664 lloc
1683 5616 1797 5672 cst,
1844 5619 1947 5658 non

355 5787 361 5796 -
442 5766 486 5798 ν’)
525 5764 679 5821 Deut.
708 5782 833 5834 xxv,
866 5768 917 5822 3.
996 5769 1038 5800 "
1081 5767 1232 5823 Deut.
1265 5781 1430 5834 xxv",
1463 5765 1516 5822 5.
1589 5765 1633 5798 "
1677 5763 1830 5822 Deut.
1868 5779 2041 5835 “vn,
2077 5764 2158 5819 1'2.
2235 5765 2280 5797 ”
2316 5765 2469 5822 Deut.
2502 5781 2698 5835 xxmt,
2729 5767 2779 5821 ι.

2069 4475 2166 4526 καὶ
2196 4473 2290 4526 τοῦ
2332 4474 2634 4531 Ζαϐουλὼν.
2663 4477 2930 4531 Τέτακται
2952 4477 3012 4531 δὲ
3039 4481 3073 4532 6
3115 4481 3340 4553 Ῥουϐὶμ
3377 4486 3514 4553 μετὰ
3539 4486 3647 4540 τῶν

2063 4568 2491 4639 καταρωμένων,
2517 4569 2594 4632 ὼς
2625 4571 2718 4623 καὶ
2751 4570 3137 4642 καταρώμενος
3164 4573 3267 4627 ὑπὸ
3299 4575 3393 4628 τοῦ
3423 4578 3640 4648 πατρός.

2070 4658 2132 4710 ΕΞ
2158 4658 2214 4711 δὲ
2265 4659 2483 4714 καὶτὸν
2523 4661 2655 4713 Λευὶ
2705 4664 3074 4731 κατηράσατο,
3130 4663 3266 4718 ἀλλὰ
3313 4665 3645 4739 λελύτρωται

2068 4751 2230 4814 αὐτὸς
2258 4754 2322 4822 τῇ
2342 4753 2596 4824 ,ἱερατικῇ
2624 4751 2769 4824 ἀξίᾳ.
2805 4753 3056 4807 Μάλιστα
3086 4753 3193 4826 γὰρ
3214 4757 3411 4829 ίερέως
3437 4759 3556 4812 ἐστὶ
3585 4761 3646 4812 τὸ

2064 4843 2158 4898 τὸν
2185 4844 2312 4898 λαὸν
2339 4845 2596 4912 εὐλογεῖν.
2633 4844 2792 4898 Ἀλλὰ
2827 4845 2922 4898 καὶ
2949 4849 2978 4900 6
3015 4846 3238 4918 Συμεὼν
3272 4849 3358 4913 -ὡς
3398 4853 3454 4904 ὲν
3491 4851 3643 4922 μέσῳ

2063 4937 2165 5007 τῆς
2211 4937 2374 4990 Ἰούδα
2405 4938 2575 5009 φυλῆς
2614 4939 2860 5008 οἰκήσας,
2900 4938 2993 4992 καὶ
3027 4939 3216 5012 ὥσπερ
3266 4941 3430 5014 μέρος
3471 4944 3643 5015 αὐτῆς

2064 5031 2333 5099 γεγονὼς,
2385 5031 2473 5085 διὰ
2527 5030 2686 5084 τοῦτο
2733 5033 2868 5084 ὅπου
2909 5031 3142 5096 Ἰούδας,
3180 5036 3296 5088 ἐκεῖ
3329 5036 3423 5089 καὶ
3475 5037 3640 5102 αὐτὸς

2057 5122 2400 5193 ἀριθμεῖται.

2127 5236 2238 5289 Καὶ
2268 5223 2494 5308 αὕτηή
2528 5238 2773 5307 εὐλογία
2809 5235 2888 5305 ἣν
2924 5241 3233 5310 ηὐλόγησε
3262 5243 3541 5313 Μωϋσῆς.
3567 5247 3634 5299 Al

2060 5331 2212 5400 παρὰ
2251 5330 2442 5384 Ἰακὼϐ
2471 5332 2823 5402 προρρήσεις,
2853 5331 2976 5384 οῦτε
3006 5336 3173 5388 πᾶσαι
3205 5336 3446 5405 εὐλογίαι
3468 5333 3630 5409 ἦσαν,

2056 5421 2181 5475 οὔτε
2215 5426 2384 5477 πᾶσαι
2423 5426 2586 5496 ἀραί·
2617 5428 2670 5478 al
2706 5425 2761 5477 δὲ
2804 5425 2954 5496 παρὰ
2993 5428 3289 5494 Μωῦσέως,
3323 5432 3494 5484 πᾶσαι
3537 5431 3626 5484 ef)-

2061 5513 2259 5570 λογίαι.

2165 5533 2259 5570 ιαι.

2125 5533 2240 5664 :(al
2289 5609 2710 5667 κατέσπευσεν
2755 5611 2824 5677 ἐξ
2877 5612 3054 5682 ὄρους
3093 5612 3315 5681 Φαράν.
3365 5614 3630 5672 Τουτέστι

2858 5766 2902 5799 ⁸⁸
2939 5767 3070 5822 ibid.
3093 5768 3148 5821 2.
