4146 6392
496 388 603 447 81:1

1664 376 1977 434 SELECTA
2010 374 2077 431 IN
2108 372 2329 430 JESUM
2360 371 2563 428 NAVE.

3667 369 3765 425 SlS

497 501 577 574 τῷ
625 500 822 574 μηκέτι
858 498 936 571 τῷ
976 498 1195 571 Ἰσραὴλ
1248 495 1634 569 χρηματίζειν,
1687 496 1824 552 ἀλλὰ
1872 498 1984 560 τοῖς
2030 494 2090 559 ἐξ

2196 492 2428 561 amplius
2460 489 2680 553 lsraeli,
2730 491 2824 544 sed
2872 490 2937 545 iis
2986 490 3078 561 qui
3112 506 3177 546 ex
3234 487 3508 558 gentibus,
3554 484 3771 542 oracula

503 592 691 659 ἐθνῶν,
732 594 824 647 καὶ
870 593 961 645 τὸν
1012 591 1175 662 νόμον
1208 590 1425 660 ἔστησε.
1482 588 1654 641 Τοῦτο
1705 588 1836 658 γὰρ,
1874 606 1891 639 ι
1927 587 2082 639 κατέ-

2196 600 2461 652 promere,
2496 594 2550 636 et.
2593 582 2693 651 legi
2735 582 2895 637 linem
2943 583 3222 650 imposuit.
3273 582 3418 637 Istud
3472 581 3617 635 enim
3667 580 3771 635 sibi

503 703 737 741 σπευσεν
776 686 834 753 ἐξ
882 686 1043 758 ὄρους
1087 685 1291 757 Φαρὰν,
1320 703 1337 733 ι
1388 681 1564 735 εἵτουν
1611 698 1631 732 ι
1669 681 2033 738 κατέπαυσεν..
2061 700 2079 732 ι

498 779 636 850 ὅπερ
680 778 841 851 ἑτέρα
884 778 1127 849 περιέχει
1186 776 1394 847 γραφὴ,
1443 775 1563 828 ἀντὶ
1608 774 1738 840 τοῦ,
1781 773 2087 837 σπουδαίως

498 869 597 941 τὴν
631 869 791 923 σκιὰν
821 870 1158 940 καταλείψει,
1188 870 1283 924 καὶ
1310 869 1410 940 τὴν
1451 867 1712 939 ἀλήθειαν
1749 868 1879 938 ἡμῖν
1922 883 2086 934 φανε-

462 952 467 957 ’
503 960 688 1035 ρώσει.

572 1055 700 1109 Σὺν
734 1054 983 1123 μυριάσι
1028 1054 1251 1123 Κάδης.
1305 1052 1422 1106 Νῦν
1469 1052 1658 1125 Κάδης
1697 1052 1759 1104 οὐ
1798 1051 1890 1103 τὸν
1923 1050 2086 1103 τόπον

502 1145 669 1215 λέγει,
710 1147 845 1200 ἀλλὰ
873 1148 999 1211 τοὺς
1030 1146 1239 1215 ἁγίους.
1265 1145 1455 1216 Κάδης
1487 1144 1598 1216 γὰρ
1628 1142 1693 1198 τὸ
1721 1143 1893 1213 ἅγιον
1935 1142 2089 1211 λέγε-

501 1256 592 1293 ται
622 1242 687 1310 τῇ
727 1239 969 1312 Ἐϐραΐδι
1004 1237 1239 1310 γλώττῃ.

574 1332 683 1385 Καὶ
718 1332 1001 1400 ἐφείσατο
1027 1331 1133 1385 τοῦ
1160 1329 1316 1390 λαοῦ
1338 1329 1546 1385 αὑτοῦ.
1568 1329 1882 1392 Τουτέστιν,
1913 1327 2087 1381 ἔσωσε

504 1423 945 1495 παραγενόμενος
987 1423 1114 1487 τοὺς
1166 1424 1228 1475 οῦ
1281 1422 1445 1486 λαοὺς
1496 1423 1646 1485 ποτὲ,
1694 1422 1789 1476 νῦν
1836 1422 1892 1475 δὲ
1926 1422 2088 1486 λαοὺς

501 1516 656 1577 Θεοῦ,
685 1516 810 1579 τοὺς
833 1517 932 1569 οὐκ
957 1515 1316 1587 ὴλεημένους,
1349 1515 1444 1569 νῦν
1480 1515 1537 1568 δὲ
1566 1514 1907 1587 ὲλεηθέντας.
1946 1534 1963 1565 ι
1998 1516 2088 1568 Ἑν

500 1606 675 1676 τούτῳ
722 1606 850 1679 γὰρ,
882 1609 1049 1680 φησὶν
1076 1609 1104 1660 ὁ
1147 1608 1447 1672 ἀπόστολος
1489 1609 1727 1680 Πέτρος,
1769 1608 2088 1680 ἐφανερώθη
2124 1634 2127 1637 ·

501 1700 689 1769 ἀγάπη
743 1700 835 1752 τοῦ
880 1699 1014 1753 Θεοῦ
1065 1701 1122 1753 ὲν
1163 1702 1315 1772 ἡμῖν.
1340 1720 1358 1754 ι
1422 1700 1537 1755 Καὶ
1576 1702 1606 1754 ὁ
1638 1700 1793 1769 ἅγιος
1836 1701 2091 1773 Ἰωάννης

499 1787 749 1859 λέγειιὲν
762 1794 843 1862 τῇ
869 1790 1151 1862 καθολικῇ,
1185 1792 1287 1845 ὅτι
1307 1811 1325 1843 ι
1354 1792 1445 1845 τὸν
1478 1792 1606 1845 Υἰὸν
1645 1792 1812 1846 αὑτοῦ
1832 1824 1833 1829 η
1855 1792 1949 1846 τὸν
1988 1810 2083 1863 μο-

500 1885 693 1955 νογενῆ
734 1884 1075 1939 ἀπέσταλκεν
1116 1888 1144 1940 ὁ
1176 1886 1308 1950 Θεὸς
1347 1888 1426 1950 εἰς
1466 1885 1557 1940 τὸν
1598 1886 1822 1958 κόσμον,
1855 1887 1941 1941 ἴνα
1987 1887 2086 1958 ζή-

503 1991 685 2045 σωμεν
722 1974 791 2027 δι’
820 1973 1007 2031 αὐτοῦ.
1046 1994 1064 2027 ι
1098 1976 1213 2053 Καὶ
1241 1978 1269 2029 ὁ
1313 1976 1585 2049 μακάριος
1633 1978 1709 2031 δὲ
1737 1977 1949 2042 Παῦλός
1980 1997 2091 2051 φη-

504 2084 617 2120 σιν·
663 2088 683 2120 ι
709 2070 776 2123 "O
802 2086 863 2139 γε
892 2069 986 2122 τοῦ
1023 2068 1151 2123 ἰδίου
1194 2069 1327 2123 Υἱοῦ
1356 2072 1458 2125 οὐκ
1484 2054 1760 2141 ἐφείσατο,
1782 2072 1909 2126 ἀλλ’
1947 2072 2089 2144 ὑπὲρ

502 2160 661 2230 ἡμῶν
686 2162 911 2216 πάντων»
928 2163 1245 2235 παρέδωκεν
1272 2164 1452 2219 αὐτόν.
1482 2184 1500 2216 ι
1552 2165 1838 2235 Ἐφείσατο
1869 2162 1963 2220 οῦν
1993 2165 2089 2219 τοῦ

500 2249 652 2304 iam};

569 2343 678 2396 Kal
717 2344 943 2413 πάντες
971 2350 1024 2401 οἱ
1054 2347 1411 2418 ἡγιασμένοι
1435 2348 1554 2403 ὑπὸ
1581 2348 1689 2415 τὰς
1718 2348 1921 2419 χεῖράς
1950 2357 2088 2405 σουέ

502 2435 727 2489 Πάντων
759 2436 869 2509 γὰρ
908 2441 1121 2508 κρατεῖ,
1162 2440 1237 2504 ὡς
1284 2438 1540 2510 βασιλεὺς
1576 2440 1805 2512 οὐρανοῦ
1839 2442 1932 2495 καὶ
1964 2442 2089 2513 γῆς.

510 2527 599 2591 Ὠς
638 2527 850 2599 βασιλεί
880 2531 1298 2603 παριστάμενοι,
1343 2531 1418 2596 ὼς
1449 2531 1568 2603 Θεῷ
1616 2533 2088 2605 λειτουργοῦντες,

498 2619 574 2682 ὡς
618 2624 815 2692 ποιητῇ
866 2624 1334 2695 προσκυνοῦντες,
1397 2625 1490 2679 καὶ
1545 2626 1638 2679 ὑπ’
1695 2627 1857 2681 αὐτόν
1916 2628 2087 2682 εἰσιν·

504 2730 523 2763 ι
552 2712 713 2777 αὐτὸς
742 2714 849 2786 γὰρ
881 2716 972 2769 καὶ⁸
1001 2717 1071 2770 τὰ
1100 2718 1277 2772 πάντα
1319 2717 1586 2785 ὑπέταξεν
1615 2718 1722 2772 ὑπὸ
1749 2719 1877 2783 τοὺς
1923 2720 2091 2785 πόδας

499 2824 686 2860 αυτου.
716 2826 737 2859 Ι

568 2901 979 2969 Συναχθέγτες
1006 2902 1295 2972 ἄρχοντες
1339 2904 1525 2961 λαῶν.
1580 2908 1643 2959 Οἱ
1677 2906 1951 2960 θεσπέσιος.
1989 2925 2093 2977 μα-

501 2988 680 3059 θηταὶ,
813 3009 945 3062 φησι
1003 2993 1097 3046 καὶ
1138 2995 1168 3046 ὁ
1227 2995 1390 3047 Δαυὶδ
1422 2997 1487 3049 ὲκ
1530 2995 1826 3066 προσώπου
1873 2995 2088 3054 αὐτῶν

506 3098 526 3133 ι
551 3081 814 3147 ’Υπὲταξε
835 3083 996 3148 λαοὺς
1016 3086 1266 3156 nmmum}.
1281 3086 1407 3157 ἔθνη
1427 3088 1530 3140 ὑπὸ
1544 3090 1671 3151 τοὺς
1691 3090 1856 3152 πόδας
1876 3091 1908 3159 ὴ
1917 3092 2053 3158 μῶν.
2069 3108 2087 3141 ι

2190 676 2343 730 νιιΙι;
2388 695 2405 725 ι
2442 675 2724 727 festinavit
2768 689 2831 727 ex
2875 685 3056 727 IllOllle
3096 674 3332 735 I’baran,
3358 693 3377 726 ι
3424 673 3506 728 vel
3540 693 3557 724 ι
3586 688 3772 728 cessa-

2188 770 2327 829 vit,»
2367 779 2425 822 ut
2470 769 2573 820 alia
2625 767 2783 820 habet
2838 767 3213 837 interpretatio
3249 785 3262 822 :
3305 768 3459 837 quasi
3514 768 3721 821 diceret
3756 779 3775 821 :

2187 862 2374 916 sedulo
2432 862 2677 914 umbram
2740 860 3104 929 derclinquet,
3169 869 3225 915 et
3277 861 3563 917 veritatem
3616 863 3775 915 nobis

2187 954 2458 1009 ostendet.

2260 1047 2393 1101 Cum
2437 1047 2625 1100 decem
2652 1045 2887 1101 millibus
2915 1047 3084 1103 Cades
3107 1048 3179 1103 ".
3224 1046 3382 1103 Nunc
3425 1046 3622 1114 Catles,
3663 1062 3775 1103 non

2190 1142 2367 1197 locum
2411 1141 2577 1204 dicit,
2610 1141 2704 1195 sed
2742 1151 2983 1197 sanctos.
3013 1143 3189 1199 Gades
3219 1142 3365 1199 enim
3404 1152 3645 1197 sanctum
3694 1142 3778 1197 di-

2187 1236 2332 1291 citur
2360 1234 2626 1289 Ilebraiea
2662 1235 2867 1302 lingua.

2264 1328 2328 1382 Et
2374 1329 2605 1397 pepercit
2649 1328 2841 1397 popqu
2871 1328 3057 1384 suo".
3106 1326 3217 1382 Iloc
3266 1337 3375 1392 est,
3396 1329 3632 1383 adventu
3679 1340 3780 1383 suo

2190 1422 2418 1476 salvavit
2457 1436 2552 1476 eos
2592 1421 2683 1489 qui
2718 1422 2848 1476 olim
2887 1436 2995 1475 non
3038 1420 3245 1490 populi,
3279 1436 3422 1476 nunc
3458 1431 3638 1474 autem
3681 1435 3779 1490 po-

2190 1515 2300 1585 puli
2349 1523 2477 1570 sunt
2510 1513 2630 1579 Dei,
2658 1528 2796 1581 quos
2833 1513 3212 1568 misericordia
3260 1529 3365 1567 non
3414 1514 3795 1583 comprensum

2191 1609 2365 1671 derat,
2413 1622 2558 1662 nunc
2600 1615 2779 1660 autem
2818 1606 3267 1673 comprehendit;
3308 1606 3411 1660 ιηίιι
3464 1605 3566 1660 hoc
3606 1607 3779 1671 enim,

2193 1701 2371 1769 inquit
2401 1699 2681 1769 apostolus
2716 1698 2916 1754 Petrus
2936 1698 3007 1763 ⁸⁷,
3034 1699 3287 1769 apparuit
3319 1697 3563 1753 cbaritas
3595 1698 3689 1753 Dei
3726 1699 3781 1754 in

2196 1793 2371 1847 nobis.
2394 1811 2413 1844 ι
2449 1792 2520 1846 Et
2562 1801 2787 1847 sanctus
2815 1788 3058 1846 Joannes
3091 1795 3143 1845 in
3175 1789 3446 1846 catholica
3488 1791 3626 1846 dicit
3653 1791 3782 1860 Epi-

2194 1886 2332 1941 stola
2357 1885 2429 1951 9°,
2469 1884 2732 1954 quoniam
2773 1883 3026 1938 (Filium
3061 1899 3218 1939 suum
3253 1883 3596 1953 unigenitum
3634 1884 3786 1939 misit

2198 1979 2341 2035 Deus
2372 1979 2425 2033 in
2465 1979 2723 2033 mundum
2771 1985 2826 2031 ut
2872 1976 3120 2032 vivamus
3146 1992 3241 2048 per
3264 1991 3407 2033 eum.
3438 1996 3456 2030 ι
3494 1977 3559 2032 Ει
3594 1977 3789 2032 beatus

2196 2073 2395 2129 Paulus
2424 2074 2501 2128 ait
2521 2074 2567 2105 θ’
2596 2089 2611 2126 :
2654 2091 2672 2124 ι
2702 2065 2978 2141 ProprioF
2984 2069 3074 2125 ilio
3105 2086 3211 2127 non
3264 2072 3529 2141 pepercit,
3560 2070 3653 2126 sed
3684 2085 3788 2140 pro

2196 2165 2356 2221 nobis
2395 2164 2649 2221 omnibus
2701 2162 2927 2218 tradidit
2963 2163 3139 2218 illum.
3164 2181 3186 2216 ι
3222 2163 3478 2233 Pepercit
3519 2178 3649 2235 ergo
3682 2178 3784 2233 po.

2198 2260 2344 2332 pulo.

2270 2353 2337 2409 Et
2364 2370 2545 2409 omnes
2596 2354 2921 2424 sanctiﬁcati
2948 2352 3045 2408 sub
3076 2368 3264 2406 manus
3301 2360 3426 2405 tetas
3454 2352 3493 2404 ¹.
3521 2350 3788 2407 Omnibus

2198 2448 2343 2502 cnim
2373 2447 2715 2513 dominatur,
2744 2455 2933 2516 utpote
2966 2461 3061 2501 rex
3100 2443 3224 2499 ειπειί
3258 2455 3312 2499 et
3345 2452 3530 2498 terrae.
3558 2443 3629 2499 Ut
3674 2443 3789 2512 regi

2199 2548 2464 2605 astantes,
2492 2540 2679 2596 utDeo
2710 2540 3106 2604 ministrantes,
3137 2545 3196 2591 ut
3224 2544 3526 2592 creatorem
3553 2535 3789 2591 adoran-

2201 2641 2301 2699 tes,
2325 2633 2487 2687 eliam
2526 2632 2627 2687 sub
2656 2632 2772 2702 ipso
2793 2640 2942 2701 sunt,
2974 2651 2991 2683 ι
3029 2631 3143 2702 ipse
3167 2629 3311 2686 enim
3334 2630 3524 2686 ‘onmia
3555 2628 3791 2699 subjecit

2199 2727 2299 2783 sub
2332 2710 2560 2796 pedibus
2593 2727 2707 2783 suis
2728 2727 2768 2782 '.
2798 2745 2817 2780 ι

2270 2909 2433 2981 393
2482 2909 2798 2979 Congregati
2839 2906 3102 2974 principes
3149 2902 3463 2974 populorum
3514 2902 3557 2956 ³.
3609 2900 3789 2955 Divini

2201 3003 2461 3056 nimirqu
2496 2999 2766 3064 discipuli,
2798 2996 3260 3067 quemadmodum
3309 3003 3366 3049 et
3400 2992 3567 3048 David
3592 3006 3660 3048 ex
3693 3007 3788 3048 eo-

2204 3107 2323 3147 rum
2370 3106 2604 3161 persona
2652 3089 2778 3143 ait‘
2821 3107 2835 3144 :
2883 3106 2903 3141 ι
2955 3087 3198 3155 Subjecit
3247 3085 3474 3156 populos
3523 3086 3681 3140 nobis
3732 3094 3791 3140 et

502 3174 615 3226 Καὶ
656 3175 819 3228 πάλιν
844 3192 856 3204 ⁸
904 3177 1201 3247 Ἄρχοντες
1248 3176 1393 3229 λαῶν
1430 3178 1793 3250 συνήχθησαν.
1834 3181 1972 3251 μετὰ
1997 3181 2090 3235 τοῦ

2200 3192 2392 3255 gentes
2421 3183 2522 3238 sub
2549 3180 2777 3251 pedibus
2820 3178 3046 3234 nostris.
3082 3195 3100 3229 ι
3130 3178 3198 3232 Ει
3251 3192 3440 3233 rursus
3464 3178 3486 3209 ⁸
3518 3194 3531 3230 :
3571 3194 3597 3228 ι
3630 3176 3791 3230 Prin-

500 3266 638 3319 Θεοῦ
680 3266 952 3338 Ἁϐραάμ.
992 3287 1010 3319 ι
1066 3267 1177 3339 Τὴν
1202 3265 1508 3340 κλῆσινοῦν
1559 3270 1711 3342 δηλοῖ
1762 3273 1871 3326 τῶν
1900 3274 2095 3342 ἐθνῶν,

499 3353 577 3423 ὥς
603 3360 697 3413 τοῦ
750 3361 885 3415 Θεοῦ
938 3362 1221 3433 μέλλοντος
1276 3362 1463 3436 ἄρξειν
1525 3364 1584 3417 ὲν
1628 3364 1813 3437 ταύτῷ
1863 3367 1958 3419 καὶ¹
2001 3367 2093 3422 τοῦ

515 3454 731 3525 Ἰσραὴλ
758 3454 853 3529 καὶ
882 3455 991 3507 τῶν
1009 3455 1201 3510 ἐθνῶν.
1238 3474 1256 3507 ι
1308 3456 1694 3529 Ἡγαπημένος
1735 3478 1754 3511 ι
1789 3460 1847 3514 δὲ
1878 3460 2093 3530 λέγεται

500 3549 529 3600 ὁ
561 3547 706 3610 Υἱός.
763 3566 782 3597 ‹
822 3539 1127 3619 Οὗτοςιγάρ
1148 3548 1287 3613 ἐστι,
1316 3550 1499 3620 φησὶν,
1533 3551 1561 3603 ὁ
1596 3550 1724 3615 Υἱός
1768 3570 1869 3623 μου
1897 3556 1926 3608 ὁ
1962 3555 2097 3625 ἀγα-

502 3639 692 3709 πητός.
733 3658 751 3690 ι
784 3640 893 3692 Καὶ
924 3639 1012 3693 διὰ
1035 3639 1195 3695 τοῦτο
1226 3640 1384 3713 ἄρχει
1411 3641 1567 3714 ἡμῶν
1592 3644 1623 3696 ὁ
1656 3645 1847 3717 Πατὴρ
1876 3647 1969 3701 καὶ
1996 3646 2095 3719 βα·-

504 3731 739 3785 σιλεύει..

2203 3276 2352 3346 cipes
2398 3272 2747 3345 populorum.
2770 3269 3085 3341 congregati
3121 3278 3253 3324 sunt
3291 3284 3416 3324 cum
3470 3269 3580 3323 Deo
3613 3267 3794 3322 Abra-

2203 3367 2353 3422 bam.
2392 3385 2411 3418 ι
2459 3363 2813 3421 Vocationem
2854 3361 3024 3432 igitur
3049 3362 3323 3432 signiﬁcat
3375 3361 3642 3432 gentium,
3672 3359 3790 3415 fore

2204 3474 2401 3529 nempe
2428 3467 2487 3513 ut
2520 3457 2662 3512 Deus
2686 3455 2849 3511 simul
2877 3465 2931 3511 et
2958 3454 3124 3511 Israel
3154 3463 3211 3510 et
3244 3454 3497 3524 gentibus
3534 3454 3786 3524 imperet.

2208 3569 2228 3604 ι
2259 3550 2501 3604 Dilectus
2533 3565 2554 3600 ι
2582 3557 2787 3614 autem,
2820 3547 3019 3603 dicitur
3042 3546 3231 3601 Filius.
3273 3564 3292 3597 ι
3318 3545 3438 3601 Ille
3486 3546 3632 3601 enim
3677 3556 3787 3611 est,

2204 3643 2380 3714 inquit
2404 3642 2447 3708 ⁸,
2474 3640 2647 3696 Filius
2676 3654 2830 3696 meus
2856 3640 3116 3695 dilectus.
3155 3658 3174 3691 ι
3221 3639 3287 3692 Ει
3339 3648 3630 3709 propterea
3683 3637 3790 3694 Pa~

2209 3744 2292 3791 ter
2326 3749 2423 3791 rex
2458 3743 2647 3790 noster
2670 3742 2732 3789 et-
2756 3733 3014 3803 princeps
3041 3742 3226 3789 noster
3253 3742 3360 3787 est.

574 3871 622 3904 ’⁸
647 3872 806 3942 Deut.
840 3887 1031 3933 xxxnr,
1056 3872 1125 3926 9.-
1188 3876 1234 3907 ’⁸
1275 3876 1382 3930 ibid
1435 3875 1487 3929 5.
1565 3877 1612 3909 ⁹τ
1636 3876 1650 3930 l
1674 3876 1832 3932 Joan.
1863 3893 1938 3942 Iv,
1967 3878 2034 3933 9.

2196 3877 2317 3932 ιΙιίιΙ.
2390 3876 2436 3910 ⁸³
2477 3876 2634 3929 Rom.
2665 3873 2894 3937 vm,52.
2973 3873 3166 3929 'D’eut.
3192 3887 3384 3940 χχχιιι,
3409 3871 3467 3927 3.
3542 3868 3565 3903 ’
3603 3866 3623 3923 I
3656 3866 3796 3925 Cor.

505 3956 595 4009 xv,
636 3941 726 3995 26.
806 3941 1010 3997 ³υυιιι.
1055 3960 1247 4009 xxxiii,
1300 3946 1355 4001 5.
1433 3946 1455 3978 ’⁵
1484 3949 1626 4003 Psnl.
1660 3964 1804 4013 XLVI,
1847 3941 1930 4001 4.7
1975 3948 2090 4003 “ibi

2216 3949 2311 4003 1οι
2380 3948 2402 3979 ⁸
2436 3946 2627 4001 Matth.
2667 3961 2749 4011 ιιι,
2782 3945 2870 4000 17.

520 4132 3789 4168 W

1854 4246 2435 4398 MONITUM

1251 4498 1346 4554 AD
1381 4495 1705 4555 OlilGENIS
1747 4494 2130 4555 EXEGETICA
2176 4498 2244 4554 ΙΝ
2284 4497 2549 4556 LIBRUM
2590 4497 2757 4554 JESU
2801 4494 3019 4555 NAVE.

585 4784 802 4858 Ruﬁnus
830 4786 887 4858 in
903 4788 1239 4858 peroratione
1261 4786 1331 4839 ad
1358 4786 1843 4858 interpretationem
1892 4786 2410 4844 Commentariorum
2436 4786 2684 4858 Oi'igenis
2737 4786 2792 4841 in
2836 4784 3136 4858 Epistolam
3177 4787 3250 4841 ad
3299 4786 3591 4856 Romanos,
3635 4789 3711 4842 ait
3736 4805 3791 4843 se

511 4856 769 4930 evertendis
792 4857 905 4930 ejus
932 4856 1347 4930 éﬁqmttxoigin
1373 4859 1567 4911 librum
1589 4858 1717 4930 Jesu
1745 4857 1897 4913 Nave
1921 4860 2055 4912 nihil
2086 4878 2119 4913 a
2137 4861 2244 4929 ﬁde
2264 4867 2438 4914 textus
2460 4856 2632 4930 (ἷνὶοοὶ
2663 4859 2955 4930 recessisse.
2991 4875 3007 4908 ι
3038 4857 3167 4920 Illa,
3198 4859 3391 4928 inquit,
3418 4876 3538 4930 qua;
3555 4863 3629 4930 fin
3651 4858 3784 4911 Jcsn

512 4925 727 4979 Nave...
756 4925 1418 4996 scripsimus,simpliciter
1442 4929 1797 4995 expressimus
1836 4938 1892 4982 ut
1917 4925 2233 4996 invenimus,
2263 4940 2309 4984 et
2336 4946 2439 4983 non
2463 4929 2627 4980 multo
2654 4944 2775 4982 cum
2820 4928 3001 4982 labore
3039 4925 3439 4984 transtulimus;
3471 4949 3490 4981 ι
3519 4929 3697 4983 Hodie
3722 4943 3787 4981 et

507 4997 621 5066 ejus
646 4998 1079 5070 interpretatione
1111 5010 1317 5070 exstant
1344 5000 1399 5052 in
1428 5001 1566 5052 hunc
1589 4999 1784 5051 librum
1808 5015 1899 5052 sea:
1943 5010 1989 5053 et
2018 5002 2202 5070 viginti
2229 5000 2483 5054 homiliw.
2520 4997 2764 5070 Triginta
2790 5009 3179 5070 commemorat
3236 4999 3588 5053 Cassiolorus
3633 4997 3789 5052 Iustis

509 5064 610 5126 tnt.
642 5082 760 5140 cap.
790 5066 842 5121 l.
868 5064 1092 5140 initium
1128 5069 1387 5140 vigesima:
1412 5079 1822 5140 reprwseritatur
1848 5064 2155 5124 Philocaliae
2185 5072 2355 5139 capite
2382 5064 2716 5134 duodecimo,
2744 5069 2971 5139 hincque
2999 5068 3294 5125 obstruitur
3317 5086 3375 5124 os
3404 5070 3605 5140 aliquot
3630 5072 3779 5123 Itetev-

511 5138 763 5211 rodumis,
799 5138 1126 5211 qni__absque
1154 5138 1262 5191 ulla
1282 5140 1499 5211 ratione
1530 5143 1626 5194 tias
1652 5139 1901 5194 homilias
1925 5139 2140 5210 Origeni
2168 5138 2567 5211 abjudicarunt.

589 5208 723 5260 l’ost-
742 5206 987 5259 liomilias
1012 5206 1065 5261 in
1092 5209 1380 5280 Jeremiam
1403 5212 1616 5278 scripta:
1637 5221 1784 5275 sunt,
1826 5212 1902 5264 uti
1947 5206 2087 5278 paiet
2115 5228 2179 5265 ea:
2202 5206 2424 5265 liomilia
2454 5210 2659 5263 decima
2707 5210 2889 5276 tertia,
2918 5211 3153 5280 adeoque
3180 5226 3246 5265 ex
3278 5209 3654 5264 illarumsunt
3684 5227 3783 5263 nu-

510 5294 674 5343 mero,
701 5293 831 5350 quas
847 5282 1202 5350 Asepugenario
1230 5279 1406 5347 major
1436 5282 1503 5332 ad
1532 5281 1782 5346 populant
1804 5283 2008 5345 habuit,
2036 5281 2377 5348 videnturque
2402 5280 2763 5348 pronuntiata:
2791 5282 2935 5334 circa
2963 5279 3120 5350 ﬁnem
3149 5283 3277 5335 anni
3304 5280 3433 5345 249,
3461 5280 3536 5333 vel
3560 5282 3654 5333 sub
3683 5282 3781 5350 ini-

506 5350 639 5471 tiubm
667 5346 791 5401 anni
840 5347 967 5414 250,
989 5346 999 5348 ⁷
1020 5350 1445 5419 quandoquidem
1493 5351 1712 5405 Iwmilia
1735 5369 1873 5407 nona
1898 5350 2266 5422 gravissimam
2292 5346 2543 5406 memorat
2567 5346 2981 5422 persecutionem
3005 5367 3123 5420 qua:
3154 5362 3278 5405 tunc
3316 5350 3610 5403 Ecclesium
3643 5346 3784 5422 afﬂi-

506 5435 567 5471 ae
601 5428 678 5471 at.

504 5428 678 5490 gebat.

575 5489 906 5560 Fragmenta
942 5486 1132 5545 (ἐι-(ιτα
1153 5506 1269 5562 qua:
1294 5492 1637 5548 [conciliaram
1661 5492 1824 5563 fronti
1852 5493 2073 5564 prwﬁxa
2100 5503 2244 5563 sunt,
2267 5511 2295 5551 e
2319 5492 2532 5551 Catenis
2559 5494 2930 5560 manuscriptis
2957 5503 3077 5546 sunt
3096 5490 3427 5558 deprompta.

2095 5721 2198 5759 τοι-δέ
