4146 6414
372 362 470 418 819
1611 367 1614 370 ’
1738 381 1827 437 EX
1855 383 1935 439 Oli

2038 387 2157 441 ΞΝΕ
3535 391 3640 464 εέξθ

391 521 3638 584 ——___..___.____________________________

738 685 1689 822 ΩΡΙΓΕΝΟΥΣ
1765 700 2031 826 ΕΙΣ
2109 702 2751 892 ΙΗΣΟΥΝ
2823 703 3283 842 ΝΑΥΗ

1753 959 2271 1048 ΕΚΛΟΓΑΙ.

756 1351 919 1443 EX
993 1351 1544 1448 ORIGENE
1615 1361 2135 1457 SELECTA
2212 1371 2340 1459 IN
2415 1371 2798 1468 JESUM
2875 1378 3237 1474 NAVE.

432 1775 510 1831 Tu
533 1785 582 1832 et
608 1779 778 1833 omnis
828 1779 1054 1847 populus
1090 1782 1187 1836 iste
1218 1784 1260 1837 ⁷.
1285 1781 1738 1844 Custodientibus
1773 1790 1935 1860 legen

2125 1794 2233 1858 Σὺ,
2261 1794 2362 1848 καὶ
2391 1793 2511 1862 πᾶς
2537 1799 2570 1850 ὁ
2592 1797 2744 1864 λαὸς
2769 1795 2969 1866 οὗτος.
3007 1801 3133 1864 Τοῖς
3173 1800 3503 1871 φυλάσσουσι
3552 1802 3649 1863 τὸν

357 1869 612 1939 promisit
647 1884 707 1926 se
751 1871 1006 1926 daturum
1040 1887 1161 1942 qua:
1200 1876 1475 1945 praedixit,
1532 1895 1640 1936 non
1675 1895 1808 1938 vero
1844 1881 1935 1939 soli

2051 1887 2212 1956 νόμον
2240 1888 2509 1959 ὑπέσχετο
2533 1889 2731 1945 διδόναι
2762 1891 2799 1945 ἃ.
2837 1869 3200 1966 προείρηκενλ
3239 1895 3300 1948 οὐ
3326 1895 3436 1968 γὰρ
3469 1897 3646 1970 Ἰησοῦ

355 1961 485 2016 Jesu
527 1961 640 2018 ﬁlio
667 1960 836 2017 Nave.
868 1963 974 2031 Qui
1013 1965 1162 2022 enim
1197 1968 1374 2038 legem
1428 1986 1532 2026 non
1566 1973 1935 2030 custodierunt

2049 1977 2128 2048 τῷ
2153 1979 2334 2051 Ναυῆ.
2388 1981 2480 2052 Μὴ
2531 1960 3021 2055 φυλάξαντεςνγὰρ
3047 1960 3096 2039 οι
3162 1960 3492 2058 Ἰσραηλῖται
3530 1960 3646 2046 ὀὐκ

356 2051 642 2119 Israelita,
675 2053 712 2109 ii
744 2069 850 2110 non
886 2067 1237 2127 acceperunt,
1271 2069 1328 2115 ut
1369 2072 1519 2133 patet
1553 2079 1619 2120 ex
1659 2068 1942 2139 sequenti-

355 2143 480 2200 bus.
1846 2159 1850 2162 ’

429 2235 615 2292 Omnis
641 2237 790 2294 locus
837 2257 997 2310 super
1033 2260 1185 2314 quem
1210 2249 1553 2305 ascenderitis
1583 2252 1624 2305 ⁸.
1656 2254 1942 2312 Adversati

354 2339 483 2382 sunt
525 2329 836 2391 habitantes
886 2337 940 2390 in
999 2336 1099 2392 Gai
1150 2351 1374 2409 propter
1435 2346 1940 2411 praavaricationem

351 2421 554 2480 Achar.
589 2423 657 2478 Et
691 2425 846 2482 aliter
867 2443 887 2482 :
913 2428 1179 2496 Quoniam
1215 2430 1326 2488 Deo
1355 2438 1606 2492 tradente
1640 2437 1696 2492 in
1744 2455 1942 2496 manus

351 2528 540 2569 eorum
582 2526 801 2588 gentes,
853 2520 1211 2578 internecioni
1260 2539 1356 2582 eas
1404 2542 1512 2582 non
1562 2529 1853 2597 dederunt,
1886 2540 1941 2589 et

351 2606 511 2662 facta:
539 2618 666 2664 sunt
691 2610 773 2666 eis
801 2611 853 2666 in
880 2612 1105 2670 vallum.

423 2699 495 2754 Et
525 2703 797 2758 intrarunt
837 2706 892 2758 in
938 2707 1152 2761 domum
1198 2709 1439 2764 mulieris
1487 2715 1800 2780 meretricis,
1852 2717 1938 2771 cui

351 2810 537 2850 nomen
566 2794 715 2850 Raab
742 2797 786 2853 ³.
831 2797 1108 2856 Meretrici
1142 2802 1374 2857 salutem
1414 2820 1566 2860 suam
1615 2806 1782 2880 395
1815 2823 1937 2865 cre-

349 2888 484 2942 dunt
512 2889 908 2958 exploratores,
939 2909 1040 2950 nec
1069 2895 1360 2952 immerito.
1386 2898 1465 2952 Ex
1493 2898 1612 2968 ejus
1645 2901 1788 2956 enim
1819 2903 1934 2959 col-

348 2977 532 3048 loquio
559 2983 867 3040 ostenditur
891 2987 1003 3041 sola
1039 2987 1213 3041 ﬁdelis
1246 2999 1300 3043 et
1335 2989 1502 3045 Deum
1535 2992 1752 3053 timens.
1779 2993 1935 3052 Unde

349 3087 403 3132 et
433 3089 532 3143 per
559 3090 680 3131 eam
704 3081 954 3150 COgnatio
984 3081 1102 3150 ejus
1126 3092 1396 3138 senatur.

421 3166 698 3239 Ejusdem.
732 3172 884 3228 Raab
915 3174 1315 3244 interpretatur
1351 3178 1622 3247 dilatatio,
1670 3192 1724 3238 et
1759 3184 1932 3255 ﬁgura
1966 3151 2009 3208 Β

343 3271 425 3315 est
459 3263 822 3320 coalescentis
857 3280 924 3319 ex
956 3268 1214 3337 gentibus
1245 3269 1508 3327 Ecclesia:
1535 3288 1656 3343 quae
1687 3275 1820 3332 dicit
1847 3277 1888 3310 ‘°
1917 3296 1929 3332 :

353 3374 373 3408 ι
403 3357 681 3426 Angustus
717 3357 848 3413 mihi
876 3360 1046 3425 locus,
1083 3361 1170 3416 {ac
1199 3363 1374 3419 locum
1406 3365 1459 3418 in
1483 3381 1592 3434 quo
1616 3369 1875 3425 habitem.
1909 3390 1930 3423 ι

418 3448 699 3516 Ejusdem.
729 3449 844 3506 Non
875 3451 945 3506 ob
974 3452 1395 3521 hospitalitatem
1430 3456 1608 3511 solum
1658 3472 1931 3530 servatur,

347 3541 442 3595 sed
466 3543 737 3611 pmcipue
769 3555 992 3614 propter
1013 3544 1173 3600 ﬁdem
1201 3556 1256 3601 et
1280 3548 1428 3616 pium
1458 3549 1576 3619 ejus
1607 3564 1733 3621 erga
1765 3554 1934 3608 Deum

347 3627 620 3689 allectum.

419 3725 487 3778 Et
514 3726 790 3780 occultavit
817 3744 903 3783 eos
931 3731 985 3785 in
1027 3733 1122 3786 lini
1148 3736 1347 3803 stipula
1373 3737 1437 3790 “.
1473 3736 1783 3792 Occultavit
1842 3752 1936 3794 eos

347 3816 402 3870 in
444 3815 536 3869 lini
571 3818 771 3886 stipula
805 3836 967 3890 (piam
999 3823 1188 3879 habuit
1221 3827 1389 3894 domi,
1419 3839 1472 3883 et
1510 3845 1578 3883 ex
1607 3845 1710 3900 qua
1741 3842 1932 3900 parata

344 3915 464 3961 erat
488 3908 567 3962 eis
591 3908 806 3967 eiIicere
836 3912 1056 3983 byssum
1084 3931 1182 3971 ceu
1220 3918 1400 3988 dignis
1439 3920 1760 3977 indumento
1785 3940 1935 3978 sum-

345 4000 419 4054 ini
457 4001 753 4070 pontilicis.
787 4003 922 4059 Nam
973 4023 1037 4063 ex
1071 4008 1164 4064 lini
1194 4011 1395 4081 stipula
1423 4011 1654 4069 eﬁicitur
1711 4016 1930 4086 byssus,

345 4106 410 4145 ex
437 4105 542 4161 qua
574 4094 633 4148 lit
663 4096 832 4152 vestis
853 4099 1234 4157 sacerdotalis.

415 4272 484 4328 Et
511 4275 707 4331 dimisit
733 4294 818 4334 eos
847 4296 940 4347 per
963 4281 1249 4350 fenestra»:
1285 4285 1348 4339 ι’.
1388 4283 1678 4341 Sciendum
1709 4299 1794 4344 est
1835 4293 1930 4346 do-

344 4383 493 4422 mum
528 4374 643 4438 ejus
691 4371 742 4424 in
793 4388 948 4427 muro
982 4372 1170 4430 fuisse.
1219 4373 1432 4432 Veteris
1487 4379 1647 4448 hujus
1689 4382 1930 4436 historia:

344 4477 605 4530 germana
637 4467 764 4520 Sunt
803 4481 923 4535 quae
971 4469 1025 4521 in
1072 4483 1213 4522 novo
1247 4478 1572 4526 testamento
1606 4471 1750 4529 facta
1779 4485 1927 4530 sunt.

344 4554 535 4609 Simile
565 4557 711 4610 enim
749 4566 831 4611 est
875 4560 1020 4627 quod
1068 4557 1236 4613 Paulo
1274 4561 1521 4630 contigit,
1582 4564 1800 4631 quando
1833 4566 1930 4621 de—

344 4647 544 4701 missus
573 4658 656 4703 est
686 4649 738 4702 in
765 4662 950 4718 sporta
988 4665 1083 4719 per
1115 4666 1354 4706 murum.

419 4738 692 4807 Ejusdem.
745 4743 1036 4809 Apostolus
1087 4745 1255 4798 altera
1316 4745 1434 4802 vice
1477 4747 1732 4806 similiter
1757 4754 1933 4808 evasit

345 4832 616 4898 inimicos,
652 4844 710 4888 ut
737 4835 851 4904 ipse
879 4837 954 4890 ait
985 4837 1037 4891 in
1083 4839 1323 4892 secunda
1360 4841 1426 4894 ad
1455 4840 1772 4900 Corinthios
1806 4847 1930 4916 Epi-

344 4924 482 4980 stola
519 4927 561 4958 ¹³
596 4944 609 4980 :
660 4947 678 4979 ι
720 4927 784 4980 Et
826 4943 920 4997 per
960 4930 1256 4986 fenestram
1299 4932 1354 4986 in
1403 4941 1588 5002 sporta
1657 4939 1930 4996 demissus

342 5035 462 5074 sum
506 5034 603 5089 per
646 5037 885 5087 murum,
934 5031 990 5077 et
1027 5023 1104 5080 sic
1133 5023 1313 5096 effugi.
1353 5049 1372 5080 ι
1404 5029 1645 5084 Rursum
1699 5031 1750 5085 in
1779 5033 1929 5087 Acti—

343 5115 443 5170 bus
477 5112 520 5143 “
551 5132 563 5168 :
600 5134 617 5166 ι
661 5115 1052 5172 Custodiebant
1101 5127 1278 5174 autem
1307 5131 1490 5188 portas
1518 5131 1573 5176 et
1615 5122 1701 5177 die
1739 5139 1802 5179 ac
1830 5141 1927 5181 no-

341 5214 452 5271 cte,
479 5217 537 5260 ut
566 5222 689 5262 eum
743 5208 1153 5276 interﬁcerent;
1210 5213 1546 5282 accipientes
1589 5227 1772 5272 autem
1799 5233 1924 5275 eum

343 5298 588 5368 discipuli
621 5310 798 5368 nocte,
825 5317 922 5372 per
948 5318 1164 5357 murum
1190 5305 1514 5364 dimiserunt
1535 5324 1681 5378 eum,
1703 5310 1930 5369 submit-

299 5447 302 5450 ,
343 5399 520 5472 tentes
548 5393 599 5447 in
630 5408 833 5463 sporta.
876 5415 894 5447 ›
1183 5385 1191 5390 ”

412 5484 480 5538 Et
505 5502 907 5554 permanserunt
937 5489 1010 5543 ibi
1062 5500 1167 5543 tres
1195 5491 1304 5546 dies
1339 5493 1402 5548 ’⁸.
1441 5495 1553 5548 Non
1589 5501 1731 5564 quod
1763 5499 1926 5553 trium

2049 2069 2260 2140 ἔλαϐον,
2296 2073 2372 2137 ὡς
2395 2072 2547 2144 δηλοῖ
2569 2074 2637 2128 τὰ
2667 2073 2814 2146 έξῆς.

2115 2253 2243 2321 Πᾶς
2269 2256 2302 2308 ὁ
2329 2254 2511 2320 τόπος
2554 2254 2647 2323 ἐφ’
2669 2246 2718 2320 ᾦ
2742 2254 2818 2308 ἂν
2849 2253 3110 2324 ἐπιϐῆτε.
3182 2251 3540 2328 Ἀντέστησαν
3590 2257 3643 2313 οι

2046 2348 2139 2400 ἐπὶ
2161 2347 2262 2418 τῆς
2282 2345 2381 2399 Γατ
2415 2345 2505 2399 διὰ
2529 2344 2630 2417 τὴν
2658 2345 2753 2398 τοῦ
2795 2345 2962 2417 ’Δχὰρ
2985 2349 3351 2420 παρανομίαν.
3382 2349 3490 2404 Kal
3529 2350 3643 2404 ἆλ-

2042 2441 2196 2505 λως·
2239 2440 2362 2491 Ὅτι
2387 2436 2484 2490 τοῦ
2509 2437 2644 2491 Θεοῦ
2674 2437 3008 2508 παραδόντος
3029 2440 3111 2502 εἰς
3152 2443 3342 2512 χεῖρας
3363 2441 3543 2496 αὐτῶν
3571 2442 3642 2496 τὰ

2043 2530 2171 2602 ἔθνη
2197 2530 2298 2583 οὐκ
2320 2527 2856 2600 ὲξωλόθρευσαν,καὶ
2900 2529 3254 2601 ἐγενήθησαν,
3288 2534 3369 2596 είς
3398 2533 3642 2588 σκόλοπα

2042 2625 2250 2686 αὐτοῖς.

2113 2716 2222 2770 Kal
2249 2715 2627 2784 εὶσήλθοσαν
2647 2717 2736 2782 εις
2764 2715 2960 2770 οὶκίαν
2985 2714 3273 2785 γυναικὸς
3312 2717 3564 2784 πόρνης,
3597 2708 3641 2787 ᾖ

2041 2808 2229 2878 ὄνομα
2270 2808 2470 2862 Ῥαάϐ.
2497 2807 2684 2880 Πόρνῃ
2710 2807 3059 2862 πιστεύουσιν
3085 2810 3134 2862 οἱ
3171 2807 3508 2862 κατάσκοποι
3537 2808 3639 2878 τὴν

2039 2899 2250 2954 ἑαυτῶν
2273 2899 2550 2971 σωτηρίαν
2572 2917 2585 2930 ·
2617 2901 2713 2953 καὶ
2747 2899 2894 2971 μάλα
2919 2900 3166 2964 εἰκότως.
3218 2899 3502 2952 Δείκνυται
3528 2899 3638 2969 γὰρ

2037 2990 2097 3058 ὲξ
2119 2983 2194 3044 ὧν
2233 2991 2267 3060 ἡ
2293 2989 2466 3062 πόρνη
2488 2989 2817 3058 διαλέγεται,
2849 2989 2985 3060 μόνη
3038 2987 3206 3058 πιστὴ
3259 2988 3354 3040 καὶ
3385 2987 3477 3039 τὸν
3503 2985 3640 3038 Θεὸν

2037 3081 2366 3153 φοϐουμένη·
2396 3081 2476 3134 διὸ
2497 3082 2590 3134 καὶ
2613 3081 2680 3134 δι’
2707 3081 2876 3151 αὐτῆς
2900 3083 2934 3151 ἡ
2964 3080 3253 3150 συγγένεια
3280 3077 3528 3143 σώζεται.

2117 3173 2228 3228 Τοῦ
2252 3173 2462 3229 αὐτοῦ.
2504 3172 2672 3228 Ῥαὰϐ
2700 3173 3061 3245 ἑρμηνεύεται
3087 3171 3468 3241 πλατυσμὸς,
3500 3168 3639 3240 σύμ.-

2038 3269 2192 3325 6ολον
2221 3264 2358 3323 οὖσα
2377 3267 2476 3340 τὴς
2495 3267 2603 3320 ἀπὸ
2629 3266 2736 3320 τῶν
2770 3265 2940 3320 ὲθνῶν
2988 3264 3314 3336 Ἐκκλησίας
3335 3261 3638 3332 λεγούσης·

2045 3382 2064 3415 ι
2097 3361 2289 3426 Στενός
2315 3378 2404 3432 μοι
2426 3362 2455 3413 ὁ
2475 3360 2660 3424 τόπος,
2687 3358 2912 3428 ποίησόν
2941 3374 3030 3428 μοι
3049 3356 3215 3410 τόπον
3241 3355 3328 3408 ἴνα
3355 3354 3582 3424 οἰκήσω.
3609 3369 3632 3403 ι

2112 3455 2228 3509 Τοῦ
2253 3453 2464 3508 αὐτοῦ.
2491 3452 2607 3505 Οὐκ
2635 3452 2700 3504 ὲκ
2725 3451 2822 3520 τῆς
2847 3449 3148 3516 δεξιώσεως
3178 3448 3344 3519 μόνης
3377 3445 3634 3510 σώζεται,

2038 3546 2175 3601 ἀλλὰ
2206 3545 2634 3618 προηγουμένως
2678 3544 2786 3598 ἀπὸ
2837 3544 2936 3615 τῆς
2961 3541 3201 3605 πίστεως
3229 3539 3322 3593 καὶ
3369 3538 3468 3609 τῆς
3499 3537 3636 3609 πρὸς

2037 3639 2128 3693 τὸν
2153 3640 2285 3693 Θεὸν
2311 3638 2626 3702 διαθέσεως.

2107 3733 2216 3786 Καὶ
2248 3733 2514 3800 ἔκρυψεν
2559 3728 2782 3794 αὐτοὺς
2828 3727 2897 3780 ἐν
2922 3725 2997 3795 τῇ
3044 3723 3446 3793 λινοκαλάμῃ.
3507 3721 3634 3785 Τοῖς

2039 3826 2217 3893 ξύλοις
2251 3825 2448 3889 αὐτοὺς
2475 3823 2677 3895 ἔκρυψε
2705 3821 2804 3892 τῆς
2836 3820 3206 3891 λινοκαλὰμης
3231 3815 3312 3884 οἷς
3350 3814 3494 3889 εἶχεν
3539 3817 3632 3871 ἐπὶ

2037 3916 2130 3970 τοῦ
2169 3915 2420 3987 δώματος
2470 3913 2834 3985 έτοιμάζουσα
2862 3908 3214 4002 Δἔιργόιζεσθοιι
3276 3907 3374 3978 τὴν
3431 3905 3630 4002 βύσσον

2038 4008 2220 4070 αὐτοῖς
2245 4006 2319 4068 ὡς
2351 4004 2523 4071 ἀξίοις
2556 3998 2707 4056 οὖσιν
2757 3998 3054 4069 ἐνδύματος
3111 3991 3522 4068 ἀρχιερατικοῦ.
3567 3991 3630 4044 Ἡ

2037 4101 2146 4171 γὰρ
2175 4097 2512 4168 λινοκαλάμη
2552 4097 2692 4148 ποιεί
2721 4092 2819 4165 τὴν
2849 4091 3045 4162 βύσσον
3074 4087 3133 4153 ἐξ
3163 4083 3231 4160 ἦς
3263 4085 3325 4140 τὸ
3357 4081 3635 4156 ἱερατικὸν

2036 4191 2155 4245 ἐνδυ
2164 4209 2239 4262 μα
2265 4190 2495 4259 γίνεται.

2107 4284 2218 4338 Καὶ
2237 4281 2656 4352 κατεχάλασεν
2669 4278 2892 4344 αὐτοὺς
2913 4276 3010 4329 διὰ
3028 4274 3139 4341 τῆς
3153 4271 3412 4341 θυρίδος.
3432 4265 3628 4322 ’ἰστέον

2039 4377 2119 4428 ὅτι
2156 4376 2184 4428 ὁ
2225 4369 2372 4437 οἶκος
2399 4373 2570 4441 αὐτῆς
2597 4373 2655 4424 ἐν
2678 4368 2754 4438 τῷ
2798 4368 2969 4436 τείχει
2994 4359 3081 4432 ἦν.
3124 4360 3354 4430 Ἀδελφὰ
3385 4359 3484 4428 τῆς
3527 4373 3628 4409 πα-

2037 4468 2196 4530 λαιᾶς
2245 4465 2312 4518 τὰ
2353 4464 2449 4517 νέα
2476 4481 2487 4490 ·
2542 4464 2726 4532 ὅμοιον
2755 4459 2864 4530 γάρ
2893 4459 3008 4509 ὲστι
3056 4454 3119 4507 τὸ
3156 4453 3249 4505 ἐπὶ
3270 4451 3364 4504 τοῦ
3391 4447 3629 4515 Παύλου,

2035 4559 2124 4612 ὅτε
2175 4557 2445 4627 ὲχάλασαν
2472 4553 2634 4607 αὑτὸν
2657 4552 2716 4605 ὲν
2746 4548 2992 4621 σαργάνῃ
3011 4544 3098 4598 διὰ
3123 4544 3217 4597 τοῦ
3249 4541 3485 4612 τείχους.

2112 4741 2224 4796 Τοῦ
2241 4738 2448 4794 αὐτοῦ.
2485 4738 2542 4791 Ὁ
2579 4731 2901 4794 ’Λπόστολος
2921 4729 3172 4800 δεύτερον
3188 4727 3366 4798 ἐσώθη
3389 4725 3497 4779 ἀπὸ
3519 4723 3631 4780 τῶν

2034 4834 2244 4906 ἐχθρῶν
2269 4831 2663 4904 ὁμοιοτρόπως,
2715 4828 2790 4891 ὥς
2824 4841 2987 4897 φησιν
3016 4825 3072 4878 έν
3111 4824 3177 4894 τῇ
3224 4820 3452 4892 δευτέρᾳ
3494 4818 3630 4891 πρὸς

2035 4928 2356 4999 Κορινθίους
2406 4923 2570 4980 αὐτοῦ
2613 4921 2930 4992 Ἐπιστολῇο
2982 4939 3000 4970 ε
3038 4917 3149 4972 Καὶ
3201 4915 3288 4970 διὰ
3329 4913 3541 4985 θυρίδος
3570 4913 3630 4966 ὲν

2036 5019 2280 5090 σαργάνῃ
2311 5013 2616 5089 ἐχαλάσθην
2644 5011 2733 5066 διὰ
2759 5010 2852 5064 τοῦ
2879 5009 3111 5079 τείχους,
3141 5006 3236 5060 καὶ
3281 5003 3564 5072 ἐξέφυγον.
3604 5019 3627 5056 ι

2033 5113 2205 5166 Πάλιν
2228 5113 2284 5163 ὲν
2309 5112 2428 5172 ταῖς
2457 5106 2724 5178 Πράξεσιθ
2762 5125 2779 5154 ε
2821 5098 3237 5172 Παρετηροῦντο
3280 5097 3337 5150 δὲ
3395 5095 3490 5148 καὶ
3527 5093 3628 5160 τὰς

2035 5204 2210 5266 πύλας
2236 5202 2448 5278 ἡμέρας
2472 5201 2564 5254 καὶ
2593 5198 2958 5264 νυκ-τὸς,ὅπως
2983 5193 3143 5248 αὑτὸν
3167 5191 3417 5246 ὰνέλωσι’
3438 5189 3631 5242 λαϐόν-

2037 5314 2128 5360 τες
2155 5295 2212 5348 es
2233 5298 2282 5348 oi
2312 5294 2549 5365 μαθηταὶ
2580 5291 2745 5347 αὐτοῦ
2767 5289 2978 5352 νυκτὸς,
3017 5286 3109 5340 τοῦ
3137 5284 3347 5356 τείχους
3382 5282 3631 5353 καθῆκαν

2039 5387 2222 5451 αὑτὸν,
2250 5386 2585 5456 χαλάσαντες
2607 5385 2663 5436 ἐν
2691 5381 2927 5454 σπυρίδι.
2975 5399 2992 5430 ι

2108 5501 2219 5554 Kal
2267 5500 2624 5569 κατέμειναν·
2669 5496 2803 5551 ἐκεῖ
2853 5492 3010 5563 τρεῖς
3053 5492 3300 5564 ἡμέρας.
3377 5489 3491 5557 Οὐχ
3546 5486 3631 5540 ὄτι

339 5577 551 5632 dierum
590 5591 734 5636 esset
774 5583 909 5648 iter;
971 5584 1194 5640 omnino
1242 5589 1385 5640 enim
1433 5589 1688 5646 .lordanis
1720 5592 1930 5647 vicinus

2038 5593 2202 5664 τριῶν
2235 5592 2453 5664 ἡμερῶν
2479 5587 2546 5662 ἦν
2589 5593 2621 5660 ἡ
2651 5590 2767 5653 ὁδός
2789 5607 2800 5618 ·
2838 5587 2978 5640 πάνυ
3031 5583 3140 5653 γὰρ
3166 5580 3392 5652 πλησίον
3420 5579 3449 5630 ὁ
3499 5578 3633 5648 Ἰορ-

413 5787 572 5864 Uos.
612 5807 648 5853 ι,
680 5792 733 5864 2.
815 5795 1022 5864 Μυῖα..
1056 5795 1111 5864 5.
1224 5797 1243 5826 θ
1274 5794 1452 5864 Jos.n,
1489 5801 1537 5854 l.

347 5859 389 5892 "'
421 5863 541 5915 Act.
574 5877 648 5929 ix,
677 5862 767 5932 ‘24,
801 5863 892 5917 ‘25.
965 5866 1005 5896 ⁸⁵
1049 5863 1155 5921 los.
1191 5881 1250 5934 ιι,
1292 5865 1382 5921 2‘2.

1658 5802 1697 5833 ¹⁰
1722 5800 1827 5858 lsa.
1870 5818 2016 5858 xux.
2045 5802 2135 5858 ΞΟ.

2245 5803 2303 5876 υ,
2331 5799 2439 5858 Jos.
2473 5815 2532 5868 ιι,
2562 5799 2615 5853 6.
2697 5793 3018 5862 “ibid.,l5
3119 5787 3161 5817 ¹³
3201 5783 3245 5840 ll
3271 5783 3394 5841 Cor.
3431 5798 3508 5851 x1.
3536 5782 3622 5839 '53-
