4146 6434
486 375 590 433 821

487 577 690 649 ἀκριϐῆ
724 573 988 638 ἐξέτασιν.
1029 588 1046 618 ι
1095 567 1399 636 Ἐζήτησαν
1443 560 1574 630 γὰρ,
1606 558 1794 629 φησιν,
1820 558 1868 608 οἱ
1911 570 2081 607 κατα-

489 665 776 725 διώκοντες
813 659 993 722 πάσας
1016 656 1112 719 τὰς
1139 654 1313 716 ὁδοὺς,
1345 651 1438 705 καὶ
1465 649 1565 718 οὐχ
1595 642 1773 716 εῦρον.
1813 662 1831 696 ι

430 762 481 809 -4
569 753 840 824 Τετράκις
858 750 1056 820 μύριοι
1079 744 1336 806 εὔζωνοι.
1392 739 1736 813 Σημειωτέον
1791 737 1943 804 ὅτιὴ
1997 751 2084 788 τε-

495 848 648 921 τρὰς,
675 845 782 899 εἴτε
836 841 1100 916 μονάδων,
1151 838 1264 890 εἴτε
1318 829 1705 893 ἐκατοντόιδων,
1757 828 1866 881 εἴτε
1896 827 2083 898 ἐτέρου

494 942 736 1003 πλείονος
761 933 1023 1008 ἀριθμοῦ,
1049 931 1143 985 ἐπὶ
1175 926 1470 989 κακώσεως
1497 926 1693 977 κεῖται.

569 1129 837 1197 Ποίησόν
859 1141 958 1180 σοι
977 1121 1274 1194 μαχαίρας
1294 1117 1577 1185 πετρίνας
1599 1113 1666 1166 ἐκ
1684 1109 1902 1178 πέτρας
1919 1108 2093 1176 ἀκρο-

498 1227 706 1293 τόμονυ.
734 1217 1006 1289 Ζητητέον
1053 1214 1142 1268 διὰ
1167 1213 1220 1264 τί
1268 1211 1327 1264 οὐ
1363 1226 1430 1261 πε
1441 1204 1814 1279 ριετμήθησαν
1845 1202 1895 1254 οἱ
1943 1203 1999 1253 ἐν
2025 1201 2090 1270 τῇ

499 1291 694 1387 ἐρῆμῳ
739 1310 1061 1381 τεχθέντεςο
1115 1305 1149 1377 ἢ
1199 1303 1286 1357 διὰ
1332 1301 1384 1354 τί
1415 1298 1492 1370 τῷ
1546 1297 1809 1366 Σαϐϐάτῳ
1853 1311 1938 1356 τις
1963 1291 2094 1357 ξύλα

502 1405 761 1470 συλλέξας
790 1403 884 1454 ἐπὶ
937 1398 1216 1460 Μωῦσέως
1271 1399 1335 1447 ἐκ
1367 1393 1791 1465 προστάγματος
1834 1387 1970 1440 Θεοῦ
2018 1387 2097 1439 λι-

505 1497 794 1558 θόλευστος
817 1493 1030 1561 γέγονε.
1079 1487 1345 1541 Τοσοῦτον
1381 1486 1438 1539 δὲ
1474 1483 1674 1554 πλῆθος
1723 1480 2098 1551 ἀπερίτμητον

507 1585 821 1658 μεμενηκὸς
845 1585 1000 1652 ἐντῇ
1047 1581 1239 1652 ἐρήμῳ
1278 1578 1401 1630 οὐδὲ
1452 1573 1734 1646 ἐμέμφθη,
1782 1572 1960 1625 καίτοι
2003 1569 2097 1622 τοῦ

505 1680 642 1735 Θεοῦ
666 1679 768 1750 μὲν
781 1673 1208 1746 ἀποφηναμένου
1228 1668 1670 1741 ἐξολοθρεύεσθαι
1691 1665 1790 1736 τὴν
1803 1663 1980 1735 ψυχὴν
2001 1663 2101 1734 τὴν

509 1773 586 1844 μὴ
639 1768 1054 1842 περιτμημένην
1101 1766 1170 1836 τῇ
1214 1764 1399 1836 ἡμέρᾳ
1444 1765 1510 1832 τῇ
1561 1759 1742 1830 ὀγδόῃ,
1806 1755 1989 1810 οὐκέτι
2045 1754 2101 1806 δὲ

509 1864 606 1918 ἐπὶ
642 1861 749 1916 τῶν
779 1857 1233 1932 παραϐαινόντων
1280 1855 1340 1910 τὸ
1367 1853 1644 1908 Σάϐϐατον
1687 1848 1847 1904 τοῦτο
1869 1847 2102 1919 ὡρίσαν-

509 1971 622 2017 τος.
655 1954 798 2023 Ἤδη
829 1952 928 2024 μὲν
951 1945 1042 2005 οῦν
1077 1949 1172 2003 καὶ
1197 1947 1420 2001 αὐτόθεν
1444 1944 1688 2016 εὔδηλον,
1717 1944 1800 1996 ὅτι
1832 1938 2104 2012 περιτομὴ

515 2047 607 2099 καὶ
629 2045 905 2098 Σάϐϐατον
933 2043 1033 2096 οὐκ
1055 2041 1194 2095 αὐτὰ
1219 2040 1339 2094 καθ’
1368 2037 1538 2092 ἑαυτὰ
1571 2034 1732 2101 καλὰ,
1751 2033 1888 2087 ἀλλὰ
1917 2029 2106 2101 ἐπειδὴ

514 2139 654 2210 πρὸς
687 2137 877 2209 καιρὸν
899 2133 1322 2219 ἐχρησίμευσεν.
1359 2131 1558 2185 ’ἰστέον
1581 2129 1637 2182 δέ
1660 2129 1740 2180 ὅτι
1767 2124 1995 2196 σημείου
2013 2123 2110 2192 χά-

519 2249 601 2304 ριν
629 2231 720 2285 διᾶ
741 2232 855 2302 τῆς,
874 2218 1179 2301 περιτομῆς
1207 2227 1469 2298 ἐϐουλήθη
1504 2221 1886 2297 γνωρίζεσθαι,
1906 2220 1998 2273 καὶ
2012 2218 2112 2271 οῦκ

516 2321 918 2393 ἀνασχομένους
934 2320 1043 2374 ἀπὸ
1062 2319 1295 2381 πίστεως
1313 2314 1622 2386 φαίνεσθαι,
1636 2313 1711 2377 ὡς
1727 2309 1974 2384 πρόϐατα
1987 2308 2113 2363 ἄλο-

518 2433 590 2484 γα
615 2414 691 2486 τῷ
731 2415 967 2486 καυτῆρι
989 2413 1092 2467 κᾶν
1115 2409 1386 2481 πλανηθῇ,
1413 2407 1601 2478 ῥᾳδίαν
1647 2405 1760 2476 ἔχει
1786 2404 1882 2475 τὴν
1917 2397 2113 2456 ἑαυτοῦ

519 2513 775 2579 εὕρεσιν·
837 2505 979 2560 οῦτω
999 2505 1124 2568 τοὺς
1176 2501 1460 2565 Ἰουδαίους
1511 2496 1974 2570 ἐπιμιγνυμένους
2004 2495 2116 2557 τοῖς

522 2599 728 2655 ἔθνεσιν
754 2601 862 2654 ἀπὸ
890 2599 991 2671 τῆς
1011 2597 1313 2670 περιτομῆς
1342 2593 1610 2665 φανεροὺς
1643 2588 1783 2646 εἶναι
1815 2587 2115 2661 βουληθείς.

523 2693 633 2748 Καὶ
664 2694 852 2748 τούτου
886 2691 1161 2756 ἀπόδειξις
1192 2691 1252 2743 τὸ
1283 2691 1341 2742 ἐν
1376 2689 1476 2759 μὲν
1513 2689 1579 2759 τῇ
1605 2685 1866 2755 Αἰγύπτῳ
1899 2681 2120 2754 περιτέ-

527 2785 752 2856 μνεσθαι
787 2786 983 2848 αὐτοὺς
1007 2823 1021 2847 ,
1060 2785 1116 2836 ἐν
1141 2783 1196 2835 δὲ
1224 2783 1289 2853 τῇ
1321 2782 1512 2852 ἐρήμῳ
1534 2818 1549 2843 ,
1582 2776 1769 2848 ἐπειδὴ
1806 2773 1954 2846 μόνοι
1983 2769 2122 2845 ἦσαν

526 2878 620 2931 καὶ
650 2879 962 2946 Αἰγυπτίων
1005 2875 1403 2947 κεχωρισμένοι
1442 2871 1536 2925 καὶ
1579 2869 1688 2924 τῶν
1737 2867 1913 2923 ἄλλων
1953 2863 2124 2918 ἐθνῶν

528 2971 635 3024 τῶν
669 2970 811 3023 κατὰ
844 2969 1211 3037 Παλαιστίνην
1233 3006 1248 3029 ,
1280 2964 1689 3035 ἁπεριτμήτους
1727 2960 2124 3032 μεμενηκέναι.

534 3065 664 3116 Ὅτε
695 3063 752 3115 δὲ
786 3061 1146 3132 παρελθόντες
1169 3060 1258 3112 τὸν
1294 3057 1564 3128 Ἰορδάνην
1613 3053 1837 3125 ἔμελλον
1883 3055 1939 3105 ἐν
1979 3053 2128 3123 μέσῳ

1661 346 1973 404 SELECTA
2003 343 2068 398 IN
2099 339 2321 397 JESUM
2347 335 2554 392 NAVE.

485 485 651 556 δάνης
691 481 792 553 τῆς
848 474 1080 549 Ἰεριχὼ,
1140 471 1274 527 ἀλλὰ
1308 469 1395 523 διὰ
1435 469 1532 540 τὴν
1569 466 1680 519 τῶν
1715 463 2078 517 κατασκόπων
2111 481 2123 519 .4

2225 465 2270 510 st
2301 452 2544 514 Jericho,

3656 309 3790 368 822?

2587 447 2681 502 sed
2733 451 2951 515 propter
2998 437 3403 508 exploratorum
3449 436 3765 486 accuratam

2185 544 2686 614 investigationem.
2731 555 2748 586 ι
2791 531 3177 602 Exquisierunt
3209 526 3376 590 enim,
3404 521 3578 591 inquit
3608 519 3673 580 ¹⁶,
3728 516 3764 570 ii

2185 639 2274 710 qui
2303 631 2790 707 persequebantur,
2813 640 3003 681 omnes
3026 624 3218 686 vias,et
3243 635 3349 675 non
3375 618 3716 671 invenerunt.
3744 627 3765 662 ι

2261 726 2630 794 Quadraginta
2660 720 2802 774 mille
2831 720 2955 771 bene
3001 715 3223 768 accincti
3252 712 3317 764 ".
3359 703 3769 764 Observandum

2188 834 2272 877 est
2341 815 2702 888 quaternione
2755 811 2870 865 sive
2916 808 3224 870 nnitatum,
3299 803 3414 856 sive
3473 790 3772 853 centenarii

2191 923 2283 968 aut
2336 909 2564 965 alterius
2611 903 2838 974 majoris
2883 898 3119 962 numeri,
3165 893 3572 951 infestationem
3626 885 3773 943 desi-

2193 1004 2365 1074 gnari.
3420 989 3458 1020 β

2265 1094 2379 1148 Fac
2419 1092 2513 1146 tibi
2558 1088 2758 1143 cultros
2805 1086 3036 1155 petrinos
3063 1080 3126 1134 de
3161 1089 3307 1148 petra
3335 1084 3491 1129 acuta
3523 1071 3587 1126 ιθ.
3621 1069 3780 1138 Qua:-

2198 1189 2422 1244 rendum
2458 1194 2539 1238 est
2603 1197 2702 1236 cur
2730 1176 3039 1233 circumcisi
3086 1188 3191 1228 non
3219 1169 3420 1225 fuerint
3448 1166 3541 1235 qui
3590 1164 3644 1217 in
3681 1161 3778 1215 de-

2196 1290 2345 1336 serto
2376 1277 2487 1331 nati
2519 1282 2668 1338 sunt,
2697 1282 2790 1326 aut
2816 1287 2912 1325 cur
2943 1267 3031 1337 qui
3060 1267 3279 1320 vivente
3311 1260 3494 1329 Moyse
3521 1257 3666 1326 ligna
3697 1254 3784 1307 die

2198 1372 2424 1428 δειιιιιίιιὶ
2452 1369 2765 1438 collegerat,
2788 1365 2942 1435 jussu
2973 1362 3064 1417 Dei
3089 1357 3360 1429 lapidatus
3381 1354 3474 1418 sit,
3505 1359 3654 1406 tanta
3687 1362 3800 1402 au-

2202 1478 2307 1521 tem
2345 1464 2629 1519 multitudo
2685 1474 2804 1529 quas
2864 1452 3249 1512 incircumcisa
3310 1451 3689 1519 permanserat
3733 1441 3818 1494 ius.

2202 1562 2437 1620 deserto,
2469 1571 2536 1610 ne
2567 1553 2854 1624 ohjurgata
2885 1547 3104 1618 quidem
3164 1543 3258 1607 sit,
3320 1541 3445 1601 licet
3483 1535 3630 1590 Deus
3678 1533 3816 1600 jam.»

2201 1649 2558 1708 exterminari
2609 1644 2954 1717 praecepisset
2978 1638 3213 1693 animam
3247 1647 3366 1705 quae
3415 1646 3522 1686 non
3558 1629 3813 1684 circum--

2205 1747 2479 1800 rideretur
2533 1748 2724 1794 octava
2788 1734 2899 1798 die,
2943 1731 3120 1785 eidem
3182 1740 3313 1780 vero
3347 1736 3524 1795 pinnae
3553 1718 3812 1774 nondum-

2138 1822 2176 1875 Β
2207 1855 2300 1894 eos
2323 1834 2621 1891 addixisset
2648 1829 2740 1899 qui
2765 1825 3065 1882 Sabbatum
3094 1815 3634 1895 transgrederentur.
3659 1808 3802 1864 Hinc

2209 1933 2373 2004 igitur
2403 1929 2568 1996 liquet
2597 1919 3072 1978 circumcisioncm
3121 1921 3177 1968 et
3208 1908 3504 1964 Sahbatum
3539 1918 3647 1958 non
3678 1914 3802 1956 esse

2211 2042 2307 2098 per
2359 2039 2420 2078 se
2469 2018 2751 2083 hona,sed
2781 2015 2904 2070 ideo
2932 2012 3071 2065 bona
3104 2007 3236 2078 quia
3285 2003 3351 2058 ad
3401 2011 3614 2069 tempus
3647 1994 3808 2050 utilia

2214 2120 2454 2210 luewnt.
2487 2111 2783 2190 Sciendum
2819 2112 2903 2161 est
2939 2116 3065 2157 eum
3100 2101 3167 2154 ad
3196 2098 3370 2153 instar
3400 2092 3538 2164 signi
3563 2089 3804 2146 circum-

2764 2199 2776 2210 -
2855 2198 2880 2210 ι·
2914 2199 2924 2210 -
3054 2191 3242 2210 ειηε---
3296 2187 3412 2210 ιιι-..
3455 2179 3686 2210 ,κείω-...ἶ
3745 2187 3804 2210 ιιι

2212 2179 2419 2267 cisio'ne
2461 2183 2516 2262 et
2549 2220 2652 2258 non
2698 2199 2812 2256 sola
2853 2198 2960 2252 ﬁde
3006 2191 3249 2248 voluisse
3296 2187 3415 2243 illos
3453 2179 3711 2243 discerni,
3745 2187 3817 2234 ut-

2216 2297 2670 2373 quemadmodum
2696 2304 2894 2362 pecora
2920 2280 3324 2342 irrationabilia
3346 2278 3542 2350 quibus
3563 2272 3817 2329 canden-

2219 2397 2288 2451 tis
2343 2392 2472 2448 lerri
2527 2398 2652 2444 nota
2693 2387 2871 2440 inusta
2915 2387 3021 2445 est,
3078 2375 3254 2441 facile,
3301 2369 3516 2428 etiamsi
3579 2378 3807 2421 errave-

2220 2489 2348 2552 rint,
2381 2483 2542 2556 395
2570 2477 2936 2550 reperiuntur,
2965 2472 3037 2526 ita
3069 2467 3237 2525 Judaai
3268 2463 3522 2535 gentibus
3553 2455 3806 2530 permisti

2223 2581 2639 2641 circumcisione
2690 2567 2967 2628 manifesti
3009 2566 3225 2621 ﬁerent.
3289 2559 3460 2630 Hujus
3513 2556 3592 2611 rei
3641 2568 3814 2624 argu-

2225 2686 2409 2733 mento
2444 2681 2526 2729 est
2557 2667 2699 2739 quod
2733 2667 2784 2720 in
2819 2662 3054 2734 Aigypto
3085 2657 3303 2730 quidem
3337 2647 3825 2710 circumcisioneur

2227 2767 2577 2838 acceperint,
2626 2765 2678 2816 in
2714 2760 2932 2813 deserto
2966 2769 3096 2810 vero
3138 2747 3393 2819 quoniam
3442 2743 3541 2799 soli
3575 2747 3728 2796 erant
3762 2746 3822 2792 et-

2229 2862 2296 2916 εἰ)
2341 2831 2618 2928 ngyptiis
2673 2851 2903 2917 aliisque
2972 2843 3279 2899 Palaestinze
3319 2837 3513 2892 vicinis
3567 2831 3831 2905 gentibus

2229 2949 2489 3020 separati,
2530 2939 2896 3000 iucircnmcisi
2927 2932 3349 3007 permanserint.
3371 2926 3602 2995 Quando
3633 2933 3836 2978 autem

2231 3041 2526 3098 Jordanem
2571 3031 2899 3100 transgressi
2946 3029 2998 3082 in
3055 3025 3236 3080 medio
3281 3013 3838 3093 gentiumyersaturi:

567 3108 663 3116 ν’*
699 3108 751 3115 ’-
792 3108 1144 3132 ""r""""v
1181 3108 1250 3112 ν--
1315 3108 1482 3128 *1”-
1521 3108 1530 3127 ι
1645 3108 1657 3125 ι
1979 3108 1990 3123 ι
2100 3108 2111 3122 .

531 3149 670 3208 εἶναι
697 3154 807 3208 τῶν
831 3151 1022 3217 ἐθνῶν,
1042 3148 1198 3216 αὖθις
1224 3147 1675 3222 προσετάχθησαν
1694 3144 2122 3216 περιτμηθῆναι.

2232 3138 2408 3196 erant,
2433 3142 2623 3183 rursus
2656 3119 2971 3179 circumcidi
3021 3117 3298 3182 iubentur.
3337 3108 3702 3176 Quamobrem
3739 3118 3826 3160 se-

2495 3220 2521 3222 ”
2567 3220 2575 3222 “
2864 3213 2876 3222 ⁸
2926 3211 2947 3222 ⁸
3023 3219 3031 3222 -
3223 3208 3234 3222 ⁸
3261 3221 3268 3222 κ
3297 3219 3324 3222 Α
3408 3211 3525 3222 Δ--ι-
3588 3198 3794 3222 ,κη-...η

532 3246 733 3318 Διόπερ
765 3247 829 3298 ἐκ
875 3243 1129 3316 δευτέρου
1160 3239 1336 3304 εἶπεν,
1370 3241 1450 3293 ὅτι
1484 3240 1584 3293 οὐκ
1621 3238 1999 3312 όκταημέρους
2032 3251 2129 3288 πε-

538 3337 916 3408 ριετέμνοντο,
943 3335 1058 3389 ἀλλ’
1091 3331 1449 3405 ἀνδροθέντας
1477 3331 1601 3402 ῆδη,
1639 3327 1735 3386 καὶ
1771 3328 1909 3400 πρὸς
1949 3325 2130 3398 γῆράς

534 3447 688 3493 τινας
711 3428 1056 3492 νενευκότας.
1091 3427 1155 3478 Ἡ
1183 3425 1239 3478 δὲ
1263 3424 1491 3496 πετρίνη
1530 3422 1776 3494 μάχαιρα
1807 3419 1898 3474 τὸν
1925 3419 2129 3490 Κύριον

537 3525 668 3594 ἡμῖν
698 3521 848 3593 δηλοῖ
867 3521 958 3574 τὸν
982 3519 1080 3589 τὴν
1104 3516 1300 3588 νοητὴν
1333 3515 1489 3571 δόντα
1518 3517 1652 3587 ἡμῖν
1681 3512 2004 3585 περιτομὴν,
2032 3510 2132 3582 τὴν

538 3621 618 3684 εἰς
651 3617 776 3671 νοῦν
801 3617 897 3671 καὶ
924 3615 1172 3688 καρδίαν.
1210 3615 1309 3668 Διὸ.
1340 3613 1498 3669 τοῦτο
1541 3611 1650 3684 γὰρ
1684 3611 1778 3664 καὶ
1810 3611 1838 3662 ὁ
1877 3609 2134 3662 Ἀπόστο-

538 3712 630 3774 λος
654 3711 788 3781 ἡμῖν
825 3708 980 3778 ἔλεγε
1024 3707 1327 3780 περιτομὴν
1361 3706 1452 3761 τοῦ
1497 3702 1770 3777 Χριστοῦ,
1817 3703 1918 3756 οὐκ
1967 3701 2026 3755 ἐν
2068 3703 2134 3773 τῇ

533 3806 840 3862 ἀπεκδύσει
862 3807 962 3876 τῆς
989 3805 1194 3876 σαρκὸς
1222 3806 1254 3874 ἠ
1265 3803 1399 3874 μῶν.

629 3898 776 3970 Ἐγὼ
814 3896 1290 3967 ἀρχιστράτηγος
1309 3893 1415 3961 τῆς
1439 3890 1748 3961 δυνάμεως
1765 3887 2008 3956 Κυρίου,
2023 3886 2142 3941 νῦν

547 3993 943 4062 παραγέγονα.
987 3987 1313 4059 Μεμνῆσθαι
1343 3987 1432 4040 ’δεῖ
1458 3986 1538 4038 ὅτι
1583 3983 1748 4054 ἡνίκα
1774 3978 2140 4052 ἐμοσχοποίη-

549 4104 667 4143 σαν.
691 4087 719 4138 ὁ
750 4085 882 4147 Θεὸς
912 4081 989 4152 τῷ
1016 4082 1240 4135 Μωῦσεῖ
1265 4082 1537 4150 φησιν,ὃτι
1558 4097 1575 4129 ι
1611 4074 1882 4142 ’Δνάγαγε
1896 4069 1986 4124 τὸν
2013 4067 2143 4122 λαὸν

546 4179 758 4240 τοῦτον,
785 4176 846 4229 οὑ
874 4175 982 4246 γὰρ
1015 4173 1089 4243 μὴ
1121 4169 1403 4224 συναναϐὦ
1427 4168 1512 4221 διὰ
1545 4167 1607 4219 τὸ
1633 4164 1723 4218 τὸν
1746 4163 1875 4217 λαδν
1908 4161 2142 4232 σκληρο-

549 4270 820 4343 τράχηλον
850 4264 1004 4321 εἶναι.
1043 4265 1152 4318 Καὶ
1192 4264 1302 4317 ἰδοὺ
1345 4258 1629 4316 ἀποστελῶ
1653 4257 1745 4311 τὸν
1779 4255 2012 4326 ἄγγελόν
2043 4271 2144 4326 μου

551 4365 659 4438 πρὸ
703 4360 995 4435 προσώπου
1033 4376 1147 4412 σου.
1195 4356 1437 4428 Πρόσεχε
1488 4348 1581 4406 οὖν
1628 4347 1877 4419 σεαυτῷ,
1921 4347 2015 4401 καὶ
2071 4347 2146 4419 μὴ

552 4456 786 4512 ἁπείθει.
833 4475 850 4506 ι
896 4451 1035 4507 ’0δέ
1068 4450 1308 4521 Μωῦσῆς
1342 4445 1478 4518 πρὸς
1507 4444 1671 4498 αὐτόν
1697 4457 1887 4512 φησιν·
1923 4460 1940 4491 ι
1973 4440 2035 4492 Εἰ
2071 4439 2148 4510 μὴ

556 4549 856 4621 συνανέρχῃ
896 4549 1057 4617 ἡμῖν,
1097 4546 1170 4616 μή
1224 4559 1290 4613 με
1336 4539 1619 4611 ἀναγάγῃς
1660 4534 1933 4590 ἐντεῦθεν.
1977 4553 1994 4585 ι
2036 4532 2146 4586 Καὶ

553 4643 712 4698 τοῦτο
736 4640 903 4695 εἰπὼν
934 4638 1118 4692 ἔπεισε
1141 4653 1156 4666 °
1194 4635 1288 4689 mi.
1312 4629 1380 4705 ἦν
1419 4631 1556 4703 μετὰ
1590 4628 1684 4682 τοῦ
1724 4627 1876 4693 λαοῦ,
1905 4626 2008 4689 ἕως
2046 4624 2145 4696 τῆς

555 4732 811 4802 τελευτῆς
853 4730 1084 4799 Μωῦσῆ.
1134 4727 1288 4784 Μετὰ
1340 4726 1396 4779 δέ
1435 4725 1534 4794 τὴν
1561 4721 1774 4775 ,τούτου
1823 4717 2143 4780 ἀποϐίωσιν,

560 4823 808 4892 φαίνεται
861 4820 958 4890 μὲν
1001 4819 1096 4874 καὶ
1143 4818 1450 4886 διαλέγεται
1493 4813 1570 4883 τῷ
1618 4810 1714 4864 τοῦ
1747 4809 1899 4879 Ναυῆ
1947 4805 2144 4878 Ἰησοῦ.

559 4914 718 4968 Μετὰ
738 4913 868 4981 γοῦν
900 4912 999 4983 τὴν
1024 4911 1343 4966 ἐπιστασίαν
1373 4906 1466 4961 τοῦ
1494 4905 1624 4959 λαοῦ
1659 4905 1740 4967 εἰς
1771 4901 1863 4954 τὸν
1901 4897 2150 4970 μαθητὴν

561 5005 841 5068 Μωῡσέως
913 5004 1096 5056 λοιπὸν
1174 5000 1539 5072 παραδίδωσιν
1605 4997 1766 5050 αὑτὸν
1829 4990 1907 5063 τῷ
1992 4991 2149 5062 ἁρχι-

565 5101 859 5170 στρατήγῳ
900 5097 978 5168 τῷ
1024 5095 1264 5168 Μιχαὴλ.
1305 5088 1470 5156 Οὗτος
1510 5088 1578 5162 ἦν
1629 5091 1812 5161 ἄρχων
1854 5085 1950 5140 τοῦ
1983 5081 2150 5146 λαοῦ,

564 5196 638 5260 ώς
677 5197 736 5247 ἐν
768 5193 847 5264 τῷ
883 5189 1079 5261 Δανιὴλ
1116 5188 1365 5259 φαίνεται
1401 5185 1574 5254 λέγων
1614 5184 1800 5253 ἕτερος
1838 5178 2087 5249 ἅγγελος.

637 5307 1026 5378 Πυρευόμενοι
1053 5303 1150 5357 καὶ
1185 5298 1600 5365 σαλπίζοντες.
1627 5296 1796 5349 Aerati
1837 5295 1891 5347 αἱ
1923 5291 2154 5358 σάλπιγ-

568 5420 680 5471 γες,
712 5398 976 5470 σύμϐολόν
1009 5399 1114 5449 εἱσι
1147 5394 1255 5448 τῶν
1287 5395 1344 5446 ἐν
1370 5395 1435 5464 τῇ
1469 5392 1674 5464 ἐσχάτῃ
1696 5391 1899 5460 ἡμέρᾳ.
1935 5404 1953 5435 ι
1986 5381 2154 5444 Αὐτὸς

569 5497 694 5567 γὰρ,
739 5492 922 5564 φησὶν,
969 5492 996 5544 ὁ
1029 5488 1230 5559 Κύριος
1272 5490 1330 5540 ἐν
1365 5485 1720 5554 κελεύσματι,
1755 5481 1812 5532 ἐν
1843 5480 1993 5548 φωνῇ
2021 5478 2156 5548 ἀρχ-

569 5587 800 5658 αγγέλου
827 5627 842 5652 ,
885 5585 979 5638 καὶ
1039 5583 1097 5635 ἐν
1143 5580 1405 5648 σάλπιγγι
1446 5575 1578 5634 Θεοῦ
1633 5571 2004 5643 καταϐήσεται
2061 5568 2153 5620 ἀπ’

643 5777 686 5807 ¹⁶
712 5776 820 5830 Jns.
856 5789 914 5836 ιι,
949 5812 962 5833 ,
997 5770 1088 5823 93.
1171 5768 1209 5798 ¹⁷
1239 5766 1348 5820 .los.
1383 5781 1454 5828 ιγ,
1491 5765 1574 5818 15.
1656 5761 1834 5817 "-105.
1872 5774 1922 5826 v,
1950 5756 2002 5812 2.
2081 5755 2120 5788 ’9

2225 5753 2350 5808 loss.
2384 5763 2440 5814 ιι,
2471 5745 2551 5801 ll.
2633 5741 2679 5776 ὀ
2709 5737 2819 5793 Jus.
2857 5750 2906 5800 ν,
2948 5733 3028 5787 Η.

577 5845 620 5880 ⁸³
653 5848 762 5903 Jos.
795 5861 862 5914 γι,
895 5847 946 5899 9.
1018 5845 1062 5873 ²³
1091 5841 1106 5896 l
1137 5840 1328 5895 Thess.
1359 5852 1432 5903 ιν,
1466 5836 1548 5890 ιε).

2230 3227 2408 3281 eundo
2475 3220 2607 3274 dicit
2683 3230 2791 3270 non
2864 3211 3100 3267 infantes
3158 3208 3331 3262 solum
3402 3211 3530 3256 octo
3584 3198 3822 3259 dierum.

2231 3315 2326 3372 sed
2387 3313 2536 3366 viros
2600 3305 2873 3379 perfectos
2925 3310 2982 3356 et
3030 3295 3300 3368 quosdam
3365 3291 3532 3346 etiam
3602 3283 3671 3338 ad
3724 3296 3828 3338 se-

2235 3412 2506 3463 nectutem
2541 3407 2830 3469 vergentes
2869 3387 3222 3448 circumcisos
3273 3383 3459 3438 fuisse.
3505 3376 3694 3434 Culter
3723 3387 3821 3444 pe-

2237 3500 2414 3554 trinus
2444 3467 2731 3550 Dominum
2762 3470 3036 3558 significat
3062 3480 3157 3552 qui
3194 3473 3496 3549 spiritalem
3537 3469 3694 3524 nobis
3721 3467 3846 3521 εῖτ-τ

2239 3591 2629 3650 cumcisionem
2677 3584 2981 3658 mentiset
3050 3574 3232 3633 cordis
3295 3567 3463 3626 dedit.
3516 3563 3642 3619 Ideo
3684 3563 3854 3616 enim-

2241 3682 2529 3754 Apostolus
2560 3659 2856 3746 “quoque
2895 3653 3369 3728 circumcisionem
3403 3662 3563 3712 vocat
3603 3651 3849 3720 Christi,~

2240 3791 2349 3832 non
2383 3774 2436 3828 in
2470 3769 2863 3840 exspoliatione
2895 3761 3080 3820 carnis
3111 3765 3332 3816 ποιείτω.

2317 3867 2430 3936 Ego
2476 3878 2592 3917 sum
2635 3861 2875 3930 princeps
2913 3853 3124 3908 militia:
3161 3847 3369 3902 virtutis
3404 3841 3654 3898 Domini:
3696 3853 3834 3893 nunc

2242 3931 2429 4015 adveni
2463 3955 2531 4008 ³ο.
2563 3951 2874 4007 Meminisse
2919 3951 3133 4014 oportet
3159 3981 3173 4003 ,
3221 3936 3438 4009 quando
3465 3931 3838 3989 conﬂaverunt

2244 4049 2474 4106 vitulum
2505 4087 2521 4112 ,
2554 4057 2680 4099 tunc
2712 4043 2879 4096 Deum
2930 4033 3100 4106 Moysi
3146 4032 3329 4087 dicere
3361 4029 3404 4061 ¹¹
3433 4042 3446 4080 :
3481 4045 3500 4079 ι
3533 4023 3715 4080 Deduc
3742 4033 3839 4090 po-

2246 4143 2430 4216 pulum
2460 4142 2644 4201 istum,
2673 4150 2777 4189 non
2802 4132 2945 4188 enim
2974 4127 3134 4184 simul
3165 4122 3480 4185 ascendam,
3512 4118 3638 4188 quia
3658 4130 3838 4186 popu-

2249 4239 2331 4292 lus
2356 4235 2491 4292 dura
2526 4229 2740 4287 cervice
2763 4236 2865 4282 est.
2894 4224 2956 4278 Et
2981 4236 3110 4278 ecce
3141 4219 3352 4274 mittam
3374 4211 3625 4283 angelum
3657 4221 3839 4263 meum

2249 4338 2375 4385 ante
2395 4325 2586 4381 faciem
2618 4331 2784 4377 lnam.
2811 4316 3044 4374 Attende
3071 4327 3204 4382 ergo
3234 4309 3352 4373 tibi,
3375 4321 3476 4362 nec
3501 4314 3618 4361 esto
3643 4303 3839 4358 inobe-

2253 4423 2428 4476 diens.
2482 4435 2500 4469 ι
2567 4413 2666 4469 Cui
2711 4411 2924 4482 Moyses
2975 4405 3266 4476 respondet
3302 4401 3348 4431 ”
3390 4415 3404 4452 :
3450 4414 3470 4449 ι
3514 4395 3572 4452 Si
3624 4407 3731 4448 non
3783 4399 3842 4446 tu

2182 4510 2222 4564 D
2255 4515 2368 4582 ipse
2405 4505 2562 4564 simul
2607 4480 2862 4566 veneris,
2904 4513 2972 4554 ne
3025 4511 3110 4550 me
3163 4494 3364 4549 educas
3397 4488 3546 4543 hinc.
3580 4503 3599 4538 ι
3635 4480 3845 4550 Quibus

2253 4572 2414 4661 dictis
2463 4602 2512 4656 ei
2567 4594 2875 4668 persuasit,
2928 4599 3143 4646 etcum
3194 4581 3390 4654 p0pulo
3439 4579 3538 4635 fuit
3569 4589 3742 4644 usque
3777 4572 3846 4627 ad

2253 4700 2463 4755 obitum
2496 4665 2719 4764 Moysis,
2745 4703 2854 4758 quo
2889 4692 3104 4740 mortuo
3137 4684 3364 4750 apparet
3381 4674 3508 4731 Jesu
3540 4670 3652 4725 lilio
3675 4665 3878 4731 Navc,_

2256 4803 2310 4848 et
2350 4805 2473 4844 cum
2517 4803 2583 4844 eo
2611 4784 2964 4851 colloquitur.
3008 4778 3304 4845 Postquam
3354 4782 3489 4838 ergo
3519 4761 3754 4836 populus
3787 4758 3859 4813 in.

2261 4883 2462 4954 Moysis
2497 4877 2823 4948 discipulum
2872 4870 3065 4927 oculos
3102 4866 3313 4922 deﬁxos
3349 4859 3580 4924 habuit,
3624 4851 3872 4910 tradidit.

2261 4947 2414 5030 illn'm
2445 4975 2586 5028 Deus
2616 4967 2847 5038 principi
2883 4964 3088 5019 militiai
3119 4974 3250 5025 sum,
3283 4951 3554 5010 Michaeli.
3593 4947 3694 5002 llié
3727 4951 3874 4998 erat.

2263 5068 2512 5138 princeps
2544 5061 2757 5134 populi,
2795 5036 2853 5114 ut
2885 5058 2938 5112 in
2975 5053 3196 5110 Daniele
3229 5051 3446 5105 videtur
3481 5045 3666 5100 dicere
3711 5036 3875 5092 alter.

2263 5164 2508 5231 angelus.

2337 5274 2673 5332 Ambulantcs
2711 5285 2759 5323 et
2801 5267 3100 5337 clangentes
3130 5261 3190 5314 ⁸³.
3237 5256 3332 5311 Ha:
3364 5253 3502 5308 tuba:
3545 5245 3880 5319 symbolunr

2267 5381 2391 5428 sunt
2422 5383 2610 5423 corum
2641 5379 2758 5434 qua:
2792 5363 2842 5414 in
2873 5356 3165 5414 novissima
3199 5352 3285 5406 die
3309 5345 3623 5411 contingent
3650 5357 3661 5391 :
3695 5355 3714 5388 ι
3734 5335 3854 5405 Ipse

2263 5467 2428 5529 enim,
2493 5458 2667 5528 inquit
2711 5455 2795 5517 “,
2848 5450 3106 5506 Dominus
3153 5443 3204 5496 iu
3235 5443 3427 5508 jussu.
3478 5435 3530 5486 in
3581 5443 3718 5484 voce
3765 5442 3854 5480 ar-

2266 5553 2514 5629 changeli
2548 5563 2600 5610 et
2634 5553 2685 5607 in
2729 5548 2858 5604 tuba
2890 5544 2982 5600 Dei
3016 5535 3307 5597 descendet
3337 5533 3402 5588 de
3435 5526 3592 5584 cwlo.
3634 5544 3653 5577 ι
3699 5518 3868 5588 Quod.

3109 5729 3149 5758 ’ί
3177 5721 3348 5779 Exod.
3378 5732 3570 5776 uniti.
3645 5715 3685 5747 ⁸²
3719 5705 3874 5765 ibid.-
