4146 6440
387 377 493 435 825
1412 377 1481 434 IN
1516 376 1780 433 LIBRUM
1817 376 1982 433 JESU
2014 376 2201 433 NAVE
2237 378 2527 435 HOMILIA
2552 380 2595 437 1.
3569 394 3672 453 826

386 492 694 549 venerabilis
718 501 868 563 pater
901 492 1193 563 Chremeti,
1224 495 1481 567 injungis,
1511 506 1561 550 et
1596 496 1842 564 prtecipis
1875 497 2048 559 nobis,
2077 506 2129 549 ut
2167 496 2370 567 aliquid
2398 499 2465 552 ad
2499 500 2907 568 ludiﬁcationem
2937 509 2985 557 et
3034 505 3480 562 constructionem
3512 507 3676 565 divini

386 585 716 639 tabernaculi
750 603 815 640 ea:
848 583 1154 641 (ἔνατον-ατη
1190 590 1376 657 opibus
1415 589 1531 663 (25)
1559 600 1606 644 et
1639 590 1804 657 cepiis
1838 591 2202 675 conferamus,
2229 594 2594 649 oratiunculas
2628 612 2755 649 XXVI
2785 596 2838 649 in
2870 596 3057 652 Iesum
3083 599 3254 665 Nave,
3297 620 3429 673 quas
3453 620 3517 658 ea:
3538 615 3673 659 tem—

386 692 512 744 pore
538 678 594 731 in
630 677 868 732 Ecclesia
894 680 1158 746 peroravit
1180 679 1539 735 Adamantius
1571 697 1751 745 senex,
1795 697 1859 735 ea:
1883 679 2067 734 Graeco
2103 682 2216 753 (21)
2258 681 2443 738 Latine
2474 685 2568 737 tibi
2603 701 2697 753 pro
2729 686 2919 739 virium
2952 704 3189 742 mearum
3217 693 3479 759 parvitate
3512 695 3677 749 disse-

383 773 609 826 ruimus.
646 773 745 826 Tui
780 791 908 828 sane
941 774 1110 829 nostri
1139 778 1393 846 temporis
1432 775 1748 831 Beselehelis
1786 776 1987 844 judicii
2030 777 2119 838 sit,
2157 777 2212 832 in
2246 780 2329 833 his
2355 797 2472 848 qua:
2500 782 2797 850 o/Terimus,
2824 785 3037 838 etiamsi
3075 788 3207 840 nihil
3246 790 3513 844 invenitur
3550 793 3674 847 aui

387 866 509 936 puri
537 866 677 934 quod
711 866 779 918 ad
820 866 990 922 altare
1021 870 1267 938 proﬁciat
1294 909 1311 935 ,
1342 887 1436 924 nec
1483 871 1688 941 argenti
1728 870 1868 938 quod
1908 869 2274 925 columnarum
2314 873 2566 928 Ecclesire
2597 877 2747 929 bases
2788 879 2977 947 e/ﬁciat
3008 890 3101 933 aut
3146 884 3325 951 capita
3373 887 3602 953 decoret,
3626 888 3673 941 si

384 955 561 1009 nu'lus
591 973 654 1011 ea:
682 958 763 1010 his
790 958 845 1012 in
879 958 989 1013 illis
1019 959 1288 1029 lapidibus
1313 962 1541 1017 inveniri
1580 972 1750 1031 potest
1783 961 1877 1029 qui
1925 960 2067 1030 logio
2112 963 2344 1020 insertus
2374 966 2682 1035 pontiﬁcale
2717 979 2942 1024 vestrum
2988 985 3036 1024 et
3075 974 3375 1029 divinorum
3404 977 3515 1049 (25)
3555 996 3679 1032 con-

381 1049 547 1102 scium
582 1061 767 1116 pectus
795 1062 1032 1113 exornet,
1085 1063 1141 1106 at
1178 1064 1314 1110 certe
1354 1057 1655 1125 perspicere
1687 1054 1802 1124 (26)
1848 1054 1897 1109 si
1927 1053 2003 1107 vel
2031 1071 2289 1126 purpurae
2317 1059 2509 1129 aliquis
2542 1061 2596 1114 in
2635 1061 2717 1114 his
2738 1101 2752 1124 ,
2798 1072 2845 1115 et
2875 1064 3005 1133 regii
3040 1064 3269 1130 decoris,
3317 1075 3407 1119 aut
3440 1069 3597 1133 cocci,
3622 1078 3671 1122 et

382 1143 589 1209 mystici
619 1143 826 1197 cruoris
850 1144 994 1198 color
1016 1144 1132 1213 (27)
1161 1147 1452 1202 intexitur:
1481 1148 1527 1202 si
1559 1148 1688 1217 quid
1712 1148 2003 1217 puritatem
2033 1145 2175 1217 byssi
2201 1151 2460 1217 imitetur,
2495 1161 2544 1205 et
2583 1152 2953 1221 fortitudinem
2988 1156 3110 1219 lini,
3142 1166 3189 1209 et
3222 1157 3442 1225 dignum
3467 1159 3671 1228 aliquid

381 1234 571 1287 habent
595 1236 1018 1292 sacerdotalibus
1052 1240 1381 1295 indumentis
1406 1257 1425 1295 :
1459 1250 1727 1309 postremo
1750 1241 1796 1295 si
1820 1240 1899 1295 vel
1935 1244 2125 1298 rubras
2148 1245 2292 1315 apud
2324 1260 2417 1298 nos
2446 1244 2626 1309 pelles,
2658 1249 3028 1301 verecundiam
3066 1248 3262 1317 frontis
3301 1251 3571 1303 invenias:
3600 1251 3670 1303 ad

382 1328 624 1381 u‘timnm
654 1330 701 1383 si
724 1330 799 1385 vel
834 1348 1115 1401 caprarum
1156 1346 1294 1390 certe
1339 1337 1573 1402 reperias
1609 1334 1767 1404 pilos,
1800 1337 1991 1405 quibus
2017 1338 2097 1392 vel
2121 1341 2401 1408 penuriam
2434 1349 2669 1392 nostram
2694 1348 2951 1408 tegemus,
2979 1351 3070 1393 aut
3098 1342 3146 1394 si
3178 1358 3309 1411 quas
3345 1342 3667 1395 incurrimus

378 1419 561 1478 culpas
588 1422 880 1487 paenitendo
905 1440 1210 1507 purgemus.
1264 1425 1454 1480 Totum
1484 1443 1608 1497 ergo
1649 1427 1747 1481 hoc
1788 1428 1852 1481 de
1885 1438 1976 1483 tuo
1998 1428 2211 1499 judicio
2243 1431 2486 1495 pendeat.
2530 1429 2589 1485 Si
2621 1433 2749 1501 quid
2787 1449 2913 1486 sane
2938 1444 3017 1486 est
3043 1435 3185 1503 quod
3215 1433 3423 1503 placere
3468 1444 3663 1504 potest,

379 1510 477 1561 hoc
494 1512 559 1563 sit
588 1515 818 1569 auctoris
837 1531 854 1568 :
875 1532 1039 1586 neque
1068 1519 1208 1570 enim
1235 1534 1352 1587 qua:
1376 1517 1497 1572 aliis
1514 1518 1694 1573 labore
1715 1530 1875 1589 parta
1898 1531 2020 1575 sunt
2046 1522 2298 1589 diripere,
2323 1532 2367 1575 et
2388 1530 2583 1576 nostra
2606 1523 2754 1576 laudi
2780 1525 3055 1594 applicare
3070 1525 3278 1596 justum
3304 1540 3576 1596 putamus.
3606 1530 3666 1584 Si

378 1619 495 1656 vero
522 1605 625 1658 vim
657 1624 927 1673 sensuum,
954 1610 1123 1663 oratio
1152 1610 1341 1664 inculti
1374 1613 1629 1667 sermonis
1658 1623 1955 1682 exasperat,
1991 1615 2090 1668 hoc
2123 1615 2199 1669 vel
2234 1614 2397 1681 mihi,
2426 1614 2529 1683 vel,
2557 1626 2612 1669 ut
2652 1632 2773 1669 cum
2821 1625 2916 1671 tua
2971 1619 3118 1672 venia
3160 1619 3409 1686 dixerim,
3442 1622 3539 1676 tibi
3567 1622 3668 1691 ipsi

378 1709 641 1768 reputate,
670 1702 760 1770 qui
791 1719 921 1771 opus
948 1705 1089 1773 quod
1116 1708 1341 1761 eruditis
1370 1708 1576 1762 deberet
1608 1706 1722 1780 (28)
1759 1708 1988 1778 injungi,
2022 1710 2221 1778 expetis
2252 1710 2316 1763 ab
2346 1710 2595 1764 indoctis.

424 1853 3668 1889 .________________________________________

1677 1992 2214 2109 ORIGEN
2236 1993 2357 2108 lS

940 2227 1524 2324 HOMILUE
1608 2226 1737 2321 ΙΝ
1812 2213 2285 2322 LIBRUM
2360 2230 2646 2323 JESU
2726 2233 3086 2330 NAVE.

777 2531 943 2603 39.7
985 2530 1268 2588 HOMILIA
1307 2532 1545 2590 PRIMA.
1984 2537 2030 2595 Α
2061 2534 2244 2601 Isaac;
2280 2534 2374 2589 sed
2414 2549 2516 2589 nec
2565 2532 2944 2603 supplantator
2968 2532 3139 2589 Jacob
3167 2574 3182 2600 ,
3238 2550 3338 2590 nec
3378 2534 3671 2606 quisquam

2070 2642 2135 2681 ex
2194 2628 2320 2682 ﬁliis
2378 2627 2518 2697 ejus.
2588 2626 2805 2698 Moyses
2833 2627 3010 2682 ﬁdelis
3053 2635 3172 2682 erat
3215 2628 3269 2682 in
3316 2629 3464 2682 omni
3509 2630 3673 2684 domo

445 2626 497 2680 1.
542 2625 772 2680 Donavit
808 2626 951 2681 Deus
986 2641 1185 2680 nomen
1211 2669 1225 2695 ,
1284 2630 1427 2698 quod
1470 2640 1554 2684 est
1598 2645 1762 2698 super
1803 2645 1968 2684 omne

373 2733 566 2774 nomen
588 2717 723 2790 (29),
745 2718 973 2773 Domino
990 2727 1038 2772 et
1060 2718 1329 2773 Salvatori
1357 2731 1543 2774 nostro
1568 2718 1695 2775 Jesu
1723 2720 1963 2776 Christo.

374 2811 471 2867 i-Tst
518 2822 700 2866 autem
763 2826 958 2866 nomen
990 2813 1133 2881 quod
1192 2822 1277 2867 est
1332 2827 1495 2881 super
1541 2828 1706 2869 omne
1765 2829 1965 2869 nomen

370 2900 549 2958 Iesus.
591 2902 656 2956 Et
692 2902 817 2972 quia
849 2912 932 2956 est
959 2903 1100 2957 istud
1126 2917 1324 2958 nomen
1358 2920 1521 2971 super
1549 2920 1710 2959 omne
1743 2922 1964 2970 nomen,

373 2998 576 3051 idcirco
618 2998 670 3050 in
708 2997 928 3050 nomine
968 2995 1094 3052 Jesu
1143 3013 1308 3052 omne
1352 3013 1491 3068 genu
1532 2996 1768 3052 ﬂectitur
1801 2998 1966 3054 coale-

373 3089 561 3155 stium,
597 3089 977 3152 terrestrium,
1014 3097 1068 3143 et
1104 3089 1442 3143 inlernorum
1477 3090 1545 3142 ’⁸.
1594 3088 1663 3143 Ει
1714 3090 1842 3159 quia
1884 3098 1968 3144 est

374 3182 476 3236 hoc
513 3195 709 3235 nomen
756 3196 922 3251 super
958 3195 1122 3235 omne
1153 3196 1352 3235 nomen
1387 3199 1401 3237 :
1432 3181 1638 3237 idcirco
1674 3184 1727 3237 in
1780 3184 1966 3239 multis

373 3270 822 3339 generationibus
894 3285 922 3324 a
995 3270 1145 3326 nullo
1199 3271 1645 3342 cognominatum
1697 3284 1781 3329 est.
1827 3274 1963 3344 (50).

372 3362 608 3435 Scripsit
635 3363 846 3432 Moyses
870 3361 1067 3417 librum
1086 3362 1334 3431 Genesis,
1355 3365 1406 3419 in
1426 3380 1533 3436 quo
1555 3367 1785 3435 legimus
1798 3374 1836 3423 Α
1850 3369 1971 3422 bra—

370 3456 406 3512 h
428 3471 523 3520 tm,
549 3465 606 3509 et
645 3469 741 3510 eos
767 3453 859 3524 qui
888 3468 956 3507 ex
985 3468 1050 3506 eo
1077 3454 1319 3523 generati
1355 3464 1508 3520 sunt,
1534 3455 1584 3508 in
1617 3457 1816 3524 quibus
1838 3464 1967 3512 sunt

364 3549 496 3619 justi
538 3547 918 3619 quamplurimi
943 3562 958 3611 ;
993 3546 1087 3601 sed
1118 3545 1293 3600 nullus
1321 3560 1387 3600 ex
1413 3546 1544 3615 ipsis
1572 3544 1732 3604 Jesus
1759 3547 1964 3602 meruit

370 3642 668 3700 nominari.
703 3640 891 3709 Neque
920 3638 1055 3694 Abel
1093 3637 1250 3693 Jesus
1275 3638 1451 3697 dictus
1485 3647 1606 3704 est,
1654 3656 1832 3710 neque
1874 3642 1966 3699 ille

370 3736 463 3807 qni
491 3734 656 3804 coepit
690 3733 947 3787 invocare
980 3745 1178 3784 nomen
1216 3730 1430 3785 Domini
1462 3731 1593 3797 Dei;
1647 3746 1827 3801 neque
1875 3733 1965 3788 ille

368 3830 460 3901 qui
519 3828 725 3898 placuit
765 3826 899 3891 Deo,
953 3834 1007 3879 et
1039 3823 1336 3879 translatus
1404 3834 1530 3889 est,
1598 3825 1754 3895 cujus
1819 3840 1963 3880 mors

2070 2717 2186 2784 ejus
2222 2717 2359 2788 (52).
2390 2728 2445 2772 et
2478 2719 2718 2773 nondum
2754 2728 2933 2772 tamen
2967 2728 3194 2774 vocatus
3224 2730 3305 2775 est
3332 2718 3512 2776 Jesus.
3560 2720 3670 2775 Sed

2067 2810 2194 2866 Jesu
2234 2826 2431 2866 nomen
2474 2814 2650 2878 primo
2701 2810 2816 2879 (55)
2867 2810 3089 2865 invenio
3118 2812 3170 2865 in
3202 2812 3431 2879 Exodo;
3464 2821 3516 2868 et
3547 2814 3671 2867 volo

2071 2903 2265 2957 intueri
2293 2903 2515 2971 quando
2547 2902 2784 2970 primum
2825 2916 3022 2955 nomen
3051 2899 3177 2956 Jesu
3220 2904 3669 2973 cognominatur.

2074 3013 2092 3045 ι
2118 2991 2301 3055 Venit,
2334 2992 2510 3060 inquit
2535 2992 2603 3055 ’9,
2633 2989 2880 3053 Amalec,
2912 2999 2967 3044 et
2992 2992 3340 3061 expugnabat
3371 2992 3535 3046 Israel
3566 3032 3581 3056 ,
3617 3001 3672 3045 et

2069 3087 2207 3141 dixit
2235 3085 2447 3156 Moyses
2478 3085 2541 3137 ad
2566 3083 2753 3138 Jesum
2788 3088 2840 3141 in
2872 3084 3161 3155 Raphidim
3196 3083 3331 3154 (54).
3367 3104 3385 3136 ι
3424 3083 3551 3138 Ιιςιεο
3584 3092 3669 3139 est

2070 3179 2242 3248 prima
2281 3176 2570 3245 appellatio
2604 3181 2843 3235 nominis
2870 3179 3020 3234 Jesu.
3057 3196 3075 3229 ι
3116 3176 3288 3247 Elige,
3319 3178 3517 3244 inquit,
3568 3177 3667 3231 tibi

2068 3270 2218 3323 viros
2249 3277 2502 3339 potentes
2531 3285 2597 3324 ex
2626 3271 2880 3325 omnibus
2914 3269 3038 3324 ﬁliis
3072 3268 3270 3333 Israel,
3300 3278 3355 3323 et
3381 3271 3668 3337 egredere,

2070 3373 2126 3417 et
2154 3361 2389 3433 conﬂige
2414 3376 2537 3415 cum
2582 3362 2808 3418 Amalec
2842 3363 3109 3417 crastino.
3133 3380 3151 3412 ι
3189 3361 3403 3432 Moyses
3439 3361 3668 3415 conﬁte-

2073 3464 2159 3509 tur
2186 3470 2292 3509 non
2333 3470 2493 3523 posse
2525 3469 2584 3510 se
2628 3455 2932 3510 exercitum
2984 3457 3215 3522 ducere,
3274 3454 3569 3508 conﬁtetur
3607 3467 3670 3508 se

2071 3564 2177 3603 non
2205 3563 2363 3619 posse
2391 3548 2637 3603 obtinere
2658 3588 2672 3611 ,
2702 3548 2954 3617 quamvis
2979 3564 3104 3603 eum
3156 3549 3225 3604 de
3260 3558 3406 3604 terra
3442 3546 3665 3617 Epypti

2069 3642 2345 3697 eduxerit.
2407 3640 2474 3694 Et
2523 3640 2668 3706 ideo,
2711 3640 2892 3711 inquit
2937 3640 3078 3711 (55),
3122 3642 3343 3695 vocavit
3391 3639 3575 3695 Jesum
3611 3649 3667 3695 et

2068 3734 2249 3788 dixit:
2285 3749 2303 3783 t
2331 3732 2483 3802 Elige
2527 3732 2622 3787 tibi
2670 3732 2855 3796 viros,
2894 3741 2951 3787 et
2984 3732 3270 3802 egredere.
3310 3752 3329 3785 ι
3377 3732 3538 3787 Vides
3579 3734 3665 3787 cui

2069 3827 2295 3881 ccSSerit
2352 3825 2555 3879 bellum
2606 3841 2801 3896 gerere
2845 3825 3138 3881 adversum
3181 3825 3423 3880 Amalec.
3474 3826 3529 3879 In
3564 3827 3668 3880 hoc

368 3922 587 3977 inventa
618 3935 725 3974 non
763 3925 880 3984 est;
930 3930 1104 3985 neque
1145 3916 1234 3970 ille
1261 3915 1353 3985 qui
1393 3916 1445 3971 in
1478 3918 1837 3987 generatione
1865 3934 1961 3972 sua
1997 3904 2036 3958 Β
2069 3919 2303 3987 prinntm
2325 3916 2439 3987 (56)
2469 3932 2664 3971 nomen
2685 3917 2946 3972 discimus
2974 3915 3126 3980 Jesu,
3148 3917 3236 3972 ubi
3271 3932 3395 3971 eum
3427 3918 3665 3986 primum

370 4015 517 4071 solus
560 4013 741 4084 justus
770 4012 1023 4065 inventus
1060 4020 1146 4065 est
1190 4010 1333 4080 apud
1370 4010 1538 4065 Deum
1569 4008 1685 4066 Noe
1715 4026 1729 4063 :
1762 4011 1856 4066 sed
1897 4028 1964 4067 ne

366 4110 488 4180 ipse
539 4107 758 4178 quidem
803 4104 896 4174 qui
949 4102 1409 4173 repromissiones
1462 4114 1754 4173 acceperat
1799 4112 1967 4159 testa-

368 4200 535 4259 menti
584 4198 859 4253 Abraham
893 4196 1048 4264 (31);
1093 4211 1193 4252 nec
1227 4195 1316 4250 ille
1342 4196 1436 4265 qui
1467 4209 1535 4250 ex
1580 4210 1646 4251 eo
1682 4206 1840 4252 natus
1876 4205 1962 4252 est

440 4315 486 4348 ³⁸
512 4313 709 4384 Philip.
743 4329 803 4379 tt,
833 4312 1002 4377 9,10.
1080 4313 1125 4345 ’⁸
1151 4311 1321 4367 Exod.
1344 4328 1479 4377 xvn,
1504 4312 1559 4381 8,
1583 4313 1617 4368 9

443 4433 555 4508 (23)
579 4434 801 4508 Opibus.
832 4432 1550 4508 Unuscodethroieensis
1581 4449 1599 4484 ι
1628 4431 1911 4503 operibus,
1943 4451 1961 4486 ι

372 4503 560 4573 sicque
587 4507 749 4559 etiam
789 4505 951 4559 habet
982 4503 1396 4559 Gemetirensis.

440 4577 554 4649 (24)
582 4574 664 4629 Ex
689 4574 915 4649 Gra'co._
931 4575 1089 4649 Deest
1124 4575 1174 4627 in
1205 4574 1592 4649 Sangernran”
1620 4574 1965 4649 Ebroicensi,

367 4661 425 4705 et
451 4645 850 4704 'Ge'meticensi.
887 4646 1051 4699 Paulo
1096 4654 1221 4715 post
1252 4649 1421 4699 codex
1453 4645 1742 4714 Sangerm.
1777 4647 1960 4712 habet,

373 4738 392 4773 ι
432 4718 685 4783 disserui.
718 4715 818 4770 Tui
847 4732 977 4770 sane
1020 4716 1184 4771 nostri
1224 4716 1486 4785 temporis
1515 4756 1529 4780 ,
1567 4735 1586 4768 ι
1622 4726 1729 4771 etc.
1778 4715 1962 4770 Codex

368 4788 785 4852 Gemeticensis,
821 4805 840 4838 ι
874 4788 1234 4841 disseruimus
1259 4827 1273 4850 ,
1310 4796 1370 4839 ut
1403 4787 1477 4840 tui
1532 4802 1663 4841 sane
1693 4802 1836 4840 nunc
1868 4803 1965 4841 no-

372 4860 472 4914 stri
499 4859 756 4924 temporis
787 4857 1027 4910 Beseleel
1062 4857 1384 4910 beneficium
1420 4857 1509 4922 sit,
1550 4877 1569 4909 ι
1600 4857 1786 4926 sicque
1817 4872 1960 4913 unus

373 4930 739 4990 Ebroicensis,
776 4928 877 4980 nisi
923 4929 1064 4996 quod
1113 4942 1211 4994 pro
1268 4945 1287 4978 ι
1328 4927 1688 4983 disseruimus
1722 4946 1741 4978 ι
1799 4928 1963 4982 habet

380 5019 397 5051 ι
432 4999 768 5053 disserimus.
804 5017 823 5050 ι
850 4996 995 5052 Libri
1024 5006 1181 5051 antea
1207 4998 1359 5059 editi,
1395 5017 1414 5049 ς
1449 5000 1706 5064 disserui,
1742 5006 1801 5051 ut
1828 5012 1960 5052 sane

371 5085 520 5127 nunc
554 5071 726 5123 nostri
762 5069 1021 5136 temporis
1046 5067 1376 5121 Beselehelis
1400 5070 1589 5136 jndicii
1622 5069 1714 5123 sit.
1756 5087 1773 5118 ι
1816 5067 1957 5121 Infra

371 5141 542 5195 codex
580 5139 981 5195 Gemeticensis
1022 5148 1073 5192 et
1124 5153 1263 5191 unus
1312 5139 1698 5202 Ehroicensis,
1752 5155 1771 5188 ‹
1815 5139 1956 5206 quod

374 5212 532 5265 altari
561 5209 830 5279 proﬁciat,
868 5224 965 5263 nec
991 5208 1199 5279 argenti
1234 5211 1377 5276 quod
1422 5211 1704 5265 columnas
1740 5209 1824 5263 vel
1854 5210 1956 5263 Ec-

371 5283 553 5337 clesiae
580 5282 762 5344 bases,
804 5299 821 5331 ι
855 5289 960 5333 etc.

445 5353 562 5422 (25)
600 5352 756 5406 Libb.
784 5362 943 5422 antea
971 5350 1099 5404 editi
1127 5394 1139 5411 ,
1176 5371 1194 5403 ι
1236 5360 1327 5404 aut
1352 5349 1598 5414 capitella
1630 5351 1870 5407 decoret.
1910 5350 1953 5422 si

375 5419 553 5480 nullus
585 5423 635 5475 in
672 5422 754 5476 his
786 5419 890 5475 illis
920 5421 1189 5489 lapidibus
1218 5424 1308 5489 qui
1343 5422 1485 5487 logie
1510 5423 1745 5475 insertus
1777 5421 1962 5485 ponti-

372 5496 528 5550 ﬁcale
565 5494 945 5547 vestimentum
997 5502 1050 5545 et
1096 5505 1334 5545 vestrum
1387 5493 1736 5554 divinorum,
1776 5509 1794 5541 ι
1828 5500 1963 5553 etc.,

373 5568 465 5621 sed
496 5579 686 5618 omnes
719 5579 850 5616 mss.
881 5572 939 5615 ut
968 5564 1020 5615 in
1058 5573 1249 5617 nostro
1280 5574 1449 5616 textu.

445 5636 557 5703 (‘26)
591 5635 771 5689 Codex
801 5632 1199 5688 Gemetireusis
1226 5675 1240 5696 ,
1277 5653 1293 5684 ι
1335 5633 1386 5685 id
1419 5642 1572 5686 certe
1622 5631 1875 5703 perspice)
1916 5628 1961 5682 si

374 5701 461 5759 vel
505 5721 635 5773 pure
668 5705 872 5769 aliquid
911 5704 963 5757 in
1001 5706 1083 5759 his
1119 5704 1317 5773 egregii
1368 5703 1604 5765 decoris,
1645 5714 1701 5753 ut
1730 5701 1877 5754 cocci
1911 5710 1963 5753 et

376 5777 589 5845 mystici
621 5778 823 5829 coloris
855 5776 1131 5832 intcxilur.
1165 5795 1182 5828 ι
1218 5774 1292 5830 Ita
1322 5792 1389 5844 qu
1414 5791 1534 5845 ique
1559 5775 1753 5845 legitur
1778 5774 1829 5825 in
1857 5788 1962 5824 uno

376 5846 563 5902 codice
596 5847 932 5902 Ebt‘oicensi.

2067 4010 2312 4064 videmus
2363 4008 2478 4079 (37)
2534 4009 2726 4063 ducem
2786 4009 3063 4064 exercitus
3093 4029 3106 4065 :
3136 4026 3242 4063 non
3311 4012 3396 4064 cui
3447 4009 3663 4079 Moyses

2065 4100 2371 4168 injunxerit
2396 4100 2762 4171 principatum
2793 4139 2810 4163 ,
2840 4100 2934 4154 sed
2970 4101 3057 4155 cui
3101 4101 3333 4155 cesserit
3365 4100 3659 4169 primatum

2070 4192 2210 4266 (58).
2268 4189 2389 4248 Non
2447 4200 2628 4263 potest
2681 4191 2897 4263 Moyses
2952 4191 3154 4264 eligere
3194 4192 3341 4247 viros
3395 4201 3667 4262 potentes.

2143 4428 2256 4498 (27)
2292 4427 2475 4483 Color.
2503 4426 2668 4482 Deest
2698 4427 2750 4480 in
2787 4441 2885 4481 ms.
2924 4425 3411 4497 Sangcrmancnsi.

2149 4499 2260 4571 (28)
2295 4499 2421 4571 Mss.
2463 4516 2481 4549 ι
2523 4499 2771 4571 deberet.
2821 4516 2838 4548 ι
2875 4498 3046 4558 Alias,
3085 4515 3102 4548 ι
3136 4499 3314 4550 debet.
3360 4516 3379 4548 ι

2144 4569 2258 4638 (“29)
2298 4570 2482 4625 Codex
2528 4569 2815 4636 Sangerm.
2857 4586 2875 4618 t
2901 4583 3064 4636 supra
3098 4583 3260 4619 omne
3294 4584 3509 4620 nomen.
3544 4586 3563 4618 ι

2144 4641 2258 4711 (50)
2301 4641 2481 4695 Codex
2518 4638 2934 4711 Gemeticensis,
2981 4656 2999 4689 ι
3037 4639 3242 4692 ideirco
3281 4640 3466 4711 multis
3504 4653 3671 4711 gene-

2072 4709 2376 4767 rationibus
2403 4712 2454 4763 in
2485 4711 2632 4763 nullo
2657 4710 3099 4780 cognominatum
3132 4720 3267 4772 θείη
3293 4709 3479 4777 sicque
3501 4709 3668 4764 habet

2071 4798 2208 4836 unus
2247 4782 2614 4835 Ehroicensis.

2141 4854 2255 4924 (51)
2296 4852 2467 4924 Codd.
2524 4850 2937 4924 Gemeticensis
2983 4860 3037 4924 et
3096 4850 3466 4909 EbroiCensis,
3525 4849 3664 4903 (sed

2072 4921 2173 4979 nec
2210 4926 2322 4991 ipse
2339 4922 2559 4992 quidem
2583 4922 2674 4991 qui
2704 4921 3150 4991 repromissionis
3185 4931 3473 4989 acceperat
3498 4931 3667 4974 testa-

2069 5004 2331 5048 mentum.
2360 5014 2376 5045 ι

2138 5064 2250 5134 (52)
2297 5064 2465 5117 Domo
2516 5062 2651 5133 ejus.
2702 5063 2755 5116 In
2788 5060 2977 5116 codice
3013 5061 3477 5131 Sangermancnsi
3513 5061 3668 5117 deest

2071 5153 2089 5185 ‹
2134 5151 2272 5197 ejus.
2313 5153 2332 5186 ι

2138 5205 2250 5285 (ᾆὸ)
2283 5203 2453 5285 Codd.
2481 5203 2766 5285 Sangerm.
2799 5212 2853 5256 et
2884 5202 3304 5267 Cerneticeusis,
3335 5204 3659 5274 tprimum.»

1986 5253 2027 5310 ο
2069 5253 2415 5336 Liliti’euin,
2464 5253 2703 5342 «ρι-ῑῧιο.
2739 5294 2756 5324 ›

2139 5349 2251 5419 (3i)
2293 5346 2473 5419 Codex
2513 5346 2777 5419 sangcrtu
2810 5387 2823 5410 ,
2861 5362 2879 5393 ε
2914 5343 3183 5419 Ral':t_tlittt.
3212 5365 3229 5395 ι

2141 5411 2253 5487 (³53)
2297 5416 2362 5469 Et
2390 5418 2528 5478 ideo,
2560 5411 2752 5480 inquii,
2786 5418 2992 5467 vorarit
3026 5415 3208 5469 Iesum
3248 5426 3293 5468 et
3335 5414 3498 5467 dixit.
3536 5411 3662 5466 llaec

2071 5490 2270 5541 desunt
2305 5488 2356 5540 in
2399 5488 2587 5541 codice
2620 5487 3015 5541 Gemeticensi.

2136 5561 2250 5625 (ﬁli)
2292 5557 2445 5619 Mss”
2504 5576 2520 5606 ί
2557 5560 2813 5625 primum.
2846 5575 2863 5606 δ
2899 5557 3051 5608 Lilih.
3090 5554 3245 5611 editi,
3287 5570 3306 5603 ς
3334 5553 3529 5621 prium.
3562 5571 3580 5604 ι

2134 5632 2248 5693 (57)
2296 5626 2535 5680 Primum
2575 5629 2827 5679 videmus.
2878 5628 2931 5679 Ιιι
2967 5628 3155 5679 codice
3187 5625 3475 5689 Sangerm.
3507 5625 3661 5678 deest

2071 5722 2087 5752 α
2120 5703 2378 5769 pl'imuut.
2412 5717 2431 5749 ι

2139 5770 2251 5839 (58)
2293 5770 2448 5833 Mssa,
2506 5786 2523 5821 t
2552 5769 2870 5838 primatum.
2901 5783 2920 5816 s
2976 5762 3129 5819 Lihb.
3175 5762 3301 5819 editi
3329 5803 3342 5829 ,
3408 5782 3424 5814 ι
3451 5762 3661 5832 princi-

2065 5854 2274 5913 patum.
2308 5858 2327 5894 ι
