4146 6416
470 369 575 424 827

1948 345 2271 407 ORIGENIS

3643 329 3675 382 8
3683 329 3752 385 23

477 489 623 554 (τυ,
658 487 852 556 inquit,
885 483 1026 554 euge
1061 481 1152 538 (ibi
1201 480 1348 536 viros
1395 487 1645 550 ροωηιεε
1692 491 1759 532 εχ
1803 474 2058 531 omnibus
2087 476 2134 533 Α
2232 469 2288 523 3.
2351 466 2470 533 Quo
2521 464 2683 535 igitur
2746 461 2901 518 nobis
2949 459 3066 514 hmc
3124 467 3319 516 cuncta
3371 459 3749 529 prospiciunt?

482 577 604 636 liliis
645 580 828 637 Israel.
863 596 883 630 »
942 575 1041 630 llic
1084 591 1214 646 ergo
1245 575 1334 629 ubi
1386 575 1622 642 primum
1656 573 1807 627 disco
1860 585 2056 623 nomen

471 671 625 738 Jesn,
656 673 727 726 ibi
759 672 1017 726 continuo
1049 671 1213 723 etiam
1247 667 1492 740 mysterii
1543 667 1701 721 video
1746 680 2060 720 sacramen-

475 771 588 817 tum
623 781 638 820 :
671 763 821 817 ducit
847 762 990 817 enim
1018 763 1318 816 exercitum
1344 758 1526 814 Jesus.

544 857 600 910 2.
649 875 665 908 ι
699 857 764 910 Ει
803 856 1005 910 factmn
1042 867 1126 911 est
1162 870 1284 908 cum
1325 851 1611 908 extolleret
1660 867 1854 907 manus
1907 868 2058 920 suas,

476 948 849 1004 invalesccbat
904 947 1092 1004 Israel.
1153 948 1286 1002 Cum
1341 958 1520 1000 autem
1559 946 1820 1015 dejiceret
1867 961 2063 1002 manus

475 1055 624 1104 snas,
659 1039 1022 1094 invalescebat
1046 1038 1266 1094 Amalec
1289 1039 1354 1094 ⁸⁰.
1389 1059 1406 1091 »
1445 1037 1596 1092 Tunc
1625 1052 1752 1106 ergo
1775 1037 2063 1093 invalescit

474 1133 632 1188 .lcsus
659 1134 850 1203 magis.
901 1143 955 1189 et
984 1143 1111 1188 tunc
1153 1133 1346 1199 vincit,
1394 1132 1614 1202 quando
1645 1131 1862 1203 Moyses
1899 1133 2064 1201 erigit

477 1241 669 1278 manus
695 1240 842 1279 suas.
885 1225 1072 1280 Victus
1093 1233 1176 1281 est
1201 1235 1383 1279 autem
1409 1224 1639 1294 populus
1679 1225 1767 1278 illc
1796 1227 1863 1279 ab
1898 1227 2064 1279 Ama-

477 1316 559 1371 lec
589 1316 725 1388 (39),
751 1317 1005 1386 quoniam
1033 1317 1146 1388 jam
1171 1333 1278 1372 non
1305 1319 1548 1388 erigebat
1574 1336 1763 1374 manus
1786 1333 1936 1382 suas,
1967 1320 2060 1373 scd

473 1415 636 1460 erant
697 1409 949 1464 demissa:
1001 1411 1260 1465 deorsum
1306 1426 1321 1464 :
1360 1411 1433 1465 illi
1482 1421 1610 1466 sunt
1662 1412 1804 1467 enim
1864 1411 2061 1480 quibus

474 1500 680 1552 dicitur
709 1501 750 1531 "
780 1515 796 1554 :
833 1519 850 1552 ι
877 1501 932 1556 Si
965 1503 1266 1557 crederetis
1297 1502 1504 1573 Moysi,
1545 1503 1847 1558 crederetis
1875 1503 2063 1572 utique

475 1601 524 1644 et
559 1593 710 1646 mihi.
743 1594 807 1648 Et
831 1608 960 1649 ecce
991 1608 1076 1649 me
1118 1596 1285 1651 vultis
1319 1597 1572 1653 occidere
1619 1598 1710 1665 qui
1745 1597 1917 1667 legem
1954 1612 2060 1651 non

477 1686 730 1740 facitis?»
769 1687 1029 1741 Cessante
1060 1703 1296 1759 namque
1324 1687 1442 1758 lege
1471 1687 1610 1758 apud
1641 1687 1762 1745 illos
1789 1699 1844 1744 et
1876 1689 2058 1759 operi-

475 1778 577 1831 bus
606 1778 770 1848 legis,
825 1779 950 1848 quia
994 1782 1123 1835 dum
1159 1797 1312 1837 suam
1347 1782 1617 1851 justitiam
1659 1790 1912 1852 quaerunt
1943 1790 2059 1836 sla-

476 1880 651 1935 tnerc,
680 1870 906 1938 jllSliiIJ:
929 1873 1021 1928 Dei
1052 1890 1157 1929 non
1190 1886 1317 1930 sunt
1360 1873 1616 1943 subjecti,
1649 1874 1898 1929 demissa:
1929 1882 2057 1928 sunt

475 1979 669 2019 manus
699 1964 890 2038 Moysi,
927 1967 1154 2022 invaluit
1184 1969 1538 2024 incredulitas
1559 2009 1573 2034 ,
1623 1970 1858 2024 vincitur
1889 1983 2060 2037 popu-

475 2053 577 2110 lus.
607 2054 714 2110 Sed
750 2067 804 2113 et
831 2057 1042 2129 Nabad,
1077 2069 1128 2114 et
1157 2060 1337 2116 Abiud
1361 2099 1376 2126 ,
1405 2072 1460 2114 et
1486 2060 1711 2115 Eleazar
1740 2060 2056 2130 relinquun-

475 2156 565 2199 tur
609 2148 660 2201 in
684 2153 905 2214 castris,
949 2163 1005 2206 ut
1037 2153 1280 2221 judicent
1307 2152 1561 2224 pOpnlum
1593 2153 1661 2205 ".
1714 2152 2061 2223 Relinquitur

474 2239 638 2293 etiam
673 2240 862 2298 Jothor
887 2245 1002 2316 (40)
1030 2253 1085 2299 et
1140 2245 1256 2315 ipse
1313 2254 1370 2298 ut
1405 2243 1612 2314 jndicet
1648 2244 1899 2315 populum
1933 2260 2058 2300 cum

474 2334 557 2387 eis
582 2334 648 2393 ³³.
681 2335 840 2392 Jesus
889 2353 1018 2391 vero
1069 2355 1175 2395 non
1219 2339 1639 2409 derclinquitur,
1674 2342 1767 2394 sed
1812 2343 2060 2410 sequitur

477 2423 697 2494 Moysen
752 2427 808 2480 in
841 2438 1078 2485 montem
1124 2446 1245 2486 cum
1283 2435 1519 2503 quadam
1555 2434 1858 2502 adjectione
1905 2435 2060 2490 verbi

478 2519 772 2585 mirabilis,
812 2522 864 2574 in
907 2538 974 2577 eo
1007 2524 1149 2594 quod
1188 2525 1319 2581 dicit
1364 2526 1488 2596 quia
1541 2528 1829 2584 assistebat
1867 2526 2058 2600 Moysi.

477 2608 761 2674 Quomodo
788 2613 1124 2668 assistebat?
1148 2632 1254 2672 non
1287 2626 1346 2671 ut
1373 2619 1667 2683 secundus,
1698 2636 1804 2676 non
1835 2631 1894 2675 ut
1927 2621 2064 2675 infe-

479 2710 614 2770 rior,
654 2709 751 2761 sed
810 2717 869 2761 ut
910 2708 1126 2776 adjulor
1161 2720 1214 2765 et
1254 2723 1565 2784 protegens.
1615 2715 1720 2769 Sed
1761 2716 1889 2770 illud
1946 2716 2060 2786 (Η)

476 2801 638 2865 quale
667 2809 771 2864 est,
798 2801 940 2870 quod
969 2816 1092 2856 cum
1134 2801 1310 2872 primo
1339 2804 1648 2859 nominatus
1689 2815 1790 2869 est,
1842 2821 1948 2860 non
1977 2814 2063 2860 est

479 2891 774 2946 indicatum
833 2910 1028 2948 nomen
1063 2897 1232 2966 patris
1262 2896 1405 2966 ejus,
1455 2913 1631 2967 neque
1685 2899 1739 2952 in
1799 2900 2062 2965 secundo,

480 3001 658 3054 neque
704 2985 756 3041 in
799 2989 998 3055 tertio;
1056 3004 1179 3044 cmn
1215 3005 1345 3044 vero
1385 3000 1538 3059 pater
1583 2991 1701 3059 ejus
1751 2995 2066 3047 nominatur

479 3078 649 3143 Nave,
679 3090 806 3135 tunc
842 3081 953 3150 ipse
990 3097 1096 3137 non
1129 3081 1309 3147 Jesus,
1339 3084 1433 3137 sed
1465 3084 1609 3138 Ause
1641 3083 1880 3139 dicitur?
1917 3083 2067 3138 Inter

478 3186 574 3225 cos
618 3173 763 3225 enim
806 3172 896 3242 qui
947 3172 1286 3242 exploratum
1331 3173 1442 3245 (42)
1487 3175 1636 3229 missi
1673 3185 1818 3241 sunt,
1860 3189 2062 3230 nomen
2095 3209 2141 3270 Ο

479 3263 598 3333 ejus
623 3265 766 3317 Ause
801 3263 1100 3320 scribitur.
1180 3265 1248 3322 Et
1278 3264 1549 3332 fortassis,
1577 3276 1632 3319 ut
1665 3267 1796 3319 mihi
1824 3267 2066 3332 videtur,

482 3368 584 3423 pro
619 3353 984 3421 exploratoris
1011 3354 1188 3409 ollicio
1220 3371 1324 3409 non
1359 3355 1520 3411 Jesus
1540 3397 1555 3420 ,
1591 3357 1686 3412 sed
1714 3357 1862 3412 Ause
1893 3356 2072 3414 dictus

479 3453 586 3507 est,
622 3455 676 3498 et
703 3443 848 3498 Nave
879 3445 1020 3500 lilius
1058 3447 1388 3502 nominatur.
1422 3448 1556 3504 Cum
1583 3465 1710 3504 vero
1743 3450 1881 3504 redit
1908 3465 2072 3519 opere

482 3535 697 3606 expleto
721 3581 734 3604 ,
768 3546 822 3591 et
857 3537 1164 3607 perterritis
1205 3541 1459 3594 omnibus
1509 3541 1655 3596 solus
1691 3542 1941 3596 sublevat
1988 3541 2071 3595 la-

482 3645 636 3697 psos,
671 3629 1214 3699 despcrationemque
1251 3633 1430 3700 populi
1473 3632 1623 3686 solus
1655 3635 1835 3703 erigit,
1870 3642 1996 3688 tunc
2041 3649 2068 3686 a

483 3720 668 3792 Moyse
725 3721 884 3777 Jesus
925 3724 1238 3779 nominatus
1276 3733 1401 3778 est:
1433 3740 1530 3778 nec
1571 3723 1718 3778 Nave
1761 3726 1902 3780 filius
1933 3725 2067 3779 dici-

485 3822 594 3882 tur,
622 3817 719 3869 sed
757 3814 843 3869 ille
872 3816 939 3869 ad
969 3831 1128 3884 quem
1154 3818 1369 3871 dixerat
1400 3817 1646 3887 Moyses:
1680 3837 1696 3868 t
1733 3817 1883 3870 Educ
1918 3831 2074 3871 excr-

483 3904 678 3972 citum,
708 3916 760 3960 et
787 3908 1019 3978 conflige
1048 3923 1171 3962 cum
1199 3909 1475 3964 Amalec.»
1504 3908 1635 3963 Illud
1663 3908 1828 3964 etiam
1863 3908 2071 3963 intuen-

487 4006 587 4063 tes,
624 3999 1050 4068 magnitudinem
1086 3998 1202 4068 ejus
1233 4001 1579 4070 pervidemus
1607 4042 1621 4066 ,
1669 4001 1815 4070 quod
1859 4016 1981 4054 cum
2015 4001 2067 4054 in

486 4089 964 4161 transfiguratione
987 4093 1166 4145 vultus
1195 4091 1396 4162 Moysei
1437 4091 1571 4164 (l3),
1613 4092 1793 4146 omnis
1839 4090 2069 4146 filiorum

483 4182 649 4238 Israel
679 4182 961 4238 hebetaret
995 4193 1270 4254 aspectus,
1309 4197 1408 4237 nec
1436 4183 1631 4252 aliquis
1659 4192 1842 4252 posset
1869 4183 2069 4237 intueri

485 4276 682 4331 faciem
721 4276 903 4330 vultus
933 4275 1070 4347 ejus,
1103 4275 1260 4331 Jcsns
1291 4290 1396 4329 non
1428 4275 1601 4328 solum
1626 4274 1817 4329 faciem
1842 4284 2072 4328 contue—

484 4381 591 4433 tur,
629 4384 816 4422 vcrnm
852 4369 1015 4424 etiam
1047 4367 1100 4421 in
1129 4366 1478 4422 interioribus
1509 4365 1840 4422 tabernaculi
1873 4376 2074 4437 myste-

489 4464 694 4516 riorum
733 4461 992 4516 conscius
1019 4468 1361 4529 perseverat.

558 4650 602 4682 ³ο
631 4649 938 4708 Sxodxvn,
966 4645 1053 4700 ll.
1119 4647 1160 4677 ³¹
1187 4646 1346 4699 Joan.
1373 4659 1426 4710 v,
1457 4643 1547 4708 46,
1572 4652 1626 4699 et
1649 4659 1744 4708 vn,
1775 4642 1856 4698 I9.
1916 4643 1960 4674 ³³
1991 4641 2161 4698 Exod.
2183 4655 2373 4706 xxvm,
2399 4640 2449 4695 l.

487 4735 600 4784 xw,
633 4721 724 4775 ἓξ).
804 4719 848 4750 ³⁸
878 4717 1035 4770 Rom.
1064 4731 1159 4781 vn,
1182 4715 1237 4781 2,
1261 4715 1312 4769 5.

2164 560 2369 628 Nempe
2409 572 2477 613 eo
2500 559 2642 625 quod
2686 558 2822 614 liber
2855 559 2946 613 hic
2978 572 3082 612 non
3115 567 3226 612 tam
3255 565 3407 626 gesta
3444 557 3601 612 nobis
3631 557 3749 629 (Η)

2166 652 2262 706 lilii
2309 649 2453 705 Nave
2500 649 2722 712 indicet,
2767 663 2931 718 quam
2983 645 3111 702 Jesu
3163 647 3267 702 mei
3327 646 3538 702 Domini
3591 648 3753 705 nobis

2165 753 2508 800 sacramenta
2545 742 2819 811 depingat.
2864 741 2983 809 Ipse
3017 751 3101 795 est
3127 739 3271 794 enim
3311 740 3404 810 qui
3445 747 3570 808 post
3605 756 3752 793 mor-

2166 848 2273 892 tem
2305 837 2475 906 Moysi
2506 835 2746 904 suscepit
2781 834 3113 903 imperium,
3152 833 3268 902 ipse
3324 841 3409 886 est
3454 832 3545 901 qui
3601 833 3753 888 ducit

2163 931 2489 994 exercitum,
2543 936 2600 982 et
2629 925 2876 995 conﬂigit
2903 927 3166 981 adversus
3208 927 3429 980 Amalec
3459 947 3473 982 :
3504 939 3559 983 et
3602 932 3752 1000 quod

2167 1023 2239 1077 ibi
2272 1021 2702 1076 adnmbrabatur
2729 1020 2843 1087 (45)
2889 1019 2942 1072 in
2973 1027 3160 1074 monte
3200 1021 3451 1076 manibus
3485 1023 3750 1086 extensis,

2165 1115 2332 1183 alIigit
2359 1114 2509 1168 cruci
2541 1129 2652 1168 sua:
2685 1113 2853 1182 398
2889 1113 3234 1181 triumphans
3273 1115 3650 1184 principatus,
3695 1127 3752 1172 et

2167 1215 2462 1277 potestates
2484 1206 2535 1260 in
2569 1207 2881 1274 semetipso.
2940 1205 3248 1260 Defunctus
3287 1217 3371 1261 est
3409 1208 3574 1277 igitur
3601 1208 3751 1280 Moy-

2165 1300 2556 1356 seszcessavit
2582 1300 2730 1353 enim
2763 1299 2870 1356 lex.
2924 1299 3195 1366 Quoniam
3243 1302 3330 1355 lex
3376 1311 3427 1356 et
3476 1303 3753 1374 propheta:

2166 1409 2338 1463 usque
2395 1393 2462 1448 ad
2495 1392 2762 1448 Joannem
2791 1391 2856 1444 “.
2879 1391 2972 1448 Vis
2987 1399 3170 1447 autem
3189 1393 3258 1448 de
3299 1395 3602 1464 Scripturis
3633 1413 3755 1464 pro-

2167 1483 2336 1537 feram
2391 1483 2742 1548 documenta,
2795 1486 2940 1554 quod
2995 1485 3082 1539 lex
3139 1485 3350 1555 Moyses
3406 1486 3751 1555 appellatur?

2165 1575 2304 1630 Audi
2347 1575 2476 1644 quitl
2521 1576 2654 1630 dicit
2685 1577 2736 1630 in
2771 1577 3070 1646 Evangelio
3097 1575 3144 1607 ³⁸
3177 1595 3190 1631 :
3226 1595 3242 1628 ι
3277 1576 3489 1633 Ilabent
3534 1577 3752 1649 Moysen

2165 1675 2220 1720 et
2245 1667 2558 1737 prophetas,
2580 1669 2806 1722 audiant
2836 1668 2976 1730 illos;
3013 1688 3032 1720 »
3063 1667 3284 1738 Moysen
3315 1669 3500 1737 utique
3525 1669 3612 1723 hic
3633 1670 3761 1724 sine

2166 1757 2328 1813 dubio
2353 1759 2522 1829 legem
2551 1760 2840 1814 nominans
2870 1759 3009 1829 (46).
3031 1758 3329 1814 Defunctus
3355 1771 3588 1831 estergo
3607 1761 3756 1828 Moy-

2081 1837 2129 1892 Β
2157 1865 2245 1906 ses
2264 1851 2494 1906 famulus
2518 1852 2607 1907 Dei
2629 1871 2642 1908 :
2661 1853 2913 1908 defuncta
2939 1863 3019 1908 est
3041 1851 3185 1908 enim
3206 1851 3312 1917 lex,
3332 1864 3387 1909 et
3409 1853 3597 1924 legalia
3618 1869 3766 1924 prse-

2161 1941 2444 2010 ccptajam
2461 1953 2704 1998 cessant.
2728 1944 2837 1998 Ant
2861 1945 2904 1998 si
2926 1959 3116 2011 parum
3143 1944 3258 2014 (47)
3293 1945 3388 1999 tibi
3413 1946 3758 2000 auctoritatis

2161 2034 2402 2101 videtur,
2421 2049 2545 2090 cum
2570 2051 2598 2089 a
2626 2051 2711 2090 me
2739 2036 2839 2091 ista
2866 2035 3238 2103 proferuntur,
3257 2052 3487 2105 sequere
3506 2038 3752 2109 Apostoli

2163 2126 2566 2191 auctoritatem,
2614 2127 2848 2182 dicentis
2876 2129 2920 2160 ³⁸
2950 2129 3210 2199 quoniam
3259 2150 3277 2182 ι
3303 2131 3496 2186 mulier
3539 2132 3756 2186 vivente

2165 2216 2282 2271 viro
2299 2217 2516 2289 alligata
2533 2232 2616 2275 est
2637 2218 2761 2293 legi,
2782 2231 2837 2277 et
2862 2223 3106 2277 adultera
3128 2223 3501 2278 nominabitur
3519 2223 3564 2278 si
3591 2224 3758 2279 fuerit

2163 2326 2284 2364 cum
2303 2311 2409 2366 alio
2437 2313 2574 2380 viro;
2601 2315 2646 2369 si
2682 2331 2812 2370 vero
2844 2326 3094 2371 mortuus
3116 2315 3279 2370 fuerit
3310 2317 3394 2370 vir
3413 2317 3554 2386 ejus,
3578 2316 3758 2371 soluta

2163 2411 2246 2456 est
2273 2418 2302 2456 a
2337 2404 2454 2474 lege
2480 2407 2603 2471 viri,
2635 2417 2690 2460 nt
2715 2407 2826 2476 jam
2861 2425 2965 2463 non
2991 2409 3063 2463 sit
3087 2408 3355 2472 adultera,
3376 2410 3418 2464 si
3449 2409 3607 2464 fuerit
3633 2424 3757 2463 cmn

2167 2506 2272 2560 alio
2311 2504 2448 2556 viro.
2488 2522 2506 2555 »
2552 2501 2836 2557 Mulierem
2885 2502 3004 2557 sine
3031 2503 3198 2558 dubio
3242 2503 3478 2558 animam
3515 2505 3763 2557 nominat

2166 2597 2298 2670 (48),
2355 2609 2476 2665 qua:
2501 2595 2604 2649 sub
2632 2593 2801 2664 Moysi
2829 2593 2947 2663 lege
2974 2594 3287 2658 tenebatur,
3327 2595 3394 2650 de
3441 2610 3546 2664 qua
3573 2595 3704 2648 dicit
3742 2610 3758 2647 :

2172 2690 2429 2744 «Viventc
2467 2688 2583 2742 viro
2625 2687 2848 2758 alligata
2881 2697 2966 2743 est
3008 2688 3135 2758 legi.
3185 2687 3242 2742 Si
3294 2698 3476 2743 autem
3509 2697 3761 2742 mortuus

2167 2782 2331 2838 fuerit
2362 2783 2442 2834 vir
2463 2780 2637 2849 ejus,»
2672 2782 2793 2836 sine
2823 2781 2987 2836 dubio
3018 2781 3128 2845 lex,
3148 2781 3452 2838 absolutam
3482 2781 3613 2836 dicit
3638 2796 3762 2836 eam

2169 2877 2404 2930 animam
2427 2890 2548 2945 qua:
2574 2874 2862 2930 videbatur
2890 2889 3014 2930 esse
3052 2876 3319 2946 subjecta.
3370 2874 3582 2930 Idcirco
3629 2890 3762 2946 ergo

2168 2970 2341 3042 legem
2377 2983 2604 3025 necesse
2629 2978 2713 3025 est
2737 2971 2896 3034 mori,
2928 2980 2986 3025 ut
3010 2973 3099 3038 qui
3121 2971 3356 3024 credunt
3391 2971 3444 3024 in
3467 2969 3594 3026 Jesu
3619 2970 3766 3041 (49),

2169 3077 2515 3132 nequaquam
2557 3061 2811 3116 adulterii
2839 3062 3044 3114 crimen
3077 3059 3384 3112 incurrant.

2244 3157 2299 3211 4.
2339 3155 2500 3210 Jesus
2529 3155 2698 3226 igitur
2734 3153 2995 3207 Dominus
3022 3159 3076 3205 et
3109 3148 3364 3205 Salvator
3398 3166 3552 3206 meus
3577 3167 3766 3209 susce-

2175 3249 2254 3320 pit
2282 3249 2651 3320 principatum
2681 3263 2694 3299 :
2724 3255 2800 3310 et,
2838 3243 2882 3298 si
2932 3243 3172 3308 videtur,
3219 3242 3570 3298 conferamus
3611 3254 3767 3313 gesta

2172 3342 2343 3414 Moysi
2371 3357 2496 3398 cum
2539 3339 2843 3410 principatu
2870 3335 3021 3392 Jesu.
3071 3337 3205 3392 Cum
3251 3336 3464 3406 Moyses
3505 3337 3766 3393 educeret

2170 3435 2434 3505 populum
2471 3435 2539 3487 de
2574 3442 2721 3486 terra
2760 3429 2980 3500 Egypti
3002 3469 3018 3492 ,
3048 3428 3225 3483 nullus
3256 3430 3390 3484 ordo
3422 3428 3474 3483 in
3527 3429 3760 3499 populis,

2172 3525 2317 3580 nulla
2353 3526 2407 3579 in
2441 3520 2822 3578 sacerdotibus
2843 3521 3209 3575 observantia.
3239 3519 3763 3590 Transeuntaqnam

2173 3621 2362 3683 maris,
2393 3629 2590 3686 aquam
2615 3617 2837 3680 salsam,
2867 3629 2967 3668 nec
2987 3614 3280 3683 quidquam
3301 3615 3354 3668 in
3377 3629 3436 3669 se
3457 3613 3764 3670 dulcedinis

2171 3710 2568 3772 continentem,
2597 3717 2652 3761 et
2679 3723 2867 3762 murus
2901 3717 3021 3761 erat
3063 3707 3144 3760 eis
3180 3721 3321 3775 aqua
3366 3706 3556 3759 dextra
3595 3705 3764 3760 Leva-

2171 3819 2295 3873 qne.
2333 3803 2460 3857 Haec
2506 3802 2723 3873 Moyseo
2771 3804 2907 3856 duce
2952 3810 3104 3868 gesta
3160 3799 3561 3869 cognoscimus.
3622 3798 3759 3852 Cum

2172 3911 2301 3951 vero
2353 3896 2614 3952 Dominus
2669 3912 2824 3952 meus
2885 3895 3036 3950 ducit
3095 3893 3424 3956 exercitum,
3481 3905 3603 3960 qua:
3636 3897 3767 3944 sunt

2171 4004 2292 4059 quae
2341 3991 2508 4043 etiam
2562 3999 2689 4043 tunc
2741 3988 3212 4042 adumbrabantur
3274 3984 3387 4053 (50)
3456 3983 3762 4038 videamus.

2174 4083 2500 4137 Sacerdotes
2531 4085 2867 4151 prmcedunt,
2897 4096 3025 4134 arca
3073 4078 3382 4133 testamenti
3419 4086 3668 4147 portatur
3712 4076 3764 4130 in

2175 4175 2418 4229 hmneris
2447 4176 2817 4236 sacerdotum,
2845 4187 3111 4240 nusquam
3143 4170 3250 4236 jam
3285 4184 3466 4235 mare,
3499 4181 3766 4235 nusquam

2174 4265 2350 4321 salsus
2380 4265 2576 4320 fluctus
2620 4267 2886 4329 occurrit,
2922 4264 3016 4318 sed
3057 4265 3194 4317 duce
3224 4260 3450 4314 Domino
3479 4276 3599 4313 meo
3632 4259 3765 4314 Jesn

2175 4359 2337 4414 venio
2397 4359 2461 4412 ad
2495 4357 2825 4420 Iordanem,
2883 4367 2938 4411 et
2987 4357 3146 4411 venio
3190 4371 3296 4409 non
3349 4353 3766 4424 perturbatione

2179 4453 2339 4522 fugat,
2376 4467 2550 4522 neque
2574 4449 2899 4521 perterritus
2925 4452 3097 4513 metu,
3117 4449 3212 4503 sed
3244 4445 3402 4501 venio
3431 4461 3553 4500 cum
3583 4458 3766 4499 sacer-

3568 4631 3610 4664 “
3633 4629 3764 4686 Luc.

2525 4638 2569 4671 ³³
2595 4638 2762 4692 Exod.
2788 4650 2941 4692 xvttt.
3020 4639 3063 4671 εδ
3088 4633 3277 4690 Matth.
3300 4647 3376 4694 xl,
3405 4633 3488 4687 15.

565 4837 678 4907 (59)
724 4835 882 4890 Libb.
919 4847 1076 4888 antea
1107 4833 1323 4907 editiac
1350 4841 1524 4907 Victus
1553 4841 1734 4907 autem
1779 4842 1863 4883 est
1904 4845 2074 4898 popu-
2108 4835 2150 4889 Ι)
2181 4826 2520 4907 liberndosne
2543 4825 2683 4907 apu‘d
2715 4823 2971 4874 Hebraeos
2997 4821 3498 4907 estprophelarnm
3540 4818 3770 4888 primus.

491 4902 696 4967 Ins‘ill'e
736 4907 804 4960 ab
855 4907 1096 4960 Amalec.
1128 4924 1146 4956 »
1186 4905 1292 4958 Sed
1341 4904 1508 4955 codex
1558 4902 2074 4972 SangermanenSIS,

495 5004 514 5037 ι
550 4983 721 5036 vit-tor
750 4986 832 5031 est
858 4987 1038 5032 autem
1066 4975 1293 5044 p0pnlns
1322 4974 1407 5027 ille
1439 4973 1678 5044 Amalec.
1713 4993 1730 5023 »

563 5052 680 5122 (40)
723 5049 875 5122 Mss,
933 5040 1307 5122 rrclinqttitnr
1355 5045 1519 5122 etiam
1566 5043 1786 5122 εΙυιιιιιιιν.
1829 5061 1846 5093 »
1913 5040 2074 5096 Libb.

491 5113 849 5184 antea-editi,
889 5138 906 5169 ι
931 5113 1332 5186 derelinqnilnr
1366 5116 1528 5169 ctiam
1559 5113 1768 5167 Jt-thro.
1809 5134 1825 5164 »

564 5192 678 5262 (Μ)
729 5182 884 5262 Libb.
937 5188 1090 5262 editi,
1159 5182 1423 5255 iadjutor
1488 5196 1800 5255 protegens.
1861 5182 1969 5237 Sed
2030 5189 2083 5235 et

492 5259 697 5323 illud.»
738 5259 862 5315 Mss.
894 5270 949 5312 ut
981 5259 1031 5311 in
1066 5268 1249 5312 nostro
1275 5266 1442 5310 textu.

567 5334 682 5405 (42)
725 5329 1258 5405 Codex_Sangcrm.,-
1285 5345 1302 5377 ‹
1330 5329 1419 5397 qui
1443 5325 1828 5396 exploratum.
1852 5342 1870 5376 »
1919 5321 2077 5376 Libb.

492 5400 672 5467 editia
715 5423 732 5455 ι
757 5404 845 5471 qui
870 5402 934 5454 ad
964 5400 1390 5471 exlilorandnm.
1420 5417 1436 5448 »

567 5461 680 5549 (45)
717 5461 868 5549 Idem
906 5461 1088 5549 ms.,'t
1119 5466 1693 5549 itt_tt'ansﬁgurati0ne
1718 5464 1897 5517 vultus
1937 5461 2056 5549 M'oy

499 5534 601 5601 soi‘.
641 5534 676 5598 ι’
714 5545 873 5600 Libb.
909 5542 1036 5595 editi
1065 5583 1079 5606 ,
1134 5558 1152 5591 t
1186 5540 1238 5592 in
1305 5537 1838 5606 tr:msligurationcm
1903 5534 2084 5606 ynltns

501 5618 726 5685 Moysi.»
765 5615 935 5669 Codd.
969 5604 1235 5685 GcmCtic.
1275 5619 1335 5685 et
1380 5604 1620 5685 lilii-roum,
1678 5625 1696 5685 ε
1728 5604 2085 5685 tt'attsligttra-

506 5674 708 5741 tionem
748 5687 924 5738 vultus
981 5681 1146 5750 Moysi
1191 5680 1368 5733 omnis
1409 5679 1638 5732 liliot'nm
1681 5674 1844 5729 Israel
1892 5674 2085 5730 vitaret

503 5766 771 5824 aspectus.
814 5773 833 5806 »

577 5816 690 5896 (Μ)
732 5823 886 5878 Liber
912 5823 994 5876 hic
1024 5837 1127 5876 non
1164 5829 1268 5875 tam
1297 5828 1441 5889 gesta
1480 5816 1658 5886 nobis,
1685 5826 1792 5874 etc.
1826 5814 1891 5869 Et
1939 5822 2084 5871 certe

2253 4898 2368 4966 (45)
2410 4896 2590 4966 Codex
2627 4893 2939 4966 ξειιιςζεϊιιι..
2978 4908 2997 4942 ι
3026 4892 3407 4966 adumbralttr.
3438 4909 3456 4940 »

2253 4959 2367 5036 (46)
2420 4965 2592 5036 Codd.
2637 4963 2922 5036 Sangerm.
2985 4974 3047 5036 et
3092 4961 3476 5022 Ebroicensis,
3535 4979 3552 5012 ι
3590 4959 3769 5016 ιιοιιιί-

2179 5032 2356 5094 natis.
2379 5057 2395 5088 »
2479 5035 2633 5088 Libh.
2665 5032 2816 5096 editi,
2857 5050 2874 5082 ι
2905 5035 3174 5085 nominat.
3203 5051 3219 5082 »

2253 5108 2366 5175 (l7)
2411 5107 2535 5159 Mss.
2591 5123 2609 5154 ι
2637 5119 2848 5175 parum.
2873 5102 3092 5175 »l.ibh.
3121 5102 3278 5175 editi,
3317 5119 3334 5151 ι
3363 5117 3488 5154 non.
3524 5120 3540 5152 »

2255 5171 2371 5248 (48)
2429 5177 2576 5232 Unus
2609 5174 2989 5237 Ebroicensis,
3018 5184 3072 5226 et
3104 5174 3490 5243 Sangcruntn.,
3554 5191 3571 5222 ι
3597 5171 3763 5226 nomi-

2185 5265 2340 5304 113115.
2372 5267 2388 5299 δ

2261 5320 2370 5386 (49)
2425 5317 2604 5372 Codex
2653 5313 3048 5370 Gemeticcnsis
3093 5329 3216 5366 cum
3271 5309 3774 5386 uno_Ebroiccns_i,

2187 5381 2369 5458 itaque
2395 5395 2788 5458 ergo'rneeesse
2822 5396 2903 5458 est
2936 5386 3038 5452 legi
3072 5385 3218 5458 mori
3239 5393 3296 5458 ut
3325 5383 3415 5451 qui
3449 5381 3682 5436 credunt
3719 5382 3774 5433 in

2188 5456 2396 5515 Jesnm.
2427 5479 2442 5511 »
2471 5456 2648 5511 ’Altcr
2703 5456 3073 5518 Ebroicensis,
3122 5473 3138 5504 ι
3175 5456 3379 5506 idcirco
3434 5467 3655 5505 necesse
3689 5463 3776 5505 est

2190 5532 2407 5601 Moysen
2441 5529 2600 5591 mori,
2628 5543 2784 5601 »_etc.
2821 5526 3106 5595 Sangcrm.
3138 5535 3194 5578 ut
3228 5525 3291 5601 in_
3319 5533 3502 5576 nostro
3530 5531 3701 5601 textu.

2261 5591 2375 5671 (δυ)
2417 5601 2598 5654 Codex
2627 5591 2966 5671 _Sattgc_r|n.'_,
3023 5615 3039 5645 ι
3065 5613 3183 5662 ιιυίυ
3221 5595 3383 5671 etiam
3417 5601 3546 5671 tunc
3577 5591 3776 5671 adnut-

2192 5662 2554 5726 brahanlnr.»
2626 5669 2739 5720 lino
2773 5662 3164 5721 'Ehroiccnses
3219 5675 3273 5715 et
3338 5662 3776 5726 Gcmcticensis,

2201 5762 2218 5791 ε
2243 5757 2358 5810 qun:
2386 5742 2496 5809 jam
2531 5749 2657 5792 tunc
2682 5739 3102 5791 obumbrantur.
3140 5755 3155 5788 »
3199 5734 3354 5792 Libb.
3406 5734 3557 5800 editi,
3612 5747 3778 5804 «quae

2187 5813 2298 5883 jam
2334 5823 2462 5866 tunc
2491 5810 2902 5866 adumbrantur.
2933 5824 2951 5857 »
