4146 6436
372 370 480 429 829

1402 378 1469 432 IN
1499 378 1758 435 LIBRUM
1788 378 1954 436 JESU
1986 378 2171 436 NAVE
2198 381 2488 438 HOMILIA
2514 383 2554 438 l.

3537 393 3642 450 850

372 487 588 545 dotibus
613 503 797 544 arcam
828 491 1134 546 testamenti
1160 491 1398 559 Domini,
1432 495 1486 550 in
1520 511 1624 564 qua
1658 497 1749 551 Dei
1783 498 1868 551 lex
1897 506 1950 551 et
1981 501 2025 553 Α
2057 496 2346 552 Dominum
2377 501 2754 570 suscepimus,
2789 500 2882 556 sed
2918 516 2948 555 ει
2983 500 3148 558 Patre
3191 502 3533 574 proiectum,
3583 517 3643 563 et

370 581 569 635 divinae
597 581 792 637 litterae
831 595 1140 650 servantur,
1193 587 1499 641 cervicibus
1533 589 1647 643 suis
1681 589 1950 644 humeris-

371 684 479 737 que
524 673 867 739 portantibus
913 672 984 725 ³⁷.
1043 674 1325 743 lugrcdior
1359 676 1650 733 Iordanem
1686 696 1789 734 non
1821 695 1948 734 eum

373 762 573 816 furtivo
604 764 841 828 silentio,
873 766 966 819 sed
1000 766 1051 819 in
1101 768 1352 822 tubarum
1382 771 1633 825 cantibus
1662 773 1948 844 mysticum

373 850 628 917 quiddam
668 853 1021 924 divinumque
1062 858 1405 923 canentibus,
1454 871 1517 914 ut
1570 862 1636 915 ad
1683 864 1945 931 praedica-

377 944 578 999 tionem
635 945 774 1001 tubze
818 948 1060 1003 caelestis
1108 949 1380 1005 incedam.
1420 950 1496 1008 lbi
1543 954 1746 1008 dictum
1793 965 1876 1009 est
1904 956 1949 988 ⁸⁸

376 1037 517 1102 quod
547 1037 719 1091 divisa
758 1049 845 1093 est
882 1055 1019 1109 aqua
1053 1041 1105 1094 in
1138 1043 1270 1097 duas
1305 1056 1507 1111 partes,
1550 1056 1604 1101 et
1629 1062 1768 1102 unus
1794 1062 1950 1117 aquae

375 1143 562 1183 inurus
596 1129 708 1199 (51)
764 1129 941 1187 factus
974 1144 1058 1187 est
1090 1149 1120 1187 a
1148 1135 1353 1190 dextris
1376 1178 1392 1201 ,
1447 1138 1586 1193 alius
1625 1155 1653 1191 a
1682 1140 1947 1197 sinistris.

373 1216 473 1273 Hic
499 1234 628 1275 vero
654 1222 747 1291 qui
780 1224 928 1279 venit
966 1224 1179 1280 solvere
1212 1229 1450 1283 medium
1481 1232 1744 1300 parietem
1778 1235 1950 1301 sepis,

374 1313 502 1369 fecit
527 1326 814 1387 utrumque
836 1320 949 1392 (52)
976 1338 1141 1377 unum
1176 1340 1189 1377 :
1215 1339 1283 1378 ex
1310 1339 1413 1378 una
1435 1326 1578 1379 enim
1612 1334 1765 1394 parte
1790 1340 1950 1380 erec-

372 1416 425 1460 ta
450 1418 533 1464 est
566 1424 731 1480 aqua,
756 1412 859 1468 alia
890 1428 1019 1468 vero
1047 1429 1172 1483 pars
1203 1415 1423 1470 deﬂuxit
1455 1417 1507 1471 in
1547 1432 1716 1472 mare.
1750 1418 1953 1472 Deinde

370 1500 463 1555 hic
498 1502 575 1557 ait
598 1503 643 1535 ’δ
677 1521 691 1556 :
745 1522 764 1556 α
792 1504 1103 1576 Ριιεερειηιιθ
1139 1509 1291 1563 vobis
1318 1509 1470 1564 cibos
1511 1510 1579 1563 ad
1624 1510 1804 1576 viam;
1838 1530 1856 1562 ι
1896 1521 1951 1567 et

371 1593 553 1661 hodie,
593 1595 637 1651 si
674 1598 884 1660 audias,
941 1599 1071 1654 dicit
1115 1601 1210 1655 tibi
1239 1599 1396 1655 Jesus
1432 1619 1445 1656 :
1482 1600 1539 1656 Si
1567 1604 1813 1670 sequeris
1841 1618 1949 1671 me,

370 1701 615 1756 praepara
637 1688 789 1744 cibos
819 1690 885 1746 ad
913 1692 1055 1744 viam
1083 1691 1217 1762 (55).
1243 1692 1362 1747 Cibi
1387 1693 1586 1748 etenim
1613 1709 1776 1763 opera
1800 1709 1949 1761 sunt,

368 1795 489 1849 quae
518 1796 616 1836 uos
643 1782 707 1835 ad
728 1781 967 1839 futuram
995 1786 1137 1840 viam
1173 1786 1310 1855 (54),
1334 1787 1482 1842 velut
1509 1788 1662 1844 fidele
1691 1790 1948 1845 viaticum

369 1876 719 1931 comitantur.
754 1877 1051 1934 Videamus
1073 1889 1259 1934 tamen
1286 1881 1538 1947 quoniam
1569 1898 1672 1937 non
1695 1886 1950 1939 convenit

368 1967 729 2037 negligenter,
751 1979 805 2023 et
830 1971 985 2040 quasi
1020 1971 1073 2024 in
1103 1973 1335 2027 transitu
1365 1972 1574 2028 litteras
1604 1974 1785 2044 legere
1812 1976 1949 2031 divi-

369 2072 492 2123 nas,
522 2060 665 2113 unde
694 2074 791 2115 eos
813 2061 970 2130 jubet
1000 2064 1153 2118 cibos
1182 2078 1379 2134 parare
1406 2079 1511 2119 non
1542 2065 1805 2120 habentes
1832 2068 1947 2122 fru-

369 2156 635 2203 mentum.
673 2149 869 2205 Manna
902 2152 1102 2206 etenim
1153 2154 1310 2207 cibus
1354 2161 1471 2207 erat
1501 2155 1601 2210 eis.
1660 2154 1769 2210 Sed
1824 2172 1947 2212 cum

361 2237 476 2306 jam
512 2240 893 2296 transierimus
919 2242 1160 2297 ﬂuminis
1186 2244 1349 2313 hujus
1374 2245 1538 2315 ripas,
1565 2246 1763 2301 desinit
1792 2261 1948 2300 man—

369 2347 436 2384 na
479 2347 496 2386 :
532 2342 587 2386 et
614 2333 738 2389 ideo
771 2336 815 2388 si
863 2350 968 2389 non
1012 2336 1385 2406 unusquisque
1423 2339 1815 2408 prmparaverit
1844 2340 1946 2395 sibi

366 2424 544 2489 cibos,
587 2440 693 2479 non
734 2427 942 2494 poterit
976 2429 1130 2497 sequi
1165 2427 1348 2483 Jcsum
1401 2439 1602 2484 terram
1654 2430 1948 2499 repromis-

365 2514 533 2569 sionis
559 2516 875 2571 intrantem.
909 2517 1044 2573 Vide
1066 2529 1249 2574 autem
1287 2520 1402 2591 (55)
1435 2536 1573 2590 quos
1610 2522 1845 2588 primum
1892 2522 1945 2577 in

365 2614 510 2661 terra
576 2610 1013 2678 repromissionis
1066 2612 1246 2682 capiat
1296 2614 1507 2669 fructus
1555 2633 1567 2669 :
1616 2614 1802 2681 Tunc,
1862 2618 1947 2673 in-

365 2702 487 2768 quit
536 2701 603 2766 ‘0,
648 2705 1115 2759 manducaverunt
1167 2707 1400 2775 primum
1452 2706 1665 2763 fructus
1704 2708 1818 2779 (56)
1880 2710 1949 2767 de

368 2793 588 2861 regione
612 2794 937 2863 palmarum,
967 2808 1020 2851 et
1048 2798 1513 2852 manducavernnt
1531 2801 1707 2870 primo
1728 2818 1943 2873 azyma.

370 2882 533 2940 Vides
568 2901 697 2955 ergo
726 2888 850 2955 quia
892 2889 1128 2957 primtun
1185 2891 1345 2945 nobis
1383 2894 1569 2946 mundi
1628 2894 1787 2963 hujus
1844 2895 1948 2949 iter

366 2974 646 3043 digressis,
698 2978 742 3032 si
805 2994 983 3047 regem
1028 2980 1142 3050 (57)
1185 2996 1478 3049 sequamur
1503 2982 1710 3049 Jesum,
1765 2986 1943 3053 primo

365 3068 607 3119 occurrit.
636 3068 809 3133 palma
841 3070 1101 3137 victoria},
1138 3080 1190 3125 et
1223 3072 1436 3141 abjecto
1466 3074 1732 3129 ferritenlo
1779 3075 1941 3129 mali-

2055 592 2122 644 de
2158 590 2474 649 coelestibus
2512 595 2835 649 venientem.

2125 680 2179 735 5.
2223 681 2330 737 Sed
2382 698 2483 739 nec
2535 685 2629 739 lini
2684 687 2974 755 stipulam,
3029 689 3081 742 in
3121 704 3224 758 qua
3264 688 3642 758 exploratores

2051 772 2490 840 delitescehaut,
2562 793 2662 848 ego
2715 781 2921 850 absque
2978 783 3344 836 sacramentis
3405 783 3636 851 accipio.

2052 864 2244 918 Linum
2288 882 2525 937 namque
2569 880 2654 924 est
2699 870 3080 926 indumentum
3133 872 3493 937 sacerdotale,
3544 888 3641 941 per

2050 958 2195 1025 quod
2219 957 2558 1028 signiﬁcatur
2584 962 2666 1017 vel
2703 962 2768 1016 iis
2809 964 2899 1031 qui
2928 964 3193 1019 invitandi
3225 975 3385 1019 erant
3418 965 3636 1020 culmen

2050 1052 2392 1105 Sacerdotale
2415 1052 2676 1116 delatura,
2712 1055 2853 1109 sicut
2876 1055 3068 1111 Petrus
3102 1058 3383 1124 apostolus
3402 1059 3534 1112 dicit
3555 1058 3635 1114 δίε

2060 1162 2078 1195 ι
2106 1144 2213 1199 Vos
2237 1152 2420 1198 autem
2457 1159 2592 1214 gens
2635 1155 2848 1211 sancta,
2905 1162 3137 1218 regnum
3191 1149 3573 1215 sacerdotale;
3613 1168 3636 1204 ι

2049 1234 2134 1289 vel
2167 1244 2315 1290 certe
2346 1235 2487 1303 quod
2518 1236 2571 1288 in
2619 1246 2965 1291 sacramento
3004 1237 3175 1307 legis,
3226 1239 3315 1293 ubi
3357 1240 3424 1294 de
3452 1254 3638 1294 sacer-

2050 1326 2269 1379 dotibus
2311 1327 2625 1392 adnotatur,
2678 1327 2857 1397 populi
2913 1328 3074 1396 hujus
3108 1330 3201 1397 qui
3261 1339 3347 1384 est
3388 1345 3457 1386 ex
3502 1346 3637 1401 gen-

2055 1414 2240 1474 tibus.
2302 1416 2502 1471 latebat
2567 1417 2777 1471 occulta
2841 1418 3076 1472 vocatio.
3160 1418 3435 1474 Continuo
3500 1436 3636 1489 ergo

2052 1504 2371 1559 inimicitias
2399 1505 2639 1571 suscepit
2681 1504 2793 1574 (59)
2837 1506 3099 1559 meretrix
3141 1506 3407 1562 adversus
3454 1505 3637 1561 llieri-

2050 1597 2328 1651 chontium
2363 1609 2566 1663 regem.
2609 1594 2749 1661 Quid
2790 1595 2895 1650 nisi
2928 1597 3057 1665 quia
3099 1614 3117 1647 ι
3143 1612 3274 1651 caro
3302 1599 3642 1667 concupiscit

2051 1689 2218 1760 399
2253 1689 2513 1743 adversus
2546 1688 2822 1756 spiritum,
2850 1695 2904 1741 et
2934 1687 3164 1754 spiritus
3202 1688 3465 1746 adversus
3492 1705 3626 1744 car-

2053 1780 2271 1836 nem“?
2294 1799 2313 1833 ι
2346 1780 2412 1835 Et
2454 1779 2653 1834 iterum
2683 1779 2759 1833 ait
2790 1777 2836 1808 "
2864 1794 2879 1831 :
2913 1795 2931 1828 ι
2957 1777 3083 1833 Odit
3115 1794 3212 1832 vos
3247 1779 3334 1832 hic
3360 1782 3634 1845 mundus,

2052 1874 2179 1945 quia
2205 1887 2289 1926 me
2308 1873 2542 1942 priorem
2568 1881 2805 1925 vestrum
2836 1870 2961 1924 odio
2984 1869 3193 1925 habuit.
3223 1889 3241 1922 ι
3271 1871 3365 1926 Est
3387 1886 3519 1941 ergo
3544 1888 3641 1927 rex

2051 1967 2248 2037 aliquis
2290 1966 2544 2020 inimicus
2585 1964 2896 2019 meretricis
2939 1963 3218 2033 hujus,qui
3254 1974 3337 2018 est
3386 1964 3642 2034 princeps

2053 2059 2212 2128 hujus
2245 2061 2454 2126 mundi,
2484 2058 2575 2127 qui
2602 2056 2938 2127 insequitur,
2979 2067 3033 2109 et
3060 2072 3335 2127 occupare
3367 2057 3517 2126 cupit
3539 2071 3639 2111 ex-

2051 2154 2365 2224 ploratores
2402 2151 2557 2215 Jcsu,
2586 2150 2681 2204 sed
2716 2164 2823 2203 non
2862 2156 3037 2215 potest
3073 2150 3324 2203 obtinere
3372 2150 3499 2218 quia
3542 2163 3639 2218 per

2052 2254 2265 2300 montes
2300 2244 2404 2298 iter
2426 2242 2674 2297 faciunt:
2707 2256 2813 2295 non
2838 2240 3096 2294 incedunt
3124 2255 3220 2307 per
3256 2239 3503 2304 humilia,
3539 2252 3641 2294 nec

2050 2336 2287 2392 vallibus
2312 2335 2671 2399 delectantur,
2727 2332 2823 2388 sed
2852 2332 3080 2387 collinus
3109 2332 3366 2401 vertices,
3402 2341 3457 2386 et
3481 2347 3639 2385 mon-

2052 2430 2185 2483 tium
2233 2427 2449 2484 excelsa
2501 2434 2784 2481 sectantur
2822 2441 2835 2477 :
2876 2424 3000 2492 quia
3057 2424 3173 2478 haec
3208 2423 3466 2478 meretrix
3525 2421 3638 2493 (60)

2049 2522 2179 2579 dicit
2208 2521 2292 2573 διε
2329 2539 2347 2573 ‹
2389 2520 2588 2575 Levavi
2653 2520 2845 2575 oculos
2893 2532 3045 2571 meos
3098 2516 3167 2569 ad
3225 2526 3458 2578 montes,
3496 2513 3641 2569 unde

2050 2615 2239 2670 veniet
2261 2613 2527 2668 auxilium
2557 2612 2709 2667 mihi.
2743 2632 2763 2665 ι
2802 2612 2920 2667 Non
2969 2617 3149 2681 potest
3185 2607 3313 2662 illuc
3345 2607 3642 2663 ascendere

2050 2709 2235 2764 mundi
2264 2708 2424 2778 hujus
2454 2707 2726 2775 princeps,
2755 2721 2858 2762 nec
2882 2696 3071 2776 potest
3096 2719 3193 2773 per
3216 2702 3495 2757 excelsum
3527 2702 3632 2755 iter

2049 2802 2114 2856 ad
2135 2799 2320 2857 Jesum
2351 2800 2463 2871 (6i)
2484 2800 2770 2870 pervenire
2794 2816 2807 2853 :
2836 2799 3084 2868 quinimo
3110 2805 3163 2851 ct
3188 2796 3232 2851 si
3267 2812 3387 2849 eum
3419 2804 3634 2852 tcntans

2048 2892 2396 2948 collocaverit
2428 2891 2482 2945 in
2508 2890 2762 2955 excelsis,
2788 2890 2920 2945 dicit
2942 2890 2990 2945 ei
3018 2888 3064 2920 ’⁵⁸
3096 2906 3111 2942 :
3153 2906 3172 2939 ι
3216 2887 3365 2942 Mitte
3396 2897 3448 2942 te
3472 2889 3635 2943 deor-

2050 3000 2205 3050 sum;
2238 3002 2257 3035 ι
2293 2983 2417 3051 quia
2441 2983 2666 3037 humilia
2701 2996 2917 3051 semper
2944 2981 3119 3050 diligit
3141 2988 3194 3033 et
3214 2981 3441 3043 caduca,
3467 2980 3521 3033 in
3549 2980 3636 3035 his

2051 3086 2265 3147 regnat,
2297 3074 2349 3128 in
2376 3074 2457 3127 his
2483 3072 2665 3127 sedem
2696 3087 2846 3125 suam
2875 3070 3127 3134 collocat,
3155 3072 3207 3123 in
3243 3070 3441 3139 quibus
3458 3070 3626 3124 etiam

367 3154 459 3208 tia:
488 3164 540 3208 et
572 3157 851 3225 nequitiae,
889 3175 1076 3230 azyma
1111 3162 1268 3217 nobis
1292 3163 1626 3218 sinceritatis
1652 3173 1705 3219 et
1733 3166 1938 3219 verita-
1967 3183 2012 3242 (ι
2044 3183 2215 3240 usque
2244 3168 2310 3221 ad
2344 3164 2609 3220 infernum
2632 3163 2743 3233 (6'2)
2761 3163 3072 3219 descendat.
3102 3161 3314 3232 Moyses
3342 3177 3446 3217 non
3475 3160 3639 3228 dixit,

367 3246 441 3301 tis
463 3259 741 3315 parantur.
771 3249 939 3305 Mittit
970 3262 1145 3307 tamen
1172 3251 1327 3307 Jesus
1354 3264 1541 3309 noster
1568 3255 1943 3324 exploratores

366 3341 434 3392 ad
473 3337 900 3394 Hierichontium
939 3354 1156 3410 regem,
1200 3350 1255 3395 et
1290 3342 1525 3410 hospitio
1574 3342 1945 3412 suscipiuntur

365 3447 397 3484 a
431 3432 745 3485 meretrice.
785 3429 889 3485 Sed
916 3431 1005 3484 illa
1041 3432 1303 3487 meretrix
1332 3448 1450 3501 «tua:
1485 3433 1553 3488 ab
1580 3432 1707 3488 Jcsu
1753 3434 1948 3490 missos

367 3522 608 3589 suscepit
635 3521 1029 3589 exploratores,
1082 3532 1372 3591 propterea
1405 3524 1653 3592 suscepit
1695 3540 1761 3579 ne
1803 3524 1944 3578 ultra

368 3613 753 3667 sitmcrctrix.
792 3612 901 3667 Sed
931 3622 984 3667 el
1009 3613 1435 3682 uniuscujusque
1477 3626 1725 3669 nostrum
1765 3616 1946 3669 anima

367 3705 628 3760 meretrix
664 3706 783 3773 fuit,
833 3706 1006 3761 donec
1043 3706 1096 3759 in
1130 3707 1420 3761 desideriis
1464 3716 1520 3761 et
1560 3709 1950 3777 cupiditatibus

366 3799 578 3852 viveret
635 3798 842 3853 carnis.
906 3798 1154 3865 Suscepit
1201 3814 1331 3853 vero
1377 3799 1747 3868 exploratores
1797 3799 1945 3866 Jesu,

364 3887 592 3956 angelos
633 3904 771 3956 quos
816 3890 963 3944 misit
993 3901 1120 3944 ante
1158 3890 1351 3945 faciem
1378 3905 1535 3945 suam
1578 3902 1637 3947 ut
1674 3908 1949 3962 praepara-

366 3989 496 4033 rent
529 3982 670 4034 viam
705 3982 843 4051 ejus.
879 3983 1026 4048 Quos
1075 3994 1251 4037 tamen
1281 3984 1324 4036 si
1365 3999 1430 4036 ex
1467 3982 1572 4039 ﬁde
1599 3988 1781 4039 anima
1815 4002 1948 4039 una-

363 4086 603 4141 qua-qne
645 4074 909 4141 suscepit,
943 4089 1052 4128 non
1087 4075 1138 4127 in
1176 4074 1469 4129 humilibus
1501 4075 1657 4143 locis,
1691 4092 1866 4145 neque
1898 4078 1949 4131 in

360 4163 721 4220 inferioribus
757 4165 988 4221 collocat
1015 4207 1030 4231 ,
1063 4166 1158 4219 sed
1191 4167 1242 4219 in
1272 4166 1649 4234 superioribus
1690 4178 1744 4224 et
1771 4168 1954 4223 excel-

358 4257 437 4312 sis
475 4274 491 4313 ;
532 4259 659 4327 quia
694 4273 798 4313 non
832 4259 900 4315 ab
930 4259 1228 4317 humilibus
1263 4262 1377 4333 (58)
1406 4271 1462 4316 et
1495 4262 1725 4316 terrenis
1774 4260 1954 4316 Iesum

806 4475 990 4528 ³⁸108.
1025 4492 1109 4533 ιιι.
1185 4477 1228 4507 ³9
1253 4475 1366 4531 Jos.
1390 4493 1427 4541 ι,
1466 4477 1551 4529 ll.

942 4548 988 4579 ⁸³
1026 4548 1218 4601 Matth.
1256 4564 1327 4615 tv,
1363 4550 1415 4601 6.

435 4477 477 4508 ³⁷
511 4474 623 4530 los.
654 4491 729 4529 tv.

364 4546 411 4579 δ’
443 4547 584 4602 Psal.
623 4563 771 4612 CXXI,
820 4548 868 4601 1.

437 4755 550 4816 (51)
588 4754 756 4811 Codd.
804 4756 1088 4825 Sangcrm.
1133 4758 1552 4819 Gemeticensis,
1598 4766 1760 4825 atque
1804 4774 1944 4812 unus
1979 4764 2021 4817 D

366 4822 739 4890 Elii-uicensis,
778 4845 795 4875 ι
826 4840 881 4880 et
913 4822 1047 4879 unus
1085 4844 1241 4896 aqua:
1284 4845 1494 4882 murus.
1533 4848 1550 4879 ι
1594 4822 1752 4884 Libb.
1791 4828 1945 4895 editi,

372 4912 394 4947 ι
426 4904 479 4946 et
509 4911 572 4946 ex
609 4904 766 4962 aquis
808 4912 944 4949 unus
977 4913 1185 4951 murus.
1218 4917 1236 4949 ι

439 4964 553 5031 (52)
595 4967 779 5019 Codex
813 4969 1122 5034 Sanga-im,
1156 4987 1173 5018 ς
1203 4980 1513 5037 utrumque.
1538 4988 1556 5020 ι
1598 4968 1754 5023 Libb.
1797 4970 1950 5035 editi,

372 5051 393 5085 ε
430 5045 678 5103 utraque.
721 5054 739 5086 ι

439 5105 554 5171 (55)
620 5106 687 5159 Et
742 5106 916 5169 hodie,
969 5107 1011 5159 si
1051 5107 1263 5171 audias,
1313 5110 1445 5161 dicit
1507 5110 1599 5161 tibi
1654 5108 1812 5162 Jews
1850 5124 1863 5163 :
1896 5109 1954 5163 Si

367 5178 597 5242 sequeris
638 5192 737 5239 me,
774 5193 1015 5245 pra’para
1050 5179 1191 5230 cibos
1243 5182 1309 5230 ad
1365 5183 1519 5232 vium.
1578 5179 1700 5233 Hice
1731 5195 1848 5245 quae
1899 5184 1950 5232 in

369 5256 531 5297 antea
565 5249 726 5301 editis
748 5249 949 5301 omissa
987 5264 1115 5301 sum
1140 5288 1154 5311 ,
1188 5248 1478 5302 restituunt
1506 5265 1696 5304 omnes
1727 5251 1944 5305 codices

372 5330 503 5367 ιιιειε.

406 5384 555 5461 ,(54)
595 5385 773 5461 Δ(ἶοιῑά.
809 5387 1118 5461 Sangerm,
1153 5388 1363 5461 Gemct.
1404 5398 1456 5443 et
1492 5403 1629 5442 unus
1657 5388 1953 5444 Ebroiccn-

372 5457 469 5517 sis,
508 5475 524 5505 ι
554 5458 719 5510 viam.
761 5479 779 5509 ι
814 5457 967 5512 Libb.
1006 5460 1159 5520 editi,
1200 5478 1216 5508 ι
1255 5459 1440 5511 vitam.
1473 5478 1489 5509 ι

604 5528 767 5581 Iidem
828 5545 959 5582 mss.
1023 5546 1040 5579 ι
1078 5530 1207 5583 Vide
1270 5541 1521 5582 autem.)
1595 5528 1750 5584 Libb.
1803 5530 1955 5596 editi,

378 5611 395 5643 ι
420 5596 730 5654 Videamus.
769 5618 788 5651 ι

439 5666 555 5733 (bii)
576 5666 740 5721 [idem
774 5685 904 5723 mss.
934 5668 1231 5722 «fructus:
1264 5668 1420 5723 Lihh.
1442 5670 1597 5731 editi,
1630 5668 1958 5723 «fructum.»

1212 5757 1230 5790 ε
1269 5756 1472 5809 regem.
1506 5760 1522 5792 ι
1592 5741 1745 5793 Libb.
1808 5742 1965 5808 editi,

447 5733 558 5802 (57)
599 5740 778 5794 Codex
835 5742 1097 5809 Sangerm
1134 5782 1146 5803 ,

383 5826 399 5857 ι
440 5817 595 5865 recte.
626 5828 641 5855 ι
674 5811 871 5866 Ibidem
905 5812 1043 5865 idem
1076 5827 1176 5865 ms.
1216 5830 1234 5861 ι
1266 5814 1439 5875 prima
1471 5811 1730 5867 occurrit.
1765 5830 1783 5862 ι

1628 4477 1673 4509 ⁸⁸
1699 4476 1811 4532 Jos.
1850 4493 1902 4540 v,
1949 4477 2037 4531 ll.

1492 4549 1539 4579 ‘°
1569 4548 1685 4603 Jos.
1720 4565 1776 4615 χ,
1810 4550 1897 4604 12.
1973 4548 2015 4580 ⁸⁷
2052 4546 2184 4601 ibid.
2215 4545 2302 4599 14.

2056 3280 2075 3313 ι
2104 3269 2209 3316 stet
2237 3257 2339 3323 sol,
2380 3275 2398 3307 ι
2428 3270 2527 3310 nec
2551 3252 2802 3308 maximis
2835 3252 3123 3320 imperavit
3148 3252 3454 3316 clementis,
3492 3251 3636 3307 sicut

2050 3352 2207 3409 Jcsus
2247 3349 2391 3404 fecit.
2431 3366 2450 3399 ι
2482 3347 2623 3408 Stet,
2660 3343 2920 3413 inquit“,
2948 3343 3026 3397 sol
3049 3359 3209 3412 supra
3246 3342 3471 3399 Gabaon
3497 3340 3638 3413 (65),

2052 3455 2108 3499 et
2138 3444 2264 3498 luna
2312 3455 2475 3511 super
2531 3438 2722 3492 vallem
2780 3436 2965 3500 Elom;
3002 3455 3020 3487 ι
3055 3445 3109 3488 et
3150 3444 3440 3504 propterea
3477 3435 3631 3489 addit

2059 3535 2345 3602 Scriptura
2401 3541 2455 3587 et
2492 3531 2623 3584 dicit
2651 3529 2717 3592 ‘7,
2752 3528 2879 3597 quia
2917 3545 2935 3577 ί
2974 3542 3249 3597 nunquam
3297 3526 3375 3581 sic
3427 3527 3639 3582 audivit

2063 3625 2204 3678 Deus
2256 3623 2554 3677 hominem.
2604 3638 2622 3671 ι
2672 3618 2828 3673 Jesus
2883 3632 3014 3686 ergo
3065 3633 3218 3672 meus
3266 3618 3435 3673 solem
3490 3627 3642 3673 stare

2057 3715 2184 3769 fecit
2224 3728 2331 3767 non
2376 3722 2503 3765 tunc
2555 3710 2753 3774 solum,
2802 3709 2896 3763 sed
2943 3709 3114 3762 multo
3164 3709 3333 3778 magis
3376 3710 3536 3763 modo
3586 3710 3642 3763 in

2056 3807 2289 3859 adventu
2313 3820 2431 3859 suo.
2473 3802 2724 3871 Denique
2761 3802 2886 3855 dum
2913 3816 3011 3854 nos
3042 3799 3237 3853 bellum
3283 3801 3521 3869 gerimus
3548 3799 3645 3852 ad-

2058 3911 2251 3951 versus
2296 3896 2552 3950 inimicos
2596 3904 2832 3961 nostros,
2880 3902 2936 3947 et
2980 3891 3341 3946 colluctamur
3379 3893 3647 3946 adversus

2057 3988 2399 4057 principatus
2432 3996 2486 4040 et
2519 3994 2840 4055 potestates,
2892 3992 2947 4038 et
2992 3992 3236 4039 rectores
3295 3984 3650 4036 tenebrarum

2064 4078 2285 4139 harum,
2326 4075 2595 4129 adversus
2630 4073 2898 4143 spiritalia
2935 4074 3193 4141 nequitia}
3230 4073 3280 4125 in
3306 4072 3644 4137 coelestibus,

2062 4168 2142 4223 sol
2179 4167 2336 4222 nobis
2356 4165 2588 4234 iustitia:
2629 4164 3007 4219 indesinenter
3048 4163 3283 4226 assistit,
3315 4177 3414 4217 nec
3445 4163 3647 4217 deserit

2066 4273 2331 4328 unquam,
2356 4272 2457 4312 nec
2486 4255 2710 4312 festinat
2739 4256 3091 4317 occumbere,
3119 4255 3242 4323 quia
3278 4253 3393 4323 ipse
3416 4254 3553 4307 dixit
3573 4251 3644 4305 ηε

2110 4476 2153 4507 ⁸⁸
2187 4473 2207 4527 l
2241 4472 2353 4527 Pet.
2394 4487 2459 4534 ιι,
2498 4472 2550 4525 9.
2662 4470 2705 4501 δ’
2738 4467 2856 4525 Gal.
2896 4483 2949 4531 v,
2997 4468 3080 4522 l7.
3171 4464 3217 4497 “
3248 4464 3405 4522 Joan.
3436 4466 3528 4531 xv,
3556 4465 3642 4523 i8.

2380 4546 2426 4585 ιθ
2453 4542 2648 4597 Matth.
2682 4555 2881 4604 lxxvttt,
2915 4540 3009 4592 20.

2125 4754 2242 4824 (58)
2305 4752 2480 4808 Codd.
2534 4748 2930 4824 Genieticensis
2980 4758 3034 4824 et
3080 4743 3646 4824 uitus”liliroiccnsis.

2062 4846 2082 4879 ι
2107 4813 2174 4880 ab
2210 4813 2530 4878 humilibus.
2560 4841 2578 4873 ›
2615 4821 2907 4887 Sangerm.
2946 4836 2962 4867 ι
2991 4818 3044 4870 in
3095 4815 3407 4869 humilibus.
3437 4832 3458 4887 ι
3492 4813 3650 4867 Libb.

2058 4897 2212 4959 editi,
2254 4914 2270 4945 ι
2302 4893 2703 4947 humilioribus.
2735 4885 2760 4940 ἶ
2801 4888 3003 4942 Ibidem
3032 4902 3161 4940 mss.
3206 4902 3224 4935 ι
3253 4885 3647 4953 suscepimus.»

2061 4966 2214 5020 Libb.
2240 4964 2392 5026 editi,
2438 4983 2455 5013 ι
2486 4963 2834 5030 suscipimus.
2862 4978 2880 5009 ι

2130 5035 2245 5109 (59)
2319 5034 2505 5109 codex
2570 5027 3085 5109 Sa’iigei't'naucnsli‘s,
3160 5028 3376 5109 «Λευιιίι³
3419 5044 3436 5075 ι
3500 5040 3656 5109 (uritis

2060 5094 2433 5165 Eh‘roii-ensis,
2474 5122 2490 5151 ι
2524 5094 2711 5156 sumit:
2739 5120 2756 5151 ι
2793 5098 2973 5173 (Index
3009 5096 3431 5173 Ceutclit'ettsis,
3466 5094 3652 5173 tQupd

2059 5193 2189 5246 ergo
2252 5173 2568 5227 inimicitias
2625 5170 2873 5238 suscepit
2928 5168 3191 5221 meretrix
3233 5168 3360 5237 quid
3418 5175 3502 5219 est
3548 5167 3652 5219 nisi

2090 5263 2176 5299 ιιιςι
2210 5260 2359 5296 (ῗὲὶΙΊ).
2406 5264 2424 5295 D

2052 5264 2471 5387 quiiilgalé’odcx
2523 5309 2944 5374 Gemeticensis,
2997 5326 3016 5361 ι
3072 5309 3188 5363 haec
3234 5316 3420 5361 nostra
3474 5317 3653 5358 mere-

2066 5400 2249 5525 ωῗὰι)
2303 5454 2524 5523 Idem,t
2561 5450 2957 5525 pcr__excelsurn
2990 5458 3231 5503 montem
3273 5443 3338 5496 ad
3379 5444 3594 5509 .lcsum,
3623 5457 3649 5496 ι

2067 5519 2253 5594 sicque
2288 5526 2448 5578 habet
2475 5522 2614 5594 unus
2650 5519 3011 5594 Ebroicensis.

2141 5582 2252 5667 (ii-2)
2293 5596 2475 5667 (iudex
2511 5590 2926 5667 Qemeticensis,
2961 5606 2978 5667 ς
3019 5586 3084 5638 ad
3123 5582 3416 5667 infernalis

2145 5654 2258 5737 (65)
2298 5664 2477 5737 Codex
2513 5658 3045 5737 Sangcrnranensis,
3078 5676 3094 5708 ι
3136 5667 3301 5723 supra
3327 5654 3575 5710 Gabaon.

2073 5729 2415 5801 Libbﬁcditi,
2452 5753 2468 5785 ι
2504 5729 2668 5801 super
2694 5729 2939 5785 Gabaon.
2975 5743 2993 5777 ι
