4146 6396
515 383 613 439 831

1986 366 2311 426 ORIGENIS

3665 369 3785 425 852‘

518 500 657 557 Ecce
680 514 779 569 ego
806 495 1084 553 vobiscum
1121 508 1240 549 sum
1282 490 1534 548 omnibus
1563 491 1772 546 diebus.
1810 508 1827 541 ι
1860 487 1974 541 Νοιι
2005 503 2095 544 so-
2124 491 2171 548 A
2269 488 2326 545 7.
2356 486 2467 540 Sub
2496 484 2677 540 Moseo
2701 498 2805 540 non
2840 493 2921 541 es!
2950 484 3156 541 dictum
3195 484 3298 541 hoc
3332 486 3474 556 quod
3518 487 3620 541 8th
3648 486 3795 545 JeSIr

516 589 627 644 lum
660 598 838 643 autem
877 588 1149 656 duplicato
1174 585 1260 637 dic
1286 584 1566 638 nobiscum
1593 591 1700 647 est,
1724 582 1817 635 sed
1842 581 2096 634 omnibus

518 681 709 733 diebus
734 687 817 733 est
848 693 1018 746 usque
1049 677 1114 730 ad
1146 676 1671 729 consummationem
1694 671 1897 736 surculi,
1924 671 2096 726 donec

516 782 567 825 et
594 786 690 825 nos
717 772 1064 826 obtineamus
1084 767 1425 821 adversarios
1449 774 1683 819 nostros.

594 867 647 917 6.
678 864 782 918 Sed
814 873 868 917 et
895 861 1021 915 illml
1063 860 1361 923 videamus,
1392 858 1519 927 quid
1543 868 1623 912 est
1651 856 1792 927 quod
1830 856 2095 925 repromi-

516 958 586 1009 sit
612 955 769 1009 Jems
805 952 1067 1004 militibus
1115 952 1267 1002 suis:
1307 965 1326 998 ι
1361 945 1574 1013 Omnis,
1622 946 1799 1013 inquit
1830 945 1898 1008 δ’,
1947 945 2095 999 locus

517 1058 897 1117 quemcunque
948 1041 1301 1095 subdideritis
1351 1039 1596 1107 vestigiis
1637 1038 1830 1106 pedum
1881 1047 2095 1091 vestro-

518 1155 662 1199 rum,
700 1147 879 1192 veSIer
908 1135 1032 1189 erit.
1074 1154 1091 1186 ι
1130 1135 1345 1187 Dixerat
1381 1132 1482 1186 hoc
1511 1131 1615 1185 illis
1636 1133 1725 1200 qui
1758 1140 1884 1184 tunc
1912 1139 2087 1195 erant,

517 1230 581 1284 de
622 1228 935 1299 regionibus
969 1227 1425 1286 Chananmurum,
1457 1224 1894 1288 Pherezznorum,
1923 1222 2089 1278 Jcbu-

516 1335 766 1382 suorum,
806 1327 1239 1384 caelerarumque
1290 1315 1530 1384 gentium
1563 1330 1797 1383 quarum
1845 1315 2091 1383 regiones

512 1413 754 1480 expulsis
782 1410 1015 1479 indignis
1045 1408 1464 1468 habitatoribus,
1511 1406 1609 1474 ipsi
1656 1407 1973 1461 htereditate
2002 1422 2088 1461 ce-

516 1514 709 1568 νιιιιιιιι
740 1519 752 1555 :
788 1500 878 1554 sed
912 1500 1063 1553 nobis
1090 1500 1143 1550 in
1178 1498 1258 1550 his
1288 1497 1468 1550 verbis
1496 1496 1625 1564 qttid
1662 1497 2086 1565 repromittitur,

515 1592 811 1645 videmnus.
852 1590 987 1644 Sunt
1016 1589 1261 1654 quaedam
1287 1588 1723 1641 adversariarum
1757 1597 2087 1657 potestatum

514 1694 703 1751 gentes
748 1680 1047 1744 diabolicm,
1084 1678 1369 1732 adversum
1411 1692 1550 1747 quas
1602 1678 1758 1733 nobis
1804 1689 2087 1734 certamen

512 1773 743 1842 geritur,
792 1783 847 1824 et
895 1786 1095 1840 agones
1124 1770 1178 1823 in
1217 1770 1317 1823 bac
1356 1771 1465 1822 vita
1516 1769 1875 1824 desudantur.
1904 1771 2091 1837 Quan-

2200 578 2403 633 dicitur
2433 577 2503 641 ⁸¹,
2530 577 2655 645 quia
2689 594 2708 628 ι
2746 577 2979 631 cessavit
3011 586 3152 631 terra
3184 592 3211 631 a
3253 578 3474 647 prmliis.
3508 596 3525 629 ι
3555 578 3776 635 Certum

2197 679 2283 725 est
2314 668 2456 737 quod
2484 677 2539 722 et
2572 678 2715 722 terra
2742 679 2926 722 nostra
2956 671 3092 735 bzec,
3124 670 3175 723 in
3219 684 3324 739 qua
3355 685 3560 737 agones
3604 671 3774 726 habe-

2197 774 2338 821 mus,
2370 765 2426 811 et
2462 758 2768 812 certamina
2822 759 3179 821 sustinemus,
3208 759 3377 814 solius
3404 758 3530 814 Jesu
3565 762 3775 817 Domini

2197 847 2398 900 virtute
2442 863 2661 903 cessare
2716 850 2919 918 poterit
2944 865 2972 902 a
2999 849 3220 918 przeliis.
3251 849 3394 904 lntra
3439 868 3537 907 nos
3574 856 3774 908 etenim

2196 949 2324 994 sunt
2345 954 2537 995 omnes
2569 951 2757 1009 gentes
2782 942 2898 996 istae
2924 942 3199 1005 vitiorum,
3226 959 3346 1013 qua:
3375 944 3610 998 animam
3630 946 3777 1015 jugio

2206 1039 2291 1084 ter
2312 1041 2365 1084 et
2404 1032 2783 1087 indesinenter
2811 1044 3140 1104 Oppugnaut.
3178 1034 3323 1089 Intra
3356 1052 3453 1091 nos
3479 1049 3604 1091 sunt
3630 1039 3773 1093 Cha-

2199 1121 2374 1174 nanazi
2400 1120 2535 1190 (69),
2584 1122 2725 1176 intra
2781 1138 2879 1177 nos
2906 1134 3031 1178 sunt
3068 1124 3363 1190 Pberezavi,
3400 1128 3485 1182 hic
3524 1140 3651 1182 sunt
3683 1128 3774 1184 Je-

2195 1212 2384 1265 bustei.
2418 1212 2665 1279 Qualiter
2691 1227 2821 1282 ergo
2851 1213 3005 1267 nobis
3034 1214 3389 1269 laborandum
3416 1228 3516 1281 est,
3539 1218 3775 1288 qualiter

2194 1304 2551 1373 vigilandum,
2580 1304 2663 1359 vel
2694 1315 2900 1373 quanto
2929 1316 3169 1375 tempore
3204 1312 3681 1377 perseverandum,
3713 1319 3781 1365 ut

2193 1396 2446 1450 omnibus
2479 1397 2598 1451 istis
2638 1396 2706 1451 de
2737 1399 2894 1453 nobis
2922 1400 3177 1454 vitiorum
3215 1400 3465 1469 gentibus
3486 1400 3767 1471 et'l‘ngatis,

2196 1488 2411 1541 tandem
2463 1497 2606 1541 terra
2652 1498 2836 1542 nostra
2871 1500 3050 1545 cesset
3095 1505 3125 1543 a
3160 1491 3351 1547 bellis?
3381 1492 3444 1546 Et
3482 1493 3602 1546 ideo
3638 1493 3770 1548 Pro-

2194 1579 2353 1648 pheta
2382 1588 2695 1633 commonet
2730 1579 2796 1645 ",
2836 1589 2895 1633 ut
2933 1581 2983 1635 in
3036 1581 3154 1651 lege
3199 1582 3412 1637 Domini
3446 1584 3770 1640 meditemur

2192 1670 2282 1725 die
2304 1685 2367 1724 ac
2395 1680 2572 1725 nocte.
2608 1671 2739 1738 Quae
2771 1672 2956 1741 utique
2992 1670 3299 1729 divinorum
3330 1677 3620 1731 verborum
3656 1692 3771 1732 me-

2191 1762 2405 1825 ditatio,
2432 1764 2575 1817 velut
2606 1765 2729 1818 tuba
2754 1765 2999 1833 quzedam
3026 1774 3109 1820 est
3144 1768 3356 1823 animos
3386 1777 3505 1823 tuos
3532 1769 3596 1822 ad
3632 1784 3771 1838 pra:-

514 1875 815 1931 [ascunque
846 1877 976 1931 ergo
1013 1877 1079 1915 ex
1112 1860 1198 1915 his
1227 1871 1418 1930 gemes
1450 1860 1677 1930 pedibus
1706 1864 1916 1917 nostris
1956 1864 2091 1917 sub-
2120 1828 2163 1882 Β
2192 1854 2320 1909 lium
2370 1857 2657 1912 concitans
2697 1858 2835 1927 (70),
2883 1873 2951 1913 ne
3000 1857 3143 1913 forte
3166 1859 3484 1915 adversario
3510 1861 3770 1931 vigilante

510 1954 827 2019 diderimus,
876 1965 1323 2024 quantuscunque
1355 1955 1406 2009 in
1432 1956 1730 2011 certamine
1772 1958 2085 2020 vicerimus,

511 2048 752 2115 ipsorum
782 2047 1049 2118 regiones,
1080 2048 1322 2115 ipsorum
1347 2048 1661 2116 provincias
1686 2057 1738 2102 et
1762 2049 2086 2120 regna,.lesu

511 2139 665 2193 nobis
682 2138 911 2191 Domino
942 2140 1324 2207 distribuente,
1352 2140 1650 2208 capiemus.
1673 2140 1916 2196 Fuerunt
1941 2144 2086 2198 enim

511 2238 583 2289 illi
609 2235 896 2303 aliquando
920 2235 1120 2306 angeli,
1156 2238 1372 2291 fuerunt
1405 2235 1456 2288 in
1487 2250 1653 2303 regno
1674 2234 1768 2290 Dei
1794 2238 2086 2307 magniﬁci.

511 2329 704 2381 Annon
735 2327 959 2396 legimus
989 2328 1132 2396 quod
1161 2326 1332 2382 Isaias
1358 2328 1490 2383 dicit
1524 2330 1588 2383 de
1614 2345 1721 2383 uno
1750 2345 1815 2385 ex
1850 2330 1979 2399 ipsis
1999 2331 2085 2386 "z

513 2437 534 2467 ι
564 2418 843 2481 Quomodo
871 2418 1068 2472 cecidit
1088 2416 1302 2472 Lucifer
1322 2419 1413 2487 qui
1439 2434 1595 2473 mane
1614 2420 1895 2474 oriebatur
1916 2419 2082 2492 (64)?»

512 2507 731 2561 Lucit'er
784 2506 887 2562 iste
945 2508 1067 2561 sine
1100 2507 1267 2560 dubio
1297 2508 1483 2561 sedem
1522 2508 1757 2564 habebat
1800 2511 1850 2563 in
1883 2510 2038 2564 caelis
2070 2526 2086 2567 :

512 2608 695 2666 postea
730 2612 860 2653 vero
892 2612 1049 2667 quam
1083 2597 1259 2651 lactus
1286 2608 1367 2653 est
1400 2600 1624 2669 angelus
1653 2600 1862 2670 refuga,
1890 2602 1933 2654 si
1963 2614 2085 2654 cum

514 2693 731 2745 vincere
784 2701 1008 2760 potuero
1035 2701 1089 2745 et
1135 2692 1404 2760 subjicere
1446 2695 1672 2762 pedibus
1706 2694 1860 2757 meis,
1891 2695 1934 2747 si
1977 2710 2089 2748 me-

514 2797 674 2838 rncro
705 2792 761 2835 ιιι
785 2784 1044 2837 Dominus
1072 2799 1223 2837 meus
1252 2783 1406 2838 Jesus
1430 2795 1681 2839 conterat
1709 2785 1968 2838 Satanam
1989 2786 2088 2840 sub

512 2874 738 2940 pedibus
768 2875 923 2939 meis,
950 2887 1350 2943 consequenter
1376 2876 1551 2931 locum
1583 2875 1818 2931 Lucil'eri
1843 2878 2089 2947 accipere

512 2965 764 3019 merebor
807 2967 859 3019 in
912 2966 1085 3022 cmlis.
1121 2967 1211 3022 Sic
1238 2984 1369 3037 ergo
1418 2967 1769 3035 intelligimus
1819 2969 1930 3039 (65)
1963 2986 2090 3041 pro-

513 3058 650 3111 mitti
700 3060 855 3114 nobis
894 3062 961 3114 ab
1009 3059 1138 3115 Jesu
1186 3061 1415 3115 Domino
1456 3072 1663 3129 nostro,
1715 3063 1857 3133 quod
1908 3064 2088 3120 omnis

2191 1956 2248 2002 tu
2278 1948 2540 2006 dormias.
2598 1949 2723 2005 Ideo
2752 1965 2852 2006 nec
2891 1952 3006 2005 dies
3036 1952 3100 2005 ad
3138 1954 3513 2008 meditandum
3549 1954 3767 2020 suﬂicit,

2190 2041 2284 2094 sed
2306 2050 2361 2094 et
2393 2056 2500 2094 nox
2526 2041 2854 2111 adiungitur.
2874 2043 2982 2099 Vos
3000 2058 3130 2099 vero
3147 2043 3275 2113 quid
3295 2044 3527 2109 facietis,
3548 2047 3639 2115 qui
3660 2062 3771 2102 non

2190 2132 2363 2185 solum
2385 2140 2541 2186 nocte
2561 2132 2835 2199 dormitis,
2854 2136 2946 2190 sed
2965 2144 3017 2189 et
3046 2144 3155 2189 tota
3177 2136 3265 2189 die
3281 2145 3374 2190 aut
3390 2138 3767 2207 occupationi-

2191 2223 2290 2277 bus
2301 2224 2510 2289 saeculi,
2528 2235 2623 2278 aut
2636 2226 2819 2280 carnis
2833 2226 3038 2282 deliciis
3056 2227 3365 2296 deservitis,
3382 2237 3437 2283 et
3453 2229 3541 2283 vix
3560 2232 3767 2286 raroad

2190 2315 2475 2370 ecclesiam
2504 2316 3063 2374 diebus-solemnibus
3088 2321 3430 2376 convenitis?
3469 2321 3647 2392 Aliqui
3673 2339 3772 2379 au-

2192 2416 2299 2461 tem
2330 2422 2399 2462 ex
2431 2407 2584 2464 vobis
2618 2409 2787 2463 etiam
2815 2410 3093 2465 venientes
3118 2427 3223 2465 non
3253 2414 3492 2479 veniunt,
3523 2416 3649 2485 quia
3677 2430 3775 2471 ve-

2191 2504 2397 2566 nientes
2421 2518 2525 2557 non
2545 2508 2708 2559 verbo
2737 2505 2850 2570 Dei,
2874 2506 2969 2560 sed
3002 2504 3195 2561 fabulis
3213 2507 3377 2578 400
3404 2520 3600 2565 vacant
3630 2511 3768 2582 (7t).

2190 2594 2421 2663 Propter
2452 2596 2597 2664 quod
2630 2596 2764 2650 dicit
2797 2598 2864 2650 ad
2891 2612 2987 2651 vos
3038 2612 3220 2652 sermo
3244 2600 3457 2654 divinus
3481 2601 3529 2633 ⁸³
3563 2619 3577 2656 :
3608 2620 3628 2653 ι
3667 2602 3773 2655 Ex-

2189 2701 2353 2755 surge
2381 2688 2472 2757 qui
2500 2688 2727 2751 dormis,
2756 2699 2810 2743 et
2829 2704 3060 2758 exsurge
3092 2704 3121 2743 a
3153 2691 3381 2745 mortuis
3405 2701 3458 2746 et
3483 2694 3774 2763 contingcs

2189 2781 2465 2835 Christum
2505 2779 2640 2852 (72).
2677 2799 2697 2833 ι
2739 2780 2985 2851 Exsurge
3026 2783 3171 2836 enim
3221 2798 3250 2834 a
3291 2784 3540 2846 mortuis,
3569 2784 3771 2839 dicitur

2191 2874 2258 2928 iis
2285 2875 2375 2942 qui
2396 2873 2447 2927 in
2472 2874 2726 2945 Operibus
2750 2883 3075 2942 permanent
3097 2875 3349 2939 mortuis,
3386 2875 3438 2928 in
3477 2876 3773 2930 immundi-

2194 2965 2281 3021 tiis
2298 2965 2411 3021 suis
2426 2975 2480 3019 et
2499 2965 2797 3020 sceleribus
2824 2966 2938 3036 (75)
2964 2966 3358 3033 perdurantes:
3384 2982 3504 3036 quae
3523 2967 3647 3022 licet
3670 2968 3773 3022 ho-

2191 3057 2435 3111 minibus
2466 3072 2572 3111 non
2603 3057 2715 3111 sint
2743 3057 3057 3120 manifesta,
3094 3056 3203 3112 Deo
3232 3066 3412 3112 tamen
3438 3068 3567 3113 sunt
3589 3059 3775 3130 cogni-

512 3149 664 3204 locus
717 3166 877 3220 quem
919 3152 1322 3206 subdiderimus
1352 3154 1598 3224 vestigiis
1644 3156 1838 3224 pedum
1868 3166 2087 3212 nostro-
2116 3166 2158 3223 ρ
2196 3158 2272 3205 la.
2302 3148 2410 3205 Sed
2436 3150 2518 3205 vel
2544 3164 2609 3204 ex
2640 3150 2743 3205 hoc
2772 3148 3173 3219 paenitudinem
3213 3150 3380 3219 agite.
3408 3158 3464 3205 et
3496 3152 3775 3207 converti-

513 3255 657 3304 rum,
707 3251 890 3294 noster
924 3243 1045 3295 erit.
1101 3240 1207 3297 Sed
1245 3257 1349 3295 non
1396 3252 1646 3312 putemus
1694 3245 1807 3317 (66)
1853 3248 1981 3316 quia
2032 3249 2084 3302 in

514 3329 657 3383 hanc
688 3330 1061 3387 haereditatem
1114 3347 1210 3401 per
1240 3333 1410 3386 otium
1438 3344 1493 3387 et
1522 3336 1908 3405 negligentiam
1943 3338 2089 3391 osci-

512 3432 690 3477 tantes
737 3432 793 3477 et
844 3424 1200 3479 dormitantes
1249 3425 1453 3479 intrare
1507 3428 1794 3495 possimus.
1849 3427 1932 3481 lra
1977 3443 2089 3483 suae

513 3516 691 3585 gmitis
724 3514 970 3585 angelum
1000 3515 1185 3570 habet.
1224 3516 1373 3571 llanc
1400 3517 1503 3572 nisi
1536 3517 1732 3573 viceris
1765 3518 1878 3589 (67)
1922 3520 1973 3573 in
2013 3528 2096 3575 te-

512 3607 764 3677 metipso,
797 3617 852 3662 et
886 3608 1184 3663 abscideris
1208 3610 1304 3664 abs
1335 3620 1386 3663 te
1417 3624 1609 3663 omnes
1639 3619 1818 3665 motus
1868 3610 2088 3664 iracun-

510 3702 615 3755 dia:
645 3717 708 3755 ac
757 3702 978 3767 furoris,
1035 3702 1210 3757 locum
1236 3718 1396 3773 quem
1441 3702 1733 3771 aliquando
1772 3703 1960 3756 habuit.
1999 3703 2089 3757 ille

512 3794 752 3864 angelus,
784 3812 980 3863 capere
1008 3796 1059 3849 in
1089 3798 1411 3850 haareditatc
1445 3798 1560 3866 (68)
1592 3812 1697 3849 non
1734 3797 1960 3864 poteris,
1992 3811 2090 3864 pro

512 3902 579 3940 eo
609 3887 751 3955 quod
776 3888 977 3940 desidia
1012 3896 1099 3940 tua
1130 3902 1469 3955 nequaquam
1497 3902 1619 3940 eum
1642 3890 1707 3940 de
1738 3897 1880 3940 terra
1903 3901 2091 3956 repro-

515 3977 798 4031 missionis
831 3976 1129 4044 eapnleris.
1166 3976 1429 4030 Similiter
1476 3985 1533 4030 et
1584 3975 1853 4044 superbia:
1875 3986 1929 4030 et
1963 3977 2087 4041 zeli,

515 4078 568 4121 et
597 4069 841 4121 mantia:
876 4081 937 4118 ac
961 4064 1202 4119 libidinis
1217 4065 1532 4136 suntaliqui
1560 4067 1869 4121 iucentores
1890 4066 2090 4137 angeli,

514 4168 561 4213 et
602 4159 955 4212 instinctort-s
987 4159 1177 4212 horum
1211 4157 1514 4221 malorum,
1551 4174 1785 4228 quorum
1818 4160 1923 4214 nisi
1960 4160 2090 4214 vitia

517 4254 570 4304 in
600 4252 886 4318 temetipso
923 4251 1141 4316 viceris,
1172 4261 1335 4321 atque
1352 4266 1416 4306 ea
1449 4251 1515 4305 de
1540 4260 1629 4304 tua
1661 4260 1807 4305 terra
1834 4266 1956 4321 qua:
1978 4250 2090 4319 jam

516 4358 611 4410 per
647 4344 877 4413 gratiam
917 4343 1165 4413 baptismi
1203 4342 1538 4398 sanctiﬁcata
1578 4350 1660 4395 est
1692 4342 2094 4397 exterminavc-

516 4436 611 4496 ris,
650 4436 794 4488 mitto
836 4436 990 4491 modo
1015 4436 1400 4503 plenitudinem
1436 4435 1776 4505 repromissai
1808 4433 2093 4490 haeredita-

518 4528 586 4579 tis
611 4530 864 4595 accipies.

586 4640 632 4671 ⁸³
661 4640 770 4694 Jos.
816 4658 853 4706 ι,
882 4643 934 4695 3.

588 4751 698 4823 (64)
735 4752 915 4806 Codex
962 4752 1381 4812 Gemeticeusis,
1420 4750 1742 4823 «quomodo
1775 4750 2088 4823 cecidisti,

518 4820 751 4885 Luc-iter,
789 4823 879 4890 qui
908 4838 1065 4875 mane
1091 4823 1383 4880 oriebaris?
1406 4841 1425 4875 ι
1449 4821 1542 4875 Sic
1572 4820 1737 4875 etiam
1773 4821 1932 4874 habet
1956 4836 2094 4876 unus

520 4894 881 4949 Ehroieensis.

591 4964 700 5032 (65)
748 4963 896 5016 Unus
930 4961 1299 5022 Ebroicensis.
1331 4980 1348 5012 ι
1380 4960 1765 5026 intelligamus.
1800 4979 1818 5013 ι

591 5029 703 5099 (66)
745 5034 945 5087 Omnes
998 5048 1124 5085 mss.
1172 5051 1191 5085 ι
1231 5031 1337 5087 Sed
1386 5048 1491 5085 non
1548 5040 1819 5099 putemus.
1872 5051 1891 5084 ι
1932 5029 2089 5088 Libb.

518 5106 671 5161 editi.
705 5125 721 5155 ι
746 5102 804 5156 Si
836 5120 938 5155 non
969 5113 1237 5170 putemus.
1275 5121 1293 5153 ι

593 5176 704 5243 (67)
746 5174 923 5226 Codex
958 5175 1269 5237 Saugerm.,
1306 5192 1323 5223 ι
1367 5172 1508 5226 hunc
1543 5172 1644 5227 nisi
1678 5173 1895 5227 viceris.
1929 5190 1948 5223 ι

592 5240 727 5313 (68))
767 5244 949 5299 Codex
987 5242 1378 5298 Gemcticensis
1419 5260 1541 5298 cum
1581 5259 1687 5298 uno
1734 5240 2047 5298 Ebroicensi
2078 5283 2091 5304 ,

523 5336 542 5369 ι
585 5319 633 5371 iu
662 5317 1048 5368 luereditatcm.
1086 5332 1104 5363 ι

599 5388 710 5458 (69)
748 5385 895 5437 lmra
928 5400 1019 5458 nos
1054 5393 1174 5458 sunt
1214 5381 1529 5458 Clianana'i.
1552 5383 1675 5438 lltec
1699 5382 1893 5437 desunt
1922 5381 1974 5434 in
2001 5395 2097 5432 an—

522 5454 615 5513 tea'
638 5454 822 5521 editis,
868 5458 961 5507 sed
990 5454 1257 5507 habentur
1284 5454 1333 5505 in
1366 5456 1619 5507 oiunibus
1646 5467 1776 5509 mss.

592 5527 702 5600 (70)
744 5527 946 5600 Codex_
964 5523 1355 5600 Gemcticcusis
1381 5539 1500 5600 cum
1527 5539 1641 5600 uno
1660 5522 1898 5600 libroi-ea,
1926 5542 1943 5571 ι
1977 5524 2097 5600 ani-

522 5594 852 5653 nnim'tuum
882 5596 948 5646 ad
978 5594 1224 5662 prtulium
1257 5594 1546 5645 concitat.»
1567 5594 1719 5647 Libb.
1758 5594 1909 5657 editi,
1942 5608 1959 5643 t
1986 5596 2101 5645 ani-

524 5683 641 5722 tuos
668 5675 787 5717 tuos
815 5666 878 5715 ad
915 5666 1155 5731 pt'aehunt
1182 5665 1482 5715 concitans.
1519 5681 1535 5713 ι

596 5735 708 5803 (Ἠ)
744 5735 903 5791 Iidem
940 5751 1090 5791 mss,
1131 5752 1146 5782 ι
1178 5749 1243 5785 ex
1288 5736 1438 5784 vobis
1477 5736 1753 5787 venientes
1792 5750 1893 5787 non
1936 5733 2095 5787 \‘L'tbu

541 5804 631 5861 Dei
660 5806 750 5856 sud
785 5804 976 5856 tabulis
1004 5816 1210 5855 γ.τ(;;ιιιι.
1253 5823 1268 5855 ι

2192 3243 2325 3298 ιιιἰηί
2352 3244 2419 3298 ad
2451 3242 2618 3299 Deum
2654 3260 2721 3298 ex
2752 3252 2867 3299 toto
2900 3244 3065 3300 corde
3096 3254 3303 3309 vestro,
3357 3255 3546 3301 vacate
3570 3248 3778 3302 oratio-

2191 3336 2372 3402 nibus,
2396 3346 2589 3391 vacate
2611 3335 2778 3391 verbo
2805 3337 2919 3391 Dei.
2946 3336 3085 3403 Quid
3127 3338 3351 3407 prodest
3393 3339 3437 3393 si
3463 3338 3775 3409 jejunamus

2190 3442 2290 3498 pro
2316 3430 2575 3496 peccatis,
2611 3437 2669 3483 et
2694 3429 2891 3483 iterum
2916 3440 3142 3499 peccata
3170 3432 3563 3487 committimus
3588 3434 3775 3499 γρυῑά

2190 3519 2417 3588 prodest
2445 3519 2647 3574 lavisse.
2714 3529 2770 3574 et
2813 3520 2865 3575 in
2896 3534 3059 3576 emno
3107 3524 3285 3576 denuo
3319 3523 3593 3579 volutari?
3624 3522 3775 3593 Jeju-

2193 3610 2335 3664 nasti
2367 3610 2647 3681 aliquanto
2676 3612 2960 3681 tempore?
3005 3610 3135 3666 Tale
3162 3620 3246 3668 est
3282 3614 3445 3682 quale
3471 3615 3517 3671 si
3555 3616 3775 3672 interim

2191 3714 2257 3754 ex
2309 3700 2545 3771 IEgypto
2590 3701 2932 3757 discesseris.
2972 3700 3241 3757 Transisti
3296 3718 3449 3759 mare
3508 3702 3777 3772 Rubrum,

2193 3804 2416 3846 secutus
2443 3808 2503 3849 es
2536 3793 2754 3864 Moysen
2776 3834 2791 3860 ,
2839 3804 3111 3865 przecepta
3161 3796 3377 3850 scilicet
3410 3805 3468 3852 et
3522 3798 3778 3853 mandata

2194 3882 2327 3952 legis
2358 3883 2654 3939 observans
2706 3885 2821 3956 (74)
2851 3902 2865 3939 :
2898 3887 2995 3943 sed
3033 3886 3147 3955 jam
3178 3895 3230 3942 te
3262 3903 3291 3942 a
3325 3886 3509 3942 Mosen
3537 3888 3779 3958 suscepit

2191 3973 2370 4038 .lcsus,
2396 3975 2488 4044 qui
2526 3985 2576 4031 te
2601 3977 2765 4031 etiam
2789 3976 3149 4033 circumcidat
3178 3979 3439 4045 secundo,
3466 3979 3517 4033 in
3547 3978 3663 4034 loco
3685 3978 3780 4048 qui

2192 4064 2396 4119 dicitur
2435 4064 2595 4121 collis
2629 4066 3042 4137 praeputiorum.
3080 4067 3568 4125 Circumcidendus
3612 4070 3779 4140 igitur

2195 4156 2293 4212 tibi
2325 4166 2409 4211 est
2434 4171 2541 4211 non
2564 4158 2740 4212 solum
2772 4158 3042 4213 idolorum
3074 4158 3274 4224 cultus,
3300 4174 3461 4228 quem
3514 4160 3570 4213 in
3606 4159 3782 4215 initiis

2195 4247 2468 4318 abiecisti,
2516 4249 2613 4303 sed
2662 4250 2842 4304 denuo
2874 4251 2972 4305 tibi
3001 4252 3169 4305 etiam
3219 4251 3451 4305 avaritia
3485 4251 3782 4306 circumci-

2194 4340 2373 4395 denda
2413 4350 2520 4407 est,
2553 4356 2673 4411 qua:
2697 4351 2783 4397 est
2817 4341 2930 4415 (75)
2971 4342 3238 4396 idolorum
3276 4341 3531 4396 subtilior
3577 4342 3777 4398 cultus.

2200 4431 2443 4503 Denique
2467 4432 2628 4489 Jesus
2652 4434 2890 4489 secunda
2922 4432 3344 4488 circumcisione
3388 4431 3641 4502 populum
3669 4431 3779 4485 cir-

2119 4503 2167 4559 D
2194 4526 2506 4580 cumcidcns
2531 4525 2644 4595 (76)
2678 4525 2758 4580 sic
2782 4525 2919 4580 dixit
2942 4524 3028 4578 ἰε
3070 4543 3088 4577 ι
3122 4524 3293 4580 llodie
3332 4523 3531 4579 abstuli
3557 4538 3588 4578 a
3629 4520 3782 4577 vobis

1011 4642 1055 4672 '°
1090 4641 1212 4696 lsai.
1247 4658 1359 4706 xiv,
1392 4640 1479 4695 12.
1550 4639 1596 4671 ⁸³
1622 4638 1734 4693 Jos.
1768 4639 1953 4701 v.25.
2029 4639 2077 4671 ⁸³
2112 4640 2249 4695 Psal.
2280 4656 2319 4707 ι,
2353 4640 2408 4695 2.

2508 4642 2555 4674 ⁵³
2581 4640 2721 4711 Eph.
2756 4655 2809 4704 ν,
2844 4638 2930 4694 Η.
3031 4640 3079 4672 ’δ
3102 4639 3215 4695 Jos.
3248 4656 3299 4705 v,
3331 4638 3385 4694 9.

2273 4752 2389 4825 ('7?)
2434 4749 2498 4805 Ει
2530 4755 2796 4822 continge:
2826 4752 3112 4825 Christum.
3142 4752 3218 4806 lta
3247 4750 3411 4806 codex
3434 4747 3778 4825 Gcmeticen-

2198 4820 2293 4877 sis.
2332 4820 2479 4877 Libri
2522 4820 2899 4877 autem—antea
2945 4822 3098 4885 editi,
3135 4841 3153 4874 ι
3191 4833 3249 4875 ιιι
3283 4825 3567 4888 contingas
3619 4820 3780 4872 Chri-

2198 4905 2363 4947 stum.
2388 4912 2405 4943 ι
2424 4893 2625 4947 Τεχιιιε
2652 4892 2870 4947 ϐρίθους
2910 4895 3007 4946 hoc
3034 4893 3149 4948 loco
3169 4892 3399 4955 ferebat,
3430 4891 3523 4942 καὶ
3551 4890 3783 4959 ἐπιψαύ-

2200 4979 2313 5035 σεις
2343 4963 2436 5015 τοῦ
2472 4963 2729 5035 Χριστοῦ.
2758 4964 2862 5017 Sed
2896 4964 2998 5016 alia
3025 4964 3177 5035 plura
3217 4962 3469 5035 Epistohe
3499 4964 3562 5011 ad
3596 4960 3782 5035 ldphe-

2200 5034 2309 5086 sius
2338 5030 2667 5102 excianaria
2709 5035 3002 5096 habebant,
3027 5030 3126 5085 icui.
3152 5032 3445 5102 ἐπιφαύσει
3473 5047 3553 5082 σοι
3587 5030 3615 5081 ὁ
3647 5032 3782 5099 Χριο

2201 5102 2345 5165 στός.
2394 5101 2523 5157 Vide
2561 5103 2707 5156 Millii
2738 5116 2916 5158 notam
2948 5106 3012 5155 ad
3040 5103 3237 5171 Ephes.
3265 5101 3323 5168 'v,
3356 5101 3442 5156 14.
3471 5102 3589 5152 Mox
3609 5106 3780 5153 codex

2202 5172 2597 5227 Gemeticcnsis
2636 5190 2761 5227 cum
2807 5189 2915 5227 uno
2960 5173 3307 5237 Ebroicensi,
3359 5186 3457 5241 pro
3492 5190 3508 5221 ι
3548 5184 3783 5234 exsurge

2204 5242 2348 5294 enim
2387 5257 2415 5295 a
2446 5244 2698 5307 mortuis,
2721 5263 2739 5296 ι
2781 5245 2981 5299 habent
3012 5260 3030 5293 ι
3065 5259 3361 5314 exsurgere
3402 5241 3548 5295 enim
3576 5258 3604 5293 a
3636 5256 3782 5294 mor-

2208 5322 2331 5364 ltllS.
2374 5330 2390 5361 ι

2277 5382 2390 5453 (75)
2432 5384 2609 5436 (Io’ex
2640 5382 3053 5445 Gemeticcnsis,
3087 5402 3104 5433 ι
3144 5382 3461 5453 perdurant.
3500 5396 3519 5431 ι

2277 5450 2390 5525 (Et)
2426 5455 2566 5525 idem
2601 5469 2723 5506 cum
2759 5469 2865 5506 uno
2896 5450 3229 5518 EbroiCt-nsi,
3266 5473 3284 5504 ι
3314 5450 3636 5525 observasti.
3676 5463 3699 5501 ι

2277 5519 2391 5593 (75)
2434 5522 2584 5584 Mss,
2627 5541 2645 5573 ι
2680 5539 2798 5591 qum
2819 5534 2922 5578 est.
2953 5542 2970 5574 ι
3002 5525 3151 5577 Libb.
3179 5525 3332 5584 editi,
3366 5540 3383 5571 ι
3430 5519 3479 5573 id
3505 5530 3609 5593 est.
3653 5537 3672 5571 ι

2279 5590 2394 5663 (76)
2440 5594 2587 5657 Iussu,
2635 5612 2651 5643 ι
2692 5590 2925 5646 Secunda
2959 5595 3377 5647 circumcisione
3400 5590 3783 5659 populumt'ir-

2208 5666 2545 5717 conn-utens.
2592 5682 2608 5713 ι
2648 5664 2803 5717 Libb.
2847 5665 3012 5730 editi,
3050 5682 3067 5714 ι
3110 5666 3347 5718 secundo
3396 5663 3782 5717 circumcisum

2210 5735 2462 5803 populum
2495 5736 2893 5788 circumcidens
2948 5754 2965 5786 ι
