4146 6402
552 342 660 399 835

2026 332 2351 389 ORIGENIS

3729 330 3835 395 856

552 463 728 519 Filius
766 457 881 513 Dei.
918 456 1053 523 Quia
1094 474 1111 505 ι
1158 468 1281 506 rum
1332 451 1569 506 venisset
1616 450 1896 521 plenitudo
1933 462 2146 520 tempn.
2176 458 2219 514 Α
2250 457 2333 501 est
2384 446 2553 516 gloria
2582 456 2636 500 et
2679 422 2968 516 imperium
3015 461 3137 503 cum
3175 446 3381 515 Spiritu
3418 455 3606 502 sancto
3634 446 3747 520 (93)
3780 451 3835 508 in

552 566 699 617 rum,
755 549 901 604 misit
939 548 1079 602 Deus
1131 546 1327 600 Filium
1367 561 1522 601 suum
1567 555 1751 597 natum
1794 544 1905 615 (88)
1935 559 1996 598 ex
2028 560 2145 597 inu-

552 645 709 708 liere,
752 643 954 696 factum
992 639 1092 695 sub
1132 639 1245 709 lege
1275 638 1343 692 ⁸⁷.
1384 657 1402 690 ι
1439 636 1541 690 l’cr
1574 637 1677 691 hoc
1707 651 1836 705 ergo
1871 637 2016 705 quod
2067 636 2147 688 fa-

484 718 487 719 r
552 745 677 790 ctus
701 743 787 789 est
816 735 919 788 sub
949 733 1087 800 lege,
1122 731 1289 785 Mosei
1326 730 1575 783 minister
1608 728 1831 783 effectus
1858 737 1966 782 est.
2009 728 2143 781 Dicit

550 836 733 881 autem
762 825 924 887 Deus,
952 836 1008 877 ut
1043 832 1322 876 transeant
1356 822 1469 893 (89)
1504 823 1553 874 in
1586 831 1806 882 terram,
1842 836 1946 875 non
1979 836 2143 890 quam

550 918 700 971 dedit
734 917 966 987 Moyses,
1000 914 1091 969 sed
1132 933 1150 966 ι
1188 930 1374 982 quam,
1429 914 1622 982 inquit,
1661 928 1760 981 ego
1796 913 1864 965 do
1916 911 2087 965 vobis.
2123 931 2140 964 ι

559 1007 721 1062 Vides
746 1023 876 1075 ergo
900 1005 1237 1075 quia,Moseo
1280 1005 1662 1063 mortuo,Deus
1701 1005 1793 1057 dat
1817 1013 2017 1056 terram
2046 1018 2142 1072 po-

554 1102 678 1170 pulo
709 1116 803 1168 per
831 1099 1041 1154 Jesum.
1067 1099 1238 1164 Quam
1278 1098 1519 1152 terram?
1548 1097 1697 1151 Illam
1725 1097 1842 1150 sine
1880 1096 2045 1149 dubio
2081 1097 2146 1149 de

553 1208 657 1259 qua
682 1192 811 1244 dicit
848 1190 1107 1245 Dominus
1142 1190 1227 1245 ⁸⁸;
1277 1209 1294 1239 ι
1346 1188 1493 1241 Beati
1549 1187 1843 1248 mansueti,
1880 1187 2007 1256 quia
2042 1188 2143 1256 ipsi

556 1285 871 1339 limreditate
906 1284 1261 1354 possidebunt
1286 1292 1508 1337 terram.
1551 1299 1571 1333 ι

624 1377 677 1431 5.
715 1396 732 1427 σ
770 1374 1023 1439 Omnem,
1046 1374 1306 1443 inquit”,
1331 1374 1509 1427 locum
1545 1387 1926 1442 quemcunque
1950 1388 2145 1429 ascen-

554 1463 746 1517 deritis
766 1464 1007 1533 vestigiis
1026 1463 1221 1531 pedum
1243 1472 1570 1527 vestrorum,
1602 1463 1755 1517 vobis
1779 1464 1920 1517 dabo
1947 1479 2093 1517 enm.
2122 1483 2139 1515 ι

555 1556 686 1621 Quze
732 1566 860 1609 sunt
904 1556 1017 1609 loca
1078 1570 1199 1623 quae
1254 1555 1599 1609 ascendimus
1652 1555 1900 1625 vestigiis
1949 1558 2145 1626 pedum

556 1646 916 1701 nostrorum?
938 1645 1098 1714 chis
1122 1646 1294 1700 littera
1314 1646 1458 1699 humi
1481 1646 1652 1716 posita
1681 1656 1782 1709 est,
1814 1655 1869 1699 et
1891 1648 2145 1703 deorsum

548 1737 716 1804 jacet.
744 1736 1019 1807 Nusquam
1050 1752 1180 1807 ergo
1210 1738 1460 1792 ascendit
1490 1738 1583 1807 qui
1616 1738 1750 1807 legis
1784 1738 2023 1793 litteram
2053 1755 2143 1794 se-

2247 539 2442 595 Stecula
2475 540 2825 597 saeculorum.
2861 542 3056 593 Arnen.

2842 645 3122 700 li0.\lll.lA
3152 645 3237 699 ΙΙΙ.

2250 742 2323 795 De
2347 743 2553 795 duabus
2598 752 2645 795 et
2674 742 2828 794 semis
2864 739 3122 799 tribubus,
3154 740 3209 791 id
3250 749 3325 792 est
3370 739 3511 790 tribu
3560 737 3838 805 Ruben,”

2319 816 2457 866 tribu
2478 814 2617 874 Gud,
2641 824 2687 865 et
2721 812 2852 864 senti
2890 811 3031 863 tribu
3068 810 3317 863 .llauasse
3340 810 3475 877 (94),
3498 822 3545 862 et
3579 828 3757 864 norem
3784 823 3836 866 et

2320 886 2474 937 semis
2500 886 2763 937 tribubus.

2321 999 2371 1051 1.
2410 997 2620 1067 Moyses
2646 995 3017 1051 hiereditatem
3052 1003 3213 1049 terra:
3236 993 3512 1049 distribuit
3540 1004 3692 1050 trans
3715 995 3836 1051 Jor-

2250 1093 2442 1147 danem
2480 1092 2689 1146 duabus
2716 1100 2770 1144 et
2801 1088 2967 1143 semis
2998 1088 3271 1151 tribubus,
3310 1086 3361 1140 id
3388 1096 3489 1154 est,
3528 1087 3687 1141 tribui
3721 1086 3835 1158 (95)

2250 1184 2465 1249 Ruben,
2511 1194 2566 1238 et
2613 1183 2773 1237 tribui
2816 1182 2964 1247 Gad,
2995 1190 3049 1236 et
3080 1180 3316 1234 dimidia:
3359 1180 3521 1233 tribui
3567 1179 3837 1234 Manasse.

2251 1277 2496 1346 lleliquis
2526 1292 2656 1332 vero
2690 1277 2959 1341 tribubus,
2998 1290 3104 1329 non
3151 1274 3385 1344 Moyses.
3424 1272 3518 1326 sed
3560 1271 3719 1328 Jesus
3753 1272 3836 1325 di-

2249 1370 2381 1424 vidit
2418 1379 2641 1424 terram.
2686 1368 2913 1423 Pactum
2952 1378 3132 1421 tamen
3182 1368 3374 1419 initum
3421 1373 3505 1419 est
3545 1380 3670 1419 cum
3729 1365 3834 1419 illis

2250 1461 2459 1516 duabus
2481 1470 2535 1516 et
2561 1462 2724 1516 semis
2757 1461 3005 1515 tribubus
3036 1474 3155 1529 qua:
3183 1467 3331 1513 trans
3358 1457 3650 1513 Jordanem
3683 1473 3834 1511 acce-

2250 1564 2442 1623 perant
2492 1566 2718 1618 terram,
2758 1562 2817 1605 ut
2862 1552 3071 1605 relictis
3105 1550 3423 1604 mulieribus
3446 1559 3501 1604 et
3538 1550 3833 1604 infantibus

2249 1647 2363 1701 suis
2387 1647 2438 1699 in
2464 1645 2552 1698 illa
2589 1655 2732 1699 terra
2770 1654 2917 1698 trans
2946 1644 3265 1710 Jordanem,
3296 1642 3396 1711 ipsi
3422 1657 3544 1697 cum
3576 1641 3835 1695 fratribus

2251 1740 2366 1795 suis
2424 1746 2670 1809 pugnent
2727 1752 3009 1807 usquequo
3052 1739 3221 1791 etiam
3278 1736 3377 1807 ipsi
3433 1744 3836 1803 consequantur

552 1829 760 1898 quitur.
793 1828 849 1883 Si
888 1844 1013 1885 vero
1047 1830 1290 1898 potueris
1321 1845 1349 1882 a
1382 1828 1564 1884 littera
1602 1830 1902 1885 ascendere
1942 1832 2007 1885 ad
2037 1832 2146 1902 Spi—
2180 1811 2221 1866 Β
2255 1835 2651 1889 haereditatem.
2681 1831 2935 1902 Oportuit
2961 1832 3128 1901 igitur
3157 1846 3253 1901 per
3282 1830 3491 1886 obitum
3526 1827 3714 1891 Mosei,
3742 1842 3792 1894 qi
3819 1824 3834 1879 Ι

554 1920 741 1983 ritum,
786 1922 938 1976 etab
992 1920 1227 1975 historia
1274 1920 1341 1974 ad
1381 1920 1717 1975 intellectum
1772 1923 2147 1976 conscendere

551 2014 860 2079 celsiorem,
916 2023 1048 2068 tunc
1099 2029 1228 2067 vere
1275 2013 1576 2067 ascendisti
1623 2012 1801 2067 locum
1839 2012 2045 2067 editum
2093 2024 2148 2067 et

552 2106 853 2171 excelsum,
886 2120 1046 2175 quem
1074 2121 1104 2158 a
1142 2104 1253 2160 Deo
1295 2106 1347 2159 in
1401 2105 1719 2160 hmreditate
1749 2106 2039 2175 percipies.
2089 2107 2144 2160 Si

553 2200 695 2253 enim
724 2200 775 2252 in
809 2199 876 2253 iis
905 2214 1025 2269 quae
1046 2198 1246 2268 scripta
1278 2208 1425 2265 sunt,
1460 2208 1615 2268 typos
1638 2196 1931 2266 intelligas,
1964 2206 2020 2251 et
2042 2199 2131 2251 ad-

553 2300 738 2345 vertas
772 2289 974 2345 formas
1007 2305 1129 2345 esse
1171 2290 1499 2355 caelestium,
1551 2298 1606 2344 et
1648 2299 1828 2344 mente
1875 2305 1939 2344 ac
1983 2305 2144 2344 sensu

560 2402 579 2435 c
629 2399 752 2453 qure
796 2399 1015 2438 sursum
1066 2394 1195 2439 sunt
1247 2398 1487 2454 quaeras,
1540 2384 1627 2438 ubi
1675 2383 1927 2439 Christus
1974 2386 2144 2439 estin

553 2475 777 2530 dextera
804 2476 892 2531 Dei
917 2479 1109 2531 sedens
1141 2476 1216 2541 ⁶⁶;
1254 2495 1273 2528 ι
1308 2486 1433 2531 tunc
1463 2485 1518 2531 et
1552 2477 1701 2530 illum
1743 2478 1915 2531 locum
1939 2478 1989 2531 in
2028 2477 2145 2531 he-

556 2569 790 2623 reditate
855 2569 1141 2638 percipies,
1196 2567 1411 2622 dicente
1467 2567 1697 2623 Domino
1750 2578 1805 2622 et
1861 2567 2146 2622 Salvatore

555 2669 744 2713 nostro
774 2659 842 2723 ⁸⁸,
873 2659 998 2729 quia
1040 2677 1059 2709 ο
1106 2657 1195 2711 ubi
1240 2673 1337 2726 ego
1365 2672 1509 2723 sum,
1540 2658 1612 2711 ibi
1651 2659 1758 2712 erit
1797 2669 1853 2712 et
1885 2659 2136 2713 minister

556 2767 730 2806 meus.
775 2771 793 2804 ι
839 2751 896 2806 Si
947 2768 1078 2822 ergo
1128 2767 1297 2821 usque
1348 2751 1415 2804 ad
1458 2750 1736 2806 Christum
1779 2752 2058 2805 sedentem
2090 2752 2143 2805 in

554 2846 775 2898 dextera
808 2844 897 2898 Dei
927 2845 1238 2915 perveneris
1274 2844 1397 2909 fide,
1432 2844 1562 2898 vita:
1585 2844 1821 2913 puritate
1856 2842 1994 2913 (90),
2036 2844 2145 2896 vis--

553 2946 691 3001 tute,
720 2948 774 2991 et
809 2937 916 2992 illis
941 2937 1186 3007 vestigiis
1222 2939 1417 3008 pedum
1452 2947 1667 2990 tuorqu
1714 2950 1835 3004 quae
1878 2935 2014 2989 lavit
2057 2936 2145 2990 Je-

554 3047 671 3094 sus,
703 3031 850 3085 illum
882 3032 1060 3086 larum
1106 3031 1420 3094 incesseris,
1469 3029 1620 3083 dabit
1658 3028 1753 3081 tibi
1790 3042 1914 3082 eum
1964 3026 2142 3084 Deus:

552 3131 610 3176 et
646 3129 776 3175 tuue
813 3137 919 3175 non
955 3121 1131 3175 solum
1160 3118 1272 3191 (9|)
1312 3120 1488 3175 hmres
1521 3117 1774 3173 etiicieris
1815 3119 1929 3186 Dei,
1966 3120 2058 3174 sed
2090 3129 2144 3174 et

554 3214 802 3269 cohaeres
833 3213 1061 3268 Christi.

624 3306 679 3358 4.
722 3324 741 3357 σ
775 3306 954 3369 Sicut,
988 3305 1163 3374 inquit
1198 3306 1263 3371 5’,
1298 3304 1406 3358 dixi
1445 3298 1639 3376 Moysi,
1681 3318 1926 3358 eremum
1953 3313 2006 3357 et
2039 3304 2149 3357 An-

557 3399 836 3453 tilibanum
868 3399 1010 3452 hunc
1042 3412 1212 3466 usque
1250 3398 1316 3452 ad
1367 3397 1568 3451 ﬂumen
1625 3413 1906 3467 maguum,
1946 3394 2145 3449 flumen

557 3490 911 3557 Euphratem,
960 3508 980 3543 ι
1014 3504 1258 3544 eremum
1297 3489 1440 3544 Deus
1473 3488 1704 3568 subiecit
1751 3490 1874 3544 Jesu
1909 3488 2045 3559 (92),
2097 3489 2147 3541 id

553 3592 644 3636 est
674 3582 907 3646 deserta,
948 3582 1013 3636 de
1048 3582 1245 3652 quibus
1287 3581 1420 3636 dicit
1458 3579 1714 3650 propheta
1751 3581 1839 3634 ⁶⁸ε
1882 3599 1899 3631 ι
1941 3581 2148 3635 laetare

557 3683 778 3723 eremus
815 3670 1040 3734 sitiens;
1083 3689 1101 3721 ι
1141 3679 1193 3724 et
1224 3688 1240 3726 :
1271 3688 1290 3721 ι
1328 3670 1480 3724 Multi
1528 3671 1621 3723 lilii
1669 3671 1924 3733 desertze,
1978 3672 2150 3741 magis

559 3777 720 3831 quam
757 3762 874 3831 ejus
903 3777 1024 3831 qua:
1052 3763 1217 3815 habet
1249 3762 1448 3815 virum.
1480 3781 1498 3813 ι
1540 3762 1603 3817 Et
1632 3762 1829 3815 iterum
1869 3776 1974 3815 non
2016 3763 2152 3815 d.xit

557 3854 852 3921 Libanum,
900 3856 995 3910 sed
1049 3854 1452 3922 Autilibanum,
1489 3870 1649 3924 quem
1700 3871 1730 3908 a
1786 3856 1893 3909 Deo
1937 3858 2151 3924 accepit

556 3942 733 3999 Jesus.
772 3944 1119 3999 Autilibanus
1151 3955 1335 3999 autem
1368 3946 1567 4000 dicitur
1598 3948 1751 4017 quasi
1786 3964 1882 4016 pro
1922 3946 2149 4001 Libano.

558 4036 617 4092 Si
666 4052 796 4108 ergo
832 4038 1019 4091 videas
1053 4036 1290 4106 priorem
1341 4038 1597 4107 populum
1650 4039 1799 4092 illum
1849 4041 2145 4093 secundum

556 4144 777 4185 carnem
815 4129 1009 4194 israel,
1033 4131 1126 4201 qui
1162 4139 1283 4184 erat
1316 4146 1444 4186 vera
1487 4132 1627 4187 oliva
1650 4173 1665 4197 ,
1703 4132 1877 4203 ipsum
1913 4132 2150 4202 intellige

556 4221 724 4276 fuisse
761 4222 1023 4275 Libanum
1076 4238 1263 4277 verum
1296 4236 1310 4275 :
1341 4223 1437 4277 sed
1483 4238 1605 4277 cum
1641 4224 1844 4279 videris
1874 4223 1999 4293 quia
2050 4238 2149 4291 pro

558 4316 937 4371 incredulitate
969 4330 1064 4371 sua
1114 4318 1361 4371 aufertur
1394 4316 1461 4370 ab
1511 4332 1575 4371 eo
1619 4334 1869 4387 regnum,
1911 4329 1964 4372 et
1993 4320 2152 4372 datur

554 4410 701 4479 genti
751 4409 967 4464 facienti
1021 4413 1255 4464 fructum
1298 4410 1465 4477 ejus:
1520 4409 1684 4463 istum
1732 4410 1992 4478 populum
2054 4413 2146 4478 qui

2252 1935 2467 1995 pactum
2489 1926 2632 1981 istud
2667 1926 2889 1989 inierat,
2924 1923 3108 1979 Jesum
3147 1922 3415 1993 promissa
3449 1921 3760 1989 deposcere.
3783 1927 3837 1972 ct

2251 2033 2598 2073 cemmouere
2619 2033 2712 2073 eos
2735 2018 2997 2071 auxilium
3031 2015 3347 2085 pugnaturis
3380 2013 3641 2067 fratribus
3667 2010 3830 2065 ferre.

2254 2110 2379 2165 llaec
2420 2110 2640 2181 quidem
2690 2110 2931 2164 historiae
2966 2118 3148 2163 textus
3196 2115 3419 2161 enarrat
3454 2102 3589 2175 (9U),
3644 2115 3832 2156 verum

2250 2203 2376 2272 quia
2402 2219 2502 2257 nos
2525 2201 2788 2271 fortejam
2812 2200 3066 2256 conversi
3100 2200 3166 2253 ad
3203 2199 3490 2253 Dominum
3515 2210 3721 2259 sumus,
3740 2193 3834 2263 qui

2252 2296 2435 2352 aufert
2492 2296 2734 2351 velamen
2765 2310 2830 2351 ex
2864 2295 3101 2350 lectione
3128 2291 3341 2347 Veteris
3392 2289 3751 2351 Testamenti,
3779 2295 3834 2339 et

2251 2390 2417 2443 donat
2442 2389 2613 2443 servis
2646 2390 2759 2443 suis
2800 2386 3151 2443 credentibus
3187 2385 3238 2438 in
3276 2399 3355 2448 se,
3392 2392 3452 2436 ut
3492 2381 3726 2437 revelata
3755 2378 3837 2432 fa-

2251 2482 2332 2535 cie
2366 2481 2590 2549 gloriam
2630 2479 2841 2533 Dotnini
2893 2477 3262 2542 speculentur,
3308 2476 3424 2530 lucc
3477 2474 3659 2527 ninnia
3714 2486 3836 2540 qua:

2253 2573 2555 2642 liguraliter
2584 2573 2688 2626 illis
2730 2571 3079 2632 accidebant,
3105 2578 3331 2638 prOpIer
3364 2582 3461 2621 nos
3485 2566 3683 2634 scripta
3711 2578 3836 2618 esse

2251 2666 2570 2725 sentiamus.
2600 2684 2617 2715 ι
2640 2665 2691 2717 in
2712 2678 2851 2731 quos
2870 2661 3004 2715 fines
3028 2660 3352 2715 saeculorum
3377 2656 3787 2712 devenerunt“.
3811 2674 3830 2705 ο

2250 2758 2317 2812 Ει
2360 2758 2503 2818 ideo,
2546 2757 2690 2810 sicut
2728 2764 2857 2809 ante
2887 2753 2999 2820 jam
3027 2753 3291 2816 diximus,
3332 2750 3631 2805 ascendere
3663 2756 3837 2803 tente-

2250 2865 2372 2903 mus
2404 2864 2434 2902 a
2475 2848 2653 2901 littera
2690 2847 2755 2900 ad
2794 2845 3075 2914 spiritum,
3104 2860 3133 2897 a
3177 2844 3366 2914 figuris
3393 2842 3458 2896 ad
3504 2842 3789 2895 veritatem
3820 2856 3833 2903 ;

2248 2940 2411 3014 402
2454 2951 2507 2996 et
2534 2940 2945 2994 consideremus
2991 2952 3152 3006 quam
3195 2936 3425 2989 formam
3451 2942 3678 2988 teneant
3718 2933 3836 2987 ista:

2250 3036 2369 3088 dua:
2401 3042 2455 3086 et
2482 3033 2648 3087 semis
2679 3030 2873 3096 tribus,
2904 3045 3023 3099 qua:
3051 3044 3147 3099 per
3178 3027 3395 3098 Moysen
3428 3034 3627 3081 terram
3661 3024 3834 3078 haeres

2174 3157 2215 3214 Ο
2252 3125 2433 3179 ditatis
2467 3124 2747 3193 accipiunt
2780 3139 2791 3176 :
2821 3130 2874 3176 et
2909 3135 3072 3190 quam
3108 3118 3339 3174 formam
3371 3125 3592 3172 teneant
3615 3114 3837 3183 reliqua

2255 3236 2447 3276 novem
2502 3228 2559 3273 et
2610 3220 2777 3273 semis
2831 3231 2952 3286 quae
2991 3229 3087 3284 per
3117 3213 3301 3269 Jesum
3362 3209 3833 3281 repromissionem

2250 3322 2413 3383 terra:
2459 3321 2665 3367 sanctae
2706 3310 3027 3379 suscipiunt.
3082 3307 3147 3363 Et
3189 3308 3367 3376 primo
3410 3305 3653 3361 omnium
3706 3314 3839 3373 puto

2251 3403 2394 3471 quod
2420 3401 2755 3471 impossibile
2784 3400 2949 3457 fuerit
2978 3399 3201 3455 fortuitu
3237 3397 3523 3462 accidisse,
3553 3406 3610 3449 ut
3638 3394 3690 3449 hi
3744 3394 3838 3462 qui

2253 3510 2350 3564 per
2377 3494 2594 3565 Moysen
2620 3494 2897 3561 accipiunt
2924 3492 3249 3563 portionem,
3274 3505 3463 3545 omnes
3490 3486 3839 3559 primogeniti

2252 3591 2456 3637 essent.
2484 3580 2670 3635 Ruben
2698 3594 2933 3649 namque
2950 3581 3344 3650 primogenitus
3378 3588 3462 3634 est
3486 3595 3549 3633 ex
3573 3575 3691 3644 Lia,
3723 3576 3840 3631 Gad

2254 3675 2649 3745 primogenitus
2694 3690 2758 3727 ex
2803 3672 2980 3739 Gelfa,
3028 3682 3083 3728 et
3138 3672 3412 3727 Manasses
3443 3671 3842 3739 primogenitus

2252 3781 2316 3821 ex
2355 3766 2630 3821 Assenech
2668 3765 2921 3837 IEgyptia
2956 3765 3065 3820 ﬁlia
3100 3765 3369 3833 Petephre
3400 3764 3513 3836 (97)
3538 3762 3839 3818 sacerdotis

2258 3859 2623 3928 lleliopoleos,
2659 3875 2821 3929 quam
2878 3858 3091 3927 accepit
3134 3857 3355 3927 Joseph.
3401 3856 3685 3926 Nunquam
3739 3871 3839 3923 ego

2256 3953 2386 4005 mihi
2424 3952 2727 4022 persuadeo
2759 3960 2817 4004 ut
2863 3950 3091 4007 fortuitu
3139 3949 3399 4005 acciderit
3452 3949 3840 4018 primogenitus

2253 4060 2372 4099 esse
2405 4057 2597 4099 omnes
2652 4044 2850 4113 quibus
2884 4059 2979 4114 per
3014 4042 3231 4114 Moysen
3283 4043 3682 4096 decernebatur
3724 4042 3837 4095 hae-

2255 4137 2476 4199 reditas,
2501 4137 2596 4190 sed
2628 4136 2801 4205 magis
2825 4137 2925 4191 hoc
2946 4134 3186 4190 arbitror
3220 4134 3363 4204 quod
3388 4134 3444 4187 in
3480 4135 3546 4187 iis
3566 4133 3679 4202 jam
3713 4144 3839 4188 tunc

2254 4229 2482 4282 duorum
2533 4227 2965 4281 adumbrabatur
3017 4225 3192 4281 forma
3246 4224 3560 4295 potiuloruut
3605 4242 3617 4276 :
3679 4225 3837 4277 unius

2253 4322 2468 4388 quidem
2498 4321 2588 4388 qui
2622 4320 3019 4389 primogenitus
3043 4332 3141 4388 per
3170 4327 3380 4372 natura}
3408 4318 3656 4371 ordinem
3700 4317 3844 4370 vidc—

2257 4425 2435 4481 retur;
2460 4413 2685 4468 alterius
2710 4414 2800 4483 qui
2827 4420 2922 4481 per
2952 4412 3111 4465 fidem
3140 4420 3191 4464 et
3220 4411 3472 4481 gratiam,
3503 4408 3841 4464 hencdicrio-

555 4515 655 4569 pro
710 4502 801 4556 illo
825 4502 1049 4569 expulso
1083 4502 1445 4555 introducitur
1477 4504 1529 4555 in
1585 4517 1835 4570 regnum,
1875 4502 2143 4555 Autiliba-
2181 4510 2221 4563 D
2255 4522 2377 4559 nem
2433 4508 2709 4575 acciperet
2745 4505 3099 4560 haereditatis.
3144 4501 3256 4558 Nec
3287 4504 3437 4573 prius
3480 4503 3583 4556 illis
3619 4502 3709 4571 qui
3745 4518 3840 4571 per

558 4606 685 4646 nqu
734 4594 899 4657 senti,
935 4608 1057 4661 qua:
1090 4604 1172 4647 est
1203 4592 1439 4646 Ecclesia
1478 4592 1569 4645 Dei
1612 4606 1676 4645 ex
1710 4595 1961 4662 gentibus
2013 4608 2145 4649 con-

558 4696 777 4756 gregata
808 4702 903 4755 per
924 4685 1107 4741 Jesum
1141 4686 1417 4741 Christum
1450 4687 1737 4740 Dominum
1758 4698 2024 4753 nostrum,
2056 4690 2141 4742 cui

631 4801 677 4834 ⁸⁷
709 4801 825 4858 Gal.
858 4817 934 4859 tv.
958 4800 1011 4853 4.
1092 4799 1137 4831 ⁵⁸
1164 4799 1357 4855 Matth.
1388 4815 1442 4866 v,
1466 4799 1521 4855 4.
1626 4801 1669 4834 ⁵³
1705 4800 1818 4858 Jns.
1854 4817 1889 4865 ι,
1921 4804 1975 4857 3.

555 4876 748 4941 117,1.
828 4872 873 4903 ⁸⁵
904 4871 1072 4926 ιρυτ.
1117 4887 1170 4938 x,
1204 4871 1289 4926 11.

554 5034 726 5090 germ.
752 5017 1116 5082 etGemetic.,
1156 5036 1175 5070 ‹
1225 5016 1505 5088 plenitudo
1549 5025 1875 5086 temporum.
1919 5035 1935 5067 ι
1976 5015 2134 5073 Libb.

552 5093 709 5154 editi,
747 5108 766 5140 ι
805 5090 1085 5159 plenitudo
1115 5091 1391 5157 temporis.
1440 5107 1458 5140 ι

624 5156 980 5287 Sango?“
1032 5156 1340 5231 Sangerin.,
1383 5175 1401 5209 ι
1446 5167 1655 5213 uatum.
1702 5176 1719 5209 ι
1778 5156 1931 5211 Libb.
1983 5158 2138 5219 editi,

557 5251 582 5287 ε
624 5245 845 5287 laetum.
878 5252 895 5282 ι

630 5304 908 5376 (89)'ldem
940 5315 1041 5355 ms.
1066 5314 1186 5355 cum
1212 5299 1397 5353 codice
1420 5298 1709 5363 Gemetic.,
1740 5316 1758 5348 ι
1788 5308 2089 5355 transeant.
2116 5318 2132 5352 ι

556 5374 717 5430 Libb.
746 5375 907 5436 edit.,
940 5392 957 5422 ε
993 5380 1259 5425 transeat.
1299 5389 1317 5421 ι

630 5444 743 5512 (90)
773 5444 954 5498 Codex
989 5440 1406 5497 Gemeticeusis.
1428 5457 1447 5490 ‹
1471 5440 1595 5494 vita:
1622 5442 1879 5508 puritate.
1925 5459 1943 5492 ι
1981 5440 2142 5494 Libb.

558 5516 711 5577 editi,
748 5534 765 5566 ‹
803 5517 936 5573 vita,
968 5522 1225 5581 puritate.
1265 5529 1283 5561 ι

629 5586 741 5657 (9|)
788 5578 981 5657 Codex'
1015 5582 1325 5650 Saugerm.,
1372 5600 1397 5657 _¢
1434 5589 1488 5635 et
1535 5590 1663 5635 tunc
1715 5594 1821 5634 non
1880 5578 2077 5634 solum.
2118 5598 2136 5631 ι

558 5652 910 5715 Libb.'editi,
948 5674 965 5704 ι
1002 5658 1127 5705 dum
1162 5666 1267 5704 non
1304 5652 1501 5707 solum.
1543 5670 1563 5701 ι

633 5724 747 5791 (9‘2)
770 5721 914 5777 [deni
948 5739 1075 5791 ms.,
1113 5738 1132 5771 ‹
1174 5734 1412 5774 eremum
1446 5721 1536 5775 Dei
1565 5718 1799 5786 subjecit
1831 5717 2006 5791 Jesus.
2045 5737 2063 5770 ι

634 5790 745 5860 (9'5)
769 5790 901 5845 Cum
930 5790 1131 5859 Spiritu
1158 5804 1360 5846 sancto.
1394 5792 1553 5849 Deest
1580 5792 1633 5847 in
1658 5791 1817 5848 codd.
1854 5790 2137 5862 Sangerm.

2055 4804 2098 4835 ⁶⁰
2125 4805 2333 4860 Coloss.
2372 4822 2453 4871 ιιι,
2486 4806 2536 4861 1.

2254 4596 2468 4667 Moysen
2497 4597 2771 4664 accipiunt
2808 4596 3206 4660 haereditatem,
3231 4595 3281 4647 id
3306 4604 3389 4648 est
3414 4595 3503 4663 qui
3542 4609 3637 4660 ιιι-ι·
3665 4593 3837 4659 legem

2254 4690 2573 4759 placuerunt
2628 4689 2761 4754 Deo,
2817 4689 3033 4757 requies
3090 4690 3271 4752 datur,
3331 4688 3431 4741 nisi
3480 4687 3736 4756 adjuvent
3787 4687 3836 4736 in

2616 4804 2833 4862 “Joan.
2868 4819 2967 4870 xu,
2993 4804 3085 4863 26.
3154 4807 3197 4837 θ’
3222 4804 3340 4860 Jos.
3377 4820 3413 4868 ι,
3450 4805 3505 4869 5,
3538 4805 3596 4862 4.
3669 4805 3713 4836 ⁸³
3738 4805 3839 4859 lsa.

2246 5026 2300 5071 et
2329 5018 2721 5073 Gemetieensi.

2319 5088 2433 5157 (94)
2469 5090 2639 5143 Codd.
2697 5091 2979 5160 Sangerm.
3041 5102 3095 5146 ct
3144 5092 3410 5148 Gemetie.
3457 5092 3508 5145 iu
3556 5092 3654 5144 hoc
3681 5091 3834 5144 titulo

2248 5161 2527 5219 emittunt,
2568 5178 2585 5210 ι
2627 5162 2679 5213 id
2712 5173 2813 5224 est,
2838 5164 2975 5217 tribu
3014 5163 3227 5229 Ruben,
3262 5174 3316 5217 et
3340 5166 3477 5217 tribu
3504 5165 3639 5225 (iud,
3674 5173 3729 5215 et
3754 5178 3841 5216 se-

2252 5230 2471 5283 tnitribu
2504 5229 2774 5287 Mauasse.
2815 5251 2837 5285 ι

2325 5302 2435 5370 (93)
2472 5301 2626 5355 Libb.
2653 5314 2814 5357 antea
2856 5305 3008 5368 editi,
3041 5322 3059 5354 σ
3107 5303 3319 5375 Moyses
3350 5307 3560 5359 duabus
3588 5315 3641 5356 et
3672 5303 3837 5375 semis

2254 5374 2505 5427 tribubus
2530 5383 2748 5453 .terram
2779 5377 3034 5443 partitur,
3074 5377 3125 5430 id
3154 5372 3257 5442 eSt,
3296 5378 3484 5439 tribui,
3532 5395 3551 5427 ι
3583 5386 3688 5430 etc.
3731 5372 3837 5426 Sed

2256 5458 2411 5500 lllSS..
2440 5454 2499 5495 υὶ
2530 5459 2581 5495 111
2616 5455 2803 5500 110511⁸0
2829 5457 3001 5499 ιθιιιι.

2326 5515 2438 5585 (96)
2481 5514 2630 5577 Mss.,
2672 5533 2690 5565 ι
2724 5518 2961 5571 historia:
3006 5528 3183 5572 textus
3203 5526 3443 5574 enarrat.
3488 5516 3689 5571 iLibb.
3723 5512 3840 5568 edi-

2256 5585 2317 5650 ti,
2352 5603 2369 5635 ι
2411 5586 2639 5640 historia
2672 5597 2882 5641 narrat.
2924 5606 2941 5637 ι

2286 5655 2438 5737 ,(97)
2472 5655 2621 5725 Mss.,
2656 5675 2675 5710 ε
2711 5651 3002 5728 Petetilire.
3041 5678 3058 5711 ι
3105 5658 3264 5714 Libb.
3302 5658 3460 5725 editi,
3512 5677 3529 5712 ί
3579 5654 3841 5727 Putipha-

2254 5738 2351 5782 ris.
2392 5744 2410 5778 ι
