4146 6440
359 392 463 450 857

1368 389 1435 443 ΙΝ
1461 387 1724 444 LIBRUM
1747 385 1914 444 JESU
1944 381 2130 439 NAVE
2168 382 2454 443 HOMILIA
2495 385 2584 444 Ill.

3540 395 3645 451 8:8

359 515 564 589 prmliis
599 513 796 570 fratres
850 527 997 569 suos.
1048 509 1303 566 Mulieres
1357 523 1563 566 tantum
1609 521 1662 566 et
1705 511 1947 564 infantes
1978 511 2021 568 A
2061 496 2170 565 hic.
2198 506 2252 554 ει
2294 501 2365 556 ibi
2397 516 2590 556 "Ovem
2643 504 2906 569 οιεθηιὶε,
2941 513 2994 560 εἰ
3038 505 3138 562 ista
3165 521 3273 562 una
3310 505 3482 565 tribus
3513 509 3652 563 divi-

361 609 894 680 accipinntquietem
928 622 1026 677 per
1063 607 1279 677 Moysen
1319 623 1333 660 :
1381 610 1565 660 caeterl
1600 614 1780 660 autem
1836 621 1945 660 non

360 703 742 772 requiescunt,
781 701 876 756 sed
904 708 1109 754 exeunt
1142 701 1206 754 ad
1244 699 1506 777 auxilium
1539 698 1772 752 fratrum
1820 712 1945 753 suo-

361 809 506 848 rum.
537 793 667 848 Vide
696 793 829 848 mihi
867 793 1027 848 hodie
1068 791 1339 847 laboranti
1380 792 1430 844 in
1460 804 1632 861 agone
1660 789 1785 844 vitae
1841 790 1944 843 hu-

355 887 466 956 jus,
491 896 546 941 et
574 885 790 940 habenti
832 894 1106 940 certamen
1150 884 1411 940 adversus
1455 882 1728 948 inimicos,
1766 883 1817 936 id
1864 891 1948 938 est

359 978 665 1032 contrarias
682 987 1002 1048 potestates,
1035 978 1307 1047 quomodo
1336 977 1391 1030 in
1421 975 1683 1030 auxilium
1719 976 1945 1030 veniunt

356 1069 436 1124 illi
478 1071 570 1140 qui
605 1081 734 1127 ante
769 1072 1063 1126 adventum
1099 1070 1228 1125 Jesu
1270 1069 1473 1124 Christi
1509 1069 1720 1124 Domini
1752 1069 1857 1124 mei
1890 1069 1943 1122 in

362 1162 479 1232 lege
532 1162 816 1232 justificati
872 1172 1021 1220 sunt.
1073 1162 1209 1218 Vide
1259 1163 1532 1232 quomodo
1591 1163 1760 1218 Isaias
1810 1161 1944 1217 mihi

357 1263 584 1324 praesmt
607 1254 887 1319 auxilium,
912 1269 1035 1308 cum
1067 1270 1153 1310 me
1171 1254 1515 1310 sermonibus
1551 1269 1664 1310 sua:
1691 1256 1945 1311 lectionis

357 1347 654 1402 illuminat.
680 1345 817 1402 Vide
840 1347 1140 1401 accinctum
1171 1335 1239 1402 'et
1285 1347 1598 1416 expeditum
1640 1349 1943 1403 venientem

361 1437 652 1493 Jeremiam
695 1437 760 1492 ad
813 1439 1070 1492 auxilium
1130 1450 1398 1504 nostrum,
1437 1447 1492 1493 et
1528 1440 1818 1498 voluminis
1861 1442 1944 1496 sui

357 1530 553 1598 jacnlis
596 1530 779 1586 hostes
821 1532 1140 1595 acerrimos,
1183 1531 1367 1586 cordis
1395 1535 1498 1586 mei
1537 1531 1789 1588 tenebras
1812 1533 1947 1588 ellu-

357 1632 604 1691 gantem.
639 1623 955 1693 Accingitur
986 1631 1040 1678 et
1077 1623 1266 1677 Daniel
1300 1625 1644 1678 adauxilimn
1673 1636 1945 1691 nostrum,

361 1730 484 1768 cum
510 1729 606 1769 nos
630 1714 696 1769 de
728 1713 932 1770 Christi
969 1715 1258 1785 praesentia
1295 1729 1360 1770 ac
1393 1731 1582 1785 regno,
1623 1724 1677 1772 et
1699 1718 1764 1772 de
1790 1717 1948 1772 Anti-

363 1807 551 1860 christi
582 1806 763 1860 futura
783 1805 975 1861 fraude
1011 1806 1228 1878 ipstruit
1255 1813 1311 1860 et
1333 1817 1651 1875 prmmonet.
1688 1809 1860 1863 Adest
1890 1819 1945 1864 et

2055 591 2205 646 ditur
2249 592 2304 648 in
2361 593 2498 649 duas
2526 605 2730 665 partes,
2767 612 2863 666 per
2917 613 3079 667 quam
3114 615 3290 670 neque
3322 601 3411 656 hic
3451 602 3647 656 tertius

2054 697 2316 740 numerus
2362 687 2570 757 integer
2633 687 2983 759 adimpletur,
3043 706 3220 762 neque
3278 693 3349 749 ibi
3400 696 3650 750 decimus
3705 710 3707 712 ‘

2053 775 2290 844 perfecte
2336 788 2390 832 et
2431 780 2638 850 integre
2689 793 3126 839 consummatur.
3165 784 3220 840 In
3265 802 3373 856 quo
3412 789 3651 844 arbitror

2052 869 2185 925 illud
2251 871 2502 938 indicari,
2554 874 2700 943 quod
2749 884 2803 930 et
2853 877 2928 931 illi
2981 877 3194 946 priores
3229 880 3323 948 qui
3357 895 3450 948 per
3477 882 3648 950 legem

2054 971 2354 1039 agebantur
2396 951 2892 1041 (99),-contigerint
2945 971 3165 1041 quidem
3199 973 3426 1029 scicntia
3452 991 3481 1026 n
3515 974 3642 1028 Tri-

2054 1063 2256 1126 nitatis,
2289 1078 2397 1116 non
2437 1074 2614 1117 tamen
2643 1065 2851 1134 integre
2873 1073 2926 1119 et
2963 1064 3218 1134 perfecte,
3251 1067 3346 1120 sed
3371 1081 3435 1122 ex
3464 1076 3639 1136 parte.

2054 1155 2250 1209 Deerat
2289 1157 2432 1210 enim
2478 1156 2584 1212 illis
2617 1157 2668 1211 in
2700 1157 2991 1224 Trinitate,
3036 1159 3198 1213 etiam
3246 1161 3337 1215 Dei
3379 1162 3642 1232 un‘geni:i

2054 1247 2489 1303 incarnationem
2524 1249 2600 1321 (-l)
2634 1265 2982 1320 cognoscere.
3017 1250 3152 1306 Nam
3186 1252 3313 1307 licet
3347 1254 3414 1308 de
3438 1257 3640 1308 adven-

2055 1349 2110 1392 tu
2138 1337 2258 1408 ejus
2289 1339 2597 1408 crederent,
2629 1350 2684 1394 et
2705 1343 2770 1396 de
2813 1342 3037 1413 reliquis
3063 1343 3178 1413 ejus
3218 1343 3642 1413 dispensationi-

2052 1431 2155 1487 bus
2183 1447 2288 1486 non
2334 1432 2510 1488 solum
2544 1434 2851 1503 crederent,
2897 1437 2989 1491 sed
3025 1437 3190 1490 etiam
3223 1439 3585 1507 praalicareut
3627 1458 3642 1493 :

2055 1537 2160 1576 non
2192 1531 2373 1577 tamen
2418 1524 2585 1578 etiam
2639 1524 2842 1591 videre,
2883 1535 2938 1580 et
2967 1525 3194 1595 adipisci
3220 1541 3283 1582 ea
3316 1543 3436 1597 quae
3467 1529 3646 1584 credi-

2054 1616 2271 1680 derant,
2306 1625 2634 1684 potuerunt;
2672 1617 2817 1671 sicut
2842 1625 2897 1671 et
2927 1617 3191 1672 Dominus
3223 1619 3502 1689 discipulis
3530 1621 3646 1677 suis

2055 1708 2185 1764 dicit
2215 1709 2281 1764 de
2311 1709 2391 1764 eis
2419 1709 2487 1775 ",
2510 1708 2636 1778 quia
2669 1727 2688 1761 ι
2723 1709 2877 1765 multi
2918 1710 3196 1778 prophetae
3218 1721 3273 1765 et
3297 1712 3432 1780 justi
3463 1713 3647 1782 cupit--

2055 1812 2186 1856 runt
2233 1802 2420 1857 videre
2452 1817 2574 1872 quae
2619 1818 2718 1859 vos
2757 1803 2976 1870 videtis,
3014 1811 3070 1858 et
3114 1819 3225 1859 non
3268 1804 3542 1869 viderunt,
3589 1815 3649 1862 ct

365 1897 615 1954 Ezechiel
641 1907 983 1953 sacramenta
1011 1898 1168 1953 nobis
1199 1898 1443 1954 caelestia
1470 1900 1521 1953 in
1554 1901 1944 1970 quadriformi-

2055 1891 2237 1948 audire
2267 1908 2386 1962 qua:
2418 1909 2516 1949 vos
2565 1891 2788 1961 auditis,
2833 1906 2889 1950 et
2934 1910 3041 1951 non
3086 1895 3399 1950 audierunt.
3442 1915 3462 1949 ι
3517 1897 3648 1952 Erat

367 1991 469 2045 bus
507 1999 746 2044 rotarum
783 1989 1002 2044 circulis
1042 1991 1290 2060 signans,
1319 2001 1374 2046 et
1406 2001 1578 2046 rotam
1611 1993 1946 2049 concludens

365 2082 419 2134 in
455 2089 593 2135 rota.
636 2079 793 2134 Ducit
839 2090 893 2134 et
924 2080 1061 2136 Osee
1102 2080 1346 2137 bissenas
1375 2083 1678 2152 pr0phetici
1713 2086 1947 2157 agminis

365 2181 597 2236 turmas,
622 2179 678 2226 et
700 2170 1000 2241 procedunt
1025 2186 1216 2227 omnes
1239 2173 1500 2227 succincti
1535 2173 1748 2230 lumbos
1773 2175 1827 2229 in
1855 2190 1942 2232 ve-

365 2267 530 2318 ritate
561 2280 723 2332 quam
759 2265 1061 2335 praedicant
1094 2265 1160 2317 ad
1191 2265 1452 2319 auxilium
1478 2281 1722 2330 suorum,
1763 2279 1822 2322 ut
1850 2285 1947 2325 eo-

364 2370 483 2408 rum
516 2355 880 2411 voluminibus
925 2357 1197 2424 instructi,
1232 2357 1532 2413 diabolicas
1583 2374 1689 2412 non
1727 2359 1946 2429 ignore-

366 2465 488 2504 mus
540 2449 790 2503 astutias.
842 2449 932 2503 lsti
979 2463 1108 2520 ergo
1136 2449 1228 2518 qui
1272 2449 1445 2504 fortes
1479 2461 1628 2516 sunt,
1657 2454 1855 2507 armati
1894 2467 1945 2509 et

363 2542 642 2612 prmcincti
691 2542 902 2598 lumbos
955 2543 1008 2597 in
1054 2543 1291 2596 veritate
1343 2553 1544 2598 exeunt
1596 2545 1649 2600 in
1686 2547 1946 2601 auxilium

365 2643 634 2698 nostrum,
666 2642 721 2688 et
757 2642 1001 2704 pugnant
1040 2632 1344 2689 nobiscum.
1391 2632 1633 2692 Infantes
1663 2651 1844 2694 autem
1893 2650 1952 2695 et

364 2726 619 2780 mulieres
651 2741 754 2781 non
786 2735 986 2781 exeunt
1012 2728 1080 2782 ad
1117 2728 1360 2799 prmlium
1405 2742 1677 2786 nostrum.
1708 2731 1818 2788 Nec
1844 2735 1949 2788 mi-

365 2832 506 2882 rum,
539 2817 714 2872 infans
735 2817 879 2872 enim
909 2817 1112 2873 dicitur
1141 2821 1233 2889 qui
1266 2837 1372 2876 non
1397 2821 1659 2892 loquitur.
1686 2821 1828 2890 Quid
1865 2841 1953 2881 me

363 2925 495 2981 ergo
517 2910 709 2980 juvare
749 2911 926 2980 potuit
949 2911 1043 2967 ille
1075 2913 1165 2981 qui
1203 2913 1334 2968 nihil
1379 2914 1591 2972 locutus
1626 2918 1749 2972 est?
1796 2919 1952 2989 cujus

367 3003 504 3058 nihil
542 3004 760 3060 invenio
788 3003 934 3075 quod
971 3004 1183 3075 legam?
1211 3007 1366 3077 cujus
1393 3023 1478 3062 me
1513 3024 1692 3064 sermo
1723 3026 1828 3066 non
1871 3011 1953 3065 in-

366 3097 568 3151 struiti
606 3095 889 3150 Mulierem
919 3109 1050 3150 vero
1081 3096 1212 3150 dicit
1239 3098 1515 3166 apostolus
1544 3098 1820 3154 infirmum
1860 3115 1953 3156 vas

367 3203 488 3242 esse
532 3187 600 3241 “.
656 3187 808 3242 Unde
855 3197 910 3242 et
951 3197 1348 3256 consequenter
1398 3190 1678 3246 inﬁrmum
1740 3207 1839 3248 vas
1886 3194 1952 3248 ad

364 3283 678 3341 conflictum
705 3297 809 3336 non
837 3282 1002 3346 venit,
1027 3296 1096 3335 ne
1125 3283 1510 3355 confringatur
1538 3295 1594 3340 et
1619 3296 1829 3360 pereat.
1861 3289 1954 3342 Sic

366 3393 601 3448 uanique
623 3386 678 3431 et
711 3377 776 3432 de
798 3375 923 3431 Jesu
961 3377 1189 3433 Domino
1217 3377 1268 3432 in
1308 3377 1620 3448 Evangeliis
1654 3379 1856 3434 dicitur
1881 3380 1950 3444 ⁸⁸,

368 3469 490 3538 quia
525 3488 544 3521 ι
592 3469 858 3524 calamum
894 3479 1210 3540 quassatum
1250 3485 1356 3524 non
1399 3469 1710 3540 confringet
1745 3471 1880 3540 (98).
1927 3490 1947 3522 ι

365 3563 504 3628 Quia
537 3577 666 3633 ergo
694 3563 948 3619 mulieres
973 3582 1002 3620 a
1031 3567 1163 3622 viris
1201 3567 1318 3621 suis
1356 3565 1498 3620 domi
1541 3563 1724 3619 doceri
1755 3564 1956 3635 juben-

369 3662 478 3720 tur,
511 3663 568 3709 et
596 3655 767 3726 magis
796 3657 849 3710 in
879 3657 1266 3727 discipulorum
1291 3672 1456 3728 quam
1485 3657 1797 3712 docentium
1827 3671 1952 3726 pcr-

367 3763 502 3804 sona
535 3758 833 3818 ponuntur,
883 3750 951 3805 ad
987 3750 1247 3805 auxilium
1295 3766 1474 3805 meum
1509 3765 1617 3804 non
1664 3749 1814 3804 venit
1863 3750 1952 3818 qui

368 3840 564 3896 docere
597 3857 684 3896 me
712 3858 820 3897 non
865 3851 1061 3912 potest,
1094 3851 1150 3898 et
1179 3841 1336 3912 cujus
1367 3842 1499 3897 nihil
1537 3842 1756 3907 invenio
1808 3843 1956 3913 quod

359 3935 573 3998 imitari
608 3935 863 4002 debeam,
887 3935 971 3990 vel
1001 3944 1206 3990 tenere.
1794 3939 1800 3945 '

437 4029 494 4086 2.
523 4030 814 4085 Videamus
847 4043 977 4100 ergo
1005 4029 1132 4098 quid
1159 4027 1350 4083 dicunt
1395 4029 1462 4083 ad
1507 4028 1691 4084 Jesum
1723 4027 1812 4084 isti
1861 4028 1956 4098 qui

369 4124 600 4178 veniunt
659 4139 726 4178 cx
787 4121 878 4177 illa
939 4134 1083 4177 terra
1148 4135 1311 4192 quam
1371 4122 1650 4176 distribuit
1702 4121 1952 4192 Moyses:

375 4234 395 4271 ι
434 4215 589 4272 Sicut
629 4215 1145 4284 audivimus,-aiunt
1180 4214 1252 4278 ⁸⁷,
1283 4213 1529 4281 Moysen,
1563 4215 1634 4268 ita
1673 4216 1957 4270 audiemus

372 4321 428 4368 et
476 4321 546 4367 te.
592 4330 612 4362 ι
642 4307 789 4365 Nihil
830 4319 939 4362 tam
973 4323 1185 4376 verum,
1241 4325 1404 4374 quam
1446 4307 1588 4378 quod
1633 4309 1810 4362 omnis
1866 4309 1956 4378 qui

372 4405 522 4458 audit
558 4403 802 4476 Moysen,
846 4401 1031 4456 audiat
1053 4411 1117 4456 .et
1149 4399 1330 4456 Iesum
1364 4403 1653 4456 Dominum
1682 4411 1955 4456 nostrum.

376 4497 450 4551 De
494 4495 622 4552 Jesu
679 4497 820 4552 enim
881 4496 970 4550 ille
1003 4494 1242 4564 scripsit.
1277 4491 1430 4549 Unde
1479 4503 1532 4549 et
1594 4493 1855 4548 Dominus
1904 4494 1955 4547 in

2047 1986 2189 2040 enim
2221 1985 2352 2041 fides
2379 2000 2565 2041 eorum
2603 2002 2708 2041 non
2750 1988 2983 2059 integra,
3013 2005 3111 2061 pro
3136 2005 3201 2046 eo
3228 1989 3371 2059 quod
3403 1990 3643 2044 nondum

2048 2076 2100 2132 in
2129 2076 2345 2134 Christo
2368 2077 2543 2133 fuerat
2562 2077 2896 2148 dispensatio
2933 2082 3112 2136 carnis
3138 2081 3390 2150 impleta;
3411 2089 3465 2136 et
3490 2080 3637 2150 quod

2048 2183 2148 2224 nos
2195 2185 2339 2224 nunc
2387 2168 2592 2224 factum
2634 2169 2748 2236 jam
2789 2173 3068 2226 credimus
3119 2184 3173 2228 et
3222 2173 3526 2243 impletum,
3561 2171 3636 2226 illi

2051 2262 2422 2318 tantummodo
2466 2261 2713 2316 futurum
2779 2263 3100 2318 credebant.
3159 2263 3456 2334 Propterea
3505 2279 3638 2334 ergo

2052 2355 2224 2410 tribus
2255 2355 2358 2409 illae
2390 2369 2568 2424 neque
2595 2356 2713 2410 date
2733 2365 2880 2418 sunt,
2917 2371 2986 2410 ne
3015 2365 3195 2425 patres
3214 2367 3369 2411 extra
3404 2355 3566 2411 fidem
3593 2365 3649 2410 et

2053 2448 2287 2503 salutem
2321 2448 2431 2502 sint
2455 2447 2745 2502 Trinitatis
2773 2465 2786 2502 :
2821 2463 2996 2518 neque
3025 2458 3138 2503 tres
3174 2449 3400 2519 integrae
3429 2457 3485 2505 et
3514 2465 3642 2519 per-

2051 2539 2226 2606 fectae,
2254 2554 2324 2594 ne
2356 2540 2531 2595 beatae
2556 2540 2846 2595 Trinitatis
2878 2542 2929 2594 in
2963 2541 3069 2595 illis
3091 2539 3203 2609 jam
3237 2552 3647 2597 sacramentum

2055 2636 2331 2692 videretur
2351 2637 2648 2709 expletum.
2670 2637 2776 2694 Sed
2798 2640 3148 2711 contigerunt
3179 2641 3394 2711 quidem
3427 2643 3648 2698 tertium

2051 2743 2360 2796 numerum,
2393 2739 2468 2794 et,
2504 2731 2646 2786 sicut
2679 2731 2818 2811 dixit
2859 2733 3142 2798 Dominus,
3178 2733 3470 2804 cupierunt
3495 2731 3650 2790 vide-

2055 2839 2113 2879 re
2138 2839 2260 2895 qua;
2288 2824 2563 2892 videmus,
2589 2834 2646 2880 ct
2669 2827 2860 2881 audire
2878 2841 2997 2897 quae
3012 2816 3290 2893 audimus;
3311 2828 3404 2883 sed
3425 2829 3648 2888 minime

2057 2925 2374 2987 potuerunt,
2403 2917 2530 2982 quia
2558 2916 2796 2972 nondum
2825 2916 2996 2972 Filius
3038 2917 3274 2974 hominis
3300 2917 3476 2973 fuerat
3505 2923 3655 2974 exal-

2062 3016 2228 3076 tatus,
2255 3024 2354 3064 nec
2383 3007 2817 3078 temporumjam
2846 3018 3075 3064 venerat
3105 3011 3408 3080 plenitudo.
3442 3008 3540 3065 Hic
3567 3026 3654 3067 me

2055 3102 2221 3156 etiam
2275 3102 2481 3173 aliquid
2522 3101 2753 3171 amplius
2799 3106 3001 3156 movet.
3029 3101 3139 3174 Ego
3181 3113 3310 3173 puto
3363 3105 3505 3175 quod
3539 3104 3653 3159 for-

1982 3226 2027 3284 a
2061 3204 2323 3250 tassenec
2359 3196 2412 3249 in
2447 3195 2680 3250 adventu
2709 3192 2858 3258 Jesu,
2897 3205 2951 3250 et
2985 3194 3369 3251 incarnatione
3402 3196 3520 3266 ejus
3551 3200 3648 3253 ad-

2061 3288 2164 3342 huc
2221 3288 2367 3356 quod
2427 3285 2728 3358 perfectum
2788 3295 2871 3342 est
2914 3297 2970 3342 et
3023 3288 3292 3356 integrum
3351 3288 3650 3344 discimus:

2059 3381 2153 3434 sed
2208 3395 2307 3434 nec
2371 3380 2416 3433 si
2486 3379 2553 3434 ad
2616 3392 2833 3434 crucem
2897 3379 3131 3433 ducatur
3185 3380 3339 3447 jam,
3403 3391 3458 3435 et
3522 3396 3653 3437 con-

2059 3481 2361 3526 summetur
2406 3471 2482 3542 (2)
2528 3471 2580 3526 in
2619 3470 2894 3535 onmihus,
2953 3485 3051 3524 nec
3099 3471 3143 3524 si
3196 3485 3225 3523 a
3287 3473 3518 3527 mortuis
3567 3488 3652 3528 rc-

2059 3564 2318 3627 surrcxit,
2370 3562 2533 3634 403
2586 3571 2782 3618 cuncta
2837 3562 2994 3617 nobis
3027 3578 3126 3633 per
3148 3565 3498 3635 semetipsum
3537 3581 3660 3636 qtae

2068 3665 2313 3733 perfecta
2345 3673 2492 3727 sunt,
2528 3663 2750 3732 pandet.
2779 3659 2899 3714 Alio
2917 3662 3093 3716 adhuc
3115 3678 3252 3732 opus
3280 3663 3540 3736 habemus
3563 3665 3658 3736 qui

2060 3757 2218 3812 nobis
2265 3757 2472 3826 aperiat
2530 3754 2606 3827 (5)
2654 3765 2708 3810 et
2745 3754 2952 3812 reveiet
3005 3756 3281 3810 universa.
3310 3757 3446 3811 Audi
3482 3757 3658 3828 ipsum

2061 3849 2353 3904 Dominum
2391 3849 2442 3902 in
2479 3849 2790 3920 Evangeliis
2823 3850 3088 3905 dicentem
3118 3849 3168 3883 "°
3195 3869 3210 3905 :
3247 3869 3264 3902 ι
3295 3849 3456 3904 Multa
3482 3851 3659 3906 adhuc

2061 3943 2237 3998 habeo
2295 3955 2418 4011 qua:
2469 3941 2624 3996 vobis
2665 3942 2857 4012 loquar
2891 3943 2993 4014 (4),
3036 3943 3128 3998 sed
3179 3958 3282 3997 non
3314 3943 3543 4014 potestis
3566 3944 3655 3998 illa

2063 4037 2222 4088 modo
2247 4034 2458 4088 audire.
2489 4033 2688 4088 Veniet
2740 4043 2921 4088 autem
2955 4034 3192 4103 Spiritus
3229 4034 3478 4089 veritatis
3501 4036 3592 4105 qui
3625 4051 3658 4092 ει

2036 4128 2220 4186 Patre
2277 4125 2541 4196 procedit,
2572 4143 2590 4176 ι
2621 4135 2677 4180 et
2723 4124 2802 4174 τίς
2833 4143 2852 4177 α
2892 4128 2959 4181 de
2989 4141 3112 4182 meo
3159 4127 3415 4197 accipiet,
3468 4135 3526 4180 et
3571 4125 3659 4182 ille

2063 4219 2216 4272 vobis
2248 4213 2510 4272 indicabit
2539 4215 2745 4271 omnia.
2776 4233 2794 4268 ι
2825 4215 2991 4272 Vides
3026 4217 3150 4286 quia
3179 4231 3284 4271 non
3317 4217 3491 4271 solum
3517 4217 3660 4286 apud

2011 4357 2021 4364 .
2061 4312 2283 4383 Moysen
2312 4311 2415 4367 iste
2439 4312 2637 4368 tertius
2668 4323 2933 4364 numerus
2962 4323 3069 4364 non
3117 4310 3525 4364 demonstratur
3557 4311 3663 4364 in:-

2062 4407 2260 4476 pletns,
2303 4405 2397 4461 sed
2443 4403 2620 4459 adhuc
2679 4410 2735 4457 et
2782 4398 2940 4455 Jesus
2981 4401 3116 4454 dicit
3177 4399 3457 4469 discipulis
3494 4401 3658 4456 suis:

2066 4499 2312 4553 Nondum
2350 4497 2583 4568 potestis
2613 4495 2829 4561 audire,
2871 4493 2975 4549 nisi
3003 4491 3092 4548 ille
3138 4492 3452 4548 Paracletus
3477 4494 3669 4550 veniat

374 4589 667 4661 Evangelio
701 4593 933 4658 arguens
969 4601 1085 4654 e08,
1137 4587 1266 4657 quia
1301 4601 1366 4640 ex
1417 4601 1482 4641 eo
1512 4585 1657 4655 quod
1695 4586 1800 4641 sibi
1848 4603 1954 4641 non
1989 4565 2034 4620 D
2068 4594 2291 4664 spiritus
2321 4565 2569 4647 veritatis
2599 4606 2614 4644 :
2647 4589 2772 4659 quia
2805 4603 2900 4660 per
2931 4588 3128 4653 ipsum,
3155 4595 3209 4641 et
3245 4587 3297 4640 in
3340 4586 3456 4656 ipso
3482 4586 3660 4642 adim-

372 4683 623 4746 credunt,
663 4698 763 4737 nec
795 4679 975 4736 Mosco
1028 4680 1276 4746 credant,
1317 4679 1450 4734 dicit
1484 4679 1570 4732 63:
1623 4697 1640 4730 ι
1679 4678 1734 4734 Si
1768 4681 1962 4735 crede-

377 4777 510 4830 retis
526 4776 719 4846 Moysi,
757 4775 1050 4830 crederetis
1095 4777 1282 4845 utique
1314 4783 1367 4828 et
1398 4773 1554 4827 mihi.
1591 4771 1667 4828 De
1693 4787 1777 4827 me
1811 4773 1957 4827 enim

382 4867 472 4922 ille
509 4867 747 4936 scripsit.
774 4886 793 4918 ι
836 4866 961 4921 Mihi
987 4876 1167 4923 tamen
1206 4882 1308 4922 nec
1338 4867 1439 4920 hoc
1460 4864 1694 4920 Otiosum
1725 4865 1958 4930 videtur,

381 4959 523 5030 quod
571 4976 679 5015 non
714 4969 825 5014 tres
880 4959 1104 5029 integra:
1142 4959 1312 5014 tribus
1364 4969 1490 5014 sunt
1529 4962 1645 5015 ista:
1695 4975 1815 5029 quae
1867 4975 1963 5028 per

383 5054 604 5127 Moysen
635 5054 1038 5123 dispensantur,
1093 5063 1149 5105 et
1185 5053 1287 5107 illa:
1329 5053 1552 5122 integra:
1601 5069 1795 5108 novem
1844 5069 1964 5122 qua:

380 5163 478 5218 per
503 5146 687 5203 Jesum
731 5144 1049 5201 haereditate
1095 5144 1395 5214 potiuntur,
1439 5145 1530 5198 sed
1564 5146 1682 5199 duae
1712 5153 1765 5197 et
1799 5146 1964 5199 semis

444 5269 491 5302 ⁸⁵
520 5266 671 5322 ΙΡοι.
700 5283 780 5333 m,
823 5265 875 5318 7.
953 5259 998 5296 ⁸⁸
1045 5262 1232 5318 Matth.
1289 5280 1384 5330 ιιι,
1416 5263 1508 5318 20.
1586 5261 1760 5326 "los.
1792 5278 1830 5327 ι,
1860 5265 1948 5320 17.

381 5339 425 5372 ⁷⁸
459 5341 589 5396 ibid.
624 5339 703 5392 14.

454 5459 568 5531 (98)
607 5459 790 5514 υοιίθκ
837 5454 1256 5518 Cerneticcnsis,
1303 5472 1320 5503 ι
1358 5455 1685 5526 confringet.
1720 5475 1738 5507 ι
1785 5455 1956 5522 Alias,

386 5547 408 5584 ι
441 5529 678 5593 confregi
693 5541 729 5581 t.
769 5548 786 5578 ο

454 5601 567 5669 (99)
596 5600 743 5661 Mss.,
781 5618 799 5649 ι
843 5598 1162 5667 agebantur.
1208 5615 1226 5669 ι
1277 5594 1448 5654 Alias,
1482 5613 1498 5644 ι
1537 5593 1891 5669 habebantur.
1938 5615 1956 5647 ι

456 5667 731 5742 (I)Etiam
773 5670 864 5742 Dei
903 5669 1159 5742 unigeniti
1199 5667 1640 5742 incarnationem.
1677 5667 1755 5742 ita
1805 5667 1964 5742 habet

384 5735 551 5799 codex
580 5735 1152 5799 Gerneticensnsjlibri
1191 5753 1320 5791 vero
1364 5746 1522 5789 antea
1559 5735 1713 5802 editi,
1749 5753 1768 5786 ί
1796 5737 1961 5790 etiam

383 5817 453 5870 de
487 5810 761 5887 unigeniti
791 5811 1190 5887 incarnatione.
1227 5827 1244 5860 ι
1619 5877 1675 5887 ___
1766 5875 1776 5887 ι
1920 5875 1934 5887 .

452 5884 536 5955 (ἓν)
592 5877 773 5940 Codex
827 5879 1228 5938 Gemeticeusis
1275 5893 1400 5934 cum
1453 5892 1559 5934 uno
1619 5877 1962 5944 Ebroicensi,

2029 5267 2074 5298 ⁸⁸
2096 5266 2254 5322 Joan.
2282 5282 2334 5330 v,
2364 5262 2456 5318 46.

2071 4687 2249 4756 pletur
2287 4682 2554 4753 perfectio
2586 4678 2894 4735 Trinitatis.
2933 4678 3068 4733 Nam
3103 4680 3245 4748 quod
3270 4689 3326 4734 et
3353 4693 3542 4733 novem
3574 4693 3665 4735 se-

2073 4779 2175 4832 mis
2199 4778 2371 4832 tribus
2423 4783 2550 4830 sunt
2587 4787 2708 4844 quae
2765 4772 2867 4827 sub
2906 4770 3033 4826 Jesu
3067 4773 3204 4826 duce
3250 4780 3442 4839 agunt,
3470 4781 3520 4827 et
3550 4787 3661 4828 non

2071 4870 2293 4938 integrae
2320 4869 2530 4932 decem,
2561 4864 2654 4935 qui
2709 4877 2972 4918 numerus
3005 4862 3059 4918 in
3095 4864 3348 4918 outnibus
3397 4878 3662 4920 consum-

2073 4970 2248 5014 matus
2279 4959 2479 5012 dicitttr
2518 4966 2574 5010 et
2605 4953 2906 5025 perfectus,
2943 4954 3132 5008 eadem
3169 4956 3286 5008 sine
3327 4955 3491 5010 dubio
3520 4957 3662 5012 ratio

2075 5051 2373 5115 invenitur,
2417 5057 2476 5102 ιιι
2534 5049 2635 5102 hoc
2681 5047 2824 5116 quod
2862 5061 2891 5098 a
2947 5044 3176 5101 Domino
3209 5045 3336 5102 Jesu
3385 5048 3662 5104 reservari

2075 5147 2274 5201 dicitur
2328 5144 2555 5213 Spiritui
2599 5150 2790 5195 sancto
2817 5179 2832 5205 ,
2891 5141 3250 5212 semiplenam
3298 5142 3552 5197 videatur
3595 5157 3661 5197 ac

2536 5262 2580 5294 ‘9
2615 5261 2805 5316 Matth.
2846 5275 2964 5327 χιιι,
2994 5259 3077 5315 i7.
3155 5261 3201 5292 τ⁰
3225 5259 3383 5316 Joan.
3412 5277 3522 5329 xvr,
3567 5261 3657 5317 12.

2084 5470 2103 5504 ι
2135 5453 2330 5506 ductus
2352 5449 2465 5519 jam
2493 5459 2547 5503 et
2571 5451 3004 5519 consummatus.
3045 5461 3062 5494 ι

2137 5525 2214 5593 (5)
2245 5507 2385 5576 Idem
2415 5536 2546 5574 mss.
2581 5515 2849 5593 cupandit.
2886 5512 3055 5593 l_i_abet
3110 5511 3284 5593 adhuc
3317 5525 3456 5580 opus
3492 5507 3660 5592 lsrael

2069 5581 2342 5650 et‘audire
2364 5607 2484 5655 quae
2516 5581 2840 5642 audivimus.
2898 5583 3169 5637 Habemus
3190 5590 3243 5636 et
3275 5597 3372 5636 nos
3397 5597 3534 5651 opus
3563 5581 3658 5652 qui

2071 5665 2230 5721 nobis
2259 5663 2490 5729 aperiat.
2535 5678 2554 5711 ι
2785 5722 2820 5731 __
2961 5724 3012 5731 __
3057 5723 3088 5731 η
3393 5719 3428 5731 ,.
3564 5720 3596 5731 _.

2141 5737 2217 5805 (4)
2246 5719 2542 5805 ρῖειῑς-ιιοῡξδ
2561 5731 2764 5805 loquar.
2780 5722 2859 5805 ita
2876 5724 3032 5805 codd.
3056 5723 3370 5805 Sanget‘jtl?
3387 5719 3660 5805 Gemetic.

2069 5789 2312 5862 et‘u'mis
2358 5789 2725 5858 Ebroicen'sis.
2780 5791 2936 5847 Libb.
2983 5789 3386 5850 autem—editi:
3430 5808 3451 5844 ι
3501 5789 3658 5849 vobis

2071 5876 2242 5946 loqui.
2281 5893 2300 5926 ι
