4146 6404
534 339 638 396 839

1956 335 2279 398 ORIGENIS

3665 323 3782 406 διὰ
3823 309 3826 311 ’

533 456 792 511 medium.
823 452 1080 520 Quamvis
1123 452 1267 507 enim
1311 467 1410 522 per
1447 453 1734 508 Dominum
1779 468 1833 512 et
1861 457 2096 516 Salvato-
2132 468 2177 523 Α
2205 461 2532 530 susceperit,
2569 477 2664 533 per
2686 478 2825 533 quos
2867 475 2924 521 et
2981 466 3048 524 de
3077 465 3303 522 interitu
3341 464 3505 521 totius
3547 465 3778 524 inimica!

535 561 648 599 rem
682 543 999 614 pmnitentia
1029 542 1373 612 prmdicetur,
1407 552 1461 596 et
1487 545 1772 600 conversio
1800 563 1829 600 a
1857 549 2010 605 malis
2038 552 2102 605 ad

534 637 696 696 bona,
725 643 779 689 et
811 636 969 689 detur
1009 635 1262 689 omnibus
1303 636 1649 691 credentibus
1694 640 1941 696 remissio
1975 659 2099 711 pec-

533 735 806 786 catorum,
859 736 914 780 et
960 725 1141 780 omnia
1184 742 1303 794 quae
1347 727 1414 780 ad
1456 727 1843 796 perfectionem
1890 733 2099 791 decado:

531 818 787 872 videntur
821 817 1065 878 tendere,
1098 817 1471 886 compleantur
1505 836 1518 870 :
1550 827 1729 874 tamen
1761 824 2022 890 perfectio
2051 836 2100 880 et

532 920 743 958 summa
767 914 1086 959 cunctorum
1114 905 1378 958 bonorum
1425 909 1478 960 in
1510 922 1576 962 eo
1601 911 1872 975 consistit,
1905 915 1948 969 si
1981 924 2100 985 post

531 994 649 1048 haec
693 994 873 1047 omnia
919 994 1087 1048 sancti
1129 994 1358 1063 Spiritus
1398 997 1519 1066 quis
1563 1001 1786 1068 gratiam
1831 1015 2100 1061 mereatur

531 1087 796 1156 accipere.
843 1087 1053 1155 Alioqui
1099 1088 1233 1140 nihil
1283 1088 1336 1141 in
1371 1105 1436 1144 eo
1476 1091 1773 1158 perfectum
1802 1097 2100 1164 putabitur,

531 1177 616 1232 cui
663 1187 883 1232 sanctus
930 1177 1164 1246 Spiritus
1210 1179 1394 1242 deest,
1432 1197 1530 1250 per
1582 1199 1742 1252 quem
1789 1189 2102 1256 mysterium

531 1268 700 1322 beatae
749 1268 1027 1323 Trinitatis
1075 1269 1349 1338 impletur.
1389 1271 1482 1325 Vis
1517 1282 1576 1327 ut
1622 1275 1800 1330 adhuc
1845 1279 1937 1332 tibi
1985 1280 2102 1334 evi-

530 1359 749 1414 dentius
806 1361 1067 1428 probem,
1127 1361 1272 1429 apud
1319 1363 1552 1430 priorem
1609 1368 1864 1436 populum
1913 1371 2099 1438 illum,

529 1464 689 1516 quem
733 1449 941 1519 Moyses
985 1449 1038 1502 in
1084 1449 1294 1503 duabus
1328 1450 1490 1505 semis
1526 1452 1773 1506 tribubus
1815 1456 2102 1512 adumbra-

527 1537 637 1597 bat.
674 1555 782 1592 non
814 1539 978 1594 fuisse
1004 1541 1182 1595 omnia
1213 1541 1416 1612 integra
1439 1584 1453 1604 ,
1483 1559 1586 1598 nec
1614 1544 1889 1614 perfecta?
1919 1549 2100 1605 deela-

526 1641 612 1686 rat
654 1632 758 1686 boc
793 1633 954 1685 etiam
987 1631 1071 1686 illa
1120 1633 1342 1687 historia
1374 1650 1494 1702 quae
1533 1636 1584 1689 in
1635 1637 1738 1692 hoc
1769 1638 1885 1708 ipso
1917 1642 2098 1704 libello

524 1719 652 1776 Jcsu
687 1721 834 1775 Nave
864 1722 1060 1792 scripta
1088 1732 1187 1784 est,
1217 1739 1338 1778 cum
1375 1725 1503 1780 dicit
1537 1727 1658 1795 quia
1688 1729 1854 1785 altare
1880 1733 2096 1801 quidem

524 1828 712 1866 verum
754 1821 870 1866 erat
913 1814 966 1866 in
1012 1814 1097 1868 illa
1150 1824 1291 1870 terra
1335 1832 1495 1886 quam
1530 1818 1688 1875 Jesns
1724 1822 2095 1891 dispensabat,
2121 1810 2160 1866 Β

523 1903 610 1958 isti
657 1914 836 1958 tamen
880 1905 972 1975 qui
1015 1915 1171 1961 erant
1219 1917 1368 1962 trans
1405 1908 1694 1965 Jordanem
1717 1952 1730 1974 ,
1760 1914 1810 1967 id
1841 1924 1944 1979 est,
1981 1916 2097 1972 Ru-

521 1995 659 2058 ben,
689 2005 745 2050 et
777 1995 924 2060 Gad,
972 2006 1027 2051 et
1067 1999 1286 2054 dimidia
1338 2000 1508 2056 tribus
1554 2002 1814 2069 Manassc,
1851 2006 2098 2065 fecerunt

521 2086 624 2139 sibi
655 2087 854 2148 altare,
900 2088 995 2140 sed
1025 2104 1132 2142 non
1177 2105 1360 2143 verum
1397 2091 1586 2155 altare,
1617 2095 1710 2147 sed
1737 2097 1878 2164 quod
1914 2107 2096 2168 typum

521 2177 748 2230 haberet
776 2186 830 2231 et
873 2177 1098 2232 formam
1129 2180 1240 2233 veri
1270 2181 1452 2236 altaris
1490 2184 1633 2252 quod
1667 2196 1782 2240 erat
1813 2189 1956 2256 apud
2001 2189 2096 2244 Je-

520 2283 660 2320 sum.
697 2267 839 2320 Nihil
869 2283 996 2338 ergo
1027 2269 1238 2324 mireris
1281 2271 1323 2325 si
1367 2289 1475 2327 non
1520 2275 1782 2346 integram
1811 2280 2092 2337 scientiam

520 2357 800 2412 Trinitatis
832 2370 1151 2429 acceperant
1192 2363 1283 2428 illi,
1317 2365 1406 2433 qui
1442 2381 1544 2420 nec
1569 2366 1836 2439 integrum
1865 2387 1966 2427 nec
1999 2390 2093 2428 ve-

518 2465 639 2502 rum
676 2450 842 2504 altare
889 2461 1324 2508 construxerant.
1375 2456 1501 2511 ldeo
1545 2459 1779 2529 denique
1810 2477 1910 2518 nec
1939 2465 2093 2520 multi

517 2540 724 2603 hostes,
762 2557 938 2610 neque
986 2543 1169 2611 plures
1215 2560 1368 2615 reges
1409 2549 1799 2606 contrariarum
1831 2553 2091 2609 virtutum

517 2631 585 2684 ab
610 2632 712 2685 illis
737 2632 990 2686 dicuntur
1015 2649 1135 2687 esse
1161 2635 1377 2705 dejecti.
1404 2636 1605 2702 Sehon,
1636 2641 1828 2711 inquit,
1861 2653 2094 2700 tantum-

517 2723 676 2776 modo
712 2739 888 2794 regem
920 2723 1378 2794 Amorrhaeorum,
1411 2739 1464 2785 et
1495 2729 1573 2802 0g
1607 2748 1787 2802 regem
1815 2735 2007 2803 Basan,
2036 2747 2092 2793 et

514 2813 838 2870 Amalccitas
871 2816 1187 2886 dejecerunt
1234 2828 1384 2875 trans
1429 2820 1742 2881 Iordanem.
1779 2826 1931 2884 lesus
1958 2844 2089 2885 vero

513 2907 604 2960 ubi
634 2907 783 2962 ducit
808 2910 1101 2964 exercitum
1123 2950 1138 2974 ,
1174 2927 1320 2966 nunc
1361 2913 1600 2983 quinque
1628 2931 1782 2988 reges
1809 2919 1970 2974 simul
1997 2938 2086 2977 ca-

487 2998 650 3054 ~dunt
686 2999 778 3056 aui
817 2999 1170 3071 confugerant
1208 3001 1265 3057 in
1304 3004 1622 3065 sneluncas.
1663 3018 1718 3062 et
1761 3025 1870 3064 non
1911 3013 2084 3068 solum

499 3084 719 3147 radunt,
754 3083 848 3135 sed
889 3095 943 3137 et
975 3088 1384 3153 suspenduntur
1418 3091 1468 3142 in
1503 3090 1671 3158 ligno,
1707 3107 1850 3147 nunc
1885 3094 2078 3164 viginti

499 3186 694 3225 novem
732 3174 937 3240 pariter
957 3167 1301 3244 jngulantur,
1326 3191 1380 3233 et
1402 3179 1683 3236 immensae
1712 3184 2086 3247 multitudines

496 3266 706 3317 adversi
745 3266 1021 3321 exercitus
1071 3279 1524 3338 prosternuntur,
1564 3283 1620 3328 et
1649 3280 2085 3337 exterminantur

494 3372 684 3410 omnes
714 3359 802 3425 qui
825 3371 1070 3412 sanetam
1097 3371 1297 3416 terram
1325 3363 1376 3418 in
1407 3367 2080 3443 immunditiispossident,

496 3452 586 3517 qui
622 3459 821 3504 terram
857 3451 1112 3507 fluentem
1157 3454 1241 3510 lac
1268 3464 1322 3510 et
1350 3457 1454 3512 mel
1493 3459 1544 3513 iit
1575 3464 1944 3520 amaritudine
1968 3485 2081 3523 ma-

494 3547 620 3600 litiw
649 3547 918 3600 detinent.

559 3672 610 3725 5.
643 3670 854 3725 Interea
889 3671 1180 3725 mittuntur
1213 3672 1279 3725 ab
1303 3670 1431 3728 Jesu
1467 3677 1847 3747 exploratores
1887 3677 1940 3732 in
1974 3677 2066 3734 Je-

488 3766 660 3828 rielio,
685 3775 740 3818 et
774 3764 1149 3833 suscipiuntur
1178 3779 1209 3818 a
1268 3770 1560 3822 meretrice
1596 3768 1768 3825 Raab.
1796 3769 2068 3840 Explora-

485 3870 634 3914 tores
661 3858 749 3914 isti
780 3861 868 3928 qui
912 3861 1202 3913 mittuntur
1246 3869 1373 3917 ante
1406 3860 1605 3917 facient
1651 3861 1803 3926 Jesu,
1839 3875 2066 3934 possunt

480 3952 732 4022 etangeli
769 3952 860 4007 Dei
892 3953 1096 4022 putari,
1131 3954 1272 4008 sicut
1315 3955 1580 4025 scriptum
1625 3967 1709 4009 est
1741 3957 1786 3986 ⁷⁸
1822 3975 1835 4011 :
1873 3975 1892 4008 ι
1926 3957 2066 4014 Ecce

493 4047 702 4101 mittam
731 4046 984 4116 angelum
1019 4063 1196 4102 meum
1227 4057 1356 4102 ante
1390 4047 1588 4102 faciem
1617 4058 1764 4102 tuam
1796 4050 1890 4120 qui
1923 4066 2064 4121 prae-

486 4137 702 4207 parabit
724 4139 840 4192 vias
873 4146 996 4192 tuas
1031 4137 1130 4210 (5).
1163 4157 1182 4190 ι
1211 4137 1364 4205 Quod
1401 4152 1498 4206 per
1522 4138 1656 4192 alios
1681 4139 1898 4208 quidem
1931 4141 2064 4197 invi-

481 4231 730 4294 sibiliter,
757 4246 852 4300 per
881 4229 1148 4286 Joannem
1166 4246 1296 4287 vero
1322 4229 1609 4287 visibiliter
1632 4231 2008 4302 complebatur
2043 4254 2058 4291 :

481 4323 547 4375 de
578 4337 685 4388 quo
711 4333 766 4377 et
801 4323 1091 4392 hocipsum
1122 4324 1382 4393 scriptum
1408 4333 1512 4378 cst.
1539 4323 1782 4393 Denique
1811 4325 1877 4381 de
1897 4323 2061 4383 Joan-

481 4416 567 4470 nis
598 4416 865 4485 baptismo
885 4418 1085 4473 dicitur
1115 4434 1142 4473 a
1184 4420 1433 4486 Domino,
1466 4418 1591 4489 quia
1616 4419 1810 4474 scribae
1838 4432 1894 4476 et
1917 4421 2061 4477 Pha-

2203 553 2380 622 gentis
2414 553 2651 609 refertur
2678 567 2888 626 erepta.

2270 645 2323 700 4.
2359 646 2765 706 Scdvidcamus
2788 653 3145 723 tandemqmn
3181 652 3250 707 sit
3276 653 3375 706 ista
3410 647 3786 722 meretrix(6).

2203 735 2356 791 Raab
2390 739 2615 804 dicitur,
2640 740 2796 796 Raab
2827 751 2955 797 vero
2995 743 3388 812 interpretatur
3423 743 3648 796 latitudo
3676 743 3782 815 (7).

2198 828 2330 896 Quae
2356 843 2439 886 est
2493 847 2624 902 ergo
2673 833 2923 900 latitudo,
2963 837 3062 890 nisi
3121 835 3364 891 Ecclesia
3400 836 3513 891 lucc
3555 836 3784 906 Christi,

2199 937 2317 990 quae
2373 941 2440 978 ex
2493 927 2878 993 peccatoribus
2936 927 3084 983 velut
3128 943 3195 982 ex
3239 927 3785 998 meretricatione(8)

2197 1015 2425 1070 collecta
2457 1019 2575 1072 est?
2611 1019 2676 1073 Et
2707 1020 2841 1075 dicit
2866 1021 2912 1052 ⁷⁸
2945 1038 2960 1076 :
2997 1039 3015 1072 ι
3056 1022 3332 1091 Angustus
3389 1021 3519 1074 mihi
3576 1031 3661 1074 est
3704 1021 3785 1073 lo-

2195 1123 2316 1172 cus,
2349 1109 2437 1164 fac
2470 1112 2602 1165 mihi
2635 1114 2811 1166 locum
2845 1113 2934 1167 ubi
2974 1113 3236 1168 habitem.
3281 1111 3390 1166 llos
3433 1122 3613 1167 autem
3648 1110 3780 1165 mihi

2194 1201 2318 1268 quis
2343 1204 2650 1258 enutrivit?
2691 1225 2710 1258 ι
2761 1205 2826 1259 Et
2881 1206 3077 1260 iterum
3136 1207 3202 1260 ad
3238 1221 3403 1276 quant
3444 1206 3644 1258 dicitur
3683 1205 3730 1236 "
3759 1221 3777 1258 :

2199 1313 2219 1346 ‹
2252 1295 2426 1349 Dilata
2478 1297 2628 1367 palos
2681 1299 2757 1370 (9)
2792 1311 2940 1363 tuos,
2987 1309 3043 1355 et
3069 1301 3302 1354 extende
3349 1301 3578 1352 tentoria
3602 1310 3708 1352 ttta.
3753 1319 3772 1352 ι

2197 1384 2298 1439 Ista
2330 1401 2460 1456 ergo
2483 1387 2943 1454 latitudocstquaa
2960 1389 3592 1458 suscepitexploratores
3625 1388 3777 1445 Jesu.

2195 1477 2322 1534 Scio
2351 1495 2437 1534 me
2468 1481 2761 1549 aliquando
2788 1481 2839 1534 in
2868 1482 3100 1548 quadam
3129 1480 3369 1536 Ecelesia
3414 1482 3778 1552 disputantem

2193 1573 2258 1626 de
2284 1573 2495 1628 duabus
2547 1575 2946 1642 meretricibus,
2977 1576 3044 1629 de
3078 1575 3276 1643 quibus
3323 1576 3586 1645 scriptum
3623 1586 3707 1630 est
3727 1575 3775 1607 "

2193 1665 2245 1719 in
2274 1666 2435 1720 tertio
2472 1665 2613 1720 libro
2644 1664 2972 1736 Regnorum,
2995 1681 3113 1735 qua:
3137 1665 3480 1735 adjudicinm
3513 1676 3776 1721 venerant

2195 1755 2528 1822 Salomonis,
2566 1773 2798 1827 quarum
2831 1774 2933 1812 una
2966 1758 3168 1822 vivum,
3209 1759 3315 1812 alia
3364 1769 3634 1813 mortuum
3673 1759 3772 1812 ha-

2190 1847 2353 1902 bebat
2390 1846 2678 1913 infantem,
2723 1848 3052 1902 discussisse
3093 1835 3427 1918 diligentius,
3461 1857 3516 1901 et
3573 1846 3776 1900 dixisse

2189 1944 2315 2014 quia
2347 1943 2436 1998 illa
2463 1944 2723 1998 meretrix
2763 1943 2878 1998 haec
2908 1952 3055 1998 esset
3089 1944 3175 1998 cui
3213 1941 3470 1998 Salomon
3529 1957 3634 1996 non
3661 1939 3772 2004 ille,

2189 2039 2284 2092 sed
2312 2037 2400 2092 hic
2426 2036 2517 2106 qui
2550 2050 2738 2106 pacem
2768 2036 2916 2092 venit
2939 2037 3122 2094 facere
3151 2052 3338 2092 eorum
3389 2052 3510 2106 qua:
3537 2036 3590 2089 in
3618 2033 3774 2090 caelis

2187 2138 2310 2183 sunt
2342 2139 2398 2184 et
2428 2145 2552 2199 quae
2585 2131 2638 2183 in
2677 2129 2859 2197 terris,
2889 2130 3039 2184 reddi
3069 2131 3249 2185 vivum
3273 2130 3439 2200 jussit
3468 2127 3726 2182 infantem
3751 2142 3769 2182 :

2189 2220 2279 2275 illa
2317 2237 2449 2276 vero
2481 2221 2584 2276 alia
2627 2236 2747 2291 qua:
2783 2231 3058 2276 mortuum
3090 2220 3326 2276 habebat
3377 2221 3659 2285 infantem,
3685 2215 3771 2274 vel

2187 2312 2335 2368 illius
2361 2323 2506 2368 esset
2533 2313 2732 2383 prioris
2758 2311 2938 2384 populi
2982 2326 3282 2382 synagoga,
3309 2311 3393 2366 vel
3446 2325 3642 2366 eorum
3673 2307 3767 2380 qui

2188 2403 2240 2456 in
2271 2404 2520 2460 btcresim
2561 2404 2928 2460 declinarunt.
2961 2403 3056 2460 Est
3085 2416 3141 2460 et
3181 2404 3286 2458 alia
3316 2403 3574 2458 meretrix
3602 2417 3767 2470 quam

2185 2497 2239 2550 in
2275 2495 2414 2550 Osee
2475 2495 2699 2564 jubetur
2755 2497 3009 2566 accipere
3064 2498 3332 2567 propheta
3377 2498 3447 2560 '",
3488 2496 3540 2550 in
3597 2493 3768 2565 figura

2184 2588 2304 2641 sine
2337 2588 2500 2643 dubio
2555 2588 2713 2658 hujus
2760 2604 2880 2658 qua:
2907 2604 2972 2644 cx
3023 2590 3274 2659 gentibus
3302 2598 3632 2662 congregata
3661 2595 3764 2641 est.

2182 2679 2332 2734 Talis
2359 2695 2486 2749 ergo
2515 2689 2569 2734 et
2600 2681 2715 2734 bth
2768 2681 3028 2736 meretrix
3056 2695 3176 2736 esse
3202 2681 3404 2736 dicitur
3425 2695 3544 2749 qua:
3569 2679 3763 2748 explo-

2183 2781 2399 2827 ratores
2422 2773 2662 2843 suscepit
2691 2773 2819 2829 Jesu
2846 2792 2860 2828 :
2887 2775 2983 2829 sed
3017 2775 3134 2829 haec
3162 2781 3444 2842 susceptos
3473 2787 3565 2828 eos
3596 2772 3646 2826 in
3671 2787 3763 2827 su-

2181 2864 2491 2934 perioribus
2519 2864 2776 2932 collocat,
2811 2875 2978 2936 atque
3009 2867 3061 2921 in
3107 2866 3267 2922 editis
3298 2874 3353 2921 et
3378 2867 3610 2920 excelsis
3638 2863 3762 2919 ﬁdei

2181 2955 2470 3010 constituit
2496 2957 2872 3013 sacramentis.
2906 2957 3077 3014 Nemo
3101 2959 3247 3013 enim
3265 2958 3354 3027 qui
3380 2957 3449 3012 ab
3473 2955 3601 3011 Jesu
3635 2955 3764 3009 mit-

2182 3048 2338 3114 titur,
2371 3048 2649 3104 invenitur
2672 3050 2927 3105 deorsum
2957 3059 3012 3106 et
3036 3051 3196 3109 humi
3221 3049 3432 3119 jacens,
3461 3049 3555 3104 sed
3586 3049 3638 3103 in
3668 3061 3763 3102 su-

2103 3161 2146 3219 c
2180 3140 2489 3210 perioribus
2535 3151 2818 3212 permanet
2851 3160 2865 3196 :
2897 3152 2955 3198 et
2991 3159 3096 3198 non
3131 3142 3304 3199 solum
3357 3143 3473 3213 ipse
3512 3143 3566 3198 in
3598 3155 3763 3210 supe-

2181 3231 2419 3288 rioribus
2446 3243 2732 3302 permanet
2759 3243 2812 3290 et
2839 3235 3095 3303 excelsis,
3127 3235 3220 3292 sed
3258 3246 3311 3291 et
3360 3236 3458 3290 ista
3505 3235 3762 3290 meretrix

2180 3338 2302 3392 qua:
2358 3337 2453 3380 eos
2504 3325 2767 3394 suscepit,
2799 3339 2865 3379 ex
2897 3327 3182 3382 meretrice
3231 3324 3593 3396 elﬁciturjam
3630 3340 3752 3395 pro-

2179 3416 2344 3486 pheta
2393 3415 2531 3487 (10),
2566 3418 2698 3473 dicit
2747 3417 2894 3472 enim
2923 3419 3012 3472 ἐς
3056 3436 3075 3472 ι
3131 3419 3262 3474 Scio
3321 3420 3446 3488 quia
3496 3419 3762 3474 Dominus

2178 3507 2322 3562 Deus
2370 3517 2552 3562 vester
2601 3508 2825 3563 tradidit
2877 3509 3028 3565 vobis
3071 3519 3271 3564 terram
3325 3509 3488 3564 hanc.
3528 3528 3546 3561 ι
3597 3509 3760 3564 Vides

2176 3603 2448 3669 quomodo
2493 3599 2582 3654 illa
2627 3615 2746 3670 quae
2787 3600 3079 3670 aliquando
3111 3609 3230 3656 erat
3272 3598 3437 3672 4,οά
3471 3600 3760 3665 meretrix,

2175 3702 2230 3748 et
2251 3692 2438 3762 impia,
2470 3701 2525 3747 et
2552 3693 2853 3757 immunda,
2889 3709 3032 3748 nunc
3055 3693 3170 3762 jam
3209 3693 3414 3762 Spiritu
3440 3703 3630 3749 sancto
3673 3709 3758 3747 re-

2175 3788 2317 3856 pleta
2373 3795 2477 3850 est,
2539 3795 2592 3840 et
2625 3786 2692 3840 de
2747 3785 3039 3856 praeteritis
3069 3784 3290 3854 quidem
3337 3785 3654 3851 confitetur,
3688 3787 3756 3842 de

2173 3879 2538 3949 przesentibus
2579 3892 2709 3932 vero
2747 3879 2944 3940 credit,
2992 3877 3281 3947 pr0phetat
3322 3887 3502 3934 autem
3537 3889 3590 3936 et
3610 3895 3754 3951 pne-

2173 3971 2397 4026 nunciat
2422 3971 2486 4025 de
2508 3969 2725 4024 futuris.
2761 3969 2851 4024 Sic
2881 3983 3011 4038 ergo
3037 3968 3211 4033 Raab,
3243 3984 3362 4038 qua:
3394 3969 3621 4025 latitudo
3667 3971 3749 4025 in-

2173 4072 2534 4133 terpretatur,
2561 4061 2820 4116 dilatatur
2848 4071 2902 4115 et
2936 4061 3174 4132 prolicit,
3217 4076 3500 4132 usquequo
3531 4063 3582 4116 in
3635 4076 3752 4115 om-

2173 4171 2296 4211 nem
2340 4167 2542 4210 terram
2576 4165 2734 4211 exeat
2771 4169 2939 4211 sonus
2992 4153 3126 4224 ejus.
3155 4152 3354 4224 Japhet
3397 4156 3557 4210 etiam
3587 4154 3750 4210 simili

2171 4246 2334 4302 tnodo
2387 4245 2634 4301 dilatatio
2687 4245 3082 4316 interpretatur
3116 4245 3272 4318 (ll):
3312 4245 3402 4316 qui
3453 4247 3640 4313 utique
3695 4255 3751 4303 et

2169 4337 2287 4408 ipse
2331 4337 2562 4391 formam
2621 4336 2802 4406 populi
2843 4337 3000 4404 hujus
3032 4337 3254 4398 ferebat,
3285 4337 3375 4404 qui
3417 4335 3657 4392 salv'atur
3680 4355 3749 4394 ex

2167 4430 2445 4501 gentibus,
2501 4439 2558 4484 et
2611 4427 2868 4482 Chanaan
2905 4445 3036 4499 puer
3067 4443 3258 4484 servus
3301 4429 3347 4484 ei
3395 4427 3683 4496 subjicitur
3717 4449 3748 4488 a

483 4509 624 4562 risa'i
651 4525 754 4562 non
785 4512 1142 4568 crediderunt
1187 4514 1261 4580 ei,
1303 4515 1621 4570 meretrices
1664 4525 1846 4571 autem
1880 4531 1935 4571 et
1957 4533 2058 4588 pu-
2090 4524 2136 4579 D
2167 4532 2343 4593 patre,
2376 4533 2430 4578 et
2462 4521 2617 4576 fratri
2644 4521 2755 4594 (l2)
2785 4538 2884 4577 suo
2915 4522 3065 4588 Sent,
3090 4523 3179 4592 qui
3223 4522 3450 4576 formam
3486 4525 3624 4590 gerit
3653 4540 3746 4579 eo.

479 4594 682 4650 blicani
713 4598 1000 4654 credentes
1043 4601 1302 4672 baptizati
1337 4613 1464 4658 sunt
1506 4604 1573 4658 ⁷³.
1607 4605 1699 4660 Sic
1730 4621 1861 4676 ergo
1892 4609 2084 4662 etiam-

479 4686 534 4741 in
567 4687 668 4743 hoc
692 4689 990 4759 completur
1022 4695 1167 4764 quod
1213 4698 1470 4751 meretrix
1519 4698 1646 4754 Jesu
1681 4699 2058 4768 exploratores

2169 4633 2287 4670 rum
2319 4617 2411 4686 qui
2445 4631 2510 4671 ex
2548 4616 2964 4672 circumcisione
3010 4615 3308 4670 Salvantur.
3348 4615 3402 4669 ln
3436 4631 3541 4686 quo
3570 4617 3744 4673 admi-

2167 4709 2336 4764 randa
2364 4717 2450 4764 est
2476 4708 2781 4777 benignitas
2824 4717 2878 4761 et
2922 4707 3254 4778 providentia
3279 4708 3399 4774 Dei,
3439 4711 3530 4779 qui
3556 4712 3744 4766 volens

549 4826 595 4858 "
624 4827 785 4883 Marc.
817 4845 856 4897 ι,
885 4830 941 4885 ‘2.
991 4831 1035 4862 "
1056 4833 1247 4890 Matth.
1273 4852 1386 4892 xxi.
1451 4837 1493 4870 "‘
1515 4837 1620 4894 lsa.
1652 4855 1798 4906 xux,
1823 4840 1913 4907 20,
1937 4843 2056 4913 21._
2095 4845 2140 4878 "
2165 4846 2267 4905 lsa.
2303 4847 2484 4914 Liv,2.
2536 4849 2583 4880 ⁷⁸
2614 4847 2680 4901 lll
2703 4847 2836 4918 Reg.
2877 4864 2956 4902 Ill.
3009 4849 3052 4880 ⁷⁷
3082 4847 3238 4904 Osee.
3276 4865 3314 4903 ι.
3375 4851 3422 4882 ’⁸
3458 4849 3573 4908 .Ios.
3597 4867 3656 4918 ll,
3683 4853 3740 4910 9.

551 4945 627 5018 (5)
662 4943 1000 5026 Ριπραναὺρὶί
1020 4950 1129 5026 vias
1157 4960 1300 5026 tuas.
1330 4951 1405 5026 Ita
1425 4953 1591 5008 codex
1624 4956 2054 5026 Sangermanen-

480 5016 570 5069 sis
603 5031 725 5069 cum
787 5016 898 5071 uno
945 5021 1292 5087 Ebroiccnsi;
1352 5016 1767 5080 Gemeticensis'
1827 5040 2045 5082 autem:

483 5088 1031 5167 cprmparabitviam
1065 5102 1232 5144 tuam.
1269 5110 1288 5145 ι
1310 5093 1463 5149 Libb.
1495 5096 1627 5150 editi
1658 5113 1672 5148 :
1709 5115 1729 5147 ι
1769 5095 2049 5168 Prteparet

481 5173 593 5210 \'l.|§
627 5169 762 5210 Ιιιιις.
808 5176 826 5208 ι

551 5228 626 5305 (li)
662 5227 985 5305 Libb._editi_
1013 5246 1028 5282 :
1058 5247 1076 5281 ι
1113 5229 1398 5305 videmnus
1422 5233 1638 5301 quidem
1670 5251 1792 5305 qua:
1825 5248 1907 5293 est
1934 5257 2046 5296 me-

478 5302 671 5379 retrix.
707 5299 856 5353 Raab
884 5301 1102 5354 dicitur.
1141 5300 1292 5357 Raab
1327 5299 1734 5373 interpretatur.
1768 5327 1787 5361 ι
1826 5309 1956 5366 Mss.
1989 5323 2045 5367 ut

476 5383 529 5422 ΙΙΙ
558 5382 745 5422 ιιοειτο
780 5381 946 5422 ιρκιυ.

546 5439 623 5505 (7)
655 5437 798 5492 Raab
829 5455 948 5494 vero
967 5441 1341 5510 interpretatur
1366 5443 1610 5500 latitudo.
1636 5449 1675 5501 Α
1703 5458 1821 5509 3m
1862 5469 1880 5502 ι
1913 5452 2048 5507 una-

473 5511 598 5562 tari.
639 5528 656 5559 ι
772 5511 782 5520 ’
1077 5515 1080 5518 λ

547 5579 620 5646 (δ)
653 5579 836 5634 Codex
885 5579 1281 5638 Gemeticensis
1314 5598 1328 5636 :
1363 5603 1380 5634 ι
1433 5587 1739 5641 meretrice.
1779 5607 1796 5639 ι

527 5651 622 5730 λυ)
647 5648 1004 5730 Omnesltlss.
1024 5654 1270 5730 _¢_palos.
1304 5674 1322 5706 ι
1347 5659 1500 5728 Apud
1520 5656 1662 5710 LXX
1686 5659 1883 5730 legitur
1907 5675 2042 5714 πασ-

475 5719 870 5791 σὰὶρυςηιμι-ιιιί
908 5722 1036 5775 editi
1071 5719 1274 5776 habent
1303 5743 1317 5778 :
1353 5743 1369 5775 ι
1396 5719 1592 5791 ’μυιιυμ.
1635 5748 1651 5776 ι

543 5790 652 5859 ιιυ)
685 5787 790 5844 Sed
827 5802 872 5846 ct
900 5793 1001 5847 ista
1033 5796 1283 5850 meretrix
1311 5787 1528 5866 quti'eos
1553 5810 1803 5870 suscepit,
1829 5813 1892 5852 ex
1927 5811 2039 5853 me-

2156 4963 2341 5014 retrire
2367 4961 2584 5030 eﬁicitur
2617 4960 2734 5029 jam
2771 4963 3046 5028 propheta,
3076 4971 3181 5016 etc.
3215 4962 3304 5018 Sic
3350 4974 3569 5021 sanctus
3615 4965 3742 5024 Cle-

2158 5047 2310 5086 mens
2373 5031 2652 5085 Romanus
2720 5030 2879 5100 epist.
2927 5048 2940 5085 I
2995 5036 3060 5085 ad
3135 5033 3450 5090 Corinthios
3511 5038 3562 5090 in
3632 5042 3738 5096 line

2154 5117 2222 5154 nu
2233 5118 2280 5154 ιιι
2290 5103 2342 5181 ..ί
2423 5115 2439 5152 :
2459 5103 2671 5181 'Qpcirs,
2685 5101 2980 5181 ἀγαπητοὶ,
2994 5103 3053 5157 οὐ
3074 5103 3450 5181 μόγςινμπίστις,
3466 5107 3601 5181 ἀλλὰ
3614 5125 3741 5181 προ-

2154 5173 2350 5240 φητεία
2376 5173 2436 5223 ὲν
2464 5177 2529 5242 τῇ
2554 5173 2774 5240 γυναικὶ
2802 5173 3044 5243 γέγονεν.
3105 5194 3123 5225 ι
3152 5177 3359 5242 Videte,
3380 5178 3556 5231 dilecti
3582 5195 3596 5237 :
3628 5173 3736 5238 ιιῖιιι

2153 5248 2338 5322 solum
2419 5244 2724 5310 lides,sed
2769 5247 2933 5298 etiam
2993 5247 3279 5316 prophetia
3361 5251 3414 5301 in
3501 5255 3730 5305 muliere

2150 5322 2381 5367 chtIttt.
2422 5332 2438 5364 ι

2231 5383 2564 5455 (ll)_anhet
2589 5384 2747 5436 etiam
2781 5385 2942 5438 simili
2981 5385 3136 5439 modo
3185 5385 3430 5439 ἀξίαισιἰο
3475 5389 3732 5455 interpre-

2158 5461 2335 5525 tatur.
2357 5453 2743 5524 Etynmtogiam
2765 5471 2960 5524 nempe
2981 5458 3320 5511 deduxerunt
3337 5472 3364 5509 a
3382 5465 3500 5515 nni:
3517 5453 3653 5525 quod
3675 5459 3730 5513 in

2159 5521 2339 5591 Hiphil
2373 5521 2664 5592 signiﬁcat,
2703 5541 2722 5573 ι
2756 5521 3017 5578 dilatavit.
3049 5544 3067 5577 ι
3103 5529 3369 5582 Caeterum
3423 5521 3552 5581 libb.
3597 5529 3730 5583 (ιιι.ιί

2159 5593 2262 5666 hoc
2286 5593 2401 5646 loco
2431 5598 2676 5666 habent,
2709 5611 2727 5643 ‹
2761 5595 2853 5648 sed
2887 5608 2941 5650 et
2978 5596 3174 5666 Japhet
3207 5599 3455 5652 similiter
3482 5598 3732 5654 ὤιξε-διιο

2161 5664 2544 5732 interpretatur
2583 5665 2737 5718 ιΜεε.
2771 5678 2829 5718 ιιι
2858 5667 2912 5718 in
2945 5664 3129 5720 nostro
3159 5679 3328 5722 textu.

2225 5733 2336 5810 (η)
2374 5732 2434 5785 Ει
2463 5734 2635 5810 fratri.
2657 5733 2796 5810 llaec
2825 5752 2944 5803 qua:
2969 5737 3196 5791 inantea
3231 5738 3390 5794 editis
3439 5752 3729 5810 perperam

2153 5806 2357 5860 omissa
2377 5812 2526 5876 sunt,
2564 5804 3118 5882 bodieurestituuntur
3140 5823 3169 5862 e
3204 5824 3334 5864 mss.
