4146 6448
464 384 566 441 διι

1461 376 1527 434 IN
1568 372 1827 430 LIBRUM
1865 369 2028 428 JESU
2069 368 2257 426 NAVE
2295 370 2583 425 IIOMILIA
2624 369 2713 428 IV.

3616 378 3721 434 84?.

467 502 742 575 peccatori
766 502 1024 559 Chanaan
1052 507 1317 570 praestare
1348 499 1666 560 remedium,
1699 506 1753 551 et
1784 493 2038 551 conferre
2068 498 2109 553 Α
2140 501 2297 547 extra
2332 492 2629 547 Ecclesium
2660 506 2820 547 nemo
2875 491 3133 547 salvatur.
3173 490 3306 547 Nam
3341 494 3385 549 si
3417 494 3541 566 quis
3574 496 3720 552 foras

470 601 519 653 ei
553 599 805 663 Salutem,
841 610 1058 651 servum
1080 609 1204 647 eum
1243 592 1368 648 fecit
1412 591 1675 645 fratribus
1726 590 1864 654 suis,
1900 589 2043 642 sicut

472 691 614 746 Esau
645 690 817 744 factus
850 698 952 751 est,
987 696 1045 741 ut
1098 687 1329 740 serviret
1357 684 1513 737 fratri
1551 696 1650 736 suo
1684 680 1853 735 Jacob
1883 693 1898 732 :
1936 693 2040 732 non

471 787 660 855 utique
685 792 741 837 ut
777 782 1004 852 periret,
1059 779 1152 834 sed
1204 787 1263 833 ut
1289 777 1518 833 salutem
1570 775 1884 829 melioribus
1913 774 2042 827 obe-

468 875 662 931 diendo
722 872 1092 939 conquireret.
1148 866 1448 923 Praestatur
1478 866 1623 919 enim
1673 862 1828 917 malis
1878 861 2043 932 pluri-

467 981 636 1029 mum,
670 973 724 1018 et
751 963 1127 1033 peccatoribus
1157 961 1246 1030 qui
1285 958 1607 1028 semetipsos
1653 966 1800 1010 recte
1847 968 2041 1024 gerere

465 1051 736 1116 nesciunt,
767 1059 823 1104 ut
854 1065 957 1103 non
989 1048 1342 1118 sibimetipsis
1378 1048 1808 1108 committantur,
1844 1043 1938 1099 sed
1982 1052 2038 1096 ut

464 1142 607 1198 servi
638 1141 772 1197 fiant
802 1138 1557 1206 sanctorum,etsubjaceant
1608 1137 1944 1202 melioribus,
1983 1144 2041 1189 ut

467 1251 575 1290 non
624 1250 725 1290 suo
764 1248 928 1290 sensu
980 1232 1142 1299 malo,
1178 1232 1272 1286 sed
1317 1231 1529 1285 illorum
1586 1229 1727 1283 bono
1759 1237 2037 1297 regantur.

468 1328 676 1384 Videtis
701 1341 862 1397 quam
921 1323 1434 1401 multabenignilas
1465 1322 1581 1385 Dei,
1615 1335 1777 1390 quam
1810 1319 2041 1375 abscon-

465 1419 566 1484 dit,
600 1427 656 1472 et
711 1415 949 1472 occultat
1000 1416 1070 1470 ab
1117 1414 1341 1469 auribus
1384 1413 1630 1483 vulgi,et
1660 1425 1827 1482 quam
1859 1411 2038 1465 verbis

468 1509 847 1575 asperioribus
883 1507 1034 1576 tegit,
1060 1523 1125 1561 ne
1148 1505 1291 1561 forte
1315 1505 1691 1560 servusmalus
1717 1514 1771 1559 et
1790 1504 2039 1573 ingratus

462 1609 805 1669 contemplor
835 1599 1123 1665 etiiciatur,
1156 1612 1282 1654 cum
1311 1597 1533 1652 nimiam
1592 1595 1802 1651 Domini
1837 1596 1921 1651 sui
1948 1597 2035 1650 iii-

469 1692 740 1749 tellexerit
766 1690 1085 1746 bonitatem.

531 1786 587 1841 5.
619 1783 728 1841 Sed
783 1783 1066 1838 videamus
1117 1782 1246 1852 quid
1283 1781 1392 1851 egit
1436 1796 1557 1836 cum
1604 1776 2036 1849 exploratoribus

462 1880 564 1933 ista
598 1875 816 1946 sapiens
844 1875 1128 1930 meretrix.
1170 1873 1469 1929 Consilium
1506 1872 1586 1929 eis
1625 1872 1716 1925 dat
1744 1870 2035 1941 mysticum

460 1978 516 2022 et
541 1968 782 2030 cadeste,
817 1964 950 2019 nihil
983 1965 1185 2019 habens
1224 1972 1521 2017 terrenum.
1555 1980 1574 2013 ι
1617 1961 1721 2017 Per
1758 1970 2033 2027 montana,

464 2060 637 2128 inquit
658 2058 726 2123 "’,
755 2056 921 2121 abite,
957 2074 974 2107 ι
1010 2056 1178 2110 nolite
1225 2069 1320 2123 per
1377 2054 1547 2108 valles
1607 2054 1885 2119 incedere,
1933 2054 2036 2107 hu-

465 2150 609 2205 milia
647 2161 702 2206 et
724 2148 928 2216 dejecta
960 2145 1208 2215 refugite,
1257 2159 1376 2215 quae
1398 2143 1607 2200 excelsa
1644 2153 1847 2199 suntet
1872 2143 2039 2198 subli-

464 2242 566 2295 mia
601 2241 909 2311 praadicatc.
945 2238 1064 2307 Ipsa
1106 2246 1285 2291 autem
1313 2236 1852 2306 signumcoccineum
1884 2235 2038 2305 ponit

464 2334 516 2387 in
546 2333 706 2387 domo
731 2346 825 2385 sua
860 2345 957 2400 per
987 2328 1129 2398 quod
1160 2326 1356 2382 salvari
1389 2327 1455 2381 de
1481 2326 1695 2381 excidio
1724 2325 1918 2381 debeat
1950 2325 2036 2381 cio

460 2424 664 2477 vitatis.
697 2422 858 2477 Aliud
899 2420 1103 2475 nullum
1152 2418 1253 2473 fuit
1291 2419 1505 2488 signum
1553 2418 1696 2486 quod
1737 2416 2032 2486 acciperet,

462 2516 565 2570 nisi
604 2514 942 2580 coccineum,
995 2511 1140 2581 quod
1182 2510 1464 2580 sanguinis
1516 2508 1744 2564 formam
1787 2510 2030 2580 gerebat.

460 2609 676 2665 Sciebat
705 2610 908 2665 etenim
935 2605 1047 2678 (15)
1074 2605 1205 2676 quia
1259 2605 1396 2660 nulli
1457 2612 1602 2659 esset
1642 2603 1810 2667 salus,
1842 2604 1945 2658 nisi
1978 2604 2032 2657 in

457 2702 719 2770 sanguine
743 2699 967 2755 Christi.
1003 2699 1171 2751 Datur
1204 2697 1367 2751 etiam
1404 2696 1506 2751 hoc
1550 2695 1867 2750 mandatum
1908 2694 2033 2748 huic

456 2806 576 2863 quae
607 2790 883 2862 quondam
935 2788 1190 2844 meretrix
1245 2786 1384 2842 fuit:
1424 2805 1441 2838 ι
1476 2785 1700 2851 Omnes,
1733 2785 1910 2856 inquit
1959 2786 2029 2852 ⁸ο,

457 2885 551 2955 qui
584 2884 786 2938 inventi
828 2881 1030 2938 fuerint
1073 2881 1124 2935 in
1170 2880 1331 2935 domo
1364 2888 1476 2943 tua,
1511 2879 1887 2934 salvabuntttr.
1925 2878 2030 2945 Qui

456 2986 636 3031 autem
671 2975 904 3030 exierint
953 2973 1020 3027 de
1069 2972 1249 3036 domo,
1296 2971 1561 3025 immunes
1611 2984 1799 3026 sumus
1829 2984 1929 3025 nos
1960 2970 2029 3026 ab

459 3070 564 3123 hoc
624 3067 934 3138 iuramento
981 3075 1090 3119 tuo.
1132 3082 1151 3116 ι
1190 3063 1246 3119 Si
1307 3062 1431 3133 quis
1466 3077 1596 3132 ergo
1646 3062 1844 3117 salvari
1892 3062 2026 3129 vult,

458 3161 637 3216 veniat
673 3162 723 3213 in
758 3160 897 3214 hanc
942 3157 1161 3212 domum
1199 3155 1359 3227 hujus
1399 3170 1518 3224 quae
1541 3154 1815 3223 quondam
1851 3169 2029 3210 mere-

458 3255 563 3310 trix
595 3252 718 3306 fuit.
752 3248 977 3304 Etiamsi
1018 3248 1081 3302 de
1108 3248 1197 3303 illo
1213 3246 1409 3318 populo
1432 3245 1543 3299 vult
1575 3246 1773 3316 aliquis
1799 3245 2024 3315 salvari,
2056 3229 2098 3286 C

458 3346 523 3399 ad
556 3344 698 3398 hanc
729 3343 946 3396 domum
980 3339 1164 3394 veniat
1200 3346 1258 3393 ut
1283 3338 1512 3392 salutem
1538 3337 1794 3407 consequi
1831 3337 2022 3406 possit.

456 3435 539 3490 Ad
578 3435 717 3488 hanc
748 3430 932 3487 veniat
981 3431 1220 3495 domum,
1254 3429 1307 3483 in
1340 3444 1446 3499 qua
1486 3428 1691 3485 Christi
1719 3430 1940 3500 sanguis
1970 3430 2022 3483 in

454 3528 613 3598 signo
654 3523 1043 3593 redemptionis
1084 3532 1188 3576 est.
1238 3521 1374 3576 Nam
1422 3524 1561 3590 apud
1610 3522 1726 3577 illos
1753 3523 2024 3593 quidixe-

456 3627 580 3673 runt
609 3617 652 3649 ⁸¹
695 3631 708 3669 :
750 3634 769 3668 ι
804 3614 1034 3685 Sanguis
1087 3612 1205 3684 ejus
1251 3627 1415 3682 super
1471 3627 1569 3667 nos
1619 3610 1731 3684 (l4)
1772 3622 1826 3668 et
1857 3628 2020 3682 super

453 3709 593 3764 ﬁlios
614 3718 848 3771 nostros,
893 3726 912 3759 ι
943 3704 1146 3761 Chris‘i
1180 3706 1404 3775 sanguis
1431 3706 1485 3759 in
1512 3705 2019 3761 condemnationem

452 3810 552 3856 est.
585 3799 792 3853 Positus
819 3797 960 3852 enim
990 3796 1166 3851 fuerat
1192 3796 1349 3853 Jesus
1382 3798 1433 3851 in
1486 3798 1695 3852 ruinam
1748 3808 1802 3853 et
1837 3812 2019 3854 resur-

451 3892 746 3947 rectionem
772 3888 1087 3953 multorum,
1105 3898 1158 3942 et
1186 3888 1306 3942 ideo
1332 3888 1830 3946 contradicentibus
1868 3890 2021 3960 signo

455 3985 575 4055 ejus
620 3981 849 4035 efﬁcitur
886 3978 1107 4049 sanguis
1139 3980 1257 4050 ejus
1294 3979 1359 4032 ad
1405 3995 1643 4049 pinnam,
1674 3982 2022 4047 credentibus

459 4075 521 4128 ad
552 4072 800 4127 salutem.
833 4068 1001 4125 Nemo
1028 4084 1157 4140 ergo
1193 4072 1294 4126 sihi
1338 4074 1679 4141 persuadeat,
1735 4090 1894 4129 nemo
1934 4092 2022 4132 se-

453 4167 739 4237 metipsum
786 4167 1063 4237 decipiat:
1098 4177 1251 4221 extra
1312 4167 1452 4223 hanc
1515 4168 1759 4233 domum,
1811 4169 1863 4224 id
1936 4183 2023 4226 est

521 4307 565 4341 τ’
597 4306 781 4374 105.",
816 4306 902 4362 16.
977 4306 1023 4339 ⁸ο
1052 4307 1180 4363 ibid.
1210 4305 1295 4375 17,
1327 4307 1412 4362 18.
1488 4308 1532 4341 ⁸³
1570 4308 1762 4364 Matth.
1790 4326 1960 4379 xxvii,
1986 4320 2039 4366 et
2063 4311 2193 4367 Luc.
2221 4323 2282 4362 ll.

524 4426 638 4499 (I3)
669 4425 829 4499 Aliud
885 4424 1088 4499 nullum
1138 4426 1346 4499 signant
1398 4425 1505 4499 fuit
1546 4424 1686 4494 quod
1735 4428 2014 4499 acciperet,

451 4494 553 4557 nisi
576 4497 911 4565 coccineum,
926 4495 1064 4563 quod
1091 4496 1366 4565 sanguinis
1383 4495 1609 4565 formam
1631 4498 1860 4564 gerebat.
1877 4494 2016 4551 Scie-

453 4574 539 4626 bat
564 4569 723 4632 enim,
747 4578 852 4619 etc.
886 4564 1133 4619 Clemens
1164 4563 1444 4619 Romanus
1474 4566 1699 4633 epistola
1734 4565 1757 4619 1
1796 4569 1862 4620 ad
1913 4566 2015 4621 C0-

453 4640 689 4696 rinthios
714 4635 1005 4709 subﬁtinem
1051 4650 1198 4688 num.
1238 4635 1344 4709 1‘2;
1372 4636 1482 4709 Κσιὶ
1510 4634 1838 4709 προσέθεντο
1878 4638 2016 4709 αὐτῇ

451 4712 634 4777 δοῦναι
679 4708 927 4779 σημεῖον,
963 4706 1118 4779 ,ὅπως
1158 4706 1510 4779 κρεμὰςῃηὲκ
1540 4705 1633 4779 του
1669 4705 2020 4779 οἵξουνναύτῆξ

454 4782 734 4847 κόκκινον·
789 4776 1050 4847 πρόδηλον
1088 4776 1500 4847 ποιοῦντεςζότι
1542 4776 1631 4828 διὰ
1656 4776 1748 4828 τοῦ
1790 4776 2020 4847 αἵματος

450 4848 545 4901 τοῦ
569 4846 771 4917 Κυρίου
795 4846 1060 4917 λύτρωσις
1081 4846 1231 4900 ἔσται
1258 4850 1392 4901 πᾶσι
1423 4848 1533 4909 τοῖς
1558 4846 1902 4900 πιστεύουσιν
1930 4850 2021 4902 καὶ

453 4916 762 4982 ἐλπίζουσιν
795 4916 1184 4989 ὲπὶξιὸν-Θεόν.
1221 4937 1237 4968 ι
1280 4919 1343 4972 Ει
1380 4918 1700 4971 addiderunt
1726 4923 2017 4989 utsignum

458 4990 645 5052 daret;
676 5001 863 5053 nempe
910 4986 1205 5057 funiculum
1251 4989 1565 5043 coccineum
1594 4986 1922 5057 appender'ct
1952 4990 2022 5043 de

455 5060 779 5129 doino_sua;
807 5058 1148 5129 manifestum
1177 5056 1456 5120 facientes,
1490 5060 1630 5125 quod
1663 5073 1757 5125 per
1797 5061 2018 5129 sangui-

457 5144 578 5183 nem
610 5127 818 5180 Domini
855 5127 1033 5178 lutura
1063 5136 1211 5180 esset
1268 5130 1562 5194 redemptio
1597 5130 1865 5183 universis
1899 5127 2019 5183 cre-

458 5199 710 5252 dentibus
733 5207 785 5250 et
820 5198 1166 5263 sperantibus
1218 5198 1269 5251 in
1312 5199 1501 5252 Deum.
1535 5218 1553 5249 ι
1583 5200 1730 5263 Quot
1753 5208 1933 5251 autem
1962 5210 2018 5253 et

455 5278 687 5338 quantos
718 5266 1098 5333 suifragatores
1132 5268 1325 5338 habent
1374 5269 1488 5321 lucc
1521 5268 1687 5338 figura
1728 5279 1780 5320 et
1814 5267 2017 5331 allego-

457 5337 560 5402 ria,
590 5341 747 5392 docet
769 5338 1065 5392 Cotclerius
1094 5339 1145 5391 iti
1172 5337 1322 5393 Notis
1344 5339 1411 5393 ad
1443 5337 1665 5392 citatum
1695 5338 1869 5393 locmn
1896 5339 2018 5395 Cle-

449 5409 663 5464 mentis.

522 5478 632 5551 (H)
681 5478 736 5532 In
769 5487 929 5551 antea
986 5476 1151 5551 editis
1166 5477 1436 5551 omissum
1469 5487 1554 5551 est
1587 5496 1605 5530 ι
1637 5494 1803 5548 super
1825 5493 1942 5551 nos,
1989 5498 2008 5532 ι

448 5549 592 5620 quad
627 5549 894 5673 reperitur
920 5549 969 5601 in
1012 5550 1267 5603 omnibus
1298 5564 1427 5605 mss.
1467 5549 1637 5603 Paulo
1685 5559 1805 5618 post
1852 5549 2014 5603 iidem

451 5636 579 5673 mss.
612 5620 678 5673 ha
719 5627 811 5673 ent
853 5636 864 5669 :
902 5637 920 5669 ι
967 5620 1018 5672 in
1079 5622 1592 5673 condeumationem
1637 5633 1738 5673 est.
1799 5618 2014 5673 Positus

451 5618 579 5673 mss.
612 5618 811 5673 habent
853 5636 864 5669 :
902 5637 920 5669 ι
967 5620 1018 5672 in
1079 5622 1592 5675 condeamationem
1637 5633 1738 5675 est.
1799 5618 2016 5674 Positus

451 5692 687 5746 enim....
714 5690 765 5743 in
800 5690 1010 5742 ruinam
1033 5698 1087 5742 et
1119 5692 1597 5744 resurrectimrem.
1631 5708 1647 5742 ι
1676 5689 1829 5744 Libh.
1854 5691 2010 5745 editi:

450 5759 501 5810 in
563 5762 1012 5813 condemnatione
1060 5770 1161 5813 cst.
1225 5760 1440 5816 I’osittts
1462 5763 1699 5815 enim...
1755 5761 1807 5816 in
1859 5761 2011 5814 ruina

448 5836 503 5881 et
538 5830 949 5883 resurrectione.
993 5848 1011 5879 ι

726 5921 991 5981 ΡΑτιιυι..
1033 5924 1147 5983 (in.
1191 5922 1308 5982 XII

2146 586 2367 650 exierit,
2419 586 2609 639 mortis
2634 598 2744 638 suae
2789 584 2907 653 ipse
2955 585 3012 638 tit
3060 600 3204 639 reus.
3237 584 3336 639 llic
3382 589 3603 655 sanguis
3638 601 3723 643 est

2145 674 2383 743 signum,
2414 678 2539 745 quia
2579 676 2665 730 hic
2711 684 2795 729 est
2842 676 3162 744 purificatio,
3204 693 3325 746 quae
3359 694 3454 746 per
3497 680 3718 748 sangui-

2146 783 2268 825 nem
2299 776 2531 824 constat.
2568 768 2721 834 Quod
2756 775 2934 822 autem
2962 768 3014 821 in
3058 768 3293 823 fenestra
3325 770 3589 838 dependet
3618 772 3724 826 hoc

2145 862 2382 933 signum,
2433 859 2561 914 illud
2616 861 2858 916 arbitror
2901 861 3303 931 indicari,quia
3354 862 3591 919 fenestra
3634 874 3718 920 est

2144 970 2265 1025 quin
2291 954 2559 1007 illuminat
2584 952 2828 1016 domum,
2856 963 2911 1008 et
2938 969 3032 1022 per
3072 968 3233 1022 quam
3278 971 3382 1009 non
3420 956 3713 1025 integrum,

2142 1048 2237 1102 sed
2268 1055 2475 1101 tantum
2504 1053 2767 1114 quantum
2806 1044 2978 1098 oculis
3006 1053 3061 1098 et
3098 1043 3234 1098 visui
3273 1056 3458 1100 nostro
3490 1047 3719 1103 sulliciat

2146 1138 2365 1194 luminis
2389 1139 2650 1207 capimus.
2685 1136 2818 1204 Quia
2838 1150 2967 1206 ergo
2991 1145 3044 1190 et
3069 1136 3375 1191 incarnatio
3418 1138 3716 1194 Salvatoris

2144 1248 2248 1285 non
2314 1230 2471 1285 nobis
2522 1244 2726 1283 merum
2780 1228 3008 1297 ingessit
3057 1236 3111 1283 et
3168 1229 3439 1298 intcgrmn
3492 1230 3717 1286 Deitatis

2148 1330 2450 1391 aspccmm,
2483 1322 2575 1377 sed
2603 1329 2858 1391 tanquam
2879 1332 2973 1387 per
2991 1319 3286 1376 fenestram
3326 1321 3440 1393 (l5)
3469 1322 3597 1379 fecit
3620 1341 3718 1379 nos

2143 1430 2239 1484 per
2267 1414 2701 1468 incarnationem
2746 1425 2902 1466 suam
2957 1411 3135 1465 lumen
3173 1412 3398 1467 Deitatis
3443 1416 3715 1485 aspicere,

2145 1504 2348 1560 idcirco
2385 1503 2514 1557 mihi
2566 1501 2779 1556 videtur
2812 1500 3025 1571 signum
3065 1500 3257 1555 salutis
3292 1518 3387 1571 per
3418 1502 3714 1560 fenestram

2141 1594 2327 1648 datum
2368 1611 2381 1647 :
2416 1608 2523 1663 quo
2576 1593 2732 1662 signo
2790 1591 3018 1647 salutem
3058 1606 3461 1662 consequantur
3503 1613 3717 1662 omnes,

2138 1685 2230 1754 qui
2261 1685 2312 1740 in
2345 1686 2504 1740 domo
2528 1682 2645 1754 ejus
2672 1698 2794 1752 quae
2820 1683 3111 1753 aliquando
3133 1692 3249 1739 erat
3280 1690 3565 1753 meretrix,
3602 1689 3720 1743 tuc-

2143 1778 2251 1832 rint
2279 1777 2507 1842 inventi,
2546 1777 2788 1854 muudati
2817 1776 2868 1829 in
2898 1791 3037 1844 aqua
3068 1785 3124 1831 et
3167 1777 3373 1847 Spiritu
3421 1792 3632 1847 sancto,
3664 1794 3718 1837 et

2068 1856 2111 1911 ’Β
2142 1871 2195 1925 iit
2223 1870 2487 1940 sanguine
2510 1868 2722 1923 Domini
2753 1877 2808 1923 et
2838 1867 3140 1923 Salvatoris
3182 1872 3349 1925 nostri
3390 1871 3516 1927 Jesu
3554 1876 3714 1928 Chri-

2139 1962 2230 2027 Sti,
2258 1964 2342 2017 cui
2376 1972 2463 2017 est
2497 1961 2669 2032 gloria
2717 1971 2772 2016 et
2827 1961 3114 2030 imperium
3151 1961 3203 2016 in
3253 1965 3446 2018 swcula
3486 1966 3715 2021 saeculu-

2138 2070 2278 2109 rum.
2306 2055 2501 2109 Amen.

2731 2145 3012 2203 HOMlLIA
3046 2145 3133 2200 IV.

2522 2239 2600 2294 De
2627 2242 2856 2294 transitu
2899 2240 3152 2294 Iordanis
3186 2238 3312 2309 (l6).

2209 2329 2262 2383 1.
2297 2328 2575 2385 Peccatori
2603 2329 2819 2399 quidem
2853 2328 3030 2383 omnis
3068 2339 3211 2384 terra
3244 2329 3359 2401 (l7)
3397 2330 3572 2388 hostis
3605 2342 3715 2402 est,

2138 2422 2281 2477 sicut
2328 2422 2394 2477 de
2434 2420 2708 2492 Egyptiis
2750 2420 3014 2489 scriptum
3046 2429 3175 2476 est:
3212 2432 3356 2475 terra
3402 2437 3497 2477 eos
3540 2426 3717 2495 impu-

2135 2513 2359 2582 gnabat,
2384 2511 2579 2569 ﬂuvius
2610 2513 2983 2582 impUgnabat,
3032 2527 3129 2573 aer
3175 2514 3292 2583 ipse
3344 2514 3708 2584 impugnabat.

2135 2601 2289 2659 Iusto
2316 2619 2450 2659 vero
2478 2619 2597 2674 qua:
2641 2604 3037 2660 inaccessibilia
3085 2605 3358 2670 videntur,
3411 2608 3569 2677 plana
3594 2608 3708 2663 etii.

2137 2694 2360 2750 ciuntur
2391 2704 2445 2751 et
2471 2694 2756 2767 proclivia.
2805 2695 2951 2751 Mare
2983 2697 3225 2751 Rubrum
3256 2695 3434 2765 justus
3462 2708 3713 2769 tanquam

2137 2803 2234 2858 per
2263 2790 2471 2844 aridam
2503 2789 2696 2844 transit
2727 2806 2739 2842 :
2773 2788 3065 2859 Egyptius
3104 2805 3231 2851 vero
3265 2791 3310 2845 si
3350 2793 3583 2847 transire
3623 2809 3716 2846 vo—

2136 2881 2301 2937 luerit
2348 2882 2747 2951 submergetur,
2781 2897 2881 2937 nec
2913 2883 3005 2936 fiet
3034 2882 3083 2936 ei
3115 2896 3251 2953 aqua
3294 2898 3479 2937 murus
3525 2888 3710 2938 dextra

2135 2972 2393 3042 laevaque.
2457 2970 2647 3028 Justus
2694 2973 2910 3028 etiamsi
2964 2987 3208 3029 eremum
3269 2974 3583 3029 horribilem
3631 2978 3714 3030 iti-

2134 3065 2413 3135 grediatur
2469 3074 2524 3119 et
2584 3072 2820 3128 vastam,
2863 3064 3019 3119 cibus
3070 3064 3120 3119 ei
3166 3065 3563 3123 ministrature
3600 3082 3715 3123 ete-

2136 3156 2222 3211 lis.
2263 3156 2339 3210 Ita
2396 3169 2527 3225 ergo
2565 3167 2618 3209 et
2650 3156 2700 3209 in
2735 3154 3028 3210 Iordanem
3061 3172 3184 3210 arca
3217 3156 3550 3213 Testatnenti
3602 3161 3707 3215 dir;

2132 3260 2253 3306 erat
2297 3250 2493 3320 populo
2551 3250 2644 3303 Dei
2677 3248 2811 3320 (18).
2861 3249 3122 3304 Consistit
3181 3251 3314 3304 ordo
3362 3254 3714 3309 sacerdotalis

2133 3357 2189 3398 et
2224 3342 2520 3407 Leviticus,
2575 3351 2630 3397 et
2686 3357 2838 3411 aqua:
2906 3342 3050 3396 velut
3108 3344 3467 3398 reverentiam
3514 3360 3712 3415 quam-

2132 3431 2255 3485 dam
2305 3430 2399 3485 Dei
2458 3430 2722 3486 ministris
2750 3429 3059 3485 deferentes
3111 3431 3245 3502 (19),
3294 3448 3511 3487 cursum
3556 3451 3711 3490 suum

2130 3523 2292 3595 ωε
2325 3522 2621 3590 refrenant,
2647 3532 2702 3578 et
2742 3532 3140 3577 coacervantur
3169 3524 3224 3577 in
3269 3527 3569 3591 cumulum,
3610 3529 3711 3583 iter

2134 3614 2227 3669 Dei
2272 3614 2467 3685 populo
2517 3614 2798 3669 innoxium
2846 3612 3228 3669 concedentes.
3276 3614 3340 3668 Et
3389 3631 3456 3670 ne
3499 3619 3712 3674 mireris

2129 3721 2251 3762 cum
2286 3708 2400 3763 Itth
2425 3715 2577 3777 gesta
2605 3707 2699 3761 tibi
2726 3721 2853 3776 erga
2894 3707 3132 3773 priorem
3170 3708 3427 3777 populum
3462 3712 3711 3766 referun-

2132 3809 2239 3863 tur,
2270 3800 2385 3869 tibi,
2427 3798 2752 3864 Christiane,
2786 3799 2875 3868 qui
2901 3813 2999 3868 per
3028 3799 3284 3869 baptismi
3307 3814 3709 3858 sacramentum

2129 3890 2382 3947 Jordanis
2412 3890 2615 3947 fluenta
2650 3891 2929 3960 digressus
2951 3906 3031 3956 es,
3065 3892 3278 3948 divinus
3306 3908 3485 3949 sermo
3507 3895 3708 3964 majora

2134 3983 2304 4038 multo
2324 3993 2378 4038 et
2409 3982 2633 4037 celsiora
2662 3983 2948 4052 promittit,
2974 3983 3079 4038 iter
3106 3984 3197 4037 tibi
3242 3998 3336 4054 per
3373 4001 3500 4041 aera
3535 3986 3709 4057 ipsum

2132 4088 2187 4131 et
2222 4079 2513 4132 transitum
2539 4076 2845 4147 pollicetur.
2861 4076 3002 4130 Audi
3032 4078 3231 4132 etenim
3274 4077 3498 4133 Paulum
3525 4082 3712 4136 dicen.

2135 4174 2241 4221 tem
2272 4167 2338 4221 de
2356 4165 2547 4234 justis:
2570 4182 2589 4216 t
2629 4164 2943 4233 Itapiemur,
2977 4163 3309 4232 inquit“,in
3344 4164 3576 4221 nubibus
3595 4162 3708 4238 (20)

2360 4305 2405 4338 θ’
2441 4305 2455 4360 Ι
2489 4304 2678 4360 Thess.
2724 4319 2797 4370 tv,
2836 4303 2921 4358 I6.

2199 4422 2310 4497 (l5)
2334 4422 2461 4497 liiss.
2492 4440 2509 4473 ι
2545 4422 2862 4497 fenestram.
2887 4419 3082 4497 rLihb.
3105 4420 3238 4497 editi
3267 4437 3280 4473 :
3322 4438 3337 4472 ι
3373 4419 3698 4497 fenestras.»

2195 4489 2308 4563 (16')
2348 4493 2421 4546 De
2444 4494 2673 4547 transitu
2692 4489 2969 4563 Iordanis.
3001 4490 3117 4544 Non
3152 4492 3315 4563 alium
3349 4491 3563 4563 titulum
3602 4494 3701 4546 hae

2048 4553 2092 4607 Ι)
2123 4553 2248 4619 bent
2275 4553 2489 4618 codices
2537 4578 2667 4617 mss.
2728 4562 3085 4630 Sangerman.
3114 4572 3170 4615 et
3220 4562 3611 4617 Gemetieensis
3648 4575 3702 4617 et

2126 4649 2265 4689 unus
2294 4633 2662 4689 Ebroicensis.
2688 4633 2744 4686 In
2779 4632 2909 4686 libb.
2939 4643 3097 4685 antea
3127 4632 3289 4686 editis
3319 4632 3514 4701 legitur
3538 4648 3555 4687 :
3580 4651 3601 4686 ι
3632 4634 3702 4689 De

2126 4721 2192 4761 eo
2219 4706 2361 4776 quod
2390 4703 2681 4776 Iordanem
2725 4705 2917 4776 transit
2953 4717 3079 4776 arca
3114 4702 3452 4776 'l‘estamenti
3484 4704 3695 4776 Domini

2122 4771 2251 4832 cuni
2274 4775 2649 4829 sacerdotibus
2695 4784 2749 4828 et.
2792 4772 2999 4827 Levitis
3029 4783 3080 4825 et
3108 4774 3327 4841 populo,
3367 4771 3454 4825 ubi
3493 4775 3699 4827 dicitur

2122 4850 2189 4901 ad
2216 4845 2399 4901 Jesum
2444 4862 2456 4899 :
2510 4844 2563 4896 Ιιι
2616 4844 2702 4898 die
2749 4844 2851 4897 hac
2902 4844 3102 4909 incipio
3149 4843 3392 4897 exaltare
3444 4852 3495 4895 te
3538 4861 3550 4896 :
3603 4845 3695 4897 tibi

2124 4916 2434 4984 prmcipitur
2462 4914 2657 4983 populo
2687 4923 2744 4969 ut
2789 4913 2944 4984 longe
2990 4914 3062 4967 sit
3092 4914 3159 4969 ab
3189 4928 3315 4969 arca
3357 4912 3695 4968 Testamenti

2124 4990 2228 5040 duo
2259 4984 2422 5038 millia
2448 4986 2649 5039 cubita.
2681 5003 2699 5036 ι

2194 5056 2308 5124 (l7)
2353 5054 2536 5124 Codex
2590 5056 2916 5124 Sangerm.:

2132 5123 2433 5179 «creatura.
2461 5142 2479 5175 ι
2506 5123 2674 5179 Paulo
2701 5123 2820 5193 post
2850 5124 2901 5178 in
2936 5125 3125 5178 iisdem
3154 5125 3283 5177 libb.
3314 5124 3476 5177 editis
3504 5124 3691 5177 decSt:

2131 5215 2148 5247 ι
2186 5196 2381 5249 fluvius
2434 5195 2873 5265 impugnabat....
2902 5194 3101 5249 cwlum
3132 5210 3225 5248 eos
3267 5194 3633 5261 impugnabat,
3667 5210 3688 5243 ›

2121 5269 2215 5322 sed
2272 5266 2414 5320 istud
2478 5268 2787 5320 restituitur
2845 5265 3175 5320 auctoritate
3208 5280 3449 5317 ounmnn
3504 5279 3691 5313 mann-

2121 5338 2467 5406 scriptorum.

2192 5399 2485 5476 (1'8)Libb.
2518 5406 2648 5461 editi
2676 5424 2689 5460 :
2724 5424 2743 5457 ι
2771 5404 2829 5459 In
2869 5402 3162 5476 Iordanem
3199 5417 3323 5456 arca
3352 5399 3688 5476 Testamcnti

2120 5470 2349 5531 duiter'at
2372 5478 2625 5546 populum
2662 5478 2779 5543 Dci,
2810 5494 2830 5529 ι
2855 5475 2949 5531 sed
2972 5486 3161 5528 omnes
3185 5486 3313 5525 mss.
3346 5482 3402 5523 ut
3430 5470 3482 5523 in
3503 5480 3692 5521 nostro

2121 5555 2815 5689 I618?)Codd._Sangerm.
2863 5622 2915 5666 et
2962 5609 3220 5689 Gemctic.
3262 5607 3579 5689 t_iititiistris
3605 5606 3693 5659 de-

2120 5681 2380 5742 fcr'enies.
2412 5706 2430 5738 ι
2465 5685 2617 5739 Li.ib.
2648 5681 2778 5739 editi
2813 5702 2827 5739 :
2859 5702 2878 5735 ι
2913 5681 3186 5752 mysteriis
3228 5681 3546 5752 referentes.
3590 5696 3610 5728 ι

2190 5757 2302 5828 (20)
2347 5757 2413 5811 In
2438 5757 2681 5828 nubibus.
2719 5756 2872 5808 Deest
2907 5747 3134 5806 iu‘libb.
3177 5759 3337 5804 antea
3383 5750 3556 5813 editis,
3600 5747 3693 5803 sed

2121 5825 2390 5899 reperitur
2419 5827 2471 5880 itt
2510 5825 2762 5881 omnibus
2796 5837 2929 5880 mss.

2960 5070 2978 5105 ι
3025 5062 3193 5107 terra.
3230 5071 3247 5104 ι
3308 5052 3464 5107 Libb.
3507 5053 3635 5106 editi
3679 5071 3691 5105 :

3302 5911 3379 5969 27
