4146 6402
492 343 597 399 843

1962 345 2286 405 ORIGENIS

3641 381 3746 442 8M

490 467 706 522 obviam
734 464 949 566 Christo
976 464 1032 520 in
1066 479 1217 566 aera,
1244 473 1299 519 et
1332 464 1406 519 ita
1444 480 1658 536 semper
1680 482 1802 524 cum
1840 471 2069 528 Domino
2101 479 2143 532 Α
2175 475 2463 546 unicuique
2518 477 2753 534 fidelium
2806 490 2931 538 tunc
2984 486 3223 554 primum
3267 488 3426 547 Jesus
3458 495 3746 566 cxultatur,

489 561 711 617 erimus.
741 578 760 613 ι
796 557 940 614 Nihil
975 557 1196 614 omnino
1217 560 1460 629 estquod
1491 569 1691 616 metuat
1711 564 1912 632 justus,
1943 581 2062 619 om-

492 654 575 709 nis
601 653 650 706 ei
699 660 948 708 creatura
985 650 1296 705 famulatur.
1327 650 1466 705 Audi
1514 651 1750 722 denique
1789 657 2062 724 quomodo

487 747 650 802 etiam
673 759 769 815 per
803 743 1124 814 prophetam
1171 742 1439 811 promittit
1482 743 1530 798 ei
1569 744 1710 798 Deus
1752 747 1936 801 dicens
1961 747 2007 778 ⁸³
2047 763 2061 801 :

491 858 508 889 ‹
545 837 603 892 Si
627 845 874 891 transeas
897 849 993 904 per
1024 833 1222 904 ignem,
1245 834 1455 889 ﬂamma
1490 850 1592 888 non
1625 835 1816 890 aduret
1845 845 1917 900 te,
1937 853 2063 906 quo-

485 929 628 982 niam
657 942 758 998 ego
783 925 1044 980 Dominus
1071 925 1213 979 Deus
1244 934 1387 980 tuus.
1428 944 1446 977 ›
1487 925 1674 981 Omnis
1705 926 1868 995 igitur
1911 929 2060 986 locus

481 1019 709 1088 suscipit
732 1016 1037 1086 justum,et
1068 1017 1246 1072 omnis
1277 1025 1529 1072 creatura
1563 1018 1780 1073 exhibet
1817 1019 2057 1074 debitum

483 1109 819 1164 famulatum.
846 1107 911 1162 Et
933 1122 1000 1162 ne
1036 1107 1316 1162 existimes
1347 1106 1457 1179 (21)
1491 1107 1633 1176 quod
1666 1109 1780 1163 haec
1812 1110 1864 1163 in
1910 1112 2055 1180 prio-

486 1204 631 1259 ribus
658 1201 875 1272 quidem
901 1209 1049 1271 gesta
1094 1209 1239 1267 sunt,
1273 1201 1326 1254 in
1353 1210 1404 1254 te
1435 1215 1562 1255 vero
1601 1201 1694 1272 qui
1735 1217 1875 1256 nunc
1905 1204 2058 1257 audi-

483 1305 569 1350 tor
600 1295 794 1351 horum
831 1307 889 1347 es
919 1289 1053 1345 nihil
1082 1291 1186 1345 tale
1212 1301 1432 1359 geratur
1462 1307 1476 1346 :
1513 1291 1692 1345 omnia
1719 1291 2058 1361 complentur

481 1390 534 1441 in
573 1396 626 1442 te
663 1385 956 1443 secundum
990 1381 1269 1452 mysticam
1299 1382 1585 1436 rationem.
1609 1382 1818 1436 Etenim
1875 1391 1928 1435 tu
1959 1381 2051 1450 qui

481 1494 648 1551 nuper
702 1477 1019 1534 idololatriae
1077 1473 1316 1529 tenebris
1361 1473 1637 1528 derelictis
1663 1473 1816 1542 cupis
1852 1473 1919 1526 ad
1959 1488 2055 1526 au-

479 1574 735 1630 dientiam
770 1572 964 1625 divinae
984 1567 1120 1638 legis
1148 1568 1591 1631 accedere,nunc
1624 1568 1855 1638 primum
1882 1566 2052 1638 .lEgy-

477 1676 625 1738 ptum
653 1661 977 1732 derelinquis
1003 1659 1286 1731 (2‘2).Cum
1310 1661 1825 1717 catechmnenorum
1852 1675 2049 1731 aggreo

474 1768 631 1830 gatus
661 1769 720 1811 es
758 1768 1012 1818 numero,
1033 1761 1088 1806 et
1113 1753 1394 1822 praeceptis
1422 1752 1820 1808 Ecclesiasticis
1860 1767 2050 1822 parere

2168 582 2290 621 cum
2324 570 2387 622 ad
2451 573 2760 641 mysterium
2807 577 3058 643 baptismi
3104 584 3420 649 pervenitur
3448 587 3582 659 (29),
3622 595 3744 660 quia

2167 660 2243 713 sic
2268 669 2321 714 et
2344 662 2605 731 scriptum
2643 673 2725 718 est
2757 665 2826 732 ⁸⁸,
2857 671 2998 734 quod
3035 689 3052 721 ι
3099 673 3361 730 cxaltavit
3386 678 3535 733 illum
3583 682 3743 749 Dens,

2165 760 2222 805 et
2249 752 2470 807 donavit
2504 755 2550 807 ei
2598 769 2819 819 nomen,
2855 760 2997 826 quod
3025 771 3108 815 est
3142 778 3303 834 super
3331 783 3491 825 omne
3525 789 3742 838 nomen,

2166 849 2222 892 ut
2254 842 2303 893 in
2339 843 2555 897 nomine
2594 843 2720 899 Jesu
2771 862 2930 901 omne
2970 866 3108 920 genu
3158 854 3406 913 ﬂectatur
3439 863 3742 919 caelestium

2162 938 2218 984 et
2272 933 2604 987 terrestrium
2653 945 2707 989 et
2752 939 3108 997 iufcrnorum.
3150 964 3168 996 ι
3214 947 3600 1008 Verumtamen
3644 971 3742 1024 per

2162 1025 2472 1081 sacerdotes
2500 1027 2783 1083 deducitur
2809 1033 3057 1103 populus,
3085 1047 3138 1091 et
3171 1039 3273 1093 iter
3293 1044 3403 1112 agit
3429 1046 3494 1099 ad
3534 1058 3734 1106 terram

2163 1120 2602 1188 repromissionis
2646 1126 2957 1194 magisterio
2986 1132 3353 1190 sacerdotum.
3393 1136 3463 1191 Et
3490 1141 3608 1208 quis
3637 1143 3736 1198 ho-

2163 1210 2250 1264 die
2276 1209 2329 1265 in
2357 1214 2728 1269 sacerdotibus
2753 1225 2930 1273 tantus
2953 1235 3015 1274 ac
3051 1221 3174 1277 talis
3197 1233 3298 1289 est,
3325 1229 3415 1296 qui
3447 1229 3498 1282 in
3526 1232 3615 1286 illo
3643 1249 3736 1288 or-

2158 1302 2285 1357 dine
2313 1315 2586 1359 mereatur
2619 1309 2862 1363 ascribi?
2887 1310 2945 1366 Si
2979 1312 3123 1380 enim
3148 1315 3217 1368 sit
3240 1315 3436 1386 aliquis
3471 1321 3614 1385 talis,
3639 1339 3732 1378 ce-

2160 1394 2358 1449 dentei
2392 1396 2591 1451 ﬂuenta
2621 1398 2732 1471 (50)
2771 1400 3043 1467 Jordanis,
3077 1413 3131 1458 et
3173 1405 3283 1474 ipsa
3341 1409 3607 1466 elementa
3640 1429 3732 1466 vc-

2156 1485 2442 1553 rebuntur,
2474 1503 2597 1558 pars
2630 1503 2890 1558 aquarum
2918 1493 3155 1547 ﬂuminis
3182 1504 3482 1554 retrorsum
3508 1503 3731 1567 resiltet,

2156 1591 2218 1631 ac
2250 1589 2370 1648 post
2415 1587 2622 1650 tergum
2653 1583 2986 1649 frenabitur,
3021 1601 3146 1654 pars
3186 1604 3314 1644 vero
3339 1591 3393 1644 in
3421 1606 3574 1648 mare
3623 1597 3732 1648 sal-

2153 1683 2272 1722 sum
2314 1671 2501 1739 rapido
2559 1672 2708 1744 lapsu
2759 1674 2999 1747 diﬂugiet
3037 1679 3169 1750 (3i).
3202 1680 3355 1748 Quod
3405 1691 3586 1739 tamen
3629 1703 3728 1741 nec

2155 1760 2323 1828 ipsum
2372 1762 2575 1832 absque
2626 1767 2871 1836 mysterii
2926 1771 3134 1826 ratione
3178 1774 3414 1828 arbitror
3439 1777 3723 1844 scriptum,

472 1848 707 1920 cmpiSti,
737 1846 1014 1916 digressus
1058 1858 1118 1897 es
1151 1857 1302 1897 mare
1330 1843 1612 1911 Rubrum,
1647 1853 1701 1899 et
1745 1844 1799 1898 in
1841 1843 2042 1899 deserti
2077 1825 2119 1880 Β
2148 1852 2288 1919 quod
2319 1865 2443 1921 pars
2469 1825 2734 1923 aquarum
2767 1859 3018 1916 Iordanis
3055 1875 3330 1934 mergatur
3362 1866 3414 1919 in
3441 1825 3612 1933 mare,
3640 1825 3724 1921 at:

471 1939 794 1997 stationibus
822 1936 1050 2006 positus,
1083 1934 1150 1989 ad
1186 1935 1506 1989 audiendam
1534 1935 1626 1988 Dei
1656 1934 1846 2003 legem,
1876 1946 1932 1989 et
1963 1935 2044 1989 in-

472 2033 727 2089 tuendum
746 2029 953 2101 Moysis
979 2027 1184 2082 vultum
1214 2041 1312 2097 per
1337 2026 1561 2097 gloriam
1595 2027 1805 2082 Domini
1835 2027 2040 2082 revela-

469 2136 584 2181 tum
607 2123 851 2194 quotidie
890 2135 1074 2175 vacas.
1103 2117 1161 2173 Si
1202 2133 1329 2173 vero
1366 2118 1433 2173 ad
1464 2119 1757 2189 mysticum
1789 2119 2040 2188 baptismi

468 2215 685 2269 veneris
719 2212 947 2278 fontem,
991 2219 1046 2265 et
1098 2209 1435 2264 consistente
1489 2209 1811 2264 sacerdotali
1847 2209 1960 2278 (25)
1986 2217 2042 2263 et

468 2304 709 2360 Levitico
750 2303 940 2356 ordine
968 2300 1213 2354 initiatus
1247 2298 1414 2355 fueris
1444 2297 1889 2355 venerandisillis
1921 2314 2037 2352 ma-

466 2396 783 2468 gnificisque
811 2391 1192 2458 sacramentis,
1230 2407 1352 2462 quae
1378 2401 1576 2447 norunt
1597 2392 1671 2446 illi
1707 2405 1844 2460 quos
1879 2405 2041 2447 nosse

467 2491 547 2544 fas
568 2497 671 2551 est,
697 2483 1004 2540 tuncetiam
1022 2483 1362 2538 sacerdotum
1385 2481 1701 2537 ministeriis
1718 2480 1950 2536 Jordane
1967 2483 2043 2536 di-

464 2592 655 2647 gresso
682 2586 878 2630 terram
906 2573 1342 2643 repromissionis
1366 2573 1614 2638 intrabis,
1639 2572 1691 2626 in
1716 2586 1821 2641 qua
1845 2581 1898 2628 te
1916 2581 2040 2642 post

465 2669 685 2739 Moysen
721 2666 832 2738 (24)
865 2666 1089 2736 suscipit
1113 2663 1271 2721 Jesus
1300 2674 1355 2719 et
1381 2665 1493 2735 ipse
1528 2663 1624 2719 tibi
1657 2661 1886 2719 efficitur
1911 2665 2035 2719 novi

465 2761 675 2818 itineris
704 2762 834 2816 dux.
858 2759 937 2814 Tu
975 2773 1104 2813 vero
1145 2765 1416 2811 tantarum
1453 2769 1518 2810 ac
1559 2754 1744 2809 talium
1776 2755 2034 2811 virtutum

463 2851 561 2908 Dei
611 2864 838 2916 memor,
871 2847 1015 2918 quod
1055 2845 1151 2901 tibi
1196 2859 1348 2900 mare
1396 2844 1624 2899 divisum
1658 2851 1759 2910 est,
1794 2853 1852 2899 et
1891 2843 2035 2912 quod

459 2955 597 3012 aqua
627 2940 865 2995 ﬂuminis
894 2937 1062 3005 stetit,
1094 2950 1390 2991 conversus
1411 2935 1479 2989 ad
1500 2949 1564 2988 ea
1585 2935 1734 2990 dices
1750 2935 1829 2990 οδε
1852 2953 1871 2988 ε
1896 2935 2034 3003 Quid

462 3034 557 3090 tibi
585 3030 1015 3101 est.marc,quod
1047 3027 1268 3100 fugisti?
1289 3038 1342 3083 et
1374 3038 1428 3083 tu
1454 3028 1731 3096 Iordanis,
1752 3030 1876 3099 quia
1905 3044 2035 3085 con-

463 3139 656 3182 versus
684 3138 744 3179 es
777 3121 1117 3179 retrorsum?
1141 3118 1373 3186 Montes,
1410 3121 1536 3190 quid
1569 3118 1680 3193 (25)
1721 3120 2032 3176 exsultastis

459 3218 599 3274 sicut
621 3215 844 3280 arietes,
881 3221 934 3268 et
978 3210 1144 3267 colles
1171 3209 1313 3265 sicut
1346 3212 1466 3282 agni
1496 3212 1721 3266 ovium?
1761 3231 1779 3263 ι
1807 3210 1915 3267 Sed
1941 3226 2028 3266 re-

458 3307 739 3381 spondebit
760 3305 854 3361 tibi
887 3317 1066 3360 sermo
1092 3302 1307 3358 divinus
1337 3311 1393 3358 et
1419 3303 1588 3358 dicet:
1622 3323 1640 3355 ι
1669 3305 1713 3358 Α
1748 3304 1885 3359 facie
1925 3304 2032 3360 Do-

459 3402 590 3460 mini
620 3407 882 3456 commota
915 3406 997 3453 est
1018 3405 1182 3462 terra,
1213 3412 1242 3450 a
1272 3395 1409 3451 facie
1436 3396 1526 3450 Dei
1551 3393 1744 3460 Jacob,
1780 3396 1869 3466 qui
1900 3412 2030 3453 con-

457 3493 617 3550 vertit
651 3499 854 3562 petram
904 3487 1016 3561 (26)
1049 3488 1102 3542 in
1159 3497 1406 3557 stagnum
1458 3501 1632 3556 aquae,
1659 3496 1711 3541 et
1745 3501 1933 3557 rupem
1971 3489 2026 3544 in

456 3587 630 3642 fontes
657 3595 942 3653 aquarum.
994 3599 1011 3631 ι

523 3679 580 3737 2.
611 3676 821 3743 Quanta
854 3683 974 3728 ante
995 3680 1144 3743 gesta
1171 3675 1322 3726 sunt!
1352 3667 1498 3724 Mare
1522 3667 1765 3724 Rubrum
1802 3670 2028 3741 pedibus

459 3769 748 3826 transitum
776 3774 881 3830 est,
915 3779 1111 3819 manna
1139 3764 1206 3817 de
1242 3761 1382 3818 coelo
1423 3762 1608 3816 datum
1638 3773 1745 3827 est,
1770 3763 1945 3819 fontes
1973 3767 2024 3818 in

451 3875 636 3916 eremo
677 3856 901 3927 disrupti
929 3864 1076 3921 sunt,
1109 3854 1194 3909 lex
1247 3869 1342 3924 per
1373 3852 1591 3924 Moysen
1621 3855 1742 3909 data
1779 3863 1862 3910 est
1888 3854 2023 3926 (2⁵7),

453 3954 606 4023 signa
661 3960 714 4007 et
761 3948 1005 4021 prodigia
1059 3947 1223 4002 multa
1271 3948 1325 4002 in
1374 3960 1557 4001 eremo
1596 3956 1746 4017 gesta
1789 3956 1940 4013 sunt,
1973 3958 2026 4004 ct

453 4059 717 4116 nusquam
744 4043 942 4098 dicitur
971 4042 1239 4097 exaltatus
1265 4055 1387 4096 esse
1409 4040 1587 4095 Jcsus.
1626 4040 1726 4096 Ubi
1761 4054 1890 4097 vero
1910 4039 2025 4095 Jor-

453 4139 608 4194 danis
640 4134 922 4200 transitur,
951 4135 1022 4190 ibi
1048 4133 1244 4188 dicitur
1270 4134 1338 4187 ad
1368 4131 1548 4187 Jesum
1571 4132 1618 4163 ⁸⁵
1642 4149 1655 4185 :
1687 4151 1704 4183 ι
1734 4132 1788 4186 In
1811 4133 1912 4187 hac
1939 4134 2024 4188 die

453 4231 654 4302 incipio
701 4229 943 4284 exaltare
989 4235 1041 4282 te
1094 4227 1147 4282 in
1200 4235 1491 4299 conspectu
1535 4225 1741 4295 populi.
1777 4244 1795 4278 ι
1839 4224 2023 4294 Neque

447 4325 591 4381 enim
618 4332 742 4378 ante
781 4323 1096 4393 mysterium
1144 4321 1394 4390 baptismi
1430 4319 1700 4376 exaltatur
1722 4320 1901 4385 Jesus,
1924 4321 2020 4376 sed

449 4416 703 4473 cxaltatio
730 4413 847 4484 ejus
875 4422 926 4470 et
969 4416 1225 4471 cxaltatio
1260 4416 1312 4469 in
1343 4427 1632 4486 conspectu
1674 4415 1852 4484 [δορυιὶ
1896 4415 2021 4469 inde

2147 1957 2252 2013 que
2274 1945 2326 2000 in
2352 1948 2767 2005 amaritudinem
2794 1953 3043 2022 proﬂuat,
3061 1971 3186 2025 pars
3210 1973 3337 2012 vero
3359 1959 3410 2012 in
3437 1959 3724 2015 dulcedine

2145 2049 2477 2104 perseveret.
2507 2037 2563 2094 Si
2598 2042 2741 2096 enim
2793 2059 2980 2100 omnes
3019 2049 3108 2116 qui
3148 2048 3517 2116 baptizantur,
3564 2068 3717 2106 accc-

2143 2136 2288 2196 ptam
2315 2130 2425 2202 (52)
2450 2134 2686 2189 caelestis
2723 2139 2910 2206 gratiae
2958 2139 3298 2195 dulcedinem
3340 2146 3673 2199 custodirent
3701 2185 3718 2211 ,

2153 2225 2209 2270 et
2242 2219 2420 2276 nullus
2463 2223 2512 2277 iu
2559 2235 2906 2292 peccatorum
2945 2230 3361 2286 amaritudinem
3393 2242 3717 2296 verteretur,

2143 2320 2248 2361 non
2281 2309 2466 2378 utique
2507 2323 2655 2368 esset
2686 2313 2950 2383 scriptum
2982 2318 3108 2386 quia
3155 2333 3281 2388 pars
3316 2318 3552 2376 ﬂuminis
3588 2322 3718 2377 salsi

2143 2398 2312 2453 maris
2348 2401 2649 2470 gurgitibus
2689 2403 2879 2460 fuisset
2920 2407 3192 2464 immersa.
3219 2409 3285 2464 Et
3323 2410 3441 2466 ideo
3475 2411 3604 2465 mihi
3638 2413 3718 2465 vi-

2141 2490 2299 2544 detur
2321 2491 2373 2545 in
2409 2492 2497 2548 his
2527 2494 2705 2548 verbis
2730 2495 3122 2566 baptizatorum
3149 2501 3385 2556 varietas
3419 2503 3715 2571 designari,

2139 2597 2299 2651 quam
2354 2584 2568 2653 quidem
2606 2601 2702 2640 nos
2739 2587 2901 2659 (quod
2930 2604 3049 2643 cum
3099 2591 3283 2646 dolore
3324 2596 3713 2666 commemoro)

2138 2687 2279 2744 saepe
2316 2675 2562 2731 videmus
2602 2677 2873 2743 accidere,
2906 2687 2964 2733 ut
2993 2680 3047 2734 hi
3079 2682 3169 2750 qui
3196 2691 3442 2736 sanctum
3477 2685 3590 2754 (55)
3627 2686 3714 2737 ba-

2137 2764 2334 2836 ptisma
2385 2777 2808 2837 consequuntur,
2868 2783 2989 2824 eum
3026 2786 3084 2826 se
3141 2787 3358 2827 rursum
3389 2775 3453 2828 ad
3499 2777 3709 2845 negotia

2138 2859 2320 2913 saeculi
2378 2868 2433 2913 et
2461 2859 2743 2914 illecebras
2783 2860 3062 2916 libidinum
3087 2864 3325 2929 tradunt,
3350 2875 3549 2920 etcum
3583 2882 3710 2920 ava-

2139 2947 2281 3003 ritiae
2305 2947 2510 3003 salsum
2548 2950 2798 3018 poculum
2839 2952 3046 3013 bibunt,
3078 2953 3129 3007 in
3162 2969 3224 3008 ea
3265 2970 3527 3024 aquarum
3557 2965 3708 3026 parte

2137 3037 2440 3094 formentur
2467 3039 2600 3112 (54),
2634 3054 2754 3109 qua:
2784 3041 2835 3094 in
2875 3056 3026 3096 mare
3055 3041 3289 3111 proﬂuit,
3317 3054 3476 3113 atque
3513 3045 3565 3098 in
3596 3047 3706 3100 sal-

2138 3130 2214 3183 sis
2246 3128 2500 3185 ﬂuctibus
2531 3132 2737 3200 deperit
2773 3149 2786 3185 :
2816 3145 2943 3200 pars
2978 3146 3108 3187 vero
3147 3131 3232 3186 illa
3271 3148 3391 3202 quae
3440 3149 3561 3192 cum
3603 3145 3709 3190 sta-

2135 3221 2343 3278 bilitate
2381 3230 2665 3292 permanet
2700 3232 2753 3277 et
2781 3223 3122 3278 dulcedinem
3153 3239 3304 3278 suam
3330 3238 3528 3290 servat,
3563 3227 3706 3281 desi-

2131 3321 2258 3382 gnet
2305 3327 2398 3366 eos
2433 3313 2524 3381 qui
2575 3321 2850 3382 acceptum
2889 3315 2978 3368 Dei
3016 3330 3210 3370 munus
3256 3316 3707 3373 indeclinabiliter

2133 3415 2337 3461 tenent.
2365 3405 2431 3460 Et
2457 3415 2604 3461 recte
2628 3422 2731 3461 una
2775 3423 2904 3476 pars
2941 3418 3024 3463 est
3061 3422 3246 3463 eorum
3278 3409 3366 3478 qui
3400 3409 3702 3469 salvantur,

2130 3498 2256 3567 quia
2292 3507 2346 3552 et
2379 3498 2534 3568 panis
2583 3515 2724 3554 unus
2771 3510 2874 3564 est,
2925 3500 3014 3568 qui
3043 3501 3108 3556 de
3141 3499 3281 3555 caelo
3321 3501 3618 3566 descendit,
3648 3509 3701 3555 ct

2131 3588 2225 3642 dat
2278 3587 2402 3642 huic
2450 3587 2651 3642 mundo
2700 3589 2891 3656 vitam,
2921 3597 2972 3644 et
3004 3591 3140 3646 ﬁdes
3165 3607 3268 3646 una
3297 3604 3402 3661 est,
3437 3603 3490 3648 et
3536 3609 3699 3648 unum

2129 3678 2418 3747 baptisma,
2451 3685 2508 3734 et
2557 3692 2696 3732 unus
2749 3679 2974 3747 spiritus
3006 3693 3112 3748 quo
3142 3693 3331 3736 omnes
3363 3690 3618 3750 petantur
3642 3681 3698 3735 in

2129 3771 2418 3841 baptismo,
2456 3779 2510 3825 et
2540 3784 2677 3826 unus
2706 3770 2845 3826 Deus
2872 3768 3033 3826 Pater
3070 3773 3332 3827 omnium.
3369 3772 3576 3828 Interea
3611 3787 3700 3828 sa-

2128 3862 2416 3917 cerdotalis
2466 3862 2602 3917 ordo
2641 3873 2726 3918 est
2762 3870 2815 3917 et
2857 3862 3153 3929 Leviticus,
3194 3865 3286 3933 qui
3318 3865 3420 3919 iter
3449 3866 3699 3920 ostendat

2127 3953 2322 4024 populo
2358 3955 2469 4023 Dei,
2501 3955 2590 4024 qui
2622 3955 2755 4009 exiit
2776 3956 2840 4010 de
2866 3955 3116 4026 Egyplo.
3154 3958 3254 4029 Ipsi
3276 3959 3419 4014 enim
3453 3967 3574 4013 sunt
3605 3959 3695 4026 qui

2126 4048 2356 4102 edocent
2403 4047 2658 4118 populum
2695 4047 2845 4101 exire
2891 4048 2954 4102 de
2999 4049 3264 4119 lEgypto,
3302 4051 3368 4104 de
3419 4050 3697 4105 erroribus

2124 4139 2332 4195 scilicet
2363 4139 2570 4205 mundi,
2615 4148 2668 4192 et
2698 4139 2864 4211 406
2914 4143 3146 4197 transire
3181 4157 3277 4212 per
3324 4156 3563 4198 eremum
3613 4157 3698 4195 va-

2124 4240 2304 4298 stam,
2367 4231 2420 4285 id
2457 4240 2537 4286 est
2584 4234 2942 4289 teutationum
2993 4248 3194 4304 genera
3250 4234 3462 4288 diversa
3524 4243 3698 4286 trans-

2123 4334 2382 4386 currere,
2435 4337 2611 4393 neque
2663 4325 2845 4380 noceri
2906 4340 2934 4378 a
2989 4325 3368 4392 serpentibus,
3417 4324 3507 4392 qui
3569 4330 3695 4377 sunt

2124 4429 2336 4471 morsus
2374 4417 2701 4485 daemonum,
2741 4429 2796 4472 et
2838 4417 3100 4471 malarum
3148 4417 3549 4487 suggestionum
3599 4430 3693 4469 ve-

450 4507 946 4563 sumitexordium.
976 4505 1032 4560 Si
1076 4507 1218 4560 enim
1249 4521 1438 4563 omnes
1463 4507 1554 4577 qui
1593 4505 1936 4577 baptizantur
1963 4508 2013 4560 in
2049 4532 2092 4586 ι)
2124 4522 2258 4562 neua
2300 4508 2491 4563 vitare.
2534 4508 2684 4575 Quod
2729 4509 2772 4564 si
2820 4509 3015 4577 aliquis
3063 4506 3200 4561 forte
3248 4519 3536 4577 percussus
3579 4505 3695 4558 fue-

450 4597 666 4652 Christo
696 4595 831 4666 (‘28),
858 4596 910 4651 in
937 4606 1112 4652 morte
1142 4596 1313 4665 ipsius
1339 4595 1710 4666 baptizantur,
1744 4611 1891 4651 mors
1921 4613 2018 4649 au-

450 4697 557 4741 tem
588 4683 714 4742 Jesu
747 4687 800 4742 in
845 4686 1025 4742 crucis
1068 4686 1403 4742 exultatione
1449 4687 1768 4758 completur,
1821 4689 2017 4742 merito

515 4804 561 4836 ⁸³
593 4801 711 4858 Isai.
747 4817 880 4867 xui,
903 4800 959 4866 2,
994 4801 1052 4855 5.
1123 4800 1169 4832 ⁸⁸
1199 4800 1338 4856 Psal.
1368 4817 1524 4868 cxnl,
1569 4802 1626 4867 5,
1663 4800 1716 4867 6,
1748 4800 1802 4867 7,
1837 4802 1890 4856 8.

520 4895 632 4966 (21)
666 4896 848 4952 Codex
897 4893 1285 4951 Gemeticensis
1334 4904 1387 4948 et
1431 4910 1570 4949 unus
1617 4894 2005 4955 Ebroicensis:

453 4988 471 5018 ι
511 4969 654 5022 itane
676 4967 973 5021 existimas.
1010 4985 1027 5017 ι

517 5037 628 5109 (22)
667 5035 928 5109 GemetiC.
960 5055 978 5089 ι
1016 5034 1366 5109 dereliquisti.
1401 5053 1420 5086 ι

516 5106 628 5175 (25)
670 5106 814 5161 ldem
837 5121 958 5162 cum
989 5121 1096 5160 uno
1136 5106 1444 5161 Ebroicensi
1481 5122 1537 5158 τι
1567 5106 1828 5162 confitens
1863 5123 1890 5160 a
1922 5123 2011 5162 sa~

443 5175 722 5238 ccrdutali,
761 5195 780 5228 i
814 5187 917 5232 etc.
952 5175 1118 5231 Paulo
1141 5189 1258 5246 post
1307 5177 1461 5230 codd.
1493 5175 1772 5246 Sangerm.
1813 5188 1868 5233 et
1907 5177 2013 5232 Ge-

448 5251 628 5303 metic.
662 5265 680 5298 (
725 5247 800 5301 illi
827 5262 960 5317 quos
995 5245 1155 5301 nosse
1199 5245 1280 5300 fas
1304 5255 1407 5300 est.
1437 5261 1459 5297 ι
1490 5245 1641 5300 Libb.
1677 5248 1803 5303 editi
1834 5265 1847 5303 :
1879 5268 1897 5300 ‹
1937 5249 2010 5302 illi

444 5319 640 5387 quibus
675 5333 830 5373 nosse
861 5318 940 5372 fas
963 5328 1064 5372 est.
1105 5335 1123 5369 ι

513 5389 624 5457 (24)
669 5388 817 5447 Mss..
849 5407 867 5440 ‹
908 5388 1150 5455 suscipit.
1193 5405 1210 5437 ι
1247 5384 1398 5439 l.ihh.
1433 5388 1560 5441 editi
1599 5403 1612 5439 :
1642 5407 1661 5440 ι
1696 5389 1952 5457 suscepit.
1987 5408 2004 5440 ι

511 5457 623 5527 (25)
667 5457 788 5522 Ms,
821 5459 1087 5514 Gemetic.
1120 5475 1137 5507 ι
1170 5459 1318 5527 quid.
1348 5476 1366 5507 ι
1405 5457 1559 5512 Libh.
1587 5459 1744 5512 editi:
1771 5478 1788 5509 ι
1824 5460 2007 5527 (μήθ.)

508 5526 621 5598 (26)
660 5529 928 5584 Gcmetic.
978 5539 1032 5582 et
1085 5544 1224 5581 unus
1282 5526 1671 5581 Ebroiccnsis:
1717 5548 1734 5579 ι
1784 5529 2007 5582 solidam

462 5608 668 5652 ietram.
708 5618 726 5649 ι

441 5613 668 5666 petram.
708 5618 726 5649 ι

666 5669 948 5744 Sangertn.
983 5669 1146 5744 tJuta
1181 5677 1282 5744 est.
1309 5686 1340 5744 _i_

512 5736 626 5861 (³28)
671 5738 732 5790 in
765 5736 992 5791 Christo.
1019 5737 1176 5790 Deest
1217 5737 1267 5787 in
1309 5736 1460 5789 libris
1499 5747 1655 5792 antea
1685 5739 1869 5793 editis.
1903 5736 2007 5793 Sed

440 5807 507 5861 ha
551 5817 668 5861 etur
702 5807 755 5860 in
782 5808 969 5861 codice
990 5807 1374 5861 Gemeticcnsi.

461 5823 507 5861 la

551 5817 668 5862 etur
702 5807 755 5860 in
782 5808 969 5862 codice
990 5807 1374 5863 Gemeticcnsi.

2126 4599 2196 4652 rit
2232 4599 2286 4654 in
2331 4614 2514 4655 eremo
2542 4615 2571 4653 a
2613 4608 2898 4670 serpente,
2944 4607 3005 4652 ut
3055 4597 3344 4653 ostendant
3392 4596 3439 4651 ei
3488 4611 3690 4651 aereum

2124 4701 2428 4762 serpentem
2473 4692 2611 4764 (55)
2645 4693 2696 4746 in
2752 4704 2913 4747 cruce
2961 4705 3283 4760 suspensum
3329 4705 3347 4743 :
3393 4705 3551 4762 quem
3597 4688 3690 4758 qui

1979 4803 2022 4834 ⁸⁵
2049 4802 2161 4860 Jns.
2187 4819 2267 4871 tu,
2294 4803 2347 4859 9.
2422 4803 2468 4834 ⁸⁸
2502 4799 2696 4872 Philip.
2718 4817 2781 4867 ll,
2811 4801 2865 4867 9,
2894 4798 2980 4856 10.

2185 4897 2297 4968 (29)
2338 4895 2490 4961 Mss,
2524 4914 2541 4947 ι
2581 4897 2911 4966 pervenitur.
2965 4913 2984 4947 ι
3022 4893 3178 4951 Libb.
3226 4894 3354 4952 editi
3387 4914 3400 4951 :
3435 4914 3455 4950 ι
3493 4910 3690 4965 perve-

2113 4969 2273 5020 nerit.
2297 4985 2314 5018 ι

2184 5036 2307 5106 (50)
2354 5036 2633 5105 Sangcrm.
2669 5048 2722 5090 et
2758 5051 2895 5090 unus
2933 5035 3276 5091 Ebroicensis
3305 5053 3318 5088 :
3352 5054 3370 5086 ι
3410 5033 3635 5091 ﬂuenta.
3662 5055 3682 5088 ι

2183 5106 2298 5172 (51)
2338 5106 2602 5160 Gcmetic.
2635 5117 2689 5160 et
2717 5122 2856 5160 unus
2893 5108 3114 5162 Ebroic.
3156 5123 3175 5157 ι
3211 5106 3446 5161 desiliet.
3485 5127 3503 5158 ι

2182 5177 2294 5245 (52)
2338 5177 2498 5230 lidem
2537 5194 2554 5226 ι
2585 5186 2882 5244 acceptam.
2909 5177 3097 5231 iLibb.
3129 5177 3295 5231 editi:
3335 5194 3354 5229 ε
3379 5186 3619 5245 accepta.
3659 5195 3680 5230 ι

2185 5248 2298 5317 (55)
2341 5247 2625 5315 Sangerm.
2661 5257 2716 5300 et
2745 5262 2885 5300 unus
2917 5248 3254 5302 Ebroiccnsis
3277 5261 3290 5302 :
3314 5262 3333 5298 ι
3363 5256 3631 5301 sane-tum.
3659 5265 3678 5296 ι

2115 5315 2267 5369 Lilib.
2296 5318 2427 5371 editi
2463 5334 2474 5367 :
2509 5334 2527 5366 ‹
2565 5317 2879 5371 secundum.
2920 5338 2936 5370 ο
2977 5317 3140 5370 Paulo
3179 5324 3297 5385 post
3351 5318 3488 5371 idem
3522 5331 3679 5380 mss.,

2115 5406 2132 5436 ε
2169 5387 2419 5442 illecebra
2458 5388 2761 5441 libidinum.
2802 5406 2819 5439 ι
2859 5388 3014 5443 Libb.
3056 5389 3183 5443 editi
3220 5403 3234 5440 :
3278 5406 3296 5439 t
3332 5387 3583 5442 illecebra
3617 5385 3683 5437 li-

2108 5458 2325 5513 bidinis.
2365 5481 2383 5508 ι

2179 5527 2289 5596 (54)
2334 5527 2481 5592 Mss,
2517 5544 2534 5577 ι
2575 5526 2891 5580 formentur.
2921 5547 2938 5579 ι
2976 5529 3036 5580 lit
3060 5528 3216 5594 paulo
3241 5535 3400 5596 post:
3440 5526 3490 5578 in
3524 5521 3682 5596 salsis

2106 5594 2357 5652 ﬂuctibus
2403 5598 2628 5664 deperit.
2675 5596 2832 5650 Libb.
2894 5600 3019 5650 cditi
3063 5594 3362 5667 [ii-meatur,
3409 5606 3463 5650 et
3517 5594 3675 5661 paulo

2110 5678 2228 5737 post
2261 5670 2312 5720 in
2343 5669 2498 5721 salsis
2523 5669 2767 5734 ﬂuctibus
2790 5667 2998 5736 difﬂuit.

2178 5740 2290 5808 (55)
2335 5739 2482 5800 Mss,
2527 5757 2544 5788 ι
2595 5753 2793 5791 asrcum
2840 5734 3167 5806 Serpentem.
3216 5759 3235 5789 ι
3290 5736 3441 5791 Libb.
3499 5734 3675 5791 editi:

2081 5825 2346 5863 (eremum
2370 5819 2698 5878 serpentem,
2734 5827 2752 5856 ι
2793 5809 2951 5861 male.
