4146 6438
503 405 609 459 8Δδ

1491 398 1554 451 ΙΝ
1586 396 1845 454 LIBRUM
1888 396 2053 453 JESU
2099 397 2285 451 NAVE
2316 393 2601 451 HOMILIA
2639 395 2702 451 V.

3663 397 3768 456 Siti

506 528 721 595 viderit,
767 525 821 581 id
865 531 948 580 est
980 524 1072 592 qui
1111 522 1403 579 crediderit
1456 523 1507 576 in
1569 538 1691 577 eum
1744 520 1898 591 cujus
1951 523 2088 592 ﬁgu-
2120 526 2164 581 Α
2194 520 2564 581 demoramur,
2592 518 2773 573 omnia
2797 533 2918 589 quae
2944 519 3011 573 ad
3044 520 3431 590 perfectionem
3465 524 3762 595 pertinent,

507 636 622 677 ram
664 632 887 690 serpens
942 617 1033 673 ille
1079 617 1457 676 monstrabat.
1524 615 1784 671 diabolica
1828 631 1923 683 per
1983 617 2085 669 hoc

512 727 715 769 venena
768 710 1031 780 dili'ugiet.
1080 707 1446 764 Saeerdotalis
1498 716 1551 762 et
1605 707 1881 761 Leviticns
1948 706 2086 760 ordo

504 817 628 870 est,
675 804 765 873 qui
820 811 961 859 astat
1001 800 1134 874 (36)
1177 815 1321 854 arca:
1373 800 1679 853 testamenti
1734 800 1978 863 Domini,
2032 799 2085 852 in

504 913 607 967 qua
668 896 749 951 lex
800 894 891 950 Dei
942 903 1190 964 portatur
1241 894 1359 948 sine
1410 892 1592 957 dubio,
1642 902 1698 946 ut
1741 892 1842 960 ipsi
1882 891 2084 945 illumi-

507 996 636 1041 nent
670 985 782 1054 (37)
808 984 1061 1055 populum
1089 985 1154 1039 de
1183 983 1453 1037 mandatis
1494 982 1609 1046 Dei,
1641 981 1783 1036 sicut
1813 983 2085 1051 Propheta

504 1076 641 1130 dicit
662 1073 1020 1128 ":«Lucerna
1064 1071 1289 1142 pedibus
1323 1069 1458 1125 meis
1502 1069 1728 1123 verbum
1770 1078 1940 1134 tuum,
1982 1069 2088 1123 Do-

505 1169 673 1231 mine,
701 1175 756 1221 et
786 1164 965 1218 lmnen
1012 1162 1225 1219 semitis
1276 1161 1428 1215 meis.
1456 1178 1475 1212 ο
1512 1159 1623 1213 iloc
1653 1159 1832 1214 lumen
1864 1174 1958 1229 per
2000 1175 2089 1215 sa-

503 1258 754 1311 cerdotes
782 1255 1101 1311 accenditur
1124 1263 1179 1309 et
1206 1252 1443 1308 Levilas.
1475 1251 1627 1318 Quod
1652 1253 1698 1305 si
1726 1250 1866 1305 forte
1889 1251 2090 1322 aliquis

505 1365 573 1403 ex
601 1351 702 1403 hoc
718 1347 835 1421 (38)
867 1347 1059 1403 ordine
1096 1360 1382 1402 accensam
1410 1345 1691 1398 lucernam
1723 1344 1963 1412 p05nerit
1986 1346 2089 1401 sub

508 1441 709 1505 modio,
734 1450 791 1496 et
822 1455 929 1495 non
956 1455 1119 1510 super
1157 1438 1567 1504 candelabrum,
1598 1446 1655 1491 ut
1688 1438 1867 1491 luceat
1906 1436 2088 1491 omni-

506 1533 609 1586 bus
634 1531 724 1602 qui
759 1533 810 1586 in
836 1532 993 1587 demo
1013 1540 1166 1586 sunt:
1206 1529 1378 1585 videat
1417 1530 1541 1597 quid
1568 1530 1672 1584 sibi
1697 1529 1963 1599 agendum
1995 1529 2089 1596 sit,

508 1640 629 1678 cum
662 1623 889 1678 Domino
914 1622 1049 1677 lucis
1072 1622 1301 1679 reddere
1342 1621 1568 1691 coeperit
1596 1622 1863 1675 rationem
1889 1634 1990 1688 pro
2027 1620 2093 1672 iis

504 1718 600 1785 qui
633 1716 765 1771 nihil
804 1716 1215 1771 illuminationis
1244 1733 1273 1769 a
1312 1715 1686 1771 sacerdotibus
1734 1713 2091 1783 eapientesin

510 1808 752 1865 tenebris
794 1808 1094 1873 ambuiant,
1130 1819 1187 1863 et
1234 1816 1583 1878 peccatorum
1626 1806 1959 1863 obscuritate
1989 1820 2094 1861 ete-

506 1910 721 1957 cantur.
1092 1958 1098 1963 .

579 1992 633 2045 '5.
679 1989 812 2046 Vide
846 1990 1080 2062 denique
1114 1992 1242 2061 quid
1277 1991 1408 2047 dicit
1428 1990 1516 2043 “:
1553 2008 1573 2042 ι
1608 1988 1862 2061 Populus,
1894 1988 2089 2060 inquit,

511 2090 568 2134 nt
586 2079 743 2152 longe
759 2082 831 2136 sit
848 2083 916 2137 ab
935 2098 1063 2137 arca
1087 2081 1392 2138 testamenti
1415 2082 1521 2137 duo
1537 2082 1706 2136 millia
1719 2081 2051 2137 cubitorum.
2066 2098 2086 2132 ι

510 2171 833 2228 Sacerdotes
883 2188 1013 2228 vero
1046 2185 1100 2228 et
1142 2173 1342 2228 Levitae
1384 2172 1637 2242 proximi,
1676 2182 1731 2228 et
1773 2173 1911 2229 satis
1966 2188 2092 2244 pro-

511 2263 665 2329 simi,
702 2263 773 2316 ita
814 2272 871 2318 ut
922 2265 1163 2320 humeris
1204 2265 1445 2334 ipsorqu
1492 2282 1621 2322 arca
1657 2265 1869 2321 Domini
1909 2277 1964 2321 et
2010 2266 2090 2321 le-

511 2353 730 2425 gislatio
769 2356 949 2411 divina
986 2367 1248 2426 portetur.
1287 2357 1437 2415 Beati
1464 2360 1557 2429 qui
1598 2369 1881 2417 merentur
1910 2360 2095 2430 proxi-

512 2447 584 2501 mi
626 2462 751 2503 esse
794 2449 925 2503 Dee.
979 2449 1084 2504 Sed
1140 2458 1413 2505 memento
1454 2454 1597 2521 quod
1647 2452 1911 2521 scriptum
1962 2460 2090 2507 est:

516 2555 537 2589 ι
569 2536 669 2605 Qui
699 2541 1076 2609 approximant
1116 2542 1665 2613 mihi,approximant
1696 2542 1825 2614 igni.
1852 2561 1873 2596 ι
1911 2541 1968 2597 Si
2000 2558 2095 2597 au-

512 2645 633 2686 rum
658 2632 741 2687 vel
773 2641 1058 2703 argentum
1095 2632 1295 2700 fueris,
1329 2644 1385 2689 et
1436 2635 1544 2705 igni
1586 2637 2053 2706 approximaveris
2076 2679 2090 2705 ,

512 2724 690 2780 multo
738 2740 836 2794 per
870 2726 1045 2797 ignem
1074 2726 1402 2795 splendidior
1431 2735 1485 2782 et
1522 2728 1832 2783 rutilantior
1869 2728 2094 2799 effulge-

514 2817 619 2871 bis.
658 2815 715 2871 Si
760 2832 882 2873 vero
906 2831 1071 2889 supra
1113 2817 1525 2873 fundamentum
1552 2820 1604 2874 in
1628 2828 1677 2875 te
1698 2818 1822 2876 fidei
1856 2821 2093 2891 positum

515 2910 769 2965 conscius
810 2909 905 2965 tibi
944 2924 1003 2966 es
1044 2911 1509 2980 supermdilicasse
1555 2922 1604 2967 te
1640 2912 1817 2985 ligna,
1868 2912 2051 2969 fenum
2078 2954 2093 2980 ,

514 3003 792 3074 stipulam,
832 3017 955 3058 cum
988 3004 1078 3058 tali
1126 3006 1485 3060 aedificatione
1512 3005 1556 3059 si
1602 3004 1713 3076 igni
1748 3008 2098 3076 approxima-

515 3096 684 3159 veris,
712 3096 1055 3151 consumeris
1080 3096 1143 3149 ⁸⁸.
1178 3095 1322 3150 Beati
1358 3096 1523 3165 igitur
1560 3097 1651 3166 qui
1690 3097 1921 3164 proximi
1947 3108 2094 3166 sunt,

2188 611 2507 666 festinemus
2540 610 2785 679 implere,
2808 620 2862 665 et
2894 610 2966 665 ita
2998 612 3213 667 demum
3237 616 3536 685 poterimus
3558 616 3767 673 decima

2188 704 2277 758 die
2334 703 2535 757 mensis
2586 701 2747 773 primi
2808 713 3011 755 terram
3067 705 3541 772 repromissionis,
3594 707 3644 760 id
3682 718 3769 765 est

2187 793 2579 849 beatitudinem
2619 790 2972 861 perfectionis
3002 793 3225 851 intrare.
3254 795 3430 852 Sedet
3450 798 3555 851 alia
3579 814 3767 869 quam-

2191 883 2419 953 plurima
2456 883 2501 937 si
2556 881 2842 952 diligenter
2870 881 3147 948 observes,
3195 886 3246 939 in
3279 887 3418 942 hanc
3449 890 3588 946 diem
3620 906 3772 947 reca-

2195 976 2418 1044 pitulari
2474 974 2882 1045 Scripturarum
2942 974 3203 1030 relatione
3252 979 3643 1048 deprehendes.
3696 985 3773 1040 De

2190 1068 2389 1140 quibus
2421 1068 2649 1139 singulis
2688 1069 2765 1122 uti
2799 1083 2865 1124 ne
2899 1082 3042 1125 nunc
3071 1068 3182 1141 (40)
3220 1086 3400 1128 sermo
3447 1077 3607 1133 nobis
3650 1078 3770 1149 plus

2191 1174 2354 1229 quam
2392 1160 2638 1216 volumus
2671 1160 2947 1225 dilatetur,
2977 1161 3078 1217 hoc
3110 1165 3454 1221 sentiendum
3477 1179 3562 1224 est
3593 1171 3658 1225 de
3685 1186 3772 1239 eo,

2193 1248 2336 1318 quod
2364 1250 2561 1319 saepius
2592 1250 2705 1306 dies
2734 1251 2834 1306 iste
2868 1252 3170 1319 repetitur:
3199 1256 3327 1324 quia
3352 1256 3475 1314 licet
3503 1263 3777 1331 generalis

2195 1343 2353 1397 nobis
2383 1344 2451 1398 sit
2482 1360 2585 1397 una
2613 1343 2896 1412 perfectio,
2923 1352 3101 1399 tamen
3129 1348 3426 1403 secundum
3455 1351 3565 1421 (41)
3586 1370 3779 1409 unani-

2196 1450 2469 1504 quamque
2519 1437 2753 1506 Speciem
2789 1438 3051 1491 virtutum
3080 1454 3244 1509 quam
3301 1444 3649 1511 aggredimur
3683 1462 3780 1502 ex-

2198 1526 2425 1596 plicare,
2450 1527 2495 1581 si
2517 1543 2633 1582 eam
2666 1530 2999 1597 potuerimus
3024 1533 3234 1597 integre
3267 1536 3612 1607 perfecteque
3633 1555 3781 1595 COIII-

2197 1619 2367 1688 plere,
2404 1629 2486 1675 est
2520 1621 2692 1690 ipsius
2723 1622 2941 1677 virtutis
2970 1640 3064 1678 sua
3100 1641 3318 1698 quoque
3346 1632 3611 1700 perfectio
3638 1632 3777 1705 (42).

2197 1710 2362 1767 Verbi
2390 1728 2577 1776 causa,
2598 1715 2639 1767 si
2667 1713 2713 1767 is
2740 1714 2832 1782 qui
2878 1715 3172 1771 iracundus
3197 1729 3300 1785 est,
3328 1722 3583 1779 virtutem
3626 1741 3780 1780 man-

2198 1805 2500 1861 suetudinis
2540 1806 2725 1874 cupiat
2768 1807 3017 1877 adipisci,
3058 1812 3176 1866 sine
3206 1813 3371 1868 dubio
3400 1816 3577 1885 primo
3606 1817 3779 1872 olfeno

2198 1896 2276 1951 dit
2308 1897 2360 1951 in
2388 1897 2593 1961 multis,
2621 1899 2792 1953 donec
2826 1899 2986 1967 longa
3032 1905 3387 1960 meditatione
3435 1922 3591 1961 usum
3623 1909 3778 1964 multi

2199 1990 2456 2059 temporis
2484 1991 2536 2044 in
2577 2000 2821 2046 naturam
2872 2005 3175 2051 convertat.
3202 1997 3269 2053 Et
3311 2013 3432 2053 cum
3482 1999 3781 2056 obtinuerit

2194 2081 2339 2151 quod
2390 2083 2707 2152 preposuit,
2745 2083 3064 2153 adipiscitur
3111 2089 3327 2158 quidem
3387 2090 3778 2160 perfectionem

2197 2173 2646 2239 mansuetudinis,
2681 2188 2787 2228 non
2818 2183 2994 2230 tamen
3028 2193 3093 2229 ex
3138 2178 3239 2232 hoc
3281 2180 3443 2234 etiam
3487 2182 3779 2251 perfectio-

2197 2280 2318 2320 nem
2352 2264 2607 2320 virtutum
2649 2268 2891 2321 omnium
2940 2268 3196 2337 possidet.
3244 2272 3333 2326 Sic
3373 2288 3499 2343 ergo
3541 2290 3636 2341 per
3673 2275 3780 2330 sin-

2196 2356 2350 2426 gulas
2382 2356 2611 2413 virtutes
2638 2356 2986 2413 inveniuntur
3022 2360 3200 2416 inultm
3232 2364 3614 2429 perfectiones.
3651 2364 3785 2420 Pcr-

2197 2448 2361 2504 fectio
2408 2464 2537 2504 vero
2585 2449 2856 2519 generalis
2904 2450 2991 2504 illa
3043 2462 3147 2516 est,
3196 2469 3316 2524 quae
3348 2456 3590 2511 οιιιιιίιιιιι
3638 2457 3690 2511 in
3725 2475 3784 2514 se

2197 2540 2591 2610 perfectionum
2642 2544 2888 2598 continet
2943 2560 3235 2600 summam.
3292 2546 3588 2617 Propterea
3651 2564 3782 2619 ergo

2198 2636 2366 2689 multa
2391 2636 2441 2689 in
2472 2636 2575 2691 bac
2598 2637 2682 2690 die
2710 2646 2857 2707 gesta
2891 2640 3343 2709 recapitulantur,
3364 2652 3421 2694 ut
3447 2641 3642 2696 multas
3665 2659 3786 2711 per-

2198 2726 2461 2783 fectiones
2483 2728 2549 2782 ad
2580 2743 2745 2782 unum
2800 2730 3018 2784 tendere
3073 2732 3380 2801 significent
3422 2735 3606 2801 finem,
3643 2738 3784 2791 sicut

2196 2828 2249 2873 et
2278 2817 2550 2890 PrOpbeta
2583 2819 2779 2873 dicit“
2810 2835 2824 2874 :
2863 2838 2881 2871 ι
2922 2819 3148 2875 Multum
3182 2827 3523 2895 peregrinata
3556 2839 3639 2882 est
3664 2829 3788 2882 ani—

2199 2925 2285 2964 ma
2321 2925 2461 2964 mea.
2486 2929 2503 2962 ι
2552 2909 2613 2963 Et
2648 2910 2841 2962 iterum
2857 2907 2935 2964 "z
2972 2928 2990 2959 ι
3022 2910 3156 2964 [)ιιιιι
3186 2914 3370 2968 dicunt
3399 2915 3527 2969 mihi
3558 2932 3652 2985 per
3678 2918 3788 2971 sin-

2196 3004 2351 3072 gulos
2385 3004 2500 3058 dies
2540 3020 2553 3057 :
2606 3003 2704 3058 Ubi
2756 3011 2836 3056 est
2886 3004 3025 3058 Deus
3079 3006 3257 3060 tuus?
3303 3008 3417 3062 bare
3451 3022 3785 3068 memoratus

2200 3109 2341 3159 sum,
2374 3104 2430 3148 et
2454 3094 2616 3149 effudi
2643 3095 2693 3148 in
2720 3111 2803 3149 me
2832 3095 3066 3148 animam
3101 3110 3275 3149 meam
3303 3112 3317 3149 :
3344 3098 3468 3166 quia
3505 3110 3786 3164 pertrans—

516 3197 571 3242 ct
599 3188 691 3256 qui
728 3189 798 3242 ita
826 3187 1059 3257 proximi
1104 3199 1255 3253 sunt,
1282 3197 1340 3241 ut
1370 3188 1509 3257 ignis
1548 3202 1641 3243 eos
1665 3188 1952 3255 illuminet,
1989 3206 2094 3245 non
2126 3213 2165 3269 ο
2200 3199 2318 3239 eam
2355 3185 2408 3238 in
2436 3184 2612 3239 locum
2645 3182 2977 3237 tabernaculi
3004 3182 3341 3238 admirabilis
3369 3201 3536 3255 usque
3569 3187 3682 3261 (45)
3716 3190 3784 3244 ad

517 3281 735 3334 adurat.
777 3279 1088 3335 Salvabitur
1124 3291 1302 3333 tamen
1332 3290 1387 3335 et
1419 3280 1603 3347 Israel,
1637 3282 1733 3336 sed
1757 3280 1914 3354 longe
1952 3284 2099 3354 posi-

518 3382 606 3429 tus
632 3372 950 3439 salvabitur,
975 3384 1028 3429 et
1052 3376 1153 3429 iter
1170 3384 1289 3444 aget
1309 3392 1412 3430 non
1436 3392 1531 3431 sua
1561 3378 1782 3442 virtute,
1803 3378 1897 3433 sed
1922 3379 2097 3434 admi-

518 3468 719 3523 niculis
747 3476 804 3523 et
835 3468 1174 3537 providentia
1197 3474 1564 3529 sacerdotum.

589 3564 643 3618 4.
683 3560 913 3629 Quando
956 3571 1138 3618 autem
1184 3564 1412 3619 veniunt
1460 3566 1529 3619 ad
1567 3567 1857 3621 transitum
1903 3564 2102 3641 Jorda-

518 3655 601 3711 nis
622 3653 998 3728 (‘59)?Notavi
1057 3656 1198 3712 enim
1225 3666 1282 3713 et
1330 3658 1433 3714 hoc
1456 3673 1566 3713 non
1609 3659 1729 3714 sine
1774 3673 1939 3715 causa
1978 3674 2100 3715 esse

518 3748 815 3817 signatum,
849 3757 907 3804 ut
937 3759 994 3803 et
1043 3756 1256 3822 tempus
1295 3751 1743 3820 distingueretur.
1778 3769 1797 3803 ι
1850 3748 2098 3820 Decima,

517 3842 694 3915 inquit
717 3844 786 3909 “,
824 3843 1030 3898 mensis
1063 3842 1251 3913 primi.
1290 3861 1309 3895 ι
1344 3844 1448 3899 Ista
1484 3846 1599 3912 ipsa
1630 3856 1715 3901 est
1743 3845 1885 3913 dies,
1918 3845 2099 3915 inqua

519 3946 574 3989 et
612 3935 1089 4011 agniniysterium
1120 3936 1542 4007 praecipiebatur
1575 3937 1629 3992 in
1657 3937 1913 4009 Egypto.
1944 3938 2102 3992 Deci—

522 4040 609 4080 ma
653 4025 741 4079 die
790 4025 988 4080 mensis
1019 4025 1182 4095 primi
1230 4036 1435 4083 terram
1480 4031 1921 4099 repromissionis
1954 4031 2102 4086 ince-

521 4119 655 4173 dunt
690 4133 704 4170 :
734 4116 876 4186 quod
933 4117 1063 4172 mihi
1100 4116 1259 4173 valde
1307 4119 1526 4178 beatum
1555 4123 1792 4189 videtur,
1816 4133 1875 4177 ut
1909 4124 2101 4179 eadem

520 4210 639 4281 ipsa
702 4210 790 4266 die
848 4226 956 4281 qua
1007 4228 1226 4270 errores
1276 4217 1399 4284 quis
1450 4215 1838 4286 subterfugerit
1893 4218 2099 4281 saeculi,

519 4306 684 4359 etiam
735 4314 935 4360 terram
986 4308 1430 4377 repromissionis
1464 4308 1673 4378 ingredi
1728 4317 2020 4374 mereatur,
2053 4311 2102 4363 id

518 4399 689 4453 estin
733 4399 836 4454 hac
885 4400 971 4454 die
1001 4415 1107 4469 qua
1149 4401 1200 4454 in
1242 4401 1343 4456 hoc
1396 4401 1594 4457 saeculo
1625 4401 1877 4456 vivimus.
1909 4399 2102 4456 Omnis

518 4493 665 4548 enim
694 4494 802 4548 vita
838 4505 1023 4550 nostra
1058 4512 1299 4565 praesens
1334 4498 1387 4551 in
1417 4512 1523 4551 uno
1553 4495 1642 4549 die
1676 4493 2011 4563 designatur.
2036 4495 2104 4549 Et

2202 3276 2418 3329 domum
2476 3274 2591 3337 Dei,
2630 3275 2682 3327 in
2718 3290 2846 3330 voce
2898 3274 3301 3337 exsultationis,
3336 3285 3386 3329 et
3425 3276 3786 3335 confessionis

2202 3377 2369 3417 sonus
2406 3362 2744 3432 epulantem.
2784 3383 2801 3415 ι
2846 3361 2971 3417 Post
3019 3362 3232 3417 labores
3267 3365 3409 3418 enim
3442 3374 3497 3420 et
3529 3370 3788 3425 tentatio-

2204 3468 2303 3509 nes
2326 3469 2464 3523 quas
2486 3455 2539 3509 in
2570 3454 2728 3525 hujus
2752 3457 2877 3510 vitae
2907 3470 3088 3511 eremo
3113 3456 3642 3532 pertulerimusﬁi),
3666 3472 3785 3530 p051

2205 3546 2495 3601 transitum
2524 3545 2695 3601 Rubri
2733 3548 2921 3613 maris,
2957 3558 3074 3617 post
3100 3544 3295 3601 fluenta
3326 3547 3599 3617 Jordanis,
3636 3555 3680 3608 si
3705 3555 3787 3607 di»

2204 3638 2296 3710 gni
2352 3637 2617 3693 fuerimus
2668 3648 2866 3693 terram
2922 3637 3357 3708 repromissionis
3410 3641 3633 3707 intrare,
3661 3659 3785 3698 cum

2204 3731 2390 3786 laetitia
2409 3730 2840 3787 etexsultatioue
2864 3733 3260 3800 perveniemus,
3285 3744 3572 3801 sequentes
3601 3750 3787 3790 sacer-

2205 3823 2360 3878 dotes
2406 3823 2618 3877 Domini
2657 3822 2857 3877 Christi
2911 3833 2965 3876 et
3002 3820 3303 3877 Salvatoris
3351 3825 3543 3890 nostri,
3573 3827 3659 3880 cui
3704 3838 3789 3881 cst

2205 3915 2375 3985 gloria
2403 3924 2455 3968 et
2483 3923 2727 3984 potestas
2759 3912 2813 3966 in
2846 3912 3040 3966 sarcula
3070 3914 3414 3968 saeculorum.
3449 3916 3643 3970 Arnen.

2797 4004 3080 4061 HOMILIA
3118 4006 3184 4061 ν.

2209 4098 2283 4152 De
2313 4098 2518 4150 duabus
2560 4113 2620 4150 nc
2648 4097 2802 4150 sentis
2852 4096 3116 4158 tribubus,
3147 4113 3265 4165 qua:
3306 4099 3627 4151 transierunt
3661 4100 3788 4153 Jor-

2276 4174 2485 4223 dnnem.
2524 4167 2589 4219 Et
2619 4168 2681 4220 de
2704 4165 3116 4235 leamqnomorlo
3147 4167 3395 4220 exultavit
3445 4184 3561 4219 eum
3608 4171 3788 4223 Denti—

2279 4255 2376 4291 nus
2394 4238 2449 4291 iu
2474 4246 2750 4304 conspectu
2774 4234 3007 4303 ﬁliorum
3030 4234 3222 4307 Israel.
3243 4235 3513 4300 Quomodo
3539 4239 3786 4307 papulum

2277 4308 2608 4361 circumcidit
2645 4308 2827 4360 cultris
2860 4306 3078 4375 petrim‘s
3101 4309 3355 4360 secundo.

2281 4402 2331 4455 l.
2392 4399 2465 4454 De
2514 4399 2581 4453 iis
2630 4397 2847 4467 quidem
2904 4398 2994 4467 qui
3064 4412 3215 4450 tnare
3281 4398 3523 4452 linisrum
3583 4409 3788 4455 trans-

2212 4489 2410 4555 ierunt,
2435 4490 2723 4562 Apostolus
2758 4490 2889 4545 dicit
2931 4491 2999 4555 ’³,
3032 4490 3153 4559 quia
3195 4507 3213 4540 ι
3271 4504 3459 4545 omnes
3512 4492 3562 4547 in
3624 4492 3788 4564 407

522 4586 644 4643 ideo
677 4591 967 4646 edocemur
1011 4554 1110 4663 per
1149 4592 1291 4648 istud
1326 4591 1669 4661 mysterium,
1702 4606 1767 4646 ne
1794 4554 1961 4643 vactus
2003 4601 2102 4641 no-
2138 4554 2181 4609 θ
2210 4585 2392 4656 Moyse
2421 4583 2672 4654 baptiZati
2710 4591 2836 4636 sunt
2875 4582 2928 4636 in
2977 4584 3120 4636 nube
3162 4591 3217 4635 et
3258 4582 3308 4634 in
3362 4582 3519 4640 mari.
3556 4604 3577 4637 ι
3603 4584 3679 4639 De
3728 4588 3790 4637 iis

519 4691 663 4737 stros
703 4692 762 4738 et
808 4699 971 4755 Opera
1023 4686 1250 4756 iustitia:
1297 4688 1350 4742 in
1399 4687 1699 4743 crastinum
1748 4682 2102 4746 diﬂeramus,

523 4779 616 4830 sed
650 4777 832 4843 hodie,
867 4779 919 4833 id
960 4790 1038 4834 est
1088 4782 1258 4836 donec
1305 4780 1557 4844 vivimus,
1588 4778 1765 4833 detrec
1808 4776 1862 4829 in
1905 4773 2105 4829 mundo

592 4870 635 4902 ⁸⁷
660 4868 804 4924 Psal.
839 4886 1029 4937 exvm,
1052 4872 1174 4928 105.
1248 4872 1422 4929 ImJos.
1452 4888 1533 4938 ιιι.
1560 4873 1615 4928 4.

523 4940 568 4971 ’³
599 4940 770 4994 lCor.
805 4957 859 5003 ι,
887 4942 943 4994 2.

604 5036 715 5103 (56)
747 5036 1028 5106 Sangerm.
1064 5054 1083 5087 ι
1119 5044 1277 5090 astat.
1325 5055 1339 5086 r
1378 5035 1529 5090 Libb.
1562 5034 1690 5089 editi
1716 5050 1733 5106 ξ
1765 5055 1783 5106 ι
1812 5035 2044 5106 adsistit.
2076 5052 2094 5084 ι

599 5108 710 5176 (5Ἰ)
741 5104 895 5176 Mss;
949 5127 967 5158 ι
1023 5116 1082 5160 ιιι
1126 5106 1227 5175 ipsi
1272 5106 1596 5161 illuminent.
1650 5125 1666 5155 ι
1716 5104 1871 5157 Libh.
1921 5104 2097 5159 editi:

527 5193 551 5230 ι
590 5174 645 5230 et
676 5174 774 5241 ipsi
807 5174 1178 5231 tlluminant.)

599 5243 711 5315 (38)
748 5244 939 5310 Mss.,r
973 5248 1113 5317 quod
1146 5248 1192 5301 si
1224 5246 1367 5318 forte
1394 5248 1595 5318 aliquis
1612 5263 1684 5302 ex
1714 5247 1836 5302 hoc.
1880 5265 1899 5298 ι
1933 5244 2099 5301 Libb.

524 5319 654 5374 editi
686 5334 699 5368 :
742 5332 762 5382 ι
799 5319 939 5382 quod
975 5320 1019 5373 si
1047 5317 1186 5371 alius
1212 5317 1352 5372 forte
1378 5334 1442 5372 ex
1486 5317 1606 5376 hoc.
1639 5338 1657 5368 ι

599 5387 711 5460 ('59)
739 5381 1061 5460 _Libb._editi
1100 5404 1158 5441 τι
1189 5387 1417 5455 Quando
1456 5388 1771 5443 autem?Ad
1807 5386 2101 5439 transitum

526 5456 805 5518 Iordanis.
844 5476 863 5507 ι
897 5458 1002 5512 Sed
1026 5473 1156 5512 mss.
1192 5470 1252 5513 ut
1287 5460 1341 5512 in
1372 5471 1558 5513 tmstro
1584 5468 1757 5513 textu.

597 5525 909 5653 (μὲᾠὶιιὺ.
941 5530 1073 5585 editi
1109 5546 1122 5582 :
1152 5549 1174 5582 ι
1204 5531 1579 5611 deprehendes
1613 5533 1679 5582 de
1709 5528 1863 5581 libris
1909 5527 2099 5611 singu-

599 5643 611 5653 .
704 5606 739 5651 ll
770 5613 836 5651 ne
871 5616 1035 5653 nunc.
1082 5620 1100 5652 ι
1136 5599 1314 5653 Codex
1343 5599 1605 5653 Genu-tte.
1640 5611 1695 5653 et
1722 5613 1857 5651 unus
1910 5597 2099 5648 labror-

526 5597 614 5655 lis.
655 5597 739 5653 Uti
770 5613 836 5651 ne
871 5616 1035 5655 nunc.
1082 5620 1100 5652 ι
1136 5597 1314 5656 Codex
1343 5599 1605 5655 Genu-tie.
1640 5611 1695 5654 et
1722 5613 1857 5651 unus
1910 5597 2103 5648 Ebroi-

525 5672 744 5725 censis:
780 5685 806 5739 t
838 5668 1237 5739 Deprehendes.
1276 5671 1332 5725 In
1385 5673 1581 5739 quibus
1627 5668 1854 5737 singulis
1902 5667 1987 5739 uti
2026 5682 2099 5739 ne

529 5757 688 5797 nunc.
723 5757 744 5789 ι
778 5737 1265 5811 δοΙιςΘτιιιδιιοιιείε
1300 5737 1423 5795 cum
1467 5741 1640 5797 altero
1677 5738 1990 5796 Ebroicensi
2022 5737 2099 5789 le-

528 5815 757 5868 ctionem
788 5820 965 5869 textus
990 5815 1158 5868 nostri
1189 5815 1410 5867 exhibet

596 5880 708 5953 (41)
728 5896 746 5928 ι
768 5884 1093 5942 Secundum.
1116 5902 1136 5938 ι
1158 5884 1316 5941 Deest
1348 5885 1401 5940 in
1430 5884 1581 5942 libris
1617 5890 1774 5938 anth
1799 5879 1983 5949 editis,
2003 5882 2098 5936 sed

1702 4869 1748 4901 "
1775 4869 1792 4926 Ι
1820 4865 2152 4936 Cor.tu,l2.
2226 4866 2272 4896 ⁹⁶
2294 4863 2410 4921 Jos.
2435 4881 2520 4932 ιιι,
2545 4865 2633 4920 l9.
2709 4866 2752 4896 ⁹¹
2779 4863 2924 4920 Psal.
2956 4881 3066 4932 crx,
3099 4865 3155 4920 6.

2213 4692 2343 4730 vero
2398 4677 2489 4746 qni
2545 4672 2836 4729 Iordanem
2902 4676 3238 4729 transierunt
3289 4675 3437 4746 (4’5),
3501 4693 3792 4745 possumus

2212 4772 2376 4826 etiam
2411 4785 2511 4826 nos
2545 4769 2708 4824 simili
2751 4770 2906 4825 modo
2935 4770 3309 4841 pronuntiare,
3337 4772 3462 4840 quia
3499 4786 3690 4827 otnnes
3739 4774 3790 4825 in

3246 4867 3290 4897 9’
3315 4866 3456 4921 Psal.
3498 4882 3632 4934 xui,
3656 4870 3708 4931 ὅ.
3729 4868 3784 4922 4.

2213 5039 2486 5101 reperitur
2520 5028 2569 5084 in
2593 5033 2778 5085 codice
2810 5030 3177 5086 Gemeticensi
3206 5042 3258 5087 et
3302 5046 3411 5086 uno
3448 5032 3784 5088 Ebroiccnsi.

2284 5100 2398 5169 (42)
2434 5102 2720 5171 Sangerm.
2756 5122 2773 5152 ι
2816 5116 3043 5170 quaque
3064 5103 3347 5171 perfectio.
3397 5122 3415 5152 ι

2280 5173 2396 5241 (ιδ)
2438 5173 2593 5227 Libh.
2632 5174 2763 5227 editi
2800 5190 2812 5224 :
2864 5190 2882 5222 ι
2917 5173 2969 5225 in
3002 5175 3120 5227 loco
3153 5172 3484 5227 tabernaculi
3522 5187 3711 5240 usque.
3760 5192 3778 5223 ι

2212 5244 2340 5298 Mss.
2370 5247 2656 5310 Sangerm.
2691 5254 2743 5296 et
2769 5244 3032 5297 Gcmelic.
3064 5255 3120 5297 ut
3146 5246 3200 5296 in
3228 5254 3416 5297 nostro
3448 5254 3618 5296 textL.
3646 5242 3786 5294 Pan~

2212 5316 2397 5383 lopost
2434 5315 2595 5367 iidem
2629 5330 2763 5368 mss.
2788 5333 2805 5364 ι
2836 5315 3351 5385 souusepulantum.
3383 5332 3401 5364 ι
3420 5312 3584 5367 Libh.
3609 5311 3737 5365 editi
3766 5329 3780 5365 :

2215 5405 2232 5436 ι
2274 5401 2440 5438 smnus
2472 5385 2761 5451 epulantis.
2798 5403 2819 5434 ο

2281 5454 2391 5527 (Μ)
2428 5455 2581 5527 Libb.
2610 5455 2738 5508 editi
2772 5472 2785 5506 :
2829 5471 2849 5507 ι
2891 5471 3028 5524 quas
3051 5455 3101 5505 in
3135 5451 3296 5527 huius
3326 5452 3509 5527 mundi
3533 5463 3776 5527 eremo.»

2207 5527 2263 5580 In
2289 5520 2482 5580 'co-lice
2516 5524 2882 5579 Genteticcnsi
2911 5520 3083 5577 'deest
3127 5543 3145 5573 ι
3184 5520 3365 5586 hujus,
3400 5539 3420 5573 ι
3464 5520 3515 5574 in
3543 5520 3783 5589 Sanger-

2208 5597 2451 5651 tnanensi
2481 5612 2578 5665 pro
2602 5614 2620 5644 ι
2654 5598 2894 5655 mundi,»
2932 5596 3123 5665 legitur
3151 5611 3167 5642 ι
3206 5592 3350 5643 vita}.
3384 5610 3405 5643 ι
3445 5661 3498 5665 -λ
3589 5662 3600 5665 _
3726 5658 3729 5663 η

2274 5668 2385 5738 (45)
2416 5661 2593 5721 (Index
2629 5662 3116 5738 Sangerntanensis
3144 5676 3267 5712 cum
3301 5676 3409 5715 uno
3443 5661 3781 5738 Ebrpicensi,

2212 5757 2230 5788 ι
2271 5731 2621 5791 transierunt.
2655 5754 2672 5785 ι
2704 5731 2856 5787 Libb.
2889 5734 3043 5795 editi,
3078 5750 3095 5783 ι
3134 5741 3435 5789 transeunt.
3470 5750 3490 5785 ι
3520 5731 3781 5788 Neutrum

2210 5810 2476 5878 reperitur
2511 5810 2562 5862 in
2597 5802 2977 5861 (Semcticcnsi.
