4146 6408
378 408 481 463 δι’]

1870 400 2195 458 ORIGENIS

3555 408 3658 462 813

376 526 504 581 .lesu
544 524 797 596 baptizati
852 532 977 580 sunt
1019 522 1069 577 in
1111 520 1385 577 Iordane:
1426 521 1498 575 ita
1545 530 1604 575 ut
1651 536 1714 576 ea
1753 536 1875 592 qua:
1914 522 1965 575 in
1998 526 2043 581 A
2074 520 2237 575 Vides
2269 534 2400 589 ergo
2448 517 2573 589 quia
2627 516 2823 571 Paulus
2870 519 3151 574 accinctos
3197 521 3346 575 novit
3396 537 3510 587 eos,
3569 526 3659 593 qui

374 617 613 673 Jordane
652 628 804 689 gesta
840 616 1176 681 referuntur,
1226 613 1454 671 formam
1508 623 1726 670 teneant
1774 630 1963 671 sacra-

374 711 562 777 menti,
593 710 735 780 quod
768 725 865 779 per
916 710 1243 778 baptismum
1294 708 1620 763 celebratur.
1658 707 1793 763 Illud
1831 726 1961 765 vero

372 803 515 872 quod
547 803 807 870 scriptum
836 810 919 855 est
944 799 990 832 ⁸⁵
1026 817 1039 853 :
1074 819 1093 851 ι
1130 800 1195 854 Et
1222 798 1501 855 festinavit
1526 800 1754 869 populus
1786 810 1962 856 trans-

372 894 453 948 ire
491 892 603 963 (46)
637 892 952 957 Jordanem,
986 902 1038 947 et
1078 891 1276 946 factum
1306 898 1390 945 est
1420 906 1543 945 cum
1576 892 1963 960 pertransisset

369 986 549 1040 omnis
573 985 819 1055 populus,
844 984 1060 1039 transiit
1083 992 1137 1039 et
1164 999 1291 1037 arca
1316 985 1628 1039 testamenti
1660 986 1892 1052 Domini,
1935 1006 1954 1040 ι

373 1092 479 1131 non
513 1076 643 1131 mihi
672 1077 846 1131 otiose
891 1074 1135 1131 additum
1180 1076 1395 1133 videtur
1434 1094 1462 1131 a
1517 1076 1721 1146 Spiritu
1769 1088 1962 1134 sancto

370 1170 513 1239 quod
543 1170 683 1224 dixit
712 1170 837 1239 quia
867 1170 1145 1226 festinavit
1179 1171 1410 1242 populus
1443 1174 1693 1228 transire.
1722 1173 1877 1230 Unde
1907 1183 1962 1230 et

368 1274 470 1329 ego
505 1260 763 1323 arbitror,
793 1262 916 1330 quia
954 1264 1113 1319 nobis
1138 1278 1357 1333 quoque
1387 1264 1732 1320 venientibus
1765 1266 1830 1319 ad
1866 1266 1960 1319 ba-

370 1350 629 1417 ptisnmm
676 1352 1002 1416 salutarem,
1057 1363 1112 1408 et
1154 1353 1575 1424 suscipientibus
1614 1366 1959 1412 sacramenta

373 1441 523 1494 verbi
580 1441 696 1505 Dei,
749 1458 855 1495 non
918 1444 1091 1498 otiose
1148 1458 1247 1499 nec
1302 1445 1546 1515 segniter
1584 1461 1670 1500 res
1722 1448 1957 1517 gerenda

369 1542 452 1587 est
474 1533 606 1605 (47),
632 1534 725 1589 sed
752 1534 1119 1591 festinandum
1143 1546 1228 1590 est
1256 1544 1310 1589 et
1332 1536 1734 1606 perurgendum
1764 1552 1959 1607 usque-

370 1642 478 1698 quo
513 1629 694 1682 omnia
732 1638 1091 1683 transeamus.
1126 1627 1387 1684 Transire
1431 1629 1575 1683 enim
1607 1630 1813 1695 omnia,
1852 1631 1956 1685 im-

371 1720 520 1789 plere
552 1730 635 1776 est
669 1722 853 1775 omnia
895 1736 1014 1791 qua:
1051 1724 1405 1778 mandantur.
1442 1721 1787 1778 Festinemus
1828 1739 1958 1795 ergo

370 1816 623 1879 transire,
679 1815 730 1869 id
781 1823 865 1869 est
919 1815 1218 1884 adimplere
1273 1816 1449 1885 primo
1500 1816 1642 1885 quod
1694 1816 1955 1885 scriptum

2070 613 2348 680 praecincti
2382 621 2510 666 sunt
2557 609 2774 679 cingulo
2817 612 3082 667 veritatis.
3135 612 3304 682 Igitur
3343 616 3507 668 etiam
3561 632 3661 669 no-

2072 712 2244 757 strum
2277 718 2398 759 esse
2419 703 2690 771 cingulum
2709 704 2908 758 veritas
2925 706 3101 771 debet,
3133 707 3176 761 si
3207 714 3385 761 tamen
3411 723 3663 763 servave-

2071 796 2242 851 rimus
2296 797 2505 852 militia:
2565 798 2725 869 hujus
2774 810 2829 855 et
2877 800 3077 871 cinguli
3125 810 3552 855 sacramentum.
3600 800 3657 854 Si

2071 890 2218 944 enim
2250 890 2453 945 veritas
2482 900 2567 946 est
2604 892 2878 963 cingulum
2911 902 3160 946 nostrum
3201 907 3308 960 quo
3353 893 3419 945 ad
3454 892 3658 945 Christi

2069 983 2318 1037 militiam
2367 984 2662 1054 cingimur,
2691 983 2978 1054 siquando
3034 983 3226 1038 falsum
3282 984 3575 1053 loquimur,
3606 994 3662 1038 ct

2070 1077 2417 1131 mendacium
2463 1077 2528 1131 de
2584 1092 2680 1133 ore
2733 1084 2922 1131 nostro
2974 1076 3259 1146 procedit,
3305 1078 3659 1147 diseingimur

2069 1183 2097 1221 a
2149 1168 2337 1222 militia
2384 1168 2629 1233 Christi,
2677 1178 2731 1222 et
2779 1167 2960 1224 balteo
3012 1168 3258 1223 veritatis
3301 1168 3655 1224 exsolvimur.

2070 1259 2208 1329 Ergo
2242 1259 2286 1314 si
2326 1259 2377 1313 in
2414 1260 2646 1315 veritate
2681 1274 2901 1324 sumus,
2950 1274 3137 1313 sumus
3182 1259 3345 1315 cincti
3385 1279 3398 1315 :
3438 1260 3481 1313 si
3531 1276 3659 1313 vero

2068 1351 2123 1404 in
2156 1348 2417 1416 falsitate,
2450 1352 2724 1407 discincti.
2751 1351 2857 1408 Sed
2884 1367 2983 1407 nos
3017 1352 3293 1407 imitemur
3323 1352 3499 1422 potius
3527 1352 3658 1407 istos

2068 1441 2429 1511 quadraginta
2463 1444 2629 1498 millia
2665 1446 2809 1502 viros
2841 1450 3118 1503 accinctos
3151 1446 3509 1516 procedentes
3542 1445 3657 1513 (51)

2068 1534 2133 1588 ad
2168 1534 2367 1589 bellum
2399 1534 2450 1588 in
2490 1548 2780 1605 conspectu
2812 1540 3045 1605 Domini,
3078 1550 3131 1593 et
3164 1553 3379 1607 semper
3405 1538 3577 1593 simus
3606 1538 3656 1589 in

2068 1627 2295 1681 veritate
2335 1628 2625 1683 succincti.
2660 1629 2763 1683 Sed
2798 1647 2864 1686 ne
2906 1633 3033 1685 illud
3070 1633 3284 1700 quidem
3318 1632 3494 1685 otiose
3522 1646 3658 1700 prae-

2068 1726 2215 1771 tereo
2268 1718 2409 1786 quod
2462 1719 2612 1773 addit
2652 1721 2959 1788 Scriptura,
3006 1721 3132 1791 quia
3186 1721 3415 1775 accincti
3468 1733 3657 1787 procc-

2066 1808 2197 1862 dnnt
2226 1808 2338 1880 (52)
2374 1810 2424 1862 in
2451 1821 2744 1880 conspectu
2778 1810 3010 1866 Domini.
3047 1812 3160 1865 Non
3198 1812 3340 1865 enim
3383 1808 3577 1863 sufficit
3606 1820 3656 1862 te.

368 1910 449 1956 est
483 1902 597 1972 (48)
627 1918 641 1955 :
678 1919 695 1953 ι
742 1902 893 1956 Beati
930 1917 1193 1972 pauperes
1231 1905 1425 1974 spiritu
1450 1904 1531 1970 ’5;
1573 1920 1591 1953 ι
1619 1914 1676 1958 ut
1706 1905 1953 1975 deposita
1987 1900 2029 1953 Β
2059 1905 2202 1972 apud
2248 1905 2493 1959 homines
2529 1905 2700 1959 videri
2761 1920 2985 1960 servare
3032 1906 3337 1958 veritatem.
3390 1901 3657 1955 Possibile

365 1994 513 2048 mnni
542 1995 874 2065 arrogantia,
899 2006 955 2050 et
979 1995 1182 2052 Christi
1214 1997 1524 2052 humilitate
1551 2008 1804 2067 suscepta
1835 2015 1959 2069 per-

371 2088 553 2143 venire
610 2089 677 2143 ad
735 2089 1127 2159 repromissam
1182 2091 1576 2146 beatitudinem
1624 2107 1953 2147 mereamur.

366 2181 472 2236 Sed
502 2190 555 2235 et
583 2196 707 2236 cum
742 2180 856 2237 hac
901 2181 1331 2251 impleverimus,
1358 2198 1463 2238 non
1512 2182 1669 2239 nobis
1701 2186 1952 2239 standum

362 2283 444 2327 est
488 2288 664 2343 neque
700 2273 1051 2339 cessandum,
1086 2275 1182 2329 sed
1222 2275 1556 2329 transeunda
1588 2286 1713 2330 sunt
1755 2287 1811 2331 et
1852 2292 1956 2331 cae-

365 2376 481 2421 tera
506 2382 625 2436 quze
655 2376 982 2436 sequuntur,
1011 2375 1069 2420 ut
1094 2366 1403 2422 esuriamus
1437 2377 1491 2422 et
1524 2369 1772 2424 sitiamus
1793 2369 1955 2437 justi-

364 2456 517 2512 tiam.
554 2454 971 2511 Transeundum
1008 2456 1165 2512 nobis
1197 2466 1282 2513 est
1320 2460 1462 2527 quod
1506 2461 1774 2529 sequitur,
1806 2471 1865 2515 ut
1900 2463 1952 2517 in

366 2548 469 2602 hoc
493 2548 693 2602 mundo
718 2547 1022 2616 lugeamus.
1049 2549 1173 2604 Cito
1195 2549 1359 2604 etiam
1390 2551 1594 2621 reliqua
1624 2556 1952 2609 transeunda

365 2649 513 2703 Sunt,
551 2650 611 2693 ut
650 2641 914 2694 mansueti
953 2640 1272 2707 efﬁciamur,
1296 2653 1350 2698 et
1386 2653 1444 2698 ut
1491 2646 1701 2714 pacilici
1735 2662 1955 2702 manea-

366 2748 506 2796 mus,
538 2742 589 2785 nt
624 2748 722 2802 per
757 2733 860 2789 hoc
886 2733 977 2788 lilii
1004 2736 1096 2789 Dei
1125 2737 1304 2791 vocari
1341 2739 1631 2808 possimus.
1666 2739 1956 2796 Festinan-

363 2825 488 2878 dum
517 2840 732 2893 quoque
756 2826 911 2881 nobis
937 2837 1039 2892 est,
1073 2838 1129 2882 ut
1156 2829 1591 2897 persecutionum
1625 2832 1955 2902 (59}tempus

362 2914 566 2971 virtute
593 2916 868 2985 patientia
901 2927 1268 2973 transeamus.
1302 2920 1548 2991 Cumque
1581 2924 1697 2979 hate
1740 2927 1953 2994 singula

361 3019 481 3071 quae
512 3006 576 3059 ad
614 3005 832 3061 virtutis
876 3007 1105 3077 gloriam
1139 3020 1403 3078 spectant,
1440 3028 1543 3066 non
1585 3017 1825 3083 segniter
1856 3034 1955 3073 nec

365 3098 611 3161 remisse,
634 3099 727 3153 sed
766 3116 888 3153 cum
921 3100 1066 3155 omni
1100 3101 1354 3156 instantia
1400 3115 1453 3158 et
1503 3106 1785 3162 celeritate
1822 3125 1953 3165 con-

360 3189 708 3259 quisierimus
743 3188 879 3263 (50),
916 3194 1017 3247 hoc
1055 3194 1184 3248 mihi
1220 3197 1432 3250 videtur
1482 3212 1602 3253 esse
1641 3216 1763 3254 cum
1800 3202 1951 3257 festi-

361 3284 579 3338 natione
611 3286 848 3341 transire
876 3285 1193 3341 Jordanem.
1220 3289 1352 3344 Cum
1389 3306 1520 3346 vero
1550 3288 1961 3364 transierhnus,

360 3385 415 3428 et
440 3376 690 3431 obtinere
720 3378 1058 3446 potuerimus
1090 3396 1207 3450 qua:
1235 3383 1482 3438 obtinere
1518 3385 1803 3457 debemus,
1834 3407 1953 3444 rur-

358 3482 479 3523 sum
515 3470 670 3524 nobis
697 3470 990 3539 diligentia:
1038 3483 1092 3527 et
1146 3474 1373 3529 cautehe
1407 3490 1535 3531 cura
1584 3482 1848 3547 succedit,
1884 3474 1955 3537 ne

359 3561 502 3617 forte
537 3562 898 3634 negligentius
938 3564 1272 3636 incedentes,
1304 3569 1601 3640 improviso
1647 3572 1832 3642 aliquo
1875 3573 1954 3627 la-

360 3670 461 3722 psu
496 3654 842 3709 effundantur
881 3673 1101 3727 gressus
1148 3660 1357 3726 nostri,
1414 3663 1557 3717 sicut
1595 3672 1650 3718 et
1684 3663 1952 3735 Propheta

362 3746 495 3802 dicit
518 3748 566 3779 ’°
602 3767 614 3803 :
651 3768 668 3800 ι
706 3746 1056 3807 Paulominus
1100 3752 1256 3808 effusi
1320 3764 1448 3808 sunt
1497 3770 1718 3824 gressus
1760 3760 1889 3813 mei.
1927 3778 1946 3811 ι

362 3836 473 3893 Nec
528 3840 808 3896 remissior
860 3843 1016 3897 nobis
1061 3841 1371 3897 sollicitudo
1420 3844 1472 3898 in
1521 3849 1948 3915 conservandis,

362 3945 523 3998 quam
558 3932 612 3984 in
646 3931 1036 4001 conquirendis
1064 3933 1222 3988 debet
1248 3950 1371 3990 esse
1402 3936 1719 3999 virtutibus.

430 4022 484 4075 2.
515 4022 597 4076 Λιι
634 4039 737 4078 non
768 4025 880 4080 haec
922 4026 1017 4081 tibi
1047 4028 1319 4099 designari
1350 4029 1603 4084 videntur
1630 4031 1683 4085 in
1718 4046 1783 4087 eo
1805 4036 1948 4103 quod

361 4114 559 4170 dicitur
587 4116 653 4183 9",
681 4119 807 4187 quia
839 4138 859 4169 ι
900 4121 1257 4189 quadraginta
1295 4121 1461 4177 millia
1495 4124 1733 4179 virorum
1767 4127 1950 4182 accin-

360 4207 453 4272 cti,
502 4227 521 4260 ι
558 4210 639 4263 vel
673 4228 691 4261 ι
730 4212 963 4281 expediti
996 4214 1333 4268 transierunt
1364 4216 1431 4269 ad
1458 4232 1695 4287 pugnam
1732 4219 1786 4273 in
1818 4234 1949 4275 con-

362 4310 547 4366 spectu
574 4302 783 4357 Domini
806 4305 873 4359 ad
901 4306 1312 4375 expugnandam
1337 4305 1557 4363 Jerieho
1581 4308 1892 4366 civitatem?
1922 4330 1940 4364 ι

362 4394 721 4463 llequiramus
747 4399 839 4469 qui
873 4401 961 4455 isti
1010 4411 1158 4473 sunt,
1190 4417 1328 4473 quos
1376 4401 1660 4468 Scriptura
1686 4405 1817 4459 dicit
1857 4419 1948 4461 ae-

358 4485 569 4542 cinctos
604 4488 687 4541 vel
736 4492 1040 4557 expeditos.
1090 4480 1202 4562 Ego
1244 4508 1309 4547 ex
1359 4490 1566 4561 meipso
1614 4509 1948 4562 praesumere

2061 2012 2295 2065 namque
2317 2006 2398 2051 est
2432 1996 2619 2051 fallere
2663 1996 2933 2063 homines,
2957 2007 3010 2051 et
3055 2011 3303 2050 veracem
3338 1994 3529 2059 videri,
3560 1993 3655 2047 sed

2062 2104 2169 2143 non
2202 2104 2268 2143 ex
2298 2104 2363 2143 eo
2398 2088 2451 2141 in
2481 2088 2715 2142 veritate
2745 2089 3058 2143 succinctus
3100 2103 3179 2152 es,
3229 2087 3330 2140 nisi
3359 2095 3412 2140 et
3436 2086 3489 2138 in
3526 2100 3653 2138 eon-

2058 2193 2245 2251 spectu
2306 2181 2521 2236 Domini
2570 2184 2879 2238 servaveris
2936 2182 3246 2243 veritatem,
3295 2180 3345 2233 id
3392 2189 3495 2242 est,
3544 2193 3651 2230 non

2058 2278 2236 2333 solum
2273 2294 2391 2347 quae
2420 2292 2555 2333 voce
2590 2277 2837 2334 homines
2871 2280 3121 2343 audiunt,
3147 2278 3239 2331 sed
3274 2284 3329 2329 et
3356 2288 3417 2327 ea
3448 2289 3572 2343 qua:
3597 2272 3649 2324 in

2057 2371 2225 2425 corde
2253 2370 2511 2439 perspicit
2540 2371 2707 2435 Deus,
2741 2379 2800 2425 ut
2829 2371 2963 2426 nihil
2994 2372 3063 2426 sit
3102 2371 3153 2425 in
3186 2368 3349 2424 corde
3385 2367 3648 2431 fueatnm,

2060 2464 2362 2518 secundum
2410 2467 2554 2534 quod
2589 2463 2859 2534 Propheta
2891 2464 3019 2520 dicit
3052 2470 3117 2517 de
3160 2463 3354 2517 talibus
3374 2462 3459 2515 ";
3494 2480 3511 2513 ι
3550 2460 3650 2526 Qui

2058 2556 2351 2624 loquuntur
2405 2572 2593 2625 pacem
2643 2574 2766 2613 cum
2820 2558 3067 2625 proximo
3105 2572 3222 2617 suo,
3272 2554 3411 2609 mala
3466 2564 3647 2607 autem

2056 2657 2181 2702 sunt
2210 2648 2262 2702 in
2296 2649 2554 2704 cordibus
2577 2664 2787 2723 eorum.
2825 2669 2844 2700 ι
2875 2650 3093 2718 Absque
3123 2649 3207 2701 his
3234 2663 3363 2716 ergo
3398 2646 3650 2701 omnibus

2056 2755 2179 2794 esse
2211 2740 2374 2795 debet
2398 2742 2487 2810 qui
2526 2742 2639 2795 vult
2684 2741 2966 2795 accinctus
3016 2740 3069 2793 in
3105 2746 3395 2807 conspectu
3436 2736 3648 2790 Domini

2058 2834 2353 2903 procedere
2399 2836 2463 2888 ad
2509 2834 2927 2905 expugnandam
2978 2831 3231 2897 Jericho,
3288 2831 3414 2898 quia
3465 2840 3648 2883 trans-

2059 2934 2251 2979 euntes
2283 2924 2577 2980 Jordanem
2611 2925 2835 2980 ﬂuvium
2867 2927 2933 2979 ad
2969 2938 3179 2995 pugnas
3208 2933 3258 2978 et
3302 2923 3439 2977 bella
3474 2932 3655 2975 trans-

2059 3018 2221 3073 imus.
2258 3019 2353 3073 V’is
2385 3019 2580 3074 iterum
2617 3020 2829 3074 discere
2861 3034 2981 3086 qum
3021 3033 3120 3071 nos
3170 3032 3360 3087 pugna:
3402 3024 3525 3084 post
3559 3015 3651 3067 ba-

2057 3112 2338 3179 ptismum,
2380 3127 2500 3180 qua:
2531 3110 2673 3166 bella
2714 3110 3051 3180 suscipiunt?
3082 3109 3197 3163 Noli
3242 3123 3271 3161 a
3305 3123 3408 3168 me,
3454 3107 3547 3161 sed
3585 3107 3652 3160 ab

2060 3204 2177 3270 ipso
2207 3218 2393 3257 rursus
2421 3204 2571 3258 disce
2620 3201 2861 3271 apostolo
2910 3200 3099 3266 Paulo,
3134 3202 3249 3271 ipse
3284 3208 3334 3253 te
3375 3200 3534 3254 docet
3567 3198 3651 3251 di-

2060 3310 2191 3349 cens
2216 3297 2231 3326 ¹
2266 3315 2278 3350 :
2314 3315 2333 3346 ι
2374 3296 2488 3350 Non
2518 3296 2662 3351 enim
2702 3294 2857 3349 nobis
2888 3310 3067 3365 pugna
3118 3304 3199 3347 est
3239 3294 3499 3348 adversus
3532 3308 3652 3345 car-

2057 3370 2182 3441 nem
2212 3398 2266 3443 et
2305 3388 2648 3458 sanguinem,
2682 3387 2776 3441 sed
2806 3387 3067 3440 adversus
3098 3384 3434 3455 principatus
3474 3394 3527 3438 ct
3558 3385 3653 3437 ad-

2058 3496 2247 3535 versus
2288 3490 2608 3550 potestates,
2659 3481 2921 3532 adversus
2970 3476 3127 3545 hujus
3176 3477 3357 3529 nmndi
3408 3485 3650 3530 rectores

2060 3572 2407 3626 tenebrarum
2448 3573 2663 3635 harum,
2694 3572 2953 3624 adversus
2996 3568 3259 3637 spiritalia
3308 3568 3561 3636 nequitize
3596 3568 3650 3621 in

2057 3662 2389 3721 caelestibus.
2424 3683 2441 3715 ι
2466 3663 2676 3718 Forma:
2699 3672 2820 3717 sunt
2845 3670 2900 3715 et
2927 3661 3111 3729 ligurze
3132 3676 3252 3731 qtne
3273 3662 3475 3729 scripta
3500 3671 3647 3715 sunt.

2056 3758 2133 3812 lta
2172 3759 2317 3811 enim
2354 3755 2489 3810 dicit
2518 3754 2811 3823 Apostolus
2837 3754 2856 3784 ²
2891 3767 2906 3807 :
2940 3772 2957 3805 ι
2994 3752 3119 3809 llaec
3164 3754 3308 3807 enim
3368 3753 3549 3807 omnia
3595 3752 3647 3803 in

2056 3852 2231 3922 figura
2279 3849 2668 3919 contingebant
2723 3847 2863 3901 illis:
2893 3848 3096 3916 scripta
3138 3858 3263 3900 sunt
3302 3856 3482 3901 autem
3522 3860 3647 3913 pro-

2053 3954 2174 4014 pter
2218 3959 2316 3998 nos
2369 3944 2503 4011 (55),
2562 3942 2612 3996 in
2657 3956 2795 4012 quos
2854 3942 2988 3996 flues
3032 3940 3351 3996 saeculorum
3420 3942 3649 3996 devene-

2055 4048 2202 4091 runt.
2253 4055 2269 4088 ι
2304 4036 2360 4089 Si
2390 4049 2519 4104 ergo
2550 4042 2773 4102 propter
2809 4049 2905 4087 nos
2950 4032 3152 4101 scripta
3200 4043 3348 4098 sunt,
3378 4047 3478 4103 age
3519 4033 3647 4101 quid

2054 4130 2275 4185 cessas?
2318 4128 2588 4183 Excamus
2616 4127 2681 4180 ad
2721 4125 2943 4189 bellum,
2974 4136 3031 4178 ut
3059 4134 3397 4194 expugnetur
3426 4140 3455 4178 a
3492 4127 3645 4179 nobis

2051 4223 2247 4277 civitas
2278 4222 2438 4289 hujus
2470 4219 2656 4274 mundi
2686 4218 2903 4273 malitia,-
2933 4217 3068 4289 (54),
3098 4226 3155 4270 ut
3187 4218 3391 4286 peccati
3416 4219 3645 4286 superba

2053 4315 2251 4369 mmnia
2293 4315 2662 4369 destruantur.
2697 4311 3084 4379 Circumspicis
3117 4310 3254 4365 forte
3283 4325 3393 4378 quo
3424 4310 3518 4365 tibi
3555 4310 3644 4362 iti-

2053 4422 2183 4461 nere
2215 4404 2670 4475 progrediendum
2706 4404 2797 4466 sit,
2824 4404 2913 4472 qui
2950 4419 3172 4471 campus
3202 4402 3516 4456 certaminis
3549 4418 3645 4455 ex-

2050 4499 2336 4568 petendus.
2371 4498 2578 4551 Novum
2616 4496 2710 4550 tibi
2736 4495 2971 4549 fortasse
2995 4494 3265 4548 videbitur
3294 4494 3439 4560 quod
3470 4494 3645 4545 dictu-

363 4580 565 4649 aliquid
602 4591 659 4635 et
705 4586 1059 4652 pronuntiare
1105 4601 1211 4639 non
1263 4586 1457 4641 audeo.
1489 4587 1732 4653 Apostoli
1774 4590 1947 4658 magis
1980 4601 2021 4656 ι)
2052 4607 2143 4645 rus
2170 4607 2310 4657 sum,
2341 4591 2436 4645 sed
2473 4599 2653 4643 tamen
2689 4604 2877 4644 verum
2922 4597 3027 4651 est,
3067 4598 3265 4655 printer
3299 4586 3641 4655 temetipsum

362 4670 558 4726 litteris
586 4673 881 4729 doceamur
926 4676 978 4729 in
1021 4676 1237 4731 talibus.
1280 4678 1381 4743 Qui
1426 4687 1553 4732 sunt
1587 4680 1676 4733 isti
1716 4681 1945 4737 accincti

362 4764 527 4821 Paulo
555 4779 863 4835 exponente
892 4770 1185 4825 discamus.
1219 4771 1362 4825 Audi
1395 4772 1509 4840 ipse
1535 4773 1665 4842 quid
1695 4773 1828 4828 dicit
1854 4773 1899 4805 ’⁸
1926 4791 1941 4828 :

365 4877 384 4909 ι
427 4859 611 4917 Estote
640 4878 771 4933 ergo
801 4865 1029 4919 accincti
1062 4864 1276 4919 lumbos
1306 4874 1513 4921 vestros
1544 4866 1595 4919 in
1631 4867 1881 4922 veritate.
1919 4886 1938 4920 ι

430 4979 604 5037 "Jos.
631 4997 703 5047 Iv,
728 4985 814 5049 10,
843 4983 929 5038 ll.
1008 4985 1052 5016 ⁸⁸
1078 4984 1261 5038 Matth.
1285 4999 1338 5047 v,
1366 4983 1422 5037 '5.

362 5050 379 5081 ¹
409 5051 608 5119 Ephes.
658 5069 730 5119 vi,
786 5055 872 5110 1‘2.
967 5058 986 5088 ³
1017 5054 1036 5108 l
1072 5057 1195 5110 Cor.
1229 5071 1283 5117 Χ,
1319 5053 1407 5109 ll.

433 5142 544 5215 (46)
573 5144 966 5204 Gemeticensis
988 5158 1043 5203 et
1064 5164 1202 5202 unus
1225 5147 1592 5214 Ebroicensis,
1614 5166 1631 5199 ι
1660 5148 1909 5207 transire.
1925 5170 1943 5203 ι

365 5212 515 5269 Lillb.
556 5218 708 5284 editi,
749 5238 767 5271 ι
800 5220 1115 5275 ettrnnsiit.
1156 5238 1174 5271 ι

432 5286 545 5357 (47)
587 5287 684 5343 Res
724 5292 950 5360 gerenda
980 5300 1077 5344 est.
1117 5288 1266 5343 Unus
1296 5288 1657 5353 Ebroicensis,
1696 5306 1714 5340 ι
1748 5304 1946 5359 geren-

359 5356 484 5410 dmn
508 5356 590 5412 est
608 5377 655 5427 ς)
679 5356 816 5417 alter
830 5360 1170 5417 Ebroicensis
1192 5376 1313 5415 eum
1332 5360 1713 5426 Gemeticensi,
1738 5356 1948 5417 (trans-

359 5429 592 5483 eundmn
621 5444 721 5487 est.
757 5452 775 5485 ι

401 5498 543 5577 ,(88)
584 5501 767 5559 Codex
800 5503 1192 5577 Cernetieensis
1227 5520 1241 5559 :
1278 5523 1295 5556 ι
1338 5502 1597 5577 Transire
1645 5516 1777 5577 ergo
1822 5516 1943 5556 οιιι-

362 5574 450 5644 nia
484 5587 601 5644 qua:
651 5576 979 5629 mandantur
1021 5574 1356 5629 festinemus.
1406 5576 1543 5644 Ergo
1583 5575 1815 5629 transire
1862 5582 1944 5627 est

359 5638 858 5716 adimplereprim‘o
883 5645 1023 5714 quod
1053 5648 1313 5716 scriptum
1347 5656 1450 5702 cst.
1480 5638 1509 5696 ἶ

428 5704 751 5781 (49)ϋοι1ὲχ
805 5704 1114 5784 Sangerm.,
1157 5704 1180 5767 ἱ
1225 5728 1455 5787 tempus.
1512 5736 1530 5767 ι
1580 5713 1733 5769 Libb.
1788 5713 1939 5778 editi,

430 5783 661 5834 nondus.
703 5802 722 5834 ι

364 5793 383 5828 ι
429 5793 661 5849 pondus.
703 5802 722 5835 ι

430 5850 545 5921 (50)
580 5850 762 5911 Codex
812 5852 1198 5911 Gemeticensis
1251 5872 1370 5912 eum
1420 5874 1524 5913 uno
1576 5856 1938 5919 Ebroicensi.

1499 4984 1546 5017 ⁸⁸
1566 4984 1710 5041 Psal.
1737 4986 2004 5057 uxnt,2.

2058 4684 2405 4738 extrinsecus
2429 4683 2565 4737 nihil
2590 4681 2855 4750 requiras.
2879 4680 3021 4733 lntra
3051 4690 3103 4734 te
3123 4690 3207 4733 est
3229 4678 3470 4747 pra-lium
3499 4679 3642 4748 quod

2051 4786 2306 4848 gesturus
2361 4791 2462 4831 es:
2496 4774 2824 4830 intrinsecus
2871 4782 2955 4827 est
3000 4771 3140 4826 mala
3175 4771 3478 4836 :edilieatio,
3523 4785 3642 4839 qua:

2052 4871 2361 4927 subruenda
2394 4878 2478 4925 est
2504 4884 2517 4922 :
2554 4868 2728 4924 hostis
2756 4878 2879 4923 tuus
2922 4867 2987 4923 de
3015 4876 3107 4922 tuo
3133 4864 3299 4938 408
3326 4868 3487 4920 corde
3516 4880 3641 4933 pro—

2082 4989 2125 5021 "
2154 4987 2268 5044 Jos.
2292 5002 2366 5053 tv,
2398 4986 2481 5040 l5.
2541 4986 2587 5017 9°
2618 4984 2819 5054 Ephes.
2850 4998 2925 5048 vt,
2957 4982 3043 5037 14.
3121 4983 3165 5014 θ’
3193 4981 3335 5037 Psal.
3362 4998 3533 5048 xxvu,
3582 4981 3637 5037 5.

2020 5218 2033 5227 ⁸
2058 5169 2079 5204 ι
2117 5150 2622 5227 conquisierimus._
2646 5169 2663 5201 ι
2720 5147 2876 5227 Libb.
2927 5145 3077 5209 editi,
3112 5164 3152 5226 ι.
3180 5147 3573 5213 conquirimus.
3616 5165 3633 5197 υ

2124 5216 2256 5294 (51)
2284 5220 2439 5275 Libb.
2484 5220 2647 5294 editi,
2682 5238 2700 5270 ι
2738 5220 2980 5294 virorum
3038 5216 3408 5271 accitu-torum
3452 5230 3637 5286 proce-

2051 5291 2320 5350 dentium,
2355 5310 2373 5341 ι
2404 5292 2497 5346 sed
2532 5306 2661 5344 mss.
2697 5302 2757 5343 ut
2790 5291 2840 5342 in
2863 5297 3051 5343 nostro
3080 5297 3255 5342 textu.

2122 5363 2233 5433 (52)
2274 5360 2595 5415 Procedunt.
2632 5362 2790 5433 Deest
2841 5362 2891 5433 in
2949 5358 3100 5433 libris
3146 5357 3517 5433 antea_edit_is,
3546 5355 3635 5433 sed

2051 5426 2320 5502 reperitur
2358 5434 2409 5486 in
2446 5433 2630 5486 codice
2674 5429 3036 5502 Gemeticensi
3066 5438 3121 5502 et
3150 5443 3260 5502 uno
3293 5426 3634 5502 Ebroicensi.

2122 5498 2234 5575 (57))
2265 5504 2486 5572 Propter
2513 5519 2627 5557 nos.
2663 5502 2845 5556 Codex
2871 5498 3285 5563 Getnelicensis,
3311 5516 3331 5550 ι
3361 5500 3425 5552 ad
3454 5509 3631 5551 corre-

2051 5576 2293 5644 ptionem
2328 5582 2590 5627 nostram.
2635 5592 2652 5625 ι

2124 5645 2236 5715 (54)
2267 5644 2422 5699 Libb.
2454 5644 2582 5697 editi
2615 5662 2629 5715 :7
2659 5662 2677 5693 ι
2713 5640 3163 5715 Ut_oppugnet_ur
3200 5654 3234 5715 :1
3260 5636 3415 5690 nobis
3441 5636 3637 5691 civitas

2049 5710 2223 5785 prima
2257 5715 2415 5785 hujus
2456 5714 2634 5767 mnmli
2685 5712 2908 5768 malitia.
2944 5730 2963 5764 ι
2990 5712 3171 5768 Codex
3203 5710 3627 5779 Sangermanen-

2051 5789 2129 5844 sis
2164 5796 2221 5843 ut
2252 5788 2305 5842 in
2333 5799 2517 5843 nostro
2555 5794 2725 5840 textu.
