4146 6404
457 363 562 420 8ι19

1463 346 1532 402 IN
1582 343 1845 401 LIBRUM
1877 339 2043 397 JESU
2073 337 2259 395 NAVE
2285 336 2569 393 IIOMILIA
2603 336 2664 391 V.

3622 334 3728 390 850

458 480 621 534 cedit.
649 476 762 532 Non
811 489 924 529 mea
955 489 1055 529 vox
1085 473 1205 538 ista,
1241 472 1334 528 sed
1365 471 1568 526 Christi
1594 481 1696 528 est.
1732 469 1869 525 Audi
1901 468 2045 523 enim
2077 467 2119 521 A
2148 464 2276 533 quia
2323 463 2415 519 ille
2450 464 2539 533 qui
2595 462 2647 515 in
2694 460 2809 529 lege
2852 458 3100 514 eruditus
3147 466 3252 523 est,
3278 466 3332 514 et
3382 472 3476 527 per
3514 457 3730 527 Moysen

462 574 633 640 ipsum
663 571 930 624 dicentem
966 568 986 599 ³
1015 583 1031 621 :
1064 586 1081 619 ε
1108 566 1183 620 De
1210 566 1372 621 corde
1398 564 1543 619 enim
1568 566 1866 635 procedunt
1903 566 2051 634 cogi-

464 666 697 718 tationes
730 661 901 727 malm,
932 661 1221 715 homicidia
1244 701 1259 725 ,
1315 659 1603 723 adulteria,
1639 659 2047 727 fornicationes,

465 757 629 821 furta,
663 754 796 809 falsa
846 754 1182 819 testimonia,
1208 752 1583 822 blasphemiae.
1624 771 1642 803 ι
1678 751 1843 808 Vides
1874 768 2049 822 quan-

464 856 550 899 tus
574 853 629 898 et
658 844 834 914 qualis
861 845 1135 899 exercitus
1162 844 1400 898 hostium
1433 852 1650 898 tuorum
1676 845 1963 900 adversum
1998 856 2052 900 te

465 941 529 993 de
556 949 647 994 tuo
671 941 838 995 corde
869 939 1147 1007 procedit?
1180 937 1271 993 Isti
1306 938 1462 993 nobis
1493 939 1667 1008 prima
1712 948 1893 1008 strage
1925 938 2051 993 fun-

465 1030 623 1083 demli
655 1042 803 1097 sunt,
838 1031 924 1086 isti
972 1031 1145 1101 prima
1179 1030 1295 1085 acie
1338 1032 1740 1098 prosternendi.
1773 1030 1977 1087 Ilorum
2005 1031 2051 1085 si

466 1124 730 1179 subruere
759 1127 955 1180 moenia
1012 1128 1263 1197 ipsosque
1286 1130 1352 1183 ad
1387 1128 1813 1184 internecionem
1842 1127 2053 1183 caedere

463 1218 785 1286 poterimus,
818 1220 887 1273 ita
917 1229 973 1274 ut
998 1236 1102 1275 non
1136 1222 1509 1291 relinquamus
1537 1238 1600 1276 cx
1628 1223 1708 1277 eis
1735 1219 1825 1291 qui
1855 1235 2052 1275 renun-

468 1311 564 1363 tiet
591 1311 674 1364 vel
704 1312 951 1379 respiret,
986 1312 1030 1366 si
1064 1310 1174 1381 jam
1220 1313 1398 1368 nullus
1422 1328 1489 1368 ex
1519 1313 1584 1367 iis
1610 1327 1835 1381 prorsus
1877 1311 1928 1365 in
1958 1326 2054 1364 no-

468 1403 597 1455 stris
624 1403 1043 1473 cogitationibns
1087 1406 1362 1461 redivivus
1414 1407 1678 1475 eruperit,
1721 1414 1848 1459 tunc
1899 1405 2055 1460 nobis

471 1510 568 1563 per
593 1493 777 1549 Jesum
821 1496 1042 1552 dabitur
1080 1498 1172 1552 illa
1199 1499 1434 1568 requies,
1469 1508 1527 1552 ut
1566 1500 1937 1567 unusquisque
1971 1514 2055 1553 re-

468 1588 714 1655 quiescat
754 1591 853 1643 sub
902 1592 1057 1645 vinea
1100 1607 1194 1645 sna
1234 1602 1288 1647 et
1337 1592 1437 1647 sub
1484 1594 1590 1647 ﬁcu
1634 1608 1899 1660 sua,cum
1942 1593 2054 1663 jam

471 1696 576 1735 non
624 1682 695 1736 sit
739 1684 827 1751 qui
870 1694 1147 1740 exterreat
1187 1685 1325 1740 ﬁlios
1355 1686 1545 1741 Israel.

541 1774 595 1828 ’5.
628 1775 1013 1832 Verumtamen
1046 1786 1336 1834 transeunt
1366 1777 1659 1835 Jordancm
1694 1780 2053 1852 quadraginta
2088 1815 2132 1871 Β

472 1867 639 1921 millia
682 1868 923 1923 virorum
975 1879 1309 1926 armatorum
1355 1872 1586 1927 accincti
1643 1872 1696 1925 in
1759 1883 2054 1942 conspectu

474 1960 685 2015 Domini
733 1962 799 2014 ad
849 1962 1068 2030 bellum,
1110 1974 1164 2017 et
1207 1975 1339 2019 tunc
1384 1966 1516 2020 dicit
1558 1965 1839 2035 Scriptura
1864 1965 1910 2033 ⁸,
1932 1968 2055 2037 quia

480 2070 500 2103 ι
538 2054 589 2107 in
623 2054 707 2108 die
731 2054 816 2109 illa
857 2057 1116 2110 exaltavit
1150 2056 1411 2113 Dominus
1452 2057 1636 2114 Jesum
1676 2059 1729 2114 in
1762 2070 2056 2131 conspectu

480 2147 645 2201 totius
669 2149 882 2217 generis
908 2150 1145 2205 ﬁliorum
1186 2149 1391 2207 Israel?
1422 2170 1441 2203 ι
1468 2152 1654 2208 Fuerit
1700 2154 1917 2222 quidem
1953 2155 2057 2209 ista

474 2240 589 2311 (55)
619 2241 878 2297 exaltatio
918 2242 1031 2298 ﬁlio
1061 2243 1225 2311 Nave,
1266 2255 1326 2298 ut
1365 2244 1470 2299 dux
1506 2244 1687 2316 populi
1737 2246 1878 2303 illius
1919 2247 2060 2317 apud

476 2354 572 2391 eos
622 2354 757 2407 quos
810 2341 1053 2408 regebat,
1106 2341 1432 2411 magniﬁcus
1480 2342 1827 2397 haberetur:
1875 2350 2062 2397 noster

478 2446 608 2486 vero
630 2429 790 2486 Jesus
818 2432 1077 2488 Dominus
1108 2448 1281 2500 meus,
1316 2434 1424 2488 dux
1455 2443 1508 2489 et
1534 2441 1715 2489 rector
1742 2433 1925 2504 populi
1961 2434 2062 2488 hu-

475 2525 581 2590 jus,
615 2526 886 2594 quomodo
908 2525 1179 2581 exaltatur
1205 2526 1258 2580 in
1303 2534 1596 2595 conspectu
1627 2525 1804 2581 omnis
1844 2525 2063 2596 generis

482 2619 713 2672 ﬁliorum
758 2618 942 2681 Israel,
977 2618 1278 2673 videamus.
1323 2617 1435 2689 Ego
1484 2616 1723 2672 arbitror
1771 2617 1896 2687 quia
1948 2617 2065 2687 ipse

478 2724 690 2776 semper
716 2711 857 2779 apud
892 2709 1107 2765 Patrem
1135 2709 1405 2766 exaltatus
1434 2716 1520 2764 est
1558 2715 1611 2762 et
1651 2710 1922 2766 excelsus.
1954 2709 2063 2765 Sed

478 2802 581 2857 hoc
615 2817 750 2870 opus
777 2812 878 2865 est,
904 2811 965 2856 ut
1012 2803 1066 2857 in
1108 2813 1400 2874 conspectu
1442 2814 1629 2860 nostro
1672 2805 1874 2859 exaltet
1912 2803 2062 2858 illum

480 2893 643 2947 Deus.
672 2894 954 2948 Exaltatur
974 2902 1154 2948 autem
1195 2894 1247 2948 in
1278 2904 1571 2963 conspectu
1602 2909 1744 2961 meo,
1780 2909 1901 2949 cum
1930 2893 2065 2948 mihi

481 2986 786 3040 sublimitas
845 2994 900 3041 et
957 2985 1225 3040 celsitudo
1280 2986 1579 3041 divinitatis
1635 2985 1753 3053 ejus
1802 2985 2063 3054 aperitur.

484 3077 712 3142 Quando
742 3090 869 3143 ergo
910 3076 1041 3129 mihi
1075 3075 1288 3130 excelsa
1326 3075 1442 3144 ejus
1478 3075 1592 3147 (56)
1620 3076 1873 3132 divinitas
1916 3091 2069 3131 reve-

2151 557 2373 611 edoctus
2422 554 2618 624 abjecit
2669 552 2991 607 idololatria:
3036 566 3272 614 errores,
3321 548 3730 605 simulacrorum

2151 646 2592 716 superstitionem
2619 645 2932 713 cultumque
2957 642 3226 713 deposuit.
3247 640 3373 695 Ilaec
3397 650 3480 695 est
3502 640 3734 693 circum-

2151 740 2287 795 cisio
2316 739 2488 809 prima
2524 753 2620 810 per
2662 737 2855 808 legem.
2901 735 2958 790 Si
2989 751 3117 792 vero
3161 736 3225 813 is,
3248 735 3432 789 veniat
3472 750 3513 813 a.
3535 734 3650 804 lege
3682 744 3739 788 et

2152 832 2429 902 prophetis
2462 832 2529 887 ad
2556 830 2922 901 evangelicam
2953 831 3135 894 ﬁdem,
3168 839 3295 884 tunc
3344 828 3541 898 accipit
3570 827 3733 881 etiam

2153 926 2449 981 secundam
2511 923 2985 979 circumcisionem
3042 938 3139 992 per
3193 930 3403 993 petram
3435 962 3451 986 ,
3503 922 3595 990 qui
3652 924 3738 977 est

2153 1019 2424 1086 Christus,
2455 1027 2510 1073 et
2543 1017 2844 1088 completur
2876 1017 2980 1072 hoc
3005 1017 3151 1085 quod
3195 1016 3331 1070 dixit
3374 1015 3634 1069 Dominus
3668 1014 3737 1068 ad

2153 1110 2337 1167 Jesum
2358 1111 2380 1143 "
2411 1128 2425 1164 :
2458 1128 2477 1162 ‹
2510 1108 2680 1164 Ilodie
2706 1109 2904 1165 abstuli
2935 1108 3286 1179 opprobrium
3318 1106 3533 1179 Egypti
3559 1124 3586 1163 a
3617 1108 3740 1163 ﬁliis

2156 1197 2340 1255 Israel.
2380 1217 2399 1251 ι
2432 1198 2587 1254 Sicut
2623 1211 2801 1254 autem
2841 1199 2976 1254 dixit
3004 1199 3381 1269 Apostolus“:
3422 1218 3439 1249 ι
3476 1198 3741 1253 Bibcbant

2154 1299 2336 1347 autem
2364 1291 2430 1347 de
2470 1290 2703 1361 spiritali
2755 1291 3001 1360 sequenti
3054 1305 3149 1347 eos
3190 1302 3367 1360 petra,
3416 1300 3566 1360 petra
3612 1306 3740 1344 vero

2154 1395 2275 1440 erat
2301 1385 2590 1440 Christus:
2627 1404 2645 1438 ι
2679 1385 2752 1438 ita
2788 1384 2950 1439 etiam
2986 1399 3087 1439 nos
3130 1387 3183 1438 in
3234 1384 3335 1439 hoc
3366 1384 3485 1440 loco
3522 1398 3739 1452 compe-

2158 1487 2334 1532 tenter
2360 1491 2648 1545 possumus
2686 1476 2868 1532 dicere
2897 1499 2908 1532 :
2939 1476 3260 1532 Circumcisi
3295 1486 3422 1531 sunt
3457 1484 3637 1530 autem
3674 1475 3743 1529 de

2157 1569 2386 1638 spiritali
2433 1568 2681 1638 sequenti
2726 1578 2904 1638 petra,
2953 1576 3104 1635 petra
3134 1582 3265 1623 vero
3314 1576 3435 1621 erat
3467 1565 3738 1621 Christus.

2156 1662 2270 1717 Nisi
2302 1661 2445 1718 enim
2475 1660 2597 1732 quis
2627 1660 2793 1716 fuerit
2819 1675 2916 1731 per
2955 1659 3306 1730 Evangelinm
3354 1658 3584 1713 secunda
3636 1657 3745 1712 cir-

2158 1757 2491 1811 cumcisione
2516 1764 2797 1824 purgatus,
2830 1768 2935 1809 non
2971 1762 3148 1823 potest
3188 1752 3541 1822 opprobrium
3568 1749 3743 1820 IEgy-

2159 1848 2258 1919 pti,
2305 1848 2357 1904 id
2394 1856 2497 1914 est,
2533 1845 2817 1903 illecebras
2858 1844 3222 1916 corporalium
3268 1842 3539 1913 deponere
3585 1841 3746 1895 vitio-

2163 1956 2307 1996 rnm.

2232 2036 2285 2091 6.
2315 2036 2604 2091 Videamus
2628 2042 2805 2088 tamen
2829 2032 2986 2101 quale
3014 2032 3086 2087 sit
3114 2031 3217 2085 hoc
3244 2030 3417 2099 ipsum
3441 2026 3583 2098 quod
3613 2025 3745 2081 dici-

2160 2139 2269 2194 tur,
2294 2128 2419 2197 quia
2452 2145 2471 2179 ι
2502 2127 2665 2183 hodie
2693 2125 2892 2181 abstuli
2920 2123 3269 2193 opprobrium
3299 2138 3328 2175 a
3357 2122 3481 2177 ﬁliis
3506 2119 3689 2176 Israel.
3721 2136 3741 2171 ι

2161 2223 2363 2281 Omnes
2413 2222 2661 2277 homines
2718 2220 2933 2275 etiamsi
2964 2234 3031 2275 ex
3080 2217 3198 2288 lege
3243 2216 3491 2281 veniant,
3534 2212 3746 2268 etiamsi

2162 2335 2258 2390 per
2285 2318 2503 2389 Moysen
2552 2314 2746 2370 eruditi
2779 2314 2908 2381 sint,
2942 2313 3147 2367 habent
3180 2319 3356 2364 tamen
3394 2307 3746 2380 opprobrium

2162 2410 2377 2481 Egypti
2411 2410 2462 2463 in
2490 2406 2795 2478 semetipsis
2820 2404 2957 2477 (60),
2990 2404 3339 2476 opprobrium
3375 2408 3748 2471 peccatorum.

2163 2503 2295 2570 Quis
2326 2502 2431 2558 erit
2455 2501 2647 2557 similis
2675 2498 2843 2555 Paulo
2874 2498 3037 2554 etiam
3081 2495 3373 2553 secundum
3398 2494 3532 2563 legis
3558 2493 3747 2547 obser-

2168 2596 2437 2651 vantiam?
2458 2595 2595 2649 Audi
2623 2592 2861 2663 denique
2894 2592 3068 2663 ipsum
3097 2591 3366 2645 dicentem
3391 2588 3414 2620 ’
3443 2606 3456 2642 :
3490 2606 3509 2639 ‹
3546 2586 3752 2642 Secun-

2166 2691 2291 2744 dum
2332 2687 2600 2759 justitiam
2649 2700 2770 2756 quae
2812 2685 2867 2740 in
2915 2684 3035 2755 lege
3083 2691 3187 2749 est,
3238 2689 3591 2737 conversatus
3633 2680 3752 2734 sine

2167 2780 2407 2849 querela.
2446 2797 2465 2830 »
2504 2777 2622 2848 Ipse
2675 2787 2860 2832 tamen
2898 2772 3010 2848 (61)
3046 2773 3360 2845 pronuntiat
3394 2780 3449 2828 et
3483 2771 3613 2826 dicit
3652 2770 3697 2802 ¹⁰
3734 2787 3747 2823 :

2173 2892 2192 2925 ι
2229 2872 2454 2927 Fuimus
2480 2871 2624 2925 enim
2652 2877 2707 2925 et
2738 2884 2837 2924 nos
2872 2867 3163 2937 aliquando
3203 2865 3541 2935 insipientes,
3569 2864 3749 2918 incre-

2169 2964 2304 3029 duli,
2332 2956 2599 3027 errantes,
2635 2960 2935 3017 servientes
2964 2956 3076 3029 (62)
3109 2955 3396 3013 desideriis
3420 2964 3475 3010 ct
3506 2954 3754 3025 volupta-

2172 3057 2316 3113 tibus
2350 3056 2536 3121 variis,
2564 3054 2619 3108 in
2651 3052 2860 3106 malitia
2893 3058 2948 3105 et
2982 3048 3206 3114 invidia,
3255 3045 3482 3104 odibilcs
3504 3086 3520 3112 ,
3569 3046 3755 3102 odien~

485 3164 592 3218 lata
630 3165 747 3219 est?
791 3174 917 3219 tunc
953 3164 1203 3234 profecto
1254 3179 1377 3219 cum
1426 3162 1719 3219 Iordanem
1756 3165 2066 3229 transirem,

2175 3160 2255 3208 tes
2311 3149 2566 3204 invicem.
2617 3165 2637 3200 ›
2686 3144 2801 3201 Νοη
2846 3143 2942 3197 tibi
2996 3141 3249 3196 videntur
3296 3139 3411 3193 hare
3463 3137 3757 3209 opprobria

486 3265 541 3310 ct
564 3257 730 3310 variis
758 3264 1228 3310 sacramentorum
1282 3255 1637 3312 munimentis
1664 3257 1845 3311 futura
1890 3248 2071 3311 arma-

488 3362 580 3402 rer
610 3347 675 3400 ad
712 3347 915 3415 prmlia.

558 3444 611 3499 4.
651 3465 668 3496 ι
706 3444 771 3498 Et
807 3443 1124 3510 timuerunt,
1173 3443 1349 3511 inquit
1374 3443 1416 3507 ⁸,
1444 3442 1651 3509 Iesum,
1687 3444 1829 3497 sicut
1880 3442 2076 3497 timue-

489 3545 611 3591 rant
645 3535 884 3607 Moysen.
928 3554 945 3586 1
981 3533 1172 3590 Omnis
1202 3534 1293 3603 qui
1326 3535 1426 3589 sub
1461 3534 1577 3603 lege
1601 3541 1703 3598 est,
1736 3534 1891 3589 timet
1928 3532 2073 3604 Moy-

490 3640 583 3680 sen
616 3643 633 3681 :
663 3640 784 3680 eum
827 3638 958 3678 vero
1006 3623 1073 3678 ad
1117 3623 1465 3694 Evangelium
1506 3639 1573 3677 ex
1613 3623 1730 3694 lege
1773 3624 2071 3690 transierit,

492 3725 695 3769 mutata
729 3713 1074 3770 observantia
1110 3722 1353 3768 mutatur
1380 3722 1435 3769 et
1458 3715 1638 3781 timor,
1667 3714 1812 3770 sicut
1842 3715 2076 3785 Aposto-

494 3808 575 3863 lus
601 3807 820 3862 dicit“:
856 3825 873 3858 ι
903 3805 1014 3875 Ego
1061 3817 1242 3861 autem
1284 3820 1383 3873 per
1440 3805 1634 3874 legem.
1678 3806 1780 3876 legi
1832 3816 2077 3863 mortuus

493 3917 635 3967 sum,
693 3909 752 3953 ut
804 3899 915 3953 Deo
963 3899 1162 3962 vivam,
1218 3912 1339 3951 cum
1390 3897 1605 3953 Christo
1664 3897 1912 3954 conﬁxus
1957 3914 2077 3953 sum

494 3993 643 4048 cruci
681 3992 818 4063 (57).
856 3991 992 4047 Vivo
1021 3998 1200 4046 autem
1225 3989 1336 4054 jam
1368 4004 1474 4045 non
1518 4004 1638 4059 ego,
1680 3987 1811 4043 vivit
1846 4004 1977 4045 vero
2025 3990 2079 4044 in

497 4099 584 4139 me
612 4083 883 4138 Christus.
916 4100 936 4135 ι

566 4177 618 4232 5.
657 4175 788 4231 Post
821 4176 936 4230 haec
970 4174 1193 4244 jubetur
1222 4173 1365 4228 ﬁlius
1396 4171 1544 4226 Nave
1573 4171 1754 4227 facere
1784 4173 1985 4229 cultros
2014 4188 2081 4229 ex

499 4279 676 4341 petra,
707 4276 761 4323 et
785 4267 982 4323 sedens
1016 4266 1408 4321 circumcidere
1448 4264 1588 4319 ﬁlios
1624 4264 1788 4320 Israel
1820 4266 2080 4321 secundo.

499 4365 704 4420 Vellem
750 4378 849 4432 ego
882 4362 996 4433 (58)
1042 4360 1095 4415 in
1151 4360 1256 4414 hoc
1303 4359 1421 4415 loco
1474 4361 1787 4429 percontari
1835 4360 2081 4427 Iudaeos,

497 4457 768 4530 quomodo
792 4462 967 4526 potest
985 4454 1107 4522 quis
1125 4453 1357 4508 secundo
1378 4452 1488 4523 (59)
1513 4452 1824 4507 circumcidi
1851 4452 2083 4508 cireum-

2173 3256 2314 3307 esse,
2341 3250 2398 3296 et
2433 3236 2725 3308 opprobria
2758 3232 3023 3305 Egypti?
3054 3230 3160 3287 Sed
3191 3245 3254 3285 ex
3290 3244 3397 3299 quo
3424 3229 3573 3284 venit
3597 3228 3759 3284 Chri-

2174 3345 2312 3401 stus,
2352 3340 2407 3387 et
2434 3332 2582 3387 dedit
2631 3327 2784 3385 nobis
2830 3326 3121 3381 secundam
3166 3320 3635 3377 circumcisionem
3663 3334 3759 3389 per

2175 3427 2503 3497 baptismum
2549 3417 3001 3492 regenerationis,
3036 3422 3092 3471 et
3123 3412 3373 3484 purgavit
3415 3412 3627 3466 animas
3663 3428 3760 3466 no-

2177 3529 2343 3585 stras,
2375 3515 2678 3584 abiecimus
2723 3514 2840 3568 haec
2880 3510 3086 3573 omnia,
3118 3515 3174 3561 et
3207 3519 3306 3574 pro
3350 3504 3416 3560 iis
3465 3505 3763 3574 assumpsi-

2179 3627 2298 3668 mus
2343 3608 2689 3667 conscientiae
2726 3607 2884 3663 bonae
2924 3599 3361 3672 astipulationem
3407 3598 3461 3653 in
3512 3598 3758 3653 Domino.

2180 3706 2333 3761 Tunc
2378 3719 2475 3775 per
2524 3699 2819 3758 secundam
2875 3692 3350 3751 circumcisionem
3401 3690 3580 3746 ablata
3638 3701 3765 3745 sunt

2180 3799 2337 3856 nobis
2365 3794 2655 3867 opprobria
2688 3789 2931 3862 Egypti,
2964 3797 3021 3843 et
3054 3794 3284 3857 purgata
3326 3793 3453 3839 sunt
3480 3784 3610 3838 vitia
3638 3797 3765 3854 pec.

2180 3900 2447 3947 calorum.
2482 3888 2652 3944 Nemo
2677 3900 2807 3956 ergo
2834 3884 2878 3939 si
2908 3885 3117 3952 integre
3146 3892 3445 3936 conversus
3471 3884 3575 3944 est,
3608 3877 3653 3931 si
3697 3892 3767 3931 ex

2181 3982 2347 4038 corde
2374 3978 2650 4050 paenituit,
2681 3976 2726 4030 si
2769 3972 2997 4029 ﬁdeliter
3036 3969 3291 4027 Iordanis
3324 3968 3524 4024 ﬁucnta
3558 3968 3767 4037 digres-

2181 4088 2275 4129 sus
2300 4081 2406 4137 est,
2447 4070 2493 4125 si
2546 4068 2786 4125 secunda
2836 4080 2932 4135 per
2956 4064 3305 4133 Evangelium
3351 4062 3768 4117 circumcisione

2183 4174 2442 4236 purgatus
2463 4172 2568 4228 est,
2612 4159 3011 4232 praeteritorum
3060 4164 3266 4212 metuat
3302 4155 3597 4225 opprobria
3634 4155 3767 4209 deli-

2182 4266 2419 4313 ctorum.
2461 4254 2628 4309 Audis
2653 4253 2781 4323 quia
2812 4250 2975 4306 hodie
3013 4249 3237 4304 abstulit
3265 4248 3379 4321 (65)
3406 4264 3435 4302 a
3478 4256 3529 4303 te
3565 4262 3767 4317 oppro-

2184 4348 2362 4405 brium
2393 4345 2639 4416 IEgypti.
2681 4343 2796 4398 IIoc
2826 4341 2959 4399 etin
2990 4339 3297 4409 Evangeliis
3341 4339 3616 4411 signiﬁcat
3662 4338 3768 4392 Do-

2186 4440 2367 4495 minus
2400 4453 2521 4494 cnm
2575 4434 2822 4491 dicit“:
2864 4450 2885 4485 ι
2925 4431 3173 4486 Remissa
3221 4440 3351 4486 sunt
3397 4431 3490 4486 tibi
3544 4439 3768 4500 peccata

496 4553 703 4609 cisione
739 4547 964 4619 carnali.
1009 4544 1188 4600 Semel
1214 4545 1357 4598 enim
1388 4543 1742 4599 circumcisus
1770 4543 1895 4614 quis
1938 4544 2068 4599 ultra

2189 4541 2300 4599 tua,
2324 4531 2418 4587 sed
2456 4530 2568 4600 jam
2599 4528 2706 4584 noli
2740 4541 2989 4597 peccare,
3015 4540 3085 4580 ne
3126 4525 3257 4596 quid
3295 4523 3532 4579 deterius
3564 4523 3658 4578 tibi
3680 4538 3772 4577 ac-

502 4662 606 4699 non
660 4643 827 4698 habet
872 4640 1016 4709 quod
1054 4637 1295 4693 secundo
1336 4636 1509 4705 possit
1564 4634 1793 4691 auferri.
1846 4637 1889 4691 A
1921 4636 2079 4693 nobis

499 4751 629 4791 vero
651 4734 846 4805 quibus
870 4733 1069 4787 dicitur
1087 4730 1213 4799 quia
1244 4728 1329 4783 lex
1360 4727 1621 4797 spiritalis
1649 4734 1750 4794 est,
1776 4727 1898 4784 vide
1918 4743 2080 4799 quam

504 4824 661 4893 digne
687 4832 741 4876 et
772 4819 1159 4877 convenienter
1185 4818 1288 4873 ista
1326 4816 1625 4873 solvantur.
1673 4817 1914 4875 Dicimus
1936 4818 2080 4874 enim

2186 4626 2350 4683 cidat.
2377 4643 2395 4678 ι
2422 4624 2481 4679 Si
2509 4622 2652 4677 enim
2679 4629 2803 4689 post
2835 4620 3211 4675 remissionem
3250 4627 3598 4688 peccatorum
3631 4616 3771 4671 ultra

2190 4734 2296 4774 non
2328 4730 2542 4788 pecces,
2565 4727 2695 4769 vere
2720 4712 2957 4767 ablatum
2981 4719 3064 4767 est
3096 4726 3127 4766 a
3156 4720 3209 4766 te
3235 4710 3583 4781 opprobrium
3607 4707 3772 4779 Egy-

2189 4812 2288 4885 pti.
2316 4811 2372 4867 Si
2398 4822 2529 4864 vero
2563 4808 2760 4862 iterum
2804 4804 3139 4876 peccaveris,
3166 4804 3363 4858 iterum
3405 4803 3459 4858 in
3497 4812 3551 4858 te
3586 4811 3771 4856 vetera

576 4960 804 5013 8Matth.
833 4972 921 5023 xv,
952 4957 1038 5012 19.
1113 4956 1266 5012 ⁸105.
1293 4973 1368 5023 IV,
1399 4957 1483 5026 H,
1560 4958 1581 4989 ³
1613 4955 1723 5011 Jos.
1752 4972 1828 5020 iv,
1853 4956 1940 5012 11.
2019 4956 2039 4987 ⁸
2067 4955 2254 5024 Gal.n,
2288 4952 2376 5018 19,
2408 4949 2500 5005 20.
2571 4947 2592 4979 ⁷
2616 4945 2731 5003 Jos.
2768 4960 2822 5012 v,
2866 4942 2920 5000 9.
2998 4943 3020 4974 ⁸
3046 4941 3066 4997 1
3095 4940 3219 4997 Cor.
3258 4957 3312 5010 x,
3344 4941 3398 4995 4.
3472 4937 3655 4995 ’Phil.
3685 4951 3770 4993 III.

505 5031 560 5086 6.
639 5031 684 5062 ιθ
716 5030 821 5084 'I‘it.
854 5044 937 5093 Ill,
970 5028 1024 5083 5.
1097 5028 1138 5059 ¹¹
1180 5027 1313 5082 Luc.
1351 5044 1446 5095 vn,
1501 5027 1591 5093 49,
1626 5036 1682 5082 et
1725 5027 1881 5082 Joan.
1917 5042 1969 5092 ν,
2004 5027 2092 5096 14,

511 5230 527 5274 ι
578 5149 689 5219 (55)
724 5148 856 5202 Ista.
894 5147 1054 5202 Deest
1082 5146 1133 5201 in
1165 5146 1295 5204 libb.
1332 5157 1488 5203 antea
1522 5149 1701 5215 editis,
1727 5149 1821 5203 sed
1849 5148 2087 5204 restitui-

536 5236 597 5274 UI‘
628 5235 659 5272 Θ
693 5234 822 5272 11188.

536 5236 597 5275 UI‘
628 5235 659 5272 Θ
693 5234 822 5272 11188.

580 5288 690 5360 (56)
726 5287 881 5360 Ejus.
916 5288 1070 5342 Deest
1100 5290 1264 5343 etiam
1298 5290 1352 5344 in
1387 5289 1515 5360 libb.
1542 5288 1723 5353 editis,
1748 5291 1839 5344 sed
1862 5288 2092 5343 habetur

508 5362 560 5416 in
590 5358 744 5413 ‘mss.
792 5358 958 5413 Paulo
993 5369 1113 5426 post
1160 5374 1316 5423 mss.,
1341 5380 1359 5413 ‹
1383 5359 1673 5414 Iordanem
1718 5360 2029 5415 transirem.
2066 5376 2086 5409 ι

505 5431 663 5486 Libb.
692 5429 841 5496 editi,
875 5448 892 5481 α
920 5429 1210 5485 Iordanem
1250 5431 1577 5485 transierim.
1620 5448 1638 5480 ι

575 5498 879 5572 (51)Μεδ.,
912 5520 929 5552 ‹
972 5502 1218 5555 conﬁxus
1274 5517 1392 5555 sum
1443 5500 1612 5555 cruci.
1658 5519 1675 5551 ι
1718 5498 1872 5554 Libb.
1930 5498 2086 5564 editi,

509 5590 531 5626 ι
571 5570 860 5625 cruciﬁxus
886 5588 1024 5624 sum.
1076 5589 1094 5621 ι

578 5639 691 5710 (58)
728 5638 919 5711 Vellem
955 5659 1070 5711 ego,
1099 5651 1206 5697 elc.
1252 5640 1344 5695 Sic
1393 5643 1589 5698 habent
1642 5640 1798 5696 codd.
1855 5643 2089 5711 Sangcr-

511 5710 784 5764 manensis
807 5720 859 5764 et
880 5712 1274 5767 Gentcticcnsis
1294 5727 1416 5766 cum
1442 5730 1549 5769 uno
1575 5711 1910 5766 Ebroiccnsi.
1931 5710 2087 5767 Libb.

512 5780 639 5835 editi
670 5798 684 5835 :
714 5799 732 5833 ι
767 5780 935 5839 Velim
975 5800 1104 5851 ergo
1151 5788 1203 5840 in
1257 5785 1359 5840 hoc
1402 5783 1522 5841 loco
1578 5784 1879 5851 [‘crconturi
1924 5800 1952 5837 a
1993 5782 2090 5838 Ju-

2193 5148 2587 5288 dailgé)’(_lodex
2632 5205 3044 5269 Gemeticensis,
3083 5223 3103 5258 ε
3136 5201 3450 5261 circumcidi
3498 5198 3591 5269 qui
3632 5199 3773 5253 ultra

2196 5285 2304 5343 non
2344 5285 2529 5348 habet,
2564 5300 2584 5334 ι
2615 5289 2724 5335 etc.

2267 5336 2760 5428 (ﬁﬁjﬁqpp'robrium
2788 5347 3011 5428 /E_gy_pti
3050 5348 3103 5401 in
3116 5418 3128 5428 _
3146 5343 3452 5428 semetipsis:
3473 5426 3480 5428 _
3499 5336 3640 5428 _
3655 5337 3772 5428 ε

2194 5411 2321 5481 sunt
2350 5411 2401 5479 in
2436 5411 2588 5479 libris
2619 5431 2771 5476 antea
2807 5411 2988 5484 ed'iii's,
3035 5418 3129 5472 sed
3173 5411 3392 5470 exstant
3436 5413 3487 5463 in
3520 5411 3771 5463 omnibus

2196 5514 2325 5553 IIISS.

2266 5566 2377 5638 (61)
2413 5565 2565 5638 Mss,
2605 5582 2622 5615 ε
2656 5570 2857 5638 tamen.
2890 5579 2910 5638 i
3128 5552 3333 5638 eiliti,¢_
3350 5558 3627 5638 autem?)

2268 5616 2378 5706 (ἐξ)
2409 5616 2723 5706 Serri'enles.
2762 5630 2919 5684 Deest
2955 5627 3005 5681 in
3049 5623 3203 5679 libris
3245 5628 3404 5675 antea
3445 5619 3627 5683 editis,
3676 5616 3769 5672 scd

2198 5702 2425 5764 habetur
2453 5705 2504 5757 in
2535 5702 2783 5757 ciuilibus
2810 5713 2940 5754 mss.
3247 5760 3259 5765 _
3398 5760 3409 5765 _
3540 5758 3553 5765 _
3668 5755 3697 5765 υ

2269 5755 2795 5841 (δῶ-ὒέίιιέτιὶεθιιείε
2819 5782 2941 5825 cum
2971 5778 3076 5822 uno
3102 5760 3436 5828 Ebroiccnsi,
3464 5776 3483 5811 ι
3506 5755 3721 5813 abstuli.
3750 5773 3765 5807 ι
