  <div class='ocr_page' id='page_1' title='image "/cluster/home/n/w/nwhite01/storage/ocr_20150623/12:no.2/coo.31924054873074/439.png"; bbox 0 0 4146 6386; ppageno 0'>
   <div class='ocr_carea' id='block_1_1' title="bbox 407 301 503 357">
    <p class='ocr_par' dir='ltr' id='par_1_1' title="bbox 407 301 503 357">
     <span class='ocr_line' id='line_1_1' title="bbox 407 301 503 357; baseline 0.01 -1"><span class='ocrx_word' id='word_1_1' title='bbox 407 301 503 357; x_wconf 69' lang='grc'><strong>851</strong></span> 
     </span>
    </p>
   </div>
   <div class='ocr_carea' id='block_1_2' title="bbox 1891 297 2212 356">
    <p class='ocr_par' dir='ltr' id='par_1_2' title="bbox 1891 297 2212 356">
     <span class='ocr_line' id='line_1_2' title="bbox 1891 297 2212 356; baseline -0.006 0"><span class='ocrx_word' id='word_1_2' title='bbox 1891 297 2212 356; x_wconf 76' lang='lat' dir='ltr'><strong>ORICENIS</strong></span> 
     </span>
    </p>
   </div>
   <div class='ocr_carea' id='block_1_3' title="bbox 3565 296 3666 352">
    <p class='ocr_par' dir='ltr' id='par_1_3' title="bbox 3565 296 3666 352">
     <span class='ocr_line' id='line_1_3' title="bbox 3565 296 3666 352; baseline -0.01 0"><span class='ocrx_word' id='word_1_3' title='bbox 3565 296 3666 352; x_wconf 69' lang='grc'><strong>832</strong></span> 
     </span>
    </p>
   </div>
   <div class='ocr_carea' id='block_1_4' title="bbox 410 410 3666 490">
    <p class='ocr_par' dir='ltr' id='par_1_4' title="bbox 410 410 3666 490">
     <span class='ocr_line' id='line_1_4' title="bbox 410 410 3666 490; baseline -0.001 -21"><span class='ocrx_word' id='word_1_4' title='bbox 410 416 756 469; x_wconf 75' lang='lat' dir='ltr'><strong>remlvuntur</strong></span> <span class='ocrx_word' id='word_1_5' title='bbox 792 415 905 486; x_wconf 66' lang='lat' dir='ltr'><strong>(6i)</strong></span> <span class='ocrx_word' id='word_1_6' title='bbox 935 417 1228 485; x_wconf 86' lang='lat' dir='ltr'><strong>opprobria</strong></span> <span class='ocrx_word' id='word_1_7' title='bbox 1267 419 1333 482; x_wconf 78' lang='lat'><strong>&quot;,</strong></span> <span class='ocrx_word' id='word_1_8' title='bbox 1373 433 1441 472; x_wconf 89' lang='lat' dir='ltr'><strong>eo</strong></span> <span class='ocrx_word' id='word_1_9' title='bbox 1468 418 1641 490; x_wconf 90' lang='lat' dir='ltr'><strong>magis</strong></span> <span class='ocrx_word' id='word_1_10' title='bbox 1690 434 1794 487; x_wconf 90' lang='lat' dir='ltr'><strong>quo</strong></span> <span class='ocrx_word' id='word_1_11' title='bbox 1826 417 1989 471; x_wconf 91' lang='lat' dir='ltr'><strong>multo</strong></span> <span class='ocrx_word' id='word_1_12' title='bbox 2019 424 2065 477; x_wconf 80' lang='grc' dir='ltr'>Α</span> <span class='ocrx_word' id='word_1_13' title='bbox 2094 431 2200 485; x_wconf 92' lang='lat' dir='ltr'><strong>que</strong></span> <span class='ocrx_word' id='word_1_14' title='bbox 2235 423 2407 470; x_wconf 87' lang='lat' dir='ltr'><strong>mater</strong></span> <span class='ocrx_word' id='word_1_15' title='bbox 2432 425 2511 472; x_wconf 92' lang='lat' dir='ltr'><strong>est</strong></span> <span class='ocrx_word' id='word_1_16' title='bbox 2547 416 2837 487; x_wconf 61' lang='lat' dir='ltr'><strong>Egyptus,</strong></span> <span class='ocrx_word' id='word_1_17' title='bbox 2864 429 2929 470; x_wconf 79' lang='lat' dir='ltr'><strong>ex</strong></span> <span class='ocrx_word' id='word_1_18' title='bbox 2974 428 3081 484; x_wconf 88' lang='lat' dir='ltr'><strong>qua</strong></span> <span class='ocrx_word' id='word_1_19' title='bbox 3135 421 3343 469; x_wconf 88' lang='lat' dir='ltr'><strong>certum</strong></span> <span class='ocrx_word' id='word_1_20' title='bbox 3371 420 3455 468; x_wconf 86' lang='lat' dir='ltr'><strong>est</strong></span> <span class='ocrx_word' id='word_1_21' title='bbox 3478 410 3666 480; x_wconf 86' lang='lat' dir='ltr'><strong>hujus-</strong></span> 
     </span>
    </p>
   </div>
   <div class='ocr_carea' id='block_1_5' title="bbox 409 504 1993 575">
    <p class='ocr_par' dir='ltr' id='par_1_5' title="bbox 409 504 1993 575">
     <span class='ocr_line' id='line_1_5' title="bbox 409 504 1993 575; baseline 0 -14"><span class='ocrx_word' id='word_1_22' title='bbox 409 504 632 575; x_wconf 85' lang='lat' dir='ltr'><strong>majoris</strong></span> <span class='ocrx_word' id='word_1_23' title='bbox 684 507 927 561; x_wconf 85' lang='lat' dir='ltr'><strong>criminis</strong></span> <span class='ocrx_word' id='word_1_24' title='bbox 959 515 1041 560; x_wconf 92' lang='lat' dir='ltr'><strong>est</strong></span> <span class='ocrx_word' id='word_1_25' title='bbox 1098 505 1294 560; x_wconf 87' lang='lat' dir='ltr'><strong>Filium</strong></span> <span class='ocrx_word' id='word_1_26' title='bbox 1359 507 1451 561; x_wconf 91' lang='lat' dir='ltr'><strong>Dei</strong></span> <span class='ocrx_word' id='word_1_27' title='bbox 1514 507 1877 571; x_wconf 90' lang='lat' dir='ltr'><strong>conenlcare,</strong></span> <span class='ocrx_word' id='word_1_28' title='bbox 1937 515 1993 561; x_wconf 88' lang='lat' dir='ltr'><strong>et</strong></span> 
     </span>
    </p>
   </div>
   <div class='ocr_carea' id='block_1_6' title="bbox 409 599 1987 671">
    <p class='ocr_par' dir='ltr' id='par_1_6' title="bbox 409 599 1987 671">
     <span class='ocr_line' id='line_1_6' title="bbox 409 599 1987 671; baseline -0.001 -16"><span class='ocrx_word' id='word_1_29' title='bbox 409 601 725 669; x_wconf 82' lang='lat' dir='ltr'><strong>sanguinem</strong></span> <span class='ocrx_word' id='word_1_30' title='bbox 760 599 1070 653; x_wconf 82' lang='lat' dir='ltr'><strong>testamenti</strong></span> <span class='ocrx_word' id='word_1_31' title='bbox 1113 600 1376 667; x_wconf 89' lang='lat' dir='ltr'><strong>pollutum</strong></span> <span class='ocrx_word' id='word_1_32' title='bbox 1403 600 1515 671; x_wconf 86' lang='lat'><strong>(65)</strong></span> <span class='ocrx_word' id='word_1_33' title='bbox 1544 602 1743 655; x_wconf 86' lang='lat' dir='ltr'><strong>ducere</strong></span> <span class='ocrx_word' id='word_1_34' title='bbox 1764 639 1780 663; x_wconf 94' lang='lat'><strong>,</strong></span> <span class='ocrx_word' id='word_1_35' title='bbox 1824 616 1987 668; x_wconf 87' lang='lat' dir='ltr'><strong>quant</strong></span> 
     </span>
    </p>
   </div>
   <div class='ocr_carea' id='block_1_7' title="bbox 410 690 1989 763">
    <p class='ocr_par' dir='ltr' id='par_1_7' title="bbox 410 690 1989 763">
     <span class='ocr_line' id='line_1_7' title="bbox 410 690 1989 763; baseline 0.001 -20"><span class='ocrx_word' id='word_1_36' title='bbox 410 692 578 763; x_wconf 84' lang='lat' dir='ltr'><strong>legem</strong></span> <span class='ocrx_word' id='word_1_37' title='bbox 627 690 825 761; x_wconf 82' lang='lat' dir='ltr'><strong>Moysis</strong></span> <span class='ocrx_word' id='word_1_38' title='bbox 855 691 1149 761; x_wconf 78' lang='lat' dir='ltr'><strong>negligere.</strong></span> <span class='ocrx_word' id='word_1_39' title='bbox 1204 691 1369 747; x_wconf 85' lang='lat' dir='ltr'><strong>Multo</strong></span> <span class='ocrx_word' id='word_1_40' title='bbox 1427 693 1569 747; x_wconf 89' lang='lat' dir='ltr'><strong>enim</strong></span> <span class='ocrx_word' id='word_1_41' title='bbox 1624 692 1845 762; x_wconf 84' lang='lat' dir='ltr'><strong>majoris</strong></span> <span class='ocrx_word' id='word_1_42' title='bbox 1896 708 1989 759; x_wconf 81' lang='lat' dir='ltr'><strong>op-</strong></span> 
     </span>
    </p>
   </div>
   <div class='ocr_carea' id='block_1_8' title="bbox 407 782 1987 854">
    <p class='ocr_par' dir='ltr' id='par_1_8' title="bbox 407 782 1987 854">
     <span class='ocr_line' id='line_1_8' title="bbox 407 782 1987 854; baseline 0.001 -17"><span class='ocrx_word' id='word_1_43' title='bbox 407 783 610 854; x_wconf 87' lang='lat' dir='ltr'><strong>probrii</strong></span> <span class='ocrx_word' id='word_1_44' title='bbox 656 792 759 846; x_wconf 89' lang='lat' dir='ltr'><strong>est,</strong></span> <span class='ocrx_word' id='word_1_45' title='bbox 809 782 901 852; x_wconf 89' lang='lat' dir='ltr'><strong>qui</strong></span> <span class='ocrx_word' id='word_1_46' title='bbox 952 791 1073 851; x_wconf 85' lang='lat' dir='ltr'><strong>post</strong></span> <span class='ocrx_word' id='word_1_47' title='bbox 1116 782 1499 854; x_wconf 84' lang='lat' dir='ltr'><strong>Evangelium,</strong></span> <span class='ocrx_word' id='word_1_48' title='bbox 1546 798 1708 853; x_wconf 89' lang='lat' dir='ltr'><strong>quam</strong></span> <span class='ocrx_word' id='word_1_49' title='bbox 1751 784 1837 839; x_wconf 93' lang='lat' dir='ltr'><strong>ille</strong></span> <span class='ocrx_word' id='word_1_50' title='bbox 1893 785 1987 853; x_wconf 88' lang='lat' dir='ltr'><strong>qui</strong></span> 
     </span>
    </p>
   </div>
   <div class='ocr_carea' id='block_1_9' title="bbox 404 874 1987 947">
    <p class='ocr_par' dir='ltr' id='par_1_9' title="bbox 404 874 1987 947">
     <span class='ocr_line' id='line_1_9' title="bbox 404 874 1987 947; baseline 0.001 -16"><span class='ocrx_word' id='word_1_51' title='bbox 404 876 507 931; x_wconf 88' lang='lat' dir='ltr'><strong>sub</strong></span> <span class='ocrx_word' id='word_1_52' title='bbox 576 876 692 944; x_wconf 88' lang='lat' dir='ltr'><strong>lege</strong></span> <span class='ocrx_word' id='word_1_53' title='bbox 755 875 965 945; x_wconf 88' lang='lat' dir='ltr'><strong>positus</strong></span> <span class='ocrx_word' id='word_1_54' title='bbox 1040 874 1377 941; x_wconf 78' lang='lat' dir='ltr'><strong>fornicatur,</strong></span> <span class='ocrx_word' id='word_1_55' title='bbox 1444 877 1568 947; x_wconf 88' lang='lat' dir='ltr'><strong>quia</strong></span> <span class='ocrx_word' id='word_1_56' title='bbox 1628 877 1730 933; x_wconf 87' lang='lat' dir='ltr'><strong>iste</strong></span> <span class='ocrx_word' id='word_1_57' title='bbox 1796 879 1987 933; x_wconf 90' lang='lat' dir='ltr'><strong>tollens</strong></span> 
     </span>
    </p>
   </div>
   <div class='ocr_carea' id='block_1_10' title="bbox 404 966 1979 1038">
    <p class='ocr_par' dir='ltr' id='par_1_10' title="bbox 404 966 1979 1038">
     <span class='ocr_line' id='line_1_10' title="bbox 404 966 1979 1038; baseline 0.001 -17"><span class='ocrx_word' id='word_1_58' title='bbox 404 966 569 1038; x_wconf 57' lang='lat'><strong>509</strong></span> <span class='ocrx_word' id='word_1_59' title='bbox 598 967 838 1022; x_wconf 89' lang='lat' dir='ltr'><strong>membra</strong></span> <span class='ocrx_word' id='word_1_60' title='bbox 870 966 1094 1033; x_wconf 77' lang='lat' dir='ltr'><strong>Christi,</strong></span> <span class='ocrx_word' id='word_1_61' title='bbox 1126 968 1252 1021; x_wconf 81' lang='lat' dir='ltr'><strong>facit</strong></span> <span class='ocrx_word' id='word_1_62' title='bbox 1286 984 1347 1022; x_wconf 88' lang='lat' dir='ltr'><strong>ea</strong></span> <span class='ocrx_word' id='word_1_63' title='bbox 1374 968 1618 1023; x_wconf 89' lang='lat' dir='ltr'><strong>membra</strong></span> <span class='ocrx_word' id='word_1_64' title='bbox 1652 970 1979 1026; x_wconf 88' lang='lat' dir='ltr'><strong>meretricis.</strong></span> 
     </span>
    </p>
   </div>
   <div class='ocr_carea' id='block_1_11' title="bbox 407 1056 1986 1134">
    <p class='ocr_par' dir='ltr' id='par_1_11' title="bbox 407 1056 1986 1134">
     <span class='ocr_line' id='line_1_11' title="bbox 407 1056 1986 1134; baseline 0.004 -23"><span class='ocrx_word' id='word_1_65' title='bbox 407 1056 571 1115; x_wconf 81' lang='lat' dir='ltr'><strong>Vides</strong></span> <span class='ocrx_word' id='word_1_66' title='bbox 594 1075 726 1129; x_wconf 78' lang='lat' dir='ltr'><strong>ergo</strong></span> <span class='ocrx_word' id='word_1_67' title='bbox 753 1077 915 1129; x_wconf 88' lang='lat' dir='ltr'><strong>quam</strong></span> <span class='ocrx_word' id='word_1_68' title='bbox 950 1061 1202 1129; x_wconf 77' lang='lat' dir='ltr'><strong>graviora</strong></span> <span class='ocrx_word' id='word_1_69' title='bbox 1240 1072 1294 1116; x_wconf 91' lang='lat' dir='ltr'><strong>et</strong></span> <span class='ocrx_word' id='word_1_70' title='bbox 1328 1064 1685 1118; x_wconf 90' lang='lat' dir='ltr'><strong>cumulatiora</strong></span> <span class='ocrx_word' id='word_1_71' title='bbox 1723 1065 1772 1119; x_wconf 92' lang='lat' dir='ltr'><strong>in</strong></span> <span class='ocrx_word' id='word_1_72' title='bbox 1811 1074 1864 1120; x_wconf 88' lang='lat' dir='ltr'><strong>te</strong></span> <span class='ocrx_word' id='word_1_73' title='bbox 1888 1080 1986 1134; x_wconf 88' lang='lat' dir='ltr'><strong>op-</strong></span> 
     </span>
    </p>
   </div>
   <div class='ocr_carea' id='block_1_12' title="bbox 404 1151 1980 1227">
    <p class='ocr_par' dir='ltr' id='par_1_12' title="bbox 404 1151 1980 1227">
     <span class='ocr_line' id='line_1_12' title="bbox 404 1151 1980 1227; baseline 0.004 -23"><span class='ocrx_word' id='word_1_74' title='bbox 404 1151 645 1222; x_wconf 79' lang='lat' dir='ltr'><strong>probria,</strong></span> <span class='ocrx_word' id='word_1_75' title='bbox 706 1154 751 1207; x_wconf 91' lang='lat' dir='ltr'><strong>si</strong></span> <span class='ocrx_word' id='word_1_76' title='bbox 801 1152 1127 1223; x_wconf 72' lang='lat' dir='ltr'><strong>neglexeris,</strong></span> <span class='ocrx_word' id='word_1_77' title='bbox 1175 1155 1547 1209; x_wconf 80' lang='lat' dir='ltr'><strong>revolvantur.</strong></span> <span class='ocrx_word' id='word_1_78' title='bbox 1593 1156 1829 1227; x_wconf 90' lang='lat' dir='ltr'><strong>Denique</strong></span> <span class='ocrx_word' id='word_1_79' title='bbox 1867 1158 1980 1227; x_wconf 88' lang='lat' dir='ltr'><strong>jam</strong></span> 
     </span>
    </p>
   </div>
   <div class='ocr_carea' id='block_1_13' title="bbox 406 1245 1982 1319">
    <p class='ocr_par' dir='ltr' id='par_1_13' title="bbox 406 1245 1982 1319">
     <span class='ocr_line' id='line_1_13' title="bbox 406 1245 1982 1319; baseline 0.005 -24"><span class='ocrx_word' id='word_1_80' title='bbox 406 1259 566 1297; x_wconf 90' lang='lat' dir='ltr'><strong>nemo</strong></span> <span class='ocrx_word' id='word_1_81' title='bbox 601 1253 651 1297; x_wconf 91' lang='lat' dir='ltr'><strong>te</strong></span> <span class='ocrx_word' id='word_1_82' title='bbox 694 1258 844 1297; x_wconf 90' lang='lat' dir='ltr'><strong>reum</strong></span> <span class='ocrx_word' id='word_1_83' title='bbox 890 1245 1063 1313; x_wconf 88' lang='lat' dir='ltr'><strong>stupri</strong></span> <span class='ocrx_word' id='word_1_84' title='bbox 1094 1245 1292 1315; x_wconf 83' lang='lat' dir='ltr'><strong>arguit,</strong></span> <span class='ocrx_word' id='word_1_85' title='bbox 1327 1246 1423 1301; x_wconf 89' lang='lat' dir='ltr'><strong>sed</strong></span> <span class='ocrx_word' id='word_1_86' title='bbox 1449 1247 1723 1319; x_wconf 79' lang='lat' dir='ltr'><strong>sacrilegii</strong></span> <span class='ocrx_word' id='word_1_87' title='bbox 1776 1248 1982 1304; x_wconf 85' lang='lat' dir='ltr'><strong>scelere</strong></span> 
     </span>
    </p>
   </div>
   <div class='ocr_carea' id='block_1_14' title="bbox 402 1336 1979 1411">
    <p class='ocr_par' dir='ltr' id='par_1_14' title="bbox 402 1336 1979 1411">
     <span class='ocr_line' id='line_1_14' title="bbox 402 1336 1979 1411; baseline 0.006 -24"><span class='ocrx_word' id='word_1_88' title='bbox 402 1336 755 1398; x_wconf 82' lang='lat' dir='ltr'><strong>condemnat,</strong></span> <span class='ocrx_word' id='word_1_89' title='bbox 784 1337 907 1402; x_wconf 75' lang='lat' dir='ltr'><strong>quia</strong></span> <span class='ocrx_word' id='word_1_90' title='bbox 947 1338 1148 1392; x_wconf 89' lang='lat' dir='ltr'><strong>dicitur</strong></span> <span class='ocrx_word' id='word_1_91' title='bbox 1181 1340 1246 1392; x_wconf 89' lang='lat' dir='ltr'><strong>ad</strong></span> <span class='ocrx_word' id='word_1_92' title='bbox 1277 1339 1425 1395; x_wconf 78' lang='lat' dir='ltr'><strong>te”:</strong></span> <span class='ocrx_word' id='word_1_93' title='bbox 1453 1357 1471 1389; x_wconf 72' lang='grc' dir='ltr'>ε</span> <span class='ocrx_word' id='word_1_94' title='bbox 1510 1340 1588 1394; x_wconf 86' lang='grc' dir='ltr'><strong>Αη</strong></span> <span class='ocrx_word' id='word_1_95' title='bbox 1613 1342 1833 1396; x_wconf 80' lang='lat' dir='ltr'><strong>nescitis</strong></span> <span class='ocrx_word' id='word_1_96' title='bbox 1856 1342 1979 1411; x_wconf 85' lang='lat' dir='ltr'><strong>quia</strong></span> 
     </span>
    </p>
   </div>
   <div class='ocr_carea' id='block_1_15' title="bbox 401 1428 1978 1500">
    <p class='ocr_par' dir='ltr' id='par_1_15' title="bbox 401 1428 1978 1500">
     <span class='ocr_line' id='line_1_15' title="bbox 401 1428 1978 1500; baseline 0.005 -24"><span class='ocrx_word' id='word_1_97' title='bbox 401 1442 633 1495; x_wconf 79' lang='lat' dir='ltr'><strong>corpora</strong></span> <span class='ocrx_word' id='word_1_98' title='bbox 671 1438 846 1482; x_wconf 81' lang='lat' dir='ltr'><strong>vestra</strong></span> <span class='ocrx_word' id='word_1_99' title='bbox 899 1428 1158 1498; x_wconf 86' lang='lat' dir='ltr'><strong>templum</strong></span> <span class='ocrx_word' id='word_1_100' title='bbox 1192 1430 1282 1483; x_wconf 87' lang='lat' dir='ltr'><strong>Dei</strong></span> <span class='ocrx_word' id='word_1_101' title='bbox 1324 1432 1489 1484; x_wconf 87' lang='lat' dir='ltr'><strong>sunt?</strong></span> <span class='ocrx_word' id='word_1_102' title='bbox 1539 1432 1594 1486; x_wconf 87' lang='lat' dir='ltr'><strong>Si</strong></span> <span class='ocrx_word' id='word_1_103' title='bbox 1630 1432 1753 1500; x_wconf 87' lang='lat' dir='ltr'><strong>quis</strong></span> <span class='ocrx_word' id='word_1_104' title='bbox 1799 1443 1978 1486; x_wconf 82' lang='lat' dir='ltr'><strong>autem</strong></span> 
     </span>
    </p>
   </div>
   <div class='ocr_carea' id='block_1_16' title="bbox 404 1518 1967 1591">
    <p class='ocr_par' dir='ltr' id='par_1_16' title="bbox 404 1518 1967 1591">
     <span class='ocr_line' id='line_1_16' title="bbox 404 1518 1967 1591; baseline 0.003 -20"><span class='ocrx_word' id='word_1_105' title='bbox 404 1519 665 1587; x_wconf 82' lang='lat' dir='ltr'><strong>templum</strong></span> <span class='ocrx_word' id='word_1_106' title='bbox 717 1518 809 1572; x_wconf 86' lang='lat' dir='ltr'><strong>Dei</strong></span> <span class='ocrx_word' id='word_1_107' title='bbox 857 1520 1167 1585; x_wconf 81' lang='lat' dir='ltr'><strong>violaverit,</strong></span> <span class='ocrx_word' id='word_1_108' title='bbox 1221 1522 1495 1591; x_wconf 86' lang='lat' dir='ltr'><strong>disperdet</strong></span> <span class='ocrx_word' id='word_1_109' title='bbox 1558 1523 1704 1578; x_wconf 91' lang='lat' dir='ltr'><strong>illum</strong></span> <span class='ocrx_word' id='word_1_110' title='bbox 1740 1524 1899 1578; x_wconf 88' lang='lat' dir='ltr'><strong>Deus.</strong></span> <span class='ocrx_word' id='word_1_111' title='bbox 1947 1543 1967 1575; x_wconf 73' lang='grc' dir='ltr'><strong>ι</strong></span> 
     </span>
    </p>
   </div>
   <div class='ocr_carea' id='block_1_17' title="bbox 404 1608 1979 1682">
    <p class='ocr_par' dir='ltr' id='par_1_17' title="bbox 404 1608 1979 1682">
     <span class='ocr_line' id='line_1_17' title="bbox 404 1608 1979 1682; baseline 0.007 -19"><span class='ocrx_word' id='word_1_112' title='bbox 404 1608 529 1664; x_wconf 62' lang='lat' dir='ltr'><strong>Ilaec</strong></span> <span class='ocrx_word' id='word_1_113' title='bbox 561 1610 777 1664; x_wconf 85' lang='lat' dir='ltr'><strong>etiamsi</strong></span> <span class='ocrx_word' id='word_1_114' title='bbox 814 1612 962 1681; x_wconf 89' lang='lat' dir='ltr'><strong>prius</strong></span> <span class='ocrx_word' id='word_1_115' title='bbox 1015 1614 1326 1682; x_wconf 78' lang='lat' dir='ltr'><strong>ignorabas,</strong></span> <span class='ocrx_word' id='word_1_116' title='bbox 1370 1629 1517 1669; x_wconf 87' lang='lat' dir='ltr'><strong>nunc</strong></span> <span class='ocrx_word' id='word_1_117' title='bbox 1568 1625 1747 1672; x_wconf 86' lang='lat' dir='ltr'><strong>tamen</strong></span> <span class='ocrx_word' id='word_1_118' title='bbox 1780 1634 1844 1673; x_wconf 82' lang='lat' dir='ltr'><strong>ex</strong></span> <span class='ocrx_word' id='word_1_119' title='bbox 1873 1632 1979 1682; x_wconf 90' lang='lat' dir='ltr'><strong>quo</strong></span> 
     </span>
    </p>
   </div>
   <div class='ocr_carea' id='block_1_18' title="bbox 406 1700 1975 1771">
    <p class='ocr_par' dir='ltr' id='par_1_18' title="bbox 406 1700 1975 1771">
     <span class='ocr_line' id='line_1_18' title="bbox 406 1700 1975 1771; baseline 0.01 -23"><span class='ocrx_word' id='word_1_120' title='bbox 406 1712 457 1750; x_wconf 80' lang='lat' dir='ltr'><strong>tu</strong></span> <span class='ocrx_word' id='word_1_121' title='bbox 486 1700 712 1755; x_wconf 83' lang='lat' dir='ltr'><strong>auribus</strong></span> <span class='ocrx_word' id='word_1_122' title='bbox 743 1702 853 1755; x_wconf 90' lang='lat' dir='ltr'><strong>tuis</strong></span> <span class='ocrx_word' id='word_1_123' title='bbox 883 1702 985 1757; x_wconf 92' lang='lat' dir='ltr'><strong>ista</strong></span> <span class='ocrx_word' id='word_1_124' title='bbox 1015 1707 1181 1757; x_wconf 84' lang='lat' dir='ltr'><strong>verba</strong></span> <span class='ocrx_word' id='word_1_125' title='bbox 1232 1705 1511 1771; x_wconf 89' lang='lat' dir='ltr'><strong>dicuntur,</strong></span> <span class='ocrx_word' id='word_1_126' title='bbox 1546 1717 1599 1761; x_wconf 92' lang='lat' dir='ltr'><strong>et</strong></span> <span class='ocrx_word' id='word_1_127' title='bbox 1628 1709 1681 1762; x_wconf 94' lang='lat' dir='ltr'><strong>in</strong></span> <span class='ocrx_word' id='word_1_128' title='bbox 1708 1724 1804 1763; x_wconf 92' lang='lat' dir='ltr'><strong>cor</strong></span> <span class='ocrx_word' id='word_1_129' title='bbox 1828 1718 1975 1763; x_wconf 91' lang='lat' dir='ltr'><strong>tuum</strong></span> 
     </span>
    </p>
   </div>
   <div class='ocr_carea' id='block_1_19' title="bbox 402 1788 1979 1863">
    <p class='ocr_par' dir='ltr' id='par_1_19' title="bbox 402 1788 1979 1863">
     <span class='ocr_line' id='line_1_19' title="bbox 402 1788 1979 1863; baseline 0.008 -21"><span class='ocrx_word' id='word_1_130' title='bbox 402 1788 773 1856; x_wconf 82' lang='lat' dir='ltr'><strong>hujuscemodi</strong></span> <span class='ocrx_word' id='word_1_131' title='bbox 808 1793 1054 1850; x_wconf 85' lang='lat' dir='ltr'><strong>doctrina</strong></span> <span class='ocrx_word' id='word_1_132' title='bbox 1084 1795 1502 1863; x_wconf 74' lang='lat' dir='ltr'><strong>transfunditur,</strong></span> <span class='ocrx_word' id='word_1_133' title='bbox 1525 1801 1739 1855; x_wconf 89' lang='lat' dir='ltr'><strong>scitote</strong></span> <span class='ocrx_word' id='word_1_134' title='bbox 1769 1801 1852 1854; x_wconf 92' lang='lat' dir='ltr'><strong>his</strong></span> <span class='ocrx_word' id='word_1_135' title='bbox 1881 1818 1979 1854; x_wconf 89' lang='lat' dir='ltr'><strong>au-</strong></span> 
     </span>
    </p>
   </div>
   <div class='ocr_carea' id='block_1_20' title="bbox 399 1883 1979 1964">
    <p class='ocr_par' dir='ltr' id='par_1_20' title="bbox 399 1883 1979 1964">
     <span class='ocr_line' id='line_1_20' title="bbox 399 1883 1979 1964; baseline 0.011 -29"><span class='ocrx_word' id='word_1_136' title='bbox 399 1883 527 1938; x_wconf 86' lang='lat' dir='ltr'><strong>ditis</strong></span> <span class='ocrx_word' id='word_1_137' title='bbox 583 1884 837 1955; x_wconf 89' lang='lat' dir='ltr'><strong>templum</strong></span> <span class='ocrx_word' id='word_1_138' title='bbox 883 1887 975 1942; x_wconf 91' lang='lat' dir='ltr'><strong>Dei</strong></span> <span class='ocrx_word' id='word_1_139' title='bbox 1028 1900 1081 1943; x_wconf 93' lang='lat' dir='ltr'><strong>et</strong></span> <span class='ocrx_word' id='word_1_140' title='bbox 1133 1892 1435 1945; x_wconf 91' lang='lat' dir='ltr'><strong>membrum</strong></span> <span class='ocrx_word' id='word_1_141' title='bbox 1475 1893 1680 1949; x_wconf 87' lang='lat' dir='ltr'><strong>Christi</strong></span> <span class='ocrx_word' id='word_1_142' title='bbox 1710 1910 1832 1951; x_wconf 90' lang='lat' dir='ltr'><strong>esse</strong></span> <span class='ocrx_word' id='word_1_143' title='bbox 1864 1896 1979 1964; x_wconf 88' lang='lat' dir='ltr'><strong>jam</strong></span> 
     </span>
    </p>
   </div>
   <div class='ocr_carea' id='block_1_21' title="bbox 402 1971 1981 2050">
    <p class='ocr_par' dir='ltr' id='par_1_21' title="bbox 402 1971 1981 2050">
     <span class='ocr_line' id='line_1_21' title="bbox 402 1971 1981 2050; baseline 0.012 -26"><span class='ocrx_word' id='word_1_144' title='bbox 402 1971 623 2028; x_wconf 75' lang='lat' dir='ltr'><strong>ractum.</strong></span> <span class='ocrx_word' id='word_1_145' title='bbox 682 1973 817 2031; x_wconf 82' lang='lat' dir='ltr'><strong>Vide</strong></span> <span class='ocrx_word' id='word_1_146' title='bbox 866 1990 1126 2046; x_wconf 89' lang='lat' dir='ltr'><strong>quantum</strong></span> <span class='ocrx_word' id='word_1_147' title='bbox 1182 1982 1484 2050; x_wconf 79' lang='lat' dir='ltr'><strong>profeceris</strong></span> <span class='ocrx_word' id='word_1_148' title='bbox 1529 1998 1597 2039; x_wconf 77' lang='lat' dir='ltr'><strong>ex</strong></span> <span class='ocrx_word' id='word_1_149' title='bbox 1656 1985 1981 2043; x_wconf 84' lang='lat' dir='ltr'><strong>homunculo</strong></span> 
     </span>
    </p>
   </div>
   <div class='ocr_carea' id='block_1_22' title="bbox 404 2066 1982 2146">
    <p class='ocr_par' dir='ltr' id='par_1_22' title="bbox 404 2066 1982 2146">
     <span class='ocr_line' id='line_1_22' title="bbox 404 2066 1982 2146; baseline 0.012 -29"><span class='ocrx_word' id='word_1_150' title='bbox 404 2075 625 2120; x_wconf 90' lang='lat' dir='ltr'><strong>terreno</strong></span> <span class='ocrx_word' id='word_1_151' title='bbox 654 2066 788 2140; x_wconf 90' lang='lat'><strong>(66).</strong></span> <span class='ocrx_word' id='word_1_152' title='bbox 838 2071 892 2124; x_wconf 95' lang='lat' dir='ltr'><strong>In</strong></span> <span class='ocrx_word' id='word_1_153' title='bbox 939 2073 1197 2143; x_wconf 86' lang='lat' dir='ltr'><strong>templum</strong></span> <span class='ocrx_word' id='word_1_154' title='bbox 1254 2074 1345 2129; x_wconf 90' lang='lat' dir='ltr'><strong>Dei</strong></span> <span class='ocrx_word' id='word_1_155' title='bbox 1381 2091 1699 2146; x_wconf 87' lang='lat' dir='ltr'><strong>progressus</strong></span> <span class='ocrx_word' id='word_1_156' title='bbox 1750 2092 1808 2134; x_wconf 86' lang='lat' dir='ltr'><strong>es</strong></span> <span class='ocrx_word' id='word_1_157' title='bbox 1861 2080 1982 2136; x_wconf 81' lang='lat' dir='ltr'><strong>sine</strong></span> 
     </span>
    </p>
   </div>
   <div class='ocr_carea' id='block_1_23' title="bbox 399 2157 1983 2239">
    <p class='ocr_par' dir='ltr' id='par_1_23' title="bbox 399 2157 1983 2239">
     <span class='ocr_line' id='line_1_23' title="bbox 399 2157 1983 2239; baseline 0.011 -30"><span class='ocrx_word' id='word_1_158' title='bbox 399 2157 585 2221; x_wconf 88' lang='lat' dir='ltr'><strong>dubio,</strong></span> <span class='ocrx_word' id='word_1_159' title='bbox 616 2157 667 2211; x_wconf 93' lang='lat' dir='ltr'><strong>in</strong></span> <span class='ocrx_word' id='word_1_160' title='bbox 705 2176 812 2229; x_wconf 90' lang='lat' dir='ltr'><strong>quo</strong></span> <span class='ocrx_word' id='word_1_161' title='bbox 865 2164 1112 2220; x_wconf 85' lang='lat' dir='ltr'><strong>habitare</strong></span> <span class='ocrx_word' id='word_1_162' title='bbox 1155 2166 1313 2221; x_wconf 86' lang='lat' dir='ltr'><strong>debet</strong></span> <span class='ocrx_word' id='word_1_163' title='bbox 1348 2166 1488 2224; x_wconf 91' lang='lat' dir='ltr'><strong>Dens</strong></span> <span class='ocrx_word' id='word_1_164' title='bbox 1519 2185 1534 2223; x_wconf 90' lang='lat'><strong>:</strong></span> <span class='ocrx_word' id='word_1_165' title='bbox 1565 2179 1617 2223; x_wconf 88' lang='lat' dir='ltr'><strong>et</strong></span> <span class='ocrx_word' id='word_1_166' title='bbox 1651 2170 1741 2239; x_wconf 87' lang='lat' dir='ltr'><strong>qui</strong></span> <span class='ocrx_word' id='word_1_167' title='bbox 1775 2186 1903 2226; x_wconf 88' lang='lat' dir='ltr'><strong>caro</strong></span> <span class='ocrx_word' id='word_1_168' title='bbox 1928 2181 1983 2227; x_wconf 89' lang='lat' dir='ltr'><strong>et</strong></span> 
     </span>
    </p>
   </div>
   <div class='ocr_carea' id='block_1_24' title="bbox 398 2252 1975 2322">
    <p class='ocr_par' dir='ltr' id='par_1_24' title="bbox 398 2252 1975 2322">
     <span class='ocr_line' id='line_1_24' title="bbox 398 2252 1975 2322; baseline 0.013 -22"><span class='ocrx_word' id='word_1_169' title='bbox 398 2252 620 2320; x_wconf 75' lang='lat' dir='ltr'><strong>sanguis</strong></span> <span class='ocrx_word' id='word_1_170' title='bbox 670 2269 813 2319; x_wconf 87' lang='lat' dir='ltr'><strong>eras,</strong></span> <span class='ocrx_word' id='word_1_171' title='bbox 840 2255 1122 2322; x_wconf 70' lang='lat' dir='ltr'><strong>proiecisti</strong></span> <span class='ocrx_word' id='word_1_172' title='bbox 1156 2267 1214 2311; x_wconf 92' lang='lat' dir='ltr'><strong>ut</strong></span> <span class='ocrx_word' id='word_1_173' title='bbox 1268 2262 1570 2315; x_wconf 90' lang='lat' dir='ltr'><strong>membrum</strong></span> <span class='ocrx_word' id='word_1_174' title='bbox 1622 2262 1823 2319; x_wconf 89' lang='lat' dir='ltr'><strong>Christi</strong></span> <span class='ocrx_word' id='word_1_175' title='bbox 1878 2265 1975 2321; x_wconf 90' lang='lat' dir='ltr'><strong>sis.</strong></span> 
     </span>
    </p>
   </div>
   <div class='ocr_carea' id='block_1_25' title="bbox 398 2344 1975 2423">
    <p class='ocr_par' dir='ltr' id='par_1_25' title="bbox 398 2344 1975 2423">
     <span class='ocr_line' id='line_1_25' title="bbox 398 2344 1975 2423; baseline 0.008 -22"><span class='ocrx_word' id='word_1_176' title='bbox 398 2344 505 2401; x_wconf 85' lang='lat' dir='ltr'><strong>Sed</strong></span> <span class='ocrx_word' id='word_1_177' title='bbox 538 2347 677 2402; x_wconf 83' lang='lat' dir='ltr'><strong>sicut</strong></span> <span class='ocrx_word' id='word_1_178' title='bbox 704 2367 931 2421; x_wconf 84' lang='lat' dir='ltr'><strong>magnus</strong></span> <span class='ocrx_word' id='word_1_179' title='bbox 980 2362 1064 2407; x_wconf 89' lang='lat' dir='ltr'><strong>est</strong></span> <span class='ocrx_word' id='word_1_180' title='bbox 1093 2353 1196 2409; x_wconf 90' lang='lat' dir='ltr'><strong>iste</strong></span> <span class='ocrx_word' id='word_1_181' title='bbox 1230 2354 1530 2423; x_wconf 82' lang='lat' dir='ltr'><strong>profectus,</strong></span> <span class='ocrx_word' id='word_1_182' title='bbox 1569 2357 1640 2411; x_wconf 91' lang='lat' dir='ltr'><strong>ita</strong></span> <span class='ocrx_word' id='word_1_183' title='bbox 1672 2367 1726 2412; x_wconf 91' lang='lat' dir='ltr'><strong>et</strong></span> <span class='ocrx_word' id='word_1_184' title='bbox 1768 2359 1975 2415; x_wconf 85' lang='lat' dir='ltr'><strong>disces-</strong></span> 
     </span>
    </p>
   </div>
   <div class='ocr_carea' id='block_1_26' title="bbox 397 2439 1970 2521">
    <p class='ocr_par' dir='ltr' id='par_1_26' title="bbox 397 2439 1970 2521">
     <span class='ocr_line' id='line_1_26' title="bbox 397 2439 1970 2521; baseline 0.01 -30"><span class='ocrx_word' id='word_1_185' title='bbox 397 2452 490 2491; x_wconf 89' lang='lat' dir='ltr'><strong>sus</strong></span> <span class='ocrx_word' id='word_1_186' title='bbox 549 2439 833 2504; x_wconf 86' lang='lat' dir='ltr'><strong>terribilis,</strong></span> <span class='ocrx_word' id='word_1_187' title='bbox 869 2452 1031 2511; x_wconf 86' lang='lat' dir='ltr'><strong>atque</strong></span> <span class='ocrx_word' id='word_1_188' title='bbox 1075 2444 1495 2503; x_wconf 89' lang='lat' dir='ltr'><strong>irremediabilis</strong></span> <span class='ocrx_word' id='word_1_189' title='bbox 1538 2463 1675 2517; x_wconf 90' lang='lat' dir='ltr'><strong>pene</strong></span> <span class='ocrx_word' id='word_1_190' title='bbox 1725 2450 1837 2521; x_wconf 88' lang='lat'><strong>(67)</strong></span> <span class='ocrx_word' id='word_1_191' title='bbox 1892 2452 1970 2508; x_wconf 85' lang='lat' dir='ltr'><strong>la-</strong></span> 
     </span>
    </p>
   </div>
   <div class='ocr_carea' id='block_1_27' title="bbox 396 2531 1964 2608">
    <p class='ocr_par' dir='ltr' id='par_1_27' title="bbox 396 2531 1964 2608">
     <span class='ocr_line' id='line_1_27' title="bbox 396 2531 1964 2608; baseline 0.01 -25"><span class='ocrx_word' id='word_1_192' title='bbox 396 2547 545 2601; x_wconf 90' lang='lat' dir='ltr'><strong>psus.</strong></span> <span class='ocrx_word' id='word_1_193' title='bbox 566 2531 686 2586; x_wconf 89' lang='lat' dir='ltr'><strong>Iam</strong></span> <span class='ocrx_word' id='word_1_194' title='bbox 711 2534 804 2589; x_wconf 89' lang='lat' dir='ltr'><strong>tibi</strong></span> <span class='ocrx_word' id='word_1_195' title='bbox 838 2535 983 2590; x_wconf 92' lang='lat' dir='ltr'><strong>enim</strong></span> <span class='ocrx_word' id='word_1_196' title='bbox 1017 2552 1124 2590; x_wconf 93' lang='lat' dir='ltr'><strong>non</strong></span> <span class='ocrx_word' id='word_1_197' title='bbox 1150 2535 1279 2591; x_wconf 92' lang='lat' dir='ltr'><strong>licet</strong></span> <span class='ocrx_word' id='word_1_198' title='bbox 1307 2540 1504 2608; x_wconf 85' lang='lat' dir='ltr'><strong>templo</strong></span> <span class='ocrx_word' id='word_1_199' title='bbox 1532 2540 1627 2597; x_wconf 92' lang='lat' dir='ltr'><strong>Dei</strong></span> <span class='ocrx_word' id='word_1_200' title='bbox 1658 2543 1757 2607; x_wconf 88' lang='lat' dir='ltr'><strong>uti,</strong></span> <span class='ocrx_word' id='word_1_201' title='bbox 1787 2543 1889 2599; x_wconf 85' lang='lat' dir='ltr'><strong>nisi</strong></span> <span class='ocrx_word' id='word_1_202' title='bbox 1911 2546 1964 2600; x_wconf 93' lang='lat' dir='ltr'><strong>in</strong></span> 
     </span>
    </p>
   </div>
   <div class='ocr_carea' id='block_1_28' title="bbox 398 2626 1973 2705">
    <p class='ocr_par' dir='ltr' id='par_1_28' title="bbox 398 2626 1973 2705">
     <span class='ocr_line' id='line_1_28' title="bbox 398 2626 1973 2705; baseline 0.01 -28"><span class='ocrx_word' id='word_1_203' title='bbox 398 2626 715 2692; x_wconf 79' lang='lat' dir='ltr'><strong>sanctitate,</strong></span> <span class='ocrx_word' id='word_1_204' title='bbox 745 2643 844 2683; x_wconf 89' lang='lat' dir='ltr'><strong>nec</strong></span> <span class='ocrx_word' id='word_1_205' title='bbox 873 2630 1113 2684; x_wconf 89' lang='lat' dir='ltr'><strong>membra</strong></span> <span class='ocrx_word' id='word_1_206' title='bbox 1138 2628 1340 2686; x_wconf 89' lang='lat' dir='ltr'><strong>Christi</strong></span> <span class='ocrx_word' id='word_1_207' title='bbox 1391 2640 1458 2688; x_wconf 89' lang='lat' dir='ltr'><strong>ad</strong></span> <span class='ocrx_word' id='word_1_208' title='bbox 1509 2636 1794 2705; x_wconf 81' lang='lat' dir='ltr'><strong>indignum</strong></span> <span class='ocrx_word' id='word_1_209' title='bbox 1826 2652 1973 2693; x_wconf 90' lang='lat' dir='ltr'><strong>revo-</strong></span> 
     </span>
    </p>
   </div>
   <div class='ocr_carea' id='block_1_29' title="bbox 396 2721 1976 2795">
    <p class='ocr_par' dir='ltr' id='par_1_29' title="bbox 396 2721 1976 2795">
     <span class='ocr_line' id='line_1_29' title="bbox 396 2721 1976 2795; baseline 0.009 -26"><span class='ocrx_word' id='word_1_210' title='bbox 396 2732 527 2771; x_wconf 84' lang='lat' dir='ltr'><strong>care</strong></span> <span class='ocrx_word' id='word_1_211' title='bbox 571 2721 871 2789; x_wconf 80' lang='lat' dir='ltr'><strong>negotium.</strong></span> <span class='ocrx_word' id='word_1_212' title='bbox 916 2723 981 2777; x_wconf 89' lang='lat' dir='ltr'><strong>Et</strong></span> <span class='ocrx_word' id='word_1_213' title='bbox 1009 2724 1127 2781; x_wconf 87' lang='lat' dir='ltr'><strong>ideo</strong></span> <span class='ocrx_word' id='word_1_214' title='bbox 1166 2726 1212 2780; x_wconf 87' lang='lat' dir='ltr'><strong>si</strong></span> <span class='ocrx_word' id='word_1_215' title='bbox 1240 2726 1459 2795; x_wconf 87' lang='lat' dir='ltr'><strong>quando</strong></span> <span class='ocrx_word' id='word_1_216' title='bbox 1493 2735 1543 2780; x_wconf 91' lang='lat' dir='ltr'><strong>te</strong></span> <span class='ocrx_word' id='word_1_217' title='bbox 1584 2728 1739 2782; x_wconf 77' lang='lat' dir='ltr'><strong>malae</strong></span> <span class='ocrx_word' id='word_1_218' title='bbox 1768 2745 1976 2786; x_wconf 80' lang='lat' dir='ltr'><strong>concu-</strong></span> 
     </span>
    </p>
   </div>
   <div class='ocr_carea' id='block_1_30' title="bbox 395 2808 1975 2890">
    <p class='ocr_par' dir='ltr' id='par_1_30' title="bbox 395 2808 1975 2890">
     <span class='ocr_line' id='line_1_30' title="bbox 395 2808 1975 2890; baseline 0.011 -29"><span class='ocrx_word' id='word_1_219' title='bbox 395 2808 675 2875; x_wconf 74' lang='lat' dir='ltr'><strong>piscentia:</strong></span> <span class='ocrx_word' id='word_1_220' title='bbox 702 2812 879 2879; x_wconf 88' lang='lat' dir='ltr'><strong>pulsat</strong></span> <span class='ocrx_word' id='word_1_221' title='bbox 902 2814 1175 2880; x_wconf 90' lang='lat' dir='ltr'><strong>iileeebra,</strong></span> <span class='ocrx_word' id='word_1_222' title='bbox 1212 2832 1423 2873; x_wconf 89' lang='lat' dir='ltr'><strong>memor</strong></span> <span class='ocrx_word' id='word_1_223' title='bbox 1464 2819 1658 2873; x_wconf 91' lang='lat' dir='ltr'><strong>horum</strong></span> <span class='ocrx_word' id='word_1_224' title='bbox 1687 2835 1807 2890; x_wconf 71' lang='lat' dir='ltr'><strong>qua:</strong></span> <span class='ocrx_word' id='word_1_225' title='bbox 1832 2838 1975 2878; x_wconf 90' lang='lat' dir='ltr'><strong>nunc</strong></span> 
     </span>
    </p>
   </div>
   <div class='ocr_carea' id='block_1_31' title="bbox 396 2902 1974 2981">
    <p class='ocr_par' dir='ltr' id='par_1_31' title="bbox 396 2902 1974 2981">
     <span class='ocr_line' id='line_1_31' title="bbox 396 2902 1974 2981; baseline 0.013 -29"><span class='ocrx_word' id='word_1_226' title='bbox 396 2902 571 2965; x_wconf 84' lang='lat' dir='ltr'><strong>audis,</strong></span> <span class='ocrx_word' id='word_1_227' title='bbox 614 2903 752 2958; x_wconf 89' lang='lat' dir='ltr'><strong>hosti</strong></span> <span class='ocrx_word' id='word_1_228' title='bbox 780 2904 1121 2973; x_wconf 86' lang='lat' dir='ltr'><strong>illioccurre,</strong></span> <span class='ocrx_word' id='word_1_229' title='bbox 1147 2911 1241 2981; x_wconf 88' lang='lat' dir='ltr'><strong>qui</strong></span> <span class='ocrx_word' id='word_1_230' title='bbox 1280 2912 1347 2966; x_wconf 90' lang='lat' dir='ltr'><strong>de</strong></span> <span class='ocrx_word' id='word_1_231' title='bbox 1380 2921 1434 2966; x_wconf 91' lang='lat' dir='ltr'><strong>te</strong></span> <span class='ocrx_word' id='word_1_232' title='bbox 1456 2916 1593 2981; x_wconf 82' lang='lat' dir='ltr'><strong>Ipso,</strong></span> <span class='ocrx_word' id='word_1_233' title='bbox 1634 2914 1737 2970; x_wconf 93' lang='lat' dir='ltr'><strong>hoc</strong></span> <span class='ocrx_word' id='word_1_234' title='bbox 1788 2926 1873 2971; x_wconf 91' lang='lat' dir='ltr'><strong>est</strong></span> <span class='ocrx_word' id='word_1_235' title='bbox 1908 2917 1974 2972; x_wconf 91' lang='lat' dir='ltr'><strong>de</strong></span> 
     </span>
    </p>
   </div>
   <div class='ocr_carea' id='block_1_32' title="bbox 399 2990 1969 3069">
    <p class='ocr_par' dir='ltr' id='par_1_32' title="bbox 399 2990 1969 3069">
     <span class='ocr_line' id='line_1_32' title="bbox 399 2990 1969 3069; baseline 0.016 -25"><span class='ocrx_word' id='word_1_236' title='bbox 399 3006 491 3048; x_wconf 78' lang='lat' dir='ltr'><strong>tuo</strong></span> <span class='ocrx_word' id='word_1_237' title='bbox 522 2999 688 3053; x_wconf 90' lang='lat' dir='ltr'><strong>corde</strong></span> <span class='ocrx_word' id='word_1_238' title='bbox 733 3000 999 3068; x_wconf 88' lang='lat' dir='ltr'><strong>procedit,</strong></span> <span class='ocrx_word' id='word_1_239' title='bbox 1030 3012 1086 3057; x_wconf 91' lang='lat' dir='ltr'><strong>et</strong></span> <span class='ocrx_word' id='word_1_240' title='bbox 1119 2990 1311 3059; x_wconf 87' lang='lat' dir='ltr'><strong>resiste</strong></span> <span class='ocrx_word' id='word_1_241' title='bbox 1355 3005 1404 3059; x_wconf 90' lang='lat' dir='ltr'><strong>ei</strong></span> <span class='ocrx_word' id='word_1_242' title='bbox 1456 3004 1509 3058; x_wconf 91' lang='lat' dir='ltr'><strong>in</strong></span> <span class='ocrx_word' id='word_1_243' title='bbox 1545 3006 1742 3063; x_wconf 86' lang='lat' dir='ltr'><strong>talibus</strong></span> <span class='ocrx_word' id='word_1_244' title='bbox 1769 3007 1969 3069; x_wconf 84' lang='lat' dir='ltr'><strong>verbis.</strong></span> 
     </span>
    </p>
   </div>
   <div class='ocr_carea' id='block_1_33' title="bbox 2096 504 3664 577">
    <p class='ocr_par' dir='ltr' id='par_1_33' title="bbox 2096 504 3664 577">
     <span class='ocr_line' id='line_1_33' title="bbox 2096 504 3664 577; baseline -0.001 -16"><span class='ocrx_word' id='word_1_245' title='bbox 2096 508 2239 561; x_wconf 91' lang='lat' dir='ltr'><strong>modi</strong></span> <span class='ocrx_word' id='word_1_246' title='bbox 2290 508 2581 577; x_wconf 81' lang='lat' dir='ltr'><strong>approbria</strong></span> <span class='ocrx_word' id='word_1_247' title='bbox 2639 508 2904 577; x_wconf 85' lang='lat' dir='ltr'><strong>pullulare</strong></span> <span class='ocrx_word' id='word_1_248' title='bbox 2943 521 2959 561; x_wconf 90' lang='lat'><strong>:</strong></span> <span class='ocrx_word' id='word_1_249' title='bbox 2998 523 3120 577; x_wconf 71' lang='lat' dir='ltr'><strong>qua:</strong></span> <span class='ocrx_word' id='word_1_250' title='bbox 3176 507 3222 563; x_wconf 89' lang='lat' dir='ltr'><strong>si</strong></span> <span class='ocrx_word' id='word_1_251' title='bbox 3284 507 3512 561; x_wconf 87' lang='lat' dir='ltr'><strong>transito</strong></span> <span class='ocrx_word' id='word_1_252' title='bbox 3555 504 3664 572; x_wconf 83' lang='lat' dir='ltr'><strong>iam</strong></span> 
     </span>
    </p>
   </div>
   <div class='ocr_carea' id='block_1_34' title="bbox 2092 598 3664 670">
    <p class='ocr_par' dir='ltr' id='par_1_34' title="bbox 2092 598 3664 670">
     <span class='ocr_line' id='line_1_34' title="bbox 2092 598 3664 670; baseline -0.001 -16"><span class='ocrx_word' id='word_1_253' title='bbox 2092 598 2329 654; x_wconf 86' lang='lat' dir='ltr'><strong>Iordane</strong></span> <span class='ocrx_word' id='word_1_254' title='bbox 2370 601 2700 670; x_wconf 88' lang='lat' dir='ltr'><strong>susceperis,</strong></span> <span class='ocrx_word' id='word_1_255' title='bbox 2734 610 2788 654; x_wconf 93' lang='lat' dir='ltr'><strong>et</strong></span> <span class='ocrx_word' id='word_1_256' title='bbox 2820 600 2887 655; x_wconf 91' lang='lat' dir='ltr'><strong>iis</strong></span> <span class='ocrx_word' id='word_1_257' title='bbox 2920 609 2970 654; x_wconf 91' lang='lat' dir='ltr'><strong>te</strong></span> <span class='ocrx_word' id='word_1_258' title='bbox 3020 615 3212 653; x_wconf 89' lang='lat' dir='ltr'><strong>rursus</strong></span> <span class='ocrx_word' id='word_1_259' title='bbox 3258 598 3467 668; x_wconf 85' lang='lat' dir='ltr'><strong>laqueis</strong></span> <span class='ocrx_word' id='word_1_260' title='bbox 3492 598 3664 666; x_wconf 86' lang='lat' dir='ltr'><strong>illiga-</strong></span> 
     </span>
    </p>
   </div>
   <div class='ocr_carea' id='block_1_35' title="bbox 2092 689 3660 761">
    <p class='ocr_par' dir='ltr' id='par_1_35' title="bbox 2092 689 3660 761">
     <span class='ocr_line' id='line_1_35' title="bbox 2092 689 3660 761; baseline -0.001 -16"><span class='ocrx_word' id='word_1_261' title='bbox 2092 694 2255 757; x_wconf 88' lang='lat' dir='ltr'><strong>veris,</strong></span> <span class='ocrx_word' id='word_1_262' title='bbox 2307 702 2482 749; x_wconf 89' lang='lat' dir='ltr'><strong>tecum</strong></span> <span class='ocrx_word' id='word_1_263' title='bbox 2513 693 2631 745; x_wconf 90' lang='lat' dir='ltr'><strong>sine</strong></span> <span class='ocrx_word' id='word_1_264' title='bbox 2671 690 2836 744; x_wconf 87' lang='lat' dir='ltr'><strong>dubio</strong></span> <span class='ocrx_word' id='word_1_265' title='bbox 2869 690 3161 759; x_wconf 81' lang='lat' dir='ltr'><strong>Opprobria</strong></span> <span class='ocrx_word' id='word_1_266' title='bbox 3190 689 3413 761; x_wconf 61' lang='lat' dir='ltr'><strong>:‘Egypti</strong></span> <span class='ocrx_word' id='word_1_267' title='bbox 3467 689 3660 743; x_wconf 88' lang='lat' dir='ltr'><strong>trahis.</strong></span> 
     </span>
    </p>
   </div>
   <div class='ocr_carea' id='block_1_36' title="bbox 2093 780 3665 853">
    <p class='ocr_par' dir='ltr' id='par_1_36' title="bbox 2093 780 3665 853">
     <span class='ocr_line' id='line_1_36' title="bbox 2093 780 3665 853; baseline -0.004 -15"><span class='ocrx_word' id='word_1_268' title='bbox 2093 782 2199 839; x_wconf 91' lang='lat' dir='ltr'><strong>Sed</strong></span> <span class='ocrx_word' id='word_1_269' title='bbox 2226 786 2269 838; x_wconf 88' lang='lat' dir='ltr'><strong>si</strong></span> <span class='ocrx_word' id='word_1_270' title='bbox 2298 785 2519 853; x_wconf 88' lang='lat' dir='ltr'><strong>quando</strong></span> <span class='ocrx_word' id='word_1_271' title='bbox 2552 795 2603 839; x_wconf 91' lang='lat' dir='ltr'><strong>te</strong></span> <span class='ocrx_word' id='word_1_272' title='bbox 2634 782 2759 837; x_wconf 91' lang='lat' dir='ltr'><strong>talis</strong></span> <span class='ocrx_word' id='word_1_273' title='bbox 2797 781 3089 836; x_wconf 83' lang='lat' dir='ltr'><strong>curiositas</strong></span> <span class='ocrx_word' id='word_1_274' title='bbox 3134 780 3444 852; x_wconf 86' lang='lat' dir='ltr'><strong>interpellat</strong></span> <span class='ocrx_word' id='word_1_275' title='bbox 3495 788 3550 832; x_wconf 90' lang='lat' dir='ltr'><strong>et</strong></span> <span class='ocrx_word' id='word_1_276' title='bbox 3597 780 3665 832; x_wconf 86' lang='lat' dir='ltr'><strong>de</strong></span> 
     </span>
    </p>
   </div>
   <div class='ocr_carea' id='block_1_37' title="bbox 2090 873 3662 947">
    <p class='ocr_par' dir='ltr' id='par_1_37' title="bbox 2090 873 3662 947">
     <span class='ocr_line' id='line_1_37' title="bbox 2090 873 3662 947; baseline -0.003 -16"><span class='ocrx_word' id='word_1_277' title='bbox 2090 879 2254 932; x_wconf 82' lang='lat' dir='ltr'><strong>conte</strong></span> <span class='ocrx_word' id='word_1_278' title='bbox 2287 886 2384 933; x_wconf 92' lang='lat' dir='ltr'><strong>tuo</strong></span> <span class='ocrx_word' id='word_1_279' title='bbox 2436 875 2749 947; x_wconf 88' lang='lat' dir='ltr'><strong>hujusmodi</strong></span> <span class='ocrx_word' id='word_1_280' title='bbox 2792 876 2969 931; x_wconf 91' lang='lat' dir='ltr'><strong>hostis</strong></span> <span class='ocrx_word' id='word_1_281' title='bbox 3009 874 3282 943; x_wconf 86' lang='lat' dir='ltr'><strong>erumpit,</strong></span> <span class='ocrx_word' id='word_1_282' title='bbox 3320 874 3407 929; x_wconf 90' lang='lat' dir='ltr'><strong>die</strong></span> <span class='ocrx_word' id='word_1_283' title='bbox 3428 874 3501 939; x_wconf 91' lang='lat' dir='ltr'><strong>ei,</strong></span> <span class='ocrx_word' id='word_1_284' title='bbox 3535 873 3662 943; x_wconf 91' lang='lat' dir='ltr'><strong>quia</strong></span> 
     </span>
    </p>
   </div>
   <div class='ocr_carea' id='block_1_38' title="bbox 2087 969 3662 1039">
    <p class='ocr_par' dir='ltr' id='par_1_38' title="bbox 2087 969 3662 1039">
     <span class='ocr_line' id='line_1_38' title="bbox 2087 969 3662 1039; baseline -0.001 -15"><span class='ocrx_word' id='word_1_285' title='bbox 2087 969 2271 1025; x_wconf 86' lang='lat' dir='ltr'><strong>Iesum</strong></span> <span class='ocrx_word' id='word_1_286' title='bbox 2301 971 2492 1024; x_wconf 91' lang='lat' dir='ltr'><strong>ducem</strong></span> <span class='ocrx_word' id='word_1_287' title='bbox 2548 984 2770 1039; x_wconf 88' lang='lat' dir='ltr'><strong>sequor,</strong></span> <span class='ocrx_word' id='word_1_288' title='bbox 2818 971 2872 1025; x_wconf 94' lang='lat' dir='ltr'><strong>in</strong></span> <span class='ocrx_word' id='word_1_289' title='bbox 2905 970 3058 1037; x_wconf 87' lang='lat' dir='ltr'><strong>cujus</strong></span> <span class='ocrx_word' id='word_1_290' title='bbox 3089 976 3360 1039; x_wconf 89' lang='lat' dir='ltr'><strong>potestate</strong></span> <span class='ocrx_word' id='word_1_291' title='bbox 3387 978 3513 1023; x_wconf 91' lang='lat' dir='ltr'><strong>sunt</strong></span> <span class='ocrx_word' id='word_1_292' title='bbox 3542 983 3662 1038; x_wconf 72' lang='lat' dir='ltr'><strong>qua:</strong></span> 
     </span>
    </p>
   </div>
   <div class='ocr_carea' id='block_1_39' title="bbox 2089 1061 3663 1131">
    <p class='ocr_par' dir='ltr' id='par_1_39' title="bbox 2089 1061 3663 1131">
     <span class='ocr_line' id='line_1_39' title="bbox 2089 1061 3663 1131; baseline 0 -16"><span class='ocrx_word' id='word_1_293' title='bbox 2089 1062 2270 1116; x_wconf 83' lang='lat' dir='ltr'><strong>futura</strong></span> <span class='ocrx_word' id='word_1_294' title='bbox 2316 1072 2464 1118; x_wconf 90' lang='lat' dir='ltr'><strong>sunt.</strong></span> <span class='ocrx_word' id='word_1_295' title='bbox 2511 1062 2650 1129; x_wconf 87' lang='lat' dir='ltr'><strong>Quid</strong></span> <span class='ocrx_word' id='word_1_296' title='bbox 2706 1062 2837 1119; x_wconf 89' lang='lat' dir='ltr'><strong>tnihi</strong></span> <span class='ocrx_word' id='word_1_297' title='bbox 2892 1063 3035 1118; x_wconf 90' lang='lat' dir='ltr'><strong>scire</strong></span> <span class='ocrx_word' id='word_1_298' title='bbox 3090 1077 3211 1131; x_wconf 70' lang='lat' dir='ltr'><strong>qua:</strong></span> <span class='ocrx_word' id='word_1_299' title='bbox 3257 1061 3437 1116; x_wconf 81' lang='lat' dir='ltr'><strong>futura</strong></span> <span class='ocrx_word' id='word_1_300' title='bbox 3487 1062 3663 1116; x_wconf 81' lang='lat' dir='ltr'><strong>sunt?</strong></span> 
     </span>
    </p>
   </div>
   <div class='ocr_carea' id='block_1_40' title="bbox 2087 1154 3661 1225">
    <p class='ocr_par' dir='ltr' id='par_1_40' title="bbox 2087 1154 3661 1225">
     <span class='ocr_line' id='line_1_40' title="bbox 2087 1154 3661 1225; baseline 0.001 -18"><span class='ocrx_word' id='word_1_301' title='bbox 2087 1155 2431 1225; x_wconf 80' lang='lat' dir='ltr'><strong>Quaecunque</strong></span> <span class='ocrx_word' id='word_1_302' title='bbox 2484 1155 2572 1211; x_wconf 91' lang='lat' dir='ltr'><strong>ille</strong></span> <span class='ocrx_word' id='word_1_303' title='bbox 2619 1154 2755 1221; x_wconf 89' lang='lat' dir='ltr'><strong>vult,</strong></span> <span class='ocrx_word' id='word_1_304' title='bbox 2793 1155 2911 1211; x_wconf 75' lang='lat' dir='ltr'><strong>haec</strong></span> <span class='ocrx_word' id='word_1_305' title='bbox 2960 1154 3140 1209; x_wconf 80' lang='lat' dir='ltr'><strong>futura</strong></span> <span class='ocrx_word' id='word_1_306' title='bbox 3173 1163 3319 1209; x_wconf 90' lang='lat' dir='ltr'><strong>sunt.</strong></span> <span class='ocrx_word' id='word_1_307' title='bbox 3380 1154 3505 1211; x_wconf 63' lang='lat' dir='ltr'><strong>lateo</strong></span> <span class='ocrx_word' id='word_1_308' title='bbox 3533 1172 3661 1225; x_wconf 88' lang='lat' dir='ltr'><strong>ergo</strong></span> 
     </span>
    </p>
   </div>
   <div class='ocr_carea' id='block_1_41' title="bbox 2087 1246 3659 1317">
    <p class='ocr_par' dir='ltr' id='par_1_41' title="bbox 2087 1246 3659 1317">
     <span class='ocr_line' id='line_1_41' title="bbox 2087 1246 3659 1317; baseline -0.002 -14"><span class='ocrx_word' id='word_1_309' title='bbox 2087 1257 2147 1304; x_wconf 92' lang='lat' dir='ltr'><strong>ut</strong></span> <span class='ocrx_word' id='word_1_310' title='bbox 2186 1249 2240 1302; x_wconf 93' lang='lat' dir='ltr'><strong>in</strong></span> <span class='ocrx_word' id='word_1_311' title='bbox 2295 1249 2453 1303; x_wconf 90' lang='lat' dir='ltr'><strong>nobis</strong></span> <span class='ocrx_word' id='word_1_312' title='bbox 2478 1262 2606 1303; x_wconf 86' lang='lat' dir='ltr'><strong>vere</strong></span> <span class='ocrx_word' id='word_1_313' title='bbox 2654 1248 2889 1303; x_wconf 89' lang='lat' dir='ltr'><strong>secunda</strong></span> <span class='ocrx_word' id='word_1_314' title='bbox 2924 1246 3272 1302; x_wconf 91' lang='lat' dir='ltr'><strong>circumcisio</strong></span> <span class='ocrx_word' id='word_1_315' title='bbox 3298 1248 3659 1317; x_wconf 88' lang='lat' dir='ltr'><strong>compleatur,</strong></span> 
     </span>
    </p>
   </div>
   <div class='ocr_carea' id='block_1_42' title="bbox 2086 1338 3662 1411">
    <p class='ocr_par' dir='ltr' id='par_1_42' title="bbox 2086 1338 3662 1411">
     <span class='ocr_line' id='line_1_42' title="bbox 2086 1338 3662 1411; baseline 0.001 -17"><span class='ocrx_word' id='word_1_316' title='bbox 2086 1356 2183 1411; x_wconf 89' lang='lat' dir='ltr'><strong>per</strong></span> <span class='ocrx_word' id='word_1_317' title='bbox 2204 1356 2365 1410; x_wconf 85' lang='lat' dir='ltr'><strong>quam</strong></span> <span class='ocrx_word' id='word_1_318' title='bbox 2389 1350 2572 1394; x_wconf 83' lang='lat' dir='ltr'><strong>vetera</strong></span> <span class='ocrx_word' id='word_1_319' title='bbox 2608 1338 2828 1409; x_wconf 65' lang='lat' dir='ltr'><strong>Egypti</strong></span> <span class='ocrx_word' id='word_1_320' title='bbox 2876 1339 3172 1408; x_wconf 86' lang='lat' dir='ltr'><strong>opprobria</strong></span> <span class='ocrx_word' id='word_1_321' title='bbox 3205 1339 3560 1408; x_wconf 89' lang='lat' dir='ltr'><strong>deponamus,</strong></span> <span class='ocrx_word' id='word_1_322' title='bbox 3593 1340 3662 1395; x_wconf 87' lang='lat' dir='ltr'><strong>ab</strong></span> 
     </span>
    </p>
   </div>
   <div class='ocr_carea' id='block_1_43' title="bbox 2087 1430 3661 1501">
    <p class='ocr_par' dir='ltr' id='par_1_43' title="bbox 2087 1430 3661 1501">
     <span class='ocr_line' id='line_1_43' title="bbox 2087 1430 3661 1501; baseline 0 -14"><span class='ocrx_word' id='word_1_323' title='bbox 2087 1434 2172 1487; x_wconf 91' lang='lat' dir='ltr'><strong>his</strong></span> <span class='ocrx_word' id='word_1_324' title='bbox 2219 1432 2473 1486; x_wconf 91' lang='lat' dir='ltr'><strong>omnibus</strong></span> <span class='ocrx_word' id='word_1_325' title='bbox 2510 1431 2780 1501; x_wconf 80' lang='lat' dir='ltr'><strong>segregati</strong></span> <span class='ocrx_word' id='word_1_326' title='bbox 2833 1445 3060 1498; x_wconf 87' lang='lat' dir='ltr'><strong>prorsus</strong></span> <span class='ocrx_word' id='word_1_327' title='bbox 3110 1444 3234 1485; x_wconf 79' lang='lat' dir='ltr'><strong>esse</strong></span> <span class='ocrx_word' id='word_1_328' title='bbox 3264 1430 3546 1496; x_wconf 84' lang='lat' dir='ltr'><strong>debemus,</strong></span> <span class='ocrx_word' id='word_1_329' title='bbox 3602 1442 3661 1487; x_wconf 91' lang='lat' dir='ltr'><strong>ut</strong></span> 
     </span>
    </p>
   </div>
   <div class='ocr_carea' id='block_1_44' title="bbox 2084 1522 3658 1592">
    <p class='ocr_par' dir='ltr' id='par_1_44' title="bbox 2084 1522 3658 1592">
     <span class='ocr_line' id='line_1_44' title="bbox 2084 1522 3658 1592; baseline -0.001 -15"><span class='ocrx_word' id='word_1_330' title='bbox 2084 1524 2357 1592; x_wconf 81' lang='lat' dir='ltr'><strong>puriﬁcati</strong></span> <span class='ocrx_word' id='word_1_331' title='bbox 2395 1538 2625 1591; x_wconf 90' lang='lat' dir='ltr'><strong>corpore</strong></span> <span class='ocrx_word' id='word_1_332' title='bbox 2666 1531 2722 1577; x_wconf 91' lang='lat' dir='ltr'><strong>et</strong></span> <span class='ocrx_word' id='word_1_333' title='bbox 2759 1522 2925 1577; x_wconf 90' lang='lat' dir='ltr'><strong>corde</strong></span> <span class='ocrx_word' id='word_1_334' title='bbox 2969 1536 3131 1592; x_wconf 89' lang='lat' dir='ltr'><strong>puras</strong></span> <span class='ocrx_word' id='word_1_335' title='bbox 3165 1522 3328 1576; x_wconf 89' lang='lat' dir='ltr'><strong>etiam</strong></span> <span class='ocrx_word' id='word_1_336' title='bbox 3360 1537 3552 1576; x_wconf 81' lang='lat' dir='ltr'><strong>manus</strong></span> <span class='ocrx_word' id='word_1_337' title='bbox 3582 1522 3658 1577; x_wconf 88' lang='lat' dir='ltr'><strong>Ie-</strong></span> 
     </span>
    </p>
   </div>
   <div class='ocr_carea' id='block_1_45' title="bbox 2083 1615 3656 1684">
    <p class='ocr_par' dir='ltr' id='par_1_45' title="bbox 2083 1615 3656 1684">
     <span class='ocr_line' id='line_1_45' title="bbox 2083 1615 3656 1684; baseline -0.001 -15"><span class='ocrx_word' id='word_1_338' title='bbox 2083 1630 2274 1669; x_wconf 88' lang='lat' dir='ltr'><strong>vemus</strong></span> <span class='ocrx_word' id='word_1_339' title='bbox 2305 1616 2373 1669; x_wconf 93' lang='lat' dir='ltr'><strong>ad</strong></span> <span class='ocrx_word' id='word_1_340' title='bbox 2426 1616 2617 1681; x_wconf 90' lang='lat' dir='ltr'><strong>Deum,</strong></span> <span class='ocrx_word' id='word_1_341' title='bbox 2651 1629 2789 1684; x_wconf 89' lang='lat' dir='ltr'><strong>puro</strong></span> <span class='ocrx_word' id='word_1_342' title='bbox 2822 1628 3038 1683; x_wconf 88' lang='lat' dir='ltr'><strong>quoque</strong></span> <span class='ocrx_word' id='word_1_343' title='bbox 3064 1628 3181 1678; x_wconf 90' lang='lat' dir='ltr'><strong>ore,</strong></span> <span class='ocrx_word' id='word_1_344' title='bbox 3206 1622 3261 1667; x_wconf 93' lang='lat' dir='ltr'><strong>et</strong></span> <span class='ocrx_word' id='word_1_345' title='bbox 3299 1615 3541 1683; x_wconf 86' lang='lat' dir='ltr'><strong>purgatis</strong></span> <span class='ocrx_word' id='word_1_346' title='bbox 3578 1615 3656 1667; x_wconf 81' lang='lat' dir='ltr'><strong>la-</strong></span> 
     </span>
    </p>
   </div>
   <div class='ocr_carea' id='block_1_46' title="bbox 2087 1705 3658 1776">
    <p class='ocr_par' dir='ltr' id='par_1_46' title="bbox 2087 1705 3658 1776">
     <span class='ocr_line' id='line_1_46' title="bbox 2087 1705 3658 1776; baseline 0.001 -17"><span class='ocrx_word' id='word_1_347' title='bbox 2087 1706 2210 1770; x_wconf 90' lang='lat' dir='ltr'><strong>biis,</strong></span> <span class='ocrx_word' id='word_1_348' title='bbox 2241 1721 2305 1761; x_wconf 90' lang='lat' dir='ltr'><strong>ac</strong></span> <span class='ocrx_word' id='word_1_349' title='bbox 2356 1715 2537 1760; x_wconf 91' lang='lat' dir='ltr'><strong>mente</strong></span> <span class='ocrx_word' id='word_1_350' title='bbox 2582 1707 2820 1773; x_wconf 88' lang='lat' dir='ltr'><strong>sincera,</strong></span> <span class='ocrx_word' id='word_1_351' title='bbox 2851 1718 3015 1775; x_wconf 92' lang='lat' dir='ltr'><strong>prece</strong></span> <span class='ocrx_word' id='word_1_352' title='bbox 3062 1713 3117 1760; x_wconf 90' lang='lat' dir='ltr'><strong>et</strong></span> <span class='ocrx_word' id='word_1_353' title='bbox 3142 1706 3349 1761; x_wconf 90' lang='lat' dir='ltr'><strong>actibus</strong></span> <span class='ocrx_word' id='word_1_354' title='bbox 3387 1705 3658 1776; x_wconf 80' lang='lat' dir='ltr'><strong>gloriﬁce-</strong></span> 
     </span>
    </p>
   </div>
   <div class='ocr_carea' id='block_1_47' title="bbox 2087 1796 3659 1869">
    <p class='ocr_par' dir='ltr' id='par_1_47' title="bbox 2087 1796 3659 1869">
     <span class='ocr_line' id='line_1_47' title="bbox 2087 1796 3659 1869; baseline 0.001 -17"><span class='ocrx_word' id='word_1_355' title='bbox 2087 1814 2207 1852; x_wconf 90' lang='lat' dir='ltr'><strong>mus</strong></span> <span class='ocrx_word' id='word_1_356' title='bbox 2238 1798 2403 1851; x_wconf 91' lang='lat' dir='ltr'><strong>Deum</strong></span> <span class='ocrx_word' id='word_1_357' title='bbox 2445 1799 2498 1851; x_wconf 92' lang='lat' dir='ltr'><strong>in</strong></span> <span class='ocrx_word' id='word_1_358' title='bbox 2522 1796 2743 1853; x_wconf 90' lang='lat' dir='ltr'><strong>Christo</strong></span> <span class='ocrx_word' id='word_1_359' title='bbox 2772 1797 2899 1852; x_wconf 82' lang='lat' dir='ltr'><strong>Iesu</strong></span> <span class='ocrx_word' id='word_1_360' title='bbox 2929 1796 3161 1856; x_wconf 88' lang='lat' dir='ltr'><strong>Domino</strong></span> <span class='ocrx_word' id='word_1_361' title='bbox 3195 1809 3380 1855; x_wconf 90' lang='lat' dir='ltr'><strong>nostro</strong></span> <span class='ocrx_word' id='word_1_362' title='bbox 3401 1799 3535 1869; x_wconf 86' lang='lat'><strong>(69),</strong></span> <span class='ocrx_word' id='word_1_363' title='bbox 3565 1814 3659 1853; x_wconf 88' lang='lat' dir='ltr'><strong>cu-</strong></span> 
     </span>
    </p>
   </div>
   <div class='ocr_carea' id='block_1_48' title="bbox 2078 1890 3654 1960">
    <p class='ocr_par' dir='ltr' id='par_1_48' title="bbox 2078 1890 3654 1960">
     <span class='ocr_line' id='line_1_48' title="bbox 2078 1890 3654 1960; baseline 0.001 -18"><span class='ocrx_word' id='word_1_364' title='bbox 2078 1890 2170 1960; x_wconf 88' lang='lat' dir='ltr'><strong>jus</strong></span> <span class='ocrx_word' id='word_1_365' title='bbox 2196 1898 2280 1945; x_wconf 90' lang='lat' dir='ltr'><strong>est</strong></span> <span class='ocrx_word' id='word_1_366' title='bbox 2305 1898 2547 1959; x_wconf 83' lang='lat' dir='ltr'><strong>potestas</strong></span> <span class='ocrx_word' id='word_1_367' title='bbox 2596 1900 2652 1944; x_wconf 89' lang='lat' dir='ltr'><strong>et</strong></span> <span class='ocrx_word' id='word_1_368' title='bbox 2677 1890 2963 1959; x_wconf 90' lang='lat' dir='ltr'><strong>imperium</strong></span> <span class='ocrx_word' id='word_1_369' title='bbox 3008 1895 3060 1951; x_wconf 94' lang='lat' dir='ltr'><strong>in</strong></span> <span class='ocrx_word' id='word_1_370' title='bbox 3082 1893 3278 1951; x_wconf 73' lang='lat' dir='ltr'><strong>smcula</strong></span> <span class='ocrx_word' id='word_1_371' title='bbox 3309 1891 3654 1949; x_wconf 63' lang='lat' dir='ltr'><strong>smeulorum.</strong></span> 
     </span>
    </p>
   </div>
   <div class='ocr_carea' id='block_1_49' title="bbox 2082 1983 2272 2039">
    <p class='ocr_par' dir='ltr' id='par_1_49' title="bbox 2082 1983 2272 2039">
     <span class='ocr_line' id='line_1_49' title="bbox 2082 1983 2272 2039; baseline 0.011 -2"><span class='ocrx_word' id='word_1_372' title='bbox 2082 1983 2272 2039; x_wconf 78' lang='lat' dir='ltr'><strong>Amen.</strong></span> 
     </span>
    </p>
   </div>
   <div class='ocr_carea' id='block_1_50' title="bbox 2662 2079 3075 2138">
    <p class='ocr_par' dir='ltr' id='par_1_50' title="bbox 2662 2079 3075 2138">
     <span class='ocr_line' id='line_1_50' title="bbox 2662 2079 3075 2138; baseline 0.005 -3"><span class='ocrx_word' id='word_1_373' title='bbox 2662 2079 2947 2138; x_wconf 76' lang='lat' dir='ltr'><strong>HOMILIA</strong></span> <span class='ocrx_word' id='word_1_374' title='bbox 2992 2082 3075 2137; x_wconf 73' lang='lat' dir='ltr'><strong>VI.</strong></span> 
     </span>
    </p>
   </div>
   <div class='ocr_carea' id='block_1_51' title="bbox 2082 2209 3657 2284">
    <p class='ocr_par' dir='ltr' id='par_1_51' title="bbox 2082 2209 3657 2284">
     <span class='ocr_line' id='line_1_51' title="bbox 2082 2209 3657 2284; baseline 0.003 -20"><span class='ocrx_word' id='word_1_375' title='bbox 2082 2209 2159 2264; x_wconf 86' lang='lat' dir='ltr'><strong>De</strong></span> <span class='ocrx_word' id='word_1_376' title='bbox 2210 2213 2417 2268; x_wconf 73' lang='lat' dir='ltr'><strong>Pascha</strong></span> <span class='ocrx_word' id='word_1_377' title='bbox 2461 2217 2603 2281; x_wconf 84' lang='lat' dir='ltr'><strong>quod</strong></span> <span class='ocrx_word' id='word_1_378' title='bbox 2636 2217 2871 2284; x_wconf 77' lang='lat' dir='ltr'><strong>fecerunt</strong></span> <span class='ocrx_word' id='word_1_379' title='bbox 2904 2218 3005 2283; x_wconf 76' lang='lat' dir='ltr'><strong>ﬁlii</strong></span> <span class='ocrx_word' id='word_1_380' title='bbox 3051 2216 3223 2271; x_wconf 81' lang='lat' dir='ltr'><strong>Israel</strong></span> <span class='ocrx_word' id='word_1_381' title='bbox 3246 2216 3300 2268; x_wconf 82' lang='lat' dir='ltr'><strong>in</strong></span> <span class='ocrx_word' id='word_1_382' title='bbox 3327 2214 3573 2284; x_wconf 81' lang='lat' dir='ltr'><strong>Calgaln,</strong></span> <span class='ocrx_word' id='word_1_383' title='bbox 3609 2223 3657 2266; x_wconf 80' lang='lat' dir='ltr'><strong>el</strong></span> 
     </span>
    </p>
   </div>
   <div class='ocr_carea' id='block_1_52' title="bbox 2147 2286 3651 2355">
    <p class='ocr_par' dir='ltr' id='par_1_52' title="bbox 2147 2286 3651 2355">
     <span class='ocr_line' id='line_1_52' title="bbox 2147 2286 3651 2355; baseline -0.001 -18"><span class='ocrx_word' id='word_1_384' title='bbox 2147 2286 2407 2351; x_wconf 86' lang='lat' dir='ltr'><strong>quomodo</strong></span> <span class='ocrx_word' id='word_1_385' title='bbox 2430 2286 2633 2353; x_wconf 80' lang='lat' dir='ltr'><strong>fructus</strong></span> <span class='ocrx_word' id='word_1_386' title='bbox 2657 2299 2815 2341; x_wconf 72' lang='lat' dir='ltr'><strong>terra:</strong></span> <span class='ocrx_word' id='word_1_387' title='bbox 2841 2299 3084 2353; x_wconf 83' lang='lat' dir='ltr'><strong>ceperunt</strong></span> <span class='ocrx_word' id='word_1_388' title='bbox 3131 2304 3159 2340; x_wconf 75' lang='grc' dir='ltr'><strong><em>ο</em></strong></span> <span class='ocrx_word' id='word_1_389' title='bbox 3194 2288 3402 2355; x_wconf 80' lang='lat' dir='ltr'><strong>regione</strong></span> <span class='ocrx_word' id='word_1_390' title='bbox 3451 2286 3651 2349; x_wconf 59' lang='lat' dir='ltr'><strong>palma.</strong></span> 
     </span>
    </p>
   </div>
   <div class='ocr_carea' id='block_1_53' title="bbox 2157 2355 3652 2424">
    <p class='ocr_par' dir='ltr' id='par_1_53' title="bbox 2157 2355 3652 2424">
     <span class='ocr_line' id='line_1_53' title="bbox 2157 2355 3652 2424; baseline 0.001 -18"><span class='ocrx_word' id='word_1_391' title='bbox 2157 2371 2289 2408; x_wconf 86' lang='lat' dir='ltr'><strong>rum.</strong></span> <span class='ocrx_word' id='word_1_392' title='bbox 2335 2356 2407 2407; x_wconf 83' lang='lat' dir='ltr'><strong>De</strong></span> <span class='ocrx_word' id='word_1_393' title='bbox 2439 2358 2674 2424; x_wconf 71' lang='lat' dir='ltr'><strong>principe</strong></span> <span class='ocrx_word' id='word_1_394' title='bbox 2720 2360 2974 2411; x_wconf 80' lang='lat' dir='ltr'><strong>virtutum</strong></span> <span class='ocrx_word' id='word_1_395' title='bbox 3024 2357 3231 2412; x_wconf 66' lang='lat' dir='ltr'><strong>militia</strong></span> <span class='ocrx_word' id='word_1_396' title='bbox 3268 2356 3475 2409; x_wconf 87' lang='lat' dir='ltr'><strong>Domini</strong></span> <span class='ocrx_word' id='word_1_397' title='bbox 3517 2355 3652 2419; x_wconf 81' lang='lat'><strong>(70),</strong></span> 
     </span>
    </p>
   </div>
   <div class='ocr_carea' id='block_1_54' title="bbox 2150 2425 3653 2481">
    <p class='ocr_par' dir='ltr' id='par_1_54' title="bbox 2150 2425 3653 2481">
     <span class='ocr_line' id='line_1_54' title="bbox 2150 2425 3653 2481; baseline 0.001 -6"><span class='ocrx_word' id='word_1_398' title='bbox 2150 2425 2238 2476; x_wconf 85' lang='lat' dir='ltr'><strong>ubi</strong></span> <span class='ocrx_word' id='word_1_399' title='bbox 2266 2425 2463 2479; x_wconf 83' lang='lat' dir='ltr'><strong>dicitur</strong></span> <span class='ocrx_word' id='word_1_400' title='bbox 2490 2426 2757 2480; x_wconf 78' lang='lat' dir='ltr'><strong>adIesum</strong></span> <span class='ocrx_word' id='word_1_401' title='bbox 2784 2428 2828 2459; x_wconf 85' lang='grc'><strong>¹⁶</strong></span> <span class='ocrx_word' id='word_1_402' title='bbox 2852 2443 2869 2481; x_wconf 91' lang='lat'><em>:</em></span> <span class='ocrx_word' id='word_1_403' title='bbox 2905 2447 2923 2479; x_wconf 78' lang='grc' dir='ltr'>ι</span> <span class='ocrx_word' id='word_1_404' title='bbox 2965 2427 3118 2481; x_wconf 81' lang='lat' dir='ltr'><strong>Solve</strong></span> <span class='ocrx_word' id='word_1_405' title='bbox 3153 2429 3562 2480; x_wconf 81' lang='lat' dir='ltr'><strong>calceameulum</strong></span> <span class='ocrx_word' id='word_1_406' title='bbox 3589 2425 3653 2477; x_wconf 73' lang='lat' dir='ltr'><strong>de</strong></span> 
     </span>
    </p>
   </div>
   <div class='ocr_carea' id='block_1_55' title="bbox 2148 2496 3653 2567">
    <p class='ocr_par' dir='ltr' id='par_1_55' title="bbox 2148 2496 3653 2567">
     <span class='ocr_line' id='line_1_55' title="bbox 2148 2496 3653 2567; baseline 0 -21"><span class='ocrx_word' id='word_1_407' title='bbox 2148 2496 2364 2561; x_wconf 78' lang='lat' dir='ltr'><strong>pedibus</strong></span> <span class='ocrx_word' id='word_1_408' title='bbox 2387 2498 2515 2551; x_wconf 80' lang='lat' dir='ltr'><strong>luis.</strong></span> <span class='ocrx_word' id='word_1_409' title='bbox 2548 2496 2716 2551; x_wconf 72' lang='lat' dir='ltr'><strong>Locus</strong></span> <span class='ocrx_word' id='word_1_410' title='bbox 2744 2504 2882 2552; x_wconf 81' lang='lat' dir='ltr'><strong>enim</strong></span> <span class='ocrx_word' id='word_1_411' title='bbox 2904 2499 2958 2551; x_wconf 86' lang='lat' dir='ltr'><strong>in</strong></span> <span class='ocrx_word' id='word_1_412' title='bbox 2982 2512 3086 2567; x_wconf 72' lang='lat' dir='ltr'><strong>quo</strong></span> <span class='ocrx_word' id='word_1_413' title='bbox 3125 2508 3255 2562; x_wconf 77' lang='lat' dir='ltr'><strong>stas,</strong></span> <span class='ocrx_word' id='word_1_414' title='bbox 3283 2505 3427 2550; x_wconf 82' lang='lat' dir='ltr'><strong>terra</strong></span> <span class='ocrx_word' id='word_1_415' title='bbox 3467 2505 3653 2550; x_wconf 74' lang='lat' dir='ltr'><strong>sancta</strong></span> 
     </span>
    </p>
   </div>
   <div class='ocr_carea' id='block_1_56' title="bbox 2150 2574 2322 2619">
    <p class='ocr_par' dir='ltr' id='par_1_56' title="bbox 2150 2574 2322 2619">
     <span class='ocr_line' id='line_1_56' title="bbox 2150 2574 2322 2619; baseline -0.012 -1"><span class='ocrx_word' id='word_1_416' title='bbox 2150 2574 2247 2619; x_wconf 76' lang='lat' dir='ltr'><strong>est.</strong></span> <span class='ocrx_word' id='word_1_417' title='bbox 2304 2584 2322 2616; x_wconf 71' lang='grc' dir='ltr'><strong><em>ι</em></strong></span> 
     </span>
    </p>
   </div>
   <div class='ocr_carea' id='block_1_57' title="bbox 2150 2714 3652 2786">
    <p class='ocr_par' dir='ltr' id='par_1_57' title="bbox 2150 2714 3652 2786">
     <span class='ocr_line' id='line_1_57' title="bbox 2150 2714 3652 2786; baseline -0.003 -14"><span class='ocrx_word' id='word_1_418' title='bbox 2150 2720 2201 2776; x_wconf 91' lang='lat' dir='ltr'><strong>I.</strong></span> <span class='ocrx_word' id='word_1_419' title='bbox 2231 2718 2331 2786; x_wconf 89' lang='lat' dir='ltr'><strong>Qui</strong></span> <span class='ocrx_word' id='word_1_420' title='bbox 2365 2735 2468 2775; x_wconf 89' lang='lat' dir='ltr'><strong>non</strong></span> <span class='ocrx_word' id='word_1_421' title='bbox 2501 2721 2815 2775; x_wconf 88' lang='lat' dir='ltr'><strong>nbedientes</strong></span> <span class='ocrx_word' id='word_1_422' title='bbox 2848 2719 3064 2774; x_wconf 80' lang='lat' dir='ltr'><strong>fuerunt</strong></span> <span class='ocrx_word' id='word_1_423' title='bbox 3113 2718 3383 2772; x_wconf 86' lang='lat' dir='ltr'><strong>mandatis</strong></span> <span class='ocrx_word' id='word_1_424' title='bbox 3415 2714 3652 2781; x_wconf 93' lang='lat' dir='ltr'><strong>Domini,</strong></span> 
     </span>
    </p>
   </div>
   <div class='ocr_carea' id='block_1_58' title="bbox 2078 2808 3655 2884">
    <p class='ocr_par' dir='ltr' id='par_1_58' title="bbox 2078 2808 3655 2884">
     <span class='ocr_line' id='line_1_58' title="bbox 2078 2808 3655 2884; baseline -0.003 -18"><span class='ocrx_word' id='word_1_425' title='bbox 2078 2809 2445 2867; x_wconf 89' lang='lat' dir='ltr'><strong>incircumcisi</strong></span> <span class='ocrx_word' id='word_1_426' title='bbox 2496 2812 2772 2868; x_wconf 87' lang='lat' dir='ltr'><strong>dicuntur.</strong></span> <span class='ocrx_word' id='word_1_427' title='bbox 2808 2813 2883 2868; x_wconf 82' lang='lat' dir='ltr'><strong>Ex</strong></span> <span class='ocrx_word' id='word_1_428' title='bbox 2914 2828 3021 2884; x_wconf 90' lang='lat' dir='ltr'><strong>quo</strong></span> <span class='ocrx_word' id='word_1_429' title='bbox 3064 2810 3382 2881; x_wconf 89' lang='lat' dir='ltr'><strong>intelligitur</strong></span> <span class='ocrx_word' id='word_1_430' title='bbox 3413 2808 3529 2863; x_wconf 89' lang='lat' dir='ltr'><strong>illos</strong></span> <span class='ocrx_word' id='word_1_431' title='bbox 3558 2823 3655 2877; x_wconf 64' lang='grc' dir='ltr'><strong>θρα</strong></span> 
     </span>
    </p>
   </div>
   <div class='ocr_carea' id='block_1_59' title="bbox 2076 2898 3655 2976">
    <p class='ocr_par' dir='ltr' id='par_1_59' title="bbox 2076 2898 3655 2976">
     <span class='ocr_line' id='line_1_59' title="bbox 2076 2898 3655 2976; baseline -0.006 -13"><span class='ocrx_word' id='word_1_432' title='bbox 2076 2906 2264 2976; x_wconf 83' lang='lat' dir='ltr'><strong>pellari</strong></span> <span class='ocrx_word' id='word_1_433' title='bbox 2316 2907 2745 2970; x_wconf 90' lang='lat' dir='ltr'><strong>iucircumcisos,</strong></span> <span class='ocrx_word' id='word_1_434' title='bbox 2796 2905 2887 2975; x_wconf 93' lang='lat' dir='ltr'><strong>qui</strong></span> <span class='ocrx_word' id='word_1_435' title='bbox 2939 2920 3045 2959; x_wconf 92' lang='lat' dir='ltr'><strong>non</strong></span> <span class='ocrx_word' id='word_1_436' title='bbox 3081 2902 3346 2958; x_wconf 90' lang='lat' dir='ltr'><strong>obediunt</strong></span> <span class='ocrx_word' id='word_1_437' title='bbox 3381 2898 3655 2955; x_wconf 76' lang='lat' dir='ltr'><strong>mandati:</strong></span> 
     </span>
    </p>
   </div>
   <div class='ocr_carea' id='block_1_60' title="bbox 2080 2989 3655 3071">
    <p class='ocr_par' dir='ltr' id='par_1_60' title="bbox 2080 2989 3655 3071">
     <span class='ocr_line' id='line_1_60' title="bbox 2080 2989 3655 3071; baseline -0.006 -18"><span class='ocrx_word' id='word_1_438' title='bbox 2080 2998 2289 3054; x_wconf 88' lang='lat' dir='ltr'><strong>Domini</strong></span> <span class='ocrx_word' id='word_1_439' title='bbox 2318 2998 2454 3071; x_wconf 83' lang='grc'>(71).</span> <span class='ocrx_word' id='word_1_440' title='bbox 2509 2999 2617 3054; x_wconf 87' lang='lat' dir='ltr'><strong>Sed</strong></span> <span class='ocrx_word' id='word_1_441' title='bbox 2663 3008 2838 3053; x_wconf 87' lang='lat' dir='ltr'><strong>tamen</strong></span> <span class='ocrx_word' id='word_1_442' title='bbox 2890 3006 2945 3053; x_wconf 91' lang='lat' dir='ltr'><strong>et</strong></span> <span class='ocrx_word' id='word_1_443' title='bbox 2975 2994 3333 3052; x_wconf 87' lang='lat' dir='ltr'><strong>circumcisos</strong></span> <span class='ocrx_word' id='word_1_444' title='bbox 3380 3001 3435 3048; x_wconf 92' lang='lat' dir='ltr'><strong>et</strong></span> <span class='ocrx_word' id='word_1_445' title='bbox 3488 2989 3655 3045; x_wconf 88' lang='lat' dir='ltr'><strong>incir-</strong></span> 
     </span>
    </p>
   </div>
   <div class='ocr_carea' id='block_1_61' title="bbox 392 3081 3652 3168">
    <p class='ocr_par' dir='ltr' id='par_1_61' title="bbox 392 3081 3652 3168">
     <span class='ocr_line' id='line_1_61' title="bbox 392 3081 3652 3168; baseline 0.002 -31"><span class='ocrx_word' id='word_1_446' title='bbox 392 3094 446 3137; x_wconf 88' lang='lat' dir='ltr'><strong>et</strong></span> <span class='ocrx_word' id='word_1_447' title='bbox 472 3086 581 3152; x_wconf 88' lang='lat' dir='ltr'><strong>die,</strong></span> <span class='ocrx_word' id='word_1_448' title='bbox 610 3090 738 3157; x_wconf 83' lang='lat' dir='ltr'><strong>quia</strong></span> <span class='ocrx_word' id='word_1_449' title='bbox 776 3107 883 3145; x_wconf 90' lang='lat' dir='ltr'><strong>non</strong></span> <span class='ocrx_word' id='word_1_450' title='bbox 908 3107 1027 3146; x_wconf 89' lang='lat' dir='ltr'><strong>sum</strong></span> <span class='ocrx_word' id='word_1_451' title='bbox 1059 3108 1212 3148; x_wconf 90' lang='lat' dir='ltr'><strong>meus</strong></span> <span class='ocrx_word' id='word_1_452' title='bbox 1243 3112 1255 3148; x_wconf 90' lang='lat'>:</span> <span class='ocrx_word' id='word_1_453' title='bbox 1284 3104 1496 3163; x_wconf 91' lang='lat' dir='ltr'><strong>emptus</strong></span> <span class='ocrx_word' id='word_1_454' title='bbox 1526 3098 1671 3151; x_wconf 90' lang='lat' dir='ltr'><strong>enim</strong></span> <span class='ocrx_word' id='word_1_455' title='bbox 1694 3113 1811 3153; x_wconf 91' lang='lat' dir='ltr'><strong>sum</strong></span> <span class='ocrx_word' id='word_1_456' title='bbox 1841 3113 1966 3168; x_wconf 88' lang='lat' dir='ltr'><strong>pre-</strong></span> <span class='ocrx_word' id='word_1_457' title='bbox 1999 3106 2044 3167; x_wconf 77' lang='grc' dir='ltr'>ο</span> <span class='ocrx_word' id='word_1_458' title='bbox 2080 3091 2371 3156; x_wconf 78' lang='lat' dir='ltr'><strong>cumciSOS,</strong></span> <span class='ocrx_word' id='word_1_459' title='bbox 2426 3089 2552 3159; x_wconf 84' lang='lat' dir='ltr'><strong>quia</strong></span> <span class='ocrx_word' id='word_1_460' title='bbox 2584 3104 2800 3143; x_wconf 83' lang='lat' dir='ltr'><strong>omnem</strong></span> <span class='ocrx_word' id='word_1_461' title='bbox 2848 3087 3087 3142; x_wconf 76' lang='lat' dir='ltr'><strong>animam</strong></span> <span class='ocrx_word' id='word_1_462' title='bbox 3118 3083 3293 3155; x_wconf 66' lang='lat' dir='ltr'><strong>diligit</strong></span> <span class='ocrx_word' id='word_1_463' title='bbox 3334 3081 3501 3145; x_wconf 71' lang='lat' dir='ltr'><strong>Deus.</strong></span> <span class='ocrx_word' id='word_1_464' title='bbox 3548 3095 3652 3133; x_wconf 83' lang='grc' dir='ltr'><strong>ιιοη</strong></span> 
     </span>
    </p>
   </div>
   <div class='ocr_carea' id='block_1_62' title="bbox 396 3178 1972 3258">
    <p class='ocr_par' dir='ltr' id='par_1_62' title="bbox 396 3178 1972 3258">
     <span class='ocr_line' id='line_1_62' title="bbox 396 3178 1972 3258; baseline 0.009 -27"><span class='ocrx_word' id='word_1_465' title='bbox 396 3178 469 3233; x_wconf 85' lang='grc' dir='ltr'><strong>ιίο</strong></span> <span class='ocrx_word' id='word_1_466' title='bbox 512 3182 797 3251; x_wconf 85' lang='lat' dir='ltr'><strong>sanguinis</strong></span> <span class='ocrx_word' id='word_1_467' title='bbox 841 3183 1044 3239; x_wconf 87' lang='lat' dir='ltr'><strong>Christi</strong></span> <span class='ocrx_word' id='word_1_468' title='bbox 1090 3193 1145 3238; x_wconf 92' lang='lat' dir='ltr'><strong>et</strong></span> <span class='ocrx_word' id='word_1_469' title='bbox 1193 3187 1498 3240; x_wconf 88' lang='lat' dir='ltr'><strong>membrum</strong></span> <span class='ocrx_word' id='word_1_470' title='bbox 1551 3188 1720 3258; x_wconf 92' lang='lat' dir='ltr'><strong>ipsius</strong></span> <span class='ocrx_word' id='word_1_471' title='bbox 1748 3189 1972 3245; x_wconf 75' lang='lat' dir='ltr'><strong>eﬂ‘cctus</strong></span> 
     </span>
    </p>
   </div>
   <div class='ocr_carea' id='block_1_63' title="bbox 396 3272 1973 3347">
    <p class='ocr_par' dir='ltr' id='par_1_63' title="bbox 396 3272 1973 3347">
     <span class='ocr_line' id='line_1_63' title="bbox 396 3272 1973 3347; baseline 0.008 -23"><span class='ocrx_word' id='word_1_472' title='bbox 396 3288 537 3327; x_wconf 77' lang='lat' dir='ltr'><strong>sum.</strong></span> <span class='ocrx_word' id='word_1_473' title='bbox 567 3272 680 3328; x_wconf 86' lang='lat' dir='ltr'><strong>Non</strong></span> <span class='ocrx_word' id='word_1_474' title='bbox 733 3274 863 3330; x_wconf 90' lang='lat' dir='ltr'><strong>licet</strong></span> <span class='ocrx_word' id='word_1_475' title='bbox 910 3277 1041 3331; x_wconf 90' lang='lat' dir='ltr'><strong>mihi</strong></span> <span class='ocrx_word' id='word_1_476' title='bbox 1080 3278 1267 3332; x_wconf 90' lang='lat' dir='ltr'><strong>tollere</strong></span> <span class='ocrx_word' id='word_1_477' title='bbox 1305 3280 1607 3333; x_wconf 88' lang='lat' dir='ltr'><strong>membrum</strong></span> <span class='ocrx_word' id='word_1_478' title='bbox 1635 3279 1860 3347; x_wconf 89' lang='lat' dir='ltr'><strong>Christi,</strong></span> <span class='ocrx_word' id='word_1_479' title='bbox 1916 3295 1973 3337; x_wconf 90' lang='lat' dir='ltr'><strong>ct</strong></span> 
     </span>
    </p>
   </div>
   <div class='ocr_carea' id='block_1_64' title="bbox 395 3360 1971 3445">
    <p class='ocr_par' dir='ltr' id='par_1_64' title="bbox 395 3360 1971 3445">
     <span class='ocr_line' id='line_1_64' title="bbox 395 3360 1971 3445; baseline 0.01 -32"><span class='ocrx_word' id='word_1_480' title='bbox 395 3360 580 3417; x_wconf 81' lang='lat' dir='ltr'><strong>facere</strong></span> <span class='ocrx_word' id='word_1_481' title='bbox 628 3365 929 3420; x_wconf 89' lang='lat' dir='ltr'><strong>membrum</strong></span> <span class='ocrx_word' id='word_1_482' title='bbox 958 3369 1284 3423; x_wconf 87' lang='lat' dir='ltr'><strong>meretricis.</strong></span> <span class='ocrx_word' id='word_1_483' title='bbox 1324 3369 1419 3425; x_wconf 93' lang='lat' dir='ltr'><strong>Dic</strong></span> <span class='ocrx_word' id='word_1_484' title='bbox 1452 3371 1525 3437; x_wconf 87' lang='lat' dir='ltr'><strong>ei,</strong></span> <span class='ocrx_word' id='word_1_485' title='bbox 1556 3373 1681 3441; x_wconf 87' lang='lat' dir='ltr'><strong>quia</strong></span> <span class='ocrx_word' id='word_1_486' title='bbox 1711 3374 1971 3445; x_wconf 89' lang='lat' dir='ltr'><strong>templum</strong></span> 
     </span>
    </p>
   </div>
   <div class='ocr_carea' id='block_1_65' title="bbox 399 3452 1971 3534">
    <p class='ocr_par' dir='ltr' id='par_1_65' title="bbox 399 3452 1971 3534">
     <span class='ocr_line' id='line_1_65' title="bbox 399 3452 1971 3534; baseline 0.009 -28"><span class='ocrx_word' id='word_1_487' title='bbox 399 3452 495 3507; x_wconf 88' lang='lat' dir='ltr'><strong>Dei</strong></span> <span class='ocrx_word' id='word_1_488' title='bbox 528 3452 755 3510; x_wconf 80' lang='lat' dir='ltr'><strong>eﬂ&#39;ectus</strong></span> <span class='ocrx_word' id='word_1_489' title='bbox 783 3471 925 3520; x_wconf 88' lang='lat' dir='ltr'><strong>sum,</strong></span> <span class='ocrx_word' id='word_1_490' title='bbox 954 3473 1060 3512; x_wconf 91' lang='lat' dir='ltr'><strong>non</strong></span> <span class='ocrx_word' id='word_1_491' title='bbox 1086 3459 1215 3512; x_wconf 91' lang='lat' dir='ltr'><strong>mihi</strong></span> <span class='ocrx_word' id='word_1_492' title='bbox 1242 3459 1367 3515; x_wconf 89' lang='lat' dir='ltr'><strong>licet</strong></span> <span class='ocrx_word' id='word_1_493' title='bbox 1398 3460 1736 3518; x_wconf 91' lang='lat' dir='ltr'><strong>immundum</strong></span> <span class='ocrx_word' id='word_1_494' title='bbox 1768 3464 1971 3534; x_wconf 77' lang='lat' dir='ltr'><strong>aliquid</strong></span> 
     </span>
    </p>
   </div>
   <div class='ocr_carea' id='block_1_66' title="bbox 396 3544 1971 3626">
    <p class='ocr_par' dir='ltr' id='par_1_66' title="bbox 396 3544 1971 3626">
     <span class='ocr_line' id='line_1_66' title="bbox 396 3544 1971 3626; baseline 0.009 -30"><span class='ocrx_word' id='word_1_495' title='bbox 396 3544 525 3600; x_wconf 86' lang='lat' dir='ltr'><strong>illuc</strong></span> <span class='ocrx_word' id='word_1_496' title='bbox 578 3547 855 3613; x_wconf 90' lang='lat' dir='ltr'><strong>inducere,</strong></span> <span class='ocrx_word' id='word_1_497' title='bbox 887 3564 985 3605; x_wconf 89' lang='lat' dir='ltr'><strong>nec</strong></span> <span class='ocrx_word' id='word_1_498' title='bbox 1041 3549 1129 3604; x_wconf 82' lang='lat' dir='ltr'><strong>Ias</strong></span> <span class='ocrx_word' id='word_1_499' title='bbox 1174 3559 1258 3604; x_wconf 85' lang='lat' dir='ltr'><strong>est</strong></span> <span class='ocrx_word' id='word_1_500' title='bbox 1294 3551 1425 3606; x_wconf 91' lang='lat' dir='ltr'><strong>mihi</strong></span> <span class='ocrx_word' id='word_1_501' title='bbox 1467 3552 1676 3608; x_wconf 88' lang='lat' dir='ltr'><strong>violare</strong></span> <span class='ocrx_word' id='word_1_502' title='bbox 1712 3556 1971 3626; x_wconf 86' lang='lat' dir='ltr'><strong>templum</strong></span> 
     </span>
    </p>
   </div>
   <div class='ocr_carea' id='block_1_67' title="bbox 396 3635 1969 3716">
    <p class='ocr_par' dir='ltr' id='par_1_67' title="bbox 396 3635 1969 3716">
     <span class='ocr_line' id='line_1_67' title="bbox 396 3635 1969 3716; baseline 0.007 -27"><span class='ocrx_word' id='word_1_503' title='bbox 396 3635 493 3691; x_wconf 91' lang='lat' dir='ltr'><strong>Dei</strong></span> <span class='ocrx_word' id='word_1_504' title='bbox 525 3655 538 3690; x_wconf 90' lang='lat'>:</span> <span class='ocrx_word' id='word_1_505' title='bbox 575 3641 669 3693; x_wconf 89' lang='lat' dir='ltr'><strong>sed</strong></span> <span class='ocrx_word' id='word_1_506' title='bbox 699 3649 755 3694; x_wconf 93' lang='lat' dir='ltr'><strong>et</strong></span> <span class='ocrx_word' id='word_1_507' title='bbox 801 3640 931 3696; x_wconf 89' lang='lat' dir='ltr'><strong>illud</strong></span> <span class='ocrx_word' id='word_1_508' title='bbox 965 3643 1122 3710; x_wconf 82' lang='lat' dir='ltr'><strong>adde,</strong></span> <span class='ocrx_word' id='word_1_509' title='bbox 1152 3644 1410 3713; x_wconf 87' lang='lat' dir='ltr'><strong>quoniam</strong></span> <span class='ocrx_word' id='word_1_510' title='bbox 1451 3665 1468 3697; x_wconf 72' lang='grc' dir='ltr'>ε</span> <span class='ocrx_word' id='word_1_511' title='bbox 1507 3646 1600 3716; x_wconf 90' lang='lat' dir='ltr'><strong>qui</strong></span> <span class='ocrx_word' id='word_1_512' title='bbox 1646 3646 1969 3713; x_wconf 80' lang='lat' dir='ltr'><strong>fornicatur,</strong></span> 
     </span>
    </p>
   </div>
   <div class='ocr_carea' id='block_1_68' title="bbox 396 3725 1974 3808">
    <p class='ocr_par' dir='ltr' id='par_1_68' title="bbox 396 3725 1974 3808">
     <span class='ocr_line' id='line_1_68' title="bbox 396 3725 1974 3808; baseline 0.01 -30"><span class='ocrx_word' id='word_1_513' title='bbox 396 3725 452 3779; x_wconf 93' lang='lat' dir='ltr'><strong>in</strong></span> <span class='ocrx_word' id='word_1_514' title='bbox 500 3742 701 3796; x_wconf 90' lang='lat' dir='ltr'><strong>corpus</strong></span> <span class='ocrx_word' id='word_1_515' title='bbox 732 3744 893 3783; x_wconf 86' lang='lat' dir='ltr'><strong>suum</strong></span> <span class='ocrx_word' id='word_1_516' title='bbox 936 3742 1123 3800; x_wconf 88' lang='lat' dir='ltr'><strong>peccat</strong></span> <span class='ocrx_word' id='word_1_517' title='bbox 1153 3733 1239 3788; x_wconf 77' lang='lat' dir='ltr'>“z</span> <span class='ocrx_word' id='word_1_518' title='bbox 1287 3754 1306 3787; x_wconf 74' lang='grc' dir='ltr'><strong>ι</strong></span> <span class='ocrx_word' id='word_1_519' title='bbox 1343 3751 1445 3790; x_wconf 90' lang='lat' dir='ltr'><strong>non</strong></span> <span class='ocrx_word' id='word_1_520' title='bbox 1498 3738 1551 3791; x_wconf 92' lang='lat' dir='ltr'><strong>in</strong></span> <span class='ocrx_word' id='word_1_521' title='bbox 1594 3739 1736 3793; x_wconf 76' lang='lat' dir='ltr'><strong>istud</strong></span> <span class='ocrx_word' id='word_1_522' title='bbox 1772 3753 1974 3808; x_wconf 85' lang='lat' dir='ltr'><strong>corpus</strong></span> 
     </span>
    </p>
   </div>
   <div class='ocr_carea' id='block_1_69' title="bbox 400 3816 1969 3894">
    <p class='ocr_par' dir='ltr' id='par_1_69' title="bbox 400 3816 1969 3894">
     <span class='ocr_line' id='line_1_69' title="bbox 400 3816 1969 3894; baseline 0.008 -25"><span class='ocrx_word' id='word_1_523' title='bbox 400 3816 598 3882; x_wconf 73' lang='lat' dir='ltr'><strong>solum,</strong></span> <span class='ocrx_word' id='word_1_524' title='bbox 643 3820 786 3887; x_wconf 91' lang='lat' dir='ltr'><strong>quod</strong></span> <span class='ocrx_word' id='word_1_525' title='bbox 831 3822 1090 3892; x_wconf 92' lang='lat' dir='ltr'><strong>templum</strong></span> <span class='ocrx_word' id='word_1_526' title='bbox 1126 3825 1217 3879; x_wconf 89' lang='lat' dir='ltr'><strong>Dei</strong></span> <span class='ocrx_word' id='word_1_527' title='bbox 1252 3824 1502 3881; x_wconf 82' lang='lat' dir='ltr'><strong>eﬂ&#39;ectum</strong></span> <span class='ocrx_word' id='word_1_528' title='bbox 1537 3837 1642 3894; x_wconf 87' lang='lat' dir='ltr'><strong>est,</strong></span> <span class='ocrx_word' id='word_1_529' title='bbox 1673 3832 1766 3883; x_wconf 89' lang='lat' dir='ltr'><strong>sed</strong></span> <span class='ocrx_word' id='word_1_530' title='bbox 1813 3838 1866 3883; x_wconf 90' lang='lat' dir='ltr'><strong>et</strong></span> <span class='ocrx_word' id='word_1_531' title='bbox 1918 3829 1969 3882; x_wconf 93' lang='lat' dir='ltr'><strong>in</strong></span> 
     </span>
    </p>
   </div>
   <div class='ocr_carea' id='block_1_70' title="bbox 397 3908 1972 3992">
    <p class='ocr_par' dir='ltr' id='par_1_70' title="bbox 397 3908 1972 3992">
     <span class='ocr_line' id='line_1_70' title="bbox 397 3908 1972 3992; baseline 0.01 -30"><span class='ocrx_word' id='word_1_532' title='bbox 397 3908 527 3963; x_wconf 88' lang='lat' dir='ltr'><strong>illud</strong></span> <span class='ocrx_word' id='word_1_533' title='bbox 570 3916 713 3980; x_wconf 87' lang='lat' dir='ltr'><strong>quod</strong></span> <span class='ocrx_word' id='word_1_534' title='bbox 765 3911 985 3980; x_wconf 91' lang='lat' dir='ltr'><strong>dicitur,</strong></span> <span class='ocrx_word' id='word_1_535' title='bbox 1053 3918 1179 3986; x_wconf 84' lang='lat' dir='ltr'><strong>quia</strong></span> <span class='ocrx_word' id='word_1_536' title='bbox 1246 3921 1429 3976; x_wconf 90' lang='lat' dir='ltr'><strong>omnis</strong></span> <span class='ocrx_word' id='word_1_537' title='bbox 1484 3920 1725 3976; x_wconf 87' lang='lat' dir='ltr'><strong>Ecclesia</strong></span> <span class='ocrx_word' id='word_1_538' title='bbox 1774 3937 1972 3992; x_wconf 89' lang='lat' dir='ltr'><strong>corpus</strong></span> 
     </span>
    </p>
   </div>
   <div class='ocr_carea' id='block_1_71' title="bbox 395 4005 1973 4075">
    <p class='ocr_par' dir='ltr' id='par_1_71' title="bbox 395 4005 1973 4075">
     <span class='ocr_line' id='line_1_71' title="bbox 395 4005 1973 4075; baseline 0.01 -16"><span class='ocrx_word' id='word_1_539' title='bbox 395 4005 598 4061; x_wconf 89' lang='lat' dir='ltr'><strong>Christi</strong></span> <span class='ocrx_word' id='word_1_540' title='bbox 624 4018 707 4063; x_wconf 89' lang='lat' dir='ltr'><strong>est</strong></span> <span class='ocrx_word' id='word_1_541' title='bbox 733 4009 778 4040; x_wconf 85' lang='lat'><strong>“&#39;</strong></span> <span class='ocrx_word' id='word_1_542' title='bbox 810 4028 823 4064; x_wconf 90' lang='lat'><strong>:</strong></span> <span class='ocrx_word' id='word_1_543' title='bbox 855 4020 910 4066; x_wconf 92' lang='lat' dir='ltr'><strong>et</strong></span> <span class='ocrx_word' id='word_1_544' title='bbox 937 4012 988 4066; x_wconf 89' lang='lat' dir='ltr'><strong>in</strong></span> <span class='ocrx_word' id='word_1_545' title='bbox 1022 4027 1236 4069; x_wconf 91' lang='lat' dir='ltr'><strong>omnem</strong></span> <span class='ocrx_word' id='word_1_546' title='bbox 1283 4016 1583 4072; x_wconf 87' lang='lat' dir='ltr'><strong>Ecelesiam</strong></span> <span class='ocrx_word' id='word_1_547' title='bbox 1617 4019 1832 4073; x_wconf 90' lang='lat' dir='ltr'><strong>videtur</strong></span> <span class='ocrx_word' id='word_1_548' title='bbox 1878 4021 1973 4075; x_wconf 83' lang='lat' dir='ltr'><strong>de-</strong></span> 
     </span>
    </p>
   </div>
   <div class='ocr_carea' id='block_1_72' title="bbox 396 4097 1974 4188">
    <p class='ocr_par' dir='ltr' id='par_1_72' title="bbox 396 4097 1974 4188">
     <span class='ocr_line' id='line_1_72' title="bbox 396 4097 1974 4188; baseline 0.015 -37"><span class='ocrx_word' id='word_1_549' title='bbox 396 4097 673 4166; x_wconf 83' lang='lat' dir='ltr'><strong>linquere,</strong></span> <span class='ocrx_word' id='word_1_550' title='bbox 705 4106 798 4173; x_wconf 91' lang='lat' dir='ltr'><strong>qui</strong></span> <span class='ocrx_word' id='word_1_551' title='bbox 850 4121 1049 4176; x_wconf 91' lang='lat' dir='ltr'><strong>corpus</strong></span> <span class='ocrx_word' id='word_1_552' title='bbox 1077 4125 1234 4163; x_wconf 91' lang='lat' dir='ltr'><strong>suum</strong></span> <span class='ocrx_word' id='word_1_553' title='bbox 1280 4112 1663 4178; x_wconf 81' lang='lat' dir='ltr'><strong>maculaverit,</strong></span> <span class='ocrx_word' id='word_1_554' title='bbox 1699 4116 1827 4184; x_wconf 90' lang='lat' dir='ltr'><strong>quia</strong></span> <span class='ocrx_word' id='word_1_555' title='bbox 1878 4133 1974 4188; x_wconf 87' lang='lat' dir='ltr'><strong>per</strong></span> 
     </span>
    </p>
   </div>
   <div class='ocr_carea' id='block_1_73' title="bbox 397 4197 1977 4274">
    <p class='ocr_par' dir='ltr' id='par_1_73' title="bbox 397 4197 1977 4274">
     <span class='ocr_line' id='line_1_73' title="bbox 397 4197 1977 4274; baseline 0.012 -30"><span class='ocrx_word' id='word_1_556' title='bbox 397 4209 569 4249; x_wconf 85' lang='lat' dir='ltr'><strong>unum</strong></span> <span class='ocrx_word' id='word_1_557' title='bbox 622 4197 925 4254; x_wconf 88' lang='lat' dir='ltr'><strong>membrum</strong></span> <span class='ocrx_word' id='word_1_558' title='bbox 961 4202 1172 4257; x_wconf 86' lang='lat' dir='ltr'><strong>macula</strong></span> <span class='ocrx_word' id='word_1_559' title='bbox 1201 4203 1252 4257; x_wconf 92' lang='lat' dir='ltr'><strong>in</strong></span> <span class='ocrx_word' id='word_1_560' title='bbox 1285 4219 1447 4260; x_wconf 87' lang='lat' dir='ltr'><strong>omne</strong></span> <span class='ocrx_word' id='word_1_561' title='bbox 1476 4219 1674 4274; x_wconf 88' lang='lat' dir='ltr'><strong>corpus</strong></span> <span class='ocrx_word' id='word_1_562' title='bbox 1719 4206 1977 4263; x_wconf 83' lang='lat' dir='ltr'><strong>diII&#39;nndi-</strong></span> 
     </span>
    </p>
   </div>
   <div class='ocr_carea' id='block_1_74' title="bbox 398 4286 1974 4367">
    <p class='ocr_par' dir='ltr' id='par_1_74' title="bbox 398 4286 1974 4367">
     <span class='ocr_line' id='line_1_74' title="bbox 398 4286 1974 4367; baseline 0.013 -30"><span class='ocrx_word' id='word_1_563' title='bbox 398 4297 507 4341; x_wconf 90' lang='lat' dir='ltr'><strong>tur.</strong></span> <span class='ocrx_word' id='word_1_564' title='bbox 539 4286 633 4342; x_wconf 83' lang='lat' dir='ltr'><strong>Est</strong></span> <span class='ocrx_word' id='word_1_565' title='bbox 676 4299 731 4345; x_wconf 90' lang='lat' dir='ltr'><strong>et</strong></span> <span class='ocrx_word' id='word_1_566' title='bbox 763 4291 895 4345; x_wconf 91' lang='lat' dir='ltr'><strong>illud</strong></span> <span class='ocrx_word' id='word_1_567' title='bbox 925 4294 1277 4363; x_wconf 89' lang='lat' dir='ltr'><strong>opprobrium</strong></span> <span class='ocrx_word' id='word_1_568' title='bbox 1308 4294 1552 4367; x_wconf 67' lang='lat' dir='ltr'><strong>JEgypti,</strong></span> <span class='ocrx_word' id='word_1_569' title='bbox 1586 4299 1756 4366; x_wconf 90' lang='lat' dir='ltr'><strong>quod,</strong></span> <span class='ocrx_word' id='word_1_570' title='bbox 1784 4300 1827 4355; x_wconf 92' lang='lat' dir='ltr'><strong>si</strong></span> <span class='ocrx_word' id='word_1_571' title='bbox 1878 4317 1974 4357; x_wconf 86' lang='lat' dir='ltr'><strong>ne-</strong></span> 
     </span>
    </p>
   </div>
   <div class='ocr_carea' id='block_1_75' title="bbox 396 4376 1974 4460">
    <p class='ocr_par' dir='ltr' id='par_1_75' title="bbox 396 4376 1974 4460">
     <span class='ocr_line' id='line_1_75' title="bbox 396 4376 1974 4460; baseline 0.011 -32"><span class='ocrx_word' id='word_1_572' title='bbox 396 4376 659 4444; x_wconf 71' lang='lat' dir='ltr'><strong>glexeris.</strong></span> <span class='ocrx_word' id='word_1_573' title='bbox 708 4381 874 4434; x_wconf 89' lang='lat' dir='ltr'><strong>etiam</strong></span> <span class='ocrx_word' id='word_1_574' title='bbox 923 4392 1045 4452; x_wconf 89' lang='lat' dir='ltr'><strong>post</strong></span> <span class='ocrx_word' id='word_1_575' title='bbox 1085 4382 1342 4440; x_wconf 86' lang='lat' dir='ltr'><strong>Iordanis</strong></span> <span class='ocrx_word' id='word_1_576' title='bbox 1386 4388 1705 4457; x_wconf 80' lang='lat' dir='ltr'><strong>transitum,</strong></span> <span class='ocrx_word' id='word_1_577' title='bbox 1747 4400 1800 4444; x_wconf 92' lang='lat' dir='ltr'><strong>et</strong></span> <span class='ocrx_word' id='word_1_578' title='bbox 1848 4401 1974 4460; x_wconf 89' lang='lat' dir='ltr'><strong>post</strong></span> 
     </span>
    </p>
   </div>
   <div class='ocr_carea' id='block_1_76' title="bbox 396 4467 1972 4546">
    <p class='ocr_par' dir='ltr' id='par_1_76' title="bbox 396 4467 1972 4546">
     <span class='ocr_line' id='line_1_76' title="bbox 396 4467 1972 4546; baseline 0.008 -23"><span class='ocrx_word' id='word_1_579' title='bbox 396 4467 651 4539; x_wconf 82' lang='lat' dir='ltr'><strong>baptismi</strong></span> <span class='ocrx_word' id='word_1_580' title='bbox 696 4476 990 4529; x_wconf 81' lang='lat' dir='ltr'><strong>secundam</strong></span> <span class='ocrx_word' id='word_1_581' title='bbox 1042 4477 1541 4546; x_wconf 86' lang='lat' dir='ltr'><strong>circnmcisionem,</strong></span> <span class='ocrx_word' id='word_1_582' title='bbox 1576 4491 1804 4537; x_wconf 73' lang='lat' dir='ltr'><strong>vetusta:</strong></span> <span class='ocrx_word' id='word_1_583' title='bbox 1836 4499 1972 4538; x_wconf 81' lang='lat' dir='ltr'><strong>con-</strong></span> 
     </span>
    </p>
   </div>
   <div class='ocr_carea' id='block_1_77' title="bbox 399 4564 1979 4643">
    <p class='ocr_par' dir='ltr' id='par_1_77' title="bbox 399 4564 1979 4643">
     <span class='ocr_line' id='line_1_77' title="bbox 399 4564 1979 4643; baseline 0.009 -27"><span class='ocrx_word' id='word_1_584' title='bbox 399 4564 704 4620; x_wconf 89' lang='lat' dir='ltr'><strong>suetudinis</strong></span> <span class='ocrx_word' id='word_1_585' title='bbox 739 4566 1012 4622; x_wconf 90' lang='lat' dir='ltr'><strong>inustione</strong></span> <span class='ocrx_word' id='word_1_586' title='bbox 1041 4572 1349 4639; x_wconf 79' lang='lat' dir='ltr'><strong>suggeritur</strong></span> <span class='ocrx_word' id='word_1_587' title='bbox 1379 4572 1513 4643; x_wconf 91' lang='lat'><strong>(68),</strong></span> <span class='ocrx_word' id='word_1_588' title='bbox 1545 4574 1839 4629; x_wconf 83' lang='lat' dir='ltr'><strong>observare</strong></span> <span class='ocrx_word' id='word_1_589' title='bbox 1883 4592 1979 4631; x_wconf 83' lang='lat' dir='ltr'><strong>au-</strong></span> 
     </span>
    </p>
   </div>
   <div class='ocr_carea' id='block_1_78' title="bbox 398 4657 1979 4729">
    <p class='ocr_par' dir='ltr' id='par_1_78' title="bbox 398 4657 1979 4729">
     <span class='ocr_line' id='line_1_78' title="bbox 398 4657 1979 4729; baseline 0.008 -21"><span class='ocrx_word' id='word_1_590' title='bbox 398 4657 574 4721; x_wconf 73' lang='lat' dir='ltr'><strong>guria,</strong></span> <span class='ocrx_word' id='word_1_591' title='bbox 603 4660 882 4727; x_wconf 84' lang='lat' dir='ltr'><strong>requirere</strong></span> <span class='ocrx_word' id='word_1_592' title='bbox 904 4663 1183 4718; x_wconf 85' lang='lat' dir='ltr'><strong>stellarum</strong></span> <span class='ocrx_word' id='word_1_593' title='bbox 1212 4681 1424 4729; x_wconf 87' lang='lat' dir='ltr'><strong>cursus.</strong></span> <span class='ocrx_word' id='word_1_594' title='bbox 1454 4677 1508 4720; x_wconf 87' lang='lat' dir='ltr'><strong>et</strong></span> <span class='ocrx_word' id='word_1_595' title='bbox 1547 4678 1777 4722; x_wconf 89' lang='lat' dir='ltr'><strong>eventus</strong></span> <span class='ocrx_word' id='word_1_596' title='bbox 1813 4682 1880 4722; x_wconf 75' lang='lat' dir='ltr'><strong>ex</strong></span> <span class='ocrx_word' id='word_1_597' title='bbox 1912 4666 1979 4721; x_wconf 92' lang='lat' dir='ltr'><strong>iis</strong></span> 
     </span>
    </p>
   </div>
   <div class='ocr_carea' id='block_1_79' title="bbox 400 4746 1978 4825">
    <p class='ocr_par' dir='ltr' id='par_1_79' title="bbox 400 4746 1978 4825">
     <span class='ocr_line' id='line_1_79' title="bbox 400 4746 1978 4825; baseline 0.006 -26"><span class='ocrx_word' id='word_1_598' title='bbox 400 4746 706 4803; x_wconf 78' lang='lat' dir='ltr'><strong>futurorum</strong></span> <span class='ocrx_word' id='word_1_599' title='bbox 742 4750 953 4815; x_wconf 85' lang='lat' dir='ltr'><strong>rimari.</strong></span> <span class='ocrx_word' id='word_1_600' title='bbox 996 4768 1218 4809; x_wconf 88' lang='lat' dir='ltr'><strong>servare</strong></span> <span class='ocrx_word' id='word_1_601' title='bbox 1265 4758 1474 4811; x_wconf 90' lang='lat' dir='ltr'><strong>somnia</strong></span> <span class='ocrx_word' id='word_1_602' title='bbox 1508 4756 1833 4825; x_wconf 71' lang='lat' dir='ltr'><strong>cmterisqne</strong></span> <span class='ocrx_word' id='word_1_603' title='bbox 1876 4756 1978 4808; x_wconf 86' lang='lat' dir='ltr'><strong>Int-</strong></span> 
     </span>
    </p>
   </div>
   <div class='ocr_carea' id='block_1_80' title="bbox 395 4842 1979 4917">
    <p class='ocr_par' dir='ltr' id='par_1_80' title="bbox 395 4842 1979 4917">
     <span class='ocr_line' id='line_1_80' title="bbox 395 4842 1979 4917; baseline 0.006 -24"><span class='ocrx_word' id='word_1_604' title='bbox 395 4842 635 4911; x_wconf 87' lang='lat' dir='ltr'><strong>jusmodi</strong></span> <span class='ocrx_word' id='word_1_605' title='bbox 658 4845 1137 4914; x_wconf 89' lang='lat' dir='ltr'><strong>superstitionibus</strong></span> <span class='ocrx_word' id='word_1_606' title='bbox 1167 4848 1456 4917; x_wconf 89' lang='lat' dir='ltr'><strong>implicari.</strong></span> <span class='ocrx_word' id='word_1_607' title='bbox 1480 4848 1806 4903; x_wconf 69' lang='lat' dir='ltr'><strong>Ilololatriaa</strong></span> <span class='ocrx_word' id='word_1_608' title='bbox 1820 4865 1979 4903; x_wconf 87' lang='lat' dir='ltr'><strong>nam-</strong></span> 
     </span>
    </p>
   </div>
   <div class='ocr_carea' id='block_1_81' title="bbox 472 4979 1729 5054">
    <p class='ocr_par' dir='ltr' id='par_1_81' title="bbox 472 4979 1729 5054">
     <span class='ocr_line' id='line_1_81' title="bbox 472 4979 1729 5054; baseline 0.004 -18"><span class='ocrx_word' id='word_1_609' title='bbox 472 4982 522 5054; x_wconf 81' lang='lat'><strong>”_</strong></span> <span class='ocrx_word' id='word_1_610' title='bbox 546 4979 709 5054; x_wconf 70' lang='lat' dir='ltr'><strong>Ilelir.</strong></span> <span class='ocrx_word' id='word_1_611' title='bbox 738 4983 905 5050; x_wconf 69' lang='lat'><strong>1,29.</strong></span> <span class='ocrx_word' id='word_1_612' title='bbox 1030 4986 1115 5041; x_wconf 75' lang='lat' dir='ltr'><strong>&quot;l</strong></span> <span class='ocrx_word' id='word_1_613' title='bbox 1155 4987 1281 5043; x_wconf 89' lang='lat' dir='ltr'><strong>Cor.</strong></span> <span class='ocrx_word' id='word_1_614' title='bbox 1311 4987 1609 5054; x_wconf 71' lang='lat' dir='ltr'><strong>v1.19,m,</strong></span> <span class='ocrx_word' id='word_1_615' title='bbox 1646 4988 1729 5041; x_wconf 90' lang='lat' dir='ltr'><strong>l7.</strong></span> 
     </span>
    </p>
   </div>
   <div class='ocr_carea' id='block_1_82' title="bbox 402 5050 643 5119">
    <p class='ocr_par' dir='ltr' id='par_1_82' title="bbox 402 5050 643 5119">
     <span class='ocr_line' id='line_1_82' title="bbox 402 5050 643 5119; baseline -0.004 -15"><span class='ocrx_word' id='word_1_616' title='bbox 402 5068 455 5114; x_wconf 80' lang='grc' dir='ltr'><strong><em>ν,</em></strong></span> <span class='ocrx_word' id='word_1_617' title='bbox 496 5050 552 5119; x_wconf 87' lang='grc'><strong>8,</strong></span> <span class='ocrx_word' id='word_1_618' title='bbox 593 5052 643 5105; x_wconf 85' lang='grc'><strong>9.</strong></span> 
     </span>
    </p>
   </div>
   <div class='ocr_carea' id='block_1_83' title="bbox 464 5190 1475 5261">
    <p class='ocr_par' dir='ltr' id='par_1_83' title="bbox 464 5190 1475 5261">
     <span class='ocr_line' id='line_1_83' title="bbox 464 5190 1475 5261; baseline -0.003 -11"><span class='ocrx_word' id='word_1_619' title='bbox 464 5190 583 5261; x_wconf 70' lang='grc'>(64)</span> <span class='ocrx_word' id='word_1_620' title='bbox 612 5194 772 5249; x_wconf 83' lang='lat' dir='ltr'><strong>Iidem</strong></span> <span class='ocrx_word' id='word_1_621' title='bbox 805 5207 965 5254; x_wconf 68' lang='grc' dir='ltr'><strong>ωδε..</strong></span> <span class='ocrx_word' id='word_1_622' title='bbox 994 5212 1016 5247; x_wconf 74' lang='grc' dir='ltr'><strong><em>ο</em></strong></span> <span class='ocrx_word' id='word_1_623' title='bbox 1054 5196 1419 5252; x_wconf 81' lang='lat' dir='ltr'><strong>revolventur.</strong></span> <span class='ocrx_word' id='word_1_624' title='bbox 1455 5212 1475 5247; x_wconf 74' lang='grc' dir='ltr'><strong><em>ι</em></strong></span> 
     </span>
    </p>
   </div>
   <div class='ocr_carea' id='block_1_84' title="bbox 473 5265 1376 5335">
    <p class='ocr_par' dir='ltr' id='par_1_84' title="bbox 473 5265 1376 5335">
     <span class='ocr_line' id='line_1_84' title="bbox 473 5265 1376 5335; baseline -0.004 -14"><span class='ocrx_word' id='word_1_625' title='bbox 473 5266 586 5335; x_wconf 88' lang='grc'>(65)</span> <span class='ocrx_word' id='word_1_626' title='bbox 619 5265 780 5319; x_wconf 88' lang='lat' dir='ltr'><strong>Iidem</strong></span> <span class='ocrx_word' id='word_1_627' title='bbox 820 5282 976 5329; x_wconf 88' lang='lat' dir='ltr'><strong>mss.,</strong></span> <span class='ocrx_word' id='word_1_628' title='bbox 1009 5286 1027 5319; x_wconf 84' lang='grc'><strong><em>‹</em></strong></span> <span class='ocrx_word' id='word_1_629' title='bbox 1060 5267 1320 5335; x_wconf 89' lang='lat' dir='ltr'><strong>polluere.</strong></span> <span class='ocrx_word' id='word_1_630' title='bbox 1358 5285 1376 5317; x_wconf 72' lang='grc' dir='ltr'><strong>ι</strong></span> 
     </span>
    </p>
   </div>
   <div class='ocr_carea' id='block_1_85' title="bbox 497 5335 1268 5395">
    <p class='ocr_par' dir='ltr' id='par_1_85' title="bbox 497 5335 1268 5395">
     <span class='ocr_line' id='line_1_85' title="bbox 497 5335 1268 5395; baseline -0.003 -4"><span class='ocrx_word' id='word_1_631' title='bbox 497 5339 587 5395; x_wconf 83' lang='grc'><strong>66)</strong></span> <span class='ocrx_word' id='word_1_632' title='bbox 620 5335 782 5390; x_wconf 90' lang='lat' dir='ltr'><strong>Iidem</strong></span> <span class='ocrx_word' id='word_1_633' title='bbox 820 5350 950 5391; x_wconf 84' lang='lat' dir='ltr'><strong>mss.</strong></span> <span class='ocrx_word' id='word_1_634' title='bbox 982 5355 1002 5388; x_wconf 70' lang='grc' dir='ltr'>ι</span> <span class='ocrx_word' id='word_1_635' title='bbox 1035 5349 1214 5393; x_wconf 70' lang='lat' dir='ltr'><strong>terrae.</strong></span> <span class='ocrx_word' id='word_1_636' title='bbox 1249 5353 1268 5389; x_wconf 72' lang='grc' dir='ltr'><strong>ι</strong></span> 
     </span>
    </p>
   </div>
   <div class='ocr_carea' id='block_1_86' title="bbox 496 5405 1981 5472">
    <p class='ocr_par' dir='ltr' id='par_1_86' title="bbox 496 5405 1981 5472">
     <span class='ocr_line' id='line_1_86' title="bbox 496 5405 1981 5472; baseline 0.001 -10"><span class='ocrx_word' id='word_1_637' title='bbox 496 5408 589 5472; x_wconf 81' lang='grc'><strong>67)</strong></span> <span class='ocrx_word' id='word_1_638' title='bbox 629 5405 790 5461; x_wconf 79' lang='lat' dir='ltr'><strong>Pene.</strong></span> <span class='ocrx_word' id='word_1_639' title='bbox 829 5408 989 5462; x_wconf 83' lang='lat' dir='ltr'><strong>Deest</strong></span> <span class='ocrx_word' id='word_1_640' title='bbox 1024 5411 1075 5462; x_wconf 89' lang='lat' dir='ltr'><strong>iu</strong></span> <span class='ocrx_word' id='word_1_641' title='bbox 1120 5405 1386 5461; x_wconf 85' lang='lat' dir='ltr'><strong>Gemetic.</strong></span> <span class='ocrx_word' id='word_1_642' title='bbox 1412 5417 1468 5462; x_wconf 87' lang='lat' dir='ltr'><strong>et</strong></span> <span class='ocrx_word' id='word_1_643' title='bbox 1499 5422 1609 5461; x_wconf 90' lang='lat' dir='ltr'><strong>uno</strong></span> <span class='ocrx_word' id='word_1_644' title='bbox 1640 5406 1981 5465; x_wconf 85' lang='lat' dir='ltr'><strong>Ebroicensi.</strong></span> 
     </span>
    </p>
   </div>
   <div class='ocr_carea' id='block_1_87' title="bbox 475 5477 1692 5547">
    <p class='ocr_par' dir='ltr' id='par_1_87' title="bbox 475 5477 1692 5547">
     <span class='ocr_line' id='line_1_87' title="bbox 475 5477 1692 5547; baseline -0.001 -16"><span class='ocrx_word' id='word_1_645' title='bbox 475 5477 595 5542; x_wconf 74' lang='grc'>,(68)</span> <span class='ocrx_word' id='word_1_646' title='bbox 630 5477 796 5531; x_wconf 87' lang='lat' dir='ltr'><strong>Iidem</strong></span> <span class='ocrx_word' id='word_1_647' title='bbox 841 5495 967 5532; x_wconf 88' lang='lat' dir='ltr'><strong>mss.</strong></span> <span class='ocrx_word' id='word_1_648' title='bbox 1010 5498 1027 5529; x_wconf 74' lang='grc' dir='ltr'>σ</span> <span class='ocrx_word' id='word_1_649' title='bbox 1070 5478 1268 5531; x_wconf 88' lang='lat' dir='ltr'><strong>innstio</strong></span> <span class='ocrx_word' id='word_1_650' title='bbox 1299 5490 1348 5531; x_wconf 91' lang='lat' dir='ltr'><strong>te</strong></span> <span class='ocrx_word' id='word_1_651' title='bbox 1370 5479 1632 5547; x_wconf 75' lang='lat' dir='ltr'><strong>suggerit.</strong></span> <span class='ocrx_word' id='word_1_652' title='bbox 1672 5497 1692 5530; x_wconf 67' lang='grc' dir='ltr'><strong>ι</strong></span> 
     </span>
    </p>
   </div>
   <div class='ocr_carea' id='block_1_88' title="bbox 480 5548 1977 5613">
    <p class='ocr_par' dir='ltr' id='par_1_88' title="bbox 480 5548 1977 5613">
     <span class='ocr_line' id='line_1_88' title="bbox 480 5548 1977 5613; baseline 0.001 -12"><span class='ocrx_word' id='word_1_653' title='bbox 480 5548 588 5613; x_wconf 75' lang='grc'>(69)</span> <span class='ocrx_word' id='word_1_654' title='bbox 636 5548 749 5599; x_wconf 91' lang='lat' dir='ltr'><strong>Duo</strong></span> <span class='ocrx_word' id='word_1_655' title='bbox 778 5548 1131 5603; x_wconf 79' lang='lat' dir='ltr'><strong>Ebroicenses</strong></span> <span class='ocrx_word' id='word_1_656' title='bbox 1161 5566 1174 5600; x_wconf 88' lang='lat'>:</span> <span class='ocrx_word' id='word_1_657' title='bbox 1208 5565 1228 5599; x_wconf 73' lang='grc' dir='ltr'>ι</span> <span class='ocrx_word' id='word_1_658' title='bbox 1276 5550 1561 5603; x_wconf 86' lang='lat' dir='ltr'><strong>Dominum</strong></span> <span class='ocrx_word' id='word_1_659' title='bbox 1599 5558 1842 5604; x_wconf 83' lang='lat' dir='ltr'><strong>nostrum</strong></span> <span class='ocrx_word' id='word_1_660' title='bbox 1888 5548 1977 5602; x_wconf 85' lang='lat' dir='ltr'><strong>Ie-</strong></span> 
     </span>
    </p>
   </div>
   <div class='ocr_carea' id='block_1_89' title="bbox 406 5617 1968 5675">
    <p class='ocr_par' dir='ltr' id='par_1_89' title="bbox 406 5617 1968 5675">
     <span class='ocr_line' id='line_1_89' title="bbox 406 5617 1968 5675; baseline 0.003 -7"><span class='ocrx_word' id='word_1_661' title='bbox 406 5632 523 5672; x_wconf 79' lang='lat' dir='ltr'><strong>sum</strong></span> <span class='ocrx_word' id='word_1_662' title='bbox 547 5617 841 5672; x_wconf 87' lang='lat' dir='ltr'><strong>Christum.</strong></span> <span class='ocrx_word' id='word_1_663' title='bbox 888 5638 905 5671; x_wconf 78' lang='grc' dir='ltr'><strong><em>ι</em></strong></span> <span class='ocrx_word' id='word_1_664' title='bbox 946 5620 1208 5674; x_wconf 76' lang='lat' dir='ltr'><strong>Gemetie.</strong></span> <span class='ocrx_word' id='word_1_665' title='bbox 1248 5637 1265 5670; x_wconf 76' lang='lat' dir='ltr'><strong>t</strong></span> <span class='ocrx_word' id='word_1_666' title='bbox 1312 5620 1476 5673; x_wconf 86' lang='lat' dir='ltr'><strong>Deum</strong></span> <span class='ocrx_word' id='word_1_667' title='bbox 1511 5628 1755 5675; x_wconf 87' lang='lat' dir='ltr'><strong>nostrum</strong></span> <span class='ocrx_word' id='word_1_668' title='bbox 1784 5617 1968 5673; x_wconf 83' lang='lat' dir='ltr'><strong>Iesum</strong></span> 
     </span>
    </p>
   </div>
   <div class='ocr_carea' id='block_1_90' title="bbox 406 5688 1963 5760">
    <p class='ocr_par' dir='ltr' id='par_1_90' title="bbox 406 5688 1963 5760">
     <span class='ocr_line' id='line_1_90' title="bbox 406 5688 1963 5760; baseline 0.002 -24"><span class='ocrx_word' id='word_1_669' title='bbox 406 5688 701 5760; x_wconf 62' lang='lat' dir='ltr'><strong>(thristnm.</strong></span> <span class='ocrx_word' id='word_1_670' title='bbox 757 5707 773 5738; x_wconf 76' lang='grc' dir='ltr'><strong><em>ι</em></strong></span> <span class='ocrx_word' id='word_1_671' title='bbox 823 5688 939 5760; x_wconf 83' lang='lat' dir='ltr'><strong>Mox</strong></span> <span class='ocrx_word' id='word_1_672' title='bbox 982 5693 1146 5744; x_wconf 75' lang='lat' dir='ltr'><strong>codex</strong></span> <span class='ocrx_word' id='word_1_673' title='bbox 1206 5694 1492 5760; x_wconf 82' lang='lat' dir='ltr'><strong>Sangerm.</strong></span> <span class='ocrx_word' id='word_1_674' title='bbox 1528 5709 1547 5741; x_wconf 72' lang='grc' dir='ltr'><em>ς</em></span> <span class='ocrx_word' id='word_1_675' title='bbox 1601 5690 1753 5753; x_wconf 87' lang='lat' dir='ltr'><strong>cujus</strong></span> <span class='ocrx_word' id='word_1_676' title='bbox 1798 5699 1899 5743; x_wconf 58' lang='lat' dir='ltr'><strong>esu</strong></span> <span class='ocrx_word' id='word_1_677' title='bbox 1946 5709 1963 5739; x_wconf 76' lang='grc' dir='ltr'><strong>ι</strong></span> 
     </span>
    </p>
   </div>
   <div class='ocr_carea' id='block_1_91' title="bbox 408 5756 1969 5817">
    <p class='ocr_par' dir='ltr' id='par_1_91' title="bbox 408 5756 1969 5817">
     <span class='ocr_line' id='line_1_91' title="bbox 408 5756 1969 5817; baseline 0.001 -6"><span class='ocrx_word' id='word_1_678' title='bbox 408 5756 560 5812; x_wconf 87' lang='lat' dir='ltr'><strong>Libb.</strong></span> <span class='ocrx_word' id='word_1_679' title='bbox 614 5765 769 5811; x_wconf 84' lang='lat' dir='ltr'><strong>antea</strong></span> <span class='ocrx_word' id='word_1_680' title='bbox 805 5759 934 5814; x_wconf 88' lang='lat' dir='ltr'><strong>editi</strong></span> <span class='ocrx_word' id='word_1_681' title='bbox 971 5778 981 5811; x_wconf 85' lang='lat'>:</span> <span class='ocrx_word' id='word_1_682' title='bbox 1021 5779 1039 5811; x_wconf 69' lang='grc' dir='ltr'><strong>ε</strong></span> <span class='ocrx_word' id='word_1_683' title='bbox 1089 5761 1173 5815; x_wconf 88' lang='lat' dir='ltr'><strong>cui</strong></span> <span class='ocrx_word' id='word_1_684' title='bbox 1223 5756 1390 5817; x_wconf 46' lang='lat' dir='ltr'><strong>esti»</strong></span> <span class='ocrx_word' id='word_1_685' title='bbox 1433 5760 1584 5816; x_wconf 86' lang='lat' dir='ltr'><strong>Unus</strong></span> <span class='ocrx_word' id='word_1_686' title='bbox 1627 5760 1969 5815; x_wconf 81' lang='lat' dir='ltr'><strong>Ebroieensis</strong></span> 
     </span>
    </p>
   </div>
   <div class='ocr_carea' id='block_1_92' title="bbox 1848 4987 2327 5056">
    <p class='ocr_par' dir='ltr' id='par_1_92' title="bbox 1848 4987 2327 5056">
     <span class='ocr_line' id='line_1_92' title="bbox 1848 4987 2327 5056; baseline 0.004 -13"><span class='ocrx_word' id='word_1_687' title='bbox 1848 4989 1891 5020; x_wconf 72' lang='lat'>”</span> <span class='ocrx_word' id='word_1_688' title='bbox 1919 4988 1939 5043; x_wconf 90' lang='lat' dir='ltr'><strong>I</strong></span> <span class='ocrx_word' id='word_1_689' title='bbox 1968 4987 2094 5045; x_wconf 88' lang='lat' dir='ltr'><strong>Cor.</strong></span> <span class='ocrx_word' id='word_1_690' title='bbox 2130 5006 2204 5056; x_wconf 77' lang='lat' dir='ltr'><strong>vr,</strong></span> <span class='ocrx_word' id='word_1_691' title='bbox 2244 4990 2327 5045; x_wconf 89' lang='lat' dir='ltr'><strong>l8.</strong></span> 
     </span>
    </p>
   </div>
   <div class='ocr_carea' id='block_1_93' title="bbox 2079 3175 3656 3251">
    <p class='ocr_par' dir='ltr' id='par_1_93' title="bbox 2079 3175 3656 3251">
     <span class='ocr_line' id='line_1_93' title="bbox 2079 3175 3656 3251; baseline -0.006 -16"><span class='ocrx_word' id='word_1_692' title='bbox 2079 3182 2295 3251; x_wconf 88' lang='lat' dir='ltr'><strong>penitus</strong></span> <span class='ocrx_word' id='word_1_693' title='bbox 2332 3181 2682 3251; x_wconf 90' lang='lat' dir='ltr'><strong>derelinquit.</strong></span> <span class='ocrx_word' id='word_1_694' title='bbox 2736 3179 2885 3236; x_wconf 87' lang='lat' dir='ltr'><strong>Misit</strong></span> <span class='ocrx_word' id='word_1_695' title='bbox 2915 3180 3059 3235; x_wconf 88' lang='lat' dir='ltr'><strong>enim</strong></span> <span class='ocrx_word' id='word_1_696' title='bbox 3089 3176 3299 3242; x_wconf 81' lang='lat' dir='ltr'><strong>Iesum,</strong></span> <span class='ocrx_word' id='word_1_697' title='bbox 3346 3175 3436 3246; x_wconf 92' lang='lat' dir='ltr'><strong>qui</strong></span> <span class='ocrx_word' id='word_1_698' title='bbox 3469 3188 3656 3228; x_wconf 88' lang='lat' dir='ltr'><strong>omnes</strong></span> 
     </span>
    </p>
   </div>
   <div class='ocr_carea' id='block_1_94' title="bbox 2077 3269 3653 3345">
    <p class='ocr_par' dir='ltr' id='par_1_94' title="bbox 2077 3269 3653 3345">
     <span class='ocr_line' id='line_1_94' title="bbox 2077 3269 3653 3345; baseline -0.008 -16"><span class='ocrx_word' id='word_1_699' title='bbox 2077 3272 2237 3329; x_wconf 92' lang='lat' dir='ltr'><strong>simul</strong></span> <span class='ocrx_word' id='word_1_700' title='bbox 2291 3274 2482 3345; x_wconf 81' lang='lat' dir='ltr'><strong>dignos</strong></span> <span class='ocrx_word' id='word_1_701' title='bbox 2536 3273 2953 3328; x_wconf 86' lang='lat' dir='ltr'><strong>circumcideret</strong></span> <span class='ocrx_word' id='word_1_702' title='bbox 3002 3280 3057 3325; x_wconf 92' lang='lat' dir='ltr'><strong>et</strong></span> <span class='ocrx_word' id='word_1_703' title='bbox 3110 3269 3382 3334; x_wconf 81' lang='lat' dir='ltr'><strong>indignos,</strong></span> <span class='ocrx_word' id='word_1_704' title='bbox 3436 3274 3492 3321; x_wconf 93' lang='lat' dir='ltr'><strong>et</strong></span> <span class='ocrx_word' id='word_1_705' title='bbox 3547 3279 3653 3318; x_wconf 93' lang='lat' dir='ltr'><strong>non</strong></span> 
     </span>
    </p>
   </div>
   <div class='ocr_carea' id='block_1_95' title="bbox 2079 3358 3659 3431">
    <p class='ocr_par' dir='ltr' id='par_1_95' title="bbox 2079 3358 3659 3431">
     <span class='ocr_line' id='line_1_95' title="bbox 2079 3358 3659 3431; baseline -0.008 -9"><span class='ocrx_word' id='word_1_706' title='bbox 2079 3368 2246 3422; x_wconf 80' lang='lat' dir='ltr'><strong>lilium</strong></span> <span class='ocrx_word' id='word_1_707' title='bbox 2274 3367 2419 3421; x_wconf 89' lang='lat' dir='ltr'><strong>Nave</strong></span> <span class='ocrx_word' id='word_1_708' title='bbox 2450 3366 2660 3431; x_wconf 85' lang='lat' dir='ltr'><strong>Iesum,</strong></span> <span class='ocrx_word' id='word_1_709' title='bbox 2701 3382 2806 3421; x_wconf 90' lang='lat' dir='ltr'><strong>non</strong></span> <span class='ocrx_word' id='word_1_710' title='bbox 2842 3365 2985 3420; x_wconf 90' lang='lat' dir='ltr'><strong>enim</strong></span> <span class='ocrx_word' id='word_1_711' title='bbox 3015 3377 3141 3417; x_wconf 88' lang='lat' dir='ltr'><strong>vera</strong></span> <span class='ocrx_word' id='word_1_712' title='bbox 3178 3372 3232 3416; x_wconf 91' lang='lat' dir='ltr'><strong>et</strong></span> <span class='ocrx_word' id='word_1_713' title='bbox 3270 3360 3514 3429; x_wconf 79' lang='lat' dir='ltr'><strong>perfecta</strong></span> <span class='ocrx_word' id='word_1_714' title='bbox 3548 3358 3659 3413; x_wconf 88' lang='lat' dir='ltr'><strong>cir-</strong></span> 
     </span>
    </p>
   </div>
   <div class='ocr_carea' id='block_1_96' title="bbox 2077 3445 3654 3529">
    <p class='ocr_par' dir='ltr' id='par_1_96' title="bbox 2077 3445 3654 3529">
     <span class='ocr_line' id='line_1_96' title="bbox 2077 3445 3654 3529; baseline -0.009 -15"><span class='ocrx_word' id='word_1_715' title='bbox 2077 3459 2413 3515; x_wconf 86' lang='lat' dir='ltr'><strong>cumcisione</strong></span> <span class='ocrx_word' id='word_1_716' title='bbox 2463 3460 2552 3513; x_wconf 88' lang='lat' dir='ltr'><strong>ille</strong></span> <span class='ocrx_word' id='word_1_717' title='bbox 2601 3458 2858 3529; x_wconf 90' lang='lat' dir='ltr'><strong>populum</strong></span> <span class='ocrx_word' id='word_1_718' title='bbox 2908 3453 3275 3515; x_wconf 89' lang='lat' dir='ltr'><strong>circumcidit,</strong></span> <span class='ocrx_word' id='word_1_719' title='bbox 3330 3450 3424 3504; x_wconf 88' lang='lat' dir='ltr'><strong>sed</strong></span> <span class='ocrx_word' id='word_1_720' title='bbox 3468 3445 3654 3503; x_wconf 91' lang='lat' dir='ltr'><strong>Iesum</strong></span> 
     </span>
    </p>
   </div>
   <div class='ocr_carea' id='block_1_97' title="bbox 2075 3542 3652 3613">
    <p class='ocr_par' dir='ltr' id='par_1_97' title="bbox 2075 3542 3652 3613">
     <span class='ocr_line' id='line_1_97' title="bbox 2075 3542 3652 3613; baseline -0.007 -5"><span class='ocrx_word' id='word_1_721' title='bbox 2075 3553 2356 3608; x_wconf 89' lang='lat' dir='ltr'><strong>Christum</strong></span> <span class='ocrx_word' id='word_1_722' title='bbox 2396 3551 2682 3606; x_wconf 90' lang='lat' dir='ltr'><strong>Dominum</strong></span> <span class='ocrx_word' id='word_1_723' title='bbox 2725 3562 2780 3605; x_wconf 91' lang='lat' dir='ltr'><strong>et</strong></span> <span class='ocrx_word' id='word_1_724' title='bbox 2843 3549 3182 3604; x_wconf 87' lang='lat' dir='ltr'><strong>Salvatorem</strong></span> <span class='ocrx_word' id='word_1_725' title='bbox 3231 3555 3475 3602; x_wconf 90' lang='lat' dir='ltr'><strong>nostrum</strong></span> <span class='ocrx_word' id='word_1_726' title='bbox 3516 3542 3652 3613; x_wconf 74' lang='lat'><strong>(72).</strong></span> 
     </span>
    </p>
   </div>
   <div class='ocr_carea' id='block_1_98' title="bbox 2078 3633 3657 3711">
    <p class='ocr_par' dir='ltr' id='par_1_98' title="bbox 2078 3633 3657 3711">
     <span class='ocr_line' id='line_1_98' title="bbox 2078 3633 3657 3711; baseline -0.008 -14"><span class='ocrx_word' id='word_1_727' title='bbox 2078 3641 2179 3699; x_wconf 89' lang='lat' dir='ltr'><strong>llic</strong></span> <span class='ocrx_word' id='word_1_728' title='bbox 2205 3644 2347 3698; x_wconf 92' lang='lat' dir='ltr'><strong>enim</strong></span> <span class='ocrx_word' id='word_1_729' title='bbox 2389 3652 2497 3707; x_wconf 85' lang='lat' dir='ltr'><strong>est,</strong></span> <span class='ocrx_word' id='word_1_730' title='bbox 2550 3642 2647 3711; x_wconf 93' lang='lat' dir='ltr'><strong>qui</strong></span> <span class='ocrx_word' id='word_1_731' title='bbox 2680 3656 2809 3697; x_wconf 82' lang='lat' dir='ltr'><strong>vere</strong></span> <span class='ocrx_word' id='word_1_732' title='bbox 2843 3656 2873 3695; x_wconf 90' lang='lat' dir='ltr'><strong>a</strong></span> <span class='ocrx_word' id='word_1_733' title='bbox 2900 3640 3053 3696; x_wconf 88' lang='lat' dir='ltr'><strong>nobis</strong></span> <span class='ocrx_word' id='word_1_734' title='bbox 3086 3637 3440 3708; x_wconf 89' lang='lat' dir='ltr'><strong>pollutionem</strong></span> <span class='ocrx_word' id='word_1_735' title='bbox 3469 3633 3657 3687; x_wconf 82' lang='lat' dir='ltr'><strong>abstn-</strong></span> 
     </span>
    </p>
   </div>
   <div class='ocr_carea' id='block_1_99' title="bbox 2079 3726 3653 3806">
    <p class='ocr_par' dir='ltr' id='par_1_99' title="bbox 2079 3726 3653 3806">
     <span class='ocr_line' id='line_1_99' title="bbox 2079 3726 3653 3806; baseline -0.007 -16"><span class='ocrx_word' id='word_1_736' title='bbox 2079 3738 2138 3791; x_wconf 92' lang='lat' dir='ltr'><strong>lit</strong></span> <span class='ocrx_word' id='word_1_737' title='bbox 2169 3737 2351 3791; x_wconf 84' lang='lat' dir='ltr'><strong>Carnis</strong></span> <span class='ocrx_word' id='word_1_738' title='bbox 2384 3748 2439 3791; x_wconf 90' lang='lat' dir='ltr'><strong>et</strong></span> <span class='ocrx_word' id='word_1_739' title='bbox 2472 3736 2703 3792; x_wconf 86' lang='lat' dir='ltr'><strong>abscidit</strong></span> <span class='ocrx_word' id='word_1_740' title='bbox 2737 3733 2873 3806; x_wconf 79' lang='lat'><strong>(&#39;73),</strong></span> <span class='ocrx_word' id='word_1_741' title='bbox 2915 3742 2972 3789; x_wconf 92' lang='lat' dir='ltr'><strong>et</strong></span> <span class='ocrx_word' id='word_1_742' title='bbox 3024 3749 3055 3788; x_wconf 89' lang='lat' dir='ltr'><strong>a</strong></span> <span class='ocrx_word' id='word_1_743' title='bbox 3083 3732 3247 3789; x_wconf 89' lang='lat' dir='ltr'><strong>corde</strong></span> <span class='ocrx_word' id='word_1_744' title='bbox 3279 3739 3442 3800; x_wconf 89' lang='lat' dir='ltr'><strong>atque</strong></span> <span class='ocrx_word' id='word_1_745' title='bbox 3472 3726 3653 3781; x_wconf 86' lang='lat' dir='ltr'><strong>anima</strong></span> 
     </span>
    </p>
   </div>
   <div class='ocr_carea' id='block_1_100' title="bbox 2079 3819 3654 3897">
    <p class='ocr_par' dir='ltr' id='par_1_100' title="bbox 2079 3819 3654 3897">
     <span class='ocr_line' id='line_1_100' title="bbox 2079 3819 3654 3897; baseline -0.007 -13"><span class='ocrx_word' id='word_1_746' title='bbox 2079 3840 2261 3884; x_wconf 88' lang='lat' dir='ltr'><strong>nostra</strong></span> <span class='ocrx_word' id='word_1_747' title='bbox 2298 3836 2645 3897; x_wconf 90' lang='lat' dir='ltr'><strong>peccatorum</strong></span> <span class='ocrx_word' id='word_1_748' title='bbox 2703 3826 3114 3897; x_wconf 88' lang='lat' dir='ltr'><strong>inquinamenta</strong></span> <span class='ocrx_word' id='word_1_749' title='bbox 3164 3822 3438 3895; x_wconf 89' lang='lat' dir='ltr'><strong>purgavit.</strong></span> <span class='ocrx_word' id='word_1_750' title='bbox 3490 3819 3654 3874; x_wconf 79' lang='lat' dir='ltr'><strong>Deni-</strong></span> 
     </span>
    </p>
   </div>
   <div class='ocr_carea' id='block_1_101' title="bbox 2077 3910 3657 3992">
    <p class='ocr_par' dir='ltr' id='par_1_101' title="bbox 2077 3910 3657 3992">
     <span class='ocr_line' id='line_1_101' title="bbox 2077 3910 3657 3992; baseline -0.004 -18"><span class='ocrx_word' id='word_1_751' title='bbox 2077 3938 2183 3992; x_wconf 92' lang='lat' dir='ltr'><strong>que</strong></span> <span class='ocrx_word' id='word_1_752' title='bbox 2216 3922 2337 3975; x_wconf 89' lang='lat' dir='ltr'><strong>audi</strong></span> <span class='ocrx_word' id='word_1_753' title='bbox 2372 3921 2501 3990; x_wconf 91' lang='lat' dir='ltr'><strong>quid</strong></span> <span class='ocrx_word' id='word_1_754' title='bbox 2532 3920 2663 3975; x_wconf 89' lang='lat' dir='ltr'><strong>dicit</strong></span> <span class='ocrx_word' id='word_1_755' title='bbox 2693 3919 2977 3990; x_wconf 85' lang='lat' dir='ltr'><strong>Scriptura</strong></span> <span class='ocrx_word' id='word_1_756' title='bbox 3014 3918 3082 3971; x_wconf 89' lang='lat' dir='ltr'><strong>de</strong></span> <span class='ocrx_word' id='word_1_757' title='bbox 3134 3917 3203 3971; x_wconf 88' lang='lat' dir='ltr'><strong>iis</strong></span> <span class='ocrx_word' id='word_1_758' title='bbox 3236 3916 3327 3985; x_wconf 86' lang='lat' dir='ltr'><strong>qui</strong></span> <span class='ocrx_word' id='word_1_759' title='bbox 3367 3929 3463 3983; x_wconf 87' lang='lat' dir='ltr'><strong>per</strong></span> <span class='ocrx_word' id='word_1_760' title='bbox 3509 3910 3657 3968; x_wconf 80' lang='lat' dir='ltr'><strong>Nave</strong></span> 
     </span>
    </p>
   </div>
   <div class='ocr_carea' id='block_1_102' title="bbox 2079 4008 3654 4085">
    <p class='ocr_par' dir='ltr' id='par_1_102' title="bbox 2079 4008 3654 4085">
     <span class='ocr_line' id='line_1_102' title="bbox 2079 4008 3654 4085; baseline -0.007 -12"><span class='ocrx_word' id='word_1_761' title='bbox 2079 4019 2245 4073; x_wconf 77' lang='lat' dir='ltr'><strong>tilium</strong></span> <span class='ocrx_word' id='word_1_762' title='bbox 2279 4014 2788 4085; x_wconf 55' lang='lat' dir='ltr'><strong>praeﬁgurabantur.</strong></span> <span class='ocrx_word' id='word_1_763' title='bbox 2842 4032 2861 4066; x_wconf 69' lang='grc' dir='ltr'>ι</span> <span class='ocrx_word' id='word_1_764' title='bbox 2898 4011 3221 4070; x_wconf 84' lang='lat' dir='ltr'><strong>Circumcisi</strong></span> <span class='ocrx_word' id='word_1_765' title='bbox 3258 4019 3469 4073; x_wconf 86' lang='lat' dir='ltr'><strong>autem,</strong></span> <span class='ocrx_word' id='word_1_766' title='bbox 3507 4027 3525 4060; x_wconf 71' lang='grc' dir='ltr'><strong>ο</strong></span> <span class='ocrx_word' id='word_1_767' title='bbox 3568 4008 3654 4062; x_wconf 83' lang='lat' dir='ltr'><strong>in-</strong></span> 
     </span>
    </p>
   </div>
   <div class='ocr_carea' id='block_1_103' title="bbox 2079 4103 3655 4182">
    <p class='ocr_par' dir='ltr' id='par_1_103' title="bbox 2079 4103 3655 4182">
     <span class='ocr_line' id='line_1_103' title="bbox 2079 4103 3655 4182; baseline -0.006 -17"><span class='ocrx_word' id='word_1_768' title='bbox 2079 4112 2199 4182; x_wconf 89' lang='lat' dir='ltr'><strong>quit</strong></span> <span class='ocrx_word' id='word_1_769' title='bbox 2233 4111 2296 4174; x_wconf 72' lang='grc' dir='ltr'><strong>ιτ,</strong></span> <span class='ocrx_word' id='word_1_770' title='bbox 2336 4127 2355 4161; x_wconf 76' lang='grc' dir='ltr'>ι</span> <span class='ocrx_word' id='word_1_771' title='bbox 2408 4108 2500 4163; x_wconf 81' lang='lat' dir='ltr'><strong>ﬁlii</strong></span> <span class='ocrx_word' id='word_1_772' title='bbox 2552 4107 2719 4165; x_wconf 90' lang='lat' dir='ltr'><strong>Israel</strong></span> <span class='ocrx_word' id='word_1_773' title='bbox 2758 4108 3152 4179; x_wconf 89' lang='lat' dir='ltr'><strong>requieverunt</strong></span> <span class='ocrx_word' id='word_1_774' title='bbox 3194 4107 3248 4162; x_wconf 90' lang='lat' dir='ltr'><strong>in</strong></span> <span class='ocrx_word' id='word_1_775' title='bbox 3282 4106 3470 4161; x_wconf 88' lang='lat' dir='ltr'><strong>eodem</strong></span> <span class='ocrx_word' id='word_1_776' title='bbox 3510 4103 3655 4167; x_wconf 90' lang='lat' dir='ltr'><strong>loco,</strong></span> 
     </span>
    </p>
   </div>
   <div class='ocr_carea' id='block_1_104' title="bbox 2078 4201 3658 4271">
    <p class='ocr_par' dir='ltr' id='par_1_104' title="bbox 2078 4201 3658 4271">
     <span class='ocr_line' id='line_1_104' title="bbox 2078 4201 3658 4271; baseline -0.007 -11"><span class='ocrx_word' id='word_1_777' title='bbox 2078 4205 2329 4262; x_wconf 87' lang='lat' dir='ltr'><strong>sedentes</strong></span> <span class='ocrx_word' id='word_1_778' title='bbox 2362 4202 2415 4257; x_wconf 92' lang='lat' dir='ltr'><strong>in</strong></span> <span class='ocrx_word' id='word_1_779' title='bbox 2448 4201 2646 4257; x_wconf 87' lang='lat' dir='ltr'><strong>castris</strong></span> <span class='ocrx_word' id='word_1_780' title='bbox 2685 4215 2857 4271; x_wconf 90' lang='lat' dir='ltr'><strong>usque</strong></span> <span class='ocrx_word' id='word_1_781' title='bbox 2891 4201 3017 4255; x_wconf 93' lang='lat' dir='ltr'><strong>dum</strong></span> <span class='ocrx_word' id='word_1_782' title='bbox 3061 4208 3409 4262; x_wconf 83' lang='lat' dir='ltr'><strong>sanarentur,</strong></span> <span class='ocrx_word' id='word_1_783' title='bbox 3445 4205 3499 4250; x_wconf 91' lang='lat' dir='ltr'><strong>et</strong></span> <span class='ocrx_word' id='word_1_784' title='bbox 3532 4207 3658 4249; x_wconf 89' lang='lat' dir='ltr'><strong>tunc</strong></span> 
     </span>
    </p>
   </div>
   <div class='ocr_carea' id='block_1_105' title="bbox 2079 4289 3653 4357">
    <p class='ocr_par' dir='ltr' id='par_1_105' title="bbox 2079 4289 3653 4357">
     <span class='ocr_line' id='line_1_105' title="bbox 2079 4289 3653 4357; baseline -0.009 -1"><span class='ocrx_word' id='word_1_785' title='bbox 2079 4301 2215 4356; x_wconf 84' lang='lat' dir='ltr'><strong>dixit</strong></span> <span class='ocrx_word' id='word_1_786' title='bbox 2236 4298 2496 4354; x_wconf 87' lang='lat' dir='ltr'><strong>Dominus</strong></span> <span class='ocrx_word' id='word_1_787' title='bbox 2527 4296 2592 4351; x_wconf 90' lang='lat' dir='ltr'><strong>ad</strong></span> <span class='ocrx_word' id='word_1_788' title='bbox 2620 4295 2805 4351; x_wconf 85' lang='lat' dir='ltr'><strong>Iesum</strong></span> <span class='ocrx_word' id='word_1_789' title='bbox 2844 4316 2856 4350; x_wconf 96' lang='lat'>:</span> <span class='ocrx_word' id='word_1_790' title='bbox 2890 4293 3172 4351; x_wconf 82' lang='lat' dir='ltr'><strong>Hodierno</strong></span> <span class='ocrx_word' id='word_1_791' title='bbox 3203 4292 3291 4347; x_wconf 90' lang='lat' dir='ltr'><strong>die</strong></span> <span class='ocrx_word' id='word_1_792' title='bbox 3313 4289 3515 4345; x_wconf 86' lang='lat' dir='ltr'><strong>abstuli</strong></span> <span class='ocrx_word' id='word_1_793' title='bbox 3549 4304 3653 4357; x_wconf 86' lang='lat' dir='ltr'><strong>0p-</strong></span> 
     </span>
    </p>
   </div>
   <div class='ocr_carea' id='block_1_106' title="bbox 2080 4379 3654 4461">
    <p class='ocr_par' dir='ltr' id='par_1_106' title="bbox 2080 4379 3654 4461">
     <span class='ocr_line' id='line_1_106' title="bbox 2080 4379 3654 4461; baseline -0.009 -15"><span class='ocrx_word' id='word_1_794' title='bbox 2080 4392 2363 4461; x_wconf 90' lang='lat' dir='ltr'><strong>probrium</strong></span> <span class='ocrx_word' id='word_1_795' title='bbox 2399 4388 2616 4459; x_wconf 65' lang='lat' dir='ltr'><strong>Egypti</strong></span> <span class='ocrx_word' id='word_1_796' title='bbox 2642 4402 2672 4441; x_wconf 90' lang='lat' dir='ltr'><strong>a</strong></span> <span class='ocrx_word' id='word_1_797' title='bbox 2700 4386 2873 4443; x_wconf 86' lang='lat' dir='ltr'><strong>vobis.</strong></span> <span class='ocrx_word' id='word_1_798' title='bbox 2917 4404 2936 4437; x_wconf 75' lang='grc' dir='ltr'><strong>ι</strong></span> <span class='ocrx_word' id='word_1_799' title='bbox 2978 4385 3094 4441; x_wconf 85' lang='grc' dir='ltr'><strong>Νοη</strong></span> <span class='ocrx_word' id='word_1_800' title='bbox 3142 4382 3289 4438; x_wconf 90' lang='lat' dir='ltr'><strong>enim</strong></span> <span class='ocrx_word' id='word_1_801' title='bbox 3330 4379 3528 4435; x_wconf 88' lang='lat' dir='ltr'><strong>suﬂieit</strong></span> <span class='ocrx_word' id='word_1_802' title='bbox 3554 4395 3654 4434; x_wconf 87' lang='lat' dir='ltr'><strong>no-</strong></span> 
     </span>
    </p>
   </div>
   <div class='ocr_carea' id='block_1_107' title="bbox 2083 4470 3654 4546">
    <p class='ocr_par' dir='ltr' id='par_1_107' title="bbox 2083 4470 3654 4546">
     <span class='ocr_line' id='line_1_107' title="bbox 2083 4470 3654 4546; baseline -0.009 -10"><span class='ocrx_word' id='word_1_803' title='bbox 2083 4483 2166 4536; x_wconf 91' lang='lat' dir='ltr'><strong>bis</strong></span> <span class='ocrx_word' id='word_1_804' title='bbox 2197 4480 2538 4542; x_wconf 88' lang='lat' dir='ltr'><strong>circumcidi,</strong></span> <span class='ocrx_word' id='word_1_805' title='bbox 2574 4480 2669 4533; x_wconf 90' lang='lat' dir='ltr'><strong>sed</strong></span> <span class='ocrx_word' id='word_1_806' title='bbox 2700 4487 2752 4532; x_wconf 92' lang='lat' dir='ltr'><strong>et</strong></span> <span class='ocrx_word' id='word_1_807' title='bbox 2795 4486 2916 4546; x_wconf 90' lang='lat' dir='ltr'><strong>post</strong></span> <span class='ocrx_word' id='word_1_808' title='bbox 2952 4474 3420 4531; x_wconf 86' lang='lat' dir='ltr'><strong>circumcisionem</strong></span> <span class='ocrx_word' id='word_1_809' title='bbox 3445 4470 3654 4533; x_wconf 88' lang='lat' dir='ltr'><strong>sanari,</strong></span> 
     </span>
    </p>
   </div>
   <div class='ocr_carea' id='block_1_108' title="bbox 2081 4561 3652 4640">
    <p class='ocr_par' dir='ltr' id='par_1_108' title="bbox 2081 4561 3652 4640">
     <span class='ocr_line' id='line_1_108' title="bbox 2081 4561 3652 4640; baseline -0.008 -12"><span class='ocrx_word' id='word_1_810' title='bbox 2081 4574 2133 4628; x_wconf 92' lang='lat' dir='ltr'><strong>id</strong></span> <span class='ocrx_word' id='word_1_811' title='bbox 2159 4584 2243 4627; x_wconf 90' lang='lat' dir='ltr'><strong>est</strong></span> <span class='ocrx_word' id='word_1_812' title='bbox 2274 4586 2559 4640; x_wconf 89' lang='lat' dir='ltr'><strong>usqueqno</strong></span> <span class='ocrx_word' id='word_1_813' title='bbox 2588 4572 2753 4624; x_wconf 85' lang='lat' dir='ltr'><strong>etiam</strong></span> <span class='ocrx_word' id='word_1_814' title='bbox 2782 4568 3099 4624; x_wconf 89' lang='lat' dir='ltr'><strong>cicatricem</strong></span> <span class='ocrx_word' id='word_1_815' title='bbox 3152 4566 3326 4635; x_wconf 81' lang='lat' dir='ltr'><strong>ipsam</strong></span> <span class='ocrx_word' id='word_1_816' title='bbox 3360 4561 3652 4620; x_wconf 83' lang='lat' dir='ltr'><strong>circumci-</strong></span> 
     </span>
    </p>
   </div>
   <div class='ocr_carea' id='block_1_109' title="bbox 2080 4655 3653 4729">
    <p class='ocr_par' dir='ltr' id='par_1_109' title="bbox 2080 4655 3653 4729">
     <span class='ocr_line' id='line_1_109' title="bbox 2080 4655 3653 4729; baseline -0.009 -7"><span class='ocrx_word' id='word_1_817' title='bbox 2080 4666 2252 4722; x_wconf 90' lang='lat' dir='ltr'><strong>sionis</strong></span> <span class='ocrx_word' id='word_1_818' title='bbox 2308 4664 2507 4717; x_wconf 87' lang='lat' dir='ltr'><strong>vulnus</strong></span> <span class='ocrx_word' id='word_1_819' title='bbox 2557 4662 2816 4717; x_wconf 85' lang='lat' dir='ltr'><strong>obducat.</strong></span> <span class='ocrx_word' id='word_1_820' title='bbox 2868 4660 3101 4726; x_wconf 81' lang='lat' dir='ltr'><strong>Quando</strong></span> <span class='ocrx_word' id='word_1_821' title='bbox 3157 4672 3287 4729; x_wconf 89' lang='lat' dir='ltr'><strong>ergo</strong></span> <span class='ocrx_word' id='word_1_822' title='bbox 3321 4656 3549 4712; x_wconf 82' lang='lat' dir='ltr'><strong>cicatrix</strong></span> <span class='ocrx_word' id='word_1_823' title='bbox 3602 4655 3653 4709; x_wconf 93' lang='lat' dir='ltr'><strong>in</strong></span> 
     </span>
    </p>
   </div>
   <div class='ocr_carea' id='block_1_110' title="bbox 2080 4746 3654 4817">
    <p class='ocr_par' dir='ltr' id='par_1_110' title="bbox 2080 4746 3654 4817">
     <span class='ocr_line' id='line_1_110' title="bbox 2080 4746 3654 4817; baseline -0.007 -7"><span class='ocrx_word' id='word_1_824' title='bbox 2080 4758 2304 4813; x_wconf 80' lang='lat' dir='ltr'><strong>vulnere</strong></span> <span class='ocrx_word' id='word_1_825' title='bbox 2338 4765 2536 4812; x_wconf 64' lang='lat' dir='ltr'><strong>nostra:</strong></span> <span class='ocrx_word' id='word_1_826' title='bbox 2559 4752 2998 4809; x_wconf 91' lang='lat' dir='ltr'><strong>circumcisionis</strong></span> <span class='ocrx_word' id='word_1_827' title='bbox 3044 4749 3384 4807; x_wconf 80' lang='lat' dir='ltr'><strong>obducitur?</strong></span> <span class='ocrx_word' id='word_1_828' title='bbox 3443 4747 3556 4817; x_wconf 85' lang='lat' dir='ltr'><strong>Ego</strong></span> <span class='ocrx_word' id='word_1_829' title='bbox 3581 4746 3654 4801; x_wconf 90' lang='lat' dir='ltr'><strong>ita</strong></span> 
     </span>
    </p>
   </div>
   <div class='ocr_carea' id='block_1_111' title="bbox 2079 4843 3658 4920">
    <p class='ocr_par' dir='ltr' id='par_1_111' title="bbox 2079 4843 3658 4920">
     <span class='ocr_line' id='line_1_111' title="bbox 2079 4843 3658 4920; baseline -0.004 -17"><span class='ocrx_word' id='word_1_830' title='bbox 2079 4850 2341 4917; x_wconf 88' lang='lat' dir='ltr'><strong>arbitror,</strong></span> <span class='ocrx_word' id='word_1_831' title='bbox 2372 4850 2517 4920; x_wconf 87' lang='lat' dir='ltr'><strong>quod</strong></span> <span class='ocrx_word' id='word_1_832' title='bbox 2549 4849 2868 4904; x_wconf 86' lang='lat' dir='ltr'><strong>circumcidi</strong></span> <span class='ocrx_word' id='word_1_833' title='bbox 2902 4861 2999 4917; x_wconf 90' lang='lat' dir='ltr'><strong>per</strong></span> <span class='ocrx_word' id='word_1_834' title='bbox 3036 4844 3219 4901; x_wconf 86' lang='lat' dir='ltr'><strong>Iesum</strong></span> <span class='ocrx_word' id='word_1_835' title='bbox 3255 4853 3527 4907; x_wconf 90' lang='lat' dir='ltr'><strong>nostrum,</strong></span> <span class='ocrx_word' id='word_1_836' title='bbox 3556 4843 3658 4897; x_wconf 90' lang='lat' dir='ltr'><strong>hoc</strong></span> 
     </span>
    </p>
   </div>
   <div class='ocr_carea' id='block_1_112' title="bbox 2424 4981 3657 5053">
    <p class='ocr_par' dir='ltr' id='par_1_112' title="bbox 2424 4981 3657 5053">
     <span class='ocr_line' id='line_1_112' title="bbox 2424 4981 3657 5053; baseline -0.004 -7"><span class='ocrx_word' id='word_1_837' title='bbox 2424 4990 2468 5023; x_wconf 81' lang='grc'>⁸⁸</span> <span class='ocrx_word' id='word_1_838' title='bbox 2492 4988 2703 5046; x_wconf 85' lang='lat' dir='ltr'><strong>Coloss.</strong></span> <span class='ocrx_word' id='word_1_839' title='bbox 2731 5003 2770 5053; x_wconf 85' lang='grc' dir='ltr'><strong>ι,</strong></span> <span class='ocrx_word' id='word_1_840' title='bbox 2806 4988 2900 5043; x_wconf 68' lang='grc'><strong>24.</strong></span> <span class='ocrx_word' id='word_1_841' title='bbox 2981 4988 3025 5019; x_wconf 82' lang='grc'><strong>¹⁶</strong></span> <span class='ocrx_word' id='word_1_842' title='bbox 3049 4985 3166 5044; x_wconf 88' lang='lat' dir='ltr'><strong>Ios.</strong></span> <span class='ocrx_word' id='word_1_843' title='bbox 3197 5001 3253 5051; x_wconf 91' lang='lat' dir='ltr'><strong>v,</strong></span> <span class='ocrx_word' id='word_1_844' title='bbox 3281 4985 3368 5040; x_wconf 83' lang='grc'><strong>16.</strong></span> <span class='ocrx_word' id='word_1_845' title='bbox 3460 4983 3505 5014; x_wconf 79' lang='grc'>³⁷</span> <span class='ocrx_word' id='word_1_846' title='bbox 3540 4981 3657 5041; x_wconf 74' lang='lat' dir='ltr'><strong>Ius.</strong></span> 
     </span>
    </p>
   </div>
   <div class='ocr_carea' id='block_1_113' title="bbox 2098 5196 3584 5264">
    <p class='ocr_par' dir='ltr' id='par_1_113' title="bbox 2098 5196 3584 5264">
     <span class='ocr_line' id='line_1_113' title="bbox 2098 5196 3584 5264; baseline -0.003 -13"><span class='ocrx_word' id='word_1_847' title='bbox 2098 5197 2297 5251; x_wconf 89' lang='lat' dir='ltr'><strong>ibidem</strong></span> <span class='ocrx_word' id='word_1_848' title='bbox 2332 5198 2498 5252; x_wconf 86' lang='lat' dir='ltr'><strong>habet</strong></span> <span class='ocrx_word' id='word_1_849' title='bbox 2526 5217 2539 5251; x_wconf 88' lang='lat'>:</span> <span class='ocrx_word' id='word_1_850' title='bbox 2569 5216 2589 5249; x_wconf 70' lang='grc' dir='ltr'>ε</span> <span class='ocrx_word' id='word_1_851' title='bbox 2624 5198 2905 5264; x_wconf 88' lang='lat' dir='ltr'><strong>imperium</strong></span> <span class='ocrx_word' id='word_1_852' title='bbox 2931 5213 3053 5253; x_wconf 91' lang='lat' dir='ltr'><strong>cum</strong></span> <span class='ocrx_word' id='word_1_853' title='bbox 3085 5206 3271 5253; x_wconf 79' lang='lat' dir='ltr'><strong>sancto</strong></span> <span class='ocrx_word' id='word_1_854' title='bbox 3299 5196 3525 5264; x_wconf 90' lang='lat' dir='ltr'><strong>Spiritu.</strong></span> <span class='ocrx_word' id='word_1_855' title='bbox 3564 5213 3584 5247; x_wconf 76' lang='grc' dir='ltr'><strong>ι</strong></span> 
     </span>
    </p>
   </div>
   <div class='ocr_carea' id='block_1_114' title="bbox 2166 5265 3657 5335">
    <p class='ocr_par' dir='ltr' id='par_1_114' title="bbox 2166 5265 3657 5335">
     <span class='ocr_line' id='line_1_114' title="bbox 2166 5265 3657 5335; baseline -0.002 -14"><span class='ocrx_word' id='word_1_856' title='bbox 2166 5268 2280 5335; x_wconf 85' lang='grc'>(70)</span> <span class='ocrx_word' id='word_1_857' title='bbox 2322 5266 2447 5323; x_wconf 86' lang='lat' dir='ltr'><strong>Post</strong></span> <span class='ocrx_word' id='word_1_858' title='bbox 2496 5282 2678 5322; x_wconf 85' lang='lat' dir='ltr'><strong>vocem</strong></span> <span class='ocrx_word' id='word_1_859' title='bbox 2729 5287 2749 5319; x_wconf 76' lang='grc' dir='ltr'>σ</span> <span class='ocrx_word' id='word_1_860' title='bbox 2795 5270 3023 5327; x_wconf 85' lang='lat' dir='ltr'><strong>Domini.</strong></span> <span class='ocrx_word' id='word_1_861' title='bbox 3071 5288 3090 5321; x_wconf 72' lang='grc' dir='ltr'>ι</span> <span class='ocrx_word' id='word_1_862' title='bbox 3131 5270 3182 5323; x_wconf 89' lang='lat' dir='ltr'><strong>in</strong></span> <span class='ocrx_word' id='word_1_863' title='bbox 3226 5265 3385 5322; x_wconf 82' lang='lat' dir='ltr'><strong>codd.</strong></span> <span class='ocrx_word' id='word_1_864' title='bbox 3425 5265 3657 5323; x_wconf 85' lang='lat' dir='ltr'><strong>Gemeti-</strong></span> 
     </span>
    </p>
   </div>
   <div class='ocr_carea' id='block_1_115' title="bbox 2089 5336 3653 5395">
    <p class='ocr_par' dir='ltr' id='par_1_115' title="bbox 2089 5336 3653 5395">
     <span class='ocr_line' id='line_1_115' title="bbox 2089 5336 3653 5395; baseline -0.003 -5"><span class='ocrx_word' id='word_1_865' title='bbox 2089 5339 2240 5391; x_wconf 82' lang='lat' dir='ltr'><strong>censi</strong></span> <span class='ocrx_word' id='word_1_866' title='bbox 2293 5349 2348 5393; x_wconf 90' lang='lat' dir='ltr'><strong>et</strong></span> <span class='ocrx_word' id='word_1_867' title='bbox 2399 5340 2713 5393; x_wconf 81' lang='lat' dir='ltr'><strong>Ehroieensi</strong></span> <span class='ocrx_word' id='word_1_868' title='bbox 2764 5352 2875 5395; x_wconf 90' lang='lat' dir='ltr'><strong>uno</strong></span> <span class='ocrx_word' id='word_1_869' title='bbox 2902 5339 3167 5393; x_wconf 88' lang='lat' dir='ltr'><strong>additur:</strong></span> <span class='ocrx_word' id='word_1_870' title='bbox 3206 5357 3225 5391; x_wconf 69' lang='grc' dir='ltr'><em>ς</em></span> <span class='ocrx_word' id='word_1_871' title='bbox 3258 5348 3311 5393; x_wconf 87' lang='lat' dir='ltr'><strong>et</strong></span> <span class='ocrx_word' id='word_1_872' title='bbox 3358 5336 3597 5391; x_wconf 90' lang='lat' dir='ltr'><strong>Iericho.</strong></span> <span class='ocrx_word' id='word_1_873' title='bbox 3634 5352 3653 5385; x_wconf 73' lang='grc' dir='ltr'>ι</span> 
     </span>
    </p>
   </div>
   <div class='ocr_carea' id='block_1_116' title="bbox 2088 5408 3535 5485">
    <p class='ocr_par' dir='ltr' id='par_1_116' title="bbox 2088 5408 3535 5485">
     <span class='ocr_line' id='line_1_116' title="bbox 2088 5408 3535 5485; baseline 0.001 -24"><span class='ocrx_word' id='word_1_874' title='bbox 2088 5408 2565 5485; x_wconf 61' lang='lat' dir='ltr'><strong>Reliquadesunt.</strong></span> <span class='ocrx_word' id='word_1_875' title='bbox 2733 5478 2763 5485; x_wconf 89' lang='lat'><strong><em>_</em></strong></span> <span class='ocrx_word' id='word_1_876' title='bbox 2823 5479 2836 5485; x_wconf 86' lang='lat'><strong>_</strong></span> <span class='ocrx_word' id='word_1_877' title='bbox 2964 5480 2976 5485; x_wconf 90' lang='lat'>_</span> <span class='ocrx_word' id='word_1_878' title='bbox 3058 5478 3069 5485; x_wconf 80' lang='lat'><em>_</em></span> <span class='ocrx_word' id='word_1_879' title='bbox 3268 5478 3279 5485; x_wconf 38' lang='lat'><em>.</em></span> <span class='ocrx_word' id='word_1_880' title='bbox 3523 5474 3535 5485; x_wconf 32' lang='lat' dir='ltr'><strong>O</strong></span> 
     </span>
    </p>
   </div>
   <div class='ocr_carea' id='block_1_117' title="bbox 2159 5478 3651 5552">
    <p class='ocr_par' dir='ltr' id='par_1_117' title="bbox 2159 5478 3651 5552">
     <span class='ocr_line' id='line_1_117' title="bbox 2159 5478 3651 5552; baseline -0.007 -19"><span class='ocrx_word' id='word_1_881' title='bbox 2159 5479 2481 5552; x_wconf 9' lang='lat' dir='ltr'><strong>(7rtr)rlidem</strong></span> <span class='ocrx_word' id='word_1_882' title='bbox 2511 5494 2639 5534; x_wconf 90' lang='lat' dir='ltr'><strong>mss.</strong></span> <span class='ocrx_word' id='word_1_883' title='bbox 2675 5498 2693 5531; x_wconf 82' lang='lat' dir='ltr'><strong>t</strong></span> <span class='ocrx_word' id='word_1_884' title='bbox 2731 5478 2932 5552; x_wconf 82' lang='lat' dir='ltr'><strong>Sed_et</strong></span> <span class='ocrx_word' id='word_1_885' title='bbox 2962 5478 3400 5552; x_wconf 76' lang='lat' dir='ltr'><strong>iucircumcisos,</strong></span> <span class='ocrx_word' id='word_1_886' title='bbox 3445 5478 3651 5552; x_wconf 49' lang='lat' dir='ltr'><strong>quia.)</strong></span> 
     </span>
    </p>
   </div>
   <div class='ocr_carea' id='block_1_118' title="bbox 2157 5543 3653 5619">
    <p class='ocr_par' dir='ltr' id='par_1_118' title="bbox 2157 5543 3653 5619">
     <span class='ocr_line' id='line_1_118' title="bbox 2157 5543 3653 5619; baseline -0.003 -17"><span class='ocrx_word' id='word_1_887' title='bbox 2157 5550 2296 5619; x_wconf 68' lang='lat'><strong>(7‘2)</strong></span> <span class='ocrx_word' id='word_1_888' title='bbox 2356 5550 2517 5604; x_wconf 90' lang='lat' dir='ltr'><strong>Iidem</strong></span> <span class='ocrx_word' id='word_1_889' title='bbox 2578 5566 2708 5604; x_wconf 90' lang='lat' dir='ltr'><strong>mss.</strong></span> <span class='ocrx_word' id='word_1_890' title='bbox 2765 5568 2783 5601; x_wconf 76' lang='grc' dir='ltr'>ι</span> <span class='ocrx_word' id='word_1_891' title='bbox 2837 5549 3026 5605; x_wconf 88' lang='lat' dir='ltr'><strong>Iesum</strong></span> <span class='ocrx_word' id='word_1_892' title='bbox 3073 5548 3413 5603; x_wconf 79' lang='lat' dir='ltr'><strong>Nazarenum</strong></span> <span class='ocrx_word' id='word_1_893' title='bbox 3471 5543 3653 5599; x_wconf 85' lang='lat' dir='ltr'><strong>Domi-</strong></span> 
     </span>
    </p>
   </div>
   <div class='ocr_carea' id='block_1_119' title="bbox 2081 5636 2308 5674">
    <p class='ocr_par' dir='ltr' id='par_1_119' title="bbox 2081 5636 2308 5674">
     <span class='ocr_line' id='line_1_119' title="bbox 2081 5636 2308 5674; baseline -0.004 -1"><span class='ocrx_word' id='word_1_894' title='bbox 2081 5636 2228 5674; x_wconf 82' lang='lat' dir='ltr'><strong>IIIIIII.</strong></span> <span class='ocrx_word' id='word_1_895' title='bbox 2290 5639 2308 5672; x_wconf 72' lang='grc' dir='ltr'><strong><em>ι</em></strong></span> 
     </span>
    </p>
   </div>
   <div class='ocr_carea' id='block_1_120' title="bbox 2155 5686 3521 5761">
    <p class='ocr_par' dir='ltr' id='par_1_120' title="bbox 2155 5686 3521 5761">
     <span class='ocr_line' id='line_1_120' title="bbox 2155 5686 3521 5761; baseline -0.01 -12"><span class='ocrx_word' id='word_1_896' title='bbox 2155 5690 2267 5759; x_wconf 77' lang='grc'>(75)</span> <span class='ocrx_word' id='word_1_897' title='bbox 2294 5692 2458 5746; x_wconf 86' lang='lat' dir='ltr'><strong>Iidem</strong></span> <span class='ocrx_word' id='word_1_898' title='bbox 2494 5709 2508 5747; x_wconf 92' lang='lat'><strong>:</strong></span> <span class='ocrx_word' id='word_1_899' title='bbox 2554 5711 2571 5742; x_wconf 82' lang='grc'><strong><em>‹</em></strong></span> <span class='ocrx_word' id='word_1_900' title='bbox 2605 5691 2957 5761; x_wconf 83' lang='lat' dir='ltr'><strong>pollutionem</strong></span> <span class='ocrx_word' id='word_1_901' title='bbox 2995 5690 3177 5745; x_wconf 90' lang='lat' dir='ltr'><strong>carnis</strong></span> <span class='ocrx_word' id='word_1_902' title='bbox 3218 5686 3468 5742; x_wconf 87' lang='lat' dir='ltr'><strong>abscidit.</strong></span> <span class='ocrx_word' id='word_1_903' title='bbox 3504 5705 3521 5736; x_wconf 73' lang='grc' dir='ltr'><strong><em>ι</em></strong></span> 
     </span>
    </p>
   </div>
  </div>
