4146 6452
453 367 557 422 853

1439 354 1506 409 IN
1542 353 1798 411 LIBRUM
1831 351 1995 409 JESU
2034 350 2219 406 NAVE
2257 349 2542 405 IIOMILIA
2579 349 2668 407 VI.

3614 352 3711 408 853

457 499 542 545 est
583 486 731 541 vitiis
765 498 978 550 carere,
1011 480 1183 536 inulas
1231 479 1659 534 consuetudines
1712 485 1767 533 et
1799 477 2030 546 pessima
2062 480 2109 534 A
2139 473 2239 528 bus
2269 484 2354 529 est
2378 488 2541 543 quem
2575 473 2643 529 de
2664 472 2900 546 Egypto
2927 482 3193 531 exeuntes
3219 472 3504 533 nobiscum
3532 484 3719 546 porta-

460 582 703 635 instituta
738 579 1027 646 deponere,
1086 574 1262 629 [aedos
1288 584 1341 629 ct
1381 573 1687 630 inconditos
1726 586 1926 630 mores,
1978 578 2034 623 ct

466 670 720 742 quidquid
770 670 838 723 ab
872 667 1178 723 honestatis
1206 676 1257 722 et
1288 668 1510 735 pietatis
1540 665 1723 736 regula
1772 662 2033 719 abhorret

459 762 802 817 abscindere.
842 759 948 815 Sed
1003 762 1103 814 hoc
1134 774 1257 813 cum
1317 759 1370 813 in
1401 758 1572 814 initiis
1623 758 1876 822 facimus,
1916 757 2030 826 ipsa

460 856 715 910 novitatis
761 853 1164 925 quodammodo
1213 851 1531 908 dimcultate
1582 851 2030 921 constringimur,

458 958 511 1003 et
546 949 702 1019 quasi
735 963 860 1005 cum
916 947 1107 1001 labore
1150 945 1385 1015 quodam
1419 954 1476 1000 et.
1504 943 1692 1000 dolore
1712 943 1904 1007 animi,
1940 958 2031 999 ve-

459 1041 590 1094 teris
630 1039 1042 1095 consuetudinis
1078 1036 1267 1106 culpas
1295 1036 1508 1091 novella
1543 1035 1884 1091 institutione
1912 1050 2030 1088 mu-

459 1144 658 1187 tamus.
692 1133 756 1187 Et
792 1133 913 1187 ideo
950 1140 1055 1197 est,
1083 1140 1141 1185 ut
1168 1130 1303 1196 dixi,
1335 1128 1502 1201 410
1532 1128 1780 1197 quaedam
1807 1125 2032 1183 diﬂicul-

458 1234 542 1278 tas
599 1224 651 1277 in
689 1223 882 1286 initiis,
927 1231 985 1277 ut
1012 1222 1102 1276 vix
1152 1235 1402 1291 aegreque
1437 1229 1721 1290 amputare
1767 1218 2034 1289 possimus

458 1317 632 1383 prima
664 1314 803 1386 (74),
844 1322 901 1369 et
950 1312 1190 1367 secunda
1227 1311 1524 1382 suscipere.
1570 1310 1685 1367 Hoc
1730 1326 1860 1382 ergo
1899 1311 2030 1367 mihi

460 1405 673 1459 videtur
702 1414 915 1474 tempus
944 1416 1089 1468 esse,
1125 1416 1231 1470 quo
1264 1401 1409 1458 velut
1436 1402 1489 1457 in
1522 1402 1712 1458 dolore
1738 1401 2029 1457 circumci-

456 1497 627 1552 sionis
676 1504 877 1552 nostrae
910 1495 1145 1550 dicimur
1172 1493 1432 1558 residere,
1469 1508 1754 1564 usquequo
1797 1494 2031 1550 obducta

457 1590 714 1646 cicatrice
744 1604 1026 1644 sanemur.
1082 1588 1418 1645 Obducimus
1459 1596 1640 1643 autent
1693 1587 2030 1653 cicatricem,

454 1698 576 1737 eum
602 1681 712 1751 jam
750 1698 887 1738 nova
924 1683 1171 1737 instituta
1208 1684 1415 1753 absque
1446 1680 1765 1738 difﬁcultate
1788 1680 2032 1749 comple-

457 1790 595 1839 mus,
622 1783 678 1830 et
721 1774 776 1828 in
808 1790 965 1829 usum
999 1773 1156 1830 nobis
1182 1776 1439 1836 vertitur,
1491 1777 1637 1842 quod
1668 1773 1818 1843 prius
1873 1770 2028 1842 quasi

454 1867 731 1922 insolitum
777 1881 841 1922 ac
887 1865 1101 1921 dilﬁcile
1131 1866 1435 1922 videbatur.
1491 1866 1560 1920 Et
1599 1874 1726 1921 tunc
1755 1879 1884 1921 vere
1921 1864 2031 1933 iam

452 1960 629 2015 sanati
687 1960 941 2026 dicimur,
985 1974 1109 2014 cum
1156 1959 1303 2014 vitiis
1348 1967 1600 2014 carentes
1629 1959 1861 2015 virtutes
1893 1974 2032 2015 novo

452 2066 554 2103 usu
579 2049 840 2104 vertimus
865 2050 919 2104 in
947 2057 1220 2104 naturam.
1249 2049 1315 2104 Et
1345 2049 1418 2103 ita
1450 2049 1666 2104 demum
1718 2049 1916 2106 merito
1965 2051 2033 2107 ad

453 2156 554 2199 nos
602 2143 737 2198 dicit
787 2158 966 2198 sermo
1013 2144 1230 2198 divinus
1281 2158 1344 2198 ea
1397 2157 1520 2212 quas
1572 2152 1873 2213 sequuntur
1917 2144 1964 2175 “'
2018 2168 2028 2199 :

456 2253 477 2287 ο
524 2235 793 2291 Hodierna
833 2237 919 2291 die
958 2235 1155 2290 abstuli
1208 2237 1563 2306 opprobrium
1603 2235 1826 2308 Egypti
1866 2252 1897 2292 a
1938 2252 2032 2294 vo-

448 2326 534 2382 bis
568 2345 583 2382 :
623 2346 641 2379 »
677 2328 804 2397 quia
850 2337 1206 2399 posteaquam
1257 2328 1497 2384 ablatum
1540 2338 1625 2384 est
1675 2330 2029 2400 opprobrium

447 2416 693 2492 Egypti,
728 2428 857 2475 tunc
899 2419 1102 2476 dicitur
1130 2422 1173 2454 ιθ
1206 2438 1220 2475 :
1260 2438 1278 2474 t
1318 2421 1387 2475 Et.
1427 2419 1683 2476 fecerunt
1715 2421 1811 2477 ﬁlii
1864 2422 2032 2478 Israel

448 2511 655 2581 pascha
692 2521 885 2581 quarta
913 2512 1123 2566 decima
1156 2511 1242 2567 die
1290 2512 1496 2568 mensis
1524 2511 1691 2583 primi
1737 2512 2028 2583 (75).»Νοη

446 2601 594 2656 enim
626 2609 756 2657 ante
787 2602 1262 2658 circumcisionem
1302 2604 1501 2674 pascha
1535 2603 1717 2659 facere
1751 2613 2030 2675 poterant,

446 2696 541 2750 sed
580 2710 760 2765 neque
789 2695 972 2751 statim
1007 2704 1130 2765 post
1173 2696 1646 2754 circumcisionem
1679 2712 1879 2754 carnes
1905 2699 2029 2766 agni

442 2788 753 2855 comedere,
787 2795 1082 2856 antequam
1130 2800 1479 2845 sanarentur.
1511 2788 1622 2847 Sed
1671 2801 2028 2861 posteaquam

443 2879 617 2933 sanati
645 2887 796 2944 sunt,
834 2879 1035 2934 dicitur
1060 2880 1188 2949 quia
1214 2880 1461 2937 fecerunt
1491 2882 1696 2951 pascha
1734 2883 1828 2937 tilil
1863 2882 2031 2937 Israel

444 2972 854 3043 quartadecima
906 2972 993 3026 die
1041 2972 1268 3028 mensis.
1303 2973 1465 3028 Vides
1511 2988 1644 3044 ergo
1687 2976 1818 3045 quia
1870 2990 2030 3033 nemo

447 3062 762 3117 immundus
798 3061 931 3116 facit
977 3063 1201 3130 pascha,
1231 3077 1393 3118 nemo
1443 3064 1882 3131 incircumcisus,
1932 3067 2028 3122 sed

2141 565 2334 627 vitntts,
2364 579 2530 632 parva
2561 566 2678 621 haec
2697 566 2930 626 eruditio
2962 563 3243 623 stecularis
3266 564 3405 636 (78),
3424 574 3521 625 aut
3549 567 3716 626 etiam

2134 658 2180 712 si
2204 657 2327 728 quis
2366 658 2508 719 forte
2535 658 2719 729 attigit
2766 657 3075 721 liberalium
3106 660 3414 721 litterarum
3442 660 3716 731 cognitio-

2139 765 2262 805 nem
2296 751 2436 821 (79),
2471 766 2592 821 quae
2618 750 2875 822 exiguum
2910 751 3114 821 aliquid
3140 751 3336 821 juvare
3372 766 3471 811 nos
3516 760 3717 823 pateat.

2136 838 2193 893 lu
2221 855 2407 896 eremo
2452 857 2583 901 vero
2618 842 2805 912 positi,
2856 842 2909 902 id
2948 851 3055 908 est,
3084 842 3137 899 in
3182 843 3284 901 ltoe
3339 844 3394 901 in
3434 859 3545 914 quo
3573 858 3718 899 nunc

2135 946 2324 989 sumus
2365 933 2488 988 vita:
2512 944 2683 1001 statu,
2714 950 2910 995 manna
2962 936 3258 1003 vescimur,
3284 950 3382 1006 per
3422 936 3528 993 hoc
3572 934 3717 1006 quod

2136 1023 2333 1081 divina:
2381 1023 2517 1096 legis
2572 1026 3033 1086 instructionibus
3082 1028 3389 1085 erudimur.
3432 1026 3537 1095 Qui
3583 1041 3718 1084 vero

2139 1118 2400 1174 meruerit
2433 1127 2634 1177 terram
2684 1120 3126 1191 repromissionis
3160 1120 3392 1189 intrare,
3423 1121 3477 1182 id
3514 1131 3620 1188 est,
3645 1135 3715 1179 ea

2135 1226 2259 1282 quae
2295 1227 2326 1269 a
2382 1212 2666 1272 Salvatore
2712 1215 3048 1286 repromissa
3094 1225 3223 1278 sunt
3269 1215 3573 1287 consequi.
3625 1215 3716 1273 illc

2134 1304 2249 1361 edit
2283 1304 2493 1360 fructus
2521 1322 2552 1362 e
2596 1307 2821 1377 regione
2867 1308 3199 1377 palmarum.
3243 1307 3384 1365 Vere
3422 1309 3569 1368 enim
3608 1307 3719 1365 fru-

2134 1404 2282 1454 etum
2313 1396 2508 1466 palma:
2534 1399 2791 1463 inveniet,
2813 1399 2904 1469 qui
2928 1400 3142 1457 devicto
3165 1400 3323 1459 hoste
3348 1398 3415 1459 ad
3448 1400 3716 1469 promissa

2135 1490 2464 1558 pervenerit.
2507 1490 2726 1549 Certum
2760 1507 2995 1563 namque
3040 1502 3149 1559 est,
3199 1493 3343 1565 quod
3376 1501 3717 1566 quantacun-

2134 1595 2240 1651 que
2267 1580 2356 1637 illa
2388 1591 2534 1649 sunt,
2569 1598 2691 1652 quae
2719 1598 2865 1641 nunc
2892 1583 2947 1639 in
2991 1585 3111 1657 lege
3138 1585 3255 1657 Dei,
3279 1586 3362 1644 vel
3398 1586 3598 1647 divinis
3622 1585 3713 1643 lit-

2137 1674 2269 1730 teris
2296 1674 2603 1747 intelligere
2631 1692 2925 1746 possumus
2962 1687 3058 1734 aut
3079 1680 3305 1746 sentire,
3334 1680 3508 1735 multo
3547 1679 3717 1736 subli-

2138 1766 2310 1823 miora
2339 1774 2396 1823 et
2429 1767 2738 1826 excelsiora
2779 1780 2944 1828 erunt
2990 1770 3102 1836 illa,
3149 1786 3271 1842 quae
3296 1783 3557 1831 cessante
3578 1772 3717 1829 eni-

2136 1867 2318 1928 gmate
2352 1857 2498 1916 facie
2528 1861 2596 1916 ad
2624 1859 2823 1919 faciem
2856 1862 3032 1920 sancti
3060 1863 3265 1933 quique
3298 1863 3485 1920 videre
3535 1876 3711 1921 mere-

2134 1950 2362 2018 buntur,
2403 1951 2532 2021 quia
2581 1967 2705 2022 quae
2763 1971 2781 2005 α
2824 1952 3017 2011 oculus
3060 1969 3169 2011 non
3223 1954 3387 2019 vidit.
3435 1970 3538 2013 nec
3566 1958 3716 2011 auris

2132 2042 2360 2106 audivit,
2390 2057 2493 2100 nec
2520 2044 2574 2098 in
2602 2058 2697 2100 cor
2713 2045 2951 2102 hominis
2976 2047 3309 2116 ascendit“,
3335 2067 3355 2101 ι
3388 2049 3503 2105 ι]ωο
3527 2065 3548 2101 r
3575 2062 3716 2120 pra:-

2134 2134 2352 2204 paravit
2397 2135 2541 2191 Deus
2592 2136 2659 2193 iis
2691 2138 2783 2207 qui
2813 2138 3045 2211 diligunt
3074 2152 3201 2196 eum
3235 2139 3372 2210 (80).
3411 2160 3432 2193 a
3480 2139 3638 2209 Quod
3667 2140 3715 2196 si

2131 2228 2429 2286 secundum
2475 2228 2711 2288 litteram
2752 2232 2927 2293 solam
2976 2233 3327 2306 intelligenda
3374 2235 3447 2294 sit
3493 2234 3599 2299 lex,
3637 2237 3717 2290 in-

2133 2318 2428 2376 veniuntur
2454 2318 2570 2391 (8|)
2621 2320 2741 2380 sine
2769 2322 2935 2379 dubio
2956 2321 3051 2381 lilii
3083 2321 3272 2391 Israel,
3314 2338 3440 2379 cum
3478 2324 3718 2380 meliori-

2132 2412 2238 2472 bus
2273 2422 2558 2471 uterentur
2607 2411 2836 2486 (manna
2872 2415 3074 2486 quippe
3121 2415 3188 2473 de
3229 2415 3371 2474 cmlo
3402 2416 3712 2489 capiebant)

2130 2522 2197 2564 ex
2235 2506 2669 2577 repromissione
2692 2507 2967 2565 deteriora
2993 2509 3297 2581 accepisse,
3340 2510 3541 2581 quibus
3563 2514 3717 2582 prius

2130 2598 2483 2672 Egyptiacis
2534 2599 2921 2658 deficientibus
2955 2601 3120 2670 cibis,
3150 2602 3345 2658 melior
3374 2604 3564 2674 utique
3592 2620 3717 2661 auc-

2130 2700 2374 2748 cesserat
2420 2691 2577 2747 cibus
2621 2707 2819 2749 manna
2845 2693 2915 2747 de
2955 2693 3114 2753 etelo.
3148 2693 3215 2749 Et
3258 2696 3531 2765 quomodo
3574 2711 3719 2752 nunc

2132 2780 2409 2850 putabitur
2426 2780 2654 2841 meliore
2679 2780 2803 2839 cibo
2827 2791 3081 2839 cessante
3100 2784 3435 2841 successisse
3456 2785 3715 2852 deterior,

2130 2872 2237 2931 nisi
2268 2872 2394 2942 quia
2454 2871 2625 2941 major
2662 2880 2721 2931 et
2775 2872 2959 2931 verior
2999 2873 3140 2931 ratio
3172 2873 3224 2932 in
3249 2875 3483 2944 spiritali
3516 2876 3717 2932 intelli-

2128 2963 2331 3033 gentia,
2363 2977 2526 3034 quam
2567 2962 2620 3021 in
2663 2970 2813 3021 textu
2844 2961 3044 3021 littertc
3075 2963 3555 3035 deprehenditur?
3601 2966 3708 3023 Sed

2134 3054 2354 3113 interim
2397 3064 2754 3125 posteaquam
2803 3054 3106 3115 introduxit
3149 3052 3307 3114 Jesus
3347 3056 3608 3127 populum
3664 3059 3717 3114 in

449 3154 761 3225 quicunque
803 3155 1034 3208 mundus
1073 3154 1241 3210 fuerit
1280 3164 1334 3210 et
1386 3157 1769 3223 circumcisus,
1800 3161 1943 3215 sicut
1974 3170 2028 3216 et

2135 3153 2339 3203 terram
2373 3152 2647 3209 sanctam,
2694 3152 2822 3205 tunc
2844 3141 3171 3213 expugnatis
3202 3141 3314 3213 (82)
3344 3145 3598 3203 omnibus
3626 3159 3719 3202 ce-

448 3249 743 3322 Apostolus
772 3249 1166 3319 interpretatur
1185 3249 1375 3305 dicens
1396 3251 1443 3283 ¹⁰
1477 3271 1488 3305 :
1523 3269 1542 3303 ι
1581 3251 1794 3307 Etenim
1825 3253 2026 3323 pascha

446 3353 696 3400 nostrum
738 3341 1050 3398 immolatus
1095 3351 1181 3399 est
1206 3342 1478 3400 Christus.
1526 3342 1718 3414 Itaque
1756 3346 1901 3401 diem
1943 3346 2025 3402 l'e-

448 3447 597 3491 stum
632 3433 992 3502 celebremus,
1027 3448 1135 3490 non
1169 3435 1222 3489 in
1253 3434 1520 3491 fermento
1552 3436 1745 3503 veteri,
1771 3451 1948 3507 neque
1974 3438 2027 3494 in

444 3531 717 3585 fermento
768 3528 989 3584 malitiae
1029 3536 1083 3583 et
1133 3528 1391 3598 nequitiae
1419 3527 1557 3601 (76),
1592 3530 1689 3585 sed
1719 3530 1773 3584 in
1820 3530 2029 3602 azymis

442 3620 785 3677 sinceritatis
839 3629 896 3676 et
944 3620 1216 3676 veritatis.
1272 3637 1293 3673 ι
1354 3619 1462 3676 Sed
1514 3629 1569 3677 et
1618 3632 1749 3679 tunc
1804 3624 2026 3693 quidem

442 3738 661 3809 quando
701 3736 836 3793 exiit
883 3736 1112 3807 populus
1154 3735 1221 3792 de
1271 3744 1418 3793 terra
1468 3735 1725 3810 Egypti,
1788 3742 2030 3809 portavit

443 3845 693 3898 sparsum
725 3829 781 3884 in
806 3828 1148 3886 vestimentis
1170 3828 1305 3884 auis.
1342 3828 1477 3885 Cum
1526 3841 1709 3886 autem
1740 3832 2032 3890 defecisset

444 3936 721 3991 sparsum,
767 3928 824 3976 et
870 3936 1042 3995 panes
1081 3936 1188 3977 non
1239 3923 1525 3989 baberent,
1559 3923 1696 3993 pluit
1727 3925 1836 3983 illis
1882 3926 2029 3984 Deus

447 4028 667 4069 manna.
704 4014 842 4071 Cum
896 4023 1077 4069 autem
1105 4025 1375 4071 venerunt
1401 4016 1468 4070 ad
1523 4024 1725 4077 terram
1755 4026 2026 4087 sanctam,

444 4118 501 4163 et
540 4106 751 4162 fructus
791 4114 1149 4179 perceperunt
1188 4108 1488 4176 provinciae
1514 4109 1843 4179 palmarum,
1872 4111 2025 4167 defe-

446 4201 623 4257 eiteis
646 4214 867 4266 manna,
902 4207 958 4253 et
991 4208 1121 4254 tunc
1153 4199 1315 4256 edere
1343 4209 1632 4271 coeperunt
1656 4202 1723 4258 de
1759 4201 2031 4259 fructibus

446 4308 626 4351 terrae.
677 4294 870 4365 Itaque
914 4292 1016 4347 tria
1053 4307 1255 4361 genera
1318 4292 1431 4367 (77)
1485 4294 1735 4350 ciborum
1798 4311 2029 4368 genera-

446 4390 572 4445 liter
630 4387 1035 4446 describuntur.
1085 4383 1263 4442 Unum
1312 4386 1532 4456 quidem
1582 4402 1692 4458 quo
1753 4392 2031 4447 vescimur

443 4496 706 4545 exeuntes
738 4486 803 4541 de
828 4496 970 4541 terra
1000 4482 1250 4555 Egypti,
1287 4483 1379 4539 sed
1410 4482 1513 4538 hoc
1543 4485 1611 4538 ad
1634 4498 1859 4553 parvum
1886 4493 2024 4541 tem-

447 4596 546 4651 pus
576 4578 791 4635 suiIicit.
828 4577 951 4633 Post
980 4577 1083 4632 hoc
1119 4583 1301 4631 autem
1353 4588 1553 4629 manna
1583 4575 1854 4632 succedit.
1891 4573 2026 4631 Ter-

449 4675 582 4728 tium
607 4687 736 4727 vero
786 4670 896 4740 jam
928 4669 995 4725 de
1028 4679 1174 4726 terra
1208 4676 1401 4723 sancta
1451 4668 1702 4740 capimus
1760 4670 2021 4726 fructum.

453 4764 508 4818 In
540 4763 739 4832 quibus
762 4759 1081 4818 differentiis
1110 4754 1194 4831 (ut
1221 4773 1355 4815 meae
1382 4761 1673 4829 parvitatis
1712 4759 2023 4819 intellectus

454 4856 781 4925 assequitur)
813 4853 938 4911 illud
964 4852 1203 4911 arbitror
1243 4851 1494 4919 indicari,
1518 4853 1661 4922 quod
1695 4853 1905 4925 primus
1942 4855 2026 4910 εἰς

2137 3237 2314 3295 iebrat
2332 3234 2570 3295 Pascha.

2203 3376 2258 3431 '5.
2293 3392 2311 3426 α
2342 3374 2410 3428 Ει
2439 3373 2641 3430 factum
2670 3385 2754 3430 est
2791 3388 2915 3430 cum
2946 3382 3094 3431 esset
3120 3374 3277 3431 .lesus
3307 3375 3359 3429 in
3394 3373 3617 3433 Jericho
3647 3377 3715 3442 η,

2134 3468 2441 3538 respiciens
2472 3466 2651 3522 oculis
2678 3467 2816 3523 vidit
2836 3467 3116 3524 hominem
3153 3475 3390 3523 stantem
3418 3475 3612 3523 contra
3636 3483 3716 3536 se,

2132 3570 2188 3617 et
2222 3560 2435 3633 gladius
2465 3560 2783 3630 evaginatus
2811 3570 2934 3616 erat
2978 3559 3033 3615 in
3073 3576 3238 3616 manu
3276 3560 3416 3630 ejus.
3467 3559 3535 3615 Et
3562 3576 3718 3617 acce-

2134 3656 2266 3710 dens
2301 3651 2460 3709 Jesus
2493 3651 2634 3709 dixit
2659 3654 2706 3708 ei
2744 3669 2758 3707 :
2787 3651 2983 3708 Noster
3009 3667 3089 3719 es,
3119 3667 3186 3708 an
3222 3652 3667 3711 adversariorum
3695 3654 3719 3708 ?

2132 3747 2203 3802 At
2244 3746 2337 3802 ille
2385 3746 2569 3802 dixit:
2608 3746 2721 3818 Ego
2771 3761 2894 3802 sum
2942 3746 3198 3818 princeps
3242 3747 3451 3808 militia:
3496 3748 3718 3803 virtutis

2132 3838 2348 3901 Domini
2379 3858 2393 3894 :
2423 3854 2567 3895 nunc
2592 3839 2784 3895 adveni
2812 3836 2948 3913 (8'5).
2978 3857 2998 3893 ι
3032 3838 3357 3909 Respiciens
3379 3855 3510 3910 ergo
3543 3842 3719 3898 oculis
3816 3900 3821 3905 ,

2131 3932 2282 3987 videt
2322 3930 2627 4001 principem
2666 3929 2877 3986 militia:
2913 3931 3135 3988 virtutis
3176 3932 3415 4000 Domini,
3454 3942 3716 4005 tanquam
3810 3997 3814 4005 ,

2134 4026 2228 4095 qui
2262 4025 2413 4095 prius
2439 4040 2544 4079 non
2580 4024 2910 4094 respexerit,
2943 4024 3038 4080 sed
3072 4035 3222 4092 tunc,
3258 4040 3381 4087 cum
3411 4028 3716 4101 principem

2134 4115 2344 4170 militia:
2380 4114 2592 4175 Domini
2623 4114 2843 4171 visurus
2874 4123 3038 4171 esset.
3080 4116 3250 4184 Quem
3278 4125 3603 4173 tamencum
3636 4119 3717 4173 vi-
3768 4116 3771 4117 ⁷

2132 4213 2306 4273 disset
2348 4213 2531 4284 Jesus,
2584 4230 2690 4275 non
2721 4229 2845 4271 eum
2880 4211 3027 4268 velut
3058 4225 3403 4267 communem
3439 4202 3736 4270 hominem

2131 4307 2290 4373 vidit,
2324 4307 2418 4363 sed
2454 4306 2723 4363 intellexit
2759 4307 3015 4363 virtutem
3069 4317 3191 4361 esse
3219 4303 3532 4377 quamdam.
3566 4302 3711 4359 Non-

2138 4399 2265 4455 dum
2302 4400 2448 4454 enim
2476 4398 2591 4472 (84)
2628 4407 2816 4455 certus
2842 4406 3025 4456 estex
3066 4395 3265 4454 divinis
3293 4395 3607 4462 virtutibus,
3644 4411 3712 4451 an

2131 4506 2197 4547 ex
2221 4491 2514 4546 contrariis
2542 4505 2649 4546 una
2684 4490 2755 4546 sit
2787 4504 2908 4560 qua:
2952 4490 3193 4561 videtur,
3227 4497 3282 4544 et
3321 4487 3443 4543 ideo
3474 4487 3713 4543 interro-

2134 4593 2248 4657 gat,
2280 4592 2337 4639 et
2381 4583 2649 4657 perquirit
2695 4584 2880 4639 dicens
2911 4598 2926 4638 :
2968 4600 2987 4634 ι
3021 4580 3219 4639 Noster
3253 4598 3334 4650 es,
3365 4596 3431 4635 an
3461 4582 3716 4637 adversa-

2136 4676 2389 4732 riorum?
2432 4694 2450 4727 ι
2494 4675 2680 4735 Atille
2716 4675 2793 4731 ait
2821 4694 2833 4731 :
2866 4693 2886 4729 ι
2934 4674 3048 4748 Ego
3077 4690 3194 4735 sum
3222 4675 3478 4747 princeps
3512 4674 3717 4730 militiae

2134 4769 2350 4823 virtutis
2379 4768 2613 4838 Domini,
2643 4784 2787 4824 nunc
2824 4767 3040 4825 adveni.
3073 4784 3093 4820 ι
3133 4767 3201 4823 Ει
3228 4781 3355 4825 cum
3405 4767 3509 4824 hoc
3536 4769 3719 4825 audis-

2136 4871 2219 4917 set
2246 4859 2384 4933 (85),
2416 4860 2665 4918 adoravit
2690 4858 2869 4928 Iesus,
2885 4868 2941 4915 et
2968 4859 3106 4915 dixit
3129 4859 3178 4892 ”
3210 4876 3225 4914 :
3260 4876 3279 4912 t
3318 4858 3567 4929 Domine,
3587 4860 3717 4935 quid

524 4996 568 5032 ⁸⁸
588 4996 701 5053 Jos.
731 5009 785 5061 v,
820 4994 875 5053 9.
950 4994 992 5026 ¹⁹
1019 4991 1132 5048 Ios.
1157 5008 1211 5060 v,
1241 4992 1327 5051 10.
1404 4994 1449 5026 ὀ
1475 4991 1497 5047 I
1519 4992 1642 5060 Cor,
1672 5010 1722 5062 v,
1766 4994 1817 5062 7,
1844 4995 1898 5052 8.
1968 4998 2012 5031 ²¹

2135 5015 2216 5057 or.
2252 5016 2314 5069 ιι,
2339 5000 2394 5056 9.
2464 5001 2508 5032 ¹²
2536 4998 2649 5055 .los.
2687 5014 2739 5070 ν,
2769 4998 2855 5065 l5,
2890 4999 2976 5061 Η.
3052 4999 3099 5033 ³³
3130 4999 3246 5058 Jos.
3269 4999 3438 5065 v.14.

523 5117 636 5191 (74)
667 5114 880 5198 Iidem}
919 5131 936 5164 α
984 5112 1036 5167 in
1073 5111 1243 5169 initiis
1286 5128 1487 5170 exuere
1528 5125 1690 5186 atque
1740 5126 2030 5189 amputare

451 5205 551 5245 nos
579 5201 738 5257 posse
763 5198 960 5257 prima.
1010 5202 1028 5235 ι

523 5252 637 5329 (75)
673 5252 866 5329 manu.
890 5256 1051 5311 Deest
1084 5253 1139 5329 in
1162 5252 1447 5329 Sangerm.
1484 5264 1540 5310 et
1556 5254 1952 5329 _Gemeticensi.

525 5262 614 5329 (75
673 5262 866 5310 Primi.
890 5262 1051 5311 Deest
1084 5262 1138 5310 in
1162 5262 1447 5324 Sangerm.
1484 5264 1540 5310 et
1562 5262 1952 5313 Gemeticensi.

525 5262 641 5413 (76)
692 5324 822 5381 Mss.
866 5344 887 5378 ι
935 5326 1213 5394 nequitiae.
1250 5343 1272 5379 ι
1308 5324 1465 5383 Libb.
1500 5324 1633 5382 editi
1665 5345 1677 5379 :
1714 5346 1733 5379 ι
1779 5328 2020 5399 maligni.

454 5411 639 5542 lal(l'i‘I)
664 5417 843 5523 (’Iodex
884 5463 1318 5542 Gemeticensis:
1355 5482 1375 5516 ς
1407 5466 1507 5522 tria
1540 5481 1763 5537 genera.
1810 5485 1829 5517 ι
1864 5466 2023 5524 Libb.

451 5539 581 5598 editi
615 5558 628 5594 :
669 5557 687 5589 ι
724 5548 833 5593 tres
854 5539 1089 5607 species.
1123 5556 1141 5588 ι

486 5610 636 5690 ’(78)
686 5604 999 5665 chuldriu.
1050 5604 1203 5667 Unus
1256 5606 1604 5669 Ebroiccnsis
1655 5622 1670 5660 :

457 5697 637 5821 “779)
668 5748 929 5821 Gemctic.
951 5758 1001 5804 et
1036 5750 1142 5804 duo
1173 5748 1572 5807 Ebruiccnses:
1609 5766 1628 5800 ι
1657 5748 1971 5821 scientiam.
2005 5768 2023 5800 ι

526 5819 635 5890 (80)
663 5821 843 5877 Codex
879 5820 1142 5877 Cernetis.
1182 5839 1200 5871 ι
1239 5823 1560 5887 ascendunt,
1596 5836 1616 5871 ι
1646 5828 1700 5876 et
1725 5819 1882 5890 paulo
1906 5828 2029 5890 post

1731 5626 1749 5660 ‹
1803 5607 2025 5665 schola-

2141 5138 2161 5171 4
2202 5118 2365 5189 Deus,
2387 5117 2745 5189 diligentibus
2773 5133 2852 5174 se.
2886 5138 2905 5171 ο

2207 5190 2289 5261 (81
2302 5199 2321 5261 )
2354 5188 2549 5261 ldem’:
2581 5208 2600 5241 ‹
2642 5190 3008 5261 invenientur.
3049 5208 3069 5243 ι

2207 5199 2289 5261 (δι
2354 5199 2499 5245 Idem
2532 5203 2549 5243 ι
2581 5208 2600 5241 ‹
2642 5199 3008 5244 invenientur.
3049 5208 3069 5243 ι

2207 5199 2327 5343 (ὣς
2340 5259 2658 5343 βδηεεειῃιί,
2686 5260 2955 5343 Gemetic.
2973 5271 3029 5316 et
3058 5275 3198 5321 unus
3224 5259 3544 5343 Ebroieens.
3570 5283 3603 5343 _c_
3616 5279 3716 5320 ex-

2133 5333 2405 5401 pugnatis.
2451 5350 2484 5404 ιΔ
2507 5331 2664 5392 Libb.
2698 5332 2828 5393 editi
2875 5344 2891 5385 :
2940 5347 2959 5385 ς
2989 5332 3320 5404 expurgatis.
3351 5350 3373 5385 ι
3398 5332 3538 5389 Ibid.
3568 5334 3713 5394 San-

2132 5418 2302 5472 germ.
2345 5401 2687 5472 «Acelebrant
2715 5404 2936 5471 pascha.
2981 5420 3002 5455 ι

2200 5470 2311 5541 (85)
2367 5469 2525 5525 Nunc
2573 5469 2782 5527 advehi.
2820 5473 2980 5528 Deest
3037 5470 3096 5541 in
3135 5471 3266 5528 libb.
3319 5479 3479 5529 antea
3517 5472 3706 5539 editis,

2138 5539 2231 5595 sed
2261 5539 2493 5596 habetur
2517 5542 2569 5594 in
2598 5544 2855 5597 omnibus
2892 5555 3022 5597 mss.
3048 5539 3168 5596 Mox
3202 5542 3255 5599 in
3284 5542 3407 5597 cod.
3440 5542 3709 5601 Gemetic.

2137 5612 2288 5666 deest
2327 5630 2345 5663 ι
2386 5612 2704 5680 respiciens.
2740 5631 2758 5664 ι

2204 5681 2318 5751 (84)
2375 5678 2731 5752 ὃδιιὶεθιηιθη.
2792 5700 2810 5733 r
2846 5681 3012 5738 enim.
3065 5698 3084 5734 t
3136 5678 3503 5743 Libb.editi:
3562 5702 3582 5738 ο
3626 5691 3714 5739 ta-

2140 5768 2285 5807 IIICII.
2352 5771 2369 5802 )

2208 5821 2320 5893 (85)
2356 5820 2498 5878 ldcut
2532 5838 2547 5881 :
2589 5840 2606 5875 ι
2654 5821 2900 5878 dixisset.
2945 5840 2965 5874 ›
