4146 6430
466 347 572 401 855

1921 349 2241 408 ORICENIS

3612 360 3716 415 856

470 463 719 534 prau-ipis
763 479 923 521 servo
969 475 1061 521 tuo
1088 468 1115 522 ἵ
1147 487 1165 521 ›
1213 469 1356 537 Quid
1390 481 1474 527 est
1504 474 1647 543 quod
1694 488 1791 530 nos
1819 490 1914 546 per
1948 477 2050 529 hoc
2078 480 2122 534 Α
2150 475 2217 529 de
2253 476 2509 545 paradiso
2560 477 2612 532 in
2663 478 2821 547 hujus
2866 478 3049 535 mundi
3094 478 3344 535 exsilium
3398 488 3577 535 trusus
3608 493 3712 537 est.

466 557 657 610 edocet
700 556 899 613 Jesus?
942 558 1074 615 Illud
1119 560 1237 616 sine
1287 562 1451 617 dubio
1484 566 1627 632 quod
1662 566 1793 620 dicit
1819 578 2036 637 aposto-

467 642 550 702 lus
579 647 626 680 ’⁸
656 665 671 702 :
709 667 728 700 ι
771 647 949 707 Nolite
974 652 1123 707 omni
1166 654 1379 724 spiritui
1408 657 1652 721 credere,
1688 660 1783 713 sed
1814 662 2037 727 probate

464 741 689 808 spiritus
721 743 767 797 si
793 758 856 797 ex
890 745 998 799 Deo
1032 754 1176 800 sunt.
1221 764 1239 799 ι
1274 746 1534 818 Cognovit
1583 764 1713 821 ergo
1742 751 1901 807 Iesus
1932 770 2034 808 nou

367 881 373 886 .
463 829 636 885 solum
674 835 814 902 quod
864 850 928 890 ex
976 835 1088 890 Deo
1136 846 1259 902 est,
1301 841 1394 893 sed
1432 840 1555 910 quia
1609 841 1749 898 Deus
1781 853 1881 899 est.
1920 843 2033 899 Non

462 924 607 979 enim
643 926 943 993 adorasset,
979 930 1079 983 nisi
1129 931 1438 999 agnovisset
1492 933 1678 988 Deum.
1722 935 1851 1002 Quis
1889 938 2033 991 enim

462 1018 602 1072 alius
658 1030 741 1075 est
787 1023 1038 1091 princeps
1091 1023 1295 1077 militias
1328 1026 1592 1079 virtutum
1637 1025 1879 1095 Domini,
1929 1030 2032 1085 nisi

464 1110 724 1165 Dominus
777 1123 964 1169 noster
1014 1113 1170 1169 Jesus
1207 1113 1506 1171 Christus?
1560 1115 1752 1173 Omnis
1802 1135 2035 1191 namque

460 1201 583 1257 εαξη
616 1203 829 1271 militia,
863 1206 977 1260 sive
1023 1208 1225 1278 angeli,
1262 1209 1377 1265 sive
1408 1210 1741 1281 archangeli,
1775 1214 1891 1269 sive
1920 1217 2030 1271 vir-

460 1302 627 1355 tutes,
656 1296 772 1349 sive
798 1296 1223 1365 dominationes,
1260 1300 1376 1356 sive
1407 1303 1771 1374 principatus,
1799 1308 1912 1361 sive
1936 1323 2033 1378 po-

458 1394 706 1450 testates,
732 1384 920 1441 ‘omnia
951 1389 1067 1443 haec
1091 1404 1211 1459 quae
1242 1406 1340 1460 per
1377 1392 1550 1463 ipsum
1584 1395 1722 1449 tacta
1753 1407 1898 1464 sunt,
1931 1400 2031 1455 sub

459 1477 577 1547 ipso
614 1480 860 1551 principe
899 1483 1153 1550 militant,
1184 1485 1385 1554 quiest
1414 1488 1719 1558 principum
1754 1492 2028 1563 princeps,

453 1578 510 1624 et
527 1571 618 1639 qui
640 1570 867 1643 largitur
888 1574 1220 1644 principibus
1240 1576 1625 1647 principatum.
1644 1580 1760 1650 Ipse
1783 1592 1862 1638 est
1883 1586 2026 1639 enim

456 1660 557 1727 qui
579 1661 710 1715 dicit
745 1662 799 1715 in
832 1663 1123 1734 Evangelio
1145 1667 1189 1699 ³⁵
1216 1684 1229 1721 :
1267 1684 1287 1719 ι
1327 1668 1455 1724 Esto
1478 1680 1798 1739 potestatem
1822 1674 2028 1732 habens

452 1767 611 1820 supra
650 1753 812 1824 41],
852 1756 1040 1812 decem
1073 1759 1341 1817 civitates.
1383 1781 1401 1815 ι
1429 1762 1495 1818 Et
1527 1765 1651 1821 alibi
1687 1786 1700 1823 :
1745 1786 1763 1819 ι
1791 1767 1918 1824 Esto
1969 1779 2023 1825 tu

450 1853 769 1911 potestatem
793 1845 998 1904 habens
1015 1863 1181 1920 supra
1210 1854 1450 1924 quinque
1468 1856 1739 1914 civitates.
1770 1878 1789 1914 ι
1820 1861 1919 1919 Hic
1943 1874 2024 1920 est

447 1937 799 2008 qui‘aceepto
823 1954 995 2010 regno
1023 1956 1303 2012 regressus
1329 1956 1434 2002 est.

515 2029 571 2083 5.
592 2028 712 2083 Sed
745 2029 963 2084 interim
995 2031 1275 2089 videamus
1304 2049 1423 2105 quae
1444 2050 1686 2106 praesens
1710 2038 1869 2097 lectio
1894 2054 2024 2111 sug-

444 2124 617 2186 gerit.
658 2120 713 2175 In
763 2119 982 2179 Iericho
1012 2132 1096 2178 est
1123 2122 1304 2189 Jesus,
1338 2127 1513 2185 adhuc
1541 2128 1730 2186 hostes
1770 2132 2022 2188 obtinent

443 2214 748 2279 civitatem.
787 2217 1024 2272 nondum
1054 2219 1185 2275 victi
1220 2234 1370 2288 sunt,
1398 2232 1454 2277 et
1474 2225 1587 2293 jam
1616 2233 1795 2280 tamen
1819 2226 2020 2281 dicitur

446 2305 508 2357 ad
534 2304 718 2361 Iesum
745 2309 791 2342 '°
816 2326 861 2363 ε(
898 2310 1060 2366 Solve
1087 2311 1517 2370 calceamentum
1548 2316 1615 2371 de
1637 2316 1861 2387 pedibus
1889 2319 2016 2386 tuis,

443 2396 596 2454 locus
629 2400 774 2455 enim
806 2402 857 2457 in
891 2418 1000 2473 quo
1031 2415 1149 2460 stas
1175 2414 1320 2461 terra
1359 2417 1549 2464 sancta
1575 2418 1679 2465 est.
1725 2428 1745 2461 ι
1777 2409 1843 2463 Ει
1882 2425 2019 2479 quo-

442 2492 602 2548 modo
625 2491 844 2551 Jericho
877 2506 1016 2551 terra
1051 2508 1238 2555 sancta
1264 2508 1370 2568 est,
1406 2515 1526 2571 qua:
1559 2504 1628 2558 ab
1662 2502 1908 2557 hostibus
1940 2516 2020 2557 re-

440 2585 813 2643 tinetur?Scd
838 2604 906 2644 ne
932 2589 1074 2647 forte
1115 2592 1216 2647 hoc
1252 2592 1322 2647 sit
1353 2595 1499 2663 quod
1544 2594 1837 2658 indicatur,
1889 2594 2015 2663 quia

436 2688 764 2745 quocunque
817 2679 1028 2734 venerit
1086 2681 1338 2751 princeps
1392 2680 1597 2737 militia:
1638 2683 1855 2739 virtutis
1903 2684 2015 2739 Do-

436 2765 592 2832 mini,
632 2769 942 2825 sanctificat
979 2771 1182 2840 locutu,
1211 2774 1336 2843 quia
1376 2789 1478 2829 nec
1523 2774 1638 2844 ipsa
1671 2773 1890 2831 Jericho
1932 2776 2013 2832 lo-

435 2876 531 2915 rus
559 2870 681 2917 erat
708 2872 930 2920 sanctus
962 2880 978 2920 :
1009 2866 1101 2920 sed
1126 2866 1251 2936 quia
1278 2866 1530 2937 princeps
1564 2867 1768 2922 militiae
1803 2868 2014 2923 Domini

432 2954 581 3007 venit
607 2953 755 3020 illuc,
784 2954 935 3011 locus
964 2956 1161 3011 dicitur
1187 2967 1429 3013 sanctus.
1461 2958 1576 3029 Ego
1596 2960 1759 3013 etiam
1784 2961 2013 3029 amplius

431 3044 637 3114 aliquid
660 3048 831 3104 audeo
859 3058 913 3105 et
942 3048 1086 3112 dico,
1107 3050 1231 3120 quia
1250 3048 1411 3104 etiam
1446 3050 1659 3122 Moyses
1693 3051 1782 3107 ubi
1810 3055 2007 3122 stabat,

430 3151 526 3202 per
554 3139 789 3208 seipsum
810 3156 915 3195 non
947 3150 1066 3195 erat
1098 3140 1252 3196 locus
1276 3149 1521 3208 sanctus,
1545 3143 1641 3198 sed
1659 3144 1784 3214 qttia
1825 3144 2008 3199 Domi-
2037 3172 2080 3232 α

432 3246 530 3285 nus
554 3232 734 3288 stabat
754 3248 875 3288 cum
908 3232 1113 3303 Moyse,
1143 3234 1429 3304 praisentia
1458 3234 1669 3290 Domini
1702 3238 2011 3293 sanctiﬁca-

429 3333 583 3380 verat
629 3324 832 3388 locum.
880 3335 935 3381 et
987 3325 1108 3381 ideo
1151 3325 1352 3380 dicitur
1378 3326 1443 3383 ad
1475 3342 1596 3383 cum
1634 3329 1726 3387 ’τι
1767 3348 1785 3382 t
1847 3330 2009 3388 Solve

428 3414 720 3487 corrigiam
749 3416 1106 3472 calceamenti
1134 3414 1233 3481 tui,
1267 3415 1421 3473 locus
1454 3419 1598 3473 enim
1643 3420 1694 3475 in
1731 3436 1839 3493 quo
1892 3433 2008 3479 stas

428 3519 577 3565 terra
613 3519 802 3565 sancta
855 3517 958 3563 est.
999 3526 1017 3560 ι
1062 3508 1211 3566 Unde
1242 3519 1297 3566 et
1331 3526 1432 3567 nos
1473 3513 1519 3567 si
1548 3515 1657 3569 vita
1695 3524 1749 3570 et
1797 3520 2006 3575 meritis

425 3601 748 3656 accedamus
775 3600 840 3653 ad
870 3598 1061 3664 Deum,
1086 3609 1141 3654 et
1170 3601 1315 3672 digni
1349 3602 1650 3658 eliiciamur
1690 3616 1746 3660 ut
1784 3609 2007 3663 assistat

426 3690 583 3745 nobis
613 3689 778 3754 Deus,
806 3688 1008 3744 dicitur
1030 3688 1195 3744 etiam
1230 3691 1295 3745 ad
1319 3706 1416 3747 nos
1441 3702 1499 3747 ut
1528 3694 1805 3751 solvamus
1844 3712 1873 3751 a
1907 3712 2001 3767 pe-

424 3784 584 3837 dibus
605 3781 801 3836 anima
838 3790 1061 3847 nostrze,
1094 3782 1137 3836 si
1175 3783 1303 3853 quid
1339 3783 1390 3839 in
1417 3786 1496 3840 eis
1520 3786 1717 3842 vinculi
1759 3790 2003 3844 mortalis

422 3888 696 3927 annexum
728 3882 829 3929 est.
868 3872 959 3929 Isti
989 3874 1131 3929 enim
1181 3886 1304 3931 sunt
1336 3879 1519 3947 pedes,
1552 3894 1687 3949 quos
1730 3881 1871 3935 lavat
1909 3878 2002 3937 Je-

422 3982 515 4022 sus
555 3966 623 4035 ",
652 3982 788 4037 quos
833 3970 939 4023 nisi
980 3970 1213 4037 .laverit,
1257 3987 1361 4027 non
1414 3973 1737 4030 habebimus
1792 3970 1999 4045 partem

421 4075 544 4113 cum
575 4073 659 4113 eo.
693 4059 845 4126 Quod
872 4061 916 4115 si
948 4078 1076 4134 ergo
1112 4064 1179 4117 ab
1209 4064 1389 4119 anima
1430 4075 1613 4120 nostra
1646 4077 1700 4121 et
1749 4069 2001 4125 sensibus

421 4164 581 4203 omne
606 4149 882 4204 vinculum
910 4166 1055 4206 curm
1079 4153 1321 4208 mortalis
1345 4154 1459 4226 (86)
1488 4156 1843 4224 absolvimus,
1872 4176 2001 4215 con-

422 4241 573 4295 tinuo
608 4241 841 4295 libenter
870 4242 1034 4297 etiam
1066 4244 1221 4298 nobis
1247 4244 1425 4299 aderit
1470 4255 1525 4300 et
1567 4248 1788 4303 assistet
1831 4249 1995 4306 Deus.

488 4331 542 4385 4.
569 4331 701 4401 Qua:
735 4342 914 4387 autem
944 4344 1068 4388 sunt
1110 4336 1162 4389 in
1201 4340 1665 4410 consequentibus
1697 4342 1994 4400 videamus.

419 4421 806 4477 Circumdatur
850 4422 1093 4490 Iericho,
1128 4428 1425 4497 expugnari
1478 4443 1596 4482 eam
1633 4445 1855 4487 necesse
1889 4445 1995 4489 est.

2145 568 2252 623 Sed
2284 578 2340 622 et
2368 570 2495 624 cmci
2523 570 2569 603 ³⁸
2592 571 2682 640 qui
2711 582 2869 626 erant
2902 573 2957 627 iu
2996 571 3237 636 Iericho,
3267 574 3333 627 ad
3379 588 3519 643 quos
3568 574 3715 629 venit

2143 653 2303 710 Iesus
2331 666 2388 711 ut
2443 657 2648 713 faceret
2679 673 2774 714 eos
2808 659 3010 723 videre,
3056 660 3284 715 fortnam
3326 662 3585 729 gerebant
3622 678 3712 718 eo-

2143 762 2261 801 rum
2295 748 2387 817 qui
2416 748 2467 803 in
2498 750 2603 804 hoc
2638 750 2839 821 mundo
2873 752 3115 807 caecitate
3144 752 3459 822 ignorantia
3494 769 3712 821 premem

2140 838 2360 905 bantur,
2389 842 2456 896 ad
2485 858 2622 912 quos
2653 842 2797 898 venit
2823 843 2993 898 Filius
3019 844 3134 898 Dei.
3165 843 3290 899 Haac
3315 859 3445 915 ergo
3466 842 3708 913 Iericho,

2138 932 2190 987 id
2220 943 2304 988 est
2350 936 2582 990 mundus
2629 936 2717 991 hic
2766 952 2993 992 casurus
3032 945 3135 992 est.
3169 936 3575 993 Consummatio
3622 949 3707 994 et-

2136 1024 2281 1078 enim
2300 1025 2480 1080 sreculi
2507 1024 2620 1092 jam
2650 1027 2848 1080 dudum
2867 1026 3071 1082 sanctis
3099 1027 3461 1083 voluminibus
3490 1027 3706 1099 pervul—

2135 1126 2258 1188 gata
2296 1126 2398 1173 est.
2431 1116 2709 1183 Quomodo
2733 1132 2864 1187 ergo
2889 1119 2937 1174 ei
2990 1118 3389 1175 consummatio
3435 1119 3700 1174 dabitur?

2134 1208 2332 1278 quibus
2361 1210 2620 1279 organis?
2648 1208 2903 1277 Vocibus,
2937 1212 3135 1282 inquit,
3170 1212 3442 1267 tubarum.
3466 1210 3701 1278 Quarum

2136 1300 2648 1356 tubarum?Paulus
2676 1301 2769 1356 tibi
2798 1303 2989 1357 secreti
3017 1303 3175 1372 hujus
3204 1304 3395 1373 prodat
3425 1316 3699 1356 arcanum.

2131 1390 2273 1445 Audi
2306 1390 2421 1460 ipse
2459 1392 2589 1461 quid
2620 1393 2764 1447 dicat
2798 1408 2813 1446 :
2854 1411 2873 1444 ι
2908 1390 3101 1459 Canet,
3158 1392 3334 1463 inquit
3369 1392 3438 1457 ³¹,
3479 1392 3625 1458 tuba,
3651 1401 3704 1446 et

2133 1484 2333 1537 mortui
2372 1483 2463 1552 qui
2496 1485 2547 1538 in
2578 1484 2797 1540 Christo
2847 1494 2998 1550 sunt,
3039 1495 3327 1553 resurgant
3373 1482 3700 1551 incorrupti,

2129 1584 2186 1630 et
2212 1574 2327 1644 ipse
2364 1574 2625 1631 Dominus
2652 1578 2705 1629 in
2734 1573 2910 1645 jussu,
2940 1575 2992 1628 in
3019 1589 3151 1629 voce
3194 1574 3530 1644 archangeli,
3563 1584 3619 1629 et
3647 1575 3701 1628 in

2132 1666 2261 1720 tuba
2308 1665 2402 1721 Dei
2437 1665 2734 1722 descendet
2778 1667 2846 1724 de
2893 1666 3053 1722 ctelo.
3091 1680 3111 1715 ι
3155 1664 3308 1721 Tunc
3361 1680 3490 1736 ergo
3541 1663 3702 1721 Iesus

2131 1757 2393 1814 Dominus
2421 1770 2607 1815 noster
2633 1774 2754 1815 cum
2788 1760 2929 1816 tubis
2977 1759 3159 1816 vincet
3194 1757 3413 1814 Iericho
3474 1766 3528 1814 et
3575 1772 3705 1827 pro-

2129 1860 2340 1907 sternet
2362 1866 2507 1917 eam,
2538 1851 2611 1906 ita
2639 1861 2699 1907 ut
2726 1868 2791 1909 ex
2823 1868 2887 1909 ea
2927 1853 3186 1908 meretrix
3216 1851 3330 1907 sola
3362 1851 3619 1918 salvetur,
3649 1863 3704 1904 ct

2128 1942 2310 2000 omnis
2335 1943 2528 1999 domus
2554 1943 2691 2013 ejus.
2732 1942 2943 2010 Veniet,
2982 1944 3175 2015 inquit,
3224 1943 3487 1998 Dominus
3515 1951 3703 1998 noster

2123 2035 2305 2102 Iesus,
2340 2045 2396 2090 et
2443 2034 2497 2089 in
2530 2036 2784 2090 tubarum
2834 2049 2970 2091 voce
3016 2037 3213 2092 veniet.
3265 2035 3371 2092 Sed
3413 2034 3526 2103 jam
3562 2049 3705 2090 nunc

2124 2140 2345 2181 oremus
2370 2136 2429 2181 ut
2464 2127 2650 2182 veniat
2696 2134 2751 2181 et
2774 2126 3019 2182 destruat
3069 2127 3349 2190 mundum,
3382 2127 3472 2195 qui
3504 2126 3556 2180 in
3589 2141 3705 2179 ma-

2124 2218 2273 2289 ligno
2302 2219 2509 2289 positus
2537 2229 2621 2275 est
2649 2219 2715 2285 ",
2748 2228 2803 2274 et
2828 2221 3009 2275 omnia
3060 2233 3180 2289 qua:
3220 2219 3272 2272 in
3317 2216 3517 2272 mundo
3549 2225 3701 2283 sunt,

2122 2312 2248 2382 quia
2288 2328 2307 2363 ι
2347 2325 2507 2366 omne
2552 2313 2697 2382 quod
2752 2312 2806 2367 in
2853 2312 3052 2368 mundo
3101 2319 3207 2377 est,
3263 2308 3702 2379 concupiscentia

2129 2401 2313 2457 carnis
2336 2412 2441 2467 est,
2471 2412 2526 2457 et
2555 2402 3001 2472 concupiscentia
3044 2402 3325 2458 oculorum
3356 2400 3571 2455 ".ilsta
3602 2399 3701 2454 de-

2120 2502 2318 2559 struat,
2343 2494 2444 2549 ista
2467 2492 2802 2565 jamjamque
2825 2494 3115 2559 dissolvat,
3142 2494 3315 2550 salvet
3350 2502 3527 2547 autem
3557 2492 3701 2547 hanc

2120 2589 2293 2641 solam
2325 2601 2445 2655 quae
2473 2586 2849 2654 exploratores
2873 2586 2989 2654 ejus
3020 2588 3279 2656 suscepit,
3313 2601 3434 2656 quae
3459 2586 3697 2653 Aposto-

2125 2679 2206 2734 los
2232 2678 2350 2747 ejus
2374 2678 2428 2731 in
2459 2677 2562 2731 fide
2588 2686 2641 2731 et
2679 2677 2987 2733 obedientia
3042 2688 3312 2748 receptos,
3346 2678 3399 2732 in
3432 2677 3684 2745 superio-

2121 2771 2275 2826 ribus
2320 2767 2632 2836 collocavit,
2678 2777 2737 2823 et
2778 2768 3038 2837 adjungat
3064 2779 3120 2824 et
3146 2770 3319 2825 societ
3350 2772 3694 2827 meretricem

2120 2865 2262 2919 hanc
2297 2876 2418 2917 cum
2476 2860 2639 2916 domo
2684 2860 2872 2917 Israel.
2931 2862 3037 2917 Sed
3081 2861 3191 2928 jam
3222 2878 3327 2917 non
3363 2872 3693 2931 repetamus,

2118 2969 2221 3010 nec
2260 2964 2581 3023 reputemus
2608 2952 2657 3007 ei
2683 2963 2924 3007 veterem
2954 2952 3188 3022 culpam.
3230 2954 3535 3023 Aliquando
3581 2971 3695 3010 me-

2118 3049 2288 3104 retrix
2322 3048 2442 3113 fuit,
2475 3060 2617 3100 nunc
2664 3054 2845 3100 autem
2883 3046 2977 3100 uni
3021 3047 3137 3100 viro
3172 3057 3322 3101 casto
3348 3048 3499 3116 virgo
3534 3058 3688 3101 casta

2115 3140 2362 3211 copulata
2395 3149 2476 3194 est
2499 3136 2735 3193 Christo.
2773 3137 2911 3191 Audi
2958 3137 3271 3209 Apostolum
3325 3139 3589 3192 dicentem
3626 3140 3693 3192 dc

2113 3250 2177 3291 ea
2207 3233 2254 3266 ³⁸
2286 3252 2299 3289 :
2344 3253 2362 3287 ι
2394 3232 2567 3288 Statui
2597 3242 2779 3285 autem
2813 3232 2918 3285 hoc
2944 3231 3138 3300 ipsum,
3167 3231 3257 3285 uni
3285 3230 3400 3284 viro
3422 3229 3689 3299 virginem

2110 3337 2317 3384 castam
2345 3342 2440 3382 vos
2466 3325 2725 3381 exhibere
2754 3323 2993 3380 Christo.
3032 3341 3051 3374 ι
3092 3320 3172 3376 Ex
3201 3323 3313 3392 ipsa
3343 3332 3461 3378 erat
3493 3332 3549 3380 et
3599 3322 3693 3379 ille

2110 3421 2227 3491 ipse
2257 3419 2347 3487 qui
2377 3418 2591 3473 dicebat
2618 3416 2662 3447 ³⁵
2696 3434 2709 3470 :
2741 3434 2759 3466 ι
2800 3413 3024 3469 Fuimus
3049 3416 3194 3468 enim
3216 3426 3386 3468 etnos
3402 3414 3692 3482 aliquando

2109 3514 2448 3583 insipientes,
2483 3508 2769 3569 increduli,
2804 3518 3077 3568 errantes,
3126 3507 3431 3561 servientes
3477 3505 3689 3561 deside-

2108 3605 2208 3660 riis
2233 3614 2286 3659 et
2322 3602 2695 3671 voluptatibus
2720 3599 2907 3653 variis.
2937 3617 2954 3649 ι
2982 3597 3073 3653 Vis
3101 3597 3280 3652 adhuc
3300 3596 3575 3665 copiosius
3606 3598 3687 3650 di-

2106 3711 2283 3763 scere,
2308 3694 2579 3765 quomodo
2630 3690 2890 3748 meretrix
2936 3689 3053 3760 jam
3105 3705 3211 3743 non
3262 3689 3333 3743 sit
3386 3687 3690 3742 meretrix?

2104 3790 2245 3845 Audi
2274 3790 2450 3843 adhuc
2483 3787 2709 3843 Paulum
2745 3786 3012 3842 dicentem
3047 3784 3092 3816 ³⁸
3123 3802 3137 3839 :
3176 3802 3194 3836 ι
3225 3783 3290 3839 Et
3320 3785 3434 3839 haec
3469 3783 3684 3853 quidem

2106 3881 2309 3947 fuistis,
2338 3880 2432 3935 sed
2489 3879 2661 3935 abluti
2693 3877 2848 3943 estis;
2892 3874 2986 3931 sed
3035 3874 3363 3929 sauctiﬁcati
3400 3874 3533 3928 estis
3568 3869 3685 3941 (87)

2105 3976 2157 4030 in
2188 3973 2402 4029 nomine
2432 3972 2645 4027 Domini
2689 3968 2862 4026 nostri
2897 3967 3022 4024 Iesu
3051 3968 3280 4034 Christi,
3307 3975 3361 4022 et
3393 3967 3445 4020 iu
3478 3965 3683 4035 Spiritu

2104 4068 2201 4122 Dei
2231 4064 2529 4121 nostri.iUt
2557 4065 2702 4120 enim
2745 4072 2928 4134 posset
2956 4062 3209 4127 evadere,
3253 4075 3320 4115 ne
3370 4074 3494 4114 cum
3546 4055 3686 4111 Jeri-

2102 4162 2206 4216 eho
2238 4162 2512 4225 interiret,
2571 4158 2966 4212 validissimum
3013 4156 3082 4210 ab
3127 4150 3565 4223 exploratoribus
3605 4148 3683 4201 si-

2102 4267 2265 4321 gntnn
2324 4251 2519 4306 salutis
2572 4252 2816 4319 accepit,
2878 4258 3121 4319 spartum
3182 4245 3519 4300 coccineum.
3581 4241 3684 4296 Per

2101 4342 2303 4397 Christi
2332 4343 2539 4397 etenim
2587 4343 2909 4412 sanguinem
2968 4338 3211 4393 Ecclesia
3266 4338 3381 4391 hmc
3428 4335 3680 4388 universa

2102 4435 2369 4502 salvatur,
2406 4435 2456 4489 in
2494 4436 2613 4504 ipso
2647 4433 2775 4489 Jcsu
2819 4432 3039 4488 Christo
3082 4429 3310 4484 Domino
3350 4436 3560 4490 nostro,
3595 4425 3680 4479 cui

418 4514 705 4581 Quomodo
738 4530 870 4583 ergo
896 4528 1272 4586 .expugnatur
1303 4516 1569 4576 Iericho?
1617 4523 1841 4579 Gladius
1884 4540 1993 4581 non
2029 4520 2073 4576 D
2102 4534 2186 4580 est
2213 4527 2383 4596 gloria
2419 4536 2475 4581 et
2517 4526 2803 4595 imperium
2844 4525 2957 4597 (88)
3008 4527 3061 4579 in
3107 4522 3304 4578 saecula
3336 4518 3678 4575 saeculorum.

417 4605 667 4659 educitur
690 4606 953 4661 adversus
976 4624 1118 4674 eam,
1150 4610 1290 4665 aries
1318 4626 1421 4666 non
1453 4613 1723 4685 dirigitur,
1758 4631 1858 4671 nec
1888 4619 1990 4673 tela

417 4699 728 4762 vibrantur,
763 4700 903 4752 tuhze
940 4699 1283 4757 solummodo
1322 4706 1688 4763 sacerdotalcs
1725 4709 1991 4764 adhiben-

419 4800 528 4856 tur,
557 4798 612 4842 et
638 4791 721 4844 his
753 4785 973 4847 .lericho
1001 4794 1139 4848 muri
1173 4794 1529 4854 subruuntur.
1564 4797 1622 4853 In
1652 4800 1819 4870 figura
1848 4803 1993 4858 enim

417 4881 598 4934 mundi
627 4883 751 4950 poni
789 4881 1008 4940 Jericho
1042 4888 1093 4939 in
1138 4886 1435 4958 Scripturis
1478 4890 1794 4962 frequenter
1842 4893 1995 4950 inve-

416 4974 615 5026 nimus.
644 4973 780 5028 Nam
818 4985 872 5029 et
911 4976 964 5030 in
996 4977 1293 5048 Evangelio
1330 4980 1376 5011 ¹⁹
1424 4982 1567 5051 quod
1598 4984 1796 5040 dicitur
1829 4988 1992 5045 homo

415 5068 481 5120 de
505 5064 804 5121 Jerusalem
838 5069 889 5123 in
918 5068 1141 5126 Jcricho
1178 5073 1524 5130 descendisse
1572 5086 1628 5131 ct
1654 5077 1706 5131 in
1750 5077 1992 5135 latrones

415 5161 733 5227 incurrisse,
776 5162 948 5217 forma
996 5165 1115 5222 sine
1163 5166 1328 5221 dubio
1380 5176 1502 5222 erat
1538 5168 1682 5224 illius
1713 5172 1865 5239 Atla),
1900 5173 1993 5242 qui

476 5254 566 5325 ‘fl
608 5252 764 5309 Joan.
806 5271 881 5317 tv,
930 5258 980 5311 1.
1095 5260 1139 5290 ³⁵
1170 5260 1300 5314 Luc.
1332 5276 1446 5324 nx,
1486 5262 1683 5325 17,20.

411 5323 457 5399 ff
488 5324 679 5399 Matth.
712 5342 805 5379 xx.
877 5330 920 5359 ³⁸
947 5330 961 5382 Ι
991 5332 1114 5383 Cor.
1143 5347 1232 5394 xv,
1266 5332 1358 5393 52,
1382 5323 1439 5385 et
1465 5330 1482 5383 Ι
1516 5323 1711 5388 Thess.
1748 5350 1820 5399 tv,
1846 5336 1900 5390 5.

410 5393 453 5425 ³⁵
485 5397 589 5449 Ἰ’ἱῑ.
634 5413 715 5463 ιιι,
742 5399 797 5452 5.
874 5400 918 5430 ³⁸
954 5399 971 5452 I
1003 5401 1127 5455 Cor.
1162 5393 1236 5462 vt.
1280 5402 1366 5456 11.

480 5488 595 5557 (86)
628 5489 771 5544 Idem
805 5504 820 5544 :
863 5511 879 5541 ι
913 5493 1281 5545 mortalitatis.
1321 5513 1339 5544 ι

483 5558 596 5630 (87)
634 5560 737 5614 Sed
782 5563 1102 5630 sauctiﬁcati
1151 5566 1291 5616 estis.
1336 5564 1459 5619 "rec
1492 5567 1686 5621 desunt
1739 5567 1791 5621 in
1830 5568 1985 5624 libris

410 5629 596 5706 editis,
629 5632 720 5682 sed
763 5629 1011 5706 leguntur
1048 5634 1098 5685 iu
1135 5635 1308 5688 tribus
1343 5650 1471 5689 mss.
1524 5636 1841 5706 Saugertn.,
1877 5640 1985 5694 Gc-

411 5698 593 5751 metic.
630 5710 682 5751 et
712 5698 1188 5757 uno-Ebroiccttsi.

379 5823 388 5867 ι
483 5766 595 5839 (88)
623 5768 755 5823 I’ost
780 5774 1054 5840 imperium
1083 5789 1221 5830 unus
1243 5775 1588 5833 Ehroiccusis
1604 5778 1753 5834 addit
1786 5798 1838 5834 ει
1866 5797 1985 5838 cum

1796 5266 1842 5297 ²⁶
1872 5264 1987 5320 .Ios.
2009 5281 2062 5327 v,
2099 5267 2184 5321 15.

1978 5338 2022 5367 ³⁸
2055 5336 2072 5390 I
2106 5336 2262 5394 Joan.
2294 5353 2347 5401 v,
2398 5338 2483 5391 19.

2098 4619 2293 4673 Amen.

2678 4706 2959 4761 IIOMILIA
2998 4705 3110 4761 VII.

2102 4797 2181 4855 De
2206 4799 2419 4853 Iericho
2444 4798 2707 4870 quomodo
2736 4806 2888 4870 capta
2931 4806 3026 4850 est.
3084 4794 3153 4848 Et
3182 4794 3258 4848 uti
3296 4792 3537 4862 prwcepit
3586 4790 3679 4845 Je-

2173 4887 2265 4924 sus
2308 4868 2677 4938 ﬁliis'lsrael,
2734 4878 2793 4920 ut
2843 4868 2907 4919 de
2957 4871 3293 4938 anathemate
3346 4880 3482 4938 non“
3500 4879 3675 4938 sume-

2176 4951 2288 4992 rent
2308 4930 2449 5008 ’(89).
2495 4937 2565 4990 Et
2596 4930 2744 4991 Raab
2787 4939 3051 5008 quomodo
3077 4936 3282 4989 saluata
3305 4946 3402 4987 est.
3434 4930 3501 4985 Et
3528 4935 3676 5008 dego

2168 5012 2256 5080 qui
2283 5002 2493 5076 furatus
2506 5018 2662 5062 estea:
2686 5002 3019 5063 anathemate
3041 5008 3276 5075 linguam
3301 5018 3515 5057 auream
3537 5002 3677 5073 (90),

2169 5091 2215 5133 et
2242 5080 2500 5133 dextralia
2529 5095 2683 5148 pura.

2172 5174 2223 5229 1.
2253 5170 2477 5226 Jericho
2531 5172 2675 5227 tubis
2728 5169 3012 5224 subruitur
3060 5167 3430 5224 sacerdotum.
3476 5163 3672 5220 Statim

2289 5267 2333 5297 ³⁷
2383 5266 2552 5320 Exod.
2587 5280 2672 5328 ιιι,
2698 5264 2752 5319 5.
2865 5262 2913 5295 ³⁸
2933 5261 3093 5317 Joan.
3123 5274 3274 5328 XIIIa
3335 5259 3407 5328 _”
3445 5256 3577 5311 an.
3615 5274 3669 5309 κ.

2563 5335 2607 5367 ⁸³
2654 5326 2674 5388 I
2726 5332 2884 5389 Joan.
2918 5349 2980 5399 tt,
3016 5333 3103 5386 16.
3184 5330 3229 5360 ³⁸
3257 5326 3297 5382 Il
3321 5326 3447 5383 Cor.
3480 5343 3544 5393 ιι,
3582 5328 3671 5382 11.

2095 5498 2299 5570 Spiritu
2331 5507 2543 5570 sancto.
2593 5515 2610 5547 ι

2167 5571 2281 5637 (89)
2314 5569 2381 5622 Et
2424 5570 2497 5621 uti
2541 5568 2781 5635 praecepit
2805 5566 2963 5642 {esus
2990 5566 3120 5642 [iliis
3144 5563 3343 5642 Israel,
3370 5572 3425 5642 ut
3447 5563 3514 5617 de
3538 5579 3673 5642 (ητα-

2096 5633 2320 5694 themate
2368 5656 2469 5692 non
2511 5633 2794 5714 sumerent.
2827 5637 2952 5714 Ilmc
2992 5633 3383 5714 desiderantur
3409 5633 3673 5714 in_trihus

2095 5712 2618 5779 tuss.Sangertuau.,
2659 5706 2923 5779 Gemetic.
2954 5716 3007 5761 ct
3039 5720 3145 5758 uno
3173 5705 3512 5759 Ebroiccusi.

2168 5780 2277 5853 (90)
2318 5778 2599 5852 sangerm.
2643 5797 2661 5831 ι
2701 5778 2941 5848 regulam
2975 5790 3215 5831 auream.
3252 5791 3272 5825 ι
