4146 6418
451 386 549 443 857

1442 381 1508 436 lN
1548 379 1810 437 LIBRUM
1842 376 2008 434 JESU
2041 376 2226 432 NAVE
2252 377 2535 437 liOMlLlA
2567 378 2680 433 Vll.

3601 385 3704 440 858

450 511 592 563 cnim
620 523 676 562 ut
701 505 951 561 tubarum
978 502 1204 574 clangor
1228 502 1523 573 increpuit,
1563 518 1842 558 murorum
1881 501 2032 567 deje-
2060 503 2104 560 Α
2135 500 2227 553 sed
2265 517 2431 554 unum
2464 499 2833 555 tantummodo
2857 500 3128 557 hominem
3161 502 3289 559 facit
3327 503 3562 561 beatum.
3611 508 3702 564 Sic

448 611 568 655 ctus
591 609 675 653 est
701 598 955 653 ambitus.
986 597 1306 651 Dixeramus
1350 596 1514 650 etiam
1559 604 1614 647 et
1663 595 1837 665 prius,
1881 594 2026 662 quod

446 690 664 748 Jerieho
685 691 913 743 formam
938 687 1118 744 saeculi
1149 688 1432 757 praesentis
1460 686 1728 747 obtineat,
1752 686 1904 750 cujus
1941 699 2027 737 ro-

454 787 554 837 bur
574 794 630 837 et
657 781 993 836 munimenta
1016 779 1444 836 sacerdotalibus
1475 779 1618 832 tubis
1639 777 1884 830 videmus
1905 789 2027 829 esse

447 878 747 929 destructa.
793 873 1053 927 Firmitas
1110 886 1346 940 namque
1377 880 1430 925 et
1458 870 1790 924 munimenta
1827 868 2025 935 quibus

447 967 593 1021 velut
620 966 793 1020 muris
830 967 1061 1019 mundus
1092 965 1193 1019 iste
1239 964 1517 1018 nitebatur
1569 961 1706 1031 (91),
1758 959 2021 1014 idolorum

447 1060 625 1115 cultus
661 1070 799 1125 erat,
849 1058 1244 1112 divinationum
1292 1056 1509 1111 fallacia
1556 1064 1674 1108 arte
1717 1053 2019 1106 daemonum

448 1149 779 1211 ministrata,
817 1162 1082 1218 augurum
1128 1156 1290 1216 atque
1328 1144 1670 1213 aruspicum,
1716 1154 2021 1209 magorum-

442 1255 550 1308 que
574 1248 901 1305 commenta,
929 1239 1124 1308 quibus
1146 1238 1396 1292 omnibus
1427 1236 1575 1291 velut
1600 1234 1769 1289 muris
1802 1231 2020 1286 validis-

397 1316 405 1324 .
443 1333 598 1387 simis
627 1332 973 1386 ambiebatur
1011 1333 1098 1386 hic
1149 1331 1405 1385 mundus.
1447 1329 1673 1398 Insuper
1711 1329 1875 1383 etiam
1935 1329 2017 1381 di-

444 1428 613 1482 versis
647 1427 1086 1497 philosophorum
1110 1424 1273 1496 412
1306 1424 1651 1493 dogmatibus
1694 1432 1748 1478 et
1776 1421 2019 1476 eminen-

446 1518 669 1574 tissimis
706 1518 1100 1573 assertionibus
1122 1530 1186 1570 ac
1214 1514 1672 1584 disputationibus
1705 1513 1844 1585 (92),
1874 1513 2019 1568 velut

440 1610 685 1680 proceris
742 1610 1063 1681 quibusdam
1106 1620 1161 1665 et
1201 1609 1435 1663 robustis
1469 1607 1711 1662 turribus
1761 1607 2017 1661 ﬁrmabav

440 1711 545 1755 tur.
580 1698 818 1755 Veniens
858 1714 992 1756 vero
1040 1700 1306 1755 Dominus
1334 1708 1519 1754 noster
1551 1698 1709 1753 Jesus
1739 1697 2013 1765 Christus,

436 1792 708 1862 cujusille
750 1791 900 1862 prior
933 1791 1080 1848 ﬁlius
1130 1790 1278 1846 Nave
1323 1790 1647 1861 designabat
1693 1789 2012 1856 adventum,

436 1884 602 1938 mittit
647 1884 958 1937 sacerdotes
1011 1882 1282 1951 apostolos
1334 1897 1465 1938 suos
1513 1893 1793 1953 portantes
1856 1886 2015 1940 tubas

433 1971 700 2036 ductiles,
752 1971 1157 2041 praedicationis
1211 1972 1558 2041 magniﬁcam
1624 1974 2016 2044 caelestemque

433 2064 760 2119 doctrinam.
819 2064 1164 2121 Sacerdotali
1212 2065 1339 2120 tuba
1370 2065 1584 2133 primus
1623 2066 1677 2120 in
1714 2067 2014 2139 Evangelia

431 2171 532 2209 suo
569 2156 856 2212 Matthaaus
890 2157 1183 2227 increpuit.
1216 2156 1431 2213 Marcus
1486 2172 1722 2229 quoque,
1749 2159 1925 2216 Lucas
1954 2171 2013 2217 et

429 2244 666 2301 Joannes
714 2247 827 2302 suis
852 2247 1083 2317 singulis
1107 2248 1251 2304 tubis
1301 2249 1738 2305 sacerdotalibus
1791 2250 2012 2307 cecine-

431 2352 574 2395 runt.
612 2342 804 2399 Petrus
827 2345 990 2399 etiam
1024 2346 1233 2401 duabus
1260 2345 1758 2418 (95)Epistolarum
1788 2364 2010 2405 suarum

428 2445 689 2504 personat
712 2437 881 2492 tubis.
910 2437 1148 2494 Jacobus
1173 2455 1391 2509 quoque
1418 2449 1475 2495 et
1500 2439 1688 2496 Judas.
1718 2442 1882 2497 Addit
1927 2443 2010 2496 ui-

428 2528 721 2583 hilominus
753 2529 932 2584 adhuc
960 2538 1015 2585 et
1060 2530 1298 2587 Joannes
1328 2532 1455 2587 tuba
1504 2546 1705 2588 canere
1751 2549 1848 2603 per
1881 2534 2008 2604 Epi-

425 2621 593 2674 stolas
633 2636 761 2677 suas
801 2631 856 2677 et
900 2622 1308 2695 Apocalypsim,
1340 2633 1397 2679 et
1422 2624 1598 2681 Lucas
1638 2626 2006 2695 apostolorum

424 2717 575 2774 gesta
610 2709 946 2766 describens.
982 2710 1293 2767 Novissime
1318 2722 1499 2767 autem
1527 2714 1618 2769 ille
1645 2716 1892 2782 veniens,
1916 2716 2007 2786 qui

424 2798 568 2853 dixit
598 2799 645 2836 ³⁷
687 2819 701 2855 :
743 2820 762 2853 ι
805 2802 943 2857 Puto
976 2812 1160 2858 autem
1189 2819 1290 2860 nos
1321 2804 1467 2861 Deus
1501 2806 1831 2863 novissimos
1876 2823 2008 2877 apo-

422 2890 596 2946 stolos
622 2895 882 2964 ostendit,
915 2915 935 2947 ι
974 2906 1029 2952 et
1071 2898 1124 2951 in
1171 2900 1590 2968 quatuordecim
1645 2900 2002 2977 epistolarum

423 2996 645 3037 suarum
685 2985 978 3044 lulminans
1004 2990 1168 3057 tubis,
1209 3006 1397 3046 muros
1431 2990 1675 3057 .lericbo,
1718 3002 1772 3046 et
1813 3008 2005 3049 omnes

424 3072 751 3131 idololatriae
809 3080 1114 3145 machinas,
1164 3091 1220 3137 et
1262 3082 1711 3152 philosophorum
1747 3085 2000 3153 dogmata

425 3180 596 3237 usque
638 3171 704 3224 ad
735 3170 1086 3227 fundamenta
1112 3173 1330 3243 deiecit.

493 3261 548 3313 2.
576 3260 751 3316 Movet
779 3276 863 3315 me
887 3278 1016 3319 sane
1042 3265 1205 3320 etiam
1239 3266 1367 3321 illud
1382 3267 1524 3338 quod
1551 3267 1780 3324 historia
1811 3268 1999 3337 refert,

420 3352 546 3422 quia
580 3369 687 3408 non
720 3355 893 3409 solum
931 3358 1244 3413 sacerdotes
1269 3359 1412 3415 tubis
1433 3360 1772 3426 cecinerunt,
1810 3371 1868 3415 ut
1907 3377 2003 3416 ca—

420 3446 610 3499 derent
642 3447 779 3501 muri
819 3445 1059 3515 Jericho,
1089 3451 1181 3505 sed
1209 3460 1263 3505 et
1303 3453 1487 3508 audita
1528 3468 1663 3509 voce
1695 3454 1835 3508 tuba:
1866 3454 2002 3509 dici-

421 3545 507 3589 tur
536 3538 826 3593 universns
856 3541 1086 3609 populus
1123 3541 1360 3598 ululasse
1394 3543 1602 3598 ululatu
1634 3559 1853 3612 magno,
1893 3547 1999 3610 vel,

418 3629 560 3683 sicut
594 3630 647 3683 in
679 3630 800 3685 aliis
830 3633 1237 3702 exemplaribus
1259 3635 1517 3701 habetur,
1539 3634 1803 3703 jubilasse
1832 3638 2004 3705 jubilo

421 3735 634 3790 magno.
673 3721 734 3775 Et
765 3726 1017 3792 quamvis
1041 3726 1141 3780 iste
1169 3740 1350 3782 sermo
1374 3726 1674 3798 improprie
1712 3730 2005 3786 translatus

414 3824 538 3867 esse
563 3812 832 3881 videatur,
857 3815 1175 3887 ἀλαλαγμός
1204 3820 1347 3874 enim
1400 3821 1455 3875 in
1502 3822 1694 3877 Graeco
1739 3824 2001 3893 scriptum

417 3910 524 3965 est,
554 3902 696 3970 quod
748 3918 922 3971 neque
960 3906 1215 3974 jubilum,
1263 3924 1439 3980 neque
1487 3910 1750 3966 ululatum
1789 3915 2005 3983 preprie

420 3991 717 4061 signiﬁcat,
748 3994 844 4047 sed
873 3993 1019 4048 illam
1044 3997 1220 4067 magis
1242 4000 1475 4055 ostendit
1502 4016 1713 4065 vocem,
1741 4018 1847 4072 qua
1877 4003 2003 4059 belli

418 4090 664 4153 tempore
688 4086 965 4141 exercitus
987 4086 1279 4144 clamorem
1300 4105 1598 4148 consonum
1633 4092 1853 4159 tollens,
1878 4110 2006 4149 una-

419 4175 641 4231 nimiter
663 4192 784 4232 sese
813 4180 1088 4236 cohortari
1117 4183 1185 4237 ad
1212 4182 1456 4252 praelium
1485 4184 1624 4240 solet
1651 4203 1666 4240 :
1704 4194 1884 4240 tamen
1914 4187 2004 4241 hic

418 4284 605 4325 sermo
635 4270 686 4324 in
723 4270 1019 4341 Scripturis
1058 4273 1314 4341 jubilatio
1347 4277 1523 4343 magis
1567 4293 1729 4347 quam
1780 4279 2006 4334 ululatio

416 4362 701 4418 consuevit
726 4363 972 4431 inscribi,
1001 4375 1060 4419 ut
1083 4366 1154 4421 ibi
1178 4366 1227 4399 ³⁸
1254 4382 1267 4418 :
1302 4385 1321 4419 ‹
1356 4366 1592 4423 Jubilate
1611 4368 1864 4436 Domino,
1889 4385 2006 4425 om-

417 4454 501 4509 nis
554 4464 724 4511 terra.
764 4474 783 4508 ι
816 4454 882 4511 Et
935 4456 1135 4512 iterum
1183 4458 1225 4490 ³⁹
1272 4474 1345 4511 :t
1403 4459 1602 4515 Beatus
1656 4461 1887 4531 populus
1912 4464 2001 4530 qui

2128 593 2271 646 enim
2313 593 2448 647 dicit
2476 592 2522 625 ⁸ο
2559 609 2572 644 :
2606 611 2623 642 ι
2668 593 2866 647 Beatus
2892 595 2976 646 vir
3005 595 3097 662 qui
3145 596 3298 651 timet
3336 598 3641 655 Dominum.
3676 620 3696 653 ι

2128 682 2269 738 Alibi
2296 684 2459 738 etiam
2487 684 2669 754 plures
2693 683 2829 737 ﬁunt
2861 685 3000 739 beati
3038 686 3107 753 “,
3137 689 3275 743 sicut
3297 704 3560 760 pauperes
3587 692 3700 761 spi-

2126 775 2255 837 ritu,
2295 774 2379 830 vel
2429 776 2719 840 mansueti,
2771 777 2855 832 vel
2910 777 3145 845 paciﬁci,
3180 780 3263 834 vel
3294 782 3478 837 mundi
3512 783 3700 838 corde.

2130 865 2227 921 llic
2250 875 2432 921 autem
2465 866 2746 922 beatitudo
2781 871 3003 937 prol‘usa
3031 881 3136 935 est,
3178 880 3233 925 et
3284 883 3432 928 tanta
3477 874 3565 930 hic
3603 892 3700 931 ne-

2125 962 2242 1015 scio
2277 975 2398 1029 qua:
2431 974 2595 1014 causa
2628 960 2980 1017 beatitudinis
3028 964 3321 1031 indicatur,
3366 974 3425 1019 ut
3473 967 3699 1023 univer~

2123 1067 2241 1105 sum
2297 1052 2505 1121 pariter
2546 1052 2801 1122 populum
2856 1054 3021 1110 faciat
3079 1056 3316 1123 beatum,
3361 1059 3452 1126 qui
3514 1068 3696 1115 tamen

2124 1144 2315 1198 scierit
2362 1142 2764 1211 jubilationem.
2828 1146 2984 1202 Unde
3030 1149 3160 1202 mihi
3193 1149 3406 1203 videtur
3450 1149 3699 1218 jubilatio

2124 1235 2231 1288 ista
2267 1234 2510 1290 indicare
2553 1239 2841 1305 quemdam
2885 1241 3194 1294 concordiae
3238 1252 3291 1295 et
3328 1241 3699 1296 nnanimitatis

2122 1326 2398 1382 allectum.
2425 1328 2525 1394 Qui
2557 1329 2601 1384 si
2634 1329 2834 1385 incidat
2869 1333 2922 1385 in
2951 1332 3088 1387 duos
3121 1332 3205 1386 vel
3235 1342 3347 1388 tres
3381 1333 3580 1389 Christi
3618 1336 3699 1388 di-

2119 1419 2378 1487 scipulos,
2397 1421 2583 1475 omnia
2608 1437 2945 1492 quacunque
2973 1424 3231 1492 petierint
3258 1426 3310 1479 in
3343 1426 3560 1481 nomine
3586 1426 3700 1481 Sal-

2120 1512 2347 1578 vatoris,
2383 1522 2605 1582 praestat
2648 1515 2728 1569 eis
2762 1514 2924 1569 Pater
2950 1515 3210 1571 ccelestis.
3254 1516 3310 1572 Si
3362 1534 3490 1573 vero
3547 1527 3695 1572 tanta

2120 1604 2283 1659 fuerit
2312 1605 2610 1669 beatitudo,
2664 1616 2723 1659 ut
2776 1609 3062 1662 universus
3110 1610 3341 1679 populus
3390 1625 3617 1666 concors
3642 1621 3697 1665 ct

2119 1697 2395 1753 unanimis
2430 1708 2671 1763 maneat,
2708 1707 2764 1751 ut
2794 1700 2981 1754 eadem
3008 1701 3196 1755 dicant
3222 1704 3480 1757 omnesin
3504 1707 3694 1759 eodem

2121 1800 2283 1842 sensu
2343 1798 2507 1859 atque
2540 1790 2593 1843 in
2637 1790 2825 1845 eadem
2861 1794 3126 1846 sententia
3158 1804 3560 1862 permanentes,
3594 1795 3696 1849 isto

2047 1855 2090 1910 Β
2122 1879 2211 1934 tali
2246 1855 2441 1949 popqu
2476 1897 2666 1936 vocem
2701 1883 3033 1937 unanimiter
3060 1855 3331 1950 elevante,
3364 1885 3454 1939 ﬁet
3483 1855 3596 1955 (95)
3628 1887 3693 1939 il-

2117 1974 2207 2030 lud
2237 1975 2377 2043 quod
2406 1976 2672 2043 scriptum
2708 1984 2793 2029 est
2834 1976 2886 2029 in
2935 1976 3167 2032 Actibus
3205 1978 3578 2046 apostolorum
3626 1980 3695 2045 δ’,

2115 2066 2246 2137 quia
2275 2076 2434 2121 terra:
2473 2074 2651 2121 motus
2677 2067 2851 2123 factus
2878 2078 2963 2122 est
2986 2084 3234 2139 magnus,
3267 2072 3356 2125 ubi
3399 2080 3524 2125 tunc
3559 2088 3694 2125 una-

2116 2157 2291 2211 nimes
2331 2155 2565 2211 orabant
2598 2157 2825 2227 apostoli
2874 2172 2997 2212 cum
3041 2158 3384 2222 mulieribus,
3420 2168 3474 2214 et
3524 2160 3692 2214 Maria

2116 2256 2288 2303 matre
2326 2247 2452 2303 Jesu
2484 2263 2499 2300 :
2530 2258 2585 2302 et
2623 2257 2781 2301 terrae
2831 2258 2983 2302 motu
3032 2247 3181 2303 facto
3222 2252 3586 2316 destruentnr,
3637 2260 3694 2305 et

2113 2342 2312 2398 cadent
2341 2342 2521 2396 omnia
2570 2356 2691 2412 quae
2728 2351 2945 2396 terrena
2976 2351 3124 2410 sunt,
3174 2357 3239 2398 ac
3286 2345 3517 2399 mundus
3576 2345 3694 2415 ipse

2113 2436 2487 2491 subvertetur.
2515 2433 2656 2488 Audi
2683 2434 2917 2503 denique
2942 2434 3231 2488 Dominum
3264 2444 3317 2490 et
3349 2434 3689 2494 Salvatorem

2112 2540 2360 2585 nostrum
2396 2527 2462 2582 ad
2504 2526 2605 2581 hoc
2638 2526 2813 2597 ipsum
2867 2542 2997 2581 suos
3046 2526 3247 2581 milites
3291 2529 3692 2598 cohortantem,

2111 2622 2383 2693 quomodo
2416 2618 2654 2675 dicit“:
2694 2637 2710 2670 ι
2761 2618 3057 2684 Conﬁdite,
3078 2633 3179 2687 ego
3205 2618 3308 2673 vici
3340 2621 3621 2675 mundum.
3668 2642 3689 2675 ι

2108 2716 2204 2770 lllo
2233 2730 2364 2786 ergo
2394 2714 2528 2768 duce
2556 2712 2669 2778 jam
2705 2712 2860 2767 nobis
2884 2713 3059 2766 vietus
3076 2720 3160 2766 est
3187 2711 3446 2775 mundus,
3469 2721 3524 2767 et
3553 2715 3689 2768 muri

2106 2810 2223 2878 ejus
2246 2807 2468 2877 collapsi
2504 2817 2653 2870 sunt,
2686 2804 2884 2874 quibus
2932 2803 3182 2858 homines
3210 2803 3396 2858 smculi
3446 2804 3694 2859 niteban-

2107 2908 2219 2956 tur.
2269 2900 2374 2954 Sed
2408 2908 2463 2954 et
2494 2898 2863 2966 unusquisque
2900 2906 3146 2951 nostrum
3197 2896 3359 2950 debet
3405 2897 3455 2948 in
3491 2906 3691 2951 semet-

2108 2994 2225 3063 ipso
2275 2994 2373 3047 ista
2416 2990 2711 3061 complere.
2758 2990 2934 3042 llabes
2974 2988 3029 3041 in
3061 2996 3114 3040 te
3139 2985 3324 3041 Jesum
3368 2987 3557 3042 ducem
3594 3003 3692 3056 per

2106 3085 2291 3149 ﬁdem,
2317 3086 2403 3139 fac
2428 3084 2520 3138 tibi
2553 3083 2712 3137 tubas
2741 3080 2994 3143 ductiles,
3048 3080 3089 3133 si
3146 3079 3406 3134 sacerdos
3440 3093 3531 3144 es;
3583 3080 3693 3134 imo

2032 3194 2077 3255 ρ
2110 3179 2234 3249 quia
2262 3178 2517 3232 sacerdos
2551 3191 2610 3231 es
2648 3174 2804 3245 (gens
2832 3173 2976 3228 enim
3016 3172 3212 3241 regalis
3257 3170 3483 3226 effectus
3508 3187 3588 3237 es,
3625 3180 3680 3227 et

2110 3273 2476 3327 sacerdotium
2527 3278 2827 3325 sanctum:
2880 3266 2944 3320 de
2981 3276 3031 3322 te
3081 3265 3224 3320 enim
3273 3265 3533 3334 scriptum
3586 3266 3691 3334 est)

2113 3367 2195 3419 fac
2248 3364 2340 3417 tibi
2395 3363 2550 3417 tubas
2600 3361 2832 3417 ductiles
2866 3358 2979 3430 (96)
3012 3373 3078 3412 ex
3125 3356 3427 3427 Scripturis
3468 3358 3688 3423 sanctis,

2112 3458 2236 3511 inde
2262 3457 2366 3511 duc
2390 3470 2607 3523 sensus,
2635 3454 2762 3510 inde
2789 3466 3090 3515 sermones,
3127 3460 3405 3519 propterea
3432 3450 3585 3503 enim
3609 3458 3692 3503 tu-

2113 3552 2194 3606 ba:
2236 3548 2463 3603 ductiles
2506 3546 2868 3617 appellantur.
2901 3542 2958 3597 in
3013 3542 3143 3612 ipsis
3191 3556 3363 3603 cane,
3411 3540 3463 3594 id
3513 3550 3596 3595 est
3637 3541 3689 3592 in

2112 3642 2340 3712 psalmis
2374 3650 2429 3696 et
2458 3639 2696 3711 hymnis,
2726 3639 2779 3693 in
2810 3637 3044 3692 canticis
3071 3632 3413 3705 spiritalibus
3449 3647 3605 3698 cane,
3631 3632 3684 3687 in

2110 3733 2442 3805 propheticis
2460 3730 2836 3796 sacramentis,
2859 3730 2912 3785 in
2932 3728 3210 3800 mysteriis
3227 3726 3381 3796 legis,
3404 3724 3456 3778 in
3476 3734 3692 3793 aposto-

2112 3828 2232 3883 licis
2281 3825 2626 3898 dogmatibus
2667 3838 2822 3880 cane.
2876 3823 2942 3877 Et
2975 3824 3023 3879 si
3073 3825 3127 3877 in
3181 3823 3385 3879 talibus
3418 3822 3691 3879 cecineris

2113 3918 2279 3982 tubis,
2306 3926 2360 3971 et
2385 3916 2586 3983 septies
2611 3929 2795 3969 arcam
2823 3913 3154 3969 Testameuti
3180 3913 3600 3979 circumtuleris,
3636 3911 3689 3965 id

2112 4020 2217 4078 est,
2247 4008 2293 4064 si
2344 4008 2479 4077 legis
2527 4006 2756 4077 mystica
2792 4015 3059 4075 praecepta
3106 4005 3175 4060 ab
3221 4003 3552 4072 evangelieis
3582 4016 3688 4056 non

2111 4115 2332 4171 separes
2363 4099 2508 4153 tubis
2539 4113 2553 4150 :
2581 4100 2627 4152 si
2653 4097 2814 4150 etiam
2837 4095 3180 4165 jubilationis
3212 4103 3537 4150 concentum
3564 4092 3679 4162 (97)

2112 4195 2179 4250 de
2204 4193 2488 4261 temetipso
2518 4190 2727 4259 exigas,
2756 4191 2804 4244 id
2828 4199 2913 4243 est
2940 4187 3328 4257 cogitationum
3353 4197 3407 4242 et
3430 4200 3686 4241 sensuum

2115 4297 2328 4343 tuorum
2357 4284 2584 4355 populus
2611 4284 2701 4353 qui
2728 4283 2871 4337 intra
2904 4291 2955 4337 te
2991 4290 3097 4345 est,
3119 4281 3442 4337 concordem
3476 4295 3689 4349 semper

2111 4389 2168 4433 et
2204 4390 2502 4433 consonam
2530 4373 2771 4444 proferat
2806 4388 3013 4438 vocem,
3044 4383 3100 4427 et
3128 4388 3234 4427 non
3265 4370 3555 4442 aliquando
3599 4386 3687 4425 ve-

2115 4483 2234 4523 rum
2268 4466 2442 4530 dicas,
2499 4464 2792 4534 aliquando
2848 4478 3096 4533 personae
3140 4462 3380 4531 potentis
3440 4461 3688 4515 adulatus

414 4550 517 4605 scit
567 4547 965 4618 jubilationem.
1003 4569 1021 4602 ι
1072 4551 1225 4619 Quod
1252 4554 1414 4608 etiam
1475 4569 1560 4609 me
1606 4564 1886 4625 permovet
1914 4556 2000 4611 di-

2110 4560 2396 4617 mendacio
2427 4556 2744 4621 maculeris,
2781 4557 2824 4611 si
2857 4572 2960 4610 non
2996 4566 3047 4611 te
3086 4556 3384 4625 aliquando
3433 4552 3687 4607 blandqu

415 4649 584 4704 ctum,
616 4643 745 4712 quid
797 4642 938 4697 istud
971 4652 1178 4699 tantum
1209 4647 1283 4700 sit
1321 4646 1500 4715 operis
1528 4645 1641 4718 (94)
1671 4648 1815 4717 quod
1867 4648 1995 4702 bea-

418 4741 528 4786 tum
555 4734 807 4804 populum
842 4734 1023 4790 faciat.
1057 4736 1173 4791 Non
1211 4739 1367 4799 dixit,
1397 4739 1521 4808 quia
1549 4741 1740 4795 beatus
1765 4741 1996 4811 populus

418 4824 505 4891 qui
532 4825 638 4877 scit
661 4826 940 4893 mysteria,
967 4828 1051 4881 vel
1075 4829 1166 4897 qui
1194 4830 1295 4883 scit
1324 4830 1444 4885 C(Bli
1481 4846 1543 4885 ac
1584 4840 1741 4886 terrae
1768 4842 1822 4887 et
1850 4832 1997 4887 side-

420 4934 537 4972 rum
564 4917 830 4971 rationem
864 4934 877 4971 :
929 4923 1022 4973 sed
1057 4938 1076 4972 ε
1129 4920 1343 4989 beatus,
1396 4924 1596 4992 inquit,
1637 4926 1869 4994 populus
1908 4928 1999 4996 qui

417 5009 520 5063 scit
542 5006 944 5074 jubilationem.
981 5028 998 5062 ι
1030 5009 1085 5065 In
1116 5013 1237 5069 aliis
1274 5016 1437 5070 timor
1466 5015 1558 5071 Dei
1596 5017 1808 5072 beatum
1838 5018 1988 5082 facit,

2098 4653 2349 4711 remissio
2374 4652 2559 4716 iaciat,
2608 4650 2903 4720 aliquando
2955 4649 3236 4706 iracundia
3283 4647 3679 4708 truculentum,

2100 4747 2144 4802 si
2181 4760 2286 4801 non
2323 4758 2590 4813 arrogans
2616 4757 2742 4811 erga
2769 4742 3034 4807 modicos,
3054 4750 3110 4796 et
3132 4741 3271 4811 apud
3294 4739 3561 4809 superbos
3592 4738 3688 4791 hu-

2103 4840 2247 4895 milis
2280 4838 2599 4903 inveniaris,
2641 4836 2875 4903 denique
2907 4835 2951 4888 si
2982 4849 3085 4888 non
3112 4849 3288 4903 pugna
3326 4833 3470 4887 intra
3501 4841 3553 4886 te
3593 4846 3687 4901 ge-

2109 4933 2271 4999 ritur,
2298 4931 2424 4984 dum
2474 4930 2811 4999 concupiscit
2852 4941 2983 4981 caro
3024 4929 3287 4981 adversus
3325 4925 3596 4995 spiritum,
3631 4930 3687 4977 et

2103 5022 2329 5091 spiritus
2352 5021 2611 5076 adversus
2633 5035 2895 5076 carnem:
2934 5019 2976 5074 si
3011 5019 3125 5074 haec
3160 5018 3300 5072 intra
3339 5014 3522 5084 tejam
3555 5030 3685 5069 con-

487 5172 529 5206 "
549 5174 706 5230 lCor.
734 5189 809 5241 tv,
835 5174 889 5231 9.
952 5176 997 5207 ³⁸
1020 5174 1164 5233 Psal.
1190 5192 1241 5245 c,
1267 5178 1319 5233 1.
1384 5180 1428 5212 ³⁹
1451 5179 1597 5237 Psal.
1618 5139 1842 5250 nam,
1873 5182 1959 5238 16.

2109 5184 2210 5239 'sal.
2238 5199 2371 5240 exn.
2402 5185 2453 5238 1.
2511 5182 2847 5240 uMatth.v.
2909 5184 3161 5252 “Act.i.
3220 5178 3682 5245 “Joan.xvt,35.

485 5333 597 5405 (9|)
629 5333 739 5389 Iste
768 5336 1047 5390 nitebatur.
1080 5337 1228 5393 Unus
1261 5339 1639 5397 Ebroicensis:
1681 5362 1700 5395 ι
1741 5343 1842 5399 iste
1869 5355 1989 5400 uteo

416 5406 599 5461 batur.
640 5424 659 5456 ι
695 5406 1092 5462 Gemetieensis
1132 5427 1145 5463 :
1177 5428 1196 5460 ι
1240 5410 1649 5468 instituebatur.
1684 5434 1701 5466 ι

378 5498 381 5499 ν
483 5474 596 5546 (92)
627 5474 807 5529 Codex
855 5475 1247 5534 Gemeticensis
1281 5496 1404 5533 cum
1455 5498 1562 5535 uno
1606 5484 1933 5540 Ebruicensi
1975 5506 1986 5540 :

416 5564 445 5615 «ν
474 5548 864 5599 assertionibus
897 5548 1343 5615 disputationum.
1380 5570 1400 5603 ι
1456 5553 1579 5608 Mox
1617 5553 1760 5609 idem
1786 5554 1986 5611 Geme-

412 5614 506 5669 tic.
545 5633 564 5664 ι
606 5616 751 5670 velut
787 5614 1124 5683 proceribus.
1169 5638 1189 5673 ι

481 5686 591 5754 (95)
620 5686 858 5739 Duabus.
887 5688 1280 5745 Gcmcticensis
1313 5710 1325 5744 :
1364 5711 1383 5742 ι
1419 5708 1484 5746 ex
1514 5692 1703 5749 tribus.
1746 5715 1764 5747 ι

482 5754 595 5896 (94)
627 5756 769 5810 idem
808 5773 820 5808 :
858 5775 876 5808 ι
917 5760 1047 5813 tanti
1078 5760 1150 5813 sit
1178 5762 1379 5830 operis.
1419 5781 1436 5813 ›

486 5826 573 5894 (95
620 5825 761 5882 ldcm
798 5845 809 5881 :
857 5845 876 5880 t
909 5828 999 5885 isti
1036 5829 1198 5887 tali...
1234 5833 1436 5888 elevant

486 5825 595 5894 (95)
620 5825 761 5882 ldcm
798 5845 809 5881 :
857 5845 876 5880 t
909 5828 999 5885 isti
1036 5825 1470 5888 tali...'elevanti
1500 5833 1612 5889 ﬁet.
1654 5853 1673 5887 ι

2173 5346 2284 5415 (96)
2324 5345 2383 5400 Si
2426 5348 2673 5399 sacerdos
2703 5361 2779 5410 es,
2820 5346 2925 5399 imo
2971 5346 3113 5417 quia,
3143 5346 3389 5417 sacerdos
3438 5358 3513 5405 es,
3553 5356 3678 5417 gens

2098 5412 2235 5470 enim
2268 5412 2467 5485 regalis
2500 5417 2714 5485 c/Tectus
2755 5432 2831 5478 es,
2861 5427 2909 5469 et
2930 5412 3281 5470 sacerdotium
3304 5420 3583 5485 sanctum}:
3613 5412 3677 5463 de

2098 5497 2146 5540 te
2172 5488 2312 5540 enim
2336 5479 2609 5553 'scriptitm
2635 5496 2712 5539 est
2738 5505 2757 5543 :
2784 5485 2898 5537 Fac
2932 5487 3028 5538 tibi
3075 5486 3226 5537 tubas
3274 5482 3514 5553 ductiles.
3546 5479 3670 5533 ΙΙωο

2096 5559 2275 5609 omnia
2310 5551 2688 5611 desiderantur
2719 5557 2770 5609 in
2804 5555 2958 5609 libris
2986 5564 3145 5609 antea
3180 5553 3371 5616 editis,
3399 5551 3493 5605 sed
3522 5564 3670 5620 repe-

2099 5627 2316 5680 riuntur
2350 5627 2400 5680 in
2430 5627 2686 5680 omnibus
2717 5641 2845 5679 mss.

2168 5698 2279 5768 (97)
2315 5697 2522 5750 Gemet.
2579 5707 2633 5750 et
2689 5711 2829 5768 unus
2879 5691 3268 5768 Ebroicensis:
3308 5709 3327 5743 ‹
3376 5691 3470 5746 sed
3508 5690 3670 5768 etiam

2074 5760 2412 5832 jtthilatiouis
2441 5769 2506 5821 de
2544 5766 2830 5832 temetipso
2853 5765 3040 5829 exigas
3076 5772 3422 5818 concentum.
3465 5780 3483 5814 ι
3508 5760 3669 5814 Libb.

2081 5838 2210 5892 editi
2240 5854 2338 5907 pro
2372 5854 2391 5891 tl
2422 5847 2805 5897 concentum,»
2843 5835 3043 5891 habent
3084 5851 3102 5884 ‹
3140 5848 3490 5889 consensum.
3528 5851 3547 5883 ι
