4146 6442
422 370 528 425 £59

1916 358 2239 417 OlllGENlS

3599 386 3703 444 860

424 490 623 537 sonant
667 490 723 536 et
771 481 1131 546 concordant,
1166 492 1355 537 vocem
1398 478 1747 550 jubilationis
1790 480 2004 542 emitte,
2034 479 2080 533 Α
2110 479 2296 534 thema
2331 480 2409 551 ('5)
2442 483 2494 538 in
2529 484 2808 545 Ecclesiae
2840 489 3222 552 introducunt.
3253 496 3359 566 Qui
3419 500 3487 558 de
3532 515 3704 563 astro-

425 576 682 645 quuniam
723 576 817 629 tibi
852 577 1164 631 destructus
1210 586 1266 631 et
1324 575 1571 644 deiectus
1620 583 1707 629 est
1753 575 2008 628 mundus.

427 670 600 733 Talis,
632 670 843 739 opinor,
874 681 989 725 erat
1018 670 1129 734 ille,
1168 670 1258 737 qui
1291 668 1630 723 conﬁdenter
1660 668 1882 723 dicebat
1914 669 1959 698 “
1994 685 2007 720 :

432 784 450 814 ι
489 764 616 819 Mihi
659 778 839 819 autem
888 765 1032 817 absit
1059 765 1310 833 gloriari,
1354 764 1456 819 nisi
1505 762 1558 816 in
1590 777 1750 816 cruce
1796 760 2009 815 Domini

426 858 598 913 nostri
634 857 744 929 (98)
788 857 913 912 Jesu
963 857 1187 921 Christi,
1251 875 1347 926 per
1379 872 1540 927 quem
1592 854 1723 909 mihi
1777 858 2012 913 mundus

425 950 722 1005 cruciﬁxus
754 958 858 1014 est,
884 959 1063 1020 et‘ego
1089 952 1309 1003 mundo.
1348 968 1367 999 ι

494 1039 547 1097 ὅ.
587 1040 780 1095 Adhuc
814 1056 899 1095 me
930 1049 1109 1095 tamen
1156 1047 1339 1093 movet
1370 1040 1575 1110 aliquid
1627 1042 1679 1097 in
1739 1041 1882 1106 loco,
1914 1056 2013 1110 pa-

427 1148 548 1186 rum
582 1132 714 1186 mihi
767 1133 1008 1188 sensisse
1057 1133 1246 1187 videor
1286 1133 1353 1186 de
1385 1134 1736 1201 juhilatione,
1783 1137 2012 1193 humilia

427 1225 634 1280 dixisse
668 1226 733 1280 de
777 1228 1010 1296 magnis.
1059 1226 1113 1281 In
1165 1230 1398 1284 adventu
1432 1228 1559 1285 Jestt
1609 1229 1748 1283 mttri
1793 1228 2014 1285 Iericho

426 1319 676 1374 subversi
715 1329 862 1382 sunt,
900 1320 954 1373 in
994 1321 1225 1377 adventu
1254 1324 1356 1377 mei
1391 1323 1601 1377 Domini
1626 1322 1752 1379 Jesu
1783 1323 2015 1378 mundus

428 1413 685 1466 vincitur.
710 1412 991 1479 Quomodo
1011 1425 1188 1470 tamen
1218 1417 1456 1472 vincitur
1478 1418 1735 1481 mundus,
1761 1418 1903 1472 seire
1922 1432 2013 1473 ve-

427 1503 522 1557 lim
542 1505 908 1572 manifestius,
939 1517 990 1561 et
1020 1507 1252 1565 lucidius
1274 1509 1578 1577 intelligere
1597 1510 2011 1579 qnzedicuntur.

424 1596 589 1668 413
622 1598 752 1653 Volo
778 1614 907 1670 ergo
928 1616 1028 1671 ego
1054 1600 1171 1668 ipse
1209 1604 1298 1667 qui
1349 1602 1517 1655 doceo
1553 1617 1672 1665 vos.
1718 1603 1994 1658 vobiscum

426 1691 638 1757 pariter
678 1691 913 1747 discere.
964 1692 1398 1751 Paulunrnobis
1441 1699 1809 1754 communiter
1861 1699 2019 1754 adhi-

424 1779 649 1835 beamus
680 1783 1021 1851 magistrum.
1060 1784 1178 1853 ipse
1204 1796 1289 1840 est
1336 1789 1481 1843 enim
1536 1800 1869 1863 symmystes
1900 1789 2014 1863 (99)

423 1870 647 1937 Christi,
675 1873 771 1942 qui
791 1874 951 1929 nobis
983 1876 1154 1944 possit
1180 1876 1423 1934 indicare
1451 1881 1725 1949 quomodo
1756 1881 2015 1937 Christus

425 1963 620 2019 vicerit
667 1966 949 2022 mundum.
1001 1968 1138 2022 Audi
1186 1984 1317 2039 ergo
1383 1974 1559 2042 ipsum
1609 1974 1879 2029 dicentem
1912 1974 1957 2007 ⁸⁵
1998 1991 2010 2025 :

431 2076 448 2106 ι
484 2056 638 2123 Quod
664 2068 783 2113 erat
807 2062 1145 2116 contrarium
1182 2066 1365 2130 nobis,
1402 2067 1524 2121 tulit
1563 2067 1691 2121 illud
1721 2069 1787 2123 de
1811 2069 2012 2129 medio.

425 2148 647 2220 alligens
689 2151 819 2206 illud
845 2156 993 2209 cruci
1026 2172 1137 2211 suae
1162 2199 1177 2223 ,
1206 2169 1261 2213 et
1316 2176 1522 2215 exuens
1570 2162 1907 2232 principatus
1961 2171 2017 2215 et

425 2250 725 2308 potestates
784 2248 1140 2316 transduxit,
1183 2251 1355 2306 libere
1421 2253 1764 2322 triumphans
1814 2269 1910 2308 eos
1958 2253 2011 2306 in

424 2338 573 2411 ligno
596 2342 802 2396 crucis.
842 2364 860 2395 ι
894 2345 971 2399 Ex
1023 2347 1107 2401 his
1139 2364 1270 2418 ergo
1325 2350 1510 2405 verbis
1571 2351 1700 2405 illttd
1752 2352 2013 2424 intelltgo,

423 2435 568 2501 quod
598 2434 845 2492 videntes
870 2454 1102 2509 pugnam
1136 2441 1263 2497 Jesu
1292 2443 1547 2499 caelestes
1573 2444 1823 2512 virtutes,
1866 2448 2016 2515 prin-

425 2527 638 2594 cipatus
666 2537 721 2583 et
751 2540 1050 2597 potestates
1090 2537 1400 2591 contrarias
1423 2546 1620 2592 exutas
1653 2541 2017 2606 potestatibus

423 2620 564 2685 suis,
598 2620 876 2690 alligatum
910 2622 1128 2691 fortem,
1189 2638 1243 2681 et
1284 2644 1411 2682 vasa
1448 2631 1568 2700 ejus
1602 2632 1793 2700 diripi,
1836 2634 2017 2689 inere-

424 2725 660 2781 puerunt
694 2717 841 2769 tubis
878 2718 994 2772 suis
1030 2721 1372 2787 etelcstibus,
1424 2725 1551 2793 quia
1599 2724 1819 2795 alligato
1864 2728 2018 2796 prin-

423 2806 544 2873 cipe
571 2806 731 2873 hujus
775 2811 980 2877 mundi,
1024 2811 1203 2867 victus
1235 2826 1320 2868 est
1380 2816 1638 2881 mundus,
1706 2828 1761 2873 et
1826 2833 2014 2872 vocem

420 2896 766 2964 jubilationis
792 2904 867 2972 (l)
901 2904 951 2957 in
996 2906 1272 2976 triumpho
1297 2906 1505 2964 Christi
1534 2911 1778 2965 caelestis
1805 2912 2019 2966 exerci-

426 3002 514 3048 tus
536 2995 703 3049 dedit.
743 2996 879 3052 Vere
912 3015 1044 3068 ergo
1081 3001 1275 3056 beatus
1318 3012 1403 3058 est
1451 3003 1687 3073 populus
1750 3007 2016 3075 gentium,

423 3086 517 3153 qui
548 3088 694 3141 novit
728 3090 888 3144 talem
926 3090 1063 3145 hanc
1092 3091 1470 3159 jubilationem
1520 3096 1763 3152 cu~lestis
1806 3101 2017 3155 exerci-

426 3183 534 3240 tus,
562 3186 618 3231 et
648 3180 740 3246 qui
769 3183 1026 3251 mysteria
1053 3184 1300 3253 agnoscit
1328 3195 1383 3238 et
1415 3187 1615 3242 credit.

500 3268 556 3325 4.
614 3270 721 3325 Sed
753 3273 1039 3328 videamus
1070 3275 1200 3343 quid
1248 3284 1332 3331 est
1361 3278 1505 3346 quod
1562 3279 1613 3332 in
1652 3282 2012 3351 sequentibus

430 3359 722 3417 indicatur.
766 3364 905 3418 Dicit
935 3366 1077 3420 enim
1102 3366 1328 3423 Iesus“
1360 3387 1374 3423 :
1425 3388 1444 3421 ι
1475 3370 1755 3427 Cnstodite
1806 3391 1897 3431 vos
1948 3376 2015 3430 ab

432 3453 808 3523 anathemate,
843 3472 910 3511 ne
959 3458 1097 3513 forte
1123 3461 1527 3530 concupiscatis
1584 3474 1639 3518 et
1680 3466 1885 3522 tollatis
1945 3469 2015 3522 ab

427 3545 798 3614 anathemate,
831 3560 886 3603 et
917 3550 1131 3607 faciatis
1172 3563 1352 3608 castra
1390 3555 1626 3611 ﬁliorum
1677 3558 1837 3614 Israel
1882 3577 2018 3615 ana-

430 3641 636 3709 thema,
664 3650 718 3695 et
740 3644 1038 3699 eonteratis
1068 3659 1169 3700 nos
1210 3654 1266 3699 et
1290 3663 1508 3704 omnem
1544 3667 1873 3724 synagOgam
1908 3653 2018 3709 Do~

433 3733 585 3787 mini.
621 3751 642 3787 ι
675 3734 807 3792 Tale
835 3746 916 3791 est
941 3739 1087 3806 quod
1117 3739 1393 3795 iudicatur
1427 3741 1478 3796 in
1522 3743 1610 3798 his
1650 3746 1832 3801 verbis
1860 3765 1873 3801 :
1925 3748 2020 3802 Vi-

430 3822 557 3879 dete
594 3842 660 3881 ne
683 3827 814 3896 quid
856 3829 908 3883 in
938 3829 1092 3884 vobis
1119 3832 1377 3888 saeculare
1401 3833 1671 3901 habeatis,
1697 3854 1765 3895 ne
1795 3841 2021 3896 srecula-

431 3932 522 3971 res
556 3934 759 3986 mores,
792 3936 860 3977 ne
896 3922 1050 3990 vitia,
1079 3940 1146 3978 ne
1173 3928 1683 3995 tergiversationem
1727 3934 1795 3987 de
1821 3937 2021 3992 saculo

442 4010 718 4068 vobiscum
755 4017 821 4070 ad
854 4015 1153 4072 Ecclesiam
1182 4020 1460 4077 deieratis.
1497 4022 1603 4081 Sed
1630 4026 1920 4081 anathema
1951 4029 2022 4084 sit

441 4105 598 4159 vobis
623 4109 804 4162 omnis
824 4114 1173 4167 conversatio
1231 4114 1528 4171 smcnlaris.
1586 4114 1764 4173 Nolite
1820 4118 2020 4176 divinis

436 4201 990 4268 mnndanamiscere,
1042 4204 1212 4260 nolite
1272 4208 1489 4275 negotia
1538 4209 1720 4264 sazculi
1766 4209 2022 4269 Ecclesia:

433 4291 659 4345 secretis
690 4292 954 4349 inserere.
984 4293 1099 4351 Hoc
1132 4306 1216 4351 est
1255 4299 1399 4366 quod
1423 4307 1478 4354 et
1522 4299 1761 4357 Joannes
1808 4303 2022 4373 Episto-

434 4384 497 4438 lze
529 4400 639 4439 sua:
674 4398 929 4453 personat
959 4388 1085 4443 tuba
1125 4389 1318 4446 dicens
1342 4389 1387 4422 "
1434 4410 1447 4447 :
1517 4410 1535 4444 ι
1568 4392 1747 4450 Nolite
1791 4395 2021 4465 diligere

432 4479 720 4543 tnundutn,
753 4494 932 4549 neque
958 4496 1020 4536 ea
1049 4497 1167 4551 qua:
1197 4482 1248 4536 in
1281 4484 1484 4539 mundo
1514 4497 1693 4541 sunt.»
1723 4488 1789 4542 Et
1818 4486 2023 4547 Paulus

432 4570 687 4627 similiter
727 4570 772 4605 ⁸⁸
822 4588 834 4624 :
899 4592 915 4625 ι
969 4575 1186 4641 Nolite,
1230 4578 1438 4648 inquit,
1503 4582 1840 4638 conformari
1894 4584 2024 4642 huic

433 4663 655 4716 mundo.
698 4683 715 4714 ι
746 4663 849 4731 Qui
881 4666 1024 4722 enim
1051 4670 1166 4725 haec
1195 4669 1422 4737 faciunt,
1463 4676 1743 4744 accipiunt
1769 4677 1837 4733 de
1887 4693 2023 4733 ana-

434 4755 697 4809 themate.
733 4756 840 4812 Sed
875 4768 931 4812 et
979 4758 1055 4814 illi
1098 4763 1214 4831 qui,
1248 4764 1401 4818 verbi
1444 4779 1632 4831 causa,
1690 4784 1811 4824 cum
1860 4771 2023 4826 Chri-

438 4848 607 4902 stiani
635 4849 765 4916 sint,
793 4851 1167 4910 solemnitates
1198 4857 1441 4927 gentium
1468 4858 1543 4931 (2)
1573 4860 1876 4930 celebrant,
1892 4879 2023 4919 ana-

2118 589 2236 628 runt
2267 577 2521 633 cursibus
2550 580 2721 635 vitam
2753 583 3035 642 hominum
3069 598 3123 645 et
3162 602 3314 660 gesta
3363 598 3703 669 perquirunt,

2114 666 2205 735 qui
2243 668 2459 725 volatus
2492 673 2671 730 avium
2699 686 2755 731 et
2787 686 2984 732 caetera
3010 677 3321 748 huiusmodi
3358 701 3480 754 qum
3510 690 3563 745 in
3600 666 3704 747 ste;

2115 758 2238 813 culo
2288 762 2441 830 prius
2489 766 2949 837 observabautur,
3000 771 3310 842 inquirunt,
3367 778 3436 832 de
3487 779 3707 839 Jericho

2115 854 2408 909 anathema
2441 854 2684 913 inferunt
2708 860 2760 914 in
2794 859 3119 929 Ecclesiam,
3150 875 3204 921 et
3237 867 3483 936 pollnunt
3522 884 3703 932 castra

2118 942 2356 1009 Domini,
2381 960 2435 1001 et
2462 948 2603 1004 vinci
2638 951 2846 1009 faciunt
2870 955 3126 1025 populum
3172 958 3286 1015 Dei.
3322 961 3427 1017 Sed
3453 974 3507 1020 et
3531 968 3704 1023 multa

2117 1034 2221 1087 alia
2254 1049 2479 1103 peccata
2508 1052 2635 1098 sunt
2674 1060 2771 1112 per
2800 1062 2921 1112 qua
2951 1051 3241 1106 anathema
3274 1054 3340 1111 de
3370 1054 3589 1113 Jericho
3617 1061 3702 1114 in-

2118 1128 2427 1183 trodtteitur
2477 1134 2527 1187 in
2581 1135 2941 1205 Ecclesium;
2998 1158 3096 1212 per
3144 1160 3265 1214 qua:
3324 1151 3552 1219 populus
3606 1153 3701 1211 Dei

2115 1221 2354 1277 vincitur
2379 1223 2455 1296 (4)
2490 1236 2543 1281 et
2570 1231 2942 1296 prosternitur
2967 1235 3037 1291 ab
3060 1236 3319 1295 inimicis.
3346 1243 3453 1295 Aut
3498 1260 3604 1299 non
3646 1254 3703 1303 et

2116 1314 2412 1382 Apostolus
2447 1319 2562 1376 hrec
2589 1324 2781 1381 eadem
2818 1329 3084 1400 praecipit,
3113 1347 3236 1389 cum
3259 1335 3394 1393 dicit
3418 1338 3463 1372 "
3492 1356 3505 1393 :
3537 1360 3556 1393 ι
3589 1340 3706 1397 Mo-

2117 1405 2296 1461 dicum
2326 1407 2655 1467 fermentum
2690 1422 2862 1472 totam
2889 1435 3125 1481 massam
3154 1427 3503 1497 corrumpit?
3538 1447 3557 1479 ι

2191 1497 2246 1551 5.
2279 1500 2386 1554 Sed
2417 1503 2698 1563 videamus
2728 1508 2841 1578 jam
2878 1526 3025 1567 nunc
3057 1528 3179 1582 quas
3202 1527 3527 1585 sequuntur.
3563 1518 3704 1573 Sub-

2120 1607 2278 1646 versa
2317 1592 2569 1663 Jericho,
2596 1598 2751 1655 Raab
2788 1604 3049 1659 meretrix
3110 1606 3358 1663 salvetur
3408 1609 3545 1664 sola.
3605 1609 3697 1666 Sic

2119 1683 2265 1739 enim
2306 1686 2572 1757 scriptum
2597 1702 2676 1746 est
2702 1693 2772 1750 de
2792 1710 2853 1749 ea
2878 1695 2926 1728 ”
2958 1714 2971 1751 :
3001 1715 3019 1747 ι
3052 1697 3115 1753 Ει
3152 1697 3336 1753 Rahab
3357 1703 3700 1757 meretricem

2124 1787 2177 1832 et
2201 1792 2416 1833 omnem
2444 1780 2663 1837 domum
2699 1787 2870 1854 patris
2901 1788 3018 1859 ejus
3072 1791 3367 1848 viviﬁcavit
3412 1792 3593 1861 Iesus,
3648 1805 3703 1851 et

2120 1870 2331 1940 adiecta
2355 1876 2529 1930 estad
2558 1878 2723 1933 Israel
2771 1894 2945 1949 usque
2994 1882 3047 1936 in
3103 1882 3425 1938 hodiernum
3477 1885 3641 1939 diem.
3676 1905 3695 1939 ι

2122 1963 2322 2018 Vellem
2358 1969 2637 2036 requirere
2661 1984 2691 2021 a
2719 1969 2938 2037 ludatis,
2964 1985 3021 2028 et
3060 1976 3129 2029 ab
3166 1976 3234 2030 iis
3284 1978 3374 2044 qui
3406 1977 3701 2033 Christiani

2116 2058 2335 2125 quidem
2364 2058 2639 2126 dicuntur,
2685 2064 2778 2119 sed
2832 2065 2885 2118 in
2920 2064 3221 2136 Scripturis
3253 2069 3432 2124 adhuc
3482 2086 3701 2125 sensum

2114 2148 2399 2207 Judaicum
2431 2164 2677 2220 servant,
2705 2159 2976 2226 quomodo
3000 2172 3275 2228 exponant
3323 2162 3473 2217 Raab
3523 2178 3701 2218 mere-

2120 2244 2312 2301 tricem
2338 2244 2605 2314 adjectam
2631 2263 2753 2304 esse
2776 2250 2958 2305 domui
2992 2249 3155 2306 Israel
3193 2268 3366 2322 usque
3397 2255 3450 2308 in
3484 2254 3707 2309 hodier-

2118 2354 2245 2391 num
2293 2338 2458 2394 diem.
2515 2338 2800 2404 Quomodo
2844 2341 2997 2399 Raab
3055 2359 3227 2413 usque
3273 2345 3326 2399 in
3380 2344 3704 2401 hodiernum

2118 2432 2263 2485 dimn
2311 2432 2519 2499 adjecta
2563 2447 2684 2490 esse
2742 2434 2989 2491 dicitur?
3038 2434 3155 2493 Hoc
3209 2437 3357 2492 enim
3404 2436 3705 2507 Scriptura:

2117 2536 2321 2580 sancta!
2350 2528 2517 2581 moris
2541 2536 2619 2582 est
2643 2527 2832 2584 dicere
2855 2528 2923 2585 de
2962 2528 3031 2584 iis
3063 2543 3186 2597 quae
3214 2544 3389 2600 usque
3418 2531 3487 2584 ad
3533 2530 3700 2586 ﬁnem

2119 2618 2202 2673 vel
2237 2618 2361 2673 vita:
2407 2618 2490 2673 vel
2531 2620 2712 2675 szeeuli
2769 2630 3113 2689 permanent.
3178 2620 3340 2677 Verbi
3395 2637 3584 2686 causa,
3631 2632 3692 2676 ιιι

2119 2714 2196 2766 ait
2233 2712 2273 2742 '“
2308 2728 2321 2763 :
2359 2731 2376 2763 ι
2414 2710 2510 2765 llic
2536 2723 2692 2779 pater
2718 2720 2803 2765 est
2839 2710 3202 2766 Moabitarum
3254 2727 3427 2779 usque
3487 2714 3540 2767 in
3598 2715 3700 2768 ho-

2120 2806 2372 2861 diernum
2406 2804 2569 2868 diem,
2620 2824 2637 2857 ι
2682 2802 2829 2872 quod
2894 2803 3170 2875 signiﬁcat
3205 2819 3376 2874 usque
3432 2806 3485 2860 in
3543 2806 3705 2861 ﬁnem

2120 2898 2333 2954 szcculi.
2372 2897 2437 2952 Et
2462 2898 2663 2952 iterum
2696 2897 2897 2953 dicitur
2920 2897 2973 2951 in
3005 2897 3298 2968 Evangelia
3322 2900 3392 2965 ⁸⁸,
3418 2900 3547 2969 quia
3607 2898 3708 2954 dif-

2121 2992 2356 3047 famatus
2385 3001 2469 3046 est
2498 3005 2680 3045 sermo
2722 2990 2810 3046 hic
2839 2991 2981 3060 apud
3020 2989 3239 3047 Judasos
3280 3006 3455 3062 usque
3510 2993 3565 3047 in
3610 2992 3710 3047 ho-

2118 3088 2372 3141 diernum
2429 3086 2595 3151 diem,
2653 3084 2705 3138 id
2764 3092 2850 3140 est
2929 3099 3211 3154 usquequo
3255 3086 3511 3141 saculum
3575 3095 3704 3142 stat.

2041 3194 2082 3251 ο
2121 3179 2304 3237 [laltab
2326 3194 2456 3234 vero
2502 3177 2761 3232 meretrix
2804 3178 2881 3249 (5)
2907 3178 3178 3247 quomodo
3238 3177 3448 3244 adjecta
3498 3180 3705 3235 dicitur

2122 3274 2301 3329 domui
2336 3272 2503 3329 Israel
2526 3286 2695 3342 usque
2731 3271 2783 3325 in
2817 3271 3138 3326 hodiernum
3187 3270 3331 3326 diem
3366 3271 3391 3325 i
3451 3270 3707 3343 Nunquid

2125 3365 2284 3420 matri
2324 3365 2604 3420 successio
2641 3362 2980 3432 posteritatis
3023 3363 3336 3427 ascribitur,
3364 3373 3423 3418 ιιι
3463 3364 3712 3419 videatur

2125 3456 2179 3510 in
2211 3456 2417 3511 sobolis
2448 3453 2795 3523 reparatione
2829 3454 3037 3508 servari
3068 3454 3197 3507 ?An
3246 3453 3374 3509 illttd
3422 3454 3596 3522 magis
3630 3454 3713 3508 in-

2129 3549 2478 3619 telligendum
2513 3545 2784 3614 esl,quod
2817 3560 2947 3599 vero
2981 3542 3165 3598 lsraeli
3207 3543 3459 3611 adjuncta
3490 3559 3554 3599 ac
3615 3560 3709 3600 so-

2125 3641 2268 3696 ciata
2298 3649 2380 3693 est
2406 3653 2577 3706 usque
2605 3636 2660 3689 in
2692 3636 3018 3690 hodiernum
3044 3634 3189 3692 diem
3220 3634 3245 3687 ?
3292 3633 3360 3688 Et
3389 3633 3435 3689 si
3472 3634 3552 3688 vis
3595 3650 3710 3689 ma-

2127 3732 2375 3789 nifestius
2417 3732 2603 3785 videre
2632 3730 2908 3801 quomodo
2945 3729 3132 3783 Bahab
3155 3728 3467 3799 adiungitur
3496 3728 3703 3795 lsraeli,

2129 3832 2343 3884 intuere
2367 3824 2641 3898 quomodo
2677 3837 2861 3878 ramus
2893 3822 3114 3877 oleastri
3140 3821 3400 3876 inseritur
3458 3822 3510 3876 in
3561 3823 3707 3876 radi-

2128 3940 2245 3980 cem
2282 3924 2439 3979 bona:
2472 3919 2633 3976 oliva:
2663 3918 2733 3982 ⁸⁸,
2761 3925 2815 3971 et
2842 3915 3114 3986 intelliges
3135 3914 3406 3986 quomodo
3437 3915 3470 3969 ii
3503 3917 3594 3986 qui
3622 3916 3709 3969 in-

2129 4019 2261 4076 serti
2298 4027 2425 4073 sunt
2462 4015 2586 4070 ﬁdei
2629 4012 2862 4068 Abrahae
2889 4020 2944 4065 et
3001 4009 3157 4064 Isaac
3205 4017 3262 4062 et
3313 4006 3482 4063 Jaeob
3513 4049 3528 4072 ,
3566 4018 3711 4061 recte

2129 4112 2359 4185 appositi
2392 4110 2649 4166 dicuntur
2671 4116 2728 4163 et
2751 4104 2947 4176 adjeeti
2991 4103 3057 4157 ad
3096 4100 3265 4158 Israel
3300 4116 3469 4172 usque
3502 4102 3557 4156 in
3614 4102 3712 4156 ho-

2129 4208 2379 4263 diernum
2421 4203 2563 4258 diem
2594 4218 2608 4253 :
2639 4199 2767 4271 quia
2809 4199 2862 4253 in
2898 4197 3118 4251 illorum
3182 4197 3416 4252 radicem
3474 4194 3551 4264 (6)
3612 4210 3712 4249 nos

2132 4299 2267 4356 rami
2304 4296 2523 4353 oleastri
2564 4310 2628 4349 ex
2667 4292 2920 4364 gentibus
2958 4289 3243 4360 assumpti,
3277 4289 3366 4358 qui
3419 4288 3711 4357 aliquando

2132 4392 2642 4451 meretricabanmr,
2669 4387 2877 4452 lignum
2911 4393 2967 4439 et
3018 4383 3249 4453 lapidem
3300 4396 3399 4451 pro
3451 4380 3558 4435 Deo
3583 4396 3711 4437 vero

2134 4487 2211 4561 (7)
2241 4486 2509 4549 colentes,
2541 4481 2776 4553 appositi
2808 4493 2998 4535 sumus
3039 4492 3212 4547 usque
3273 4477 3326 4531 in
3381 4475 3708 4530 hodiernum

2056 4562 2100 4619 Ι)
2131 4581 2397 4637 diemze't
2428 4577 2561 4633 facti
2620 4588 2810 4630 sumus
2854 4581 3078 4641 propter
3137 4569 3295 4624 ﬁdem
3353 4568 3558 4623 Christi
3612 4583 3713 4622 nos

2131 4690 2375 4739 sursum,
2402 4672 2490 4728 ille
2522 4678 2702 4725 autem
2744 4663 2975 4737 populus
3042 4663 3134 4732 qui
3189 4660 3491 4731 permansit
3532 4661 3710 4715 inere-

2132 4770 2291 4827 dolus
2323 4768 2426 4840 (8),
2457 4767 2709 4821 deorsmn
2732 4804 2748 4830 ,
2777 4762 3073 4817 secundum
3122 4755 3528 4811 Deuterouomii
3590 4769 3708 4825 pro-

2134 4864 2400 4936 phetiam.
2433 4861 2491 4915 Si
2526 4858 2650 4929 quis
2687 4870 2820 4925 ergo
2855 4854 3020 4908 habet
3053 4851 3105 4906 in
3155 4866 3214 4906 se
3256 4847 3559 4915 Christum,
3619 4846 3709 4917 qui

510 4991 691 5076 δέεαι.
721 4996 909 5076 ιιι-μ.
938 4996 1262 5076 _f‘_Coloss.
1298 5002 1475 5076 tt_._14,
1498 5003 1703 5076 "15,16.
1780 5005 1825 5037 “
1848 5004 2011 5062 Jos.v

2119 5008 2165 5064 Β.
2242 5006 2285 5038 ⁸⁷
2318 5002 2518 5059 lJoan.
2552 5016 2612 5067 ιι,
2639 4999 2728 5055 15.
2796 4995 2842 5028 ⁸⁸
2871 4991 3222 5062 Βοιη.ἰιι,2.
3298 4990 3346 5023 δ’
3368 4990 3386 5045 l
3410 4990 3537 5047 Cor.
3570 5003 3627 5059 v,
3655 4986 3711 5045 6.

440 5062 487 5095 "
519 5063 630 5120 Jos.
660 5081 736 5131 vr,
767 5067 857 5122 25.
936 5069 981 5101 ⁵¹
1010 5068 1147 5125 Gen.
1181 5086 1296 5139 xtx,
1324 5071 1413 5127 37.

414 5232 421 5237 -
515 5206 628 5274 (98)
655 5206 940 5278 Sangorm.
976 5227 994 5260 ι
1035 5211 1230 5265 nostri.
1269 5230 1287 5263 ι
1323 5212 1479 5271 Libb.
1514 5216 1642 5271 editi
1678 5232 1734 5268 τι
1779 5217 1906 5272 mei.
1948 5238 1966 5271 ι

518 5277 812 5357 (99)]ι16ιιι
843 5296 966 5357 cum
999 5296 1110 5357 uno
1140 5282 1457 5357 Ebroicensi
1490 5302 1500 5333 :
1561 5307 1579 5339 ι
1614 5298 1964 5357 symmystes.
2004 5307 2022 5341 ι

443 5346 714 5406 Gemetie.
775 5369 794 5402 ι
854 5352 1233 5407 subminister.
1283 5373 1302 5406 ι
1372 5355 1534 5411 Libb.
1582 5346 1760 5413 editi:
1792 5346 1831 5410 ἰ
1866 5358 2030 5413 nini-

443 5430 574 5476 ster.
621 5441 640 5473 ι

521 5491 893 5569 (l)G_emetic.
938 5512 964 5569 t
1001 5509 1066 5569 ex
1114 5508 1261 5569 voce
1324 5494 1690 5565 jubilationis,
1729 5516 1747 5549 ι
1800 5509 1857 5555 et
1906 5510 2031 5569 post

457 5581 477 5616 ι
512 5564 786 5618 exercitus
816 5585 833 5615 ι
860 5567 1063 5620 omittit
1093 5583 1112 5618 ι
1144 5563 1365 5621 dedit.)

450 5705 485 5757 Γ
526 5631 604 5703 (2)
631 5634 916 5705 Sangernt.
952 5656 969 5688 ι
1004 5637 1266 5707 gentium.
1311 5657 1330 5691 ι
1380 5638 1539 5695 Libb.
1573 5640 1701 5696 editi
1741 5658 1753 5694 :

473 5719 605 5757 tum.
639 5722 657 5755 ι

473 5719 605 5759 tttm.
639 5722 657 5755 ι

525 5775 601 5842 (5)
633 5775 782 5841 Mss,
836 5796 853 5829 ι
891 5781 1202 5837 anathema.
1238 5803 1255 5835 ι
1312 5781 1471 5838 Libb.
1521 5781 1649 5836 editi
1685 5798 1696 5834 :
1758 5801 1776 5835 ι
1809 5783 2039 5837 anathe—

459 5854 623 5901 mata.
662 5866 680 5897 ι

1494 5074 1539 5106 ⁸³
1564 5074 1754 5131 Matth.
1782 5092 1956 5144 xxvn,
1985 5081 2042 5136 8.

1802 5659 1815 5693 ι
1847 5641 2037 5697 Genti—

2117 5080 2162 5112 ⁵³
2195 5077 2351 5132 Rom.
2378 5088 2456 5128 xt.

2209 5216 2287 5288 (4)
2317 5214 2382 5291 n
2407 5211 2704 5291 Ecclesium
2729 5252 2743 5291 ε
2790 5224 2897 5291 per,
2920 5221 3037 5277 qua!
3061 5201 3425 5291 populusqei

2138 5275 2281 5343 “rec,
2311 5287 2509 5340 desunt
2551 5284 2601 5336 iu
2650 5275 2970 5336 libb.'antea
3024 5278 3208 5343 editis,
3260 5275 3352 5330 sed
3403 5280 3618 5328 exstant
3661 5275 3711 5325 in

2136 5358 2389 5431 omnibus
2416 5371 2546 5411 mss.
2717 5422 2748 5431 Α
2907 5419 2918 5431 .
3061 5419 3073 5430 ,
3329 5415 3359 5431 ,,

2212 5429 2288 5494 (5)
2314 5427 2601 5497 Sangerm.
2629 5434 2682 5478 et
2708 5419 3105 5501 Genteticensis
3124 5434 3197 5501 εις
3234 5415 3445 5501 mulier.
3485 5435 3505 5467 ι

2211 5488 2288 5569 (6)
2323 5488 2606 5567 Sangerm.
2657 5514 2675 5546 ι
2725 5493 2981 5547 radicem.
3022 5510 3039 5542 ι
3079 5488 3235 5543 Libb.
3274 5488 3403 5542 editi
3444 5503 3459 5541 :

2135 5586 2312 5710 cuii),
2340 5637 2495 5693 Vero.
2534 5635 2697 5691 Deest
2728 5635 2781 5689 in
2816 5632 2971 5688 libris
3010 5631 3205 5699 editis,
3248 5636 3427 5684 exstat
3467 5643 3599 5683 vero
3665 5628 3716 5682 in

2142 5711 2394 5767 omnibus
2422 5723 2554 5763 mss.
2747 5775 2776 5779 Α
3122 5774 3133 5779 _
3297 5772 3311 5779 ,
3358 5770 3369 5779 .
3553 5766 3572 5779 .
3600 5768 3609 5779 .

2220 5780 2295 5851 (8)
2340 5780 2603 5851 Getnetic.
2643 5787 2708 5851 et
2743 5775 3028 5851 Sangcrm.
3068 5792 3085 5826 ι
3122 5770 3459 5831 incredulus.
3498 5789 3516 5825 ι
3553 5766 3713 5825 Libb.

2150 5847 2285 5909 editi
2320 5868 2332 5903 :
2374 5867 2392 5901 ι
2440 5850 2491 5905 in
2529 5847 2923 5906 incredulitate.
2962 5864 2979 5896 ι

3509 5504 3528 5538 t
3571 5488 3716 5542 radi-
