4146 6448
392 397 489 449 861

1400 392 1467 447 ΙΝ
1503 390 1767 447 LIBRUM
1800 387 1966 446 JESU
2004 388 2193 443 NAVE
2225 385 2513 444 HOMILIA
2536 384 2650 443 VII.

3558 392 3664 447 86?.

388 527 471 569 est
497 515 739 569 omnium
772 524 953 585 caput,
984 514 1073 569 hic
1102 513 1335 571 eﬂicitnr
1360 516 1412 571 in
1469 526 1654 586 caput.
1692 515 1771 570 Illi
1829 515 1974 570 enim
2005 517 2049 573 Α
2079 522 2191 578 net,
2229 511 2508 566 Christum
2540 510 2677 581 (16),
2706 509 2862 577 cujus
2890 511 3135 577 corporis
3171 522 3247 580 ιιι,
3280 514 3369 583 qui
3403 512 3662 569 Ecclesiae

391 618 728 678 negaverunt
752 609 1035 663 Christum
1065 608 1274 673 Jesum,
1306 620 1361 664 et
1388 608 1563 664 eﬂecti
1590 622 1719 664 sunt
1747 612 1799 665 in
1832 627 1965 666 cau-

389 702 542 768 dam,
571 711 626 757 et
652 702 744 773 qui
770 712 928 755 erant
952 702 1138 771 primi,
1171 702 1297 757 facti
1334 713 1464 758 sunt
1494 704 1793 759 novissimi.

458 794 514 849 6.
562 794 668 849 Sed
697 803 751 851 et
808 793 941 850 illud
974 810 1082 850 non
1138 796 1311 851 otiose
1342 795 1417 868 (9)
1481 796 1967 853 transcurrendum

390 898 492 951 est,
518 887 661 958 quod
687 904 797 944 uno
828 898 1089 959 peccante
1122 889 1202 944 ira
1240 905 1405 958 super
1453 905 1670 945 onmem
1708 890 1965 960 populum

390 983 559 1035 venit.
596 982 707 1037 Hoc
732 984 947 1052 quando
970 984 1168 1039 accidit
1202 982 1316 1055 (10)
1342 984 1365 1037 ?
1392 986 1605 1053 quando
1654 986 1967 1041 sacerdotes

383 1075 473 1142 qui
519 1078 713 1145 populo
736 1087 998 1146 praesunt,
1034 1094 1161 1148 erga
1205 1080 1581 1148 delinquentes
1613 1080 1833 1149 benigni
1864 1096 1960 1135 vo—

384 1166 502 1222 lunt
531 1170 731 1234 videri,
761 1180 814 1225 et
841 1180 1093 1226 verentes
1124 1174 1465 1242 peccantium
1494 1173 1705 1242 linguas
1737 1188 1801 1227 ne
1827 1173 1965 1228 forte

383 1260 523 1314 male
546 1261 611 1315 de
645 1263 726 1316 eis
756 1262 1068 1331 loquantur,
1123 1265 1479 1319 sacerdotalis
1528 1265 1835 1319 severitatis
1868 1267 1968 1319 im-

381 1368 677 1412 memores.
709 1356 898 1409 nolunt
955 1357 1179 1426 implere
1229 1358 1370 1427 quod
1430 1359 1693 1428 scriptum
1748 1368 1833 1413 est
1875 1360 1960 1414 ’δε

385 1464 403 1496 c
447 1445 773 1502 Peccantem
800 1464 983 1504 coram
1014 1452 1267 1507 omnibus
1302 1467 1503 1523 argue,
1535 1462 1593 1507 ut
1630 1454 1810 1509 cmteri
1844 1469 1963 1509 me-

381 1546 493 1590 tnm
519 1539 630 1604 (11)
663 1539 917 1606 habeant,
957 1562 975 1595 ι
1014 1551 1067 1597 et
1094 1543 1289 1598 iterum
1319 1544 1364 1577 ⁸⁸
1399 1564 1412 1599 :
1446 1565 1463 1597 ι
1494 1545 1720 1601 Auferte
1758 1546 1959 1600 malum

376 1646 441 1686 ex
468 1632 618 1687 vobis
645 1633 798 1701 ipsis.
838 1653 857 1686 ι
902 1635 1013 1692 Nec
1043 1637 1157 1693 zelo
1186 1637 1277 1693 Dei
1319 1641 1572 1694 succensi
1609 1640 1722 1712 (19.)
1747 1640 1963 1694 imitan-

379 1733 465 1777 tur
500 1724 817 1794 Apostolum
861 1728 1131 1784 dicentem
1158 1731 1204 1763 ⁸⁸
1248 1749 1263 1787 :
1325 1750 1344 1783 ‹
1380 1730 1598 1786 Tradidi
1644 1732 1959 1801 hujusmodi

374 1815 649 1872 hominem
680 1818 901 1875 Satanas
934 1822 984 1875 in
1022 1823 1303 1879 interitum
1356 1826 1561 1888 carnis,
1611 1834 1668 1879 ut
1734 1826 1953 1894 spiritus

373 1908 557 1963 salvus
590 1911 702 1964 liat.
739 1932 757 1964 ι
797 1911 981 1983 Neque
1012 1914 1139 1970 illud
1183 1918 1556 1988 evangelicum
1589 1919 1812 1987 implere
1839 1927 1957 1973 stu-

372 2001 525 2067 dent,
557 2002 723 2076 ἀ,ιᾷ
753 2014 809 2059 ιιι
833 2007 875 2061 si
913 2007 1501 2080 viderintpeccantem,
1535 2013 1709 2081 primo
1742 2021 1956 2067 secrete

369 2097 717 2159 conveniant,
753 2111 879 2167 post
906 2102 1072 2155 etiam
1118 2104 1328 2158 duobus
1351 2105 1436 2159 vel
1490 2106 1664 2161 tribus
1700 2105 1949 2160 arbitris.

368 2185 519 2251 Quod
543 2189 587 2243 si
614 2196 1025 2261 contempserit,
1072 2206 1127 2251 et
1169 2208 1291 2265 post
1343 2198 1600 2254 Ecclesiae
1648 2203 1952 2269 correptio-

366 2294 489 2333 nem
518 2280 627 2352 (15)
663 2299 767 2338 non
808 2285 973 2341 fuerit
1003 2291 1349 2352 emendatus.
1387 2294 1452 2346 de
1490 2292 1729 2349 Ecclesia
1767 2294 1952 2362 expui-

363 2384 480 2423 sum
506 2372 652 2427 velut
684 2376 939 2445 gentilem
966 2378 1202 2435 habeant
1237 2399 1299 2437 ac
1326 2386 1695 2452 publicanum.
1728 2389 1791 2442 Et
1823 2390 1946 2441 dum

366 2462 738 2532 uniparcunt,
791 2471 1059 2526 Universae
1104 2473 1363 2530 Ecclesia:
1404 2479 1702 2533 moliuntur
1756 2479 1947 2533 interi-

368 2562 480 2608 tum
514 2556 648 2628 (M).
684 2558 814 2626 Quae
854 2563 954 2617 ista
984 2564 1201 2620 bonitas
1234 2567 1256 2620 ?
1284 2584 1406 2637 qua:
1441 2570 1543 2625 ista
1571 2572 1944 2626 misericordia

357 2654 462 2708 est,
489 2651 576 2702 uni
608 2666 849 2721 parcere,
892 2666 945 2710 et
979 2672 1167 2713 omnes
1210 2660 1259 2714 in
1293 2662 1590 2718 discrimen
1626 2665 1895 2720 adducere
1923 2666 1946 2721 ἲ

363 2734 630 2795 l’olluitur
665 2746 811 2799 enim
854 2762 920 2802 ex
955 2766 1061 2803 uno
1086 2762 1370 2821 peccatore
1397 2757 1648 2825 populus.
1684 2757 1839 2814 Sicut
1873 2775 1940 2813 ex

359 2844 462 2883 una
492 2848 591 2889 ove
622 2838 867 2894 morbida
898 2858 1029 2913 grex
1059 2845 1346 2901 universus
1377 2849 1636 2917 inﬁcitur,
1664 2852 1741 2906 sic
1772 2852 1939 2906 etiam

357 2935 466 2975 uno
502 2924 581 2976 vel
616 2925 947 2994 fornicante,
994 2934 1074 2987 vel
1108 2938 1251 2988 aliud
1288 2938 1652 3011 quodcunque
1714 2944 1941 2999 sceleris

353 3015 884 3091 committenle(l5),
918 3022 1068 3091 plebs
1102 3027 1356 3082 universa
1394 3031 1677 3100 polluitur.
1710 3034 1775 3088 Et
1814 3035 1939 3092 ideo

353 3104 710 3163 observemus
742 3126 839 3165 nos
874 3113 1132 3181 invicem,
1158 3128 1212 3171 et
1248 3119 1682 3192 uniuscujusque
1712 3140 1939 3181 conver-

2078 604 2360 676 prarsidcs,
2385 604 2576 657 oculus
2601 619 2682 665 es,
2717 612 3001 672 propterea
3030 605 3217 675 utique
3246 616 3304 660 ut
3323 607 3505 661 omnia
3544 607 3657 661 cir-

2079 697 2435 765 cumspicias,
2479 696 2663 750 omnia
2706 696 3143 760 circumlustres,
3205 699 3372 753 etiam
3427 707 3657 753 ventura

2074 791 2398 860 praevidens.
2426 789 2620 844 Pastor
2646 804 2727 855 es,
2755 786 2905 843 vides
2925 790 3166 845 oviculas
3198 790 3404 845 Domini
3440 791 3658 860 ignaras

2072 883 2298 951 periculi
2330 881 2457 936 ferri
2511 883 2578 936 ad
2621 882 2952 952 praecipitia,
2989 890 3044 937 et
3083 898 3179 953 per
3225 893 3491 953 praerupta
3522 898 3657 955 pen-

2071 977 2200 1030 dere
2234 976 2366 1047 (17).
2405 990 2510 1030 non
2531 976 2779 1031 occurris
2811 976 2833 1029 ?
2861 992 2967 1031 non
3017 977 3282 1032 revocas?
3316 993 3421 1031 non
3459 978 3653 1033 saltem

2070 1085 2202 1125 voce
2262 1070 2486 1125 cohibes
2520 1069 2635 1141 (18)
2675 1079 2730 1123 et
2779 1072 3144 1141 correptionis
3181 1070 3421 1125 clamore
3469 1071 3651 1126 deter-

2072 1180 2160 1219 res
2185 1165 2208 1223 ἲ
2237 1164 2331 1219 Sic
2357 1165 2641 1218 immemor
2663 1180 2722 1219 es
2750 1165 2863 1237 (19)
2907 1165 3176 1221 Dominici
3224 1164 3555 1219 sacramenti
3578 1162 3649 1228 δ’,

2068 1267 2128 1311 ιιι
2165 1274 2287 1311 cum
2314 1258 2401 1311 ille
2425 1258 2706 1314 derelictis
2746 1262 3043 1328 nonaginta
3080 1275 3269 1314 novem
3301 1260 3352 1313 in
3411 1257 3651 1313 caelesﬁ-

2069 1350 2191 1414 bus,
2242 1358 2465 1419 propter
2503 1366 2663 1405 unam
2727 1352 2999 1407 oviculam
3050 1368 3171 1422 qua:
3227 1362 3531 1419 erraverat,
3583 1353 3650 1404 ad

2071 1452 2271 1496 terram
2304 1442 2415 1513 (ΞΟ)
2450 1444 2817 1512 descenderit,
2847 1454 2902 1500 et
2928 1445 3204 1499 inventam
3233 1445 3534 1499 vectaverit
3557 1445 3652 1499 hu-

2069 1536 2234 1589 meris
2261 1535 2375 1590 suis
2405 1537 2471 1589 ad
2505 1535 2731 1601 cmlum,
2762 1553 2862 1593 nos
2885 1540 2938 1592 in
2970 1537 3117 1593 nullo
3161 1552 3388 1607 prorsus
3439 1537 3492 1590 in
3547 1553 3648 1590 cu-

2066 1628 2255 1683 randis
2277 1628 2505 1683 oviculis
2534 1629 2781 1699 magistri
2811 1631 3043 1698 pastoris
3100 1645 3396 1698 sequamur
3456 1644 3647 1683 exem—

2065 1720 2210 1789 plum
2242 1721 2264 1774 ?
2292 1719 2415 1774 Haec
2451 1737 2555 1775 non
2589 1720 2711 1775 ideo
2764 1721 3017 1786 dicitnus,
3071 1732 3130 1775 ut
3178 1737 3276 1791 pro
3330 1721 3433 1775 levi
3488 1722 3647 1791 culpa

2066 1813 2264 1883 aliquis
2292 1813 2643 1867 abscindatur
2670 1814 2792 1883 (2|)
2829 1831 2844 1867 :
2876 1815 2970 1869 sed
3001 1816 3045 1870 si
3097 1814 3237 1869 forte
3281 1815 3649 1871 commonitus

2061 1907 2186 1977 quis
2208 1916 2261 1963 et
2289 1916 2574 1977 correptus
2621 1923 2722 1977 pro
2755 1908 2952 1963 delicto
3001 1909 3171 1963 semel
3208 1920 3259 1963 et
3316 1909 3510 1962 iterum
3579 1924 3647 1964 ac

2063 2002 2244 2064 tertio,
2291 2002 2425 2056 nihil
2480 2002 2887 2058 emendationis
2916 2005 3489 2067 ostenderit,utamur
3535 2020 3645 2058 ine-

2058 2096 2166 2151 dici
2193 2096 2501 2166 disciplina.
2541 2095 2597 2150 Si
2629 2097 2753 2151 oleo
2785 2097 3141 2166 peruuximns
3170 2138 3186 2161 ,
3234 2097 3278 2151 si
3327 2096 3642 2165 emplastris

2057 2192 2446 2260 mitigavimus,
2476 2192 2519 2246 si
2544 2192 2874 2261 malagmate
2902 2192 3276 2256 mollivimus,
3308 2205 3407 2245 nec
3457 2199 3638 2244 tanien

2055 2284 2201 2339 cedit
2234 2284 2645 2339 medicamentis
2675 2284 2908 2338 tumoris
2932 2284 3160 2350 duritia,
3185 2283 3361 2337 solum
3393 2291 3638 2351 superest

2056 2378 2357 2433 remedium
2388 2377 2700 2433 de-ecandi.
2731 2377 2822 2432 Sic
2867 2379 3013 2433 enim
3071 2377 3334 2433 Dominus
3388 2377 3521 2430 dicit
3546 2376 3636 2430 "z

2060 2490 2079 2523 ι
2113 2471 2169 2526 Si
2197 2473 2419 2528 dextera
2452 2487 2644 2526 manus
2671 2483 2761 2525 tua
2796 2470 3256 2526 scandalizaverit
3289 2478 3340 2524 te
3363 2510 3378 2536 ,
3416 2470 3639 2526 abscide

2052 2580 2198 2630 eam,
2224 2575 2276 2618 et
2314 2564 2520 2634 projice
2544 2564 2640 2619 abs
2678 2574 2750 2621 te.
2786 2582 2805 2616 ι
2840 2563 3226 2633 Nunquidnam
3284 2578 3477 2617 manus
3512 2579 3627 2617 cor-

2050 2659 2200 2729 poris
2226 2658 2394 2712 nostri
2429 2657 2720 2727 aliquando
2763 2656 3101 2711 scandalizat
3139 2672 3259 2723 nos,
3316 2666 3374 2710 ιιι
3412 2657 3479 2711 de
3534 2658 3638 2714 hac.

2050 2768 2210 2806 manu
2245 2752 2491 2821 corporis
2524 2750 2876 2819 Evangelium
2904 2750 3052 2805 dicat
3104 2767 3119 2803 :
3174 2768 3193 2802 ι
3229 2749 3464 2805 Abscide
3509 2763 3635 2806 eam

2045 2856 2101 2898 ct
2136 2843 2339 2912 projice
2369 2844 2468 2897 abs
2509 2843 2596 2896 te?
2630 2861 2648 2894 ι
2680 2842 2787 2897 Sed
2810 2841 2913 2897 hoc
2943 2853 3027 2897 est
3053 2841 3166 2914 (22)
3202 2842 3346 2913 quod
3377 2841 3544 2909 dicit,
3573 2850 3638 2899 ut

2043 2951 2145 3006 ego
2172 2937 2261 3005 qui
2289 2936 2478 2990 videor
2509 2935 2603 2989 tibi
2639 2951 2830 2989 manus
2858 2949 2980 2990 esse
3004 2935 3252 2998 dextera,
3288 2945 3344 2989 et
3385 2933 3623 3004 presyb-

2045 3036 2126 3082 ter
2150 3029 2423 3093 nominor,
2450 3038 2503 3082 et
2552 3027 2778 3081 verbum
2831 3024 2925 3080 Dei
2978 3026 3166 3081 videor
3209 3026 3533 3097 praedicare,
3582 3026 3629 3082 si

2043 3120 2246 3190 aliquid
2276 3128 2467 3175 contra
2496 3118 2925 3173 ecclesiasticam
2953 3116 3292 3187 disciplinam
3320 3156 3336 3182 ,
3362 3126 3417 3172 et
3447 3117 3629 3172 Evan-

352 3198 493 3253 satio
517 3210 645 3253 nota
674 3201 765 3267 sit,
805 3204 1049 3260 maxime
1109 3210 1488 3267 sacerdotibus
1532 3221 1587 3267 et
1644 3214 1929 3274 ministris.

2053 3212 2166 3283 gelii
2226 3211 2470 3283 regulam
2537 3225 2783 3278 gessero,
2834 3211 2905 3265 ita
2953 3220 3011 3265 ut
3061 3209 3378 3265 scandalum
3441 3209 3536 3265 tibi
3573 3220 3631 3265 et

351 3287 465 3341 Nec
495 3300 687 3359 putent
723 3307 783 3348 se.
812 3303 961 3349 recte
994 3295 1199 3361 dicere,
1223 3296 1360 3361 Quid
1387 3301 1492 3357 hoc
1544 3305 1611 3359 ad
1669 3320 1754 3359 me
1807 3322 1930 3375 spe-

350 3387 461 3434 ctat
493 3382 535 3435 si
566 3382 703 3439 alius
733 3387 873 3442 male
899 3389 1059 3458 agit?
1087 3389 1200 3446 Hoc
1224 3400 1307 3447 est
1329 3392 1512 3450 dicere
1545 3408 1708 3467 caput
1735 3401 1800 3454 ad
1831 3416 1927 3470 pe-

348 3472 465 3536 des,
483 3473 618 3541 Quid
642 3476 711 3533 ad
742 3494 827 3533 me
859 3482 1092 3550 pertinet
1127 3485 1172 3538 si
1202 3485 1430 3541 dolent?
1468 3486 1524 3543 Si
1556 3489 1698 3545 male
1724 3492 1930 3549 habent

345 3568 510 3634 pedes
540 3571 665 3636 mei,
693 3586 799 3627 non
837 3589 957 3630 mea
1008 3576 1277 3645 interest,
1333 3580 1627 3636 dummodo
1669 3594 1831 3654 caput
1871 3586 1926 3642 in

344 3658 578 3717 sanitate
603 3663 878 3732 perduret.
910 3667 1018 3723 Aut
1055 3669 1101 3725 si
1140 3670 1287 3726 dicat
1315 3673 1507 3729 oculus
1548 3676 1733 3730 manui
1767 3673 1924 3732 :Non

344 3746 564 3821 indigeo
593 3769 757 3824 opera
787 3765 898 3824 tua,
928 3759 1058 3829 quid
1088 3762 1155 3816 ad
1202 3779 1290 3819 me
1322 3766 1557 3833 pertinet
1614 3766 1659 3822 si
1725 3766 1876 3823 doles
1905 3767 1930 3823 ?

344 3840 401 3896 Si
432 3844 713 3902 vulnerata
744 3864 804 3905 es
825 3890 843 3919 ,
920 3855 1163 3923 nunquid
1191 3872 1295 3927 ego
1325 3858 1515 3913 oculus
1558 3860 1928 3916 conturbabor

343 3948 406 3990 ex
448 3937 771 4008 aegritudine
798 3947 1041 4000 manus?
1092 3948 1221 4004 Tale
1247 3966 1377 4020 ergo
1405 3961 1489 4006 est
1511 3954 1654 4023 quod
1691 3963 1857 4026 agunt
1894 3953 1929 4008 ii

341 4027 433 4096 qui
468 4028 728 4087 Ecclesiis
766 4045 1039 4104 prtesunt,
1067 4055 1172 4095 non
1218 4044 1520 4114 cogitantes
1577 4044 1704 4116 quia
1755 4061 1921 4101 unum

342 4134 540 4189 corpus
572 4138 759 4182 sumus
811 4142 1004 4187 onmes
1041 4134 1133 4203 qui
1179 4138 1475 4204 credimus,
1522 4154 1692 4194 unum
1746 4138 1920 4194 Deum

341 4210 627 4283 habentes,
665 4219 756 4288 qui
789 4236 891 4277 nos
920 4223 972 4278 in
1000 4226 1213 4283 unitate
1241 4231 1570 4304 constringit
1625 4240 1684 4287 et
1745 4231 1921 4287 conti-

2038 3304 2299 3359 Ecclesia:
2327 3302 2445 3375 (23)
2510 3303 2729 3369 faciam,
2778 3303 2830 3358 in
2883 3319 2994 3358 uno
3056 3318 3323 3359 consensu
3379 3302 3623 3359 Ecclesia

2040 3399 2298 3453 universa
2329 3398 2655 3467 conspirans
2683 3399 2901 3453 excidat
2930 3414 3017 3452 me
3044 3399 3324 3453 dexteram
3349 3414 3504 3454 suam
3531 3438 3546 3463 ,
3570 3409 3626 3454 et

2038 3490 2289 3561 projiciat
2314 3505 2343 3543 a
2371 3505 2452 3547 se.
2489 3490 2719 3561 Expedit
2760 3491 2905 3545 enim
2962 3490 3056 3544 tibi
3107 3498 3164 3545 et
3212 3490 3477 3546 Ecclesiae
3509 3491 3625 3563 (Ἃ)

2036 3582 2242 3651 absque
2275 3597 2362 3636 me
2394 3598 2556 3635 manu
2605 3592 2717 3645 tua,
2750 3598 2870 3652 qua:
2902 3582 3041 3638 male
3068 3584 3283 3654 agendo
3308 3584 3627 3639 scandalum

2036 3675 2164 3741 feci,
2190 3676 2429 3732 introire
2466 3676 2520 3730 in
2570 3691 2794 3747 regnum
2834 3677 3136 3743 caelorum,
3182 3693 3344 3747 quam
3406 3692 3626 3732 mecum

2036 3769 2117 3825 ire
2146 3770 2202 3824 in
2228 3770 2558 3840 gehennam.
2582 3769 2707 3824 llaec
2748 3770 2955 3826 idcirco
2988 3771 3241 3835 diximus,
3290 3770 3416 3841 quia
3475 3771 3627 3825 vidc-

2039 3877 2162 3916 mus
2219 3861 2272 3916 in
2321 3860 2625 3931 Scripturis
2680 3863 2887 3917 sanctis
2947 3862 3164 3931 referri,
3209 3863 3351 3935 quod
3397 3872 3630 3933 pr0ptee

2036 3969 2206 4008 unum
2237 3962 2553 4024 peccantem
2593 3955 2880 4009 anathema
2934 3955 3063 4011 iacti
3116 3965 3245 4012 sunt
3290 3956 3384 4011 ﬁlii
3428 3955 3624 4024 Israel,

2037 4046 2110 4100 ita
2136 4054 2196 4100 ut
2230 4046 2580 4101 vincerentur
2608 4046 2677 4101 ab
2704 4046 2975 4102 hostibus.

2100 4137 2155 4190 7.
2192 4135 2302 4192 Sed
2332 4138 2615 4193 videamus
2646 4147 2700 4192 et
2742 4140 2915 4209 ipsum
2964 4150 3250 4210 peccatum
3299 4142 3418 4211 ejus
3452 4140 3623 4211 quale

2028 4230 2104 4286 sit
2133 4245 2148 4283 :
2178 4229 2417 4286 Furatus
2445 4240 2551 4299 est,
2585 4231 2762 4302 inquit
2784 4235 2852 4301 ",
2879 4233 3117 4304 linguam
3144 4249 3389 4303 auream,
3422 4247 3478 4292 et
3516 4250 3617 4304 po-

411 4371 500 4431 “l
534 4374 675 4435 Tim.
703 4395 755 4448 v,
783 4381 874 4440 20.
951 4386 998 4419 ⁸⁸
1029 4386 1049 4440 Ι
1078 4389 1205 4445 Cor.
1245 4407 1295 4458 v,
1320 4394 1408 4448 i3.
1486 4395 1535 4427 "
1559 4395 1690 4451 ibid.
1723 4396 1777 4452 5.
1855 4397 1901 4429 ⁵⁷
1935 4396 2069 4453 Luc.
2094 4412 2185 4453 xv.
2261 4396 2308 4429 ⁸⁸
2342 4395 2536 4452 Matth.
2572 4412 2625 4463 v,
2654 4398 2746 4453 50.
2830 4398 3009 4455 "Jos.
3038 4416 3132 4467 vn,
3164 4401 3255 4455 2|.

652 4550 701 4594 et
733 4541 869 4627 iilud
898 4562 1000 4627 ηομ
1032 4548 1221 4627 otiose,
1252 4560 1362 4627 etc.
1394 4554 1610 4611 Citatur
1637 4558 1727 4615 hic
1768 4559 1922 4615 locus
1956 4565 1998 4620 Ι)
2094 4558 2207 4627 (16)
2256 4559 2387 4617 Mss.
2432 4579 2451 4614 ι
2492 4561 2788 4618 Christum.
2845 4581 2864 4615 ι
2920 4561 3078 4619 Libb.
3122 4563 3256 4619 editi
3310 4580 3326 4619 :

340 4607 411 4691 ab
439 4607 573 4691 Jopa
599 4611 979 4691 Aurelianensi
1006 4607 1265 4691 episcopo
1298 4607 1451 4680 lib.—t
1469 4607 1921 4684 ῡῖἓηῖἱῆιιὶὲἇὶὶὲ

336 4676 537 4741 laicali,
565 4695 684 4749 cap.
722 4683 811 4738 18.

408 4766 835 4863 φηςςιιιςιιίςη
859 4796 877 4828 ι
900 4779 1021 4863 νζιρς
1033 4785 1275 4863 “quando
1305 4786 1540 4863 accidit?
1574 4807 1593 4841 ι
1611 4792 1913 4863 Sangerm.

339 4837 795 4964 :ctg'ciaupmodo
818 4850 1056 4904 accidit?
1076 4837 1107 4905 ἰ
1131 4837 1286 4911 Libb.
1312 4837 1503 4913 editi":-
1521 4837 1554 4913 ἰ
1574 4837 1588 4841 ⁷
1609 4837 1920 4933 avo—€351.33

338 4976 533 5104 regi),
580 4980 738 5051 Mss.,
782 5002 800 5039 ι
846 4999 1078 5048 metum.
1136 5012 1155 5046 ι
1199 4993 1356 5052 Libb.
1407 4999 1538 5057 editi

407 5140 755 5221 _(_l_2)Codex_
790 5145 1190 5221 Gemeticensis
1227 5174 1240 5211 :
1298 5175 1315 5208 ι
1370 5161 1639 5218 succensi.
1676 5181 1694 5215 ι
1756 5162 1912 5221 Libb.

334 5211 464 5265 editi
499 5211 514 5265 ὲ
555 5229 577 5264 ι
611 5215 933 5272 succincti.»

404 5281 756 5376 (Im-0:11;"?
789 5303 923 5376 mss.
962 5309 977 5341 ι
1018 5300 1098 5376 ειΔ
1137 5306 1258 5364 post
1314 5299 1913 5376 Ecclesiazicorrcptio-

335 5368 479 5476 uenti.
531 5373 552 5408 ι
597 5355 754 5411 Libb.
781 5359 910 5414 editi
945 5378 959 5414 :
996 5378 1016 5413 ι
1049 5371 1105 5416 et
1140 5355 1277 5435 'post
1323 5370 1435 5426 iure
1472 5355 1910 5434 Ecclesiaiv‘covr-

335 5440 426 5480 ren
457 5441 601 5480 ione.
626 5444 646 5478 ι

432 5440 646 5480 none.»

546 5497 989 5585 gemeticensisc:
1048 5525 1066 5558 ι
1104 5509 1317 5585 etdum
1349 5529 1454 5568 non
1498 5527 1732 5585 purgant
1784 5520 1907 5575 uni-

336 5580 512 5630 versa,
546 5566 801 5626 Ecclesia:
833 5574 1132 5633 moliuntur
1162 5566 1462 5655 interitum.
1498 5566 1523 5639 ἶ

404 5659 515 5730 (15)
544 5663 731 5742 Idem”:
769 5682 789 5742 ς
824 5669 903 5722 sic
934 5672 1095 5724 etiam
1135 5688 1232 5742 per
1280 5682 1446 5731 nnum
1495 5680 1578 5734 vel
1644 5681 1912 5740 fornican-

500 5734 582 5854 ἴθι
639 5736 783 5792 aliud
840 5734 1201 5813 quodcunque
1262 5749 1491 5805 sceleris
1562 5734 1909 5812 commilitiu-

1595 5018 1607 5054 :
1667 5020 1687 5053 ι
1752 5003 1914 5060 timo-

3380 4584 3400 4618 ι
3440 4564 3610 4623 Chri-

2031 4640 2169 4684 Sltls.
2211 4649 2227 4681 ι

2101 4700 2647 4774 (I7)_Gemeticensis
2690 4720 2702 4755 :
2743 4721 2762 4752 ‹
2828 4708 2894 4757 ad
2949 4715 3215 4773 prternpta
3284 4706 3544 4774 pendere.
3578 4730 3599 4764 ι

2030 4769 2182 4842 Unus
2211 4770 2558 4842 Ebroicensis
2588 4790 2601 4825 :
2652 4792 2670 4824 ι
2702 4774 2768 4825 ad
2794 4769 3060 4842 praerupta
3089 4769 3331 4831 tendere.
3370 4794 3390 4829 ι

2099 4840 2213 4913 (18)
2245 4841 2517 4913 Gemetic.
2556 4860 2574 4894 ι
2617 4840 2892 4913 prohibes.
2931 4862 2951 4895 ι

2053 4981 2064 4991 .
2099 4911 2210 4980 (19)
2230 4910 2442 4994 .Omnes
2471 4910 2629 4968 mss.'
2651 4932 2670 4965 ι
2707 4915 2787 4968 sic
2816 4913 3102 4969 immemor
3129 4927 3211 4970 es.
3246 4934 3268 4969 ι
3301 4914 3458 4975 Libb.
3499 4922 3608 4977 edi-

2029 4991 2063 5034 ll
2095 4998 2107 5035 :
2146 5001 2163 5031 ι
2202 4991 2279 5036 sic
2314 4998 2525 5038 memor
2562 4999 2641 5038 es.
2680 5003 2698 5036 ι

2096 5051 2211 5121 (20)
2244 5051 2607 5121 Sangerman.
2631 5074 2649 5106 ι
2684 5053 2750 5107 ad
2788 5062 3010 5108 terram.
3052 5071 3071 5107 ι
3101 5053 3255 5111 Libb.
3282 5057 3414 5113 editi
3440 5073 3456 5114 :
3480 5078 3501 5113 ι
3533 5064 3601 5118 ad

2024 5120 2221 5176 terras.
2256 5141 2275 5173 ι
2309 5120 2510 5178 ibidem
2540 5126 2709 5180 codex
2760 5123 3028 5180 Gemetic.
3088 5144 3106 5179 ι
3137 5127 3415 5185 inventam
3443 5146 3601 5188 revo-

2020 5194 2237 5246 caverit
2270 5194 2513 5249 bumeris
2540 5196 2672 5250 suis.
2707 5213 2728 5247 ι

2035 5332 2047 5384 1
2091 5262 2206 5335 (21)
2235 5263 2730 5333 Sangermanensis
2752 5281 2873 5321 cum
2894 5284 3004 5326 uno
3020 5268 3371 5327 Ebroicensi:
3396 5288 3416 5324 ι
3457 5272 3600 5327 exci-

2055 5344 2193 5384 atur.
2237 5352 2255 5384 ι

2016 5344 2193 5385 tiatur.
2237 5352 2255 5384 ι

2094 5403 2208 5473 (22)
2234 5403 2393 5459 Libb.
2436 5414 2595 5460 antea
2628 5406 2761 5461 editi
2796 5428 2808 5463 :
2848 5428 2865 5461 ι
2907 5425 2976 5463 an
3008 5409 3074 5464 de
3116 5408 3218 5464 hac
3252 5424 3485 5464 manu...
3518 5410 3599 5464 di-

2019 5473 2138 5549 cit}
2188 5476 2454 5531 Abscinde
2501 5487 2718 5549 cantet
2755 5480 2954 5549 projice
2983 5480 3081 5535 abs
3116 5481 3218 5535 te?
3265 5478 3379 5537 Hoc
3421 5490 3527 5537 est.
3566 5499 3590 5535 ι

2020 5543 2125 5599 Sed
2155 5561 2347 5602 omnes
2378 5562 2508 5601 mss.
2547 5559 2605 5600 ut
2638 5547 2687 5600 in
2715 5543 2901 5604 nostio
2932 5559 3102 5603 textu.

2090 5616 2205 5686 (‘25)
2235 5615 2437 5671 Omnes
2472 5634 2603 5672 mss.
2635 5637 2653 5668 ι
2691 5620 2786 5675 tibi
2809 5618 3161 5675 etEcclesite.
3190 5638 3209 5672 ι
3269 5618 3429 5682 Libb.
3476 5622 3592 5679 edi-

2020 5685 2059 5739 ti
2091 5704 2104 5739 :
2143 5706 2163 5737 ι
2216 5689 2308 5740 tibi
2346 5688 2621 5742 Ecclesiae.
2654 5706 2672 5738 ι

2095 5757 2208 5828 (94)
2243 5760 2446 5813 Omnes
2477 5773 2606 5814 mss.
2661 5758 2855 5816 iterum
2892 5778 2904 5815 :
2943 5778 2961 5812 t
3010 5759 3107 5815 tibi
3160 5769 3215 5819 Cl.
3244 5760 3520 5821 Ecclesia.
3563 5784 3584 5817 ι

2016 5826 2173 5885 Libb.
2214 5830 2344 5885 editi
2376 5840 2431 5884 ut
2469 5844 2653 5900 sepra.
