  <div class='ocr_page' id='page_1' title='image "/cluster/home/n/w/nwhite01/storage/ocr_20150623/12:no.2/coo.31924054873074/445.png"; bbox 0 0 4146 6396; ppageno 0'>
   <div class='ocr_carea' id='block_1_1' title="bbox 536 337 638 409">
    <p class='ocr_par' dir='ltr' id='par_1_1' title="bbox 536 337 638 409">
     <span class='ocr_line' id='line_1_1' title="bbox 536 337 638 409; baseline -0.01 -2"><span class='ocrx_word' id='word_1_1' title='bbox 536 337 638 409; x_wconf 68' lang='lat'><strong>863&#39;</strong></span> 
     </span>
    </p>
   </div>
   <div class='ocr_carea' id='block_1_2' title="bbox 2021 347 2346 405">
    <p class='ocr_par' dir='ltr' id='par_1_2' title="bbox 2021 347 2346 405">
     <span class='ocr_line' id='line_1_2' title="bbox 2021 347 2346 405; baseline -0.003 0"><span class='ocrx_word' id='word_1_2' title='bbox 2021 347 2346 405; x_wconf 78' lang='lat' dir='ltr'><strong>ORIGENIS</strong></span> 
     </span>
    </p>
   </div>
   <div class='ocr_carea' id='block_1_3' title="bbox 3693 367 3802 424">
    <p class='ocr_par' dir='ltr' id='par_1_3' title="bbox 3693 367 3802 424">
     <span class='ocr_line' id='line_1_3' title="bbox 3693 367 3802 424; baseline 0 0"><span class='ocrx_word' id='word_1_3' title='bbox 3693 367 3802 424; x_wconf 60' lang='lat'><strong>865</strong></span> 
     </span>
    </p>
   </div>
   <div class='ocr_carea' id='block_1_4' title="bbox 533 457 3799 540">
    <p class='ocr_par' dir='ltr' id='par_1_4' title="bbox 533 457 3799 540">
     <span class='ocr_line' id='line_1_4' title="bbox 533 457 3799 540; baseline 0.008 -28"><span class='ocrx_word' id='word_1_4' title='bbox 533 457 785 516; x_wconf 88' lang='lat' dir='ltr'><strong>suiteam</strong></span> <span class='ocrx_word' id='word_1_5' title='bbox 819 460 871 514; x_wconf 92' lang='lat' dir='ltr'><strong>in</strong></span> <span class='ocrx_word' id='word_1_6' title='bbox 905 461 1258 517; x_wconf 87' lang='lat' dir='ltr'><strong>tabernaculo</strong></span> <span class='ocrx_word' id='word_1_7' title='bbox 1283 476 1404 517; x_wconf 88' lang='lat' dir='ltr'><strong>suo.</strong></span> <span class='ocrx_word' id='word_1_8' title='bbox 1441 461 1557 517; x_wconf 84' lang='lat' dir='ltr'><strong>Non</strong></span> <span class='ocrx_word' id='word_1_9' title='bbox 1593 473 1722 533; x_wconf 90' lang='lat' dir='ltr'><strong>puto</strong></span> <span class='ocrx_word' id='word_1_10' title='bbox 1772 464 1824 519; x_wconf 94' lang='lat' dir='ltr'><strong>iu</strong></span> <span class='ocrx_word' id='word_1_11' title='bbox 1853 463 1947 520; x_wconf 91' lang='lat' dir='ltr'><strong>illo</strong></span> <span class='ocrx_word' id='word_1_12' title='bbox 1971 464 2113 521; x_wconf 91' lang='lat' dir='ltr'><strong>furto</strong></span> <span class='ocrx_word' id='word_1_13' title='bbox 2144 469 2189 526; x_wconf 75' lang='grc' dir='ltr'><strong>Α</strong></span> <span class='ocrx_word' id='word_1_14' title='bbox 2221 475 2312 519; x_wconf 92' lang='lat' dir='ltr'><strong>tur</strong></span> <span class='ocrx_word' id='word_1_15' title='bbox 2357 467 2548 521; x_wconf 87' lang='lat' dir='ltr'><strong>audire</strong></span> <span class='ocrx_word' id='word_1_16' title='bbox 2595 483 2694 538; x_wconf 91' lang='lat' dir='ltr'><strong>pro</strong></span> <span class='ocrx_word' id='word_1_17' title='bbox 2733 481 2800 524; x_wconf 92' lang='lat' dir='ltr'><strong>eo</strong></span> <span class='ocrx_word' id='word_1_18' title='bbox 2835 470 2979 540; x_wconf 91' lang='lat' dir='ltr'><strong>quod</strong></span> <span class='ocrx_word' id='word_1_19' title='bbox 3030 472 3210 528; x_wconf 86' lang='lat' dir='ltr'><strong>minus</strong></span> <span class='ocrx_word' id='word_1_20' title='bbox 3243 475 3577 534; x_wconf 87' lang='lat' dir='ltr'><strong>delectabilis</strong></span> <span class='ocrx_word' id='word_1_21' title='bbox 3606 496 3799 537; x_wconf 75' lang='lat' dir='ltr'><strong>eorum</strong></span> 
     </span>
    </p>
   </div>
   <div class='ocr_carea' id='block_1_5' title="bbox 535 552 2112 624">
    <p class='ocr_par' dir='ltr' id='par_1_5' title="bbox 535 552 2112 624">
     <span class='ocr_line' id='line_1_5' title="bbox 535 552 2112 624; baseline 0.006 -22"><span class='ocrx_word' id='word_1_22' title='bbox 535 554 690 618; x_wconf 87' lang='lat' dir='ltr'><strong>parvi</strong></span> <span class='ocrx_word' id='word_1_23' title='bbox 732 552 849 605; x_wconf 99' lang='lat' dir='ltr'><strong>auri</strong></span> <span class='ocrx_word' id='word_1_24' title='bbox 895 562 1101 606; x_wconf 90' lang='lat' dir='ltr'><strong>tantam</strong></span> <span class='ocrx_word' id='word_1_25' title='bbox 1134 554 1241 606; x_wconf 91' lang='lat' dir='ltr'><strong>vim</strong></span> <span class='ocrx_word' id='word_1_26' title='bbox 1278 554 1446 608; x_wconf 90' lang='lat' dir='ltr'><strong>fuisse</strong></span> <span class='ocrx_word' id='word_1_27' title='bbox 1470 557 1706 624; x_wconf 77' lang='lat' dir='ltr'><strong>peccati,</strong></span> <span class='ocrx_word' id='word_1_28' title='bbox 1741 565 1800 610; x_wconf 93' lang='lat' dir='ltr'><strong>ut</strong></span> <span class='ocrx_word' id='word_1_29' title='bbox 1851 565 1961 610; x_wconf 92' lang='lat' dir='ltr'><strong>tam</strong></span> <span class='ocrx_word' id='word_1_30' title='bbox 2015 573 2112 612; x_wconf 92' lang='lat' dir='ltr'><strong>nu-</strong></span> 
     </span>
    </p>
   </div>
   <div class='ocr_carea' id='block_1_6' title="bbox 520 641 2112 701">
    <p class='ocr_par' dir='ltr' id='par_1_6' title="bbox 520 641 2112 701">
     <span class='ocr_line' id='line_1_6' title="bbox 520 641 2112 701; baseline 0.006 -11"><span class='ocrx_word' id='word_1_31' title='bbox 520 643 806 696; x_wconf 87' lang='lat' dir='ltr'><strong>‘merosam</strong></span> <span class='ocrx_word' id='word_1_32' title='bbox 847 641 1057 695; x_wconf 92' lang='lat' dir='ltr'><strong>Domini</strong></span> <span class='ocrx_word' id='word_1_33' title='bbox 1089 642 1392 697; x_wconf 83' lang='lat' dir='ltr'><strong>Ecclesiam</strong></span> <span class='ocrx_word' id='word_1_34' title='bbox 1436 644 1756 700; x_wconf 88' lang='lat' dir='ltr'><strong>macularet.</strong></span> <span class='ocrx_word' id='word_1_35' title='bbox 1799 644 1906 700; x_wconf 90' lang='lat' dir='ltr'><strong>Sed</strong></span> <span class='ocrx_word' id='word_1_36' title='bbox 1936 647 2112 701; x_wconf 90' lang='lat' dir='ltr'><strong>videa-</strong></span> 
     </span>
    </p>
   </div>
   <div class='ocr_carea' id='block_1_7' title="bbox 524 734 2112 806">
    <p class='ocr_par' dir='ltr' id='par_1_7' title="bbox 524 734 2112 806">
     <span class='ocr_line' id='line_1_7' title="bbox 524 734 2112 806; baseline 0.004 -20"><span class='ocrx_word' id='word_1_37' title='bbox 524 749 647 787; x_wconf 86' lang='lat' dir='ltr'><strong>mus</strong></span> <span class='ocrx_word' id='word_1_38' title='bbox 675 750 742 788; x_wconf 91' lang='lat' dir='ltr'><strong>ne</strong></span> <span class='ocrx_word' id='word_1_39' title='bbox 778 734 918 789; x_wconf 91' lang='lat' dir='ltr'><strong>forte</strong></span> <span class='ocrx_word' id='word_1_40' title='bbox 969 735 1248 789; x_wconf 86' lang='lat' dir='ltr'><strong>interioris</strong></span> <span class='ocrx_word' id='word_1_41' title='bbox 1285 736 1658 806; x_wconf 63' lang='lat' dir='ltr'><strong>intelligentiae</strong></span> <span class='ocrx_word' id='word_1_42' title='bbox 1725 739 1798 793; x_wconf 87' lang='lat' dir='ltr'><strong>sit</strong></span> <span class='ocrx_word' id='word_1_43' title='bbox 1859 750 2008 793; x_wconf 90' lang='lat' dir='ltr'><strong>tanta</strong></span> <span class='ocrx_word' id='word_1_44' title='bbox 2057 750 2112 794; x_wconf 90' lang='lat' dir='ltr'><strong>et</strong></span> 
     </span>
    </p>
   </div>
   <div class='ocr_carea' id='block_1_8' title="bbox 525 829 2114 898">
    <p class='ocr_par' dir='ltr' id='par_1_8' title="bbox 525 829 2114 898">
     <span class='ocr_line' id='line_1_8' title="bbox 525 829 2114 898; baseline 0.005 -20"><span class='ocrx_word' id='word_1_45' title='bbox 525 836 637 880; x_wconf 84' lang='lat' dir='ltr'><strong>tam</strong></span> <span class='ocrx_word' id='word_1_46' title='bbox 674 830 859 894; x_wconf 80' lang='lat' dir='ltr'><strong>gravis</strong></span> <span class='ocrx_word' id='word_1_47' title='bbox 888 829 1163 882; x_wconf 91' lang='lat' dir='ltr'><strong>acerbitas</strong></span> <span class='ocrx_word' id='word_1_48' title='bbox 1200 829 1301 882; x_wconf 91' lang='lat' dir='ltr'><strong>ista</strong></span> <span class='ocrx_word' id='word_1_49' title='bbox 1333 831 1566 898; x_wconf 75' lang='lat' dir='ltr'><strong>peccati.</strong></span> <span class='ocrx_word' id='word_1_50' title='bbox 1597 830 1795 886; x_wconf 77' lang='lat' dir='ltr'><strong>Multus</strong></span> <span class='ocrx_word' id='word_1_51' title='bbox 1821 832 1986 886; x_wconf 83' lang='lat' dir='ltr'><strong>decor</strong></span> <span class='ocrx_word' id='word_1_52' title='bbox 2029 843 2114 888; x_wconf 91' lang='lat' dir='ltr'><strong>est</strong></span> 
     </span>
    </p>
   </div>
   <div class='ocr_carea' id='block_1_9' title="bbox 524 918 2109 993">
    <p class='ocr_par' dir='ltr' id='par_1_9' title="bbox 524 918 2109 993">
     <span class='ocr_line' id='line_1_9' title="bbox 524 918 2109 993; baseline 0.005 -21"><span class='ocrx_word' id='word_1_53' title='bbox 524 918 578 973; x_wconf 91' lang='lat' dir='ltr'><strong>in</strong></span> <span class='ocrx_word' id='word_1_54' title='bbox 605 921 810 986; x_wconf 83' lang='lat' dir='ltr'><strong>verbis,</strong></span> <span class='ocrx_word' id='word_1_55' title='bbox 835 931 887 974; x_wconf 89' lang='lat' dir='ltr'><strong>et</strong></span> <span class='ocrx_word' id='word_1_56' title='bbox 926 920 1096 973; x_wconf 84' lang='lat' dir='ltr'><strong>multa</strong></span> <span class='ocrx_word' id='word_1_57' title='bbox 1121 921 1175 974; x_wconf 91' lang='lat' dir='ltr'><strong>in</strong></span> <span class='ocrx_word' id='word_1_58' title='bbox 1214 922 1662 993; x_wconf 83' lang='lat' dir='ltr'><strong>philosophorum</strong></span> <span class='ocrx_word' id='word_1_59' title='bbox 1692 925 1776 980; x_wconf 89' lang='lat' dir='ltr'><strong>vel</strong></span> <span class='ocrx_word' id='word_1_60' title='bbox 1828 926 2109 980; x_wconf 75' lang='lat' dir='ltr'><strong>rhetorum</strong></span> 
     </span>
    </p>
   </div>
   <div class='ocr_carea' id='block_1_10' title="bbox 521 1014 2111 1087">
    <p class='ocr_par' dir='ltr' id='par_1_10' title="bbox 521 1014 2111 1087">
     <span class='ocr_line' id='line_1_10' title="bbox 521 1014 2111 1087; baseline 0.006 -22"><span class='ocrx_word' id='word_1_61' title='bbox 521 1014 870 1068; x_wconf 80' lang='lat' dir='ltr'><strong>sermonibus</strong></span> <span class='ocrx_word' id='word_1_62' title='bbox 925 1014 1273 1084; x_wconf 82' lang='lat' dir='ltr'><strong>pulchritudo</strong></span> <span class='ocrx_word' id='word_1_63' title='bbox 1305 1055 1320 1082; x_wconf 95' lang='lat'><strong>,</strong></span> <span class='ocrx_word' id='word_1_64' title='bbox 1378 1017 1470 1087; x_wconf 92' lang='lat' dir='ltr'><strong>qui</strong></span> <span class='ocrx_word' id='word_1_65' title='bbox 1521 1033 1714 1074; x_wconf 89' lang='lat' dir='ltr'><strong>omnes</strong></span> <span class='ocrx_word' id='word_1_66' title='bbox 1759 1019 1828 1074; x_wconf 87' lang='lat' dir='ltr'><strong>de</strong></span> <span class='ocrx_word' id='word_1_67' title='bbox 1889 1021 2111 1076; x_wconf 86' lang='lat' dir='ltr'><strong>civitate</strong></span> 
     </span>
    </p>
   </div>
   <div class='ocr_carea' id='block_1_11' title="bbox 521 1104 2110 1183">
    <p class='ocr_par' dir='ltr' id='par_1_11' title="bbox 521 1104 2110 1183">
     <span class='ocr_line' id='line_1_11' title="bbox 521 1104 2110 1183; baseline 0.008 -26"><span class='ocrx_word' id='word_1_68' title='bbox 521 1116 650 1157; x_wconf 91' lang='lat' dir='ltr'><strong>sunt</strong></span> <span class='ocrx_word' id='word_1_69' title='bbox 687 1104 932 1170; x_wconf 88' lang='lat' dir='ltr'><strong>Jericho,</strong></span> <span class='ocrx_word' id='word_1_70' title='bbox 967 1108 1018 1162; x_wconf 88' lang='lat' dir='ltr'><strong>id</strong></span> <span class='ocrx_word' id='word_1_71' title='bbox 1048 1117 1154 1174; x_wconf 90' lang='lat' dir='ltr'><strong>est,</strong></span> <span class='ocrx_word' id='word_1_72' title='bbox 1183 1109 1343 1178; x_wconf 86' lang='lat' dir='ltr'><strong>hujus</strong></span> <span class='ocrx_word' id='word_1_73' title='bbox 1364 1112 1554 1166; x_wconf 89' lang='lat' dir='ltr'><strong>mundi</strong></span> <span class='ocrx_word' id='word_1_74' title='bbox 1589 1111 1860 1167; x_wconf 83' lang='lat' dir='ltr'><strong>homines.</strong></span> <span class='ocrx_word' id='word_1_75' title='bbox 1893 1112 1949 1166; x_wconf 90' lang='lat' dir='ltr'><strong>Si</strong></span> <span class='ocrx_word' id='word_1_76' title='bbox 1981 1130 2110 1183; x_wconf 84' lang='lat' dir='ltr'><strong>ergo</strong></span> 
     </span>
    </p>
   </div>
   <div class='ocr_carea' id='block_1_12' title="bbox 522 1199 2106 1276">
    <p class='ocr_par' dir='ltr' id='par_1_12' title="bbox 522 1199 2106 1276">
     <span class='ocr_line' id='line_1_12' title="bbox 522 1199 2106 1276; baseline 0.006 -25"><span class='ocrx_word' id='word_1_77' title='bbox 522 1199 776 1253; x_wconf 80' lang='lat' dir='ltr'><strong>invenias</strong></span> <span class='ocrx_word' id='word_1_78' title='bbox 804 1203 947 1270; x_wconf 82' lang='lat' dir='ltr'><strong>apud</strong></span> <span class='ocrx_word' id='word_1_79' title='bbox 985 1202 1335 1272; x_wconf 91' lang='lat' dir='ltr'><strong>philosophos</strong></span> <span class='ocrx_word' id='word_1_80' title='bbox 1382 1220 1639 1275; x_wconf 89' lang='lat' dir='ltr'><strong>perversa</strong></span> <span class='ocrx_word' id='word_1_81' title='bbox 1670 1207 1920 1276; x_wconf 78' lang='lat' dir='ltr'><strong>dogmata</strong></span> <span class='ocrx_word' id='word_1_82' title='bbox 1957 1207 2106 1262; x_wconf 90' lang='lat' dir='ltr'><strong>Iucu-</strong></span> 
     </span>
    </p>
   </div>
   <div class='ocr_carea' id='block_1_13' title="bbox 523 1290 2106 1364">
    <p class='ocr_par' dir='ltr' id='par_1_13' title="bbox 523 1290 2106 1364">
     <span class='ocr_line' id='line_1_13' title="bbox 523 1290 2106 1364; baseline 0.006 -21"><span class='ocrx_word' id='word_1_83' title='bbox 523 1290 652 1344; x_wconf 91' lang='lat' dir='ltr'><strong>Ienti</strong></span> <span class='ocrx_word' id='word_1_84' title='bbox 677 1296 946 1348; x_wconf 83' lang='lat' dir='ltr'><strong>sermonis</strong></span> <span class='ocrx_word' id='word_1_85' title='bbox 990 1294 1384 1351; x_wconf 89' lang='lat' dir='ltr'><strong>assertionibus</strong></span> <span class='ocrx_word' id='word_1_86' title='bbox 1418 1299 1674 1353; x_wconf 85' lang='lat' dir='ltr'><strong>decorata</strong></span> <span class='ocrx_word' id='word_1_87' title='bbox 1700 1339 1715 1364; x_wconf 96' lang='lat'><strong>,</strong></span> <span class='ocrx_word' id='word_1_88' title='bbox 1743 1301 1843 1353; x_wconf 85' lang='lat' dir='ltr'><strong>ista</strong></span> <span class='ocrx_word' id='word_1_89' title='bbox 1876 1309 1955 1352; x_wconf 90' lang='lat' dir='ltr'><strong>est</strong></span> <span class='ocrx_word' id='word_1_90' title='bbox 2010 1299 2106 1352; x_wconf 85' lang='lat' dir='ltr'><strong>liti-</strong></span> 
     </span>
    </p>
   </div>
   <div class='ocr_carea' id='block_1_14' title="bbox 520 1387 2107 1462">
    <p class='ocr_par' dir='ltr' id='par_1_14' title="bbox 520 1387 2107 1462">
     <span class='ocr_line' id='line_1_14' title="bbox 520 1387 2107 1462; baseline 0.007 -25"><span class='ocrx_word' id='word_1_91' title='bbox 520 1400 622 1454; x_wconf 87' lang='lat' dir='ltr'><strong>gua</strong></span> <span class='ocrx_word' id='word_1_92' title='bbox 651 1402 838 1440; x_wconf 89' lang='lat' dir='ltr'><strong>aurea.</strong></span> <span class='ocrx_word' id='word_1_93' title='bbox 877 1387 983 1441; x_wconf 87' lang='lat' dir='ltr'><strong>Sed</strong></span> <span class='ocrx_word' id='word_1_94' title='bbox 1013 1388 1135 1444; x_wconf 82' lang='lat' dir='ltr'><strong>vide</strong></span> <span class='ocrx_word' id='word_1_95' title='bbox 1166 1403 1235 1443; x_wconf 83' lang='lat' dir='ltr'><strong>ne</strong></span> <span class='ocrx_word' id='word_1_96' title='bbox 1259 1399 1310 1444; x_wconf 88' lang='lat' dir='ltr'><strong>te</strong></span> <span class='ocrx_word' id='word_1_97' title='bbox 1337 1390 1572 1460; x_wconf 88' lang='lat' dir='ltr'><strong>decipiat</strong></span> <span class='ocrx_word' id='word_1_98' title='bbox 1606 1389 1779 1461; x_wconf 80' lang='lat' dir='ltr'><strong>fulgor</strong></span> <span class='ocrx_word' id='word_1_99' title='bbox 1804 1392 2006 1462; x_wconf 85' lang='lat' dir='ltr'><strong>operis,</strong></span> <span class='ocrx_word' id='word_1_100' title='bbox 2041 1409 2107 1448; x_wconf 91' lang='lat' dir='ltr'><strong>ne</strong></span> 
     </span>
    </p>
   </div>
   <div class='ocr_carea' id='block_1_15' title="bbox 521 1479 2100 1551">
    <p class='ocr_par' dir='ltr' id='par_1_15' title="bbox 521 1479 2100 1551">
     <span class='ocr_line' id='line_1_15' title="bbox 521 1479 2100 1551; baseline 0.005 -21"><span class='ocrx_word' id='word_1_101' title='bbox 521 1486 576 1531; x_wconf 93' lang='lat' dir='ltr'><strong>te</strong></span> <span class='ocrx_word' id='word_1_102' title='bbox 611 1479 787 1547; x_wconf 80' lang='lat' dir='ltr'><strong>rapiat</strong></span> <span class='ocrx_word' id='word_1_103' title='bbox 819 1482 1090 1535; x_wconf 88' lang='lat' dir='ltr'><strong>sermonis</strong></span> <span class='ocrx_word' id='word_1_104' title='bbox 1143 1482 1294 1536; x_wconf 91' lang='lat' dir='ltr'><strong>aurei</strong></span> <span class='ocrx_word' id='word_1_105' title='bbox 1344 1482 1692 1551; x_wconf 89' lang='lat' dir='ltr'><strong>pulchritudo</strong></span> <span class='ocrx_word' id='word_1_106' title='bbox 1739 1499 1752 1534; x_wconf 92' lang='lat'><strong>:</strong></span> <span class='ocrx_word' id='word_1_107' title='bbox 1800 1495 2100 1550; x_wconf 90' lang='lat' dir='ltr'><strong>memento,</strong></span> 
     </span>
    </p>
   </div>
   <div class='ocr_carea' id='block_1_16' title="bbox 519 1571 2104 1646">
    <p class='ocr_par' dir='ltr' id='par_1_16' title="bbox 519 1571 2104 1646">
     <span class='ocr_line' id='line_1_16' title="bbox 519 1571 2104 1646; baseline 0.006 -23"><span class='ocrx_word' id='word_1_108' title='bbox 519 1571 644 1639; x_wconf 86' lang='lat' dir='ltr'><strong>quia</strong></span> <span class='ocrx_word' id='word_1_109' title='bbox 679 1571 841 1626; x_wconf 83' lang='lat' dir='ltr'><strong>.lcsus</strong></span> <span class='ocrx_word' id='word_1_110' title='bbox 868 1575 1162 1627; x_wconf 84' lang='lat' dir='ltr'><strong>anathema</strong></span> <span class='ocrx_word' id='word_1_111' title='bbox 1185 1574 1347 1641; x_wconf 89' lang='lat' dir='ltr'><strong>jussit</strong></span> <span class='ocrx_word' id='word_1_112' title='bbox 1375 1591 1496 1630; x_wconf 91' lang='lat' dir='ltr'><strong>esse</strong></span> <span class='ocrx_word' id='word_1_113' title='bbox 1523 1591 1688 1630; x_wconf 91' lang='lat' dir='ltr'><strong>omne</strong></span> <span class='ocrx_word' id='word_1_114' title='bbox 1716 1594 1908 1630; x_wconf 90' lang='lat' dir='ltr'><strong>aurum</strong></span> <span class='ocrx_word' id='word_1_115' title='bbox 1959 1580 2104 1646; x_wconf 86' lang='lat' dir='ltr'><strong>quod</strong></span> 
     </span>
    </p>
   </div>
   <div class='ocr_carea' id='block_1_17' title="bbox 519 1662 2103 1738">
    <p class='ocr_par' dir='ltr' id='par_1_17' title="bbox 519 1662 2103 1738">
     <span class='ocr_line' id='line_1_17' title="bbox 519 1662 2103 1738; baseline 0.009 -25"><span class='ocrx_word' id='word_1_116' title='bbox 519 1663 572 1715; x_wconf 92' lang='lat' dir='ltr'><strong>in</strong></span> <span class='ocrx_word' id='word_1_117' title='bbox 595 1662 816 1717; x_wconf 81' lang='lat' dir='ltr'><strong>Jericlio</strong></span> <span class='ocrx_word' id='word_1_118' title='bbox 854 1665 1016 1720; x_wconf 92' lang='lat' dir='ltr'><strong>fuerit</strong></span> <span class='ocrx_word' id='word_1_119' title='bbox 1043 1667 1346 1721; x_wconf 86' lang='lat' dir='ltr'><strong>inventum.</strong></span> <span class='ocrx_word' id='word_1_120' title='bbox 1384 1667 1439 1722; x_wconf 90' lang='lat' dir='ltr'><strong>Si</strong></span> <span class='ocrx_word' id='word_1_121' title='bbox 1488 1679 1700 1737; x_wconf 90' lang='lat' dir='ltr'><strong>poetam</strong></span> <span class='ocrx_word' id='word_1_122' title='bbox 1752 1669 1950 1738; x_wconf 85' lang='lat' dir='ltr'><strong>legeris</strong></span> <span class='ocrx_word' id='word_1_123' title='bbox 1989 1687 2103 1726; x_wconf 83' lang='lat' dir='ltr'><strong>mo-</strong></span> 
     </span>
    </p>
   </div>
   <div class='ocr_carea' id='block_1_18' title="bbox 519 1755 2103 1828">
    <p class='ocr_par' dir='ltr' id='par_1_18' title="bbox 519 1755 2103 1828">
     <span class='ocr_line' id='line_1_18' title="bbox 519 1755 2103 1828; baseline 0.008 -22"><span class='ocrx_word' id='word_1_124' title='bbox 519 1755 718 1810; x_wconf 89' lang='lat' dir='ltr'><strong>dulatis</strong></span> <span class='ocrx_word' id='word_1_125' title='bbox 743 1756 1013 1822; x_wconf 77' lang='lat' dir='ltr'><strong>versibus,</strong></span> <span class='ocrx_word' id='word_1_126' title='bbox 1054 1766 1106 1810; x_wconf 91' lang='lat' dir='ltr'><strong>et</strong></span> <span class='ocrx_word' id='word_1_127' title='bbox 1132 1759 1447 1828; x_wconf 82' lang='lat' dir='ltr'><strong>praefulgido</strong></span> <span class='ocrx_word' id='word_1_128' title='bbox 1477 1763 1722 1816; x_wconf 91' lang='lat' dir='ltr'><strong>carmine</strong></span> <span class='ocrx_word' id='word_1_129' title='bbox 1769 1762 1900 1816; x_wconf 92' lang='lat' dir='ltr'><strong>deos</strong></span> <span class='ocrx_word' id='word_1_130' title='bbox 1947 1763 2103 1818; x_wconf 83' lang='lat' dir='ltr'><strong>deas-</strong></span> 
     </span>
    </p>
   </div>
   <div class='ocr_carea' id='block_1_19' title="bbox 516 1849 2096 1923">
    <p class='ocr_par' dir='ltr' id='par_1_19' title="bbox 516 1849 2096 1923">
     <span class='ocr_line' id='line_1_19' title="bbox 516 1849 2096 1923; baseline 0.008 -25"><span class='ocrx_word' id='word_1_131' title='bbox 516 1861 622 1914; x_wconf 85' lang='lat' dir='ltr'><strong>que</strong></span> <span class='ocrx_word' id='word_1_132' title='bbox 649 1857 943 1912; x_wconf 87' lang='lat' dir='ltr'><strong>texentem,</strong></span> <span class='ocrx_word' id='word_1_133' title='bbox 974 1864 1043 1902; x_wconf 92' lang='lat' dir='ltr'><strong>ne</strong></span> <span class='ocrx_word' id='word_1_134' title='bbox 1095 1849 1382 1906; x_wconf 87' lang='lat' dir='ltr'><strong>delecteris</strong></span> <span class='ocrx_word' id='word_1_135' title='bbox 1433 1853 1760 1923; x_wconf 67' lang='lat' dir='ltr'><strong>eloquentiae</strong></span> <span class='ocrx_word' id='word_1_136' title='bbox 1807 1854 2096 1910; x_wconf 90' lang='lat' dir='ltr'><strong>suavitate.</strong></span> 
     </span>
    </p>
   </div>
   <div class='ocr_carea' id='block_1_20' title="bbox 515 1939 2094 2017">
    <p class='ocr_par' dir='ltr' id='par_1_20' title="bbox 515 1939 2094 2017">
     <span class='ocr_line' id='line_1_20' title="bbox 515 1939 2094 2017; baseline 0.008 -26"><span class='ocrx_word' id='word_1_137' title='bbox 515 1939 724 2008; x_wconf 82' lang='lat' dir='ltr'><strong>Lingua</strong></span> <span class='ocrx_word' id='word_1_138' title='bbox 759 1955 925 1994; x_wconf 87' lang='lat' dir='ltr'><strong>aurea</strong></span> <span class='ocrx_word' id='word_1_139' title='bbox 949 1952 1032 1994; x_wconf 90' lang='lat' dir='ltr'><strong>cst</strong></span> <span class='ocrx_word' id='word_1_140' title='bbox 1058 1957 1073 1994; x_wconf 92' lang='lat'><strong>:</strong></span> <span class='ocrx_word' id='word_1_141' title='bbox 1101 1943 1145 1995; x_wconf 94' lang='lat' dir='ltr'><strong>si</strong></span> <span class='ocrx_word' id='word_1_142' title='bbox 1177 1958 1296 1998; x_wconf 90' lang='lat' dir='ltr'><strong>eam</strong></span> <span class='ocrx_word' id='word_1_143' title='bbox 1344 1946 1634 2001; x_wconf 88' lang='lat' dir='ltr'><strong>sustuleris</strong></span> <span class='ocrx_word' id='word_1_144' title='bbox 1654 1957 1709 2002; x_wconf 90' lang='lat' dir='ltr'><strong>et</strong></span> <span class='ocrx_word' id='word_1_145' title='bbox 1757 1949 2004 2017; x_wconf 83' lang='lat' dir='ltr'><strong>posueris</strong></span> <span class='ocrx_word' id='word_1_146' title='bbox 2041 1950 2094 2003; x_wconf 92' lang='lat' dir='ltr'><strong>in</strong></span> 
     </span>
    </p>
   </div>
   <div class='ocr_carea' id='block_1_21' title="bbox 515 2032 2094 2099">
    <p class='ocr_par' dir='ltr' id='par_1_21' title="bbox 515 2032 2094 2099">
     <span class='ocr_line' id='line_1_21' title="bbox 515 2032 2094 2099; baseline 0.01 -18"><span class='ocrx_word' id='word_1_147' title='bbox 515 2032 872 2087; x_wconf 90' lang='lat' dir='ltr'><strong>tabernaculo</strong></span> <span class='ocrx_word' id='word_1_148' title='bbox 906 2042 1044 2088; x_wconf 84' lang='lat' dir='ltr'><strong>tuo:</strong></span> <span class='ocrx_word' id='word_1_149' title='bbox 1103 2035 1149 2088; x_wconf 87' lang='lat' dir='ltr'><strong>si</strong></span> <span class='ocrx_word' id='word_1_150' title='bbox 1191 2036 1559 2094; x_wconf 88' lang='lat' dir='ltr'><strong>introduxeris</strong></span> <span class='ocrx_word' id='word_1_151' title='bbox 1612 2041 1662 2094; x_wconf 91' lang='lat' dir='ltr'><strong>in</strong></span> <span class='ocrx_word' id='word_1_152' title='bbox 1709 2058 1805 2098; x_wconf 91' lang='lat' dir='ltr'><strong>cor</strong></span> <span class='ocrx_word' id='word_1_153' title='bbox 1852 2054 2001 2099; x_wconf 91' lang='lat' dir='ltr'><strong>tuum</strong></span> <span class='ocrx_word' id='word_1_154' title='bbox 2033 2058 2094 2097; x_wconf 91' lang='lat' dir='ltr'><strong>ea</strong></span> 
     </span>
    </p>
   </div>
   <div class='ocr_carea' id='block_1_22' title="bbox 513 2126 2094 2196">
    <p class='ocr_par' dir='ltr' id='par_1_22' title="bbox 513 2126 2094 2196">
     <span class='ocr_line' id='line_1_22' title="bbox 513 2126 2094 2196; baseline 0.008 -19"><span class='ocrx_word' id='word_1_155' title='bbox 513 2139 638 2192; x_wconf 73' lang='lat' dir='ltr'><strong>qua:</strong></span> <span class='ocrx_word' id='word_1_156' title='bbox 665 2126 735 2179; x_wconf 90' lang='lat' dir='ltr'><strong>ab</strong></span> <span class='ocrx_word' id='word_1_157' title='bbox 757 2126 864 2180; x_wconf 91' lang='lat' dir='ltr'><strong>illis</strong></span> <span class='ocrx_word' id='word_1_158' title='bbox 895 2137 1239 2192; x_wconf 86' lang='lat' dir='ltr'><strong>asseruntur,</strong></span> <span class='ocrx_word' id='word_1_159' title='bbox 1289 2130 1495 2196; x_wconf 88' lang='lat' dir='ltr'><strong>pollues</strong></span> <span class='ocrx_word' id='word_1_160' title='bbox 1521 2147 1740 2186; x_wconf 83' lang='lat' dir='ltr'><strong>omnem</strong></span> <span class='ocrx_word' id='word_1_161' title='bbox 1795 2135 2094 2191; x_wconf 79' lang='lat' dir='ltr'><strong>Ecclesium</strong></span> 
     </span>
    </p>
   </div>
   <div class='ocr_carea' id='block_1_23' title="bbox 514 2216 2090 2295">
    <p class='ocr_par' dir='ltr' id='par_1_23' title="bbox 514 2216 2090 2295">
     <span class='ocr_line' id='line_1_23' title="bbox 514 2216 2090 2295; baseline 0.011 -27"><span class='ocrx_word' id='word_1_162' title='bbox 514 2216 748 2271; x_wconf 83' lang='lat' dir='ltr'><strong>Domini.</strong></span> <span class='ocrx_word' id='word_1_163' title='bbox 787 2218 900 2275; x_wconf 92' lang='lat' dir='ltr'><strong>lloe</strong></span> <span class='ocrx_word' id='word_1_164' title='bbox 933 2219 1062 2273; x_wconf 88' lang='lat' dir='ltr'><strong>fecit</strong></span> <span class='ocrx_word' id='word_1_165' title='bbox 1088 2219 1280 2275; x_wconf 78' lang='lat' dir='ltr'><strong>infelix</strong></span> <span class='ocrx_word' id='word_1_166' title='bbox 1323 2221 1658 2290; x_wconf 81' lang='lat' dir='ltr'><strong>Valentinus,</strong></span> <span class='ocrx_word' id='word_1_167' title='bbox 1702 2235 1756 2281; x_wconf 90' lang='lat' dir='ltr'><strong>et</strong></span> <span class='ocrx_word' id='word_1_168' title='bbox 1802 2228 2090 2295; x_wconf 84' lang='lat' dir='ltr'><strong>Basilides,</strong></span> 
     </span>
    </p>
   </div>
   <div class='ocr_carea' id='block_1_24' title="bbox 514 2311 2091 2391">
    <p class='ocr_par' dir='ltr' id='par_1_24' title="bbox 514 2311 2091 2391">
     <span class='ocr_line' id='line_1_24' title="bbox 514 2311 2091 2391; baseline 0.01 -28"><span class='ocrx_word' id='word_1_169' title='bbox 514 2311 618 2365; x_wconf 89' lang='lat' dir='ltr'><strong>hoc</strong></span> <span class='ocrx_word' id='word_1_170' title='bbox 644 2311 772 2364; x_wconf 92' lang='lat' dir='ltr'><strong>fecit</strong></span> <span class='ocrx_word' id='word_1_171' title='bbox 797 2323 850 2366; x_wconf 91' lang='lat' dir='ltr'><strong>et</strong></span> <span class='ocrx_word' id='word_1_172' title='bbox 875 2313 1114 2372; x_wconf 82' lang='lat' dir='ltr'><strong>Marcion</strong></span> <span class='ocrx_word' id='word_1_173' title='bbox 1148 2318 1435 2373; x_wconf 72' lang='lat' dir='ltr'><strong>bmreticus</strong></span> <span class='ocrx_word' id='word_1_174' title='bbox 1458 2319 1593 2391; x_wconf 74' lang='grc'><strong>(25).</strong></span> <span class='ocrx_word' id='word_1_175' title='bbox 1629 2321 1816 2376; x_wconf 88' lang='lat' dir='ltr'><strong>Furati</strong></span> <span class='ocrx_word' id='word_1_176' title='bbox 1849 2336 1977 2379; x_wconf 92' lang='lat' dir='ltr'><strong>sunt</strong></span> <span class='ocrx_word' id='word_1_177' title='bbox 2004 2326 2091 2381; x_wconf 89' lang='lat' dir='ltr'><strong>isti</strong></span> 
     </span>
    </p>
   </div>
   <div class='ocr_carea' id='block_1_25' title="bbox 513 2401 2092 2485">
    <p class='ocr_par' dir='ltr' id='par_1_25' title="bbox 513 2401 2092 2485">
     <span class='ocr_line' id='line_1_25' title="bbox 513 2401 2092 2485; baseline 0.013 -32"><span class='ocrx_word' id='word_1_178' title='bbox 513 2401 726 2472; x_wconf 86' lang='lat' dir='ltr'><strong>linguas</strong></span> <span class='ocrx_word' id='word_1_179' title='bbox 770 2420 968 2460; x_wconf 88' lang='lat' dir='ltr'><strong>aureas</strong></span> <span class='ocrx_word' id='word_1_180' title='bbox 994 2407 1059 2461; x_wconf 92' lang='lat' dir='ltr'><strong>de</strong></span> <span class='ocrx_word' id='word_1_181' title='bbox 1097 2407 1338 2475; x_wconf 79' lang='lat' dir='ltr'><strong>Iericho,</strong></span> <span class='ocrx_word' id='word_1_182' title='bbox 1397 2421 1452 2466; x_wconf 89' lang='lat' dir='ltr'><strong>et</strong></span> <span class='ocrx_word' id='word_1_183' title='bbox 1499 2413 1943 2485; x_wconf 90' lang='lat' dir='ltr'><strong>philosophorum</strong></span> <span class='ocrx_word' id='word_1_184' title='bbox 1993 2435 2092 2472; x_wconf 83' lang='lat' dir='ltr'><strong>no-</strong></span> 
     </span>
    </p>
   </div>
   <div class='ocr_carea' id='block_1_26' title="bbox 511 2495 2092 2566">
    <p class='ocr_par' dir='ltr' id='par_1_26' title="bbox 511 2495 2092 2566">
     <span class='ocr_line' id='line_1_26' title="bbox 511 2495 2092 2566; baseline 0.009 -16"><span class='ocrx_word' id='word_1_185' title='bbox 511 2495 596 2550; x_wconf 87' lang='lat' dir='ltr'><strong>bis</strong></span> <span class='ocrx_word' id='word_1_186' title='bbox 620 2510 726 2550; x_wconf 90' lang='lat' dir='ltr'><strong>non</strong></span> <span class='ocrx_word' id='word_1_187' title='bbox 759 2508 938 2554; x_wconf 89' lang='lat' dir='ltr'><strong>rectas</strong></span> <span class='ocrx_word' id='word_1_188' title='bbox 965 2499 1018 2552; x_wconf 92' lang='lat' dir='ltr'><strong>in</strong></span> <span class='ocrx_word' id='word_1_189' title='bbox 1050 2499 1322 2557; x_wconf 87' lang='lat' dir='ltr'><strong>Eeclesias</strong></span> <span class='ocrx_word' id='word_1_190' title='bbox 1361 2503 1712 2562; x_wconf 90' lang='lat' dir='ltr'><strong>introducere</strong></span> <span class='ocrx_word' id='word_1_191' title='bbox 1760 2511 1937 2565; x_wconf 86' lang='lat' dir='ltr'><strong>renati</strong></span> <span class='ocrx_word' id='word_1_192' title='bbox 1966 2521 2092 2566; x_wconf 87' lang='lat' dir='ltr'><strong>sunt</strong></span> 
     </span>
    </p>
   </div>
   <div class='ocr_carea' id='block_1_27' title="bbox 509 2589 2088 2657">
    <p class='ocr_par' dir='ltr' id='par_1_27' title="bbox 509 2589 2088 2657">
     <span class='ocr_line' id='line_1_27' title="bbox 509 2589 2088 2657; baseline 0.011 -18"><span class='ocrx_word' id='word_1_193' title='bbox 509 2598 715 2653; x_wconf 79' lang='lat' dir='ltr'><strong>sectas,</strong></span> <span class='ocrx_word' id='word_1_194' title='bbox 742 2597 797 2642; x_wconf 91' lang='lat' dir='ltr'><strong>et</strong></span> <span class='ocrx_word' id='word_1_195' title='bbox 821 2589 1062 2656; x_wconf 90' lang='lat' dir='ltr'><strong>polluere</strong></span> <span class='ocrx_word' id='word_1_196' title='bbox 1095 2606 1312 2647; x_wconf 87' lang='lat' dir='ltr'><strong>omnem</strong></span> <span class='ocrx_word' id='word_1_197' title='bbox 1357 2594 1656 2652; x_wconf 84' lang='lat' dir='ltr'><strong>Ecclesiam</strong></span> <span class='ocrx_word' id='word_1_198' title='bbox 1697 2599 1929 2656; x_wconf 90' lang='lat' dir='ltr'><strong>Domini.</strong></span> <span class='ocrx_word' id='word_1_199' title='bbox 1982 2603 2088 2657; x_wconf 87' lang='lat' dir='ltr'><strong>Sed</strong></span> 
     </span>
    </p>
   </div>
   <div class='ocr_carea' id='block_1_28' title="bbox 511 2681 2089 2762">
    <p class='ocr_par' dir='ltr' id='par_1_28' title="bbox 511 2681 2089 2762">
     <span class='ocr_line' id='line_1_28' title="bbox 511 2681 2089 2762; baseline 0.011 -31"><span class='ocrx_word' id='word_1_200' title='bbox 511 2694 609 2731; x_wconf 90' lang='lat' dir='ltr'><strong>nos</strong></span> <span class='ocrx_word' id='word_1_201' title='bbox 634 2681 953 2747; x_wconf 68' lang='lat' dir='ltr'><strong>prazcedens</strong></span> <span class='ocrx_word' id='word_1_202' title='bbox 1003 2681 1222 2736; x_wconf 84' lang='lat' dir='ltr'><strong>Patrum</strong></span> <span class='ocrx_word' id='word_1_203' title='bbox 1256 2699 1550 2755; x_wconf 89' lang='lat' dir='ltr'><strong>sequamur</strong></span> <span class='ocrx_word' id='word_1_204' title='bbox 1597 2692 1940 2762; x_wconf 83' lang='lat' dir='ltr'><strong>exemplum,</strong></span> <span class='ocrx_word' id='word_1_205' title='bbox 1977 2695 2089 2748; x_wconf 91' lang='lat' dir='ltr'><strong>dis-</strong></span> 
     </span>
    </p>
   </div>
   <div class='ocr_carea' id='block_1_29' title="bbox 509 2773 2088 2848">
    <p class='ocr_par' dir='ltr' id='par_1_29' title="bbox 509 2773 2088 2848">
     <span class='ocr_line' id='line_1_29' title="bbox 509 2773 2088 2848; baseline 0.011 -25"><span class='ocrx_word' id='word_1_206' title='bbox 509 2774 777 2828; x_wconf 89' lang='lat' dir='ltr'><strong>cutiamus</strong></span> <span class='ocrx_word' id='word_1_207' title='bbox 819 2773 1138 2843; x_wconf 87' lang='lat' dir='ltr'><strong>diligentius</strong></span> <span class='ocrx_word' id='word_1_208' title='bbox 1178 2793 1245 2832; x_wconf 91' lang='lat' dir='ltr'><strong>ne</strong></span> <span class='ocrx_word' id='word_1_209' title='bbox 1296 2781 1420 2848; x_wconf 90' lang='lat' dir='ltr'><strong>quis</strong></span> <span class='ocrx_word' id='word_1_210' title='bbox 1467 2784 1845 2840; x_wconf 87' lang='lat' dir='ltr'><strong>absconditam</strong></span> <span class='ocrx_word' id='word_1_211' title='bbox 1903 2787 1956 2840; x_wconf 93' lang='lat' dir='ltr'><strong>in</strong></span> <span class='ocrx_word' id='word_1_212' title='bbox 2007 2798 2088 2840; x_wconf 90' lang='lat' dir='ltr'><strong>ta-</strong></span> 
     </span>
    </p>
   </div>
   <div class='ocr_carea' id='block_1_30' title="bbox 508 2862 2087 2949">
    <p class='ocr_par' dir='ltr' id='par_1_30' title="bbox 508 2862 2087 2949">
     <span class='ocr_line' id='line_1_30' title="bbox 508 2862 2087 2949; baseline 0.01 -33"><span class='ocrx_word' id='word_1_213' title='bbox 508 2862 802 2920; x_wconf 83' lang='lat' dir='ltr'><strong>bernaculo</strong></span> <span class='ocrx_word' id='word_1_214' title='bbox 867 2881 966 2920; x_wconf 92' lang='lat' dir='ltr'><strong>suo</strong></span> <span class='ocrx_word' id='word_1_215' title='bbox 1024 2868 1220 2926; x_wconf 90' lang='lat' dir='ltr'><strong>habeat</strong></span> <span class='ocrx_word' id='word_1_216' title='bbox 1265 2871 1653 2933; x_wconf 88' lang='lat' dir='ltr'><strong>.Icrichontiam</strong></span> <span class='ocrx_word' id='word_1_217' title='bbox 1701 2879 1970 2949; x_wconf 78' lang='lat' dir='ltr'><strong>linguam,</strong></span> <span class='ocrx_word' id='word_1_218' title='bbox 2031 2888 2087 2932; x_wconf 93' lang='lat' dir='ltr'><strong>et</strong></span> 
     </span>
    </p>
   </div>
   <div class='ocr_carea' id='block_1_31' title="bbox 507 2953 2080 3038">
    <p class='ocr_par' dir='ltr' id='par_1_31' title="bbox 507 2953 2080 3038">
     <span class='ocr_line' id='line_1_31' title="bbox 507 2953 2080 3038; baseline 0.011 -32"><span class='ocrx_word' id='word_1_219' title='bbox 507 2953 824 3022; x_wconf 85' lang='lat' dir='ltr'><strong>abjiciamus</strong></span> <span class='ocrx_word' id='word_1_220' title='bbox 859 2960 1057 3014; x_wconf 87' lang='lat' dir='ltr'><strong>malum</strong></span> <span class='ocrx_word' id='word_1_221' title='bbox 1104 2976 1170 3015; x_wconf 85' lang='lat' dir='ltr'><strong>ex</strong></span> <span class='ocrx_word' id='word_1_222' title='bbox 1227 2964 1386 3020; x_wconf 91' lang='lat' dir='ltr'><strong>nobis</strong></span> <span class='ocrx_word' id='word_1_223' title='bbox 1433 2967 1590 3038; x_wconf 82' lang='lat' dir='ltr'><strong>ipsis,</strong></span> <span class='ocrx_word' id='word_1_224' title='bbox 1652 2971 1783 3038; x_wconf 87' lang='lat' dir='ltr'><strong>quia</strong></span> <span class='ocrx_word' id='word_1_225' title='bbox 1824 2969 1986 3023; x_wconf 89' lang='lat' dir='ltr'><strong>etiam</strong></span> <span class='ocrx_word' id='word_1_226' title='bbox 2036 2970 2080 3023; x_wconf 88' lang='lat' dir='ltr'><strong>si</strong></span> 
     </span>
    </p>
   </div>
   <div class='ocr_carea' id='block_1_32' title="bbox 503 3061 2082 3133">
    <p class='ocr_par' dir='ltr' id='par_1_32' title="bbox 503 3061 2082 3133">
     <span class='ocr_line' id='line_1_32' title="bbox 503 3061 2082 3133; baseline 0.01 -31"><span class='ocrx_word' id='word_1_227' title='bbox 503 3067 602 3107; x_wconf 90' lang='lat' dir='ltr'><strong>nos</strong></span> <span class='ocrx_word' id='word_1_228' title='bbox 638 3068 918 3110; x_wconf 89' lang='lat' dir='ltr'><strong>cessamus</strong></span> <span class='ocrx_word' id='word_1_229' title='bbox 946 3097 961 3121; x_wconf 94' lang='lat'><strong>,</strong></span> <span class='ocrx_word' id='word_1_230' title='bbox 1009 3069 1202 3128; x_wconf 80' lang='lat' dir='ltr'><strong>arguet</strong></span> <span class='ocrx_word' id='word_1_231' title='bbox 1255 3061 1396 3117; x_wconf 88' lang='lat' dir='ltr'><strong>Deus</strong></span> <span class='ocrx_word' id='word_1_232' title='bbox 1423 3105 1436 3128; x_wconf 95' lang='lat'><strong>,</strong></span> <span class='ocrx_word' id='word_1_233' title='bbox 1479 3067 1554 3118; x_wconf 88' lang='lat' dir='ltr'><strong>ita</strong></span> <span class='ocrx_word' id='word_1_234' title='bbox 1608 3075 1667 3118; x_wconf 91' lang='lat' dir='ltr'><strong>ut</strong></span> <span class='ocrx_word' id='word_1_235' title='bbox 1727 3064 1841 3133; x_wconf 89' lang='lat' dir='ltr'><strong>ipse</strong></span> <span class='ocrx_word' id='word_1_236' title='bbox 1886 3073 2082 3131; x_wconf 87' lang='lat' dir='ltr'><strong>sponte</strong></span> 
     </span>
    </p>
   </div>
   <div class='ocr_carea' id='block_1_33' title="bbox 2219 557 3797 644">
    <p class='ocr_par' dir='ltr' id='par_1_33' title="bbox 2219 557 3797 644">
     <span class='ocr_line' id='line_1_33' title="bbox 2219 557 3797 644; baseline 0.015 -39"><span class='ocrx_word' id='word_1_237' title='bbox 2219 557 2435 612; x_wconf 88' lang='lat' dir='ltr'><strong>videtur</strong></span> <span class='ocrx_word' id='word_1_238' title='bbox 2470 573 2594 613; x_wconf 92' lang='lat' dir='ltr'><strong>esse</strong></span> <span class='ocrx_word' id='word_1_239' title='bbox 2637 563 2904 616; x_wconf 91' lang='lat' dir='ltr'><strong>narratio.</strong></span> <span class='ocrx_word' id='word_1_240' title='bbox 2949 563 3108 618; x_wconf 91' lang='lat' dir='ltr'><strong>Scire</strong></span> <span class='ocrx_word' id='word_1_241' title='bbox 3145 567 3346 620; x_wconf 88' lang='lat' dir='ltr'><strong>etenim</strong></span> <span class='ocrx_word' id='word_1_242' title='bbox 3385 569 3596 626; x_wconf 90' lang='lat' dir='ltr'><strong>debetis</strong></span> <span class='ocrx_word' id='word_1_243' title='bbox 3631 574 3797 644; x_wconf 79' lang='lat' dir='ltr'><strong>digna</strong></span> 
     </span>
    </p>
   </div>
   <div class='ocr_carea' id='block_1_34' title="bbox 2217 649 3792 731">
    <p class='ocr_par' dir='ltr' id='par_1_34' title="bbox 2217 649 3792 731">
     <span class='ocr_line' id='line_1_34' title="bbox 2217 649 3792 731; baseline 0.012 -31"><span class='ocrx_word' id='word_1_244' title='bbox 2217 649 2437 717; x_wconf 89' lang='lat' dir='ltr'><strong>quidem</strong></span> <span class='ocrx_word' id='word_1_245' title='bbox 2469 665 2594 704; x_wconf 85' lang='lat' dir='ltr'><strong>esse</strong></span> <span class='ocrx_word' id='word_1_246' title='bbox 2631 653 2808 706; x_wconf 91' lang='lat' dir='ltr'><strong>sancti</strong></span> <span class='ocrx_word' id='word_1_247' title='bbox 2833 653 3072 723; x_wconf 91' lang='lat' dir='ltr'><strong>Spiritus</strong></span> <span class='ocrx_word' id='word_1_248' title='bbox 3099 655 3318 726; x_wconf 88' lang='lat' dir='ltr'><strong>eloquio</strong></span> <span class='ocrx_word' id='word_1_249' title='bbox 3347 673 3468 728; x_wconf 75' lang='lat' dir='ltr'><strong>qua:</strong></span> <span class='ocrx_word' id='word_1_250' title='bbox 3497 660 3752 731; x_wconf 86' lang='lat' dir='ltr'><strong>leguntur</strong></span> <span class='ocrx_word' id='word_1_251' title='bbox 3776 682 3792 718; x_wconf 89' lang='lat'><strong>:</strong></span> 
     </span>
    </p>
   </div>
   <div class='ocr_carea' id='block_1_35' title="bbox 2214 741 3798 823">
    <p class='ocr_par' dir='ltr' id='par_1_35' title="bbox 2214 741 3798 823">
     <span class='ocr_line' id='line_1_35' title="bbox 2214 741 3798 823; baseline 0.01 -29"><span class='ocrx_word' id='word_1_252' title='bbox 2214 742 2310 794; x_wconf 75' lang='lat' dir='ltr'><strong>sed</strong></span> <span class='ocrx_word' id='word_1_253' title='bbox 2353 741 2419 795; x_wconf 91' lang='lat' dir='ltr'><strong>ad</strong></span> <span class='ocrx_word' id='word_1_254' title='bbox 2460 742 2801 812; x_wconf 79' lang='lat' dir='ltr'><strong>explananda</strong></span> <span class='ocrx_word' id='word_1_255' title='bbox 2852 761 2915 800; x_wconf 91' lang='lat' dir='ltr'><strong>ea</strong></span> <span class='ocrx_word' id='word_1_256' title='bbox 2966 747 3274 817; x_wconf 74' lang='lat' dir='ltr'><strong>indigemus</strong></span> <span class='ocrx_word' id='word_1_257' title='bbox 3332 751 3503 818; x_wconf 71' lang='lat' dir='ltr'><strong>gratia</strong></span> <span class='ocrx_word' id='word_1_258' title='bbox 3556 752 3798 823; x_wconf 81' lang='lat' dir='ltr'><strong>Spiritus</strong></span> 
     </span>
    </p>
   </div>
   <div class='ocr_carea' id='block_1_36' title="bbox 2216 833 3794 907">
    <p class='ocr_par' dir='ltr' id='par_1_36' title="bbox 2216 833 3794 907">
     <span class='ocr_line' id='line_1_36' title="bbox 2216 833 3794 907; baseline 0.01 -21"><span class='ocrx_word' id='word_1_259' title='bbox 2216 833 2416 896; x_wconf 89' lang='lat' dir='ltr'><strong>sancti,</strong></span> <span class='ocrx_word' id='word_1_260' title='bbox 2452 833 2541 887; x_wconf 91' lang='lat' dir='ltr'><strong>illa</strong></span> <span class='ocrx_word' id='word_1_261' title='bbox 2596 851 2758 903; x_wconf 90' lang='lat' dir='ltr'><strong>quam</strong></span> <span class='ocrx_word' id='word_1_262' title='bbox 2805 837 2938 891; x_wconf 90' lang='lat' dir='ltr'><strong>dicit</strong></span> <span class='ocrx_word' id='word_1_263' title='bbox 2978 839 3272 907; x_wconf 85' lang='lat' dir='ltr'><strong>Apostolus</strong></span> <span class='ocrx_word' id='word_1_264' title='bbox 3294 841 3336 872; x_wconf 85' lang='grc'><strong>⁶¹</strong></span> <span class='ocrx_word' id='word_1_265' title='bbox 3364 860 3378 897; x_wconf 91' lang='lat'><strong>:</strong></span> <span class='ocrx_word' id='word_1_266' title='bbox 3407 861 3424 894; x_wconf 80' lang='grc' dir='ltr'>ι</span> <span class='ocrx_word' id='word_1_267' title='bbox 3456 843 3557 897; x_wconf 87' lang='lat' dir='ltr'><strong>Alii</strong></span> <span class='ocrx_word' id='word_1_268' title='bbox 3610 857 3794 902; x_wconf 91' lang='lat' dir='ltr'><strong>autem</strong></span> 
     </span>
    </p>
   </div>
   <div class='ocr_carea' id='block_1_37' title="bbox 2213 926 3796 1001">
    <p class='ocr_par' dir='ltr' id='par_1_37' title="bbox 2213 926 3796 1001">
     <span class='ocr_line' id='line_1_37' title="bbox 2213 926 3796 1001; baseline 0.011 -25"><span class='ocrx_word' id='word_1_269' title='bbox 2213 939 2310 993; x_wconf 91' lang='lat' dir='ltr'><strong>per</strong></span> <span class='ocrx_word' id='word_1_270' title='bbox 2354 926 2616 994; x_wconf 77' lang='lat' dir='ltr'><strong>Spiritum</strong></span> <span class='ocrx_word' id='word_1_271' title='bbox 2667 929 2826 982; x_wconf 90' lang='lat' dir='ltr'><strong>datur</strong></span> <span class='ocrx_word' id='word_1_272' title='bbox 2875 945 3059 986; x_wconf 88' lang='lat' dir='ltr'><strong>sermo</strong></span> <span class='ocrx_word' id='word_1_273' title='bbox 3105 933 3413 1001; x_wconf 65' lang='lat' dir='ltr'><strong>sapientiae,</strong></span> <span class='ocrx_word' id='word_1_274' title='bbox 3463 935 3560 989; x_wconf 87' lang='lat' dir='ltr'><strong>alii</strong></span> <span class='ocrx_word' id='word_1_275' title='bbox 3612 953 3796 995; x_wconf 89' lang='lat' dir='ltr'><strong>sermo</strong></span> 
     </span>
    </p>
   </div>
   <div class='ocr_carea' id='block_1_38' title="bbox 2211 1016 3795 1100">
    <p class='ocr_par' dir='ltr' id='par_1_38' title="bbox 2211 1016 3795 1100">
     <span class='ocr_line' id='line_1_38' title="bbox 2211 1016 3795 1100; baseline 0.011 -31"><span class='ocrx_word' id='word_1_276' title='bbox 2211 1016 2454 1071; x_wconf 68' lang='lat' dir='ltr'><strong>scicntia:</strong></span> <span class='ocrx_word' id='word_1_277' title='bbox 2493 1018 2793 1072; x_wconf 90' lang='lat' dir='ltr'><strong>secundum</strong></span> <span class='ocrx_word' id='word_1_278' title='bbox 2842 1023 3093 1076; x_wconf 89' lang='lat' dir='ltr'><strong>eumdem</strong></span> <span class='ocrx_word' id='word_1_279' title='bbox 3137 1022 3428 1090; x_wconf 89' lang='lat' dir='ltr'><strong>Spiritum.</strong></span> <span class='ocrx_word' id='word_1_280' title='bbox 3452 1045 3472 1078; x_wconf 71' lang='grc' dir='ltr'><strong>ι</strong></span> <span class='ocrx_word' id='word_1_281' title='bbox 3502 1025 3605 1083; x_wconf 88' lang='lat' dir='ltr'><strong>Ista</strong></span> <span class='ocrx_word' id='word_1_282' title='bbox 3631 1031 3795 1100; x_wconf 82' lang='lat' dir='ltr'><strong>igitur</strong></span> 
     </span>
    </p>
   </div>
   <div class='ocr_carea' id='block_1_39' title="bbox 2210 1109 3789 1190">
    <p class='ocr_par' dir='ltr' id='par_1_39' title="bbox 2210 1109 3789 1190">
     <span class='ocr_line' id='line_1_39' title="bbox 2210 1109 3789 1190; baseline 0.009 -28"><span class='ocrx_word' id='word_1_283' title='bbox 2210 1109 2376 1162; x_wconf 88' lang='lat' dir='ltr'><strong>etiam</strong></span> <span class='ocrx_word' id='word_1_284' title='bbox 2415 1126 2512 1164; x_wconf 88' lang='lat' dir='ltr'><strong>nos</strong></span> <span class='ocrx_word' id='word_1_285' title='bbox 2538 1111 2590 1163; x_wconf 92' lang='lat' dir='ltr'><strong>in</strong></span> <span class='ocrx_word' id='word_1_286' title='bbox 2638 1111 2769 1166; x_wconf 88' lang='lat' dir='ltr'><strong>locis</strong></span> <span class='ocrx_word' id='word_1_287' title='bbox 2815 1112 3180 1182; x_wconf 74' lang='lat' dir='ltr'><strong>prazscntibus</strong></span> <span class='ocrx_word' id='word_1_288' title='bbox 3213 1114 3545 1187; x_wconf 86' lang='lat' dir='ltr'><strong>indigemus,</strong></span> <span class='ocrx_word' id='word_1_289' title='bbox 3579 1120 3631 1173; x_wconf 94' lang='lat' dir='ltr'><strong>in</strong></span> <span class='ocrx_word' id='word_1_290' title='bbox 3664 1124 3789 1190; x_wconf 87' lang='lat' dir='ltr'><strong>qui-</strong></span> 
     </span>
    </p>
   </div>
   <div class='ocr_carea' id='block_1_40' title="bbox 2211 1200 3792 1285">
    <p class='ocr_par' dir='ltr' id='par_1_40' title="bbox 2211 1200 3792 1285">
     <span class='ocr_line' id='line_1_40' title="bbox 2211 1200 3792 1285; baseline 0.013 -36"><span class='ocrx_word' id='word_1_291' title='bbox 2211 1200 2312 1255; x_wconf 86' lang='lat' dir='ltr'><strong>bus</strong></span> <span class='ocrx_word' id='word_1_292' title='bbox 2344 1200 2582 1255; x_wconf 77' lang='lat' dir='ltr'><strong>refertur</strong></span> <span class='ocrx_word' id='word_1_293' title='bbox 2624 1204 2768 1271; x_wconf 90' lang='lat' dir='ltr'><strong>quod</strong></span> <span class='ocrx_word' id='word_1_294' title='bbox 2817 1201 2979 1258; x_wconf 74' lang='lat' dir='ltr'><strong>Iesus</strong></span> <span class='ocrx_word' id='word_1_295' title='bbox 3025 1207 3291 1261; x_wconf 88' lang='lat' dir='ltr'><strong>successit</strong></span> <span class='ocrx_word' id='word_1_296' title='bbox 3343 1207 3555 1280; x_wconf 78' lang='lat' dir='ltr'><strong>Moysi,</strong></span> <span class='ocrx_word' id='word_1_297' title='bbox 3589 1224 3642 1267; x_wconf 92' lang='lat' dir='ltr'><strong>ct</strong></span> <span class='ocrx_word' id='word_1_298' title='bbox 3675 1217 3792 1285; x_wconf 84' lang='lat' dir='ltr'><strong>ipse</strong></span> 
     </span>
    </p>
   </div>
   <div class='ocr_carea' id='block_1_41' title="bbox 2210 1293 3789 1368">
    <p class='ocr_par' dir='ltr' id='par_1_41' title="bbox 2210 1293 3789 1368">
     <span class='ocr_line' id='line_1_41' title="bbox 2210 1293 3789 1368; baseline 0.012 -26"><span class='ocrx_word' id='word_1_299' title='bbox 2210 1293 2466 1361; x_wconf 87' lang='lat' dir='ltr'><strong>populum</strong></span> <span class='ocrx_word' id='word_1_300' title='bbox 2502 1296 2673 1362; x_wconf 90' lang='lat' dir='ltr'><strong>ducit,</strong></span> <span class='ocrx_word' id='word_1_301' title='bbox 2712 1308 2767 1350; x_wconf 88' lang='lat' dir='ltr'><strong>et</strong></span> <span class='ocrx_word' id='word_1_302' title='bbox 2807 1296 3162 1352; x_wconf 89' lang='lat' dir='ltr'><strong>adumbratur</strong></span> <span class='ocrx_word' id='word_1_303' title='bbox 3192 1300 3242 1352; x_wconf 89' lang='lat' dir='ltr'><strong>in</strong></span> <span class='ocrx_word' id='word_1_304' title='bbox 3274 1305 3525 1368; x_wconf 68' lang='lat' dir='ltr'><strong>prmsenti</strong></span> <span class='ocrx_word' id='word_1_305' title='bbox 3559 1305 3789 1363; x_wconf 88' lang='lat' dir='ltr'><strong>lectione</strong></span> 
     </span>
    </p>
   </div>
   <div class='ocr_carea' id='block_1_42' title="bbox 2209 1387 3782 1467">
    <p class='ocr_par' dir='ltr' id='par_1_42' title="bbox 2209 1387 3782 1467">
     <span class='ocr_line' id='line_1_42' title="bbox 2209 1387 3782 1467; baseline 0.008 -27"><span class='ocrx_word' id='word_1_306' title='bbox 2209 1387 2333 1441; x_wconf 89' lang='lat' dir='ltr'><strong>talis</strong></span> <span class='ocrx_word' id='word_1_307' title='bbox 2361 1388 2609 1456; x_wconf 70' lang='lat' dir='ltr'><strong>qumdam</strong></span> <span class='ocrx_word' id='word_1_308' title='bbox 2643 1389 2894 1442; x_wconf 85' lang='lat' dir='ltr'><strong>historia.</strong></span> <span class='ocrx_word' id='word_1_309' title='bbox 2921 1389 3024 1454; x_wconf 84' lang='lat' dir='ltr'><strong>Qui</strong></span> <span class='ocrx_word' id='word_1_310' title='bbox 3069 1391 3389 1446; x_wconf 87' lang='lat' dir='ltr'><strong>habitabant</strong></span> <span class='ocrx_word' id='word_1_311' title='bbox 3441 1393 3555 1467; x_wconf 88' lang='lat' dir='ltr'><strong>Ilay</strong></span> <span class='ocrx_word' id='word_1_312' title='bbox 3592 1399 3782 1452; x_wconf 84' lang='lat' dir='ltr'><strong>civita-</strong></span> 
     </span>
    </p>
   </div>
   <div class='ocr_carea' id='block_1_43' title="bbox 2206 1480 3786 1551">
    <p class='ocr_par' dir='ltr' id='par_1_43' title="bbox 2206 1480 3786 1551">
     <span class='ocr_line' id='line_1_43' title="bbox 2206 1480 3786 1551; baseline 0.009 -18"><span class='ocrx_word' id='word_1_313' title='bbox 2206 1488 2342 1543; x_wconf 93' lang='lat' dir='ltr'><strong>tem,</strong></span> <span class='ocrx_word' id='word_1_314' title='bbox 2392 1480 2568 1548; x_wconf 91' lang='lat' dir='ltr'><strong>primo</strong></span> <span class='ocrx_word' id='word_1_315' title='bbox 2615 1483 2835 1551; x_wconf 91' lang='lat' dir='ltr'><strong>quidem</strong></span> <span class='ocrx_word' id='word_1_316' title='bbox 2889 1483 2988 1538; x_wconf 84' lang='lat' dir='ltr'><strong>visi</strong></span> <span class='ocrx_word' id='word_1_317' title='bbox 3037 1494 3163 1538; x_wconf 89' lang='lat' dir='ltr'><strong>sunt</strong></span> <span class='ocrx_word' id='word_1_318' title='bbox 3222 1485 3440 1540; x_wconf 81' lang='lat' dir='ltr'><strong>vincere</strong></span> <span class='ocrx_word' id='word_1_319' title='bbox 3485 1498 3541 1543; x_wconf 91' lang='lat' dir='ltr'><strong>et</strong></span> <span class='ocrx_word' id='word_1_320' title='bbox 3572 1504 3786 1549; x_wconf 81' lang='lat' dir='ltr'><strong>vertere</strong></span> 
     </span>
    </p>
   </div>
   <div class='ocr_carea' id='block_1_44' title="bbox 2209 1571 3774 1647">
    <p class='ocr_par' dir='ltr' id='par_1_44' title="bbox 2209 1571 3774 1647">
     <span class='ocr_line' id='line_1_44' title="bbox 2209 1571 3774 1647; baseline 0.012 -26"><span class='ocrx_word' id='word_1_321' title='bbox 2209 1571 2348 1626; x_wconf 79' lang='lat' dir='ltr'><strong>filios</strong></span> <span class='ocrx_word' id='word_1_322' title='bbox 2403 1572 2565 1627; x_wconf 89' lang='lat' dir='ltr'><strong>Israel</strong></span> <span class='ocrx_word' id='word_1_323' title='bbox 2611 1585 2836 1644; x_wconf 89' lang='lat' dir='ltr'><strong>propter</strong></span> <span class='ocrx_word' id='word_1_324' title='bbox 2888 1586 3170 1645; x_wconf 90' lang='lat' dir='ltr'><strong>peccatum</strong></span> <span class='ocrx_word' id='word_1_325' title='bbox 3231 1580 3372 1647; x_wconf 93' lang='lat' dir='ltr'><strong>quod</strong></span> <span class='ocrx_word' id='word_1_326' title='bbox 3419 1581 3774 1642; x_wconf 88' lang='lat' dir='ltr'><strong>admiserant.</strong></span> 
     </span>
    </p>
   </div>
   <div class='ocr_carea' id='block_1_45' title="bbox 2204 1662 3783 1737">
    <p class='ocr_par' dir='ltr' id='par_1_45' title="bbox 2204 1662 3783 1737">
     <span class='ocr_line' id='line_1_45' title="bbox 2204 1662 3783 1737; baseline 0.01 -21"><span class='ocrx_word' id='word_1_327' title='bbox 2204 1662 2398 1718; x_wconf 85' lang='lat' dir='ltr'><strong>Postea</strong></span> <span class='ocrx_word' id='word_1_328' title='bbox 2451 1681 2581 1720; x_wconf 90' lang='lat' dir='ltr'><strong>vero</strong></span> <span class='ocrx_word' id='word_1_329' title='bbox 2625 1683 2789 1737; x_wconf 88' lang='lat' dir='ltr'><strong>quam</strong></span> <span class='ocrx_word' id='word_1_330' title='bbox 2839 1668 3078 1722; x_wconf 88' lang='lat' dir='ltr'><strong>ablatum</strong></span> <span class='ocrx_word' id='word_1_331' title='bbox 3122 1681 3206 1724; x_wconf 89' lang='lat' dir='ltr'><strong>est</strong></span> <span class='ocrx_word' id='word_1_332' title='bbox 3258 1671 3456 1726; x_wconf 87' lang='lat' dir='ltr'><strong>malum</strong></span> <span class='ocrx_word' id='word_1_333' title='bbox 3505 1675 3572 1729; x_wconf 93' lang='lat' dir='ltr'><strong>de</strong></span> <span class='ocrx_word' id='word_1_334' title='bbox 3604 1679 3783 1732; x_wconf 91' lang='lat' dir='ltr'><strong>medio</strong></span> 
     </span>
    </p>
   </div>
   <div class='ocr_carea' id='block_1_46' title="bbox 2207 1757 3782 1832">
    <p class='ocr_par' dir='ltr' id='par_1_46' title="bbox 2207 1757 3782 1832">
     <span class='ocr_line' id='line_1_46' title="bbox 2207 1757 3782 1832; baseline 0.009 -22"><span class='ocrx_word' id='word_1_335' title='bbox 2207 1758 2471 1826; x_wconf 88' lang='lat' dir='ltr'><strong>ipsorum,</strong></span> <span class='ocrx_word' id='word_1_336' title='bbox 2503 1757 2730 1829; x_wconf 88' lang='lat' dir='ltr'><strong>jubctur</strong></span> <span class='ocrx_word' id='word_1_337' title='bbox 2758 1775 2787 1812; x_wconf 88' lang='lat' dir='ltr'><strong>a</strong></span> <span class='ocrx_word' id='word_1_338' title='bbox 2830 1761 2939 1814; x_wconf 89' lang='lat' dir='ltr'><strong>Deo</strong></span> <span class='ocrx_word' id='word_1_339' title='bbox 2973 1761 3077 1814; x_wconf 82' lang='lat' dir='ltr'><strong>dux</strong></span> <span class='ocrx_word' id='word_1_340' title='bbox 3125 1763 3307 1832; x_wconf 91' lang='lat' dir='ltr'><strong>populi</strong></span> <span class='ocrx_word' id='word_1_341' title='bbox 3347 1762 3515 1821; x_wconf 73' lang='lat' dir='ltr'><strong>Jesus</strong></span> <span class='ocrx_word' id='word_1_342' title='bbox 3553 1768 3606 1820; x_wconf 90' lang='lat' dir='ltr'><strong>in</strong></span> <span class='ocrx_word' id='word_1_343' title='bbox 3642 1771 3782 1824; x_wconf 91' lang='lat' dir='ltr'><strong>duas</strong></span> 
     </span>
    </p>
   </div>
   <div class='ocr_carea' id='block_1_47' title="bbox 2205 1850 3776 1930">
    <p class='ocr_par' dir='ltr' id='par_1_47' title="bbox 2205 1850 3776 1930">
     <span class='ocr_line' id='line_1_47' title="bbox 2205 1850 3776 1930; baseline 0.01 -28"><span class='ocrx_word' id='word_1_344' title='bbox 2205 1858 2388 1916; x_wconf 89' lang='lat' dir='ltr'><strong>partes</strong></span> <span class='ocrx_word' id='word_1_345' title='bbox 2424 1850 2668 1905; x_wconf 78' lang='lat' dir='ltr'><strong>dividere</strong></span> <span class='ocrx_word' id='word_1_346' title='bbox 2715 1851 2996 1921; x_wconf 88' lang='lat' dir='ltr'><strong>populum,</strong></span> <span class='ocrx_word' id='word_1_347' title='bbox 3042 1861 3097 1906; x_wconf 92' lang='lat' dir='ltr'><strong>ut</strong></span> <span class='ocrx_word' id='word_1_348' title='bbox 3135 1869 3262 1922; x_wconf 88' lang='lat' dir='ltr'><strong>pars</strong></span> <span class='ocrx_word' id='word_1_349' title='bbox 3312 1857 3532 1914; x_wconf 87' lang='lat' dir='ltr'><strong>simulet</strong></span> <span class='ocrx_word' id='word_1_350' title='bbox 3577 1858 3776 1930; x_wconf 81' lang='lat' dir='ltr'><strong>fugam,</strong></span> 
     </span>
    </p>
   </div>
   <div class='ocr_carea' id='block_1_48' title="bbox 2200 1941 3781 2022">
    <p class='ocr_par' dir='ltr' id='par_1_48' title="bbox 2200 1941 3781 2022">
     <span class='ocr_line' id='line_1_48' title="bbox 2200 1941 3781 2022; baseline 0.012 -33"><span class='ocrx_word' id='word_1_351' title='bbox 2200 1955 2326 2006; x_wconf 83' lang='lat' dir='ltr'><strong>pars</strong></span> <span class='ocrx_word' id='word_1_352' title='bbox 2375 1951 2558 1996; x_wconf 92' lang='lat' dir='ltr'><strong>autem</strong></span> <span class='ocrx_word' id='word_1_353' title='bbox 2591 1941 2856 1996; x_wconf 87' lang='lat' dir='ltr'><strong>subsistat</strong></span> <span class='ocrx_word' id='word_1_354' title='bbox 2909 1942 2961 1996; x_wconf 92' lang='lat' dir='ltr'><strong>in</strong></span> <span class='ocrx_word' id='word_1_355' title='bbox 3010 1945 3221 1999; x_wconf 76' lang='lat' dir='ltr'><strong>insidiis</strong></span> <span class='ocrx_word' id='word_1_356' title='bbox 3260 1949 3459 2018; x_wconf 87' lang='lat' dir='ltr'><strong>quibus</strong></span> <span class='ocrx_word' id='word_1_357' title='bbox 3486 1952 3781 2022; x_wconf 81' lang='lat' dir='ltr'><strong>decipiatur</strong></span> 
     </span>
    </p>
   </div>
   <div class='ocr_carea' id='block_1_49' title="bbox 2201 2031 3780 2114">
    <p class='ocr_par' dir='ltr' id='par_1_49' title="bbox 2201 2031 3780 2114">
     <span class='ocr_line' id='line_1_49' title="bbox 2201 2031 3780 2114; baseline 0.009 -29"><span class='ocrx_word' id='word_1_358' title='bbox 2201 2031 2336 2102; x_wconf 83' lang='lat' dir='ltr'><strong>llay,</strong></span> <span class='ocrx_word' id='word_1_359' title='bbox 2380 2047 2502 2086; x_wconf 92' lang='lat' dir='ltr'><strong>cum</strong></span> <span class='ocrx_word' id='word_1_360' title='bbox 2540 2034 2864 2102; x_wconf 71' lang='lat' dir='ltr'><strong>prmcepcrit</strong></span> <span class='ocrx_word' id='word_1_361' title='bbox 2894 2033 3072 2088; x_wconf 77' lang='lat' dir='ltr'><strong>Iesus.</strong></span> <span class='ocrx_word' id='word_1_362' title='bbox 3115 2036 3328 2102; x_wconf 85' lang='lat' dir='ltr'><strong>Quibus</strong></span> <span class='ocrx_word' id='word_1_363' title='bbox 3370 2041 3442 2094; x_wconf 91' lang='lat' dir='ltr'><strong>ita</strong></span> <span class='ocrx_word' id='word_1_364' title='bbox 3480 2043 3780 2114; x_wconf 89' lang='lat' dir='ltr'><strong>dispositis,</strong></span> 
     </span>
    </p>
   </div>
   <div class='ocr_carea' id='block_1_50' title="bbox 2199 2123 3776 2199">
    <p class='ocr_par' dir='ltr' id='par_1_50' title="bbox 2199 2123 3776 2199">
     <span class='ocr_line' id='line_1_50' title="bbox 2199 2123 3776 2199; baseline 0.01 -22"><span class='ocrx_word' id='word_1_365' title='bbox 2199 2140 2289 2178; x_wconf 89' lang='lat' dir='ltr'><strong>rex</strong></span> <span class='ocrx_word' id='word_1_366' title='bbox 2325 2123 2439 2195; x_wconf 85' lang='lat' dir='ltr'><strong>llay</strong></span> <span class='ocrx_word' id='word_1_367' title='bbox 2478 2125 2666 2179; x_wconf 90' lang='lat' dir='ltr'><strong>videns</strong></span> <span class='ocrx_word' id='word_1_368' title='bbox 2687 2125 2870 2179; x_wconf 78' lang='lat' dir='ltr'><strong>Iesum</strong></span> <span class='ocrx_word' id='word_1_369' title='bbox 2901 2136 2956 2180; x_wconf 91' lang='lat' dir='ltr'><strong>et</strong></span> <span class='ocrx_word' id='word_1_370' title='bbox 2991 2126 3132 2180; x_wconf 84' lang='lat' dir='ltr'><strong>filios</strong></span> <span class='ocrx_word' id='word_1_371' title='bbox 3179 2128 3343 2184; x_wconf 81' lang='lat' dir='ltr'><strong>Israel</strong></span> <span class='ocrx_word' id='word_1_372' title='bbox 3381 2134 3614 2199; x_wconf 90' lang='lat' dir='ltr'><strong>eminus,</strong></span> <span class='ocrx_word' id='word_1_373' title='bbox 3645 2152 3776 2192; x_wconf 67' lang='lat' dir='ltr'><strong>conv</strong></span> 
     </span>
    </p>
   </div>
   <div class='ocr_carea' id='block_1_51' title="bbox 2194 2217 3781 2286">
    <p class='ocr_par' dir='ltr' id='par_1_51' title="bbox 2194 2217 3781 2286">
     <span class='ocr_line' id='line_1_51' title="bbox 2194 2217 3781 2286; baseline 0.008 -16"><span class='ocrx_word' id='word_1_374' title='bbox 2194 2217 2398 2270; x_wconf 89' lang='lat' dir='ltr'><strong>citatur</strong></span> <span class='ocrx_word' id='word_1_375' title='bbox 2426 2217 2717 2272; x_wconf 89' lang='lat' dir='ltr'><strong>adversum</strong></span> <span class='ocrx_word' id='word_1_376' title='bbox 2765 2233 2862 2272; x_wconf 91' lang='lat' dir='ltr'><strong>eos</strong></span> <span class='ocrx_word' id='word_1_377' title='bbox 2897 2217 2950 2270; x_wconf 91' lang='lat' dir='ltr'><strong>in</strong></span> <span class='ocrx_word' id='word_1_378' title='bbox 3004 2219 3272 2286; x_wconf 63' lang='lat' dir='ltr'><strong>praelium.</strong></span> <span class='ocrx_word' id='word_1_379' title='bbox 3310 2222 3419 2278; x_wconf 90' lang='lat' dir='ltr'><strong>Illis</strong></span> <span class='ocrx_word' id='word_1_380' title='bbox 3449 2241 3580 2281; x_wconf 91' lang='lat' dir='ltr'><strong>vero</strong></span> <span class='ocrx_word' id='word_1_381' title='bbox 3609 2230 3781 2283; x_wconf 88' lang='lat' dir='ltr'><strong>simu-</strong></span> 
     </span>
    </p>
   </div>
   <div class='ocr_carea' id='block_1_52' title="bbox 2195 2307 3777 2382">
    <p class='ocr_par' dir='ltr' id='par_1_52' title="bbox 2195 2307 3777 2382">
     <span class='ocr_line' id='line_1_52' title="bbox 2195 2307 3777 2382; baseline 0.009 -20"><span class='ocrx_word' id='word_1_382' title='bbox 2195 2307 2437 2364; x_wconf 90' lang='lat' dir='ltr'><strong>lantibus</strong></span> <span class='ocrx_word' id='word_1_383' title='bbox 2487 2308 2694 2378; x_wconf 85' lang='lat' dir='ltr'><strong>fugam,</strong></span> <span class='ocrx_word' id='word_1_384' title='bbox 2735 2308 2826 2362; x_wconf 89' lang='lat' dir='ltr'><strong>isti</strong></span> <span class='ocrx_word' id='word_1_385' title='bbox 2879 2309 3062 2364; x_wconf 88' lang='lat' dir='ltr'><strong>acrius</strong></span> <span class='ocrx_word' id='word_1_386' title='bbox 3115 2311 3480 2382; x_wconf 89' lang='lat' dir='ltr'><strong>insectantur,</strong></span> <span class='ocrx_word' id='word_1_387' title='bbox 3536 2328 3592 2372; x_wconf 91' lang='lat' dir='ltr'><strong>et</strong></span> <span class='ocrx_word' id='word_1_388' title='bbox 3626 2321 3777 2377; x_wconf 87' lang='lat' dir='ltr'><strong>velut</strong></span> 
     </span>
    </p>
   </div>
   <div class='ocr_carea' id='block_1_53' title="bbox 2193 2400 3780 2472">
    <p class='ocr_par' dir='ltr' id='par_1_53' title="bbox 2193 2400 3780 2472">
     <span class='ocr_line' id='line_1_53' title="bbox 2193 2400 3780 2472; baseline 0.01 -18"><span class='ocrx_word' id='word_1_389' title='bbox 2193 2401 2364 2472; x_wconf 82' lang='lat' dir='ltr'><strong>spolia</strong></span> <span class='ocrx_word' id='word_1_390' title='bbox 2403 2400 2616 2456; x_wconf 91' lang='lat' dir='ltr'><strong>ducturi</strong></span> <span class='ocrx_word' id='word_1_391' title='bbox 2669 2401 2736 2455; x_wconf 90' lang='lat' dir='ltr'><strong>de</strong></span> <span class='ocrx_word' id='word_1_392' title='bbox 2792 2401 3064 2465; x_wconf 87' lang='lat' dir='ltr'><strong>hostibus,</strong></span> <span class='ocrx_word' id='word_1_393' title='bbox 3106 2418 3298 2462; x_wconf 88' lang='lat' dir='ltr'><strong>omnes</strong></span> <span class='ocrx_word' id='word_1_394' title='bbox 3334 2409 3498 2464; x_wconf 91' lang='lat' dir='ltr'><strong>simul</strong></span> <span class='ocrx_word' id='word_1_395' title='bbox 3544 2429 3611 2467; x_wconf 89' lang='lat' dir='ltr'><strong>ex</strong></span> <span class='ocrx_word' id='word_1_396' title='bbox 3645 2415 3780 2472; x_wconf 90' lang='lat' dir='ltr'><strong>urbe</strong></span> 
     </span>
    </p>
   </div>
   <div class='ocr_carea' id='block_1_54' title="bbox 2195 2493 3775 2577">
    <p class='ocr_par' dir='ltr' id='par_1_54' title="bbox 2195 2493 3775 2577">
     <span class='ocr_line' id='line_1_54' title="bbox 2195 2493 3775 2577; baseline 0.011 -32"><span class='ocrx_word' id='word_1_397' title='bbox 2195 2494 2518 2562; x_wconf 90' lang='lat' dir='ltr'><strong>procedunt,</strong></span> <span class='ocrx_word' id='word_1_398' title='bbox 2554 2493 2624 2544; x_wconf 90' lang='lat' dir='ltr'><strong>ita</strong></span> <span class='ocrx_word' id='word_1_399' title='bbox 2666 2501 2742 2554; x_wconf 90' lang='lat' dir='ltr'><strong>ut,</strong></span> <span class='ocrx_word' id='word_1_400' title='bbox 2784 2493 2926 2547; x_wconf 92' lang='lat' dir='ltr'><strong>sicut</strong></span> <span class='ocrx_word' id='word_1_401' title='bbox 2978 2493 3263 2562; x_wconf 85' lang='lat' dir='ltr'><strong>Scriptura</strong></span> <span class='ocrx_word' id='word_1_402' title='bbox 3319 2500 3478 2569; x_wconf 91' lang='lat' dir='ltr'><strong>dicit,</strong></span> <span class='ocrx_word' id='word_1_403' title='bbox 3503 2505 3775 2577; x_wconf 85' lang='lat' dir='ltr'><strong>relinque-</strong></span> 
     </span>
    </p>
   </div>
   <div class='ocr_carea' id='block_1_55' title="bbox 2192 2583 3770 2660">
    <p class='ocr_par' dir='ltr' id='par_1_55' title="bbox 2192 2583 3770 2660">
     <span class='ocr_line' id='line_1_55' title="bbox 2192 2583 3770 2660; baseline 0.011 -23"><span class='ocrx_word' id='word_1_404' title='bbox 2192 2592 2312 2638; x_wconf 88' lang='lat' dir='ltr'><strong>rent</strong></span> <span class='ocrx_word' id='word_1_405' title='bbox 2349 2597 2573 2637; x_wconf 83' lang='lat' dir='ltr'><strong>vacuam</strong></span> <span class='ocrx_word' id='word_1_406' title='bbox 2624 2583 2927 2638; x_wconf 89' lang='lat' dir='ltr'><strong>civitatem.</strong></span> <span class='ocrx_word' id='word_1_407' title='bbox 2956 2583 3062 2641; x_wconf 86' lang='lat' dir='ltr'><strong>Sed</strong></span> <span class='ocrx_word' id='word_1_408' title='bbox 3091 2597 3445 2660; x_wconf 88' lang='lat' dir='ltr'><strong>posteaquam</strong></span> <span class='ocrx_word' id='word_1_409' title='bbox 3481 2594 3532 2649; x_wconf 91' lang='lat' dir='ltr'><strong>in</strong></span> <span class='ocrx_word' id='word_1_410' title='bbox 3563 2600 3770 2654; x_wconf 77' lang='lat' dir='ltr'><strong>consu-</strong></span> 
     </span>
    </p>
   </div>
   <div class='ocr_carea' id='block_1_56' title="bbox 2193 2675 3770 2758">
    <p class='ocr_par' dir='ltr' id='par_1_56' title="bbox 2193 2675 3770 2758">
     <span class='ocr_line' id='line_1_56' title="bbox 2193 2675 3770 2758; baseline 0.009 -28"><span class='ocrx_word' id='word_1_411' title='bbox 2193 2687 2364 2730; x_wconf 90' lang='lat' dir='ltr'><strong>tutum</strong></span> <span class='ocrx_word' id='word_1_412' title='bbox 2384 2675 2656 2744; x_wconf 77' lang='lat' dir='ltr'><strong>progressi</strong></span> <span class='ocrx_word' id='word_1_413' title='bbox 2681 2683 2806 2728; x_wconf 93' lang='lat' dir='ltr'><strong>sunt</strong></span> <span class='ocrx_word' id='word_1_414' title='bbox 2826 2675 3029 2744; x_wconf 92' lang='lat' dir='ltr'><strong>locum,</strong></span> <span class='ocrx_word' id='word_1_415' title='bbox 3057 2694 3358 2739; x_wconf 89' lang='lat' dir='ltr'><strong>conversus</strong></span> <span class='ocrx_word' id='word_1_416' title='bbox 3381 2683 3539 2741; x_wconf 83' lang='lat' dir='ltr'><strong>Jesus</strong></span> <span class='ocrx_word' id='word_1_417' title='bbox 3559 2689 3770 2758; x_wconf 88' lang='lat' dir='ltr'><strong>signum</strong></span> 
     </span>
    </p>
   </div>
   <div class='ocr_carea' id='block_1_57' title="bbox 2188 2768 3770 2843">
    <p class='ocr_par' dir='ltr' id='par_1_57' title="bbox 2188 2768 3770 2843">
     <span class='ocr_line' id='line_1_57' title="bbox 2188 2768 3770 2843; baseline 0.007 -20"><span class='ocrx_word' id='word_1_418' title='bbox 2188 2768 2360 2836; x_wconf 81' lang='lat' dir='ltr'><strong>dedit,</strong></span> <span class='ocrx_word' id='word_1_419' title='bbox 2387 2774 2449 2821; x_wconf 94' lang='lat' dir='ltr'><strong>ut</strong></span> <span class='ocrx_word' id='word_1_420' title='bbox 2477 2776 2838 2837; x_wconf 80' lang='lat' dir='ltr'><strong>exsurgerent</strong></span> <span class='ocrx_word' id='word_1_421' title='bbox 2870 2769 2961 2838; x_wconf 92' lang='lat' dir='ltr'><strong>qui</strong></span> <span class='ocrx_word' id='word_1_422' title='bbox 3001 2769 3055 2824; x_wconf 91' lang='lat' dir='ltr'><strong>in</strong></span> <span class='ocrx_word' id='word_1_423' title='bbox 3081 2770 3295 2829; x_wconf 81' lang='lat' dir='ltr'><strong>insidiis</strong></span> <span class='ocrx_word' id='word_1_424' title='bbox 3325 2785 3504 2843; x_wconf 90' lang='lat' dir='ltr'><strong>erant,</strong></span> <span class='ocrx_word' id='word_1_425' title='bbox 3535 2787 3590 2832; x_wconf 94' lang='lat' dir='ltr'><strong>et</strong></span> <span class='ocrx_word' id='word_1_426' title='bbox 3611 2781 3770 2836; x_wconf 86' lang='lat' dir='ltr'><strong>dorsa</strong></span> 
     </span>
    </p>
   </div>
   <div class='ocr_carea' id='block_1_58' title="bbox 2188 2859 3772 2941">
    <p class='ocr_par' dir='ltr' id='par_1_58' title="bbox 2188 2859 3772 2941">
     <span class='ocr_line' id='line_1_58' title="bbox 2188 2859 3772 2941; baseline 0.009 -29"><span class='ocrx_word' id='word_1_427' title='bbox 2188 2859 2434 2913; x_wconf 89' lang='lat' dir='ltr'><strong>hostium</strong></span> <span class='ocrx_word' id='word_1_428' title='bbox 2468 2859 2744 2914; x_wconf 79' lang='lat' dir='ltr'><strong>caederent</strong></span> <span class='ocrx_word' id='word_1_429' title='bbox 2771 2874 2784 2911; x_wconf 89' lang='lat'><strong>:</strong></span> <span class='ocrx_word' id='word_1_430' title='bbox 2810 2869 2866 2914; x_wconf 92' lang='lat' dir='ltr'><strong>et</strong></span> <span class='ocrx_word' id='word_1_431' title='bbox 2894 2862 2968 2915; x_wconf 92' lang='lat' dir='ltr'><strong>ita</strong></span> <span class='ocrx_word' id='word_1_432' title='bbox 3003 2861 3081 2915; x_wconf 91' lang='lat' dir='ltr'><strong>illi</strong></span> <span class='ocrx_word' id='word_1_433' title='bbox 3112 2863 3418 2932; x_wconf 81' lang='lat' dir='ltr'><strong>novissimi,</strong></span> <span class='ocrx_word' id='word_1_434' title='bbox 3445 2877 3499 2922; x_wconf 92' lang='lat' dir='ltr'><strong>et</strong></span> <span class='ocrx_word' id='word_1_435' title='bbox 3528 2868 3616 2924; x_wconf 90' lang='lat' dir='ltr'><strong>isti</strong></span> <span class='ocrx_word' id='word_1_436' title='bbox 3659 2873 3772 2941; x_wconf 90' lang='lat' dir='ltr'><strong>pri-</strong></span> 
     </span>
    </p>
   </div>
   <div class='ocr_carea' id='block_1_59' title="bbox 2185 2952 3769 3018">
    <p class='ocr_par' dir='ltr' id='par_1_59' title="bbox 2185 2952 3769 3018">
     <span class='ocr_line' id='line_1_59' title="bbox 2185 2952 3769 3018; baseline 0.009 -14"><span class='ocrx_word' id='word_1_437' title='bbox 2185 2952 2260 3004; x_wconf 94' lang='lat' dir='ltr'><strong>mi</strong></span> <span class='ocrx_word' id='word_1_438' title='bbox 2297 2953 2504 3006; x_wconf 91' lang='lat' dir='ltr'><strong>medios</strong></span> <span class='ocrx_word' id='word_1_439' title='bbox 2535 2954 2720 3009; x_wconf 88' lang='lat' dir='ltr'><strong>hostes</strong></span> <span class='ocrx_word' id='word_1_440' title='bbox 2760 2954 3048 3010; x_wconf 88' lang='lat' dir='ltr'><strong>conclusos</strong></span> <span class='ocrx_word' id='word_1_441' title='bbox 3090 2954 3410 3011; x_wconf 88' lang='lat' dir='ltr'><strong>interimunt</strong></span> <span class='ocrx_word' id='word_1_442' title='bbox 3459 2961 3769 3018; x_wconf 82' lang='lat' dir='ltr'><strong>universos.</strong></span> 
     </span>
    </p>
   </div>
   <div class='ocr_carea' id='block_1_60' title="bbox 2184 3041 3768 3126">
    <p class='ocr_par' dir='ltr' id='par_1_60' title="bbox 2184 3041 3768 3126">
     <span class='ocr_line' id='line_1_60' title="bbox 2184 3041 3768 3126; baseline 0.009 -31"><span class='ocrx_word' id='word_1_443' title='bbox 2184 3041 2253 3096; x_wconf 86' lang='lat' dir='ltr'><strong>Et</strong></span> <span class='ocrx_word' id='word_1_444' title='bbox 2299 3045 2400 3099; x_wconf 93' lang='lat' dir='ltr'><strong>hoc</strong></span> <span class='ocrx_word' id='word_1_445' title='bbox 2444 3047 2603 3100; x_wconf 91' lang='lat' dir='ltr'><strong>modo</strong></span> <span class='ocrx_word' id='word_1_446' title='bbox 2635 3048 2795 3102; x_wconf 89' lang='lat' dir='ltr'><strong>victis</strong></span> <span class='ocrx_word' id='word_1_447' title='bbox 2827 3047 2894 3101; x_wconf 92' lang='lat' dir='ltr'><strong>iis</strong></span> <span class='ocrx_word' id='word_1_448' title='bbox 2923 3047 3015 3116; x_wconf 93' lang='lat' dir='ltr'><strong>qui</strong></span> <span class='ocrx_word' id='word_1_449' title='bbox 3052 3048 3375 3103; x_wconf 90' lang='lat' dir='ltr'><strong>habitabant</strong></span> <span class='ocrx_word' id='word_1_450' title='bbox 3417 3050 3555 3122; x_wconf 85' lang='lat' dir='ltr'><strong>lIay,</strong></span> <span class='ocrx_word' id='word_1_451' title='bbox 3583 3069 3768 3126; x_wconf 83' lang='lat' dir='ltr'><strong>regem</strong></span> 
     </span>
    </p>
   </div>
   <div class='ocr_carea' id='block_1_61' title="bbox 503 3135 2086 3240">
    <p class='ocr_par' dir='ltr' id='par_1_61' title="bbox 503 3139 2081 3220">
     <span class='ocr_line' id='line_1_61' title="bbox 503 3139 2081 3220; baseline 0.012 -33"><span class='ocrx_word' id='word_1_452' title='bbox 503 3139 832 3197; x_wconf 85' lang='lat' dir='ltr'><strong>confiteatur</strong></span> <span class='ocrx_word' id='word_1_453' title='bbox 853 3153 908 3200; x_wconf 92' lang='lat' dir='ltr'><strong>et</strong></span> <span class='ocrx_word' id='word_1_454' title='bbox 937 3147 1150 3201; x_wconf 79' lang='lat' dir='ltr'><strong>dicat“</strong></span> <span class='ocrx_word' id='word_1_455' title='bbox 1187 3167 1200 3204; x_wconf 91' lang='lat'><strong>:</strong></span> <span class='ocrx_word' id='word_1_456' title='bbox 1242 3150 1477 3208; x_wconf 90' lang='lat' dir='ltr'><strong>Furatus</strong></span> <span class='ocrx_word' id='word_1_457' title='bbox 1521 3169 1639 3206; x_wconf 90' lang='lat' dir='ltr'><strong>sum</strong></span> <span class='ocrx_word' id='word_1_458' title='bbox 1694 3152 1928 3220; x_wconf 87' lang='lat' dir='ltr'><strong>linguam</strong></span> <span class='ocrx_word' id='word_1_459' title='bbox 1985 3169 2081 3205; x_wconf 89' lang='lat' dir='ltr'><strong>au-</strong></span> 
     </span>
    </p>
   </div>
   <div class='ocr_carea' id='block_1_62' title="bbox 2190 3135 3377 3240">
    <p class='ocr_par' dir='ltr' id='par_1_62' title="bbox 2190 3135 3377 3211">
     <span class='ocr_line' id='line_1_62' title="bbox 2190 3135 3377 3211; baseline 0.005 -21"><span class='ocrx_word' id='word_1_460' title='bbox 2190 3135 2427 3206; x_wconf 87' lang='lat' dir='ltr'><strong>ipsorum</strong></span> <span class='ocrx_word' id='word_1_461' title='bbox 2459 3141 2857 3208; x_wconf 85' lang='lat' dir='ltr'><strong>suspenderunt</strong></span> <span class='ocrx_word' id='word_1_462' title='bbox 2890 3142 2942 3194; x_wconf 90' lang='lat' dir='ltr'><strong>in</strong></span> <span class='ocrx_word' id='word_1_463' title='bbox 2975 3140 3118 3209; x_wconf 86' lang='lat' dir='ltr'><strong>ligno</strong></span> <span class='ocrx_word' id='word_1_464' title='bbox 3139 3142 3377 3211; x_wconf 85' lang='lat' dir='ltr'><strong>gemino.</strong></span> 
     </span>
    </p>
   </div>
   <div class='ocr_carea' id='block_1_63' title="bbox 501 3238 2080 3312">
    <p class='ocr_par' dir='ltr' id='par_1_63' title="bbox 501 3238 2080 3312">
     <span class='ocr_line' id='line_1_63' title="bbox 501 3238 2080 3312; baseline 0.012 -30"><span class='ocrx_word' id='word_1_465' title='bbox 501 3246 647 3285; x_wconf 87' lang='lat' dir='ltr'><strong>ream</strong></span> <span class='ocrx_word' id='word_1_466' title='bbox 699 3245 754 3288; x_wconf 92' lang='lat' dir='ltr'><strong>et</strong></span> <span class='ocrx_word' id='word_1_467' title='bbox 779 3238 1045 3294; x_wconf 85' lang='lat' dir='ltr'><strong>dextralia</strong></span> <span class='ocrx_word' id='word_1_468' title='bbox 1092 3258 1244 3310; x_wconf 90' lang='lat' dir='ltr'><strong>pura.</strong></span> <span class='ocrx_word' id='word_1_469' title='bbox 1296 3245 1457 3300; x_wconf 78' lang='lat' dir='ltr'><strong>Vides</strong></span> <span class='ocrx_word' id='word_1_470' title='bbox 1515 3243 1819 3312; x_wconf 86' lang='lat' dir='ltr'><strong>cujusmodi</strong></span> <span class='ocrx_word' id='word_1_471' title='bbox 1870 3245 2080 3302; x_wconf 82' lang='lat' dir='ltr'><strong>furatus</strong></span> 
     </span>
    </p>
   </div>
   <div class='ocr_carea' id='block_1_64' title="bbox 495 3323 2076 3408">
    <p class='ocr_par' dir='ltr' id='par_1_64' title="bbox 495 3323 2076 3408">
     <span class='ocr_line' id='line_1_64' title="bbox 495 3323 2076 3408; baseline 0.006 -26"><span class='ocrx_word' id='word_1_472' title='bbox 495 3323 659 3397; x_wconf 65' lang='grc'><strong>415</strong></span> <span class='ocrx_word' id='word_1_473' title='bbox 694 3340 776 3384; x_wconf 91' lang='lat' dir='ltr'><strong>est</strong></span> <span class='ocrx_word' id='word_1_474' title='bbox 811 3331 1051 3390; x_wconf 87' lang='lat' dir='ltr'><strong>furtum?</strong></span> <span class='ocrx_word' id='word_1_475' title='bbox 1073 3337 1312 3407; x_wconf 86' lang='lat' dir='ltr'><strong>linguam</strong></span> <span class='ocrx_word' id='word_1_476' title='bbox 1348 3337 1562 3392; x_wconf 90' lang='lat' dir='ltr'><strong>furatur</strong></span> <span class='ocrx_word' id='word_1_477' title='bbox 1594 3347 1651 3392; x_wconf 92' lang='lat' dir='ltr'><strong>et</strong></span> <span class='ocrx_word' id='word_1_478' title='bbox 1679 3339 1945 3392; x_wconf 86' lang='lat' dir='ltr'><strong>dextralia</strong></span> <span class='ocrx_word' id='word_1_479' title='bbox 1976 3356 2076 3408; x_wconf 84' lang='lat' dir='ltr'><strong>pu-</strong></span> 
     </span>
    </p>
   </div>
   <div class='ocr_carea' id='block_1_65' title="bbox 499 3419 2080 3499">
    <p class='ocr_par' dir='ltr' id='par_1_65' title="bbox 499 3419 2080 3499">
     <span class='ocr_line' id='line_1_65' title="bbox 499 3419 2080 3499; baseline 0.01 -29"><span class='ocrx_word' id='word_1_480' title='bbox 499 3433 578 3472; x_wconf 86' lang='lat' dir='ltr'><strong>ra.</strong></span> <span class='ocrx_word' id='word_1_481' title='bbox 609 3419 748 3477; x_wconf 86' lang='lat' dir='ltr'><strong>Pura</strong></span> <span class='ocrx_word' id='word_1_482' title='bbox 784 3437 967 3482; x_wconf 90' lang='lat' dir='ltr'><strong>autem</strong></span> <span class='ocrx_word' id='word_1_483' title='bbox 999 3429 1264 3482; x_wconf 81' lang='lat' dir='ltr'><strong>dextralia</strong></span> <span class='ocrx_word' id='word_1_484' title='bbox 1301 3439 1430 3483; x_wconf 91' lang='lat' dir='ltr'><strong>sunt</strong></span> <span class='ocrx_word' id='word_1_485' title='bbox 1457 3446 1626 3498; x_wconf 90' lang='lat' dir='ltr'><strong>opera</strong></span> <span class='ocrx_word' id='word_1_486' title='bbox 1655 3431 1708 3484; x_wconf 91' lang='lat' dir='ltr'><strong>in</strong></span> <span class='ocrx_word' id='word_1_487' title='bbox 1753 3431 1955 3499; x_wconf 88' lang='lat' dir='ltr'><strong>quibus</strong></span> <span class='ocrx_word' id='word_1_488' title='bbox 1997 3434 2080 3487; x_wconf 92' lang='lat' dir='ltr'><strong>di-</strong></span> 
     </span>
    </p>
   </div>
   <div class='ocr_carea' id='block_1_66' title="bbox 495 3511 2076 3586">
    <p class='ocr_par' dir='ltr' id='par_1_66' title="bbox 495 3511 2076 3586">
     <span class='ocr_line' id='line_1_66' title="bbox 495 3511 2076 3586; baseline 0.011 -24"><span class='ocrx_word' id='word_1_489' title='bbox 495 3511 679 3568; x_wconf 89' lang='lat' dir='ltr'><strong>vinum</strong></span> <span class='ocrx_word' id='word_1_490' title='bbox 729 3517 862 3572; x_wconf 90' lang='lat' dir='ltr'><strong>nihil</strong></span> <span class='ocrx_word' id='word_1_491' title='bbox 912 3521 1198 3586; x_wconf 86' lang='lat' dir='ltr'><strong>miscetur,</strong></span> <span class='ocrx_word' id='word_1_492' title='bbox 1232 3521 1325 3576; x_wconf 90' lang='lat' dir='ltr'><strong>sed</strong></span> <span class='ocrx_word' id='word_1_493' title='bbox 1361 3529 1526 3574; x_wconf 90' lang='lat' dir='ltr'><strong>totum</strong></span> <span class='ocrx_word' id='word_1_494' title='bbox 1571 3523 1870 3576; x_wconf 89' lang='lat' dir='ltr'><strong>secundum</strong></span> <span class='ocrx_word' id='word_1_495' title='bbox 1898 3524 2076 3578; x_wconf 81' lang='lat' dir='ltr'><strong>homi-</strong></span> 
     </span>
    </p>
   </div>
   <div class='ocr_carea' id='block_1_67' title="bbox 495 3608 2080 3681">
    <p class='ocr_par' dir='ltr' id='par_1_67' title="bbox 495 3608 2080 3681">
     <span class='ocr_line' id='line_1_67' title="bbox 495 3608 2080 3681; baseline 0.011 -27"><span class='ocrx_word' id='word_1_496' title='bbox 495 3617 617 3656; x_wconf 90' lang='lat' dir='ltr'><strong>nem</strong></span> <span class='ocrx_word' id='word_1_497' title='bbox 669 3608 900 3676; x_wconf 83' lang='lat' dir='ltr'><strong>geritur.</strong></span> <span class='ocrx_word' id='word_1_498' title='bbox 940 3611 1182 3678; x_wconf 86' lang='lat' dir='ltr'><strong>Denique</strong></span> <span class='ocrx_word' id='word_1_499' title='bbox 1221 3620 1275 3664; x_wconf 94' lang='lat' dir='ltr'><strong>et</strong></span> <span class='ocrx_word' id='word_1_500' title='bbox 1307 3611 1583 3666; x_wconf 90' lang='lat' dir='ltr'><strong>nostrisin</strong></span> <span class='ocrx_word' id='word_1_501' title='bbox 1618 3612 2080 3681; x_wconf 88' lang='lat' dir='ltr'><strong>disputationibus</strong></span> 
     </span>
    </p>
   </div>
   <div class='ocr_carea' id='block_1_68' title="bbox 494 3699 2076 3772">
    <p class='ocr_par' dir='ltr' id='par_1_68' title="bbox 494 3699 2076 3772">
     <span class='ocr_line' id='line_1_68' title="bbox 494 3699 2076 3772; baseline 0.008 -26"><span class='ocrx_word' id='word_1_502' title='bbox 494 3699 664 3752; x_wconf 90' lang='lat' dir='ltr'><strong>moris</strong></span> <span class='ocrx_word' id='word_1_503' title='bbox 695 3708 780 3755; x_wconf 86' lang='lat' dir='ltr'><strong>est</strong></span> <span class='ocrx_word' id='word_1_504' title='bbox 811 3702 1022 3763; x_wconf 90' lang='lat' dir='ltr'><strong>dicere,</strong></span> <span class='ocrx_word' id='word_1_505' title='bbox 1061 3702 1186 3768; x_wconf 88' lang='lat' dir='ltr'><strong>quia</strong></span> <span class='ocrx_word' id='word_1_506' title='bbox 1212 3701 1488 3755; x_wconf 88' lang='lat' dir='ltr'><strong>Christum</strong></span> <span class='ocrx_word' id='word_1_507' title='bbox 1528 3717 1636 3755; x_wconf 89' lang='lat' dir='ltr'><strong>non</strong></span> <span class='ocrx_word' id='word_1_508' title='bbox 1664 3718 1859 3772; x_wconf 91' lang='lat' dir='ltr'><strong>purum</strong></span> <span class='ocrx_word' id='word_1_509' title='bbox 1894 3705 2076 3759; x_wconf 87' lang='lat' dir='ltr'><strong>homi-</strong></span> 
     </span>
    </p>
   </div>
   <div class='ocr_carea' id='block_1_69' title="bbox 492 3791 2074 3857">
    <p class='ocr_par' dir='ltr' id='par_1_69' title="bbox 492 3791 2074 3857">
     <span class='ocr_line' id='line_1_69' title="bbox 492 3791 2074 3857; baseline 0.006 -16"><span class='ocrx_word' id='word_1_510' title='bbox 492 3805 616 3843; x_wconf 88' lang='lat' dir='ltr'><strong>nem</strong></span> <span class='ocrx_word' id='word_1_511' title='bbox 662 3792 916 3857; x_wconf 80' lang='lat' dir='ltr'><strong>ilicimns,</strong></span> <span class='ocrx_word' id='word_1_512' title='bbox 947 3792 1041 3846; x_wconf 90' lang='lat' dir='ltr'><strong>sed</strong></span> <span class='ocrx_word' id='word_1_513' title='bbox 1077 3791 1243 3845; x_wconf 90' lang='lat' dir='ltr'><strong>Deum</strong></span> <span class='ocrx_word' id='word_1_514' title='bbox 1286 3801 1342 3846; x_wconf 92' lang='lat' dir='ltr'><strong>et</strong></span> <span class='ocrx_word' id='word_1_515' title='bbox 1401 3793 1674 3847; x_wconf 89' lang='lat' dir='ltr'><strong>hominem</strong></span> <span class='ocrx_word' id='word_1_516' title='bbox 1723 3795 2074 3856; x_wconf 86' lang='lat' dir='ltr'><strong>confitemur.</strong></span> 
     </span>
    </p>
   </div>
   <div class='ocr_carea' id='block_1_70' title="bbox 493 3876 2078 3954">
    <p class='ocr_par' dir='ltr' id='par_1_70' title="bbox 493 3876 2078 3954">
     <span class='ocr_line' id='line_1_70' title="bbox 493 3876 2078 3954; baseline 0.008 -25"><span class='ocrx_word' id='word_1_517' title='bbox 493 3876 628 3935; x_wconf 88' lang='lat' dir='ltr'><strong>Illud</strong></span> <span class='ocrx_word' id='word_1_518' title='bbox 664 3892 846 3935; x_wconf 88' lang='lat' dir='ltr'><strong>autem</strong></span> <span class='ocrx_word' id='word_1_519' title='bbox 900 3882 1044 3950; x_wconf 86' lang='lat' dir='ltr'><strong>quod</strong></span> <span class='ocrx_word' id='word_1_520' title='bbox 1075 3880 1142 3934; x_wconf 90' lang='lat' dir='ltr'><strong>de</strong></span> <span class='ocrx_word' id='word_1_521' title='bbox 1173 3880 1396 3936; x_wconf 83' lang='lat' dir='ltr'><strong>.lcriebo</strong></span> <span class='ocrx_word' id='word_1_522' title='bbox 1441 3881 1677 3948; x_wconf 89' lang='lat' dir='ltr'><strong>furatur,</strong></span> <span class='ocrx_word' id='word_1_523' title='bbox 1717 3900 1912 3954; x_wconf 92' lang='lat' dir='ltr'><strong>purum</strong></span> <span class='ocrx_word' id='word_1_524' title='bbox 1953 3902 2078 3943; x_wconf 91' lang='lat' dir='ltr'><strong>esse</strong></span> 
     </span>
    </p>
   </div>
   <div class='ocr_carea' id='block_1_71' title="bbox 489 3973 2077 4046">
    <p class='ocr_par' dir='ltr' id='par_1_71' title="bbox 489 3973 2077 4046">
     <span class='ocr_line' id='line_1_71' title="bbox 489 3973 2077 4046; baseline 0.008 -22"><span class='ocrx_word' id='word_1_525' title='bbox 489 3973 718 4036; x_wconf 88' lang='lat' dir='ltr'><strong>dicitur,</strong></span> <span class='ocrx_word' id='word_1_526' title='bbox 761 3973 810 4025; x_wconf 91' lang='lat' dir='ltr'><strong>id</strong></span> <span class='ocrx_word' id='word_1_527' title='bbox 858 3981 942 4025; x_wconf 92' lang='lat' dir='ltr'><strong>est</strong></span> <span class='ocrx_word' id='word_1_528' title='bbox 995 3973 1111 4028; x_wconf 89' lang='lat' dir='ltr'><strong>sine</strong></span> <span class='ocrx_word' id='word_1_529' title='bbox 1143 3973 1276 4039; x_wconf 85' lang='lat' dir='ltr'><strong>Deo,</strong></span> <span class='ocrx_word' id='word_1_530' title='bbox 1309 3991 1428 4044; x_wconf 78' lang='lat' dir='ltr'><strong>qua:</strong></span> <span class='ocrx_word' id='word_1_531' title='bbox 1459 3977 1649 4046; x_wconf 81' lang='lat' dir='ltr'><strong>utique</strong></span> <span class='ocrx_word' id='word_1_532' title='bbox 1677 3977 1882 4034; x_wconf 89' lang='lat' dir='ltr'><strong>furanti</strong></span> <span class='ocrx_word' id='word_1_533' title='bbox 1908 3982 2077 4037; x_wconf 86' lang='lat' dir='ltr'><strong>exsti-</strong></span> 
     </span>
    </p>
   </div>
   <div class='ocr_carea' id='block_1_72' title="bbox 492 4065 2072 4138">
    <p class='ocr_par' dir='ltr' id='par_1_72' title="bbox 492 4065 2072 4138">
     <span class='ocr_line' id='line_1_72' title="bbox 492 4065 2072 4138; baseline 0.008 -23"><span class='ocrx_word' id='word_1_534' title='bbox 492 4065 555 4117; x_wconf 94' lang='lat' dir='ltr'><strong>tit</strong></span> <span class='ocrx_word' id='word_1_535' title='bbox 585 4079 746 4118; x_wconf 91' lang='lat' dir='ltr'><strong>causa</strong></span> <span class='ocrx_word' id='word_1_536' title='bbox 792 4065 1023 4130; x_wconf 89' lang='lat' dir='ltr'><strong>peccati.</strong></span> <span class='ocrx_word' id='word_1_537' title='bbox 1060 4065 1126 4119; x_wconf 85' lang='lat' dir='ltr'><strong>Et</strong></span> <span class='ocrx_word' id='word_1_538' title='bbox 1163 4067 1287 4122; x_wconf 91' lang='lat' dir='ltr'><strong>ideo</strong></span> <span class='ocrx_word' id='word_1_539' title='bbox 1323 4083 1422 4122; x_wconf 90' lang='lat' dir='ltr'><strong>nos</strong></span> <span class='ocrx_word' id='word_1_540' title='bbox 1473 4069 1609 4122; x_wconf 91' lang='lat' dir='ltr'><strong>nihil</strong></span> <span class='ocrx_word' id='word_1_541' title='bbox 1650 4086 1843 4138; x_wconf 90' lang='lat' dir='ltr'><strong>purum</strong></span> <span class='ocrx_word' id='word_1_542' title='bbox 1885 4084 1940 4126; x_wconf 88' lang='lat' dir='ltr'><strong>et</strong></span> <span class='ocrx_word' id='word_1_543' title='bbox 1967 4074 2072 4128; x_wconf 86' lang='lat' dir='ltr'><strong>liu-</strong></span> 
     </span>
    </p>
   </div>
   <div class='ocr_carea' id='block_1_73' title="bbox 500 4154 2076 4236">
    <p class='ocr_par' dir='ltr' id='par_1_73' title="bbox 500 4154 2076 4236">
     <span class='ocr_line' id='line_1_73' title="bbox 500 4154 2076 4236; baseline 0.008 -29"><span class='ocrx_word' id='word_1_544' title='bbox 500 4168 720 4208; x_wconf 85' lang='lat' dir='ltr'><strong>tnanum</strong></span> <span class='ocrx_word' id='word_1_545' title='bbox 771 4154 838 4207; x_wconf 91' lang='lat' dir='ltr'><strong>de</strong></span> <span class='ocrx_word' id='word_1_546' title='bbox 887 4154 1106 4212; x_wconf 87' lang='lat' dir='ltr'><strong>Christo</strong></span> <span class='ocrx_word' id='word_1_547' title='bbox 1154 4160 1474 4225; x_wconf 86' lang='lat' dir='ltr'><strong>sentiamus,</strong></span> <span class='ocrx_word' id='word_1_548' title='bbox 1519 4162 1615 4216; x_wconf 88' lang='lat' dir='ltr'><strong>scd</strong></span> <span class='ocrx_word' id='word_1_549' title='bbox 1657 4163 1821 4217; x_wconf 92' lang='lat' dir='ltr'><strong>Deum</strong></span> <span class='ocrx_word' id='word_1_550' title='bbox 1867 4165 2076 4236; x_wconf 91' lang='lat' dir='ltr'><strong>pariter</strong></span> 
     </span>
    </p>
   </div>
   <div class='ocr_carea' id='block_1_74' title="bbox 497 4245 2072 4326">
    <p class='ocr_par' dir='ltr' id='par_1_74' title="bbox 497 4245 2072 4326">
     <span class='ocr_line' id='line_1_74' title="bbox 497 4245 2072 4326; baseline 0.011 -30"><span class='ocrx_word' id='word_1_551' title='bbox 497 4254 660 4311; x_wconf 85' lang='lat' dir='ltr'><strong>atque</strong></span> <span class='ocrx_word' id='word_1_552' title='bbox 713 4245 985 4300; x_wconf 88' lang='lat' dir='ltr'><strong>hominem</strong></span> <span class='ocrx_word' id='word_1_553' title='bbox 1036 4248 1326 4315; x_wconf 83' lang='lat' dir='ltr'><strong>fateamur,</strong></span> <span class='ocrx_word' id='word_1_554' title='bbox 1368 4254 1497 4322; x_wconf 89' lang='lat' dir='ltr'><strong>quia</strong></span> <span class='ocrx_word' id='word_1_555' title='bbox 1556 4265 1612 4310; x_wconf 91' lang='lat' dir='ltr'><strong>et</strong></span> <span class='ocrx_word' id='word_1_556' title='bbox 1659 4257 1927 4326; x_wconf 86' lang='lat' dir='ltr'><strong>sapientia</strong></span> <span class='ocrx_word' id='word_1_557' title='bbox 1980 4260 2072 4314; x_wconf 88' lang='lat' dir='ltr'><strong>Dei</strong></span> 
     </span>
    </p>
   </div>
   <div class='ocr_carea' id='block_1_75' title="bbox 489 4335 2072 4416">
    <p class='ocr_par' dir='ltr' id='par_1_75' title="bbox 489 4335 2072 4416">
     <span class='ocr_line' id='line_1_75' title="bbox 489 4335 2072 4416; baseline 0.01 -30"><span class='ocrx_word' id='word_1_558' title='bbox 489 4335 772 4404; x_wconf 85' lang='lat' dir='ltr'><strong>multiplex</strong></span> <span class='ocrx_word' id='word_1_559' title='bbox 810 4337 1037 4405; x_wconf 92' lang='lat' dir='ltr'><strong>dicitur,</strong></span> <span class='ocrx_word' id='word_1_560' title='bbox 1079 4349 1137 4395; x_wconf 95' lang='lat' dir='ltr'><strong>ut</strong></span> <span class='ocrx_word' id='word_1_561' title='bbox 1182 4357 1277 4410; x_wconf 84' lang='lat' dir='ltr'><strong>per</strong></span> <span class='ocrx_word' id='word_1_562' title='bbox 1320 4343 1435 4398; x_wconf 72' lang='lat' dir='ltr'><strong>haec</strong></span> <span class='ocrx_word' id='word_1_563' title='bbox 1483 4359 1794 4400; x_wconf 87' lang='lat' dir='ltr'><strong>mereamur</strong></span> <span class='ocrx_word' id='word_1_564' title='bbox 1849 4348 2072 4416; x_wconf 85' lang='lat' dir='ltr'><strong>partici-</strong></span> 
     </span>
    </p>
   </div>
   <div class='ocr_carea' id='block_1_76' title="bbox 489 4424 2073 4504">
    <p class='ocr_par' dir='ltr' id='par_1_76' title="bbox 489 4424 2073 4504">
     <span class='ocr_line' id='line_1_76' title="bbox 489 4424 2073 4504; baseline 0.013 -29"><span class='ocrx_word' id='word_1_565' title='bbox 489 4424 637 4492; x_wconf 91' lang='lat' dir='ltr'><strong>pium</strong></span> <span class='ocrx_word' id='word_1_566' title='bbox 668 4440 888 4483; x_wconf 89' lang='lat' dir='ltr'><strong>sumere</strong></span> <span class='ocrx_word' id='word_1_567' title='bbox 919 4432 1203 4500; x_wconf 77' lang='lat' dir='ltr'><strong>sapientia:</strong></span> <span class='ocrx_word' id='word_1_568' title='bbox 1246 4434 1362 4500; x_wconf 89' lang='lat' dir='ltr'><strong>Dei,</strong></span> <span class='ocrx_word' id='word_1_569' title='bbox 1400 4435 1492 4504; x_wconf 91' lang='lat' dir='ltr'><strong>qui</strong></span> <span class='ocrx_word' id='word_1_570' title='bbox 1521 4446 1607 4492; x_wconf 90' lang='lat' dir='ltr'><strong>est</strong></span> <span class='ocrx_word' id='word_1_571' title='bbox 1631 4437 1885 4494; x_wconf 89' lang='lat' dir='ltr'><strong>Christus</strong></span> <span class='ocrx_word' id='word_1_572' title='bbox 1913 4439 2073 4496; x_wconf 76' lang='lat' dir='ltr'><strong>Iesus</strong></span> 
     </span>
    </p>
   </div>
   <div class='ocr_carea' id='block_1_77' title="bbox 2255 3228 3768 3304">
    <p class='ocr_par' dir='ltr' id='par_1_77' title="bbox 2255 3228 3768 3304">
     <span class='ocr_line' id='line_1_77' title="bbox 2255 3228 3768 3304; baseline 0.007 -22"><span class='ocrx_word' id='word_1_573' title='bbox 2255 3228 2308 3282; x_wconf 77' lang='lat'><strong>2.</strong></span> <span class='ocrx_word' id='word_1_574' title='bbox 2357 3228 2450 3284; x_wconf 87' lang='lat' dir='ltr'><strong>llis</strong></span> <span class='ocrx_word' id='word_1_575' title='bbox 2487 3231 2687 3284; x_wconf 83' lang='lat' dir='ltr'><strong>auditis</strong></span> <span class='ocrx_word' id='word_1_576' title='bbox 2739 3231 3038 3286; x_wconf 83' lang='lat' dir='ltr'><strong>verisimile</strong></span> <span class='ocrx_word' id='word_1_577' title='bbox 3089 3243 3172 3287; x_wconf 90' lang='lat' dir='ltr'><strong>est</strong></span> <span class='ocrx_word' id='word_1_578' title='bbox 3223 3236 3498 3291; x_wconf 87' lang='lat' dir='ltr'><strong>auditores</strong></span> <span class='ocrx_word' id='word_1_579' title='bbox 3562 3237 3768 3304; x_wconf 81' lang='lat' dir='ltr'><strong>dicere,</strong></span> 
     </span>
    </p>
   </div>
   <div class='ocr_carea' id='block_1_78' title="bbox 2171 3324 3764 3402">
    <p class='ocr_par' dir='ltr' id='par_1_78' title="bbox 2171 3324 3764 3402">
     <span class='ocr_line' id='line_1_78' title="bbox 2171 3324 3764 3402; baseline 0.006 -26"><span class='ocrx_word' id='word_1_580' title='bbox 2171 3326 2288 3392; x_wconf 86' lang='lat' dir='ltr'><strong>Quo</strong></span> <span class='ocrx_word' id='word_1_581' title='bbox 2329 3324 2458 3378; x_wconf 86' lang='lat' dir='ltr'><strong>inihi</strong></span> <span class='ocrx_word' id='word_1_582' title='bbox 2509 3325 2659 3379; x_wconf 78' lang='lat' dir='ltr'><strong>lucc?</strong></span> <span class='ocrx_word' id='word_1_583' title='bbox 2696 3327 2828 3394; x_wconf 86' lang='lat' dir='ltr'><strong>quid</strong></span> <span class='ocrx_word' id='word_1_584' title='bbox 2879 3327 3008 3380; x_wconf 89' lang='lat' dir='ltr'><strong>mihi</strong></span> <span class='ocrx_word' id='word_1_585' title='bbox 3067 3329 3282 3384; x_wconf 91' lang='lat' dir='ltr'><strong>confert</strong></span> <span class='ocrx_word' id='word_1_586' title='bbox 3343 3330 3386 3383; x_wconf 93' lang='lat' dir='ltr'><strong>si</strong></span> <span class='ocrx_word' id='word_1_587' title='bbox 3438 3345 3764 3402; x_wconf 76' lang='lat' dir='ltr'><strong>cognoscam</strong></span> 
     </span>
    </p>
   </div>
   <div class='ocr_carea' id='block_1_79' title="bbox 2181 3415 3768 3490">
    <p class='ocr_par' dir='ltr' id='par_1_79' title="bbox 2181 3415 3768 3490">
     <span class='ocr_line' id='line_1_79' title="bbox 2181 3415 3768 3490; baseline 0.009 -26"><span class='ocrx_word' id='word_1_588' title='bbox 2181 3415 2325 3483; x_wconf 87' lang='lat' dir='ltr'><strong>quod</strong></span> <span class='ocrx_word' id='word_1_589' title='bbox 2365 3415 2491 3468; x_wconf 86' lang='lat' dir='ltr'><strong>victi</strong></span> <span class='ocrx_word' id='word_1_590' title='bbox 2525 3426 2649 3467; x_wconf 86' lang='lat' dir='ltr'><strong>sunt</strong></span> <span class='ocrx_word' id='word_1_591' title='bbox 2674 3416 2708 3468; x_wconf 91' lang='lat' dir='ltr'><strong>ii</strong></span> <span class='ocrx_word' id='word_1_592' title='bbox 2733 3417 2824 3482; x_wconf 86' lang='lat' dir='ltr'><strong>qui</strong></span> <span class='ocrx_word' id='word_1_593' title='bbox 2856 3417 3104 3472; x_wconf 90' lang='lat' dir='ltr'><strong>habitant</strong></span> <span class='ocrx_word' id='word_1_594' title='bbox 3131 3420 3264 3490; x_wconf 86' lang='lat' dir='ltr'><strong>Ilay,</strong></span> <span class='ocrx_word' id='word_1_595' title='bbox 3294 3421 3450 3490; x_wconf 91' lang='lat' dir='ltr'><strong>quasi</strong></span> <span class='ocrx_word' id='word_1_596' title='bbox 3486 3439 3589 3476; x_wconf 90' lang='lat' dir='ltr'><strong>non</strong></span> <span class='ocrx_word' id='word_1_597' title='bbox 3622 3424 3768 3478; x_wconf 66' lang='lat' dir='ltr'><strong>simio</strong></span> 
     </span>
    </p>
   </div>
   <div class='ocr_carea' id='block_1_80' title="bbox 2182 3505 3764 3578">
    <p class='ocr_par' dir='ltr' id='par_1_80' title="bbox 2182 3505 3764 3578">
     <span class='ocr_line' id='line_1_80' title="bbox 2182 3505 3764 3578; baseline 0.006 -21"><span class='ocrx_word' id='word_1_598' title='bbox 2182 3505 2282 3567; x_wconf 89' lang='lat' dir='ltr'><strong>Iia,</strong></span> <span class='ocrx_word' id='word_1_599' title='bbox 2319 3515 2412 3557; x_wconf 85' lang='lat' dir='ltr'><strong>aut</strong></span> <span class='ocrx_word' id='word_1_600' title='bbox 2443 3505 2607 3558; x_wconf 85' lang='lat' dir='ltr'><strong>etiam</strong></span> <span class='ocrx_word' id='word_1_601' title='bbox 2637 3506 2939 3574; x_wconf 84' lang='lat' dir='ltr'><strong>potentiora</strong></span> <span class='ocrx_word' id='word_1_602' title='bbox 2977 3508 3140 3571; x_wconf 89' lang='lat' dir='ltr'><strong>bella,</strong></span> <span class='ocrx_word' id='word_1_603' title='bbox 3189 3510 3272 3563; x_wconf 91' lang='lat' dir='ltr'><strong>vel</strong></span> <span class='ocrx_word' id='word_1_604' title='bbox 3305 3519 3455 3578; x_wconf 89' lang='lat' dir='ltr'><strong>gesta</strong></span> <span class='ocrx_word' id='word_1_605' title='bbox 3503 3512 3633 3576; x_wconf 91' lang='lat' dir='ltr'><strong>sint,</strong></span> <span class='ocrx_word' id='word_1_606' title='bbox 3680 3511 3764 3568; x_wconf 90' lang='lat' dir='ltr'><strong>vel</strong></span> 
     </span>
    </p>
   </div>
   <div class='ocr_carea' id='block_1_81' title="bbox 2181 3595 3760 3668">
    <p class='ocr_par' dir='ltr' id='par_1_81' title="bbox 2181 3595 3760 3668">
     <span class='ocr_line' id='line_1_81' title="bbox 2181 3595 3760 3668; baseline 0.006 -19"><span class='ocrx_word' id='word_1_607' title='bbox 2181 3596 2482 3665; x_wconf 84' lang='lat' dir='ltr'><strong>gerantur?</strong></span> <span class='ocrx_word' id='word_1_608' title='bbox 2506 3596 2629 3650; x_wconf 68' lang='lat' dir='ltr'><strong>Ilaec</strong></span> <span class='ocrx_word' id='word_1_609' title='bbox 2658 3595 2759 3649; x_wconf 84' lang='lat' dir='ltr'><strong>fuit</strong></span> <span class='ocrx_word' id='word_1_610' title='bbox 2789 3611 2920 3649; x_wconf 86' lang='lat' dir='ltr'><strong>cura</strong></span> <span class='ocrx_word' id='word_1_611' title='bbox 2948 3599 3189 3668; x_wconf 88' lang='lat' dir='ltr'><strong>Spiritus</strong></span> <span class='ocrx_word' id='word_1_612' title='bbox 3223 3601 3420 3666; x_wconf 88' lang='lat' dir='ltr'><strong>sancti,</strong></span> <span class='ocrx_word' id='word_1_613' title='bbox 3457 3612 3512 3655; x_wconf 87' lang='lat' dir='ltr'><strong>ut</strong></span> <span class='ocrx_word' id='word_1_614' title='bbox 3547 3603 3760 3659; x_wconf 90' lang='lat' dir='ltr'><strong>relictis</strong></span> 
     </span>
    </p>
   </div>
   <div class='ocr_carea' id='block_1_82' title="bbox 2182 3686 3763 3761">
    <p class='ocr_par' dir='ltr' id='par_1_82' title="bbox 2182 3686 3763 3761">
     <span class='ocr_line' id='line_1_82' title="bbox 2182 3686 3763 3761; baseline 0.004 -21"><span class='ocrx_word' id='word_1_615' title='bbox 2182 3697 2261 3740; x_wconf 93' lang='lat' dir='ltr'><strong>tot</strong></span> <span class='ocrx_word' id='word_1_616' title='bbox 2287 3697 2340 3741; x_wconf 92' lang='lat' dir='ltr'><strong>et</strong></span> <span class='ocrx_word' id='word_1_617' title='bbox 2368 3697 2641 3740; x_wconf 87' lang='lat' dir='ltr'><strong>tantarum</strong></span> <span class='ocrx_word' id='word_1_618' title='bbox 2677 3686 2936 3741; x_wconf 90' lang='lat' dir='ltr'><strong>nobilium</strong></span> <span class='ocrx_word' id='word_1_619' title='bbox 2966 3691 3199 3745; x_wconf 88' lang='lat' dir='ltr'><strong>excidiis</strong></span> <span class='ocrx_word' id='word_1_620' title='bbox 3225 3691 3464 3755; x_wconf 82' lang='lat' dir='ltr'><strong>urbium,</strong></span> <span class='ocrx_word' id='word_1_621' title='bbox 3495 3694 3763 3761; x_wconf 69' lang='lat' dir='ltr'><strong>praedium</strong></span> 
     </span>
    </p>
   </div>
   <div class='ocr_carea' id='block_1_83' title="bbox 2180 3778 3764 3854">
    <p class='ocr_par' dir='ltr' id='par_1_83' title="bbox 2180 3778 3764 3854">
     <span class='ocr_line' id='line_1_83' title="bbox 2180 3778 3764 3854; baseline 0.004 -21"><span class='ocrx_word' id='word_1_622' title='bbox 2180 3780 2420 3834; x_wconf 82' lang='lat' dir='ltr'><strong>civitatis</strong></span> <span class='ocrx_word' id='word_1_623' title='bbox 2445 3778 2556 3849; x_wconf 85' lang='lat' dir='ltr'><strong>IIay</strong></span> <span class='ocrx_word' id='word_1_624' title='bbox 2580 3779 2846 3849; x_wconf 89' lang='lat' dir='ltr'><strong>scriptum</strong></span> <span class='ocrx_word' id='word_1_625' title='bbox 2881 3781 2992 3854; x_wconf 71' lang='lat'><strong>(‘27)</strong></span> <span class='ocrx_word' id='word_1_626' title='bbox 3016 3783 3188 3837; x_wconf 90' lang='lat' dir='ltr'><strong>sacris</strong></span> <span class='ocrx_word' id='word_1_627' title='bbox 3211 3783 3576 3838; x_wconf 89' lang='lat' dir='ltr'><strong>voluminibus</strong></span> <span class='ocrx_word' id='word_1_628' title='bbox 3607 3802 3764 3839; x_wconf 86' lang='lat' dir='ltr'><strong>tuan-</strong></span> 
     </span>
    </p>
   </div>
   <div class='ocr_carea' id='block_1_84' title="bbox 2180 3872 3761 3945">
    <p class='ocr_par' dir='ltr' id='par_1_84' title="bbox 2180 3872 3761 3945">
     <span class='ocr_line' id='line_1_84' title="bbox 2180 3872 3761 3945; baseline 0.003 -19"><span class='ocrx_word' id='word_1_629' title='bbox 2180 3873 2440 3926; x_wconf 84' lang='lat' dir='ltr'><strong>daretur?</strong></span> <span class='ocrx_word' id='word_1_630' title='bbox 2472 3872 2852 3927; x_wconf 87' lang='lat' dir='ltr'><strong>Temerarium</strong></span> <span class='ocrx_word' id='word_1_631' title='bbox 2906 3874 3142 3930; x_wconf 90' lang='lat' dir='ltr'><strong>fortasse</strong></span> <span class='ocrx_word' id='word_1_632' title='bbox 3195 3877 3265 3930; x_wconf 89' lang='lat' dir='ltr'><strong>sit</strong></span> <span class='ocrx_word' id='word_1_633' title='bbox 3321 3878 3462 3945; x_wconf 87' lang='lat' dir='ltr'><strong>quod</strong></span> <span class='ocrx_word' id='word_1_634' title='bbox 3511 3877 3761 3945; x_wconf 82' lang='lat' dir='ltr'><strong>facimus,</strong></span> 
     </span>
    </p>
   </div>
   <div class='ocr_carea' id='block_1_85' title="bbox 2182 3963 3760 4035">
    <p class='ocr_par' dir='ltr' id='par_1_85' title="bbox 2182 3963 3760 4035">
     <span class='ocr_line' id='line_1_85' title="bbox 2182 3963 3760 4035; baseline 0.003 -19"><span class='ocrx_word' id='word_1_635' title='bbox 2182 3972 2292 4016; x_wconf 89' lang='lat' dir='ltr'><strong>tam</strong></span> <span class='ocrx_word' id='word_1_636' title='bbox 2333 3966 2501 4019; x_wconf 89' lang='lat' dir='ltr'><strong>ardua</strong></span> <span class='ocrx_word' id='word_1_637' title='bbox 2535 3975 2590 4021; x_wconf 93' lang='lat' dir='ltr'><strong>et</strong></span> <span class='ocrx_word' id='word_1_638' title='bbox 2635 3977 2743 4020; x_wconf 92' lang='lat' dir='ltr'><strong>tam</strong></span> <span class='ocrx_word' id='word_1_639' title='bbox 2789 3965 3034 4021; x_wconf 84' lang='lat' dir='ltr'><strong>diﬂicilia</strong></span> <span class='ocrx_word' id='word_1_640' title='bbox 3083 3963 3384 4035; x_wconf 86' lang='lat' dir='ltr'><strong>Scriptura:</strong></span> <span class='ocrx_word' id='word_1_641' title='bbox 3409 3975 3612 4020; x_wconf 72' lang='lat' dir='ltr'><strong>sancta:</strong></span> <span class='ocrx_word' id='word_1_642' title='bbox 3645 3967 3760 4022; x_wconf 85' lang='lat' dir='ltr'><strong>loca</strong></span> 
     </span>
    </p>
   </div>
   <div class='ocr_carea' id='block_1_86' title="bbox 2177 4055 3762 4124">
    <p class='ocr_par' dir='ltr' id='par_1_86' title="bbox 2177 4055 3762 4124">
     <span class='ocr_line' id='line_1_86' title="bbox 2177 4055 3762 4124; baseline 0.004 -17"><span class='ocrx_word' id='word_1_643' title='bbox 2177 4055 2473 4124; x_wconf 80' lang='lat' dir='ltr'><strong>explanare</strong></span> <span class='ocrx_word' id='word_1_644' title='bbox 2503 4067 2769 4113; x_wconf 90' lang='lat' dir='ltr'><strong>conantes</strong></span> <span class='ocrx_word' id='word_1_645' title='bbox 2795 4072 2810 4111; x_wconf 90' lang='lat'><strong>:</strong></span> <span class='ocrx_word' id='word_1_646' title='bbox 2835 4058 2928 4113; x_wconf 91' lang='lat' dir='ltr'><strong>sed</strong></span> <span class='ocrx_word' id='word_1_647' title='bbox 2962 4058 3008 4112; x_wconf 92' lang='lat' dir='ltr'><strong>si</strong></span> <span class='ocrx_word' id='word_1_648' title='bbox 3048 4072 3148 4111; x_wconf 92' lang='lat' dir='ltr'><strong>nos</strong></span> <span class='ocrx_word' id='word_1_649' title='bbox 3193 4057 3529 4114; x_wconf 87' lang='lat' dir='ltr'><strong>orationibus</strong></span> <span class='ocrx_word' id='word_1_650' title='bbox 3557 4060 3762 4114; x_wconf 83' lang='lat' dir='ltr'><strong>vestris</strong></span> 
     </span>
    </p>
   </div>
   <div class='ocr_carea' id='block_1_87' title="bbox 2172 4149 3757 4223">
    <p class='ocr_par' dir='ltr' id='par_1_87' title="bbox 2172 4149 3757 4223">
     <span class='ocr_line' id='line_1_87' title="bbox 2172 4149 3757 4223; baseline 0.004 -21"><span class='ocrx_word' id='word_1_651' title='bbox 2172 4149 2399 4218; x_wconf 86' lang='lat' dir='ltr'><strong>juvetis,</strong></span> <span class='ocrx_word' id='word_1_652' title='bbox 2458 4168 2563 4206; x_wconf 92' lang='lat' dir='ltr'><strong>non</strong></span> <span class='ocrx_word' id='word_1_653' title='bbox 2612 4152 2787 4208; x_wconf 88' lang='lat' dir='ltr'><strong>solum</strong></span> <span class='ocrx_word' id='word_1_654' title='bbox 2845 4153 3058 4222; x_wconf 90' lang='lat' dir='ltr'><strong>culpam</strong></span> <span class='ocrx_word' id='word_1_655' title='bbox 3120 4151 3444 4223; x_wconf 78' lang='lat' dir='ltr'><strong>ellugiemus</strong></span> <span class='ocrx_word' id='word_1_656' title='bbox 3488 4154 3757 4218; x_wconf 69' lang='lat' dir='ltr'><strong>audaeizc,</strong></span> 
     </span>
    </p>
   </div>
   <div class='ocr_carea' id='block_1_88' title="bbox 2181 4237 3759 4314">
    <p class='ocr_par' dir='ltr' id='par_1_88' title="bbox 2181 4237 3759 4314">
     <span class='ocr_line' id='line_1_88' title="bbox 2181 4237 3759 4314; baseline 0.003 -18"><span class='ocrx_word' id='word_1_657' title='bbox 2181 4258 2367 4299; x_wconf 89' lang='lat' dir='ltr'><strong>verum</strong></span> <span class='ocrx_word' id='word_1_658' title='bbox 2428 4253 2486 4301; x_wconf 85' lang='lat' dir='ltr'><strong>et</strong></span> <span class='ocrx_word' id='word_1_659' title='bbox 2536 4237 2879 4301; x_wconf 78' lang='lat' dir='ltr'><strong>devotiodem</strong></span> <span class='ocrx_word' id='word_1_660' title='bbox 2955 4255 3196 4300; x_wconf 89' lang='lat' dir='ltr'><strong>nostram</strong></span> <span class='ocrx_word' id='word_1_661' title='bbox 3259 4245 3541 4314; x_wconf 87' lang='lat' dir='ltr'><strong>amplexus</strong></span> <span class='ocrx_word' id='word_1_662' title='bbox 3599 4247 3759 4301; x_wconf 88' lang='lat' dir='ltr'><strong>Pater</strong></span> 
     </span>
    </p>
   </div>
   <div class='ocr_carea' id='block_1_89' title="bbox 2182 4336 3756 4406">
    <p class='ocr_par' dir='ltr' id='par_1_89' title="bbox 2182 4336 3756 4406">
     <span class='ocr_line' id='line_1_89' title="bbox 2182 4336 3756 4406; baseline 0.001 -15"><span class='ocrx_word' id='word_1_663' title='bbox 2182 4336 2341 4392; x_wconf 85' lang='lat' dir='ltr'><strong>Verbi</strong></span> <span class='ocrx_word' id='word_1_664' title='bbox 2371 4339 2510 4394; x_wconf 88' lang='lat' dir='ltr'><strong>Deus</strong></span> <span class='ocrx_word' id='word_1_665' title='bbox 2533 4339 2687 4394; x_wconf 88' lang='lat' dir='ltr'><strong>dabit</strong></span> <span class='ocrx_word' id='word_1_666' title='bbox 2706 4340 2930 4394; x_wconf 88' lang='lat' dir='ltr'><strong>verbum</strong></span> <span class='ocrx_word' id='word_1_667' title='bbox 2959 4339 3012 4392; x_wconf 93' lang='lat' dir='ltr'><strong>in</strong></span> <span class='ocrx_word' id='word_1_668' title='bbox 3038 4338 3391 4406; x_wconf 86' lang='lat' dir='ltr'><strong>adapertioue</strong></span> <span class='ocrx_word' id='word_1_669' title='bbox 3421 4339 3535 4393; x_wconf 91' lang='lat' dir='ltr'><strong>oris</strong></span> <span class='ocrx_word' id='word_1_670' title='bbox 3561 4341 3756 4406; x_wconf 77' lang='lat' dir='ltr'><strong>nostri,</strong></span> 
     </span>
    </p>
   </div>
   <div class='ocr_carea' id='block_1_90' title="bbox 2177 4429 3748 4501">
    <p class='ocr_par' dir='ltr' id='par_1_90' title="bbox 2177 4429 3748 4501">
     <span class='ocr_line' id='line_1_90' title="bbox 2177 4429 3748 4501; baseline 0.004 -20"><span class='ocrx_word' id='word_1_671' title='bbox 2177 4445 2285 4499; x_wconf 92' lang='lat' dir='ltr'><strong>quo</strong></span> <span class='ocrx_word' id='word_1_672' title='bbox 2316 4443 2369 4486; x_wconf 89' lang='lat' dir='ltr'><strong>et</strong></span> <span class='ocrx_word' id='word_1_673' title='bbox 2401 4446 2496 4486; x_wconf 86' lang='lat' dir='ltr'><strong>vos</strong></span> <span class='ocrx_word' id='word_1_674' title='bbox 2529 4431 2896 4496; x_wconf 66' lang='lat' dir='ltr'><strong>aadificemini,</strong></span> <span class='ocrx_word' id='word_1_675' title='bbox 2930 4441 2984 4485; x_wconf 92' lang='lat' dir='ltr'><strong>et</strong></span> <span class='ocrx_word' id='word_1_676' title='bbox 3019 4446 3118 4485; x_wconf 92' lang='lat' dir='ltr'><strong>nos</strong></span> <span class='ocrx_word' id='word_1_677' title='bbox 3149 4445 3252 4482; x_wconf 92' lang='lat' dir='ltr'><strong>non</strong></span> <span class='ocrx_word' id='word_1_678' title='bbox 3302 4429 3536 4484; x_wconf 86' lang='lat' dir='ltr'><strong>indevoti</strong></span> <span class='ocrx_word' id='word_1_679' title='bbox 3562 4447 3748 4501; x_wconf 89' lang='lat' dir='ltr'><strong>parea-</strong></span> 
     </span>
    </p>
   </div>
   <div class='ocr_carea' id='block_1_91' title="bbox 490 4515 3754 4598">
    <p class='ocr_par' dir='ltr' id='par_1_91' title="bbox 490 4515 3754 4598">
     <span class='ocr_line' id='line_1_91' title="bbox 490 4515 3754 4598; baseline 0.005 -31"><span class='ocrx_word' id='word_1_680' title='bbox 490 4515 758 4572; x_wconf 89' lang='lat' dir='ltr'><strong>Dominus</strong></span> <span class='ocrx_word' id='word_1_681' title='bbox 807 4530 1016 4586; x_wconf 91' lang='lat' dir='ltr'><strong>noster,</strong></span> <span class='ocrx_word' id='word_1_682' title='bbox 1049 4523 1135 4576; x_wconf 90' lang='lat' dir='ltr'><strong>cui</strong></span> <span class='ocrx_word' id='word_1_683' title='bbox 1167 4533 1252 4578; x_wconf 90' lang='lat' dir='ltr'><strong>cst</strong></span> <span class='ocrx_word' id='word_1_684' title='bbox 1283 4525 1453 4594; x_wconf 85' lang='lat' dir='ltr'><strong>gloria</strong></span> <span class='ocrx_word' id='word_1_685' title='bbox 1485 4536 1540 4582; x_wconf 91' lang='lat' dir='ltr'><strong>et</strong></span> <span class='ocrx_word' id='word_1_686' title='bbox 1569 4528 1858 4598; x_wconf 88' lang='lat' dir='ltr'><strong>imperium</strong></span> <span class='ocrx_word' id='word_1_687' title='bbox 1890 4530 1942 4584; x_wconf 92' lang='lat' dir='ltr'><strong>in</strong></span> <span class='ocrx_word' id='word_1_688' title='bbox 1978 4546 2073 4586; x_wconf 75' lang='lat' dir='ltr'><strong>sa:-</strong></span> <span class='ocrx_word' id='word_1_689' title='bbox 2101 4537 2149 4596; x_wconf 79' lang='grc' dir='ltr'><strong>υ</strong></span> <span class='ocrx_word' id='word_1_690' title='bbox 2179 4539 2317 4578; x_wconf 86' lang='lat' dir='ltr'><strong>inus.</strong></span> <span class='ocrx_word' id='word_1_691' title='bbox 2363 4525 2598 4580; x_wconf 86' lang='lat' dir='ltr'><strong>Orantes</strong></span> <span class='ocrx_word' id='word_1_692' title='bbox 2646 4539 2777 4594; x_wconf 87' lang='lat' dir='ltr'><strong>ergo</strong></span> <span class='ocrx_word' id='word_1_693' title='bbox 2833 4532 2890 4577; x_wconf 91' lang='lat' dir='ltr'><strong>et</strong></span> <span class='ocrx_word' id='word_1_694' title='bbox 2919 4523 3113 4578; x_wconf 89' lang='lat' dir='ltr'><strong>intenti</strong></span> <span class='ocrx_word' id='word_1_695' title='bbox 3164 4522 3362 4578; x_wconf 87' lang='lat' dir='ltr'><strong>animis</strong></span> <span class='ocrx_word' id='word_1_696' title='bbox 3401 4521 3517 4596; x_wconf 70' lang='lat'><strong>(28)</strong></span> <span class='ocrx_word' id='word_1_697' title='bbox 3549 4526 3754 4583; x_wconf 89' lang='lat' dir='ltr'><strong>audite.</strong></span> 
     </span>
    </p>
   </div>
   <div class='ocr_carea' id='block_1_92' title="bbox 486 4609 1232 4670">
    <p class='ocr_par' dir='ltr' id='par_1_92' title="bbox 486 4609 1232 4670">
     <span class='ocr_line' id='line_1_92' title="bbox 486 4609 1232 4670; baseline 0.012 -9"><span class='ocrx_word' id='word_1_698' title='bbox 486 4609 610 4664; x_wconf 88' lang='lat' dir='ltr'><strong>cula</strong></span> <span class='ocrx_word' id='word_1_699' title='bbox 650 4612 998 4669; x_wconf 65' lang='lat' dir='ltr'><strong>saeculorum.</strong></span> <span class='ocrx_word' id='word_1_700' title='bbox 1035 4617 1232 4670; x_wconf 79' lang='lat' dir='ltr'><strong>Amen.</strong></span> 
     </span>
    </p>
   </div>
   <div class='ocr_carea' id='block_1_93' title="bbox 1054 4729 1508 4789">
    <p class='ocr_par' dir='ltr' id='par_1_93' title="bbox 1054 4729 1508 4789">
     <span class='ocr_line' id='line_1_93' title="bbox 1054 4729 1508 4789; baseline 0.009 -4"><span class='ocrx_word' id='word_1_701' title='bbox 1054 4729 1343 4787; x_wconf 47' lang='lat' dir='ltr'><strong>IIOMILIA&#39;</strong></span> <span class='ocrx_word' id='word_1_702' title='bbox 1377 4733 1508 4789; x_wconf 78' lang='lat' dir='ltr'><strong>VIII.</strong></span> 
     </span>
    </p>
   </div>
   <div class='ocr_carea' id='block_1_94' title="bbox 488 4811 2073 4902">
    <p class='ocr_par' dir='ltr' id='par_1_94' title="bbox 488 4811 2073 4902">
     <span class='ocr_line' id='line_1_94' title="bbox 488 4811 2073 4902; baseline 0.01 -33"><span class='ocrx_word' id='word_1_703' title='bbox 488 4811 569 4870; x_wconf 79' lang='lat' dir='ltr'><strong>De</strong></span> <span class='ocrx_word' id='word_1_704' title='bbox 595 4815 662 4870; x_wconf 76' lang='lat' dir='ltr'><strong>iis</strong></span> <span class='ocrx_word' id='word_1_705' title='bbox 681 4833 802 4899; x_wconf 74' lang='lat' dir='ltr'><strong>qua:</strong></span> <span class='ocrx_word' id='word_1_706' title='bbox 841 4818 1186 4902; x_wconf 49' lang='lat' dir='ltr'><strong>iunctim-sione</strong></span> <span class='ocrx_word' id='word_1_707' title='bbox 1235 4819 1353 4893; x_wconf 83' lang='lat' dir='ltr'><strong>Ilay</strong></span> <span class='ocrx_word' id='word_1_708' title='bbox 1387 4836 1535 4902; x_wconf 76' lang='lat' dir='ltr'><strong>gestu</strong></span> <span class='ocrx_word' id='word_1_709' title='bbox 1575 4837 1724 4902; x_wconf 68' lang='lat' dir='ltr'><strong>sunt,</strong></span> <span class='ocrx_word' id='word_1_710' title='bbox 1762 4841 1810 4882; x_wconf 81' lang='lat' dir='ltr'><strong>et</strong></span> <span class='ocrx_word' id='word_1_711' title='bbox 1848 4830 1913 4884; x_wconf 85' lang='lat' dir='ltr'><strong>de</strong></span> <span class='ocrx_word' id='word_1_712' title='bbox 1957 4847 2073 4902; x_wconf 73' lang='lat' dir='ltr'><strong>rege</strong></span> 
     </span>
    </p>
   </div>
   <div class='ocr_carea' id='block_1_95' title="bbox 699 4888 1854 4970">
    <p class='ocr_par' dir='ltr' id='par_1_95' title="bbox 699 4888 1854 4970">
     <span class='ocr_line' id='line_1_95' title="bbox 699 4888 1854 4970; baseline 0.011 -30"><span class='ocrx_word' id='word_1_713' title='bbox 699 4888 814 4956; x_wconf 78' lang='lat' dir='ltr'><strong>ejus</strong></span> <span class='ocrx_word' id='word_1_714' title='bbox 846 4889 982 4961; x_wconf 72' lang='lat'><strong>(26),</strong></span> <span class='ocrx_word' id='word_1_715' title='bbox 1005 4908 1072 4945; x_wconf 82' lang='lat' dir='ltr'><strong>ea:</strong></span> <span class='ocrx_word' id='word_1_716' title='bbox 1092 4902 1263 4961; x_wconf 75' lang='lat' dir='ltr'><strong>parte,</strong></span> <span class='ocrx_word' id='word_1_717' title='bbox 1289 4888 1340 4947; x_wconf 79' lang='grc' dir='ltr'><em>εῐ</em></span> <span class='ocrx_word' id='word_1_718' title='bbox 1365 4888 1428 4948; x_wconf 66' lang='grc' dir='ltr'><strong>(Ιέ</strong></span> <span class='ocrx_word' id='word_1_719' title='bbox 1449 4897 1655 4965; x_wconf 82' lang='lat' dir='ltr'><strong>gemino</strong></span> <span class='ocrx_word' id='word_1_720' title='bbox 1686 4888 1854 4970; x_wconf 85' lang='lat' dir='ltr'><strong>ligno.</strong></span> 
     </span>
    </p>
   </div>
   <div class='ocr_carea' id='block_1_96' title="bbox 560 4976 2068 5049">
    <p class='ocr_par' dir='ltr' id='par_1_96' title="bbox 560 4976 2068 5049">
     <span class='ocr_line' id='line_1_96' title="bbox 560 4976 2068 5049; baseline 0.009 -19"><span class='ocrx_word' id='word_1_721' title='bbox 560 4977 612 5031; x_wconf 82' lang='grc'><strong>1.</strong></span> <span class='ocrx_word' id='word_1_722' title='bbox 656 4976 1025 5049; x_wconf 89' lang='lat' dir='ltr'><strong>Deprecamur</strong></span> <span class='ocrx_word' id='word_1_723' title='bbox 1056 4998 1176 5048; x_wconf 90' lang='lat' dir='ltr'><strong>vos,</strong></span> <span class='ocrx_word' id='word_1_724' title='bbox 1211 4998 1244 5039; x_wconf 93' lang='grc' dir='ltr'>ο</span> <span class='ocrx_word' id='word_1_725' title='bbox 1277 4985 1558 5041; x_wconf 88' lang='lat' dir='ltr'><strong>auditores</strong></span> <span class='ocrx_word' id='word_1_726' title='bbox 1589 5002 1874 5044; x_wconf 90' lang='lat' dir='ltr'><strong>sacrorum</strong></span> <span class='ocrx_word' id='word_1_727' title='bbox 1913 4990 2068 5044; x_wconf 85' lang='lat' dir='ltr'><strong>volu-</strong></span> 
     </span>
    </p>
   </div>
   <div class='ocr_carea' id='block_1_97' title="bbox 484 5067 2069 5154">
    <p class='ocr_par' dir='ltr' id='par_1_97' title="bbox 484 5067 2069 5154">
     <span class='ocr_line' id='line_1_97' title="bbox 484 5067 2069 5154; baseline 0.011 -34"><span class='ocrx_word' id='word_1_728' title='bbox 484 5067 716 5136; x_wconf 90' lang='lat' dir='ltr'><strong>minum,</strong></span> <span class='ocrx_word' id='word_1_729' title='bbox 747 5089 854 5127; x_wconf 91' lang='lat' dir='ltr'><strong>non</strong></span> <span class='ocrx_word' id='word_1_730' title='bbox 897 5089 1020 5130; x_wconf 91' lang='lat' dir='ltr'><strong>cum</strong></span> <span class='ocrx_word' id='word_1_731' title='bbox 1054 5076 1214 5132; x_wconf 69' lang='lat' dir='ltr'><strong>taedio</strong></span> <span class='ocrx_word' id='word_1_732' title='bbox 1253 5076 1338 5131; x_wconf 90' lang='lat' dir='ltr'><strong>vel</strong></span> <span class='ocrx_word' id='word_1_733' title='bbox 1369 5076 1593 5136; x_wconf 87' lang='lat' dir='ltr'><strong>fastidio</strong></span> <span class='ocrx_word' id='word_1_734' title='bbox 1622 5095 1686 5136; x_wconf 87' lang='lat' dir='ltr'><strong>ea</strong></span> <span class='ocrx_word' id='word_1_735' title='bbox 1721 5097 1844 5152; x_wconf 67' lang='lat' dir='ltr'><strong>qua:</strong></span> <span class='ocrx_word' id='word_1_736' title='bbox 1877 5082 2069 5154; x_wconf 85' lang='lat' dir='ltr'><strong>legun-</strong></span> 
     </span>
    </p>
   </div>
   <div class='ocr_carea' id='block_1_98' title="bbox 555 5234 1554 5311">
    <p class='ocr_par' dir='ltr' id='par_1_98' title="bbox 555 5234 1554 5311">
     <span class='ocr_line' id='line_1_98' title="bbox 555 5234 1554 5311; baseline 0.011 -25"><span class='ocrx_word' id='word_1_737' title='bbox 555 5237 601 5269; x_wconf 75' lang='grc' dir='ltr'><strong>⁸ο</strong></span> <span class='ocrx_word' id='word_1_738' title='bbox 624 5234 737 5292; x_wconf 89' lang='lat' dir='ltr'><strong>.los.</strong></span> <span class='ocrx_word' id='word_1_739' title='bbox 775 5253 872 5303; x_wconf 88' lang='lat' dir='ltr'><strong>vn,</strong></span> <span class='ocrx_word' id='word_1_740' title='bbox 904 5238 994 5294; x_wconf 73' lang='grc'><strong>21.</strong></span> <span class='ocrx_word' id='word_1_741' title='bbox 1073 5241 1116 5272; x_wconf 83' lang='grc'>⁶¹</span> <span class='ocrx_word' id='word_1_742' title='bbox 1147 5241 1166 5295; x_wconf 92' lang='grc'><strong>1</strong></span> <span class='ocrx_word' id='word_1_743' title='bbox 1202 5242 1332 5298; x_wconf 91' lang='lat' dir='ltr'><strong>Cor.</strong></span> <span class='ocrx_word' id='word_1_744' title='bbox 1366 5259 1462 5311; x_wconf 91' lang='lat' dir='ltr'><strong>xu,</strong></span> <span class='ocrx_word' id='word_1_745' title='bbox 1500 5242 1554 5297; x_wconf 89' lang='lat'><strong>8.</strong></span> 
     </span>
    </p>
   </div>
   <div class='ocr_carea' id='block_1_99' title="bbox 551 5374 2058 5444">
    <p class='ocr_par' dir='ltr' id='par_1_99' title="bbox 551 5374 2058 5444">
     <span class='ocr_line' id='line_1_99' title="bbox 551 5374 2058 5444; baseline 0.006 -16"><span class='ocrx_word' id='word_1_746' title='bbox 551 5375 666 5444; x_wconf 74' lang='grc'><strong>(25)</strong></span> <span class='ocrx_word' id='word_1_747' title='bbox 707 5374 1056 5431; x_wconf 83' lang='lat' dir='ltr'><strong>Ebroicensis</strong></span> <span class='ocrx_word' id='word_1_748' title='bbox 1084 5394 1223 5431; x_wconf 89' lang='lat' dir='ltr'><strong>unus</strong></span> <span class='ocrx_word' id='word_1_749' title='bbox 1254 5397 1266 5431; x_wconf 90' lang='lat'>:</span> <span class='ocrx_word' id='word_1_750' title='bbox 1297 5398 1316 5430; x_wconf 85' lang='grc'><em>‹</em></span> <span class='ocrx_word' id='word_1_751' title='bbox 1349 5380 1661 5435; x_wconf 64' lang='lat' dir='ltr'><strong>haereticus.</strong></span> <span class='ocrx_word' id='word_1_752' title='bbox 1695 5399 1712 5432; x_wconf 75' lang='grc' dir='ltr'><strong>ι</strong></span> <span class='ocrx_word' id='word_1_753' title='bbox 1753 5380 1912 5436; x_wconf 88' lang='lat' dir='ltr'><strong>Libb.</strong></span> <span class='ocrx_word' id='word_1_754' title='bbox 1943 5382 2058 5437; x_wconf 90' lang='lat' dir='ltr'><strong>edi-</strong></span> 
     </span>
    </p>
   </div>
   <div class='ocr_carea' id='block_1_100' title="bbox 481 5447 2059 5528">
    <p class='ocr_par' dir='ltr' id='par_1_100' title="bbox 481 5447 2059 5528">
     <span class='ocr_line' id='line_1_100' title="bbox 481 5447 2059 5528; baseline 0.005 -30"><span class='ocrx_word' id='word_1_755' title='bbox 481 5447 517 5498; x_wconf 90' lang='lat' dir='ltr'><strong>ti</strong></span> <span class='ocrx_word' id='word_1_756' title='bbox 546 5463 560 5498; x_wconf 90' lang='lat'><strong>:</strong></span> <span class='ocrx_word' id='word_1_757' title='bbox 603 5463 620 5496; x_wconf 77' lang='lat' dir='ltr'><strong>t</strong></span> <span class='ocrx_word' id='word_1_758' title='bbox 651 5447 916 5528; x_wconf 65' lang='lat' dir='ltr'><strong>haeretici.</strong></span> <span class='ocrx_word' id='word_1_759' title='bbox 956 5466 974 5501; x_wconf 71' lang='grc' dir='ltr'><strong>ι</strong></span> <span class='ocrx_word' id='word_1_760' title='bbox 1013 5447 1316 5518; x_wconf 88' lang='lat' dir='ltr'><strong>Utrumque</strong></span> <span class='ocrx_word' id='word_1_761' title='bbox 1347 5450 1694 5506; x_wconf 85' lang='lat' dir='ltr'><strong>desideratur</strong></span> <span class='ocrx_word' id='word_1_762' title='bbox 1720 5453 1771 5506; x_wconf 88' lang='lat' dir='ltr'><strong>itt</strong></span> <span class='ocrx_word' id='word_1_763' title='bbox 1818 5451 2059 5524; x_wconf 82' lang='lat' dir='ltr'><strong>Sanger—</strong></span> 
     </span>
    </p>
   </div>
   <div class='ocr_carea' id='block_1_101' title="bbox 481 5531 2051 5660">
    <p class='ocr_par' dir='ltr' id='par_1_101' title="bbox 481 5531 2051 5660">
     <span class='ocr_line' id='line_1_101' title="bbox 481 5531 745 5571; baseline 0.019 -5"><span class='ocrx_word' id='word_1_764' title='bbox 481 5531 745 5571; x_wconf 77' lang='lat' dir='ltr'><strong>mancnSI.</strong></span> 
     </span>
     <span class='ocr_line' id='line_1_102' title="bbox 481 5584 2051 5660; baseline 0.01 -26"><span class='ocrx_word' id='word_1_765' title='bbox 481 5653 512 5660; x_wconf 53' lang='grc' dir='ltr'>η</span> <span class='ocrx_word' id='word_1_766' title='bbox 554 5584 667 5653; x_wconf 73' lang='lat'><strong>(9.6)</strong></span> <span class='ocrx_word' id='word_1_767' title='bbox 699 5585 857 5640; x_wconf 76' lang='lat' dir='ltr'><strong>Gesta</strong></span> <span class='ocrx_word' id='word_1_768' title='bbox 909 5600 1040 5660; x_wconf 61' lang='lat' dir='ltr'><strong>sunt</strong></span> <span class='ocrx_word' id='word_1_769' title='bbox 1071 5601 1117 5640; x_wconf 83' lang='lat' dir='ltr'><strong>et</strong></span> <span class='ocrx_word' id='word_1_770' title='bbox 1153 5590 1216 5642; x_wconf 83' lang='lat' dir='ltr'><strong>de</strong></span> <span class='ocrx_word' id='word_1_771' title='bbox 1273 5605 1388 5657; x_wconf 78' lang='lat' dir='ltr'><strong>rege</strong></span> <span class='ocrx_word' id='word_1_772' title='bbox 1441 5591 1580 5660; x_wconf 82' lang='lat' dir='ltr'><strong>ejus,</strong></span> <span class='ocrx_word' id='word_1_773' title='bbox 1617 5601 1724 5648; x_wconf 90' lang='lat' dir='ltr'><strong>etc.</strong></span> <span class='ocrx_word' id='word_1_774' title='bbox 1754 5593 1848 5648; x_wconf 87' lang='lat' dir='ltr'><strong>Sic</strong></span> <span class='ocrx_word' id='word_1_775' title='bbox 1877 5594 2051 5649; x_wconf 78' lang='lat' dir='ltr'><strong>codex</strong></span> 
     </span>
    </p>
   </div>
   <div class='ocr_carea' id='block_1_102' title="bbox 480 5653 2051 5735">
    <p class='ocr_par' dir='ltr' id='par_1_102' title="bbox 480 5653 2051 5735">
     <span class='ocr_line' id='line_1_103' title="bbox 480 5653 2051 5735; baseline 0.009 -31"><span class='ocrx_word' id='word_1_776' title='bbox 480 5653 991 5735; x_wconf 72' lang='lat' dir='ltr'><strong>Sangcrmaucusis.</strong></span> <span class='ocrx_word' id='word_1_777' title='bbox 1027 5658 1092 5735; x_wconf 85' lang='lat' dir='ltr'><strong>In_</strong></span> <span class='ocrx_word' id='word_1_778' title='bbox 1111 5653 1480 5735; x_wconf 71' lang='lat' dir='ltr'><strong>Ccnieticettsi</strong></span> <span class='ocrx_word' id='word_1_779' title='bbox 1508 5653 1676 5728; x_wconf 86' lang='lat' dir='ltr'><strong>deest,</strong></span> <span class='ocrx_word' id='word_1_780' title='bbox 1705 5682 1723 5714; x_wconf 71' lang='grc' dir='ltr'>ι</span> <span class='ocrx_word' id='word_1_781' title='bbox 1747 5666 1881 5718; x_wconf 87' lang='lat' dir='ltr'><strong>etde</strong></span> <span class='ocrx_word' id='word_1_782' title='bbox 1906 5665 2051 5735; x_wconf 86' lang='lat' dir='ltr'><strong>ligno</strong></span> 
     </span>
    </p>
   </div>
   <div class='ocr_carea' id='block_1_103' title="bbox 480 5725 2051 5801">
    <p class='ocr_par' dir='ltr' id='par_1_103' title="bbox 480 5725 2051 5801">
     <span class='ocr_line' id='line_1_104' title="bbox 480 5725 2051 5801; baseline 0.01 -28"><span class='ocrx_word' id='word_1_783' title='bbox 480 5726 715 5801; x_wconf 56' lang='lat' dir='ltr'><strong>gemino.</strong></span> <span class='ocrx_word' id='word_1_784' title='bbox 744 5725 954 5801; x_wconf 33' lang='lat' dir='ltr'><strong>i‘Libb.</strong></span> <span class='ocrx_word' id='word_1_785' title='bbox 1009 5730 1140 5801; x_wconf 78' lang='lat' dir='ltr'><strong>e.!iti</strong></span> <span class='ocrx_word' id='word_1_786' title='bbox 1194 5729 1420 5801; x_wconf 85' lang='lat' dir='ltr'><strong>habent,</strong></span> <span class='ocrx_word' id='word_1_787' title='bbox 1455 5750 1473 5781; x_wconf 77' lang='grc' dir='ltr'>σ</span> <span class='ocrx_word' id='word_1_788' title='bbox 1503 5725 1672 5801; x_wconf 76' lang='lat' dir='ltr'><strong>gesta</strong></span> <span class='ocrx_word' id='word_1_789' title='bbox 1713 5744 1862 5801; x_wconf 88' lang='lat' dir='ltr'><strong>sunt,</strong></span> <span class='ocrx_word' id='word_1_790' title='bbox 1899 5725 2051 5790; x_wconf 44' lang='lat' dir='ltr'><strong>elude</strong></span> 
     </span>
    </p>
   </div>
   <div class='ocr_carea' id='block_1_104' title="bbox 481 5790 2052 5873">
    <p class='ocr_par' dir='ltr' id='par_1_104' title="bbox 481 5790 2052 5873">
     <span class='ocr_line' id='line_1_105' title="bbox 481 5790 2052 5873; baseline 0.011 -30"><span class='ocrx_word' id='word_1_791' title='bbox 481 5790 626 5857; x_wconf 80' lang='lat' dir='ltr'><strong>ligno</strong></span> <span class='ocrx_word' id='word_1_792' title='bbox 653 5795 888 5863; x_wconf 83' lang='lat' dir='ltr'><strong>gemino,</strong></span> <span class='ocrx_word' id='word_1_793' title='bbox 916 5806 969 5851; x_wconf 91' lang='lat' dir='ltr'><strong>ct</strong></span> <span class='ocrx_word' id='word_1_794' title='bbox 995 5797 1060 5851; x_wconf 88' lang='lat' dir='ltr'><strong>de</strong></span> <span class='ocrx_word' id='word_1_795' title='bbox 1099 5814 1223 5868; x_wconf 82' lang='lat' dir='ltr'><strong>rege</strong></span> <span class='ocrx_word' id='word_1_796' title='bbox 1249 5797 1384 5869; x_wconf 83' lang='lat' dir='ltr'><strong>ejus,</strong></span> <span class='ocrx_word' id='word_1_797' title='bbox 1408 5790 1793 5873; x_wconf 48' lang='lat' dir='ltr'><strong>velvquouiodo</strong></span> <span class='ocrx_word' id='word_1_798' title='bbox 1823 5790 1942 5862; x_wconf 77' lang='lat' dir='ltr'><strong>eam</strong></span> <span class='ocrx_word' id='word_1_799' title='bbox 1970 5807 2052 5861; x_wconf 53' lang='lat' dir='ltr'><strong>inv</strong></span> 
     </span>
    </p>
   </div>
   <div class='ocr_carea' id='block_1_105' title="bbox 2176 4615 3756 4697">
    <p class='ocr_par' dir='ltr' id='par_1_105' title="bbox 2176 4615 3756 4697">
     <span class='ocr_line' id='line_1_106' title="bbox 2176 4615 3756 4697; baseline 0.003 -27"><span class='ocrx_word' id='word_1_800' title='bbox 2176 4615 2362 4671; x_wconf 85' lang='lat' dir='ltr'><strong>Primo</strong></span> <span class='ocrx_word' id='word_1_801' title='bbox 2389 4625 2610 4697; x_wconf 58' lang='lat' dir='ltr'><strong>propter</strong></span> <span class='ocrx_word' id='word_1_802' title='bbox 2637 4626 2856 4688; x_wconf 88' lang='lat' dir='ltr'><strong>peccata</strong></span> <span class='ocrx_word' id='word_1_803' title='bbox 2897 4616 3026 4670; x_wconf 79' lang='lat' dir='ltr'><strong>victi</strong></span> <span class='ocrx_word' id='word_1_804' title='bbox 3057 4631 3266 4679; x_wconf 90' lang='lat' dir='ltr'><strong>sumus,</strong></span> <span class='ocrx_word' id='word_1_805' title='bbox 3296 4628 3350 4671; x_wconf 83' lang='lat' dir='ltr'><strong>et</strong></span> <span class='ocrx_word' id='word_1_806' title='bbox 3388 4617 3420 4672; x_wconf 93' lang='lat' dir='ltr'><strong>ii</strong></span> <span class='ocrx_word' id='word_1_807' title='bbox 3473 4619 3564 4688; x_wconf 89' lang='lat' dir='ltr'><strong>qui</strong></span> <span class='ocrx_word' id='word_1_808' title='bbox 3601 4619 3756 4674; x_wconf 90' lang='lat' dir='ltr'><strong>habi-</strong></span> 
     </span>
    </p>
   </div>
   <div class='ocr_carea' id='block_1_106' title="bbox 2177 4707 3750 4778">
    <p class='ocr_par' dir='ltr' id='par_1_106' title="bbox 2177 4707 3750 4778">
     <span class='ocr_line' id='line_1_107' title="bbox 2177 4707 3750 4778; baseline 0.005 -18"><span class='ocrx_word' id='word_1_809' title='bbox 2177 4709 2366 4761; x_wconf 88' lang='lat' dir='ltr'><strong>tabant</strong></span> <span class='ocrx_word' id='word_1_810' title='bbox 2411 4707 2525 4778; x_wconf 84' lang='lat' dir='ltr'><strong>Ilay</strong></span> <span class='ocrx_word' id='word_1_811' title='bbox 2571 4707 3006 4777; x_wconf 91' lang='lat' dir='ltr'><strong>quamplurimos</strong></span> <span class='ocrx_word' id='word_1_812' title='bbox 3037 4723 3102 4762; x_wconf 89' lang='lat' dir='ltr'><strong>ex</strong></span> <span class='ocrx_word' id='word_1_813' title='bbox 3145 4709 3302 4763; x_wconf 86' lang='lat' dir='ltr'><strong>nobis</strong></span> <span class='ocrx_word' id='word_1_814' title='bbox 3335 4710 3750 4768; x_wconf 87' lang='lat' dir='ltr'><strong>interfecerunt.</strong></span> 
     </span>
    </p>
   </div>
   <div class='ocr_carea' id='block_1_107' title="bbox 2171 4799 3752 4874">
    <p class='ocr_par' dir='ltr' id='par_1_107' title="bbox 2171 4799 3752 4874">
     <span class='ocr_line' id='line_1_108' title="bbox 2171 4799 3752 4874; baseline 0.006 -21"><span class='ocrx_word' id='word_1_815' title='bbox 2171 4799 2286 4872; x_wconf 89' lang='lat' dir='ltr'><strong>IIay</strong></span> <span class='ocrx_word' id='word_1_816' title='bbox 2318 4802 2716 4868; x_wconf 89' lang='lat' dir='ltr'><strong>interpretatur</strong></span> <span class='ocrx_word' id='word_1_817' title='bbox 2756 4801 2914 4855; x_wconf 78' lang='lat' dir='ltr'><strong>chaos</strong></span> <span class='ocrx_word' id='word_1_818' title='bbox 2951 4802 3086 4874; x_wconf 72' lang='lat'><strong>(‘29).</strong></span> <span class='ocrx_word' id='word_1_819' title='bbox 3123 4803 3302 4857; x_wconf 90' lang='lat' dir='ltr'><strong>Chaos</strong></span> <span class='ocrx_word' id='word_1_820' title='bbox 3355 4813 3534 4860; x_wconf 91' lang='lat' dir='ltr'><strong>autem</strong></span> <span class='ocrx_word' id='word_1_821' title='bbox 3573 4807 3752 4862; x_wconf 90' lang='lat' dir='ltr'><strong>locum</strong></span> 
     </span>
    </p>
   </div>
   <div class='ocr_carea' id='block_1_108' title="bbox 2170 4892 3755 4949">
    <p class='ocr_par' dir='ltr' id='par_1_108' title="bbox 2170 4892 3755 4949">
     <span class='ocr_line' id='line_1_109' title="bbox 2170 4892 3755 4949; baseline 0.003 -5"><span class='ocrx_word' id='word_1_822' title='bbox 2170 4893 2255 4946; x_wconf 89' lang='lat' dir='ltr'><strong>vel</strong></span> <span class='ocrx_word' id='word_1_823' title='bbox 2283 4892 2657 4947; x_wconf 88' lang='lat' dir='ltr'><strong>habitaculum</strong></span> <span class='ocrx_word' id='word_1_824' title='bbox 2699 4907 2822 4947; x_wconf 92' lang='lat' dir='ltr'><strong>esse</strong></span> <span class='ocrx_word' id='word_1_825' title='bbox 2863 4893 3114 4946; x_wconf 88' lang='lat' dir='ltr'><strong>novimus</strong></span> <span class='ocrx_word' id='word_1_826' title='bbox 3143 4893 3545 4947; x_wconf 88' lang='lat' dir='ltr'><strong>contrariarum</strong></span> <span class='ocrx_word' id='word_1_827' title='bbox 3577 4895 3755 4949; x_wconf 80' lang='lat' dir='ltr'><strong>virtu-</strong></span> 
     </span>
    </p>
   </div>
   <div class='ocr_carea' id='block_1_109' title="bbox 2169 4982 3749 5054">
    <p class='ocr_par' dir='ltr' id='par_1_109' title="bbox 2169 4982 3749 5054">
     <span class='ocr_line' id='line_1_110' title="bbox 2169 4982 3749 5054; baseline 0.001 -17"><span class='ocrx_word' id='word_1_828' title='bbox 2169 4992 2306 5048; x_wconf 93' lang='lat' dir='ltr'><strong>tum,</strong></span> <span class='ocrx_word' id='word_1_829' title='bbox 2337 4999 2569 5054; x_wconf 92' lang='lat' dir='ltr'><strong>quarum</strong></span> <span class='ocrx_word' id='word_1_830' title='bbox 2605 4999 2701 5038; x_wconf 90' lang='lat' dir='ltr'><strong>rex</strong></span> <span class='ocrx_word' id='word_1_831' title='bbox 2740 4994 2796 5039; x_wconf 90' lang='lat' dir='ltr'><strong>et</strong></span> <span class='ocrx_word' id='word_1_832' title='bbox 2845 4984 3098 5054; x_wconf 89' lang='lat' dir='ltr'><strong>princeps</strong></span> <span class='ocrx_word' id='word_1_833' title='bbox 3127 4982 3375 5037; x_wconf 87' lang='lat' dir='ltr'><strong>diabolus</strong></span> <span class='ocrx_word' id='word_1_834' title='bbox 3402 4994 3504 5037; x_wconf 91' lang='lat' dir='ltr'><strong>est.</strong></span> <span class='ocrx_word' id='word_1_835' title='bbox 3535 4984 3749 5038; x_wconf 82' lang='lat' dir='ltr'><strong>Adver-</strong></span> 
     </span>
    </p>
   </div>
   <div class='ocr_carea' id='block_1_110' title="bbox 2168 5075 3752 5146">
    <p class='ocr_par' dir='ltr' id='par_1_110' title="bbox 2168 5075 3752 5146">
     <span class='ocr_line' id='line_1_111' title="bbox 2168 5075 3752 5146; baseline -0.001 -13"><span class='ocrx_word' id='word_1_836' title='bbox 2168 5093 2263 5133; x_wconf 86' lang='lat' dir='ltr'><strong>sus</strong></span> <span class='ocrx_word' id='word_1_837' title='bbox 2311 5079 2456 5133; x_wconf 90' lang='lat' dir='ltr'><strong>hunc</strong></span> <span class='ocrx_word' id='word_1_838' title='bbox 2485 5077 2708 5133; x_wconf 88' lang='lat' dir='ltr'><strong>veniens</strong></span> <span class='ocrx_word' id='word_1_839' title='bbox 2746 5075 2926 5143; x_wconf 82' lang='lat' dir='ltr'><strong>Iesus,</strong></span> <span class='ocrx_word' id='word_1_840' title='bbox 2965 5078 3018 5132; x_wconf 86' lang='lat' dir='ltr'><strong>in</strong></span> <span class='ocrx_word' id='word_1_841' title='bbox 3046 5077 3182 5132; x_wconf 90' lang='lat' dir='ltr'><strong>duas</strong></span> <span class='ocrx_word' id='word_1_842' title='bbox 3205 5085 3391 5144; x_wconf 87' lang='lat' dir='ltr'><strong>partes</strong></span> <span class='ocrx_word' id='word_1_843' title='bbox 3419 5076 3608 5132; x_wconf 89' lang='lat' dir='ltr'><strong>dividit</strong></span> <span class='ocrx_word' id='word_1_844' title='bbox 3657 5093 3752 5146; x_wconf 88' lang='lat' dir='ltr'><strong>po-</strong></span> 
     </span>
    </p>
   </div>
   <div class='ocr_carea' id='block_1_111' title="bbox 2166 5380 3739 5445">
    <p class='ocr_par' dir='ltr' id='par_1_111' title="bbox 2166 5380 3739 5445">
     <span class='ocr_line' id='line_1_112' title="bbox 2166 5380 3739 5445; baseline -0.001 -7"><span class='ocrx_word' id='word_1_845' title='bbox 2166 5383 2364 5438; x_wconf 87' lang='lat' dir='ltr'><strong>ccndio</strong></span> <span class='ocrx_word' id='word_1_846' title='bbox 2395 5381 2606 5438; x_wconf 83' lang='lat' dir='ltr'><strong>dederit</strong></span> <span class='ocrx_word' id='word_1_847' title='bbox 2628 5380 2810 5445; x_wconf 70' lang='lat' dir='ltr'><strong>Jesus,</strong></span> <span class='ocrx_word' id='word_1_848' title='bbox 2836 5391 3014 5438; x_wconf 91' lang='lat' dir='ltr'><strong>utnon</strong></span> <span class='ocrx_word' id='word_1_849' title='bbox 3047 5382 3323 5438; x_wconf 88' lang='lat' dir='ltr'><strong>habitetur</strong></span> <span class='ocrx_word' id='word_1_850' title='bbox 3349 5381 3402 5436; x_wconf 87' lang='lat' dir='ltr'><strong>in</strong></span> <span class='ocrx_word' id='word_1_851' title='bbox 3421 5389 3739 5436; x_wconf 63' lang='lat' dir='ltr'><strong>internum.»</strong></span> 
     </span>
    </p>
   </div>
   <div class='ocr_carea' id='block_1_112' title="bbox 2215 5451 3743 5534">
    <p class='ocr_par' dir='ltr' id='par_1_112' title="bbox 2215 5451 3743 5534">
     <span class='ocr_line' id='line_1_113' title="bbox 2215 5451 3743 5534; baseline -0.003 -24"><span class='ocrx_word' id='word_1_852' title='bbox 2215 5452 2569 5534; x_wconf 38' lang='lat' dir='ltr'><strong>.(27).Codex</strong></span> <span class='ocrx_word' id='word_1_853' title='bbox 2611 5454 2923 5522; x_wconf 63' lang='lat' dir='ltr'><strong>Sangcrnu,</strong></span> <span class='ocrx_word' id='word_1_854' title='bbox 2972 5473 2990 5506; x_wconf 74' lang='grc' dir='ltr'>ι</span> <span class='ocrx_word' id='word_1_855' title='bbox 3017 5455 3302 5523; x_wconf 79' lang='lat' dir='ltr'><strong>scriptum.</strong></span> <span class='ocrx_word' id='word_1_856' title='bbox 3329 5471 3349 5504; x_wconf 71' lang='grc' dir='ltr'><strong><em>ι</em></strong></span> <span class='ocrx_word' id='word_1_857' title='bbox 3389 5451 3549 5508; x_wconf 89' lang='lat' dir='ltr'><strong>Libb.</strong></span> <span class='ocrx_word' id='word_1_858' title='bbox 3589 5453 3743 5516; x_wconf 91' lang='lat' dir='ltr'><strong>editi,</strong></span> 
     </span>
    </p>
   </div>
   <div class='ocr_carea' id='block_1_113' title="bbox 2175 5533 3743 5676">
    <p class='ocr_par' dir='ltr' id='par_1_113' title="bbox 2175 5533 3743 5676">
     <span class='ocr_line' id='line_1_114' title="bbox 2175 5533 2603 5592; baseline 0 -17"><span class='ocrx_word' id='word_1_859' title='bbox 2175 5533 2558 5592; x_wconf 69' lang='lat' dir='ltr'><strong>(inscriptum.</strong></span> <span class='ocrx_word' id='word_1_860' title='bbox 2586 5543 2603 5575; x_wconf 69' lang='grc' dir='ltr'>ι</span> 
     </span>
     <span class='ocr_line' id='line_1_115' title="bbox 2175 5591 3743 5676; baseline -0.001 -28"><span class='ocrx_word' id='word_1_861' title='bbox 2175 5665 2200 5676; x_wconf 8' lang='lat'><strong>&gt;_</strong></span> <span class='ocrx_word' id='word_1_862' title='bbox 2239 5593 2352 5674; x_wconf 68' lang='lat'><strong>(28)</strong></span> <span class='ocrx_word' id='word_1_863' title='bbox 2389 5594 2558 5676; x_wconf 80' lang='lat' dir='ltr'><strong>Idem,</strong></span> <span class='ocrx_word' id='word_1_864' title='bbox 2602 5613 2620 5647; x_wconf 76' lang='grc' dir='ltr'><strong><em>ι</em></strong></span> <span class='ocrx_word' id='word_1_865' title='bbox 2647 5594 2836 5648; x_wconf 89' lang='lat' dir='ltr'><strong>intenti</strong></span> <span class='ocrx_word' id='word_1_866' title='bbox 2871 5594 3089 5650; x_wconf 89' lang='lat' dir='ltr'><strong>animis.</strong></span> <span class='ocrx_word' id='word_1_867' title='bbox 3116 5613 3134 5648; x_wconf 73' lang='grc' dir='ltr'><strong>ι</strong></span> <span class='ocrx_word' id='word_1_868' title='bbox 3162 5593 3318 5650; x_wconf 89' lang='lat' dir='ltr'><strong>Libb.</strong></span> <span class='ocrx_word' id='word_1_869' title='bbox 3349 5591 3501 5657; x_wconf 89' lang='lat' dir='ltr'><strong>editi,</strong></span> <span class='ocrx_word' id='word_1_870' title='bbox 3524 5610 3540 5643; x_wconf 85' lang='lat' dir='ltr'><strong>t</strong></span> <span class='ocrx_word' id='word_1_871' title='bbox 3563 5592 3743 5648; x_wconf 84' lang='lat' dir='ltr'><strong>inten-</strong></span> 
     </span>
    </p>
   </div>
   <div class='ocr_carea' id='block_1_114' title="bbox 2167 5674 3736 5806">
    <p class='ocr_par' dir='ltr' id='par_1_114' title="bbox 2167 5674 3736 5806">
     <span class='ocr_line' id='line_1_116' title="bbox 2167 5674 3736 5806; baseline -0.001 -17"><span class='ocrx_word' id='word_1_872' title='bbox 2167 5674 2520 5806; x_wconf 51' lang='grc' dir='ltr'><strong>ι’δέιξῖῗῗὶῗιῖ</strong></span> <span class='ocrx_word' id='word_1_873' title='bbox 2557 5738 2935 5806; x_wconf 81' lang='lat' dir='ltr'><strong>interpretatur</strong></span> <span class='ocrx_word' id='word_1_874' title='bbox 2998 5735 3173 5791; x_wconf 76' lang='lat' dir='ltr'><strong>chaos,</strong></span> <span class='ocrx_word' id='word_1_875' title='bbox 3209 5734 3290 5789; x_wconf 81' lang='lat' dir='ltr'><strong>Ab</strong></span> <span class='ocrx_word' id='word_1_876' title='bbox 3324 5741 3385 5799; x_wconf 62' lang='lat' dir='ltr'><strong>ty</strong></span> <span class='ocrx_word' id='word_1_877' title='bbox 3433 5721 3736 5792; x_wconf 68' lang='lat' dir='ltr'><strong>«cumulus.</strong></span> 
     </span>
    </p>
   </div>
   <div class='ocr_carea' id='block_1_115' title="bbox 2163 5821 2462 5861">
    <p class='ocr_par' dir='ltr' id='par_1_115' title="bbox 2163 5821 2462 5861">
     <span class='ocr_line' id='line_1_117' title="bbox 2163 5821 2462 5861; baseline 0 -3"><span class='ocrx_word' id='word_1_878' title='bbox 2163 5821 2414 5861; x_wconf 87' lang='lat' dir='ltr'><strong>acervus.</strong></span> <span class='ocrx_word' id='word_1_879' title='bbox 2444 5824 2462 5858; x_wconf 73' lang='grc' dir='ltr'><strong>ι</strong></span> 
     </span>
    </p>
   </div>
  </div>
