  <div class='ocr_page' id='page_1' title='image "/cluster/home/n/w/nwhite01/storage/ocr_20150623/12:no.2/coo.31924054873074/446.png"; bbox 0 0 4146 6376; ppageno 0'>
   <div class='ocr_carea' id='block_1_1' title="bbox 288 382 2553 452">
    <p class='ocr_par' dir='ltr' id='par_1_1' title="bbox 288 382 2553 452">
     <span class='ocr_line' id='line_1_1' title="bbox 288 382 2553 452; baseline 0.004 -19"><span class='ocrx_word' id='word_1_1' title='bbox 288 397 394 452; x_wconf 58' lang='lat'><strong>35;;</strong></span> <span class='ocrx_word' id='word_1_2' title='bbox 1298 384 1364 438; x_wconf 92' lang='lat' dir='ltr'><strong>IN</strong></span> <span class='ocrx_word' id='word_1_3' title='bbox 1406 382 1663 439; x_wconf 76' lang='lat' dir='ltr'><strong>LIBRUM</strong></span> <span class='ocrx_word' id='word_1_4' title='bbox 1689 383 1854 440; x_wconf 89' lang='lat' dir='ltr'><strong>JESU</strong></span> <span class='ocrx_word' id='word_1_5' title='bbox 1885 384 2072 440; x_wconf 81' lang='lat' dir='ltr'><strong>NAVE</strong></span> <span class='ocrx_word' id='word_1_6' title='bbox 2104 385 2385 440; x_wconf 69' lang='lat' dir='ltr'><strong>noauua</strong></span> <span class='ocrx_word' id='word_1_7' title='bbox 2418 384 2553 441; x_wconf 81' lang='lat' dir='ltr'><strong>vnt.</strong></span> 
     </span>
    </p>
   </div>
   <div class='ocr_carea' id='block_1_2' title="bbox 3454 392 3561 447">
    <p class='ocr_par' dir='ltr' id='par_1_2' title="bbox 3454 392 3561 447">
     <span class='ocr_line' id='line_1_2' title="bbox 3454 392 3561 447; baseline 0 -1"><span class='ocrx_word' id='word_1_8' title='bbox 3454 392 3561 447; x_wconf 83' lang='grc'><strong>866</strong></span> 
     </span>
    </p>
   </div>
   <div class='ocr_carea' id='block_1_3' title="bbox 289 502 3559 578">
    <p class='ocr_par' dir='ltr' id='par_1_3' title="bbox 289 502 3559 578">
     <span class='ocr_line' id='line_1_3' title="bbox 289 502 3559 578; baseline 0 -14"><span class='ocrx_word' id='word_1_9' title='bbox 289 511 496 578; x_wconf 83' lang='lat' dir='ltr'><strong>pulum,</strong></span> <span class='ocrx_word' id='word_1_10' title='bbox 529 518 584 563; x_wconf 89' lang='lat' dir='ltr'><strong>et</strong></span> <span class='ocrx_word' id='word_1_11' title='bbox 617 508 755 563; x_wconf 91' lang='lat' dir='ltr'><strong>alios</strong></span> <span class='ocrx_word' id='word_1_12' title='bbox 804 503 1026 576; x_wconf 85' lang='lat' dir='ltr'><strong>quidem</strong></span> <span class='ocrx_word' id='word_1_13' title='bbox 1073 505 1127 556; x_wconf 87' lang='lat' dir='ltr'><strong>in</strong></span> <span class='ocrx_word' id='word_1_14' title='bbox 1185 502 1374 573; x_wconf 86' lang='lat' dir='ltr'><strong>primis</strong></span> <span class='ocrx_word' id='word_1_15' title='bbox 1404 504 1618 565; x_wconf 90' lang='lat' dir='ltr'><strong>statuit,</strong></span> <span class='ocrx_word' id='word_1_16' title='bbox 1645 502 1782 555; x_wconf 83' lang='lat' dir='ltr'><strong>alios</strong></span> <span class='ocrx_word' id='word_1_17' title='bbox 1816 504 1868 555; x_wconf 91' lang='lat' dir='ltr'><strong>in</strong></span> <span class='ocrx_word' id='word_1_18' title='bbox 1901 506 1946 563; x_wconf 84' lang='grc' dir='ltr'>Λ</span> <span class='ocrx_word' id='word_1_19' title='bbox 1978 503 2105 571; x_wconf 85' lang='lat' dir='ltr'><strong>quia</strong></span> <span class='ocrx_word' id='word_1_20' title='bbox 2132 512 2186 557; x_wconf 91' lang='lat' dir='ltr'><strong>et</strong></span> <span class='ocrx_word' id='word_1_21' title='bbox 2217 504 2304 558; x_wconf 92' lang='lat' dir='ltr'><strong>hic</strong></span> <span class='ocrx_word' id='word_1_22' title='bbox 2332 504 2626 572; x_wconf 87' lang='lat' dir='ltr'><strong>Apostolus</strong></span> <span class='ocrx_word' id='word_1_23' title='bbox 2656 504 2769 575; x_wconf 69' lang='grc'>(5.4)</span> <span class='ocrx_word' id='word_1_24' title='bbox 2795 504 3067 575; x_wconf 84' lang='lat' dir='ltr'><strong>duplicem</strong></span> <span class='ocrx_word' id='word_1_25' title='bbox 3111 508 3289 563; x_wconf 88' lang='lat' dir='ltr'><strong>crucis</strong></span> <span class='ocrx_word' id='word_1_26' title='bbox 3320 511 3559 577; x_wconf 86' lang='lat' dir='ltr'><strong>prodidit</strong></span> 
     </span>
    </p>
   </div>
   <div class='ocr_carea' id='block_1_4' title="bbox 287 595 1880 670">
    <p class='ocr_par' dir='ltr' id='par_1_4' title="bbox 287 595 1880 670">
     <span class='ocr_line' id='line_1_4' title="bbox 287 595 1880 670; baseline -0.003 -17"><span class='ocrx_word' id='word_1_27' title='bbox 287 601 709 670; x_wconf 82' lang='lat' dir='ltr'><strong>posterioribus,</strong></span> <span class='ocrx_word' id='word_1_28' title='bbox 739 599 831 667; x_wconf 90' lang='lat' dir='ltr'><strong>qui</strong></span> <span class='ocrx_word' id='word_1_29' title='bbox 884 611 949 651; x_wconf 85' lang='lat' dir='ltr'><strong>ex</strong></span> <span class='ocrx_word' id='word_1_30' title='bbox 987 596 1263 665; x_wconf 90' lang='lat' dir='ltr'><strong>insperato</strong></span> <span class='ocrx_word' id='word_1_31' title='bbox 1297 606 1421 662; x_wconf 91' lang='lat' dir='ltr'><strong>post</strong></span> <span class='ocrx_word' id='word_1_32' title='bbox 1466 604 1619 663; x_wconf 85' lang='lat' dir='ltr'><strong>terga</strong></span> <span class='ocrx_word' id='word_1_33' title='bbox 1658 595 1880 648; x_wconf 89' lang='lat' dir='ltr'><strong>veniant</strong></span> 
     </span>
    </p>
   </div>
   <div class='ocr_carea' id='block_1_5' title="bbox 290 686 1876 757">
    <p class='ocr_par' dir='ltr' id='par_1_5' title="bbox 290 686 1876 757">
     <span class='ocr_line' id='line_1_5' title="bbox 290 686 1876 757; baseline -0.006 -8"><span class='ocrx_word' id='word_1_34' title='bbox 290 696 657 751; x_wconf 88' lang='lat' dir='ltr'><strong>inimicorum.</strong></span> <span class='ocrx_word' id='word_1_35' title='bbox 690 691 756 745; x_wconf 85' lang='lat' dir='ltr'><strong>Et</strong></span> <span class='ocrx_word' id='word_1_36' title='bbox 788 690 912 744; x_wconf 85' lang='lat' dir='ltr'><strong>vide</strong></span> <span class='ocrx_word' id='word_1_37' title='bbox 954 688 998 743; x_wconf 90' lang='lat' dir='ltr'><strong>si</strong></span> <span class='ocrx_word' id='word_1_38' title='bbox 1048 703 1155 743; x_wconf 91' lang='lat' dir='ltr'><strong>non</strong></span> <span class='ocrx_word' id='word_1_39' title='bbox 1207 688 1382 757; x_wconf 90' lang='lat' dir='ltr'><strong>prima</strong></span> <span class='ocrx_word' id='word_1_40' title='bbox 1413 702 1543 755; x_wconf 88' lang='lat' dir='ltr'><strong>pars</strong></span> <span class='ocrx_word' id='word_1_41' title='bbox 1572 696 1655 741; x_wconf 91' lang='lat' dir='ltr'><strong>est</strong></span> <span class='ocrx_word' id='word_1_42' title='bbox 1694 686 1876 755; x_wconf 84' lang='lat' dir='ltr'><strong>populi</strong></span> 
     </span>
    </p>
   </div>
   <div class='ocr_carea' id='block_1_6' title="bbox 291 780 1880 858">
    <p class='ocr_par' dir='ltr' id='par_1_6' title="bbox 291 780 1880 858">
     <span class='ocr_line' id='line_1_6' title="bbox 291 780 1880 858; baseline -0.01 -10"><span class='ocrx_word' id='word_1_43' title='bbox 291 794 381 848; x_wconf 90' lang='lat' dir='ltr'><strong>illa</strong></span> <span class='ocrx_word' id='word_1_44' title='bbox 424 792 490 845; x_wconf 91' lang='lat' dir='ltr'><strong>de</strong></span> <span class='ocrx_word' id='word_1_45' title='bbox 520 804 622 858; x_wconf 92' lang='lat' dir='ltr'><strong>qua</strong></span> <span class='ocrx_word' id='word_1_46' title='bbox 655 787 784 841; x_wconf 89' lang='lat' dir='ltr'><strong>dicit</strong></span> <span class='ocrx_word' id='word_1_47' title='bbox 811 786 854 817; x_wconf 86' lang='grc'><strong>⁶²</strong></span> <span class='ocrx_word' id='word_1_48' title='bbox 883 802 896 837; x_wconf 92' lang='lat'><strong>:</strong></span> <span class='ocrx_word' id='word_1_49' title='bbox 928 802 945 835; x_wconf 76' lang='grc' dir='ltr'>ι</span> <span class='ocrx_word' id='word_1_50' title='bbox 972 782 1091 837; x_wconf 88' lang='lat' dir='ltr'><strong>Non</strong></span> <span class='ocrx_word' id='word_1_51' title='bbox 1129 782 1252 836; x_wconf 92' lang='lat' dir='ltr'><strong>veni</strong></span> <span class='ocrx_word' id='word_1_52' title='bbox 1301 781 1401 835; x_wconf 87' lang='lat' dir='ltr'><strong>nisi</strong></span> <span class='ocrx_word' id='word_1_53' title='bbox 1432 782 1497 835; x_wconf 90' lang='lat' dir='ltr'><strong>ad</strong></span> <span class='ocrx_word' id='word_1_54' title='bbox 1536 796 1666 836; x_wconf 90' lang='lat' dir='ltr'><strong>oves</strong></span> <span class='ocrx_word' id='word_1_55' title='bbox 1701 780 1880 850; x_wconf 87' lang='lat' dir='ltr'><strong>perdi-</strong></span> 
     </span>
    </p>
   </div>
   <div class='ocr_carea' id='block_1_7' title="bbox 293 869 1875 939">
    <p class='ocr_par' dir='ltr' id='par_1_7' title="bbox 293 869 1875 939">
     <span class='ocr_line' id='line_1_7' title="bbox 293 869 1875 939; baseline -0.006 -8"><span class='ocrx_word' id='word_1_56' title='bbox 293 889 376 931; x_wconf 89' lang='lat' dir='ltr'><strong>tas</strong></span> <span class='ocrx_word' id='word_1_57' title='bbox 409 877 602 929; x_wconf 87' lang='lat' dir='ltr'><strong>domus</strong></span> <span class='ocrx_word' id='word_1_58' title='bbox 649 871 851 935; x_wconf 85' lang='lat' dir='ltr'><strong>Israel;</strong></span> <span class='ocrx_word' id='word_1_59' title='bbox 896 890 914 923; x_wconf 70' lang='grc' dir='ltr'><strong><em>ι</em></strong></span> <span class='ocrx_word' id='word_1_60' title='bbox 953 871 1097 923; x_wconf 90' lang='lat' dir='ltr'><strong>etde</strong></span> <span class='ocrx_word' id='word_1_61' title='bbox 1138 884 1244 938; x_wconf 90' lang='lat' dir='ltr'><strong>qua</strong></span> <span class='ocrx_word' id='word_1_62' title='bbox 1285 869 1420 924; x_wconf 91' lang='lat' dir='ltr'><strong>dicit</strong></span> <span class='ocrx_word' id='word_1_63' title='bbox 1451 869 1875 939; x_wconf 75' lang='lat' dir='ltr'><strong>Paulus&quot;(50):</strong></span> 
     </span>
    </p>
   </div>
   <div class='ocr_carea' id='block_1_8' title="bbox 297 959 1877 1030">
    <p class='ocr_par' dir='ltr' id='par_1_8' title="bbox 297 959 1877 1030">
     <span class='ocr_line' id='line_1_8' title="bbox 297 959 1877 1030; baseline -0.002 -14"><span class='ocrx_word' id='word_1_64' title='bbox 297 964 531 1019; x_wconf 67' lang='lat' dir='ltr'><strong>«Gratia</strong></span> <span class='ocrx_word' id='word_1_65' title='bbox 593 972 771 1017; x_wconf 88' lang='lat' dir='ltr'><strong>autem</strong></span> <span class='ocrx_word' id='word_1_66' title='bbox 820 972 875 1015; x_wconf 90' lang='lat' dir='ltr'><strong>et</strong></span> <span class='ocrx_word' id='word_1_67' title='bbox 936 976 1038 1030; x_wconf 88' lang='lat' dir='ltr'><strong>pax</strong></span> <span class='ocrx_word' id='word_1_68' title='bbox 1071 960 1219 1014; x_wconf 86' lang='lat' dir='ltr'><strong>omni</strong></span> <span class='ocrx_word' id='word_1_69' title='bbox 1261 959 1467 1014; x_wconf 86' lang='lat' dir='ltr'><strong>homini</strong></span> <span class='ocrx_word' id='word_1_70' title='bbox 1495 962 1743 1029; x_wconf 89' lang='lat' dir='ltr'><strong>operanti</strong></span> <span class='ocrx_word' id='word_1_71' title='bbox 1779 960 1877 1013; x_wconf 91' lang='lat' dir='ltr'><strong>bo-</strong></span> 
     </span>
    </p>
   </div>
   <div class='ocr_carea' id='block_1_9' title="bbox 292 1053 1877 1123">
    <p class='ocr_par' dir='ltr' id='par_1_9' title="bbox 292 1053 1877 1123">
     <span class='ocr_line' id='line_1_9' title="bbox 292 1053 1877 1123; baseline -0.002 -13"><span class='ocrx_word' id='word_1_72' title='bbox 292 1073 417 1111; x_wconf 82' lang='lat' dir='ltr'><strong>num</strong></span> <span class='ocrx_word' id='word_1_73' title='bbox 459 1054 689 1109; x_wconf 76' lang='lat' dir='ltr'><strong>:Judzeo</strong></span> <span class='ocrx_word' id='word_1_74' title='bbox 737 1054 994 1123; x_wconf 88' lang='lat' dir='ltr'><strong>primum,</strong></span> <span class='ocrx_word' id='word_1_75' title='bbox 1031 1062 1157 1106; x_wconf 92' lang='lat' dir='ltr'><strong>tunc</strong></span> <span class='ocrx_word' id='word_1_76' title='bbox 1213 1053 1378 1106; x_wconf 91' lang='lat' dir='ltr'><strong>etiam</strong></span> <span class='ocrx_word' id='word_1_77' title='bbox 1432 1064 1489 1108; x_wconf 89' lang='lat' dir='ltr'><strong>et</strong></span> <span class='ocrx_word' id='word_1_78' title='bbox 1535 1053 1748 1118; x_wconf 71' lang='lat' dir='ltr'><strong>Graeco,</strong></span> <span class='ocrx_word' id='word_1_79' title='bbox 1776 1074 1792 1107; x_wconf 74' lang='grc' dir='ltr'><strong>ι</strong></span> <span class='ocrx_word' id='word_1_80' title='bbox 1824 1054 1877 1109; x_wconf 92' lang='lat' dir='ltr'><strong>id</strong></span> 
     </span>
    </p>
   </div>
   <div class='ocr_carea' id='block_1_10' title="bbox 286 1145 1875 1221">
    <p class='ocr_par' dir='ltr' id='par_1_10' title="bbox 286 1145 1875 1221">
     <span class='ocr_line' id='line_1_10' title="bbox 286 1145 1875 1221; baseline -0.003 -15"><span class='ocrx_word' id='word_1_81' title='bbox 286 1160 369 1206; x_wconf 88' lang='lat' dir='ltr'><strong>est</strong></span> <span class='ocrx_word' id='word_1_82' title='bbox 411 1150 599 1221; x_wconf 82' lang='lat' dir='ltr'><strong>gentili</strong></span> <span class='ocrx_word' id='word_1_83' title='bbox 648 1147 965 1218; x_wconf 83' lang='lat' dir='ltr'><strong>posteriori.</strong></span> <span class='ocrx_word' id='word_1_84' title='bbox 998 1145 1108 1217; x_wconf 80' lang='lat' dir='ltr'><strong>l§te</strong></span> <span class='ocrx_word' id='word_1_85' title='bbox 1136 1160 1266 1216; x_wconf 84' lang='lat' dir='ltr'><strong>ergo</strong></span> <span class='ocrx_word' id='word_1_86' title='bbox 1303 1145 1536 1215; x_wconf 90' lang='lat' dir='ltr'><strong>populus</strong></span> <span class='ocrx_word' id='word_1_87' title='bbox 1579 1153 1665 1200; x_wconf 88' lang='lat' dir='ltr'><strong>est</strong></span> <span class='ocrx_word' id='word_1_88' title='bbox 1694 1146 1786 1214; x_wconf 88' lang='lat' dir='ltr'><strong>qui</strong></span> <span class='ocrx_word' id='word_1_89' title='bbox 1822 1149 1875 1201; x_wconf 91' lang='lat' dir='ltr'><strong>in</strong></span> 
     </span>
    </p>
   </div>
   <div class='ocr_carea' id='block_1_11' title="bbox 285 1235 1879 1312">
    <p class='ocr_par' dir='ltr' id='par_1_11' title="bbox 285 1235 1879 1312">
     <span class='ocr_line' id='line_1_11' title="bbox 285 1235 1879 1312; baseline -0.004 -15"><span class='ocrx_word' id='word_1_90' title='bbox 285 1244 479 1312; x_wconf 87' lang='lat' dir='ltr'><strong>primis</strong></span> <span class='ocrx_word' id='word_1_91' title='bbox 509 1241 790 1305; x_wconf 81' lang='lat' dir='ltr'><strong>statuitur,</strong></span> <span class='ocrx_word' id='word_1_92' title='bbox 829 1248 881 1293; x_wconf 89' lang='lat' dir='ltr'><strong>ct</strong></span> <span class='ocrx_word' id='word_1_93' title='bbox 908 1238 1063 1308; x_wconf 90' lang='lat' dir='ltr'><strong>quasi</strong></span> <span class='ocrx_word' id='word_1_94' title='bbox 1106 1238 1322 1308; x_wconf 83' lang='lat' dir='ltr'><strong>fugiens</strong></span> <span class='ocrx_word' id='word_1_95' title='bbox 1355 1253 1478 1290; x_wconf 89' lang='lat' dir='ltr'><strong>cum</strong></span> <span class='ocrx_word' id='word_1_96' title='bbox 1508 1235 1662 1290; x_wconf 85' lang='lat' dir='ltr'><strong>Jesu.</strong></span> <span class='ocrx_word' id='word_1_97' title='bbox 1690 1236 1879 1291; x_wconf 88' lang='lat' dir='ltr'><strong>Poste-</strong></span> 
     </span>
    </p>
   </div>
   <div class='ocr_carea' id='block_1_12' title="bbox 287 1327 1871 1402">
    <p class='ocr_par' dir='ltr' id='par_1_12' title="bbox 287 1327 1871 1402">
     <span class='ocr_line' id='line_1_12' title="bbox 287 1327 1871 1402; baseline -0.003 -16"><span class='ocrx_word' id='word_1_98' title='bbox 287 1334 400 1386; x_wconf 85' lang='lat' dir='ltr'><strong>rior</strong></span> <span class='ocrx_word' id='word_1_99' title='bbox 426 1348 556 1387; x_wconf 91' lang='lat' dir='ltr'><strong>vero</strong></span> <span class='ocrx_word' id='word_1_100' title='bbox 588 1332 817 1402; x_wconf 86' lang='lat' dir='ltr'><strong>pepulus</strong></span> <span class='ocrx_word' id='word_1_101' title='bbox 834 1338 940 1399; x_wconf 79' lang='lat' dir='ltr'><strong>est,</strong></span> <span class='ocrx_word' id='word_1_102' title='bbox 972 1331 1061 1399; x_wconf 90' lang='lat' dir='ltr'><strong>qui</strong></span> <span class='ocrx_word' id='word_1_103' title='bbox 1092 1344 1159 1384; x_wconf 82' lang='lat' dir='ltr'><strong>ex</strong></span> <span class='ocrx_word' id='word_1_104' title='bbox 1190 1327 1446 1398; x_wconf 80' lang='lat' dir='ltr'><strong>gentibus</strong></span> <span class='ocrx_word' id='word_1_105' title='bbox 1478 1338 1871 1399; x_wconf 87' lang='lat' dir='ltr'><strong>congregatur;</strong></span> 
     </span>
    </p>
   </div>
   <div class='ocr_carea' id='block_1_13' title="bbox 288 1422 1877 1496">
    <p class='ocr_par' dir='ltr' id='par_1_13' title="bbox 288 1422 1877 1496">
     <span class='ocr_line' id='line_1_13' title="bbox 288 1422 1877 1496; baseline -0.002 -16"><span class='ocrx_word' id='word_1_106' title='bbox 288 1429 491 1496; x_wconf 84' lang='lat' dir='ltr'><strong>quique</strong></span> <span class='ocrx_word' id='word_1_107' title='bbox 510 1442 576 1480; x_wconf 88' lang='lat' dir='ltr'><strong>ex</strong></span> <span class='ocrx_word' id='word_1_108' title='bbox 627 1426 906 1493; x_wconf 90' lang='lat' dir='ltr'><strong>insperato</strong></span> <span class='ocrx_word' id='word_1_109' title='bbox 957 1424 1241 1478; x_wconf 88' lang='lat' dir='ltr'><strong>venientes</strong></span> <span class='ocrx_word' id='word_1_110' title='bbox 1266 1422 1414 1492; x_wconf 90' lang='lat' dir='ltr'><strong>(quis</strong></span> <span class='ocrx_word' id='word_1_111' title='bbox 1447 1422 1592 1476; x_wconf 90' lang='lat' dir='ltr'><strong>enim</strong></span> <span class='ocrx_word' id='word_1_112' title='bbox 1627 1433 1877 1491; x_wconf 89' lang='lat' dir='ltr'><strong>speraret</strong></span> 
     </span>
    </p>
   </div>
   <div class='ocr_carea' id='block_1_14' title="bbox 286 1516 1873 1591">
    <p class='ocr_par' dir='ltr' id='par_1_14' title="bbox 286 1516 1873 1591">
     <span class='ocr_line' id='line_1_14' title="bbox 286 1516 1873 1591; baseline -0.003 -18"><span class='ocrx_word' id='word_1_113' title='bbox 286 1530 474 1591; x_wconf 78' lang='lat' dir='ltr'><strong>gentes</strong></span> <span class='ocrx_word' id='word_1_114' title='bbox 504 1518 729 1589; x_wconf 88' lang='lat' dir='ltr'><strong>salvari)</strong></span> <span class='ocrx_word' id='word_1_115' title='bbox 758 1518 941 1574; x_wconf 90' lang='lat' dir='ltr'><strong>acrius</strong></span> <span class='ocrx_word' id='word_1_116' title='bbox 979 1528 1101 1586; x_wconf 91' lang='lat' dir='ltr'><strong>post</strong></span> <span class='ocrx_word' id='word_1_117' title='bbox 1129 1528 1339 1587; x_wconf 84' lang='lat' dir='ltr'><strong>tergum</strong></span> <span class='ocrx_word' id='word_1_118' title='bbox 1384 1516 1730 1572; x_wconf 78' lang='lat' dir='ltr'><strong>adversarios</strong></span> <span class='ocrx_word' id='word_1_119' title='bbox 1767 1532 1873 1570; x_wconf 58' lang='lat' dir='ltr'><strong>eae-</strong></span> 
     </span>
    </p>
   </div>
   <div class='ocr_carea' id='block_1_15' title="bbox 286 1606 1876 1678">
    <p class='ocr_par' dir='ltr' id='par_1_15' title="bbox 286 1606 1876 1678">
     <span class='ocr_line' id='line_1_15' title="bbox 286 1606 1876 1678; baseline -0.001 -15"><span class='ocrx_word' id='word_1_120' title='bbox 286 1613 449 1675; x_wconf 83' lang='lat' dir='ltr'><strong>dunt;</strong></span> <span class='ocrx_word' id='word_1_121' title='bbox 476 1620 531 1664; x_wconf 91' lang='lat' dir='ltr'><strong>et</strong></span> <span class='ocrx_word' id='word_1_122' title='bbox 570 1610 651 1663; x_wconf 92' lang='lat' dir='ltr'><strong>sic</strong></span> <span class='ocrx_word' id='word_1_123' title='bbox 683 1618 911 1678; x_wconf 90' lang='lat' dir='ltr'><strong>uterque</strong></span> <span class='ocrx_word' id='word_1_124' title='bbox 959 1606 1193 1676; x_wconf 77' lang='lat' dir='ltr'><strong>populus</strong></span> <span class='ocrx_word' id='word_1_125' title='bbox 1246 1606 1481 1659; x_wconf 88' lang='lat' dir='ltr'><strong>mediam</strong></span> <span class='ocrx_word' id='word_1_126' title='bbox 1516 1616 1748 1659; x_wconf 89' lang='lat' dir='ltr'><strong>turmam</strong></span> <span class='ocrx_word' id='word_1_127' title='bbox 1775 1606 1876 1662; x_wconf 71' lang='lat' dir='ltr'><strong>dae-</strong></span> 
     </span>
    </p>
   </div>
   <div class='ocr_carea' id='block_1_16' title="bbox 288 1696 1875 1755">
    <p class='ocr_par' dir='ltr' id='par_1_16' title="bbox 288 1696 1875 1755">
     <span class='ocr_line' id='line_1_16' title="bbox 288 1696 1875 1755; baseline 0 -1"><span class='ocrx_word' id='word_1_128' title='bbox 288 1716 510 1755; x_wconf 85' lang='lat' dir='ltr'><strong>monum</strong></span> <span class='ocrx_word' id='word_1_129' title='bbox 559 1699 875 1755; x_wconf 86' lang='lat' dir='ltr'><strong>conclusam</strong></span> <span class='ocrx_word' id='word_1_130' title='bbox 927 1698 1124 1753; x_wconf 86' lang='lat' dir='ltr'><strong>sternit</strong></span> <span class='ocrx_word' id='word_1_131' title='bbox 1156 1705 1209 1752; x_wconf 91' lang='lat' dir='ltr'><strong>et</strong></span> <span class='ocrx_word' id='word_1_132' title='bbox 1250 1698 1438 1752; x_wconf 89' lang='lat' dir='ltr'><strong>vincit.</strong></span> <span class='ocrx_word' id='word_1_133' title='bbox 1483 1696 1590 1752; x_wconf 91' lang='lat' dir='ltr'><strong>Sed</strong></span> <span class='ocrx_word' id='word_1_134' title='bbox 1642 1698 1875 1754; x_wconf 83' lang='lat' dir='ltr'><strong>fortasse</strong></span> 
     </span>
    </p>
   </div>
   <div class='ocr_carea' id='block_1_17' title="bbox 284 1788 1873 1860">
    <p class='ocr_par' dir='ltr' id='par_1_17' title="bbox 284 1788 1873 1860">
     <span class='ocr_line' id='line_1_17' title="bbox 284 1788 1873 1860; baseline 0 -16"><span class='ocrx_word' id='word_1_135' title='bbox 284 1793 436 1848; x_wconf 88' lang='lat' dir='ltr'><strong>dicas</strong></span> <span class='ocrx_word' id='word_1_136' title='bbox 484 1793 640 1857; x_wconf 90' lang='lat' dir='ltr'><strong>mihi,</strong></span> <span class='ocrx_word' id='word_1_137' title='bbox 667 1791 949 1860; x_wconf 87' lang='lat' dir='ltr'><strong>Quomodo</strong></span> <span class='ocrx_word' id='word_1_138' title='bbox 1000 1805 1132 1860; x_wconf 88' lang='lat' dir='ltr'><strong>ergo</strong></span> <span class='ocrx_word' id='word_1_139' title='bbox 1183 1790 1341 1859; x_wconf 81' lang='lat' dir='ltr'><strong>quasi</strong></span> <span class='ocrx_word' id='word_1_140' title='bbox 1394 1788 1608 1859; x_wconf 81' lang='lat' dir='ltr'><strong>fugiens</strong></span> <span class='ocrx_word' id='word_1_141' title='bbox 1649 1791 1873 1859; x_wconf 89' lang='lat' dir='ltr'><strong>ponitur</strong></span> 
     </span>
    </p>
   </div>
   <div class='ocr_carea' id='block_1_18' title="bbox 1984 591 3555 655">
    <p class='ocr_par' dir='ltr' id='par_1_18' title="bbox 1984 591 3555 655">
     <span class='ocr_line' id='line_1_18' title="bbox 1984 591 3555 655; baseline 0.007 -11"><span class='ocrx_word' id='word_1_142' title='bbox 1984 591 2272 645; x_wconf 89' lang='lat' dir='ltr'><strong>rationem.</strong></span> <span class='ocrx_word' id='word_1_143' title='bbox 2316 591 2431 648; x_wconf 91' lang='lat' dir='ltr'><strong>Duo</strong></span> <span class='ocrx_word' id='word_1_144' title='bbox 2481 593 2626 647; x_wconf 89' lang='lat' dir='ltr'><strong>enim</strong></span> <span class='ocrx_word' id='word_1_145' title='bbox 2665 594 2768 649; x_wconf 85' lang='lat' dir='ltr'><strong>sibi</strong></span> <span class='ocrx_word' id='word_1_146' title='bbox 2812 597 3085 650; x_wconf 88' lang='lat' dir='ltr'><strong>contraria</strong></span> <span class='ocrx_word' id='word_1_147' title='bbox 3113 598 3247 651; x_wconf 82' lang='lat' dir='ltr'><strong>dixit</strong></span> <span class='ocrx_word' id='word_1_148' title='bbox 3279 614 3400 654; x_wconf 89' lang='lat' dir='ltr'><strong>esse</strong></span> <span class='ocrx_word' id='word_1_149' title='bbox 3433 618 3555 655; x_wconf 86' lang='lat' dir='ltr'><strong>eru-</strong></span> 
     </span>
    </p>
   </div>
   <div class='ocr_carea' id='block_1_19' title="bbox 1982 681 3561 754">
    <p class='ocr_par' dir='ltr' id='par_1_19' title="bbox 1982 681 3561 754">
     <span class='ocr_line' id='line_1_19' title="bbox 1982 681 3561 754; baseline 0.006 -19"><span class='ocrx_word' id='word_1_150' title='bbox 1982 681 2165 747; x_wconf 82' lang='lat' dir='ltr'><strong>cifixa,</strong></span> <span class='ocrx_word' id='word_1_151' title='bbox 2195 698 2255 738; x_wconf 87' lang='lat' dir='ltr'><strong>se</strong></span> <span class='ocrx_word' id='word_1_152' title='bbox 2286 694 2537 738; x_wconf 87' lang='lat' dir='ltr'><strong>sanctum</strong></span> <span class='ocrx_word' id='word_1_153' title='bbox 2592 693 2647 737; x_wconf 89' lang='lat' dir='ltr'><strong>et</strong></span> <span class='ocrx_word' id='word_1_154' title='bbox 2702 694 3043 753; x_wconf 84' lang='lat' dir='ltr'><strong>peccatorem</strong></span> <span class='ocrx_word' id='word_1_155' title='bbox 3087 688 3368 754; x_wconf 88' lang='lat' dir='ltr'><strong>mundum,</strong></span> <span class='ocrx_word' id='word_1_156' title='bbox 3399 692 3465 746; x_wconf 89' lang='lat' dir='ltr'><strong>ad</strong></span> <span class='ocrx_word' id='word_1_157' title='bbox 3498 693 3561 746; x_wconf 86' lang='lat' dir='ltr'><strong>il-</strong></span> 
     </span>
    </p>
   </div>
   <div class='ocr_carea' id='block_1_20' title="bbox 1979 771 3558 849">
    <p class='ocr_par' dir='ltr' id='par_1_20' title="bbox 1979 771 3558 849">
     <span class='ocr_line' id='line_1_20' title="bbox 1979 771 3558 849; baseline 0.01 -24"><span class='ocrx_word' id='word_1_158' title='bbox 1979 771 2084 826; x_wconf 91' lang='lat' dir='ltr'><strong>lam</strong></span> <span class='ocrx_word' id='word_1_159' title='bbox 2143 772 2372 828; x_wconf 87' lang='lat' dir='ltr'><strong>formam</strong></span> <span class='ocrx_word' id='word_1_160' title='bbox 2426 775 2545 830; x_wconf 89' lang='lat' dir='ltr'><strong>sine</strong></span> <span class='ocrx_word' id='word_1_161' title='bbox 2600 776 2760 829; x_wconf 87' lang='lat' dir='ltr'><strong>dubio</strong></span> <span class='ocrx_word' id='word_1_162' title='bbox 2814 791 2977 845; x_wconf 87' lang='lat' dir='ltr'><strong>quam</strong></span> <span class='ocrx_word' id='word_1_163' title='bbox 3040 781 3290 849; x_wconf 88' lang='lat' dir='ltr'><strong>superius</strong></span> <span class='ocrx_word' id='word_1_164' title='bbox 3321 784 3558 841; x_wconf 80' lang='lat' dir='ltr'><strong>diximus</strong></span> 
     </span>
    </p>
   </div>
   <div class='ocr_carea' id='block_1_21' title="bbox 1979 866 3551 946">
    <p class='ocr_par' dir='ltr' id='par_1_21' title="bbox 1979 866 3551 946">
     <span class='ocr_line' id='line_1_21' title="bbox 1979 866 3551 946; baseline 0.006 -25"><span class='ocrx_word' id='word_1_165' title='bbox 1979 866 2179 922; x_wconf 87' lang='lat' dir='ltr'><strong>Christi</strong></span> <span class='ocrx_word' id='word_1_166' title='bbox 2211 877 2266 923; x_wconf 93' lang='lat' dir='ltr'><strong>et</strong></span> <span class='ocrx_word' id='word_1_167' title='bbox 2313 869 2537 923; x_wconf 88' lang='lat' dir='ltr'><strong>diaboli.</strong></span> <span class='ocrx_word' id='word_1_168' title='bbox 2581 869 2690 923; x_wconf 80' lang='lat' dir='ltr'><strong>Nos</strong></span> <span class='ocrx_word' id='word_1_169' title='bbox 2718 873 2863 925; x_wconf 88' lang='lat' dir='ltr'><strong>enim</strong></span> <span class='ocrx_word' id='word_1_170' title='bbox 2914 874 3117 928; x_wconf 89' lang='lat' dir='ltr'><strong>mundo</strong></span> <span class='ocrx_word' id='word_1_171' title='bbox 3160 876 3551 946; x_wconf 87' lang='lat' dir='ltr'><strong>crucifigitnnr,</strong></span> 
     </span>
    </p>
   </div>
   <div class='ocr_carea' id='block_1_22' title="bbox 1980 961 3558 1033">
    <p class='ocr_par' dir='ltr' id='par_1_22' title="bbox 1980 961 3558 1033">
     <span class='ocr_line' id='line_1_22' title="bbox 1980 961 3558 1033; baseline 0.009 -22"><span class='ocrx_word' id='word_1_172' title='bbox 1980 966 2105 1012; x_wconf 91' lang='lat' dir='ltr'><strong>tunc</strong></span> <span class='ocrx_word' id='word_1_173' title='bbox 2162 975 2283 1013; x_wconf 91' lang='lat' dir='ltr'><strong>cum</strong></span> <span class='ocrx_word' id='word_1_174' title='bbox 2318 961 2541 1017; x_wconf 87' lang='lat' dir='ltr'><strong>veniens</strong></span> <span class='ocrx_word' id='word_1_175' title='bbox 2586 963 2844 1033; x_wconf 87' lang='lat' dir='ltr'><strong>princeps</strong></span> <span class='ocrx_word' id='word_1_176' title='bbox 2895 966 3056 1033; x_wconf 90' lang='lat' dir='ltr'><strong>hujus</strong></span> <span class='ocrx_word' id='word_1_177' title='bbox 3087 966 3271 1020; x_wconf 90' lang='lat' dir='ltr'><strong>mundi</strong></span> <span class='ocrx_word' id='word_1_178' title='bbox 3310 969 3361 1021; x_wconf 93' lang='lat' dir='ltr'><strong>in</strong></span> <span class='ocrx_word' id='word_1_179' title='bbox 3401 971 3558 1025; x_wconf 85' lang='lat' dir='ltr'><strong>nobis</strong></span> 
     </span>
    </p>
   </div>
   <div class='ocr_carea' id='block_1_23' title="bbox 1978 1049 3557 1126">
    <p class='ocr_par' dir='ltr' id='par_1_23' title="bbox 1978 1049 3557 1126">
     <span class='ocr_line' id='line_1_23' title="bbox 1978 1049 3557 1126; baseline 0.006 -24"><span class='ocrx_word' id='word_1_180' title='bbox 1978 1063 2082 1102; x_wconf 90' lang='lat' dir='ltr'><strong>non</strong></span> <span class='ocrx_word' id='word_1_181' title='bbox 2130 1049 2339 1105; x_wconf 85' lang='lat' dir='ltr'><strong>invenit</strong></span> <span class='ocrx_word' id='word_1_182' title='bbox 2378 1051 2698 1121; x_wconf 83' lang='lat' dir='ltr'><strong>quidquam.</strong></span> <span class='ocrx_word' id='word_1_183' title='bbox 2736 1054 2800 1107; x_wconf 89' lang='lat' dir='ltr'><strong>Et</strong></span> <span class='ocrx_word' id='word_1_184' title='bbox 2836 1054 2992 1108; x_wconf 90' lang='lat' dir='ltr'><strong>nobis</strong></span> <span class='ocrx_word' id='word_1_185' title='bbox 3017 1054 3253 1111; x_wconf 88' lang='lat' dir='ltr'><strong>mundus</strong></span> <span class='ocrx_word' id='word_1_186' title='bbox 3279 1058 3557 1126; x_wconf 78' lang='lat' dir='ltr'><strong>crucifigi-</strong></span> 
     </span>
    </p>
   </div>
   <div class='ocr_carea' id='block_1_24' title="bbox 1979 1144 3558 1219">
    <p class='ocr_par' dir='ltr' id='par_1_24' title="bbox 1979 1144 3558 1219">
     <span class='ocr_line' id='line_1_24' title="bbox 1979 1144 3558 1219; baseline 0.008 -27"><span class='ocrx_word' id='word_1_187' title='bbox 1979 1146 2087 1202; x_wconf 87' lang='lat' dir='ltr'><strong>tur,</strong></span> <span class='ocrx_word' id='word_1_188' title='bbox 2146 1153 2270 1193; x_wconf 90' lang='lat' dir='ltr'><strong>eum</strong></span> <span class='ocrx_word' id='word_1_189' title='bbox 2334 1144 2547 1210; x_wconf 88' lang='lat' dir='ltr'><strong>peccati</strong></span> <span class='ocrx_word' id='word_1_190' title='bbox 2605 1145 3102 1213; x_wconf 83' lang='lat' dir='ltr'><strong>concupiscentiam</strong></span> <span class='ocrx_word' id='word_1_191' title='bbox 3166 1163 3283 1215; x_wconf 7' lang='lat' dir='ltr'><strong>(non</strong></span> <span class='ocrx_word' id='word_1_192' title='bbox 3348 1151 3558 1219; x_wconf 89' lang='lat' dir='ltr'><strong>recepi-</strong></span> 
     </span>
    </p>
   </div>
   <div class='ocr_carea' id='block_1_25' title="bbox 1976 1231 2248 1302">
    <p class='ocr_par' dir='ltr' id='par_1_25' title="bbox 1976 1231 2248 1302">
     <span class='ocr_line' id='line_1_25' title="bbox 1976 1231 2248 1302; baseline 0.004 -18"><span class='ocrx_word' id='word_1_193' title='bbox 1976 1247 2096 1285; x_wconf 89' lang='lat' dir='ltr'><strong>mus</strong></span> <span class='ocrx_word' id='word_1_194' title='bbox 2119 1231 2248 1302; x_wconf 83' lang='grc'>(55).</span> 
     </span>
    </p>
   </div>
   <div class='ocr_carea' id='block_1_26' title="bbox 2045 1321 3558 1402">
    <p class='ocr_par' dir='ltr' id='par_1_26' title="bbox 2045 1321 3558 1402">
     <span class='ocr_line' id='line_1_26' title="bbox 2045 1321 3558 1402; baseline 0.007 -28"><span class='ocrx_word' id='word_1_195' title='bbox 2045 1321 2099 1375; x_wconf 74' lang='grc'><strong>4.</strong></span> <span class='ocrx_word' id='word_1_196' title='bbox 2144 1321 2247 1376; x_wconf 90' lang='lat' dir='ltr'><strong>Sed</strong></span> <span class='ocrx_word' id='word_1_197' title='bbox 2285 1322 2328 1376; x_wconf 92' lang='lat' dir='ltr'><strong>si</strong></span> <span class='ocrx_word' id='word_1_198' title='bbox 2369 1324 2491 1393; x_wconf 91' lang='lat' dir='ltr'><strong>quis</strong></span> <span class='ocrx_word' id='word_1_199' title='bbox 2520 1324 2660 1380; x_wconf 91' lang='lat' dir='ltr'><strong>forte</strong></span> <span class='ocrx_word' id='word_1_200' title='bbox 2684 1336 2771 1380; x_wconf 89' lang='lat' dir='ltr'><strong>est</strong></span> <span class='ocrx_word' id='word_1_201' title='bbox 2810 1329 3068 1382; x_wconf 88' lang='lat' dir='ltr'><strong>attentior</strong></span> <span class='ocrx_word' id='word_1_202' title='bbox 3101 1330 3431 1395; x_wconf 88' lang='lat' dir='ltr'><strong>auditorum,</strong></span> <span class='ocrx_word' id='word_1_203' title='bbox 3463 1348 3558 1402; x_wconf 85' lang='lat' dir='ltr'><strong>po-</strong></span> 
     </span>
    </p>
   </div>
   <div class='ocr_carea' id='block_1_27' title="bbox 1978 1414 3560 1490">
    <p class='ocr_par' dir='ltr' id='par_1_27' title="bbox 1978 1414 3560 1490">
     <span class='ocr_line' id='line_1_27' title="bbox 1978 1414 3560 1490; baseline 0.007 -24"><span class='ocrx_word' id='word_1_204' title='bbox 1978 1421 2079 1468; x_wconf 87' lang='lat' dir='ltr'><strong>test</strong></span> <span class='ocrx_word' id='word_1_205' title='bbox 2110 1414 2289 1469; x_wconf 87' lang='lat' dir='ltr'><strong>dicere</strong></span> <span class='ocrx_word' id='word_1_206' title='bbox 2320 1430 2332 1466; x_wconf 94' lang='lat'><strong>:</strong></span> <span class='ocrx_word' id='word_1_207' title='bbox 2361 1415 2557 1469; x_wconf 90' lang='lat' dir='ltr'><strong>Forma</strong></span> <span class='ocrx_word' id='word_1_208' title='bbox 2582 1419 2798 1485; x_wconf 88' lang='lat' dir='ltr'><strong>quidem</strong></span> <span class='ocrx_word' id='word_1_209' title='bbox 2837 1432 3016 1472; x_wconf 86' lang='lat' dir='ltr'><strong>rerum</strong></span> <span class='ocrx_word' id='word_1_210' title='bbox 3042 1430 3315 1490; x_wconf 89' lang='lat' dir='ltr'><strong>gestarum</strong></span> <span class='ocrx_word' id='word_1_211' title='bbox 3347 1422 3560 1477; x_wconf 89' lang='lat' dir='ltr'><strong>videtur</strong></span> 
     </span>
    </p>
   </div>
   <div class='ocr_carea' id='block_1_28' title="bbox 1974 1506 3556 1584">
    <p class='ocr_par' dir='ltr' id='par_1_28' title="bbox 1974 1506 3556 1584">
     <span class='ocr_line' id='line_1_28' title="bbox 1974 1506 3556 1584; baseline 0.006 -25"><span class='ocrx_word' id='word_1_212' title='bbox 1974 1518 2097 1560; x_wconf 88' lang='lat' dir='ltr'><strong>esse</strong></span> <span class='ocrx_word' id='word_1_213' title='bbox 2144 1506 2497 1573; x_wconf 85' lang='lat' dir='ltr'><strong>conveniens,</strong></span> <span class='ocrx_word' id='word_1_214' title='bbox 2525 1509 2619 1563; x_wconf 88' lang='lat' dir='ltr'><strong>sed</strong></span> <span class='ocrx_word' id='word_1_215' title='bbox 2651 1510 2830 1564; x_wconf 87' lang='lat' dir='ltr'><strong>adhuc</strong></span> <span class='ocrx_word' id='word_1_216' title='bbox 2857 1509 2987 1564; x_wconf 92' lang='lat' dir='ltr'><strong>illud</strong></span> <span class='ocrx_word' id='word_1_217' title='bbox 3042 1528 3126 1566; x_wconf 90' lang='lat' dir='ltr'><strong>me</strong></span> <span class='ocrx_word' id='word_1_218' title='bbox 3177 1524 3378 1580; x_wconf 79' lang='lat' dir='ltr'><strong>nmvet,</strong></span> <span class='ocrx_word' id='word_1_219' title='bbox 3409 1516 3556 1584; x_wconf 90' lang='lat' dir='ltr'><strong>quod</strong></span> 
     </span>
    </p>
   </div>
   <div class='ocr_carea' id='block_1_29' title="bbox 1974 1596 3558 1669">
    <p class='ocr_par' dir='ltr' id='par_1_29' title="bbox 1974 1596 3558 1669">
     <span class='ocr_line' id='line_1_29' title="bbox 1974 1596 3558 1669; baseline 0.006 -19"><span class='ocrx_word' id='word_1_220' title='bbox 1974 1596 2221 1652; x_wconf 89' lang='lat' dir='ltr'><strong>diabolus</strong></span> <span class='ocrx_word' id='word_1_221' title='bbox 2254 1609 2311 1652; x_wconf 91' lang='lat' dir='ltr'><strong>et</strong></span> <span class='ocrx_word' id='word_1_222' title='bbox 2349 1601 2627 1654; x_wconf 89' lang='lat' dir='ltr'><strong>exercitus</strong></span> <span class='ocrx_word' id='word_1_223' title='bbox 2680 1616 2835 1665; x_wconf 90' lang='lat' dir='ltr'><strong>suus,</strong></span> <span class='ocrx_word' id='word_1_224' title='bbox 2881 1612 3142 1669; x_wconf 90' lang='lat' dir='ltr'><strong>quantum</strong></span> <span class='ocrx_word' id='word_1_225' title='bbox 3196 1606 3263 1659; x_wconf 90' lang='lat' dir='ltr'><strong>ad</strong></span> <span class='ocrx_word' id='word_1_226' title='bbox 3313 1607 3558 1661; x_wconf 73' lang='lat' dir='ltr'><strong>historia:</strong></span> 
     </span>
    </p>
   </div>
   <div class='ocr_carea' id='block_1_30' title="bbox 1974 1687 3557 1765">
    <p class='ocr_par' dir='ltr' id='par_1_30' title="bbox 1974 1687 3557 1765">
     <span class='ocr_line' id='line_1_30' title="bbox 1974 1687 3557 1765; baseline 0.008 -25"><span class='ocrx_word' id='word_1_227' title='bbox 1974 1687 2200 1758; x_wconf 89' lang='lat' dir='ltr'><strong>figuram</strong></span> <span class='ocrx_word' id='word_1_228' title='bbox 2252 1691 2583 1756; x_wconf 88' lang='lat' dir='ltr'><strong>ostenditur,</strong></span> <span class='ocrx_word' id='word_1_229' title='bbox 2642 1692 3003 1764; x_wconf 90' lang='lat' dir='ltr'><strong>interemptus</strong></span> <span class='ocrx_word' id='word_1_230' title='bbox 3038 1705 3120 1749; x_wconf 86' lang='lat' dir='ltr'><strong>est</strong></span> <span class='ocrx_word' id='word_1_231' title='bbox 3155 1714 3167 1748; x_wconf 89' lang='lat'><strong>:</strong></span> <span class='ocrx_word' id='word_1_232' title='bbox 3198 1705 3252 1750; x_wconf 91' lang='lat' dir='ltr'><strong>et</strong></span> <span class='ocrx_word' id='word_1_233' title='bbox 3283 1701 3557 1765; x_wconf 90' lang='lat' dir='ltr'><strong>quomodo</strong></span> 
     </span>
    </p>
   </div>
   <div class='ocr_carea' id='block_1_31' title="bbox 1971 1780 3609 1859">
    <p class='ocr_par' dir='ltr' id='par_1_31' title="bbox 1971 1780 3609 1859">
     <span class='ocr_line' id='line_1_31' title="bbox 1971 1780 3609 1859; baseline 0.004 -26"><span class='ocrx_word' id='word_1_234' title='bbox 1971 1780 2219 1835; x_wconf 88' lang='lat' dir='ltr'><strong>videmus</strong></span> <span class='ocrx_word' id='word_1_235' title='bbox 2267 1780 2443 1835; x_wconf 88' lang='lat' dir='ltr'><strong>adlnte</strong></span> <span class='ocrx_word' id='word_1_236' title='bbox 2474 1791 2530 1835; x_wconf 91' lang='lat' dir='ltr'><strong>et</strong></span> <span class='ocrx_word' id='word_1_237' title='bbox 2559 1783 2854 1848; x_wconf 86' lang='lat' dir='ltr'><strong>diabolum,</strong></span> <span class='ocrx_word' id='word_1_238' title='bbox 2888 1796 2943 1838; x_wconf 88' lang='lat' dir='ltr'><strong>et</strong></span> <span class='ocrx_word' id='word_1_239' title='bbox 2984 1789 3291 1841; x_wconf 89' lang='lat' dir='ltr'><strong>contrarias</strong></span> <span class='ocrx_word' id='word_1_240' title='bbox 3320 1799 3559 1857; x_wconf 81' lang='lat' dir='ltr'><strong>potesta-</strong></span> <span class='ocrx_word' id='word_1_241' title='bbox 3601 1850 3609 1859; x_wconf 37' lang='lat'>.</span> 
     </span>
    </p>
   </div>
   <div class='ocr_carea' id='block_1_32' title="bbox 286 1865 3553 1954">
    <p class='ocr_par' dir='ltr' id='par_1_32' title="bbox 286 1865 3553 1954">
     <span class='ocr_line' id='line_1_32' title="bbox 286 1865 3553 1954; baseline 0.004 -29"><span class='ocrx_word' id='word_1_242' title='bbox 286 1883 517 1952; x_wconf 74' lang='grc' dir='ltr'><strong>ροριιιυε</strong></span> <span class='ocrx_word' id='word_1_243' title='bbox 547 1884 740 1954; x_wconf 65' lang='lat' dir='ltr'><strong>prim-‘3</strong></span> <span class='ocrx_word' id='word_1_244' title='bbox 774 1883 944 1938; x_wconf 71' lang='lat' dir='ltr'><strong>Valde</strong></span> <span class='ocrx_word' id='word_1_245' title='bbox 968 1895 1390 1954; x_wconf 57' lang='lat' dir='ltr'><strong>consequemur,</strong></span> <span class='ocrx_word' id='word_1_246' title='bbox 1422 1881 1637 1951; x_wconf 68' lang='lat' dir='ltr'><strong>Fugere</strong></span> <span class='ocrx_word' id='word_1_247' title='bbox 1663 1884 1866 1938; x_wconf 56' lang='lat' dir='ltr'><strong>etenim</strong></span> <span class='ocrx_word' id='word_1_248' title='bbox 1901 1865 1943 1919; x_wconf 89' lang='grc' dir='ltr'>Β</span> <span class='ocrx_word' id='word_1_249' title='bbox 1976 1880 2057 1927; x_wconf 88' lang='lat' dir='ltr'><strong>tes</strong></span> <span class='ocrx_word' id='word_1_250' title='bbox 2082 1873 2355 1927; x_wconf 90' lang='lat' dir='ltr'><strong>intantum</strong></span> <span class='ocrx_word' id='word_1_251' title='bbox 2386 1874 2570 1927; x_wconf 89' lang='lat' dir='ltr'><strong>valere</strong></span> <span class='ocrx_word' id='word_1_252' title='bbox 2608 1875 2896 1930; x_wconf 89' lang='lat' dir='ltr'><strong>adversum</strong></span> <span class='ocrx_word' id='word_1_253' title='bbox 2928 1892 3121 1933; x_wconf 79' lang='lat' dir='ltr'><strong>servos</strong></span> <span class='ocrx_word' id='word_1_254' title='bbox 3148 1880 3261 1942; x_wconf 88' lang='lat' dir='ltr'><strong>Dei,</strong></span> <span class='ocrx_word' id='word_1_255' title='bbox 3295 1891 3350 1935; x_wconf 94' lang='lat' dir='ltr'><strong>ut</strong></span> <span class='ocrx_word' id='word_1_256' title='bbox 3385 1885 3553 1937; x_wconf 89' lang='lat' dir='ltr'><strong>etiam</strong></span> 
     </span>
    </p>
   </div>
   <div class='ocr_carea' id='block_1_33' title="bbox 286 1976 1870 2047">
    <p class='ocr_par' dir='ltr' id='par_1_33' title="bbox 286 1976 1870 2047">
     <span class='ocr_line' id='line_1_33' title="bbox 286 1976 1870 2047; baseline 0.004 -19"><span class='ocrx_word' id='word_1_257' title='bbox 286 1977 385 2031; x_wconf 85' lang='lat' dir='ltr'><strong>visi</strong></span> <span class='ocrx_word' id='word_1_258' title='bbox 420 1987 546 2031; x_wconf 88' lang='lat' dir='ltr'><strong>sunt</strong></span> <span class='ocrx_word' id='word_1_259' title='bbox 573 1977 665 2046; x_wconf 89' lang='lat' dir='ltr'><strong>qtti</strong></span> <span class='ocrx_word' id='word_1_260' title='bbox 704 1988 1007 2047; x_wconf 90' lang='lat' dir='ltr'><strong>sequuntur</strong></span> <span class='ocrx_word' id='word_1_261' title='bbox 1026 1976 1236 2043; x_wconf 70' lang='lat' dir='ltr'><strong>Iesum,</strong></span> <span class='ocrx_word' id='word_1_262' title='bbox 1270 1994 1297 2032; x_wconf 93' lang='lat' dir='ltr'><strong>a</strong></span> <span class='ocrx_word' id='word_1_263' title='bbox 1327 1977 1590 2047; x_wconf 86' lang='lat' dir='ltr'><strong>legalibus</strong></span> <span class='ocrx_word' id='word_1_264' title='bbox 1613 1979 1870 2035; x_wconf 88' lang='lat' dir='ltr'><strong>oneribus</strong></span> 
     </span>
    </p>
   </div>
   <div class='ocr_carea' id='block_1_34' title="bbox 284 2066 1868 2135">
    <p class='ocr_par' dir='ltr' id='par_1_34' title="bbox 284 2066 1868 2135">
     <span class='ocr_line' id='line_1_34' title="bbox 284 2066 1868 2135; baseline 0.001 -15"><span class='ocrx_word' id='word_1_265' title='bbox 284 2078 338 2120; x_wconf 90' lang='lat' dir='ltr'><strong>et</strong></span> <span class='ocrx_word' id='word_1_266' title='bbox 381 2067 691 2135; x_wconf 64' lang='lat' dir='ltr'><strong>praeceptis,</strong></span> <span class='ocrx_word' id='word_1_267' title='bbox 720 2068 789 2122; x_wconf 87' lang='lat' dir='ltr'><strong>ab</strong></span> <span class='ocrx_word' id='word_1_268' title='bbox 830 2068 1214 2123; x_wconf 88' lang='lat' dir='ltr'><strong>observatione</strong></span> <span class='ocrx_word' id='word_1_269' title='bbox 1261 2066 1509 2132; x_wconf 88' lang='lat' dir='ltr'><strong>Sabbati,</strong></span> <span class='ocrx_word' id='word_1_270' title='bbox 1559 2082 1588 2121; x_wconf 92' lang='lat' dir='ltr'><strong>a</strong></span> <span class='ocrx_word' id='word_1_271' title='bbox 1622 2068 1868 2123; x_wconf 89' lang='lat' dir='ltr'><strong>circum-</strong></span> 
     </span>
    </p>
   </div>
   <div class='ocr_carea' id='block_1_35' title="bbox 285 2158 1865 2227">
    <p class='ocr_par' dir='ltr' id='par_1_35' title="bbox 285 2158 1865 2227">
     <span class='ocr_line' id='line_1_35' title="bbox 285 2158 1865 2227; baseline 0.003 -16"><span class='ocrx_word' id='word_1_272' title='bbox 285 2158 495 2212; x_wconf 84' lang='lat' dir='ltr'><strong>cisione</strong></span> <span class='ocrx_word' id='word_1_273' title='bbox 551 2159 757 2223; x_wconf 88' lang='lat' dir='ltr'><strong>carnis,</strong></span> <span class='ocrx_word' id='word_1_274' title='bbox 789 2158 1188 2227; x_wconf 85' lang='lat' dir='ltr'><strong>ajugulatione</strong></span> <span class='ocrx_word' id='word_1_275' title='bbox 1237 2160 1563 2215; x_wconf 85' lang='lat' dir='ltr'><strong>hostiarum.</strong></span> <span class='ocrx_word' id='word_1_276' title='bbox 1601 2160 1709 2216; x_wconf 89' lang='lat' dir='ltr'><strong>Sed</strong></span> <span class='ocrx_word' id='word_1_277' title='bbox 1764 2160 1865 2217; x_wconf 82' lang='lat' dir='ltr'><strong>ite-</strong></span> 
     </span>
    </p>
   </div>
   <div class='ocr_carea' id='block_1_36' title="bbox 285 2251 1871 2325">
    <p class='ocr_par' dir='ltr' id='par_1_36' title="bbox 285 2251 1871 2325">
     <span class='ocr_line' id='line_1_36' title="bbox 285 2251 1871 2325; baseline 0.004 -22"><span class='ocrx_word' id='word_1_278' title='bbox 285 2266 403 2303; x_wconf 89' lang='lat' dir='ltr'><strong>rum</strong></span> <span class='ocrx_word' id='word_1_279' title='bbox 435 2264 540 2303; x_wconf 91' lang='lat' dir='ltr'><strong>non</strong></span> <span class='ocrx_word' id='word_1_280' title='bbox 577 2251 716 2320; x_wconf 85' lang='lat' dir='ltr'><strong>fugit</strong></span> <span class='ocrx_word' id='word_1_281' title='bbox 745 2253 836 2321; x_wconf 86' lang='lat' dir='ltr'><strong>qui</strong></span> <span class='ocrx_word' id='word_1_282' title='bbox 866 2263 1087 2309; x_wconf 90' lang='lat' dir='ltr'><strong>secutus</strong></span> <span class='ocrx_word' id='word_1_283' title='bbox 1126 2262 1210 2308; x_wconf 89' lang='lat' dir='ltr'><strong>est</strong></span> <span class='ocrx_word' id='word_1_284' title='bbox 1235 2252 1536 2320; x_wconf 86' lang='lat' dir='ltr'><strong>Christum,</strong></span> <span class='ocrx_word' id='word_1_285' title='bbox 1578 2253 1871 2325; x_wconf 89' lang='lat' dir='ltr'><strong>perfectio-</strong></span> 
     </span>
    </p>
   </div>
   <div class='ocr_carea' id='block_1_37' title="bbox 285 2339 1098 2411">
    <p class='ocr_par' dir='ltr' id='par_1_37' title="bbox 285 2339 1098 2411">
     <span class='ocr_line' id='line_1_37' title="bbox 285 2339 1098 2411; baseline 0.006 -19"><span class='ocrx_word' id='word_1_286' title='bbox 285 2354 407 2393; x_wconf 88' lang='lat' dir='ltr'><strong>nem</strong></span> <span class='ocrx_word' id='word_1_287' title='bbox 435 2350 491 2393; x_wconf 92' lang='lat' dir='ltr'><strong>et</strong></span> <span class='ocrx_word' id='word_1_288' title='bbox 517 2339 910 2408; x_wconf 89' lang='lat' dir='ltr'><strong>plenitudinem</strong></span> <span class='ocrx_word' id='word_1_289' title='bbox 942 2342 1098 2411; x_wconf 84' lang='lat' dir='ltr'><strong>legis.</strong></span> 
     </span>
    </p>
   </div>
   <div class='ocr_carea' id='block_1_38' title="bbox 349 2429 1870 2508">
    <p class='ocr_par' dir='ltr' id='par_1_38' title="bbox 349 2429 1870 2508">
     <span class='ocr_line' id='line_1_38' title="bbox 349 2429 1870 2508; baseline 0.007 -24"><span class='ocrx_word' id='word_1_290' title='bbox 349 2431 403 2484; x_wconf 79' lang='grc'>5.</span> <span class='ocrx_word' id='word_1_291' title='bbox 440 2429 568 2485; x_wconf 86' lang='lat' dir='ltr'><strong>Post</strong></span> <span class='ocrx_word' id='word_1_292' title='bbox 611 2431 794 2486; x_wconf 87' lang='lat' dir='ltr'><strong>omnia</strong></span> <span class='ocrx_word' id='word_1_293' title='bbox 840 2443 1045 2497; x_wconf 86' lang='lat' dir='ltr'><strong>autem,</strong></span> <span class='ocrx_word' id='word_1_294' title='bbox 1072 2433 1237 2488; x_wconf 90' lang='lat' dir='ltr'><strong>etiam</strong></span> <span class='ocrx_word' id='word_1_295' title='bbox 1294 2447 1391 2488; x_wconf 80' lang='lat' dir='ltr'><strong>rex</strong></span> <span class='ocrx_word' id='word_1_296' title='bbox 1448 2434 1565 2508; x_wconf 83' lang='lat' dir='ltr'><strong>Hay</strong></span> <span class='ocrx_word' id='word_1_297' title='bbox 1604 2437 1659 2492; x_wconf 93' lang='lat' dir='ltr'><strong>in</strong></span> <span class='ocrx_word' id='word_1_298' title='bbox 1719 2437 1870 2508; x_wconf 90' lang='lat' dir='ltr'><strong>ligno</strong></span> 
     </span>
    </p>
   </div>
   <div class='ocr_carea' id='block_1_39' title="bbox 292 2522 1871 2603">
    <p class='ocr_par' dir='ltr' id='par_1_39' title="bbox 292 2522 1871 2603">
     <span class='ocr_line' id='line_1_39' title="bbox 292 2522 1871 2603; baseline 0.009 -30"><span class='ocrx_word' id='word_1_299' title='bbox 292 2522 511 2587; x_wconf 85' lang='lat' dir='ltr'><strong>gemino</strong></span> <span class='ocrx_word' id='word_1_300' title='bbox 541 2522 745 2577; x_wconf 87' lang='lat' dir='ltr'><strong>dicitur</strong></span> <span class='ocrx_word' id='word_1_301' title='bbox 779 2539 903 2579; x_wconf 90' lang='lat' dir='ltr'><strong>esse</strong></span> <span class='ocrx_word' id='word_1_302' title='bbox 939 2540 1260 2594; x_wconf 84' lang='lat' dir='ltr'><strong>suspensus.</strong></span> <span class='ocrx_word' id='word_1_303' title='bbox 1297 2525 1410 2581; x_wconf 89' lang='lat' dir='ltr'><strong>Hoc</strong></span> <span class='ocrx_word' id='word_1_304' title='bbox 1442 2528 1495 2582; x_wconf 92' lang='lat' dir='ltr'><strong>in</strong></span> <span class='ocrx_word' id='word_1_305' title='bbox 1522 2528 1640 2585; x_wconf 91' lang='lat' dir='ltr'><strong>loco</strong></span> <span class='ocrx_word' id='word_1_306' title='bbox 1667 2542 1871 2603; x_wconf 86' lang='lat' dir='ltr'><strong>myste-</strong></span> 
     </span>
    </p>
   </div>
   <div class='ocr_carea' id='block_1_40' title="bbox 278 2610 1872 2683">
    <p class='ocr_par' dir='ltr' id='par_1_40' title="bbox 278 2610 1872 2683">
     <span class='ocr_line' id='line_1_40' title="bbox 278 2610 1872 2683; baseline 0.011 -23"><span class='ocrx_word' id='word_1_307' title='bbox 278 2610 422 2662; x_wconf 81' lang='lat' dir='ltr'><strong>rium</strong></span> <span class='ocrx_word' id='word_1_308' title='bbox 459 2612 661 2681; x_wconf 88' lang='lat' dir='ltr'><strong>tegitur</strong></span> <span class='ocrx_word' id='word_1_309' title='bbox 696 2611 811 2683; x_wconf 78' lang='lat' dir='ltr'>(3i)</span> <span class='ocrx_word' id='word_1_310' title='bbox 849 2614 1285 2683; x_wconf 91' lang='lat' dir='ltr'><strong>quamplurimos</strong></span> <span class='ocrx_word' id='word_1_311' title='bbox 1332 2615 1506 2673; x_wconf 90' lang='lat' dir='ltr'><strong>latens</strong></span> <span class='ocrx_word' id='word_1_312' title='bbox 1536 2638 1547 2673; x_wconf 88' lang='lat'>:</span> <span class='ocrx_word' id='word_1_313' title='bbox 1575 2621 1670 2675; x_wconf 90' lang='lat' dir='ltr'><strong>sed</strong></span> <span class='ocrx_word' id='word_1_314' title='bbox 1704 2637 1872 2677; x_wconf 84' lang='lat' dir='ltr'><strong>oran-</strong></span> 
     </span>
    </p>
   </div>
   <div class='ocr_carea' id='block_1_41' title="bbox 282 2700 1868 2779">
    <p class='ocr_par' dir='ltr' id='par_1_41' title="bbox 282 2700 1868 2779">
     <span class='ocr_line' id='line_1_41' title="bbox 282 2700 1868 2779; baseline 0.008 -24"><span class='ocrx_word' id='word_1_315' title='bbox 282 2700 426 2756; x_wconf 80' lang='lat' dir='ltr'><strong>tibus</strong></span> <span class='ocrx_word' id='word_1_316' title='bbox 458 2702 613 2757; x_wconf 86' lang='lat' dir='ltr'><strong>vobis</strong></span> <span class='ocrx_word' id='word_1_317' title='bbox 644 2702 977 2760; x_wconf 86' lang='lat' dir='ltr'><strong>teutabimus</strong></span> <span class='ocrx_word' id='word_1_318' title='bbox 1024 2705 1158 2772; x_wconf 63' lang='lat' dir='ltr'><strong>haec,</strong></span> <span class='ocrx_word' id='word_1_319' title='bbox 1202 2722 1309 2761; x_wconf 93' lang='lat' dir='ltr'><strong>non</strong></span> <span class='ocrx_word' id='word_1_320' title='bbox 1360 2711 1563 2765; x_wconf 90' lang='lat' dir='ltr'><strong>nostris</strong></span> <span class='ocrx_word' id='word_1_321' title='bbox 1591 2712 1868 2779; x_wconf 86' lang='lat' dir='ltr'><strong>opinioni-</strong></span> 
     </span>
    </p>
   </div>
   <div class='ocr_carea' id='block_1_42' title="bbox 284 2793 1869 2870">
    <p class='ocr_par' dir='ltr' id='par_1_42' title="bbox 284 2793 1869 2870">
     <span class='ocr_line' id='line_1_42' title="bbox 284 2793 1869 2870; baseline 0.009 -26"><span class='ocrx_word' id='word_1_322' title='bbox 284 2793 403 2857; x_wconf 91' lang='lat' dir='ltr'><strong>bus,</strong></span> <span class='ocrx_word' id='word_1_323' title='bbox 454 2795 546 2849; x_wconf 93' lang='lat' dir='ltr'><strong>sed</strong></span> <span class='ocrx_word' id='word_1_324' title='bbox 596 2794 795 2850; x_wconf 86' lang='lat' dir='ltr'><strong>divinae</strong></span> <span class='ocrx_word' id='word_1_325' title='bbox 827 2794 1132 2865; x_wconf 71' lang='lat' dir='ltr'><strong>Scriptum</strong></span> <span class='ocrx_word' id='word_1_326' title='bbox 1188 2800 1517 2855; x_wconf 82' lang='lat' dir='ltr'><strong>testimoniis</strong></span> <span class='ocrx_word' id='word_1_327' title='bbox 1551 2803 1783 2870; x_wconf 88' lang='lat' dir='ltr'><strong>aperire.</strong></span> <span class='ocrx_word' id='word_1_328' title='bbox 1813 2803 1869 2859; x_wconf 90' lang='lat' dir='ltr'><strong>In</strong></span> 
     </span>
    </p>
   </div>
   <div class='ocr_carea' id='block_1_43' title="bbox 280 2887 1873 2965">
    <p class='ocr_par' dir='ltr' id='par_1_43' title="bbox 280 2887 1873 2965">
     <span class='ocr_line' id='line_1_43' title="bbox 280 2887 1873 2965; baseline 0.008 -26"><span class='ocrx_word' id='word_1_329' title='bbox 280 2887 655 2954; x_wconf 87' lang='lat' dir='ltr'><strong>superioribus</strong></span> <span class='ocrx_word' id='word_1_330' title='bbox 678 2889 917 2944; x_wconf 82' lang='lat' dir='ltr'><strong>diximus</strong></span> <span class='ocrx_word' id='word_1_331' title='bbox 949 2904 1132 2959; x_wconf 89' lang='lat' dir='ltr'><strong>regem</strong></span> <span class='ocrx_word' id='word_1_332' title='bbox 1164 2890 1279 2962; x_wconf 84' lang='lat' dir='ltr'><strong>Hay</strong></span> <span class='ocrx_word' id='word_1_333' title='bbox 1306 2892 1522 2949; x_wconf 90' lang='lat' dir='ltr'><strong>diabolo</strong></span> <span class='ocrx_word' id='word_1_334' title='bbox 1557 2910 1719 2965; x_wconf 88' lang='lat' dir='ltr'><strong>posse</strong></span> <span class='ocrx_word' id='word_1_335' title='bbox 1741 2911 1873 2952; x_wconf 87' lang='lat' dir='ltr'><strong>con-</strong></span> 
     </span>
    </p>
   </div>
   <div class='ocr_carea' id='block_1_44' title="bbox 283 2974 1870 3062">
    <p class='ocr_par' dir='ltr' id='par_1_44' title="bbox 283 2974 1870 3062">
     <span class='ocr_line' id='line_1_44' title="bbox 283 2974 1870 3062; baseline 0.011 -34"><span class='ocrx_word' id='word_1_336' title='bbox 283 2974 444 3030; x_wconf 86' lang='lat' dir='ltr'><strong>ferri:</strong></span> <span class='ocrx_word' id='word_1_337' title='bbox 473 2978 561 3033; x_wconf 90' lang='lat' dir='ltr'><strong>hic</strong></span> <span class='ocrx_word' id='word_1_338' title='bbox 599 2981 875 3049; x_wconf 88' lang='lat' dir='ltr'><strong>quomodo</strong></span> <span class='ocrx_word' id='word_1_339' title='bbox 908 2982 961 3036; x_wconf 92' lang='lat' dir='ltr'><strong>in</strong></span> <span class='ocrx_word' id='word_1_340' title='bbox 1011 2982 1164 3053; x_wconf 85' lang='lat' dir='ltr'><strong>ligno</strong></span> <span class='ocrx_word' id='word_1_341' title='bbox 1187 2986 1404 3053; x_wconf 85' lang='lat' dir='ltr'><strong>gemino</strong></span> <span class='ocrx_word' id='word_1_342' title='bbox 1429 3002 1724 3057; x_wconf 89' lang='lat' dir='ltr'><strong>suspensus</strong></span> <span class='ocrx_word' id='word_1_343' title='bbox 1756 2988 1870 3062; x_wconf 78' lang='lat'>(52)</span> 
     </span>
    </p>
   </div>
   <div class='ocr_carea' id='block_1_45' title="bbox 284 3066 1870 3139">
    <p class='ocr_par' dir='ltr' id='par_1_45' title="bbox 284 3066 1870 3139">
     <span class='ocr_line' id='line_1_45' title="bbox 284 3066 1870 3139; baseline 0.011 -21"><span class='ocrx_word' id='word_1_344' title='bbox 284 3066 376 3130; x_wconf 83' lang='lat' dir='ltr'><strong>sit,</strong></span> <span class='ocrx_word' id='word_1_345' title='bbox 409 3082 589 3138; x_wconf 66' lang='lat' dir='ltr'><strong>Opem</strong></span> <span class='ocrx_word' id='word_1_346' title='bbox 616 3073 852 3139; x_wconf 91' lang='lat' dir='ltr'><strong>pretium</strong></span> <span class='ocrx_word' id='word_1_347' title='bbox 892 3084 975 3128; x_wconf 89' lang='lat' dir='ltr'><strong>est</strong></span> <span class='ocrx_word' id='word_1_348' title='bbox 1011 3090 1267 3131; x_wconf 90' lang='lat' dir='ltr'><strong>noscere.</strong></span> <span class='ocrx_word' id='word_1_349' title='bbox 1309 3076 1455 3131; x_wconf 83' lang='lat' dir='ltr'><strong>Crux</strong></span> <span class='ocrx_word' id='word_1_350' title='bbox 1506 3079 1721 3134; x_wconf 89' lang='lat' dir='ltr'><strong>Domini</strong></span> <span class='ocrx_word' id='word_1_351' title='bbox 1769 3096 1870 3136; x_wconf 82' lang='lat' dir='ltr'><strong>no-</strong></span> 
     </span>
    </p>
   </div>
   <div class='ocr_carea' id='block_1_46' title="bbox 282 3158 1943 3262">
    <p class='ocr_par' dir='ltr' id='par_1_46' title="bbox 282 3158 1943 3262">
     <span class='ocr_line' id='line_1_46' title="bbox 282 3158 1943 3262; baseline 0.01 -51"><span class='ocrx_word' id='word_1_352' title='bbox 282 3160 381 3212; x_wconf 74' lang='lat' dir='ltr'><strong>atri</strong></span> <span class='ocrx_word' id='word_1_353' title='bbox 417 3158 545 3214; x_wconf 88' lang='lat' dir='ltr'><strong>Jesu</strong></span> <span class='ocrx_word' id='word_1_354' title='bbox 573 3160 739 3234; x_wconf 68' lang='grc'><strong>416</strong></span> <span class='ocrx_word' id='word_1_355' title='bbox 760 3164 961 3219; x_wconf 90' lang='lat' dir='ltr'><strong>Christi</strong></span> <span class='ocrx_word' id='word_1_356' title='bbox 1008 3167 1223 3236; x_wconf 87' lang='lat' dir='ltr'><strong>gemina</strong></span> <span class='ocrx_word' id='word_1_357' title='bbox 1270 3166 1389 3221; x_wconf 90' lang='lat' dir='ltr'><strong>fuit.</strong></span> <span class='ocrx_word' id='word_1_358' title='bbox 1420 3167 1589 3224; x_wconf 82' lang='lat' dir='ltr'><strong>Mirus</strong></span> <span class='ocrx_word' id='word_1_359' title='bbox 1626 3172 1721 3226; x_wconf 92' lang='lat' dir='ltr'><strong>tibi</strong></span> <span class='ocrx_word' id='word_1_360' title='bbox 1753 3187 1871 3227; x_wconf 92' lang='lat' dir='ltr'><strong>ser-</strong></span> <span class='ocrx_word' id='word_1_361' title='bbox 1902 3204 1943 3262; x_wconf 68' lang='grc' dir='ltr'>ο</span> 
     </span>
    </p>
   </div>
   <div class='ocr_carea' id='block_1_47' title="bbox 287 3251 1873 3333">
    <p class='ocr_par' dir='ltr' id='par_1_47' title="bbox 287 3251 1873 3333">
     <span class='ocr_line' id='line_1_47' title="bbox 287 3251 1873 3333; baseline 0.009 -28"><span class='ocrx_word' id='word_1_362' title='bbox 287 3266 375 3305; x_wconf 85' lang='grc' dir='ltr'><strong>ιιιο</strong></span> <span class='ocrx_word' id='word_1_363' title='bbox 401 3251 630 3307; x_wconf 83' lang='lat' dir='ltr'><strong>fortasse</strong></span> <span class='ocrx_word' id='word_1_364' title='bbox 661 3266 715 3308; x_wconf 89' lang='lat' dir='ltr'><strong>et</strong></span> <span class='ocrx_word' id='word_1_365' title='bbox 746 3270 919 3311; x_wconf 90' lang='lat' dir='ltr'><strong>novus</strong></span> <span class='ocrx_word' id='word_1_366' title='bbox 950 3258 1185 3324; x_wconf 87' lang='lat' dir='ltr'><strong>videtur,</strong></span> <span class='ocrx_word' id='word_1_367' title='bbox 1206 3259 1351 3327; x_wconf 88' lang='lat' dir='ltr'><strong>quod</strong></span> <span class='ocrx_word' id='word_1_368' title='bbox 1382 3259 1505 3313; x_wconf 90' lang='lat' dir='ltr'><strong>dico</strong></span> <span class='ocrx_word' id='word_1_369' title='bbox 1532 3276 1667 3315; x_wconf 82' lang='lat' dir='ltr'><strong>crux</strong></span> <span class='ocrx_word' id='word_1_370' title='bbox 1702 3264 1873 3333; x_wconf 84' lang='lat' dir='ltr'><strong>gemi-</strong></span> 
     </span>
    </p>
   </div>
   <div class='ocr_carea' id='block_1_48' title="bbox 286 3345 1868 3429">
    <p class='ocr_par' dir='ltr' id='par_1_48' title="bbox 286 3345 1868 3429">
     <span class='ocr_line' id='line_1_48' title="bbox 286 3345 1868 3429; baseline 0.011 -32"><span class='ocrx_word' id='word_1_371' title='bbox 286 3362 353 3398; x_wconf 91' lang='lat' dir='ltr'><strong>na</strong></span> <span class='ocrx_word' id='word_1_372' title='bbox 386 3345 486 3400; x_wconf 88' lang='lat' dir='ltr'><strong>fuit</strong></span> <span class='ocrx_word' id='word_1_373' title='bbox 518 3364 531 3401; x_wconf 87' lang='lat'><strong>:</strong></span> <span class='ocrx_word' id='word_1_374' title='bbox 561 3348 661 3403; x_wconf 93' lang='lat' dir='ltr'><strong>hoc</strong></span> <span class='ocrx_word' id='word_1_375' title='bbox 685 3358 793 3415; x_wconf 91' lang='lat' dir='ltr'><strong>est,</strong></span> <span class='ocrx_word' id='word_1_376' title='bbox 820 3352 1035 3420; x_wconf 86' lang='lat' dir='ltr'><strong>gemina</strong></span> <span class='ocrx_word' id='word_1_377' title='bbox 1063 3354 1272 3410; x_wconf 91' lang='lat' dir='ltr'><strong>ratione</strong></span> <span class='ocrx_word' id='word_1_378' title='bbox 1299 3363 1516 3410; x_wconf 90' lang='lat' dir='ltr'><strong>constat</strong></span> <span class='ocrx_word' id='word_1_379' title='bbox 1544 3367 1599 3411; x_wconf 92' lang='lat' dir='ltr'><strong>et</strong></span> <span class='ocrx_word' id='word_1_380' title='bbox 1626 3358 1827 3429; x_wconf 90' lang='lat' dir='ltr'><strong>duplici</strong></span> <span class='ocrx_word' id='word_1_381' title='bbox 1854 3377 1868 3415; x_wconf 88' lang='lat'><strong>:</strong></span> 
     </span>
    </p>
   </div>
   <div class='ocr_carea' id='block_1_49' title="bbox 284 3436 1871 3508">
    <p class='ocr_par' dir='ltr' id='par_1_49' title="bbox 284 3436 1871 3508">
     <span class='ocr_line' id='line_1_49' title="bbox 284 3436 1871 3508; baseline 0.014 -22"><span class='ocrx_word' id='word_1_382' title='bbox 284 3436 412 3503; x_wconf 84' lang='lat' dir='ltr'><strong>quia</strong></span> <span class='ocrx_word' id='word_1_383' title='bbox 463 3437 753 3505; x_wconf 86' lang='lat' dir='ltr'><strong>visibiliter</strong></span> <span class='ocrx_word' id='word_1_384' title='bbox 784 3441 1004 3508; x_wconf 89' lang='lat' dir='ltr'><strong>quidem</strong></span> <span class='ocrx_word' id='word_1_385' title='bbox 1052 3443 1224 3500; x_wconf 88' lang='lat' dir='ltr'><strong>Filius</strong></span> <span class='ocrx_word' id='word_1_386' title='bbox 1262 3445 1357 3501; x_wconf 85' lang='lat' dir='ltr'><strong>Dei</strong></span> <span class='ocrx_word' id='word_1_387' title='bbox 1392 3447 1446 3500; x_wconf 92' lang='lat' dir='ltr'><strong>in</strong></span> <span class='ocrx_word' id='word_1_388' title='bbox 1482 3464 1651 3505; x_wconf 88' lang='lat' dir='ltr'><strong>carne</strong></span> <span class='ocrx_word' id='word_1_389' title='bbox 1689 3454 1871 3508; x_wconf 88' lang='lat' dir='ltr'><strong>cruci-</strong></span> 
     </span>
    </p>
   </div>
   <div class='ocr_carea' id='block_1_50' title="bbox 287 3527 1872 3600">
    <p class='ocr_par' dir='ltr' id='par_1_50' title="bbox 287 3527 1872 3600">
     <span class='ocr_line' id='line_1_50' title="bbox 287 3527 1872 3600; baseline 0.015 -23"><span class='ocrx_word' id='word_1_390' title='bbox 287 3527 430 3583; x_wconf 84' lang='lat' dir='ltr'><strong>fixus</strong></span> <span class='ocrx_word' id='word_1_391' title='bbox 463 3538 584 3584; x_wconf 88' lang='lat' dir='ltr'><strong>est:</strong></span> <span class='ocrx_word' id='word_1_392' title='bbox 613 3531 965 3587; x_wconf 90' lang='lat' dir='ltr'><strong>invisibiliter</strong></span> <span class='ocrx_word' id='word_1_393' title='bbox 1018 3550 1150 3591; x_wconf 89' lang='lat' dir='ltr'><strong>vero</strong></span> <span class='ocrx_word' id='word_1_394' title='bbox 1190 3538 1242 3591; x_wconf 91' lang='lat' dir='ltr'><strong>in</strong></span> <span class='ocrx_word' id='word_1_395' title='bbox 1296 3553 1358 3594; x_wconf 87' lang='lat' dir='ltr'><strong>ea</strong></span> <span class='ocrx_word' id='word_1_396' title='bbox 1414 3555 1579 3595; x_wconf 90' lang='lat' dir='ltr'><strong>cruce</strong></span> <span class='ocrx_word' id='word_1_397' title='bbox 1623 3542 1872 3600; x_wconf 87' lang='lat' dir='ltr'><strong>diabolus</strong></span> 
     </span>
    </p>
   </div>
   <div class='ocr_carea' id='block_1_51' title="bbox 283 3616 1871 3694">
    <p class='ocr_par' dir='ltr' id='par_1_51' title="bbox 283 3616 1871 3694">
     <span class='ocr_line' id='line_1_51' title="bbox 283 3616 1871 3694; baseline 0.016 -31"><span class='ocrx_word' id='word_1_398' title='bbox 283 3625 406 3666; x_wconf 90' lang='lat' dir='ltr'><strong>eum</strong></span> <span class='ocrx_word' id='word_1_399' title='bbox 461 3616 863 3687; x_wconf 85' lang='lat' dir='ltr'><strong>principatibus</strong></span> <span class='ocrx_word' id='word_1_400' title='bbox 906 3622 1021 3676; x_wconf 87' lang='lat' dir='ltr'><strong>suis</strong></span> <span class='ocrx_word' id='word_1_401' title='bbox 1056 3632 1111 3677; x_wconf 91' lang='lat' dir='ltr'><strong>et</strong></span> <span class='ocrx_word' id='word_1_402' title='bbox 1140 3628 1506 3694; x_wconf 83' lang='lat' dir='ltr'><strong>potestatibus</strong></span> <span class='ocrx_word' id='word_1_403' title='bbox 1554 3630 1744 3687; x_wconf 82' lang='lat' dir='ltr'><strong>aflixus</strong></span> <span class='ocrx_word' id='word_1_404' title='bbox 1786 3642 1871 3689; x_wconf 91' lang='lat' dir='ltr'><strong>est</strong></span> 
     </span>
    </p>
   </div>
   <div class='ocr_carea' id='block_1_52' title="bbox 284 3700 1869 3782">
    <p class='ocr_par' dir='ltr' id='par_1_52' title="bbox 284 3700 1869 3782">
     <span class='ocr_line' id='line_1_52' title="bbox 284 3700 1869 3782; baseline 0.019 -33"><span class='ocrx_word' id='word_1_405' title='bbox 284 3700 455 3754; x_wconf 88' lang='lat' dir='ltr'><strong>cruci.</strong></span> <span class='ocrx_word' id='word_1_406' title='bbox 498 3701 615 3758; x_wconf 83' lang='lat' dir='ltr'><strong>Non</strong></span> <span class='ocrx_word' id='word_1_407' title='bbox 658 3706 751 3760; x_wconf 89' lang='lat' dir='ltr'><strong>tibi</strong></span> <span class='ocrx_word' id='word_1_408' title='bbox 778 3707 879 3761; x_wconf 92' lang='lat' dir='ltr'><strong>hoc</strong></span> <span class='ocrx_word' id='word_1_409' title='bbox 907 3709 1181 3765; x_wconf 90' lang='lat' dir='ltr'><strong>videbitur</strong></span> <span class='ocrx_word' id='word_1_410' title='bbox 1222 3728 1434 3782; x_wconf 87' lang='lat' dir='ltr'><strong>verum,</strong></span> <span class='ocrx_word' id='word_1_411' title='bbox 1471 3719 1518 3772; x_wconf 91' lang='lat' dir='ltr'><strong>si</strong></span> <span class='ocrx_word' id='word_1_412' title='bbox 1545 3720 1641 3775; x_wconf 90' lang='lat' dir='ltr'><strong>tibi</strong></span> <span class='ocrx_word' id='word_1_413' title='bbox 1674 3723 1869 3779; x_wconf 92' lang='lat' dir='ltr'><strong>horum</strong></span> 
     </span>
    </p>
   </div>
   <div class='ocr_carea' id='block_1_53' title="bbox 286 3793 1873 3880">
    <p class='ocr_par' dir='ltr' id='par_1_53' title="bbox 286 3793 1873 3880">
     <span class='ocr_line' id='line_1_53' title="bbox 286 3793 1873 3880; baseline 0.016 -40"><span class='ocrx_word' id='word_1_414' title='bbox 286 3794 482 3880; x_wconf 86' lang='lat' dir='ltr'><strong>testem</strong></span> <span class='ocrx_word' id='word_1_415' title='bbox 515 3793 827 3860; x_wconf 82' lang='lat' dir='ltr'><strong>produxero</strong></span> <span class='ocrx_word' id='word_1_416' title='bbox 876 3798 1179 3865; x_wconf 87' lang='lat' dir='ltr'><strong>apostolum</strong></span> <span class='ocrx_word' id='word_1_417' title='bbox 1232 3800 1501 3858; x_wconf 84' lang='lat' dir='ltr'><strong>Paulum?</strong></span> <span class='ocrx_word' id='word_1_418' title='bbox 1547 3806 1687 3863; x_wconf 83' lang='lat' dir='ltr'><strong>Audi</strong></span> <span class='ocrx_word' id='word_1_419' title='bbox 1742 3825 1873 3880; x_wconf 82' lang='lat' dir='ltr'><strong>ergo</strong></span> 
     </span>
    </p>
   </div>
   <div class='ocr_carea' id='block_1_54' title="bbox 282 3878 1869 3968">
    <p class='ocr_par' dir='ltr' id='par_1_54' title="bbox 282 3878 1869 3968">
     <span class='ocr_line' id='line_1_54' title="bbox 282 3878 1869 3968; baseline 0.015 -35"><span class='ocrx_word' id='word_1_420' title='bbox 282 3878 352 3933; x_wconf 91' lang='lat' dir='ltr'><strong>de</strong></span> <span class='ocrx_word' id='word_1_421' title='bbox 378 3881 443 3935; x_wconf 91' lang='lat' dir='ltr'><strong>iis</strong></span> <span class='ocrx_word' id='word_1_422' title='bbox 474 3884 608 3951; x_wconf 91' lang='lat' dir='ltr'><strong>quid</strong></span> <span class='ocrx_word' id='word_1_423' title='bbox 653 3886 768 3954; x_wconf 88' lang='lat' dir='ltr'><strong>ipse</strong></span> <span class='ocrx_word' id='word_1_424' title='bbox 805 3889 1123 3955; x_wconf 90' lang='lat' dir='ltr'><strong>pronuntiat</strong></span> <span class='ocrx_word' id='word_1_425' title='bbox 1151 3908 1166 3943; x_wconf 90' lang='lat'><strong><em>:</em></strong></span> <span class='ocrx_word' id='word_1_426' title='bbox 1198 3908 1216 3942; x_wconf 69' lang='grc' dir='ltr'><strong><em>ι</em></strong></span> <span class='ocrx_word' id='word_1_427' title='bbox 1244 3891 1395 3959; x_wconf 89' lang='lat' dir='ltr'><strong>Quod</strong></span> <span class='ocrx_word' id='word_1_428' title='bbox 1440 3906 1581 3961; x_wconf 90' lang='lat' dir='ltr'><strong>erat,</strong></span> <span class='ocrx_word' id='word_1_429' title='bbox 1607 3897 1782 3968; x_wconf 90' lang='lat' dir='ltr'><strong>inquit</strong></span> <span class='ocrx_word' id='word_1_430' title='bbox 1804 3878 1869 3966; x_wconf 60' lang='grc' dir='ltr'><strong>δδ.</strong></span> 
     </span>
    </p>
   </div>
   <div class='ocr_carea' id='block_1_55' title="bbox 283 3975 1872 4059">
    <p class='ocr_par' dir='ltr' id='par_1_55' title="bbox 283 3975 1872 4059">
     <span class='ocr_line' id='line_1_55' title="bbox 283 3975 1872 4059; baseline 0.015 -35"><span class='ocrx_word' id='word_1_431' title='bbox 283 3975 622 4029; x_wconf 89' lang='lat' dir='ltr'><strong>contrarium</strong></span> <span class='ocrx_word' id='word_1_432' title='bbox 653 3977 835 4043; x_wconf 88' lang='lat' dir='ltr'><strong>nobis,</strong></span> <span class='ocrx_word' id='word_1_433' title='bbox 860 3979 985 4033; x_wconf 91' lang='lat' dir='ltr'><strong>tulit</strong></span> <span class='ocrx_word' id='word_1_434' title='bbox 1013 3980 1142 4035; x_wconf 90' lang='lat' dir='ltr'><strong>illud</strong></span> <span class='ocrx_word' id='word_1_435' title='bbox 1161 3981 1229 4037; x_wconf 90' lang='lat' dir='ltr'><strong>de</strong></span> <span class='ocrx_word' id='word_1_436' title='bbox 1258 3986 1456 4052; x_wconf 88' lang='lat' dir='ltr'><strong>medio,</strong></span> <span class='ocrx_word' id='word_1_437' title='bbox 1477 3986 1700 4059; x_wconf 80' lang='lat' dir='ltr'><strong>alligens</strong></span> <span class='ocrx_word' id='word_1_438' title='bbox 1721 3993 1872 4048; x_wconf 86' lang='lat' dir='ltr'><strong>cruci</strong></span> 
     </span>
    </p>
   </div>
   <div class='ocr_carea' id='block_1_56' title="bbox 288 4069 1874 4147">
    <p class='ocr_par' dir='ltr' id='par_1_56' title="bbox 288 4069 1874 4147">
     <span class='ocr_line' id='line_1_56' title="bbox 288 4069 1874 4147; baseline 0.015 -32"><span class='ocrx_word' id='word_1_439' title='bbox 288 4077 422 4129; x_wconf 70' lang='lat' dir='ltr'><strong>sum,</strong></span> <span class='ocrx_word' id='word_1_440' title='bbox 454 4080 662 4121; x_wconf 82' lang='lat' dir='ltr'><strong>exuens</strong></span> <span class='ocrx_word' id='word_1_441' title='bbox 708 4069 1049 4140; x_wconf 79' lang='lat' dir='ltr'><strong>principatus</strong></span> <span class='ocrx_word' id='word_1_442' title='bbox 1077 4083 1131 4129; x_wconf 90' lang='lat' dir='ltr'><strong>et</strong></span> <span class='ocrx_word' id='word_1_443' title='bbox 1172 4084 1473 4145; x_wconf 87' lang='lat' dir='ltr'><strong>potestates</strong></span> <span class='ocrx_word' id='word_1_444' title='bbox 1516 4081 1775 4147; x_wconf 87' lang='lat' dir='ltr'><strong>traduxit,</strong></span> <span class='ocrx_word' id='word_1_445' title='bbox 1810 4084 1874 4138; x_wconf 93' lang='lat' dir='ltr'><strong>li-</strong></span> 
     </span>
    </p>
   </div>
   <div class='ocr_carea' id='block_1_57' title="bbox 286 4156 1872 4237">
    <p class='ocr_par' dir='ltr' id='par_1_57' title="bbox 286 4156 1872 4237">
     <span class='ocr_line' id='line_1_57' title="bbox 286 4156 1872 4237; baseline 0.014 -27"><span class='ocrx_word' id='word_1_446' title='bbox 286 4156 417 4210; x_wconf 89' lang='lat' dir='ltr'><strong>bere</strong></span> <span class='ocrx_word' id='word_1_447' title='bbox 445 4157 787 4228; x_wconf 85' lang='lat' dir='ltr'><strong>triumphans</strong></span> <span class='ocrx_word' id='word_1_448' title='bbox 832 4177 926 4217; x_wconf 91' lang='lat' dir='ltr'><strong>eas</strong></span> <span class='ocrx_word' id='word_1_449' title='bbox 961 4165 1014 4217; x_wconf 90' lang='lat' dir='ltr'><strong>in</strong></span> <span class='ocrx_word' id='word_1_450' title='bbox 1046 4165 1193 4237; x_wconf 85' lang='lat' dir='ltr'><strong>ligno</strong></span> <span class='ocrx_word' id='word_1_451' title='bbox 1216 4171 1429 4237; x_wconf 82' lang='lat' dir='ltr'><strong>crucis;</strong></span> <span class='ocrx_word' id='word_1_452' title='bbox 1459 4191 1477 4224; x_wconf 71' lang='grc' dir='ltr'><strong><em>ι</em></strong></span> <span class='ocrx_word' id='word_1_453' title='bbox 1510 4172 1637 4228; x_wconf 86' lang='lat' dir='ltr'><strong>licet</strong></span> <span class='ocrx_word' id='word_1_454' title='bbox 1671 4176 1722 4229; x_wconf 89' lang='lat' dir='ltr'><strong>in</strong></span> <span class='ocrx_word' id='word_1_455' title='bbox 1751 4176 1872 4232; x_wconf 90' lang='lat' dir='ltr'><strong>aliis</strong></span> 
     </span>
    </p>
   </div>
   <div class='ocr_carea' id='block_1_58' title="bbox 285 4248 1872 4330">
    <p class='ocr_par' dir='ltr' id='par_1_58' title="bbox 285 4248 1872 4330">
     <span class='ocr_line' id='line_1_58' title="bbox 285 4248 1872 4330; baseline 0.014 -30"><span class='ocrx_word' id='word_1_456' title='bbox 285 4248 690 4317; x_wconf 80' lang='lat' dir='ltr'><strong>exemplaribus</strong></span> <span class='ocrx_word' id='word_1_457' title='bbox 746 4253 1014 4310; x_wconf 87' lang='lat' dir='ltr'><strong>habeatur</strong></span> <span class='ocrx_word' id='word_1_458' title='bbox 1072 4274 1086 4309; x_wconf 88' lang='lat'><strong>:</strong></span> <span class='ocrx_word' id='word_1_459' title='bbox 1149 4279 1166 4312; x_wconf 78' lang='grc' dir='ltr'>ι</span> <span class='ocrx_word' id='word_1_460' title='bbox 1197 4260 1539 4330; x_wconf 87' lang='lat' dir='ltr'><strong>triumphans</strong></span> <span class='ocrx_word' id='word_1_461' title='bbox 1584 4265 1637 4319; x_wconf 91' lang='lat' dir='ltr'><strong>in</strong></span> <span class='ocrx_word' id='word_1_462' title='bbox 1673 4278 1872 4322; x_wconf 89' lang='lat' dir='ltr'><strong>semct-</strong></span> 
     </span>
    </p>
   </div>
   <div class='ocr_carea' id='block_1_59' title="bbox 290 4340 1873 4428">
    <p class='ocr_par' dir='ltr' id='par_1_59' title="bbox 290 4340 1873 4428">
     <span class='ocr_line' id='line_1_59' title="bbox 290 4340 1873 4428; baseline 0.014 -34"><span class='ocrx_word' id='word_1_463' title='bbox 290 4340 431 4411; x_wconf 90' lang='lat' dir='ltr'><strong>ipso,</strong></span> <span class='ocrx_word' id='word_1_464' title='bbox 457 4363 476 4396; x_wconf 74' lang='grc' dir='ltr'>ι</span> <span class='ocrx_word' id='word_1_465' title='bbox 517 4346 612 4400; x_wconf 90' lang='lat' dir='ltr'><strong>sed</strong></span> <span class='ocrx_word' id='word_1_466' title='bbox 654 4349 796 4416; x_wconf 88' lang='lat' dir='ltr'><strong>apud</strong></span> <span class='ocrx_word' id='word_1_467' title='bbox 828 4348 1050 4405; x_wconf 67' lang='lat' dir='ltr'><strong>Graecos</strong></span> <span class='ocrx_word' id='word_1_468' title='bbox 1079 4353 1328 4418; x_wconf 82' lang='lat' dir='ltr'><strong>habetur,</strong></span> <span class='ocrx_word' id='word_1_469' title='bbox 1372 4374 1390 4406; x_wconf 76' lang='grc' dir='ltr'>ι</span> <span class='ocrx_word' id='word_1_470' title='bbox 1422 4358 1471 4411; x_wconf 91' lang='lat' dir='ltr'><strong>in</strong></span> <span class='ocrx_word' id='word_1_471' title='bbox 1521 4357 1686 4428; x_wconf 86' lang='lat' dir='ltr'><strong>ligno.</strong></span> <span class='ocrx_word' id='word_1_472' title='bbox 1712 4379 1729 4411; x_wconf 75' lang='grc' dir='ltr'><strong><em>ι</em></strong></span> <span class='ocrx_word' id='word_1_473' title='bbox 1772 4361 1873 4415; x_wconf 82' lang='lat' dir='ltr'><strong>Er-</strong></span> 
     </span>
    </p>
   </div>
   <div class='ocr_carea' id='block_1_60' title="bbox 284 4435 1869 4520">
    <p class='ocr_par' dir='ltr' id='par_1_60' title="bbox 284 4435 1869 4520">
     <span class='ocr_line' id='line_1_60' title="bbox 284 4435 1869 4520; baseline 0.011 -34"><span class='ocrx_word' id='word_1_474' title='bbox 284 4448 354 4504; x_wconf 87' lang='lat' dir='ltr'><strong>go</strong></span> <span class='ocrx_word' id='word_1_475' title='bbox 404 4435 601 4505; x_wconf 83' lang='lat' dir='ltr'><strong>duplex</strong></span> <span class='ocrx_word' id='word_1_476' title='bbox 661 4440 802 4492; x_wconf 90' lang='lat' dir='ltr'><strong>ratio</strong></span> <span class='ocrx_word' id='word_1_477' title='bbox 854 4440 1149 4497; x_wconf 70' lang='lat' dir='ltr'><strong>Dominica:</strong></span> <span class='ocrx_word' id='word_1_478' title='bbox 1204 4444 1423 4500; x_wconf 89' lang='lat' dir='ltr'><strong>crucis:</strong></span> <span class='ocrx_word' id='word_1_479' title='bbox 1457 4462 1561 4500; x_wconf 88' lang='lat' dir='ltr'><strong>una</strong></span> <span class='ocrx_word' id='word_1_480' title='bbox 1613 4448 1704 4502; x_wconf 88' lang='lat' dir='ltr'><strong>illa</strong></span> <span class='ocrx_word' id='word_1_481' title='bbox 1766 4466 1869 4520; x_wconf 92' lang='lat' dir='ltr'><strong>qua</strong></span> 
     </span>
    </p>
   </div>
   <div class='ocr_carea' id='block_1_61' title="bbox 1975 1963 3555 2040">
    <p class='ocr_par' dir='ltr' id='par_1_61' title="bbox 1975 1963 3555 2040">
     <span class='ocr_line' id='line_1_61' title="bbox 1975 1963 3555 2040; baseline 0.008 -26"><span class='ocrx_word' id='word_1_482' title='bbox 1975 1963 2255 2031; x_wconf 90' lang='lat' dir='ltr'><strong>apostolus</strong></span> <span class='ocrx_word' id='word_1_483' title='bbox 2286 1964 2479 2019; x_wconf 89' lang='lat' dir='ltr'><strong>Petrus</strong></span> <span class='ocrx_word' id='word_1_484' title='bbox 2515 1981 2640 2019; x_wconf 89' lang='lat' dir='ltr'><strong>cum</strong></span> <span class='ocrx_word' id='word_1_485' title='bbox 2693 1967 2897 2037; x_wconf 87' lang='lat' dir='ltr'><strong>ingenti</strong></span> <span class='ocrx_word' id='word_1_486' title='bbox 2950 1970 3163 2024; x_wconf 88' lang='lat' dir='ltr'><strong>cautela</strong></span> <span class='ocrx_word' id='word_1_487' title='bbox 3198 1985 3555 2040; x_wconf 65' lang='lat' dir='ltr'><strong>praemoneat,</strong></span> 
     </span>
    </p>
   </div>
   <div class='ocr_carea' id='block_1_62' title="bbox 1973 2056 3556 2130">
    <p class='ocr_par' dir='ltr' id='par_1_62' title="bbox 1973 2056 3556 2130">
     <span class='ocr_line' id='line_1_62' title="bbox 1973 2056 3556 2130; baseline 0.004 -20"><span class='ocrx_word' id='word_1_488' title='bbox 1973 2067 2027 2111; x_wconf 88' lang='lat' dir='ltr'><strong>et</strong></span> <span class='ocrx_word' id='word_1_489' title='bbox 2078 2056 2222 2111; x_wconf 87' lang='lat' dir='ltr'><strong>dicat</strong></span> <span class='ocrx_word' id='word_1_490' title='bbox 2275 2057 2681 2111; x_wconf 89' lang='lat' dir='ltr'><strong>observandum</strong></span> <span class='ocrx_word' id='word_1_491' title='bbox 2738 2061 2942 2126; x_wconf 72' lang='lat' dir='ltr'><strong>esse&quot;,</strong></span> <span class='ocrx_word' id='word_1_492' title='bbox 2993 2062 3119 2130; x_wconf 91' lang='lat' dir='ltr'><strong>quia</strong></span> <span class='ocrx_word' id='word_1_493' title='bbox 3158 2080 3175 2113; x_wconf 74' lang='grc' dir='ltr'><strong><em>ι</em></strong></span> <span class='ocrx_word' id='word_1_494' title='bbox 3208 2066 3556 2119; x_wconf 75' lang='lat' dir='ltr'><strong>adversarius</strong></span> 
     </span>
    </p>
   </div>
   <div class='ocr_carea' id='block_1_63' title="bbox 1974 2148 3556 2225">
    <p class='ocr_par' dir='ltr' id='par_1_63' title="bbox 1974 2148 3556 2225">
     <span class='ocr_line' id='line_1_63' title="bbox 1974 2148 3556 2225; baseline 0.005 -24"><span class='ocrx_word' id='word_1_495' title='bbox 1974 2159 2165 2203; x_wconf 91' lang='lat' dir='ltr'><strong>noster</strong></span> <span class='ocrx_word' id='word_1_496' title='bbox 2211 2148 2487 2213; x_wconf 87' lang='lat' dir='ltr'><strong>diabolus,</strong></span> <span class='ocrx_word' id='word_1_497' title='bbox 2512 2150 2652 2204; x_wconf 89' lang='lat' dir='ltr'><strong>sicut</strong></span> <span class='ocrx_word' id='word_1_498' title='bbox 2684 2149 2768 2205; x_wconf 91' lang='lat' dir='ltr'><strong>leo</strong></span> <span class='ocrx_word' id='word_1_499' title='bbox 2817 2152 3038 2222; x_wconf 85' lang='lat' dir='ltr'><strong>rugiens</strong></span> <span class='ocrx_word' id='word_1_500' title='bbox 3066 2155 3282 2220; x_wconf 85' lang='lat' dir='ltr'><strong>circuit,</strong></span> <span class='ocrx_word' id='word_1_501' title='bbox 3308 2171 3556 2225; x_wconf 84' lang='lat' dir='ltr'><strong>quaerens</strong></span> 
     </span>
    </p>
   </div>
   <div class='ocr_carea' id='block_1_64' title="bbox 1973 2241 3557 2313">
    <p class='ocr_par' dir='ltr' id='par_1_64' title="bbox 1973 2241 3557 2313">
     <span class='ocr_line' id='line_1_64' title="bbox 1973 2241 3557 2313; baseline 0.004 -18"><span class='ocrx_word' id='word_1_502' title='bbox 1973 2256 2134 2310; x_wconf 89' lang='lat' dir='ltr'><strong>quem</strong></span> <span class='ocrx_word' id='word_1_503' title='bbox 2179 2250 2511 2296; x_wconf 88' lang='lat' dir='ltr'><strong>transvoret.</strong></span> <span class='ocrx_word' id='word_1_504' title='bbox 2539 2260 2557 2294; x_wconf 72' lang='grc' dir='ltr'><strong><em>ι</em></strong></span> <span class='ocrx_word' id='word_1_505' title='bbox 2586 2241 2879 2297; x_wconf 80' lang='lat' dir='ltr'><strong>Videamus</strong></span> <span class='ocrx_word' id='word_1_506' title='bbox 2909 2258 3038 2313; x_wconf 85' lang='lat' dir='ltr'><strong>ergo</strong></span> <span class='ocrx_word' id='word_1_507' title='bbox 3074 2245 3117 2298; x_wconf 92' lang='lat' dir='ltr'><strong>si</strong></span> <span class='ocrx_word' id='word_1_508' title='bbox 3144 2254 3199 2299; x_wconf 91' lang='lat' dir='ltr'><strong>et</strong></span> <span class='ocrx_word' id='word_1_509' title='bbox 3242 2246 3294 2300; x_wconf 93' lang='lat' dir='ltr'><strong>in</strong></span> <span class='ocrx_word' id='word_1_510' title='bbox 3342 2249 3443 2300; x_wconf 82' lang='lat' dir='ltr'><strong>hoc</strong></span> <span class='ocrx_word' id='word_1_511' title='bbox 3473 2248 3557 2302; x_wconf 87' lang='lat' dir='ltr'><strong>di-</strong></span> 
     </span>
    </p>
   </div>
   <div class='ocr_carea' id='block_1_65' title="bbox 1972 2332 3557 2405">
    <p class='ocr_par' dir='ltr' id='par_1_65' title="bbox 1972 2332 3557 2405">
     <span class='ocr_line' id='line_1_65' title="bbox 1972 2332 3557 2405; baseline 0.003 -18"><span class='ocrx_word' id='word_1_512' title='bbox 1972 2349 2136 2404; x_wconf 90' lang='lat' dir='ltr'><strong>gnum</strong></span> <span class='ocrx_word' id='word_1_513' title='bbox 2175 2333 2381 2403; x_wconf 87' lang='lat' dir='ltr'><strong>aliquid</strong></span> <span class='ocrx_word' id='word_1_514' title='bbox 2417 2334 2595 2387; x_wconf 85' lang='lat' dir='ltr'><strong>sancti</strong></span> <span class='ocrx_word' id='word_1_515' title='bbox 2650 2332 2889 2403; x_wconf 88' lang='lat' dir='ltr'><strong>Spiritus</strong></span> <span class='ocrx_word' id='word_1_516' title='bbox 2912 2335 3142 2404; x_wconf 89' lang='lat' dir='ltr'><strong>eloquiis</strong></span> <span class='ocrx_word' id='word_1_517' title='bbox 3173 2338 3445 2405; x_wconf 88' lang='lat' dir='ltr'><strong>possimus</strong></span> <span class='ocrx_word' id='word_1_518' title='bbox 3475 2340 3557 2392; x_wconf 77' lang='lat' dir='ltr'><strong>in-</strong></span> 
     </span>
    </p>
   </div>
   <div class='ocr_carea' id='block_1_66' title="bbox 1973 2423 3556 2495">
    <p class='ocr_par' dir='ltr' id='par_1_66' title="bbox 1973 2423 3556 2495">
     <span class='ocr_line' id='line_1_66' title="bbox 1973 2423 3556 2495; baseline 0.004 -16"><span class='ocrx_word' id='word_1_519' title='bbox 1973 2425 2185 2479; x_wconf 88' lang='lat' dir='ltr'><strong>venire.</strong></span> <span class='ocrx_word' id='word_1_520' title='bbox 2216 2424 2499 2478; x_wconf 84' lang='lat' dir='ltr'><strong>Adventus</strong></span> <span class='ocrx_word' id='word_1_521' title='bbox 2532 2423 2737 2478; x_wconf 89' lang='lat' dir='ltr'><strong>Christi</strong></span> <span class='ocrx_word' id='word_1_522' title='bbox 2802 2440 2942 2479; x_wconf 87' lang='lat' dir='ltr'><strong>unus</strong></span> <span class='ocrx_word' id='word_1_523' title='bbox 2982 2427 3198 2495; x_wconf 89' lang='lat' dir='ltr'><strong>quidem</strong></span> <span class='ocrx_word' id='word_1_524' title='bbox 3240 2428 3291 2481; x_wconf 91' lang='lat' dir='ltr'><strong>in</strong></span> <span class='ocrx_word' id='word_1_525' title='bbox 3332 2429 3556 2486; x_wconf 88' lang='lat' dir='ltr'><strong>humili-</strong></span> 
     </span>
    </p>
   </div>
   <div class='ocr_carea' id='block_1_67' title="bbox 1976 2515 3544 2592">
    <p class='ocr_par' dir='ltr' id='par_1_67' title="bbox 1976 2515 3544 2592">
     <span class='ocr_line' id='line_1_67' title="bbox 1976 2515 3544 2592; baseline 0.003 -22"><span class='ocrx_word' id='word_1_526' title='bbox 1976 2525 2085 2571; x_wconf 89' lang='lat' dir='ltr'><strong>tate</strong></span> <span class='ocrx_word' id='word_1_527' title='bbox 2130 2516 2436 2583; x_wconf 87' lang='lat' dir='ltr'><strong>completus</strong></span> <span class='ocrx_word' id='word_1_528' title='bbox 2478 2524 2584 2581; x_wconf 89' lang='lat' dir='ltr'><strong>est,</strong></span> <span class='ocrx_word' id='word_1_529' title='bbox 2612 2515 2751 2570; x_wconf 90' lang='lat' dir='ltr'><strong>alius</strong></span> <span class='ocrx_word' id='word_1_530' title='bbox 2797 2532 2926 2571; x_wconf 90' lang='lat' dir='ltr'><strong>vero</strong></span> <span class='ocrx_word' id='word_1_531' title='bbox 2961 2529 3218 2588; x_wconf 90' lang='lat' dir='ltr'><strong>speratur</strong></span> <span class='ocrx_word' id='word_1_532' title='bbox 3244 2521 3298 2574; x_wconf 91' lang='lat' dir='ltr'><strong>in</strong></span> <span class='ocrx_word' id='word_1_533' title='bbox 3324 2522 3494 2592; x_wconf 86' lang='lat' dir='ltr'><strong>gloria</strong></span> <span class='ocrx_word' id='word_1_534' title='bbox 3532 2540 3544 2575; x_wconf 92' lang='lat'>:</span> 
     </span>
    </p>
   </div>
   <div class='ocr_carea' id='block_1_68' title="bbox 1974 2608 3557 2683">
    <p class='ocr_par' dir='ltr' id='par_1_68' title="bbox 1974 2608 3557 2683">
     <span class='ocr_line' id='line_1_68' title="bbox 1974 2608 3557 2683; baseline 0.003 -19"><span class='ocrx_word' id='word_1_535' title='bbox 1974 2617 2029 2665; x_wconf 92' lang='lat' dir='ltr'><strong>et</strong></span> <span class='ocrx_word' id='word_1_536' title='bbox 2073 2609 2161 2663; x_wconf 91' lang='lat' dir='ltr'><strong>hic</strong></span> <span class='ocrx_word' id='word_1_537' title='bbox 2197 2609 2410 2679; x_wconf 89' lang='lat' dir='ltr'><strong>primus</strong></span> <span class='ocrx_word' id='word_1_538' title='bbox 2462 2608 2725 2661; x_wconf 82' lang='lat' dir='ltr'><strong>adventus</strong></span> <span class='ocrx_word' id='word_1_539' title='bbox 2764 2610 2815 2662; x_wconf 92' lang='lat' dir='ltr'><strong>in</strong></span> <span class='ocrx_word' id='word_1_540' title='bbox 2846 2624 3009 2666; x_wconf 90' lang='lat' dir='ltr'><strong>carne</strong></span> <span class='ocrx_word' id='word_1_541' title='bbox 3047 2614 3278 2682; x_wconf 82' lang='lat' dir='ltr'><strong>mystico</strong></span> <span class='ocrx_word' id='word_1_542' title='bbox 3317 2615 3557 2683; x_wconf 85' lang='lat' dir='ltr'><strong>quodam</strong></span> 
     </span>
    </p>
   </div>
   <div class='ocr_carea' id='block_1_69' title="bbox 1974 2700 3559 2776">
    <p class='ocr_par' dir='ltr' id='par_1_69' title="bbox 1974 2700 3559 2776">
     <span class='ocr_line' id='line_1_69' title="bbox 1974 2700 3559 2776; baseline 0 -18"><span class='ocrx_word' id='word_1_543' title='bbox 1974 2717 2224 2758; x_wconf 91' lang='lat' dir='ltr'><strong>sermone</strong></span> <span class='ocrx_word' id='word_1_544' title='bbox 2256 2702 2308 2756; x_wconf 93' lang='lat' dir='ltr'><strong>in</strong></span> <span class='ocrx_word' id='word_1_545' title='bbox 2345 2700 2651 2771; x_wconf 89' lang='lat' dir='ltr'><strong>Scripturis</strong></span> <span class='ocrx_word' id='word_1_546' title='bbox 2676 2704 2886 2756; x_wconf 88' lang='lat' dir='ltr'><strong>sanctis</strong></span> <span class='ocrx_word' id='word_1_547' title='bbox 2919 2704 3107 2757; x_wconf 89' lang='lat' dir='ltr'><strong>umbra</strong></span> <span class='ocrx_word' id='word_1_548' title='bbox 3154 2704 3271 2770; x_wconf 89' lang='lat' dir='ltr'><strong>ejus</strong></span> <span class='ocrx_word' id='word_1_549' title='bbox 3316 2708 3559 2776; x_wconf 87' lang='lat' dir='ltr'><strong>appella-</strong></span> 
     </span>
    </p>
   </div>
   <div class='ocr_carea' id='block_1_70' title="bbox 1977 2795 3553 2866">
    <p class='ocr_par' dir='ltr' id='par_1_70' title="bbox 1977 2795 3553 2866">
     <span class='ocr_line' id='line_1_70' title="bbox 1977 2795 3553 2866; baseline 0.001 -15"><span class='ocrx_word' id='word_1_550' title='bbox 1977 2806 2083 2860; x_wconf 90' lang='lat' dir='ltr'><strong>tur,</strong></span> <span class='ocrx_word' id='word_1_551' title='bbox 2116 2797 2256 2851; x_wconf 88' lang='lat' dir='ltr'><strong>sicut</strong></span> <span class='ocrx_word' id='word_1_552' title='bbox 2283 2805 2336 2851; x_wconf 89' lang='lat' dir='ltr'><strong>et</strong></span> <span class='ocrx_word' id='word_1_553' title='bbox 2362 2795 2627 2852; x_wconf 86' lang='lat' dir='ltr'><strong>Jeremias</strong></span> <span class='ocrx_word' id='word_1_554' title='bbox 2653 2795 2921 2866; x_wconf 83' lang='lat' dir='ltr'><strong>prepheta</strong></span> <span class='ocrx_word' id='word_1_555' title='bbox 2950 2796 3256 2863; x_wconf 88' lang='lat' dir='ltr'><strong>denuntiat,</strong></span> <span class='ocrx_word' id='word_1_556' title='bbox 3284 2800 3553 2854; x_wconf 75' lang='lat' dir='ltr'><strong>dicens&quot;:</strong></span> 
     </span>
    </p>
   </div>
   <div class='ocr_carea' id='block_1_71' title="bbox 1981 2887 3560 2958">
    <p class='ocr_par' dir='ltr' id='par_1_71' title="bbox 1981 2887 3560 2958">
     <span class='ocr_line' id='line_1_71' title="bbox 1981 2887 3560 2958; baseline 0.005 -19"><span class='ocrx_word' id='word_1_557' title='bbox 1981 2906 2000 2939; x_wconf 74' lang='grc' dir='ltr'>ι</span> <span class='ocrx_word' id='word_1_558' title='bbox 2028 2887 2269 2958; x_wconf 89' lang='lat' dir='ltr'><strong>Spiritus</strong></span> <span class='ocrx_word' id='word_1_559' title='bbox 2301 2888 2483 2942; x_wconf 89' lang='lat' dir='ltr'><strong>vultus</strong></span> <span class='ocrx_word' id='word_1_560' title='bbox 2512 2890 2683 2942; x_wconf 80' lang='lat' dir='ltr'><strong>nostri</strong></span> <span class='ocrx_word' id='word_1_561' title='bbox 2719 2888 2972 2942; x_wconf 86' lang='lat' dir='ltr'><strong>Christus</strong></span> <span class='ocrx_word' id='word_1_562' title='bbox 3028 2889 3313 2955; x_wconf 89' lang='lat' dir='ltr'><strong>Dominus,</strong></span> <span class='ocrx_word' id='word_1_563' title='bbox 3342 2892 3424 2945; x_wconf 89' lang='lat' dir='ltr'><strong>cui</strong></span> <span class='ocrx_word' id='word_1_564' title='bbox 3461 2907 3560 2947; x_wconf 82' lang='lat' dir='ltr'><strong>nos</strong></span> 
     </span>
    </p>
   </div>
   <div class='ocr_carea' id='block_1_72' title="bbox 1976 2980 3558 3051">
    <p class='ocr_par' dir='ltr' id='par_1_72' title="bbox 1976 2980 3558 3051">
     <span class='ocr_line' id='line_1_72' title="bbox 1976 2980 3558 3051; baseline 0.001 -16"><span class='ocrx_word' id='word_1_565' title='bbox 1976 2980 2215 3036; x_wconf 79' lang='lat' dir='ltr'><strong>diximus</strong></span> <span class='ocrx_word' id='word_1_566' title='bbox 2246 2999 2259 3034; x_wconf 88' lang='lat'><strong>:</strong></span> <span class='ocrx_word' id='word_1_567' title='bbox 2288 2980 2342 3034; x_wconf 91' lang='lat' dir='ltr'><strong>ln</strong></span> <span class='ocrx_word' id='word_1_568' title='bbox 2371 2981 2559 3034; x_wconf 87' lang='lat' dir='ltr'><strong>umbra</strong></span> <span class='ocrx_word' id='word_1_569' title='bbox 2596 2981 2714 3050; x_wconf 84' lang='lat' dir='ltr'><strong>ejus</strong></span> <span class='ocrx_word' id='word_1_570' title='bbox 2744 2981 2978 3034; x_wconf 86' lang='lat' dir='ltr'><strong>vivimus</strong></span> <span class='ocrx_word' id='word_1_571' title='bbox 3015 2981 3065 3033; x_wconf 92' lang='lat' dir='ltr'><strong>in</strong></span> <span class='ocrx_word' id='word_1_572' title='bbox 3098 2982 3371 3051; x_wconf 86' lang='lat' dir='ltr'><strong>gentibus.</strong></span> <span class='ocrx_word' id='word_1_573' title='bbox 3397 3001 3415 3034; x_wconf 76' lang='grc' dir='ltr'>ι</span> <span class='ocrx_word' id='word_1_574' title='bbox 3451 2982 3558 3037; x_wconf 90' lang='lat' dir='ltr'><strong>Sed</strong></span> 
     </span>
    </p>
   </div>
   <div class='ocr_carea' id='block_1_73' title="bbox 1975 3070 3558 3143">
    <p class='ocr_par' dir='ltr' id='par_1_73' title="bbox 1975 3070 3558 3143">
     <span class='ocr_line' id='line_1_73' title="bbox 1975 3070 3558 3143; baseline 0.001 -18"><span class='ocrx_word' id='word_1_575' title='bbox 1975 3080 2029 3125; x_wconf 85' lang='lat' dir='ltr'><strong>et</strong></span> <span class='ocrx_word' id='word_1_576' title='bbox 2059 3071 2279 3127; x_wconf 80' lang='lat' dir='ltr'><strong>Gabriel</strong></span> <span class='ocrx_word' id='word_1_577' title='bbox 2313 3088 2432 3126; x_wconf 85' lang='lat' dir='ltr'><strong>cum</strong></span> <span class='ocrx_word' id='word_1_578' title='bbox 2468 3072 2873 3142; x_wconf 86' lang='lat' dir='ltr'><strong>evangelizaret</strong></span> <span class='ocrx_word' id='word_1_579' title='bbox 2926 3070 3107 3124; x_wconf 70' lang='lat' dir='ltr'><strong>Maria:</strong></span> <span class='ocrx_word' id='word_1_580' title='bbox 3136 3071 3274 3143; x_wconf 86' lang='grc'>(56),</span> <span class='ocrx_word' id='word_1_581' title='bbox 3315 3073 3381 3126; x_wconf 90' lang='lat' dir='ltr'><strong>de</strong></span> <span class='ocrx_word' id='word_1_582' title='bbox 3413 3075 3558 3127; x_wconf 86' lang='lat' dir='ltr'><strong>uati-</strong></span> 
     </span>
    </p>
   </div>
   <div class='ocr_carea' id='block_1_74' title="bbox 1977 3162 3559 3232">
    <p class='ocr_par' dir='ltr' id='par_1_74' title="bbox 1977 3162 3559 3232">
     <span class='ocr_line' id='line_1_74' title="bbox 1977 3162 3559 3232; baseline 0.003 -15"><span class='ocrx_word' id='word_1_583' title='bbox 1977 3164 2147 3218; x_wconf 91' lang='lat' dir='ltr'><strong>vitate</strong></span> <span class='ocrx_word' id='word_1_584' title='bbox 2176 3163 2293 3232; x_wconf 81' lang='lat' dir='ltr'><strong>ejus</strong></span> <span class='ocrx_word' id='word_1_585' title='bbox 2326 3164 2456 3218; x_wconf 92' lang='lat' dir='ltr'><strong>dicit</strong></span> <span class='ocrx_word' id='word_1_586' title='bbox 2481 3164 2525 3196; x_wconf 80' lang='grc'><strong>⁶⁹</strong></span> <span class='ocrx_word' id='word_1_587' title='bbox 2556 3181 2571 3219; x_wconf 88' lang='lat'><strong>:</strong></span> <span class='ocrx_word' id='word_1_588' title='bbox 2608 3183 2626 3215; x_wconf 81' lang='grc'><strong><em>‹</em></strong></span> <span class='ocrx_word' id='word_1_589' title='bbox 2666 3164 2855 3218; x_wconf 85' lang='lat' dir='ltr'><strong>Virtus</strong></span> <span class='ocrx_word' id='word_1_590' title='bbox 2886 3162 3152 3217; x_wconf 79' lang='lat' dir='ltr'><strong>Altissimi</strong></span> <span class='ocrx_word' id='word_1_591' title='bbox 3208 3164 3559 3221; x_wconf 86' lang='lat' dir='ltr'><strong>obumbrabit</strong></span> 
     </span>
    </p>
   </div>
   <div class='ocr_carea' id='block_1_75' title="bbox 1980 3253 3557 3326">
    <p class='ocr_par' dir='ltr' id='par_1_75' title="bbox 1980 3253 3557 3326">
     <span class='ocr_line' id='line_1_75' title="bbox 1980 3253 3557 3326; baseline 0 -17"><span class='ocrx_word' id='word_1_592' title='bbox 1980 3254 2099 3309; x_wconf 91' lang='lat' dir='ltr'><strong>tibi.</strong></span> <span class='ocrx_word' id='word_1_593' title='bbox 2122 3272 2140 3305; x_wconf 83' lang='grc'><strong>›</strong></span> <span class='ocrx_word' id='word_1_594' title='bbox 2179 3253 2411 3324; x_wconf 89' lang='lat' dir='ltr'><strong>Propter</strong></span> <span class='ocrx_word' id='word_1_595' title='bbox 2433 3258 2575 3325; x_wconf 88' lang='lat' dir='ltr'><strong>quod</strong></span> <span class='ocrx_word' id='word_1_596' title='bbox 2607 3254 2982 3325; x_wconf 87' lang='lat' dir='ltr'><strong>intelligimus,</strong></span> <span class='ocrx_word' id='word_1_597' title='bbox 3019 3256 3413 3324; x_wconf 87' lang='lat' dir='ltr'><strong>quamplurima</strong></span> <span class='ocrx_word' id='word_1_598' title='bbox 3442 3260 3557 3326; x_wconf 78' lang='lat' dir='ltr'><strong>pri-</strong></span> 
     </span>
    </p>
   </div>
   <div class='ocr_carea' id='block_1_76' title="bbox 1977 3348 3557 3419">
    <p class='ocr_par' dir='ltr' id='par_1_76' title="bbox 1977 3348 3557 3419">
     <span class='ocr_line' id='line_1_76' title="bbox 1977 3348 3557 3419; baseline 0.001 -18"><span class='ocrx_word' id='word_1_599' title='bbox 1977 3362 2067 3401; x_wconf 88' lang='lat' dir='ltr'><strong>mo</strong></span> <span class='ocrx_word' id='word_1_600' title='bbox 2099 3350 2203 3402; x_wconf 90' lang='lat' dir='ltr'><strong>hoc</strong></span> <span class='ocrx_word' id='word_1_601' title='bbox 2239 3349 2474 3403; x_wconf 88' lang='lat' dir='ltr'><strong>adventu</strong></span> <span class='ocrx_word' id='word_1_602' title='bbox 2503 3348 2620 3417; x_wconf 85' lang='lat' dir='ltr'><strong>ejus</strong></span> <span class='ocrx_word' id='word_1_603' title='bbox 2654 3348 2995 3412; x_wconf 88' lang='lat' dir='ltr'><strong>adumbrari,</strong></span> <span class='ocrx_word' id='word_1_604' title='bbox 3026 3364 3260 3419; x_wconf 91' lang='lat' dir='ltr'><strong>quorum</strong></span> <span class='ocrx_word' id='word_1_605' title='bbox 3290 3351 3557 3419; x_wconf 86' lang='lat' dir='ltr'><strong>adimple-</strong></span> 
     </span>
    </p>
   </div>
   <div class='ocr_carea' id='block_1_77' title="bbox 1980 3424 3559 3513">
    <p class='ocr_par' dir='ltr' id='par_1_77' title="bbox 1980 3424 3559 3513">
     <span class='ocr_line' id='line_1_77' title="bbox 1980 3424 3559 3513; baseline 0.003 -23"><span class='ocrx_word' id='word_1_606' title='bbox 1980 3440 2054 3492; x_wconf 90' lang='lat' dir='ltr'><strong>tio</strong></span> <span class='ocrx_word' id='word_1_607' title='bbox 2079 3447 2243 3507; x_wconf 90' lang='lat' dir='ltr'><strong>atque</strong></span> <span class='ocrx_word' id='word_1_608' title='bbox 2284 3438 2549 3507; x_wconf 89' lang='lat' dir='ltr'><strong>perfectio</strong></span> <span class='ocrx_word' id='word_1_609' title='bbox 2612 3439 2664 3493; x_wconf 91' lang='lat' dir='ltr'><strong>in</strong></span> <span class='ocrx_word' id='word_1_610' title='bbox 2725 3424 2967 3494; x_wconf 87' lang='lat' dir='ltr'><strong>secundo</strong></span> <span class='ocrx_word' id='word_1_611' title='bbox 3011 3450 3421 3495; x_wconf 89' lang='lat' dir='ltr'><strong>consumtnetur</strong></span> <span class='ocrx_word' id='word_1_612' title='bbox 3447 3442 3559 3513; x_wconf 85' lang='grc'>(57)</span> 
     </span>
    </p>
   </div>
   <div class='ocr_carea' id='block_1_78' title="bbox 1977 3529 3558 3602">
    <p class='ocr_par' dir='ltr' id='par_1_78' title="bbox 1977 3529 3558 3602">
     <span class='ocr_line' id='line_1_78' title="bbox 1977 3529 3558 3602; baseline 0.003 -19"><span class='ocrx_word' id='word_1_613' title='bbox 1977 3530 2243 3585; x_wconf 85' lang='lat' dir='ltr'><strong>adventu.</strong></span> <span class='ocrx_word' id='word_1_614' title='bbox 2276 3529 2343 3583; x_wconf 86' lang='lat' dir='ltr'><strong>Et</strong></span> <span class='ocrx_word' id='word_1_615' title='bbox 2383 3530 2660 3599; x_wconf 91' lang='lat' dir='ltr'><strong>apostolus</strong></span> <span class='ocrx_word' id='word_1_616' title='bbox 2704 3530 2904 3584; x_wconf 86' lang='lat' dir='ltr'><strong>Paulus</strong></span> <span class='ocrx_word' id='word_1_617' title='bbox 2934 3533 3066 3586; x_wconf 83' lang='lat' dir='ltr'><strong>dicit</strong></span> <span class='ocrx_word' id='word_1_618' title='bbox 3090 3533 3161 3598; x_wconf 71' lang='lat'><strong>7°,</strong></span> <span class='ocrx_word' id='word_1_619' title='bbox 3190 3533 3316 3602; x_wconf 87' lang='lat' dir='ltr'><strong>quia</strong></span> <span class='ocrx_word' id='word_1_620' title='bbox 3355 3552 3373 3583; x_wconf 75' lang='grc' dir='ltr'>ι</span> <span class='ocrx_word' id='word_1_621' title='bbox 3400 3549 3558 3589; x_wconf 88' lang='lat' dir='ltr'><strong>resu-</strong></span> 
     </span>
    </p>
   </div>
   <div class='ocr_carea' id='block_1_79' title="bbox 1976 3620 3560 3691">
    <p class='ocr_par' dir='ltr' id='par_1_79' title="bbox 1976 3620 3560 3691">
     <span class='ocr_line' id='line_1_79' title="bbox 1976 3620 3560 3691; baseline 0.004 -18"><span class='ocrx_word' id='word_1_622' title='bbox 1976 3620 2193 3674; x_wconf 88' lang='lat' dir='ltr'><strong>scitavit</strong></span> <span class='ocrx_word' id='word_1_623' title='bbox 2227 3636 2326 3675; x_wconf 91' lang='lat' dir='ltr'><strong>nos</strong></span> <span class='ocrx_word' id='word_1_624' title='bbox 2354 3637 2475 3675; x_wconf 90' lang='lat' dir='ltr'><strong>cum</strong></span> <span class='ocrx_word' id='word_1_625' title='bbox 2530 3636 2618 3687; x_wconf 91' lang='lat' dir='ltr'><strong>eo,</strong></span> <span class='ocrx_word' id='word_1_626' title='bbox 2672 3623 2945 3691; x_wconf 87' lang='lat' dir='ltr'><strong>simulque</strong></span> <span class='ocrx_word' id='word_1_627' title='bbox 2979 3624 3167 3679; x_wconf 87' lang='lat' dir='ltr'><strong>sedere</strong></span> <span class='ocrx_word' id='word_1_628' title='bbox 3203 3623 3332 3679; x_wconf 88' lang='lat' dir='ltr'><strong>fecit</strong></span> <span class='ocrx_word' id='word_1_629' title='bbox 3360 3626 3412 3678; x_wconf 93' lang='lat' dir='ltr'><strong>in</strong></span> <span class='ocrx_word' id='word_1_630' title='bbox 3443 3643 3560 3680; x_wconf 76' lang='lat' dir='ltr'><strong>cte-</strong></span> 
     </span>
    </p>
   </div>
   <div class='ocr_carea' id='block_1_80' title="bbox 1976 3709 3557 3781">
    <p class='ocr_par' dir='ltr' id='par_1_80' title="bbox 1976 3709 3557 3781">
     <span class='ocr_line' id='line_1_80' title="bbox 1976 3709 3557 3781; baseline 0.004 -16"><span class='ocrx_word' id='word_1_631' title='bbox 1976 3710 2227 3765; x_wconf 89' lang='lat' dir='ltr'><strong>lestibus.</strong></span> <span class='ocrx_word' id='word_1_632' title='bbox 2274 3728 2293 3761; x_wconf 76' lang='grc' dir='ltr'><strong><em>ι</em></strong></span> <span class='ocrx_word' id='word_1_633' title='bbox 2343 3709 2410 3764; x_wconf 84' lang='grc' dir='ltr'><strong>Ει</strong></span> <span class='ocrx_word' id='word_1_634' title='bbox 2451 3710 2641 3781; x_wconf 86' lang='lat' dir='ltr'><strong>utique</strong></span> <span class='ocrx_word' id='word_1_635' title='bbox 2684 3714 2923 3766; x_wconf 91' lang='lat' dir='ltr'><strong>nondum</strong></span> <span class='ocrx_word' id='word_1_636' title='bbox 2973 3713 3219 3768; x_wconf 81' lang='lat' dir='ltr'><strong>videmus</strong></span> <span class='ocrx_word' id='word_1_637' title='bbox 3251 3717 3557 3781; x_wconf 78' lang='lat' dir='ltr'><strong>credentes,</strong></span> 
     </span>
    </p>
   </div>
   <div class='ocr_carea' id='block_1_81' title="bbox 1977 3803 3560 3874">
    <p class='ocr_par' dir='ltr' id='par_1_81' title="bbox 1977 3803 3560 3874">
     <span class='ocr_line' id='line_1_81' title="bbox 1977 3803 3560 3874; baseline 0.004 -17"><span class='ocrx_word' id='word_1_638' title='bbox 1977 3813 2071 3857; x_wconf 90' lang='lat' dir='ltr'><strong>aut</strong></span> <span class='ocrx_word' id='word_1_639' title='bbox 2120 3803 2480 3859; x_wconf 83' lang='lat' dir='ltr'><strong>resuscitatos</strong></span> <span class='ocrx_word' id='word_1_640' title='bbox 2513 3820 2636 3862; x_wconf 88' lang='lat' dir='ltr'><strong>esse</strong></span> <span class='ocrx_word' id='word_1_641' title='bbox 2654 3805 2792 3874; x_wconf 87' lang='lat' dir='ltr'><strong>jam,</strong></span> <span class='ocrx_word' id='word_1_642' title='bbox 2819 3812 2911 3860; x_wconf 89' lang='lat' dir='ltr'><strong>aut</strong></span> <span class='ocrx_word' id='word_1_643' title='bbox 2936 3805 2989 3859; x_wconf 92' lang='lat' dir='ltr'><strong>in</strong></span> <span class='ocrx_word' id='word_1_644' title='bbox 3019 3805 3333 3861; x_wconf 63' lang='lat' dir='ltr'><strong>coelestibus</strong></span> <span class='ocrx_word' id='word_1_645' title='bbox 3361 3823 3560 3864; x_wconf 88' lang='lat' dir='ltr'><strong>consc-</strong></span> 
     </span>
    </p>
   </div>
   <div class='ocr_carea' id='block_1_82' title="bbox 1976 3894 3560 3969">
    <p class='ocr_par' dir='ltr' id='par_1_82' title="bbox 1976 3894 3560 3969">
     <span class='ocr_line' id='line_1_82' title="bbox 1976 3894 3560 3969; baseline 0.004 -20"><span class='ocrx_word' id='word_1_646' title='bbox 1976 3894 2162 3950; x_wconf 85' lang='lat' dir='ltr'><strong>disse:</strong></span> <span class='ocrx_word' id='word_1_647' title='bbox 2194 3896 2290 3950; x_wconf 87' lang='lat' dir='ltr'><strong>sed</strong></span> <span class='ocrx_word' id='word_1_648' title='bbox 2322 3895 2647 3950; x_wconf 85' lang='lat' dir='ltr'><strong>adumbrata</strong></span> <span class='ocrx_word' id='word_1_649' title='bbox 2702 3906 2832 3950; x_wconf 85' lang='lat' dir='ltr'><strong>sunt</strong></span> <span class='ocrx_word' id='word_1_650' title='bbox 2873 3897 3091 3966; x_wconf 88' lang='lat' dir='ltr'><strong>quidem</strong></span> <span class='ocrx_word' id='word_1_651' title='bbox 3128 3898 3241 3953; x_wconf 73' lang='lat' dir='ltr'><strong>haec</strong></span> <span class='ocrx_word' id='word_1_652' title='bbox 3286 3915 3432 3954; x_wconf 90' lang='lat' dir='ltr'><strong>nunc</strong></span> <span class='ocrx_word' id='word_1_653' title='bbox 3464 3917 3560 3969; x_wconf 85' lang='lat' dir='ltr'><strong>per</strong></span> 
     </span>
    </p>
   </div>
   <div class='ocr_carea' id='block_1_83' title="bbox 1978 3987 3561 4057">
    <p class='ocr_par' dir='ltr' id='par_1_83' title="bbox 1978 3987 3561 4057">
     <span class='ocr_line' id='line_1_83' title="bbox 1978 3987 3561 4057; baseline 0.006 -17"><span class='ocrx_word' id='word_1_654' title='bbox 1978 3988 2160 4051; x_wconf 89' lang='lat' dir='ltr'><strong>fidem,</strong></span> <span class='ocrx_word' id='word_1_655' title='bbox 2200 3987 2325 4055; x_wconf 89' lang='lat' dir='ltr'><strong>quia</strong></span> <span class='ocrx_word' id='word_1_656' title='bbox 2376 3998 2556 4043; x_wconf 91' lang='lat' dir='ltr'><strong>mente</strong></span> <span class='ocrx_word' id='word_1_657' title='bbox 2614 4002 2670 4043; x_wconf 90' lang='lat' dir='ltr'><strong>et</strong></span> <span class='ocrx_word' id='word_1_658' title='bbox 2710 4004 2805 4057; x_wconf 91' lang='lat' dir='ltr'><strong>spe</strong></span> <span class='ocrx_word' id='word_1_659' title='bbox 2850 4004 2879 4042; x_wconf 91' lang='lat' dir='ltr'><strong>a</strong></span> <span class='ocrx_word' id='word_1_660' title='bbox 2932 3990 3169 4043; x_wconf 82' lang='lat' dir='ltr'><strong>terrenis</strong></span> <span class='ocrx_word' id='word_1_661' title='bbox 3223 3999 3280 4044; x_wconf 89' lang='lat' dir='ltr'><strong>et</strong></span> <span class='ocrx_word' id='word_1_662' title='bbox 3332 3997 3561 4049; x_wconf 89' lang='lat' dir='ltr'><strong>mortuis</strong></span> 
     </span>
    </p>
   </div>
   <div class='ocr_carea' id='block_1_84' title="bbox 1977 4077 3559 4151">
    <p class='ocr_par' dir='ltr' id='par_1_84' title="bbox 1977 4077 3559 4151">
     <span class='ocr_line' id='line_1_84' title="bbox 1977 4077 3559 4151; baseline 0.003 -18"><span class='ocrx_word' id='word_1_663' title='bbox 1977 4078 2238 4148; x_wconf 87' lang='lat' dir='ltr'><strong>operibus</strong></span> <span class='ocrx_word' id='word_1_664' title='bbox 2282 4077 2582 4144; x_wconf 80' lang='lat' dir='ltr'><strong>elevantur,</strong></span> <span class='ocrx_word' id='word_1_665' title='bbox 2616 4089 2672 4134; x_wconf 91' lang='lat' dir='ltr'><strong>et</strong></span> <span class='ocrx_word' id='word_1_666' title='bbox 2703 4079 2948 4149; x_wconf 88' lang='lat' dir='ltr'><strong>quotidie</strong></span> <span class='ocrx_word' id='word_1_667' title='bbox 2978 4095 3073 4135; x_wconf 88' lang='lat' dir='ltr'><strong>cor</strong></span> <span class='ocrx_word' id='word_1_668' title='bbox 3101 4094 3347 4136; x_wconf 85' lang='lat' dir='ltr'><strong>nostrum</strong></span> <span class='ocrx_word' id='word_1_669' title='bbox 3392 4085 3559 4151; x_wconf 84' lang='lat' dir='ltr'><strong>erigi-</strong></span> 
     </span>
    </p>
   </div>
   <div class='ocr_carea' id='block_1_85' title="bbox 1978 4169 3560 4240">
    <p class='ocr_par' dir='ltr' id='par_1_85' title="bbox 1978 4169 3560 4240">
     <span class='ocr_line' id='line_1_85' title="bbox 1978 4169 3560 4240; baseline 0.006 -19"><span class='ocrx_word' id='word_1_670' title='bbox 1978 4184 2099 4223; x_wconf 90' lang='lat' dir='ltr'><strong>mus</strong></span> <span class='ocrx_word' id='word_1_671' title='bbox 2131 4170 2199 4223; x_wconf 89' lang='lat' dir='ltr'><strong>ad</strong></span> <span class='ocrx_word' id='word_1_672' title='bbox 2225 4169 2469 4225; x_wconf 69' lang='lat' dir='ltr'><strong>caalestia</strong></span> <span class='ocrx_word' id='word_1_673' title='bbox 2513 4180 2567 4225; x_wconf 91' lang='lat' dir='ltr'><strong>ct</strong></span> <span class='ocrx_word' id='word_1_674' title='bbox 2611 4181 2815 4225; x_wconf 72' lang='lat' dir='ltr'><strong>wterna</strong></span> <span class='ocrx_word' id='word_1_675' title='bbox 2843 4190 2855 4225; x_wconf 88' lang='lat'><strong>:</strong></span> <span class='ocrx_word' id='word_1_676' title='bbox 2888 4172 3203 4240; x_wconf 90' lang='lat' dir='ltr'><strong>implebitur</strong></span> <span class='ocrx_word' id='word_1_677' title='bbox 3240 4184 3417 4228; x_wconf 87' lang='lat' dir='ltr'><strong>autem</strong></span> <span class='ocrx_word' id='word_1_678' title='bbox 3457 4177 3560 4230; x_wconf 86' lang='lat' dir='ltr'><strong>hoc</strong></span> 
     </span>
    </p>
   </div>
   <div class='ocr_carea' id='block_1_86' title="bbox 1977 4261 3559 4333">
    <p class='ocr_par' dir='ltr' id='par_1_86' title="bbox 1977 4261 3559 4333">
     <span class='ocr_line' id='line_1_86' title="bbox 1977 4261 3559 4333; baseline 0.006 -18"><span class='ocrx_word' id='word_1_679' title='bbox 1977 4261 2029 4316; x_wconf 89' lang='lat' dir='ltr'><strong>in</strong></span> <span class='ocrx_word' id='word_1_680' title='bbox 2080 4264 2324 4317; x_wconf 89' lang='lat' dir='ltr'><strong>secundo</strong></span> <span class='ocrx_word' id='word_1_681' title='bbox 2369 4264 2485 4330; x_wconf 80' lang='lat' dir='ltr'><strong>ejus</strong></span> <span class='ocrx_word' id='word_1_682' title='bbox 2530 4267 2789 4329; x_wconf 82' lang='lat' dir='ltr'><strong>adventu,</strong></span> <span class='ocrx_word' id='word_1_683' title='bbox 2826 4278 2883 4318; x_wconf 93' lang='lat' dir='ltr'><strong>ut</strong></span> <span class='ocrx_word' id='word_1_684' title='bbox 2918 4281 2980 4319; x_wconf 89' lang='lat' dir='ltr'><strong>ea</strong></span> <span class='ocrx_word' id='word_1_685' title='bbox 3021 4282 3142 4333; x_wconf 59' lang='lat' dir='ltr'><strong>quae</strong></span> <span class='ocrx_word' id='word_1_686' title='bbox 3184 4284 3327 4321; x_wconf 92' lang='lat' dir='ltr'><strong>nunc</strong></span> <span class='ocrx_word' id='word_1_687' title='bbox 3360 4269 3464 4323; x_wconf 89' lang='lat' dir='ltr'><strong>fide</strong></span> <span class='ocrx_word' id='word_1_688' title='bbox 3504 4282 3559 4324; x_wconf 87' lang='lat' dir='ltr'><strong>et</strong></span> 
     </span>
    </p>
   </div>
   <div class='ocr_carea' id='block_1_87' title="bbox 1976 4356 3555 4423">
    <p class='ocr_par' dir='ltr' id='par_1_87' title="bbox 1976 4356 3555 4423">
     <span class='ocr_line' id='line_1_87' title="bbox 1976 4356 3555 4423; baseline 0.006 -17"><span class='ocrx_word' id='word_1_689' title='bbox 1976 4368 2071 4423; x_wconf 90' lang='lat' dir='ltr'><strong>spe</strong></span> <span class='ocrx_word' id='word_1_690' title='bbox 2112 4356 2588 4423; x_wconf 76' lang='lat' dir='ltr'><strong>prtesumpsitnus,</strong></span> <span class='ocrx_word' id='word_1_691' title='bbox 2631 4366 2759 4411; x_wconf 89' lang='lat' dir='ltr'><strong>tunc</strong></span> <span class='ocrx_word' id='word_1_692' title='bbox 2799 4360 2960 4410; x_wconf 88' lang='lat' dir='ltr'><strong>etiam</strong></span> <span class='ocrx_word' id='word_1_693' title='bbox 2994 4374 3173 4412; x_wconf 89' lang='lat' dir='ltr'><strong>rerum</strong></span> <span class='ocrx_word' id='word_1_694' title='bbox 3203 4358 3399 4413; x_wconf 77' lang='lat' dir='ltr'><strong>effectu</strong></span> <span class='ocrx_word' id='word_1_695' title='bbox 3433 4378 3555 4415; x_wconf 88' lang='lat' dir='ltr'><strong>cor-</strong></span> 
     </span>
    </p>
   </div>
   <div class='ocr_carea' id='block_1_88' title="bbox 1976 4446 3558 4518">
    <p class='ocr_par' dir='ltr' id='par_1_88' title="bbox 1976 4446 3558 4518">
     <span class='ocr_line' id='line_1_88' title="bbox 1976 4446 3558 4518; baseline 0.005 -19"><span class='ocrx_word' id='word_1_696' title='bbox 1976 4446 2240 4515; x_wconf 88' lang='lat' dir='ltr'><strong>poraliter</strong></span> <span class='ocrx_word' id='word_1_697' title='bbox 2285 4455 2585 4502; x_wconf 86' lang='lat' dir='ltr'><strong>teneamus.</strong></span> <span class='ocrx_word' id='word_1_698' title='bbox 2620 4448 2691 4501; x_wconf 90' lang='lat' dir='ltr'><strong>Ita</strong></span> <span class='ocrx_word' id='word_1_699' title='bbox 2721 4463 2850 4518; x_wconf 86' lang='lat' dir='ltr'><strong>ergo</strong></span> <span class='ocrx_word' id='word_1_700' title='bbox 2884 4459 2937 4503; x_wconf 91' lang='lat' dir='ltr'><strong>et</strong></span> <span class='ocrx_word' id='word_1_701' title='bbox 2990 4451 3057 4504; x_wconf 91' lang='lat' dir='ltr'><strong>de</strong></span> <span class='ocrx_word' id='word_1_702' title='bbox 3096 4450 3316 4505; x_wconf 87' lang='lat' dir='ltr'><strong>diabolo</strong></span> <span class='ocrx_word' id='word_1_703' title='bbox 3359 4452 3558 4507; x_wconf 82' lang='lat' dir='ltr'><strong>intelli-</strong></span> 
     </span>
    </p>
   </div>
   <div class='ocr_carea' id='block_1_89' title="bbox 284 4523 3555 4607">
    <p class='ocr_par' dir='ltr' id='par_1_89' title="bbox 284 4523 3555 4607">
     <span class='ocr_line' id='line_1_89' title="bbox 284 4523 3555 4607; baseline 0.009 -31"><span class='ocrx_word' id='word_1_704' title='bbox 284 4523 417 4579; x_wconf 87' lang='lat' dir='ltr'><strong>dicit</strong></span> <span class='ocrx_word' id='word_1_705' title='bbox 448 4528 727 4596; x_wconf 86' lang='lat' dir='ltr'><strong>apostolus</strong></span> <span class='ocrx_word' id='word_1_706' title='bbox 776 4530 1057 4599; x_wconf 73' lang='lat' dir='ltr'><strong>Petrus“,</strong></span> <span class='ocrx_word' id='word_1_707' title='bbox 1087 4534 1233 4602; x_wconf 89' lang='lat' dir='ltr'><strong>quod</strong></span> <span class='ocrx_word' id='word_1_708' title='bbox 1277 4534 1530 4591; x_wconf 84' lang='lat' dir='ltr'><strong>Christus</strong></span> <span class='ocrx_word' id='word_1_709' title='bbox 1572 4540 1870 4596; x_wconf 84' lang='lat' dir='ltr'><strong>crucifixus</strong></span> <span class='ocrx_word' id='word_1_710' title='bbox 1901 4549 1945 4602; x_wconf 84' lang='grc' dir='ltr'>ι)</span> <span class='ocrx_word' id='word_1_711' title='bbox 1975 4538 2206 4605; x_wconf 82' lang='lat' dir='ltr'><strong>gendum</strong></span> <span class='ocrx_word' id='word_1_712' title='bbox 2249 4547 2356 4602; x_wconf 78' lang='lat' dir='ltr'><strong>est.</strong></span> <span class='ocrx_word' id='word_1_713' title='bbox 2386 4536 2529 4605; x_wconf 84' lang='lat' dir='ltr'><strong>quod</strong></span> <span class='ocrx_word' id='word_1_714' title='bbox 2564 4537 2737 4592; x_wconf 75' lang='lat' dir='ltr'><strong>victus</strong></span> <span class='ocrx_word' id='word_1_715' title='bbox 2769 4540 2988 4607; x_wconf 77' lang='lat' dir='ltr'><strong>quidem</strong></span> <span class='ocrx_word' id='word_1_716' title='bbox 3039 4549 3093 4592; x_wconf 74' lang='lat' dir='ltr'><strong>et</strong></span> <span class='ocrx_word' id='word_1_717' title='bbox 3122 4540 3419 4595; x_wconf 76' lang='lat' dir='ltr'><strong>cruciﬁxus</strong></span> <span class='ocrx_word' id='word_1_718' title='bbox 3452 4553 3555 4605; x_wconf 74' lang='grc' dir='ltr'><strong>εει,</strong></span> 
     </span>
    </p>
   </div>
   <div class='ocr_carea' id='block_1_90' title="bbox 286 4618 1872 4698">
    <p class='ocr_par' dir='ltr' id='par_1_90' title="bbox 286 4618 1872 4698">
     <span class='ocr_line' id='line_1_90' title="bbox 286 4618 1872 4698; baseline 0.01 -29"><span class='ocrx_word' id='word_1_719' title='bbox 286 4618 443 4675; x_wconf 86' lang='lat' dir='ltr'><strong>nobis</strong></span> <span class='ocrx_word' id='word_1_720' title='bbox 474 4622 693 4690; x_wconf 87' lang='lat' dir='ltr'><strong>reliquit</strong></span> <span class='ocrx_word' id='word_1_721' title='bbox 722 4625 1026 4693; x_wconf 80' lang='lat' dir='ltr'><strong>exemplum</strong></span> <span class='ocrx_word' id='word_1_722' title='bbox 1054 4642 1067 4678; x_wconf 86' lang='lat'>:</span> <span class='ocrx_word' id='word_1_723' title='bbox 1091 4634 1147 4678; x_wconf 88' lang='lat' dir='ltr'><strong>et</strong></span> <span class='ocrx_word' id='word_1_724' title='bbox 1179 4625 1293 4681; x_wconf 70' lang='lat' dir='ltr'><strong>haec</strong></span> <span class='ocrx_word' id='word_1_725' title='bbox 1316 4630 1573 4692; x_wconf 89' lang='lat' dir='ltr'><strong>secunda,</strong></span> <span class='ocrx_word' id='word_1_726' title='bbox 1601 4644 1704 4698; x_wconf 87' lang='lat' dir='ltr'><strong>qua</strong></span> <span class='ocrx_word' id='word_1_727' title='bbox 1737 4646 1872 4686; x_wconf 85' lang='lat' dir='ltr'><strong>crux</strong></span> 
     </span>
    </p>
   </div>
   <div class='ocr_carea' id='block_1_91' title="bbox 288 4709 1870 4791">
    <p class='ocr_par' dir='ltr' id='par_1_91' title="bbox 288 4709 1870 4791">
     <span class='ocr_line' id='line_1_91' title="bbox 288 4709 1870 4791; baseline 0.011 -30"><span class='ocrx_word' id='word_1_728' title='bbox 288 4709 378 4763; x_wconf 86' lang='lat' dir='ltr'><strong>illa</strong></span> <span class='ocrx_word' id='word_1_729' title='bbox 412 4721 670 4782; x_wconf 70' lang='lat' dir='ltr'><strong>trepmum</strong></span> <span class='ocrx_word' id='word_1_730' title='bbox 710 4717 776 4770; x_wconf 92' lang='lat' dir='ltr'><strong>de</strong></span> <span class='ocrx_word' id='word_1_731' title='bbox 826 4718 1043 4773; x_wconf 86' lang='lat' dir='ltr'><strong>diabolo</strong></span> <span class='ocrx_word' id='word_1_732' title='bbox 1077 4720 1192 4789; x_wconf 81' lang='grc'>(55)</span> <span class='ocrx_word' id='word_1_733' title='bbox 1229 4721 1351 4786; x_wconf 88' lang='lat' dir='ltr'><strong>fuit,</strong></span> <span class='ocrx_word' id='word_1_734' title='bbox 1396 4723 1449 4775; x_wconf 92' lang='lat' dir='ltr'><strong>in</strong></span> <span class='ocrx_word' id='word_1_735' title='bbox 1504 4737 1610 4791; x_wconf 88' lang='lat' dir='ltr'><strong>quo</strong></span> <span class='ocrx_word' id='word_1_736' title='bbox 1640 4734 1693 4779; x_wconf 91' lang='lat' dir='ltr'><strong>et</strong></span> <span class='ocrx_word' id='word_1_737' title='bbox 1742 4739 1870 4778; x_wconf 81' lang='lat' dir='ltr'><strong>cru-</strong></span> 
     </span>
    </p>
   </div>
   <div class='ocr_carea' id='block_1_92' title="bbox 289 4801 1863 4884">
    <p class='ocr_par' dir='ltr' id='par_1_92' title="bbox 289 4801 1863 4884">
     <span class='ocr_line' id='line_1_92' title="bbox 289 4801 1863 4884; baseline 0.011 -31"><span class='ocrx_word' id='word_1_738' title='bbox 289 4801 484 4856; x_wconf 87' lang='lat' dir='ltr'><strong>cifixus</strong></span> <span class='ocrx_word' id='word_1_739' title='bbox 512 4813 596 4857; x_wconf 91' lang='lat' dir='ltr'><strong>est</strong></span> <span class='ocrx_word' id='word_1_740' title='bbox 620 4815 674 4859; x_wconf 92' lang='lat' dir='ltr'><strong>ct</strong></span> <span class='ocrx_word' id='word_1_741' title='bbox 700 4808 1083 4876; x_wconf 90' lang='lat' dir='ltr'><strong>triumphatus.</strong></span> <span class='ocrx_word' id='word_1_742' title='bbox 1112 4810 1243 4867; x_wconf 82' lang='lat' dir='ltr'><strong>ideo</strong></span> <span class='ocrx_word' id='word_1_743' title='bbox 1272 4813 1506 4882; x_wconf 90' lang='lat' dir='ltr'><strong>denique</strong></span> <span class='ocrx_word' id='word_1_744' title='bbox 1550 4823 1606 4869; x_wconf 90' lang='lat' dir='ltr'><strong>et</strong></span> <span class='ocrx_word' id='word_1_745' title='bbox 1651 4824 1863 4884; x_wconf 88' lang='lat' dir='ltr'><strong>aposto-</strong></span> 
     </span>
    </p>
   </div>
   <div class='ocr_carea' id='block_1_93' title="bbox 292 4890 1863 4975">
    <p class='ocr_par' dir='ltr' id='par_1_93' title="bbox 292 4890 1863 4975">
     <span class='ocr_line' id='line_1_93' title="bbox 292 4890 1863 4975; baseline 0.01 -32"><span class='ocrx_word' id='word_1_746' title='bbox 292 4890 377 4945; x_wconf 86' lang='lat' dir='ltr'><strong>lus</strong></span> <span class='ocrx_word' id='word_1_747' title='bbox 405 4892 603 4949; x_wconf 88' lang='lat' dir='ltr'><strong>Paulus</strong></span> <span class='ocrx_word' id='word_1_748' title='bbox 642 4896 860 4953; x_wconf 87' lang='lat' dir='ltr'><strong>dicebat</strong></span> <span class='ocrx_word' id='word_1_749' title='bbox 882 4900 926 4930; x_wconf 83' lang='grc'><strong>⁶⁶</strong></span> <span class='ocrx_word' id='word_1_750' title='bbox 961 4918 974 4955; x_wconf 90' lang='lat'><strong>:</strong></span> <span class='ocrx_word' id='word_1_751' title='bbox 1011 4919 1031 4952; x_wconf 73' lang='grc' dir='ltr'>ι</span> <span class='ocrx_word' id='word_1_752' title='bbox 1068 4901 1197 4956; x_wconf 83' lang='lat' dir='ltr'><strong>Mihi</strong></span> <span class='ocrx_word' id='word_1_753' title='bbox 1229 4913 1406 4957; x_wconf 89' lang='lat' dir='ltr'><strong>autem</strong></span> <span class='ocrx_word' id='word_1_754' title='bbox 1443 4905 1588 4959; x_wconf 88' lang='lat' dir='ltr'><strong>absit</strong></span> <span class='ocrx_word' id='word_1_755' title='bbox 1616 4905 1863 4975; x_wconf 88' lang='lat' dir='ltr'><strong>gloriari,</strong></span> 
     </span>
    </p>
   </div>
   <div class='ocr_carea' id='block_1_94' title="bbox 290 4982 1861 5063">
    <p class='ocr_par' dir='ltr' id='par_1_94' title="bbox 290 4982 1861 5063">
     <span class='ocr_line' id='line_1_94' title="bbox 290 4982 1861 5063; baseline 0.008 -26"><span class='ocrx_word' id='word_1_756' title='bbox 290 4982 394 5037; x_wconf 82' lang='lat' dir='ltr'><strong>nisi</strong></span> <span class='ocrx_word' id='word_1_757' title='bbox 437 4982 490 5037; x_wconf 92' lang='lat' dir='ltr'><strong>in</strong></span> <span class='ocrx_word' id='word_1_758' title='bbox 523 4999 688 5038; x_wconf 90' lang='lat' dir='ltr'><strong>cruce</strong></span> <span class='ocrx_word' id='word_1_759' title='bbox 738 4986 949 5041; x_wconf 91' lang='lat' dir='ltr'><strong>Domini</strong></span> <span class='ocrx_word' id='word_1_760' title='bbox 1002 4991 1107 5045; x_wconf 85' lang='lat' dir='ltr'><strong>mei</strong></span> <span class='ocrx_word' id='word_1_761' title='bbox 1136 4991 1263 5047; x_wconf 76' lang='lat' dir='ltr'><strong>Jcsu</strong></span> <span class='ocrx_word' id='word_1_762' title='bbox 1305 4994 1531 5061; x_wconf 85' lang='lat' dir='ltr'><strong>Christi,</strong></span> <span class='ocrx_word' id='word_1_763' title='bbox 1564 5009 1660 5063; x_wconf 90' lang='lat' dir='ltr'><strong>per</strong></span> <span class='ocrx_word' id='word_1_764' title='bbox 1699 5009 1861 5063; x_wconf 88' lang='lat' dir='ltr'><strong>quem</strong></span> 
     </span>
    </p>
   </div>
   <div class='ocr_carea' id='block_1_95' title="bbox 288 5073 1868 5156">
    <p class='ocr_par' dir='ltr' id='par_1_95' title="bbox 288 5073 1868 5156">
     <span class='ocr_line' id='line_1_95' title="bbox 288 5073 1868 5156; baseline 0.009 -27"><span class='ocrx_word' id='word_1_765' title='bbox 288 5073 423 5129; x_wconf 82' lang='lat' dir='ltr'><strong>mihi</strong></span> <span class='ocrx_word' id='word_1_766' title='bbox 458 5076 693 5132; x_wconf 89' lang='lat' dir='ltr'><strong>mundus</strong></span> <span class='ocrx_word' id='word_1_767' title='bbox 724 5079 1023 5137; x_wconf 77' lang='lat' dir='ltr'><strong>crucifixus</strong></span> <span class='ocrx_word' id='word_1_768' title='bbox 1055 5092 1158 5147; x_wconf 89' lang='lat' dir='ltr'><strong>est,</strong></span> <span class='ocrx_word' id='word_1_769' title='bbox 1187 5093 1242 5138; x_wconf 90' lang='lat' dir='ltr'><strong>et</strong></span> <span class='ocrx_word' id='word_1_770' title='bbox 1277 5100 1378 5156; x_wconf 88' lang='lat' dir='ltr'><strong>ego</strong></span> <span class='ocrx_word' id='word_1_771' title='bbox 1408 5087 1628 5144; x_wconf 91' lang='lat' dir='ltr'><strong>mundo.</strong></span> <span class='ocrx_word' id='word_1_772' title='bbox 1657 5106 1675 5139; x_wconf 83' lang='grc'><strong><em>›</em></strong></span> <span class='ocrx_word' id='word_1_773' title='bbox 1709 5088 1868 5143; x_wconf 78' lang='lat' dir='ltr'><strong>Vides</strong></span> 
     </span>
    </p>
   </div>
   <div class='ocr_carea' id='block_1_96' title="bbox 360 5190 2035 5267">
    <p class='ocr_par' dir='ltr' id='par_1_96' title="bbox 360 5190 2035 5267">
     <span class='ocr_line' id='line_1_96' title="bbox 360 5190 2035 5267; baseline 0.007 -22"><span class='ocrx_word' id='word_1_774' title='bbox 360 5190 631 5267; x_wconf 31' lang='lat' dir='ltr'><strong>f‘Matth.</strong></span> <span class='ocrx_word' id='word_1_775' title='bbox 666 5209 754 5267; x_wconf 74' lang='lat' dir='ltr'><strong>xv,</strong></span> <span class='ocrx_word' id='word_1_776' title='bbox 780 5195 872 5251; x_wconf 65' lang='lat'><strong>24.</strong></span> <span class='ocrx_word' id='word_1_777' title='bbox 931 5198 976 5230; x_wconf 77' lang='grc'><strong>⁸³</strong></span> <span class='ocrx_word' id='word_1_778' title='bbox 1002 5197 1163 5254; x_wconf 83' lang='lat' dir='ltr'><strong>Rom.</strong></span> <span class='ocrx_word' id='word_1_779' title='bbox 1199 5202 1356 5266; x_wconf 84' lang='lat' dir='ltr'><strong>tt,|0.</strong></span> <span class='ocrx_word' id='word_1_780' title='bbox 1432 5202 1477 5235; x_wconf 73' lang='grc'><strong>⁸⁸</strong></span> <span class='ocrx_word' id='word_1_781' title='bbox 1502 5203 1708 5258; x_wconf 81' lang='lat' dir='ltr'><strong>Coloss.</strong></span> <span class='ocrx_word' id='word_1_782' title='bbox 1735 5219 1798 5267; x_wconf 86' lang='lat' dir='ltr'><strong>tt,</strong></span> <span class='ocrx_word' id='word_1_783' title='bbox 1835 5204 2035 5262; x_wconf 72' lang='lat'><strong>“.15.</strong></span> 
     </span>
    </p>
   </div>
   <div class='ocr_carea' id='block_1_97' title="bbox 289 5261 1267 5336">
    <p class='ocr_par' dir='ltr' id='par_1_97' title="bbox 289 5261 1267 5336">
     <span class='ocr_line' id='line_1_97' title="bbox 289 5261 1267 5336; baseline 0.011 -20"><span class='ocrx_word' id='word_1_784' title='bbox 289 5261 335 5293; x_wconf 82' lang='grc'><strong>⁸⁸</strong></span> <span class='ocrx_word' id='word_1_785' title='bbox 362 5262 566 5318; x_wconf 91' lang='lat' dir='ltr'><strong>Threu.</strong></span> <span class='ocrx_word' id='word_1_786' title='bbox 588 5279 661 5331; x_wconf 80' lang='lat' dir='ltr'><strong>tv,</strong></span> <span class='ocrx_word' id='word_1_787' title='bbox 692 5266 782 5321; x_wconf 87' lang='lat'><strong>20.</strong></span> <span class='ocrx_word' id='word_1_788' title='bbox 860 5267 903 5299; x_wconf 84' lang='grc'><strong>⁶⁹</strong></span> <span class='ocrx_word' id='word_1_789' title='bbox 938 5268 1068 5324; x_wconf 87' lang='lat' dir='ltr'><strong>Luc.</strong></span> <span class='ocrx_word' id='word_1_790' title='bbox 1108 5286 1148 5336; x_wconf 89' lang='lat' dir='ltr'><strong>t,</strong></span> <span class='ocrx_word' id='word_1_791' title='bbox 1177 5261 1267 5327; x_wconf 76' lang='lat'><strong>55.</strong></span> 
     </span>
    </p>
   </div>
   <div class='ocr_carea' id='block_1_98' title="bbox 361 5354 1866 5435">
    <p class='ocr_par' dir='ltr' id='par_1_98' title="bbox 361 5354 1866 5435">
     <span class='ocr_line' id='line_1_98' title="bbox 361 5354 1866 5435; baseline 0.007 -26"><span class='ocrx_word' id='word_1_792' title='bbox 504 5354 672 5435; x_wconf 63' lang='lat' dir='ltr'><strong>idem,</strong></span> <span class='ocrx_word' id='word_1_793' title='bbox 720 5376 739 5410; x_wconf 71' lang='grc' dir='ltr'>ί</span> <span class='ocrx_word' id='word_1_794' title='bbox 762 5358 981 5435; x_wconf 79' lang='lat' dir='ltr'><strong>Paulus.</strong></span> <span class='ocrx_word' id='word_1_795' title='bbox 1012 5380 1031 5414; x_wconf 81' lang='grc'>›</span> <span class='ocrx_word' id='word_1_796' title='bbox 1070 5361 1227 5419; x_wconf 87' lang='lat' dir='ltr'><strong>Libb.</strong></span> <span class='ocrx_word' id='word_1_797' title='bbox 1261 5365 1417 5432; x_wconf 82' lang='lat' dir='ltr'><strong>editi,</strong></span> <span class='ocrx_word' id='word_1_798' title='bbox 1458 5385 1476 5418; x_wconf 75' lang='grc' dir='ltr'>ι</span> <span class='ocrx_word' id='word_1_799' title='bbox 1499 5366 1812 5435; x_wconf 87' lang='lat' dir='ltr'><strong>Apostolus.</strong></span> <span class='ocrx_word' id='word_1_800' title='bbox 1845 5384 1866 5419; x_wconf 77' lang='grc' dir='ltr'><strong><em>ι</em></strong></span> 
     </span>
    </p>
   </div>
   <div class='ocr_carea' id='block_1_99' title="bbox 360 5426 1014 5498">
    <p class='ocr_par' dir='ltr' id='par_1_99' title="bbox 360 5426 1014 5498">
     <span class='ocr_line' id='line_1_99' title="bbox 360 5426 1014 5498; baseline 0.011 -20"><span class='ocrx_word' id='word_1_801' title='bbox 360 5426 472 5498; x_wconf 63' lang='lat'>(5!)</span> <span class='ocrx_word' id='word_1_802' title='bbox 503 5426 667 5498; x_wconf 73' lang='lat' dir='ltr'><strong>idem,</strong></span> <span class='ocrx_word' id='word_1_803' title='bbox 698 5446 715 5480; x_wconf 70' lang='grc' dir='ltr'><em>α</em></span> <span class='ocrx_word' id='word_1_804' title='bbox 741 5432 967 5498; x_wconf 90' lang='lat' dir='ltr'><strong>geritur.</strong></span> <span class='ocrx_word' id='word_1_805' title='bbox 994 5449 1014 5484; x_wconf 72' lang='grc' dir='ltr'><strong><em>ι</em></strong></span> 
     </span>
    </p>
   </div>
   <div class='ocr_carea' id='block_1_100' title="bbox 362 5496 1866 5573">
    <p class='ocr_par' dir='ltr' id='par_1_100' title="bbox 362 5496 1866 5573">
     <span class='ocr_line' id='line_1_100' title="bbox 362 5496 1866 5573; baseline 0.009 -23"><span class='ocrx_word' id='word_1_806' title='bbox 362 5496 475 5573; x_wconf 62' lang='grc' dir='ltr'>(ξὲ)</span> <span class='ocrx_word' id='word_1_807' title='bbox 501 5496 668 5573; x_wconf 64' lang='lat' dir='ltr'><strong>idem,</strong></span> <span class='ocrx_word' id='word_1_808' title='bbox 692 5518 709 5550; x_wconf 83' lang='lat' dir='ltr'><strong>t</strong></span> <span class='ocrx_word' id='word_1_809' title='bbox 726 5496 1037 5573; x_wconf 72' lang='lat' dir='ltr'><strong>suspensus.</strong></span> <span class='ocrx_word' id='word_1_810' title='bbox 1057 5521 1075 5556; x_wconf 72' lang='grc' dir='ltr'><strong>ι</strong></span> <span class='ocrx_word' id='word_1_811' title='bbox 1110 5501 1270 5559; x_wconf 92' lang='lat' dir='ltr'><strong>Libb.</strong></span> <span class='ocrx_word' id='word_1_812' title='bbox 1297 5506 1453 5573; x_wconf 90' lang='lat' dir='ltr'><strong>editi,</strong></span> <span class='ocrx_word' id='word_1_813' title='bbox 1478 5510 1866 5563; x_wconf 67' lang='lat' dir='ltr'><strong>«crucifixus.»</strong></span> 
     </span>
    </p>
   </div>
   <div class='ocr_carea' id='block_1_101' title="bbox 363 5566 1865 5645">
    <p class='ocr_par' dir='ltr' id='par_1_101' title="bbox 363 5566 1865 5645">
     <span class='ocr_line' id='line_1_101' title="bbox 363 5566 1865 5645; baseline 0.009 -27"><span class='ocrx_word' id='word_1_814' title='bbox 498 5566 652 5645; x_wconf 48' lang='lat' dir='ltr'><strong>Mss,</strong></span> <span class='ocrx_word' id='word_1_815' title='bbox 695 5589 713 5621; x_wconf 75' lang='grc' dir='ltr'>ι</span> <span class='ocrx_word' id='word_1_816' title='bbox 739 5570 805 5624; x_wconf 85' lang='lat' dir='ltr'><strong>de</strong></span> <span class='ocrx_word' id='word_1_817' title='bbox 823 5566 1063 5645; x_wconf 71' lang='lat' dir='ltr'><strong>diabolo.</strong></span> <span class='ocrx_word' id='word_1_818' title='bbox 1093 5593 1111 5627; x_wconf 73' lang='grc' dir='ltr'><strong><em>ι</em></strong></span> <span class='ocrx_word' id='word_1_819' title='bbox 1162 5574 1317 5629; x_wconf 85' lang='lat' dir='ltr'><strong>Libb.</strong></span> <span class='ocrx_word' id='word_1_820' title='bbox 1352 5566 1505 5645; x_wconf 74' lang='lat' dir='ltr'><strong>editi,</strong></span> <span class='ocrx_word' id='word_1_821' title='bbox 1541 5596 1558 5628; x_wconf 80' lang='lat' dir='ltr'><strong>t</strong></span> <span class='ocrx_word' id='word_1_822' title='bbox 1593 5580 1815 5632; x_wconf 80' lang='lat' dir='ltr'><strong>diaboli.</strong></span> <span class='ocrx_word' id='word_1_823' title='bbox 1846 5599 1865 5632; x_wconf 73' lang='grc' dir='ltr'>ι</span> 
     </span>
    </p>
   </div>
   <div class='ocr_carea' id='block_1_102' title="bbox 364 5573 1866 5716">
    <p class='ocr_par' dir='ltr' id='par_1_102' title="bbox 364 5573 1866 5716">
     <span class='ocr_line' id='line_1_102' title="bbox 364 5573 1865 5645; baseline 0.009 -26"><span class='ocrx_word' id='word_1_824' title='bbox 364 5573 452 5637; x_wconf 84' lang='grc'><strong>(55</strong></span> <span class='ocrx_word' id='word_1_825' title='bbox 498 5573 652 5631; x_wconf 60' lang='lat' dir='ltr'><strong>Mss...</strong></span> <span class='ocrx_word' id='word_1_826' title='bbox 695 5589 713 5621; x_wconf 75' lang='grc' dir='ltr'>ι</span> <span class='ocrx_word' id='word_1_827' title='bbox 739 5573 805 5624; x_wconf 89' lang='lat' dir='ltr'><strong>de</strong></span> <span class='ocrx_word' id='word_1_828' title='bbox 829 5573 1063 5628; x_wconf 83' lang='lat' dir='ltr'><strong>diabolo.</strong></span> <span class='ocrx_word' id='word_1_829' title='bbox 1093 5593 1111 5627; x_wconf 74' lang='grc' dir='ltr'><strong><em>ι</em></strong></span> <span class='ocrx_word' id='word_1_830' title='bbox 1162 5574 1317 5629; x_wconf 85' lang='lat' dir='ltr'><strong>Libb.</strong></span> <span class='ocrx_word' id='word_1_831' title='bbox 1352 5577 1505 5645; x_wconf 89' lang='lat' dir='ltr'><strong>editi,</strong></span> <span class='ocrx_word' id='word_1_832' title='bbox 1541 5596 1558 5628; x_wconf 79' lang='lat' dir='ltr'><strong>t</strong></span> <span class='ocrx_word' id='word_1_833' title='bbox 1593 5580 1815 5632; x_wconf 82' lang='lat' dir='ltr'><strong>diaboli.</strong></span> <span class='ocrx_word' id='word_1_834' title='bbox 1846 5599 1865 5632; x_wconf 73' lang='grc' dir='ltr'>ι</span> 
     </span>
     <span class='ocr_line' id='line_1_103' title="bbox 364 5573 1866 5716; baseline 0.011 -28"><span class='ocrx_word' id='word_1_835' title='bbox 364 5573 478 5716; x_wconf 66' lang='grc'>(54)</span> <span class='ocrx_word' id='word_1_836' title='bbox 507 5636 869 5716; x_wconf 72' lang='lat' dir='ltr'><strong>Sangerman.</strong></span> <span class='ocrx_word' id='word_1_837' title='bbox 895 5653 950 5699; x_wconf 86' lang='lat' dir='ltr'><strong>et</strong></span> <span class='ocrx_word' id='word_1_838' title='bbox 975 5642 1268 5710; x_wconf 79' lang='lat' dir='ltr'><strong>Gemetic.,</strong></span> <span class='ocrx_word' id='word_1_839' title='bbox 1303 5648 1680 5716; x_wconf 55' lang='lat' dir='ltr'><strong>«Apostolus.»</strong></span> <span class='ocrx_word' id='word_1_840' title='bbox 1708 5649 1866 5705; x_wconf 82' lang='lat' dir='ltr'><strong>Libb.</strong></span> 
     </span>
    </p>
   </div>
   <div class='ocr_carea' id='block_1_103' title="bbox 293 5706 776 5770">
    <p class='ocr_par' dir='ltr' id='par_1_103' title="bbox 293 5706 776 5770">
     <span class='ocr_line' id='line_1_104' title="bbox 293 5706 776 5770; baseline 0.012 -11"><span class='ocrx_word' id='word_1_841' title='bbox 293 5706 493 5770; x_wconf 58' lang='lat' dir='ltr'><strong>editi,‘</strong></span> <span class='ocrx_word' id='word_1_842' title='bbox 516 5706 732 5765; x_wconf 81' lang='lat' dir='ltr'><strong>Paulus.</strong></span> <span class='ocrx_word' id='word_1_843' title='bbox 756 5730 776 5764; x_wconf 73' lang='grc' dir='ltr'><strong><em>ι</em></strong></span> 
     </span>
    </p>
   </div>
   <div class='ocr_carea' id='block_1_104' title="bbox 364 5775 1870 5859">
    <p class='ocr_par' dir='ltr' id='par_1_104' title="bbox 364 5775 1870 5859">
     <span class='ocr_line' id='line_1_105' title="bbox 364 5775 1870 5859; baseline 0.01 -30"><span class='ocrx_word' id='word_1_844' title='bbox 364 5775 477 5847; x_wconf 84' lang='grc'>(55)</span> <span class='ocrx_word' id='word_1_845' title='bbox 518 5777 675 5859; x_wconf 45' lang='lat' dir='ltr'><strong>bibl).</strong></span> <span class='ocrx_word' id='word_1_846' title='bbox 732 5783 884 5846; x_wconf 88' lang='lat' dir='ltr'><strong>editi.</strong></span> <span class='ocrx_word' id='word_1_847' title='bbox 921 5802 957 5859; x_wconf 75' lang='lat' dir='ltr'><strong>_t</strong></span> <span class='ocrx_word' id='word_1_848' title='bbox 985 5786 1457 5856; x_wconf 87' lang='lat' dir='ltr'><strong>concupiscentias</strong></span> <span class='ocrx_word' id='word_1_849' title='bbox 1508 5805 1612 5843; x_wconf 91' lang='lat' dir='ltr'><strong>non</strong></span> <span class='ocrx_word' id='word_1_850' title='bbox 1664 5789 1870 5859; x_wconf 88' lang='lat' dir='ltr'><strong>recepi-</strong></span> 
     </span>
    </p>
   </div>
   <div class='ocr_carea' id='block_1_105' title="bbox 297 5849 1869 5926">
    <p class='ocr_par' dir='ltr' id='par_1_105' title="bbox 297 5849 1869 5926">
     <span class='ocr_line' id='line_1_106' title="bbox 297 5849 1869 5926; baseline 0.009 -26"><span class='ocrx_word' id='word_1_851' title='bbox 297 5861 436 5902; x_wconf 88' lang='lat' dir='ltr'><strong>mus.</strong></span> <span class='ocrx_word' id='word_1_852' title='bbox 463 5866 482 5901; x_wconf 74' lang='lat' dir='ltr'><strong>i</strong></span> <span class='ocrx_word' id='word_1_853' title='bbox 523 5849 701 5906; x_wconf 79' lang='lat' dir='ltr'><strong>Codex</strong></span> <span class='ocrx_word' id='word_1_854' title='bbox 747 5868 875 5911; x_wconf 86' lang='lat' dir='ltr'><strong>vero</strong></span> <span class='ocrx_word' id='word_1_855' title='bbox 916 5849 1410 5926; x_wconf 79' lang='lat' dir='ltr'><strong>Saugertnancnsis</strong></span> <span class='ocrx_word' id='word_1_856' title='bbox 1457 5870 1516 5915; x_wconf 90' lang='lat' dir='ltr'><strong>ut</strong></span> <span class='ocrx_word' id='word_1_857' title='bbox 1573 5860 1627 5914; x_wconf 87' lang='lat' dir='ltr'><strong>in</strong></span> <span class='ocrx_word' id='word_1_858' title='bbox 1682 5849 1869 5916; x_wconf 70' lang='lat' dir='ltr'><strong>uestro</strong></span> 
     </span>
    </p>
   </div>
   <div class='ocr_carea' id='block_1_106' title="bbox 1978 4630 3560 4698">
    <p class='ocr_par' dir='ltr' id='par_1_106' title="bbox 1978 4630 3560 4698">
     <span class='ocr_line' id='line_1_107' title="bbox 1978 4630 3560 4698; baseline 0.003 -14"><span class='ocrx_word' id='word_1_859' title='bbox 1978 4631 2074 4684; x_wconf 83' lang='lat' dir='ltr'><strong>sed</strong></span> <span class='ocrx_word' id='word_1_860' title='bbox 2103 4630 2167 4685; x_wconf 91' lang='lat' dir='ltr'><strong>iis</strong></span> <span class='ocrx_word' id='word_1_861' title='bbox 2191 4630 2281 4698; x_wconf 92' lang='lat' dir='ltr'><strong>qui</strong></span> <span class='ocrx_word' id='word_1_862' title='bbox 2316 4645 2439 4683; x_wconf 89' lang='lat' dir='ltr'><strong>eum</strong></span> <span class='ocrx_word' id='word_1_863' title='bbox 2475 4630 2695 4684; x_wconf 88' lang='lat' dir='ltr'><strong>Christo</strong></span> <span class='ocrx_word' id='word_1_864' title='bbox 2722 4631 2969 4685; x_wconf 77' lang='lat' dir='ltr'><strong>crucifixi</strong></span> <span class='ocrx_word' id='word_1_865' title='bbox 3003 4642 3150 4697; x_wconf 90' lang='lat' dir='ltr'><strong>sunt,</strong></span> <span class='ocrx_word' id='word_1_866' title='bbox 3178 4635 3434 4689; x_wconf 87' lang='lat' dir='ltr'><strong>omnibus</strong></span> <span class='ocrx_word' id='word_1_867' title='bbox 3464 4651 3560 4689; x_wconf 86' lang='lat' dir='ltr'><strong>au-</strong></span> 
     </span>
    </p>
   </div>
   <div class='ocr_carea' id='block_1_107' title="bbox 1977 4720 3561 4792">
    <p class='ocr_par' dir='ltr' id='par_1_107' title="bbox 1977 4720 3561 4792">
     <span class='ocr_line' id='line_1_108' title="bbox 1977 4720 3561 4792; baseline 0.006 -21"><span class='ocrx_word' id='word_1_868' title='bbox 1977 4724 2082 4772; x_wconf 89' lang='lat' dir='ltr'><strong>tem</strong></span> <span class='ocrx_word' id='word_1_869' title='bbox 2120 4720 2495 4784; x_wconf 86' lang='lat' dir='ltr'><strong>credentibus,</strong></span> <span class='ocrx_word' id='word_1_870' title='bbox 2539 4730 2594 4773; x_wconf 91' lang='lat' dir='ltr'><strong>et</strong></span> <span class='ocrx_word' id='word_1_871' title='bbox 2649 4720 2923 4774; x_wconf 88' lang='lat' dir='ltr'><strong>universis</strong></span> <span class='ocrx_word' id='word_1_872' title='bbox 2958 4724 3163 4790; x_wconf 87' lang='lat' dir='ltr'><strong>pariter</strong></span> <span class='ocrx_word' id='word_1_873' title='bbox 3192 4724 3405 4792; x_wconf 92' lang='lat' dir='ltr'><strong>populis</strong></span> <span class='ocrx_word' id='word_1_874' title='bbox 3433 4736 3561 4781; x_wconf 89' lang='lat' dir='ltr'><strong>tunc</strong></span> 
     </span>
    </p>
   </div>
   <div class='ocr_carea' id='block_1_108' title="bbox 1977 4808 3560 4884">
    <p class='ocr_par' dir='ltr' id='par_1_108' title="bbox 1977 4808 3560 4884">
     <span class='ocr_line' id='line_1_109' title="bbox 1977 4808 3560 4884; baseline 0.006 -22"><span class='ocrx_word' id='word_1_875' title='bbox 1977 4808 2085 4862; x_wconf 90' lang='lat' dir='ltr'><strong>erit</strong></span> <span class='ocrx_word' id='word_1_876' title='bbox 2118 4810 2438 4875; x_wconf 77' lang='lat' dir='ltr'><strong>crucifixus,</strong></span> <span class='ocrx_word' id='word_1_877' title='bbox 2484 4826 2609 4865; x_wconf 91' lang='lat' dir='ltr'><strong>cum</strong></span> <span class='ocrx_word' id='word_1_878' title='bbox 2665 4812 3031 4881; x_wconf 88' lang='lat' dir='ltr'><strong>complebilur</strong></span> <span class='ocrx_word' id='word_1_879' title='bbox 3071 4814 3201 4869; x_wconf 89' lang='lat' dir='ltr'><strong>illud</strong></span> <span class='ocrx_word' id='word_1_880' title='bbox 3245 4818 3389 4884; x_wconf 86' lang='lat' dir='ltr'><strong>quod</strong></span> <span class='ocrx_word' id='word_1_881' title='bbox 3429 4820 3560 4872; x_wconf 89' lang='lat' dir='ltr'><strong>dicit</strong></span> 
     </span>
    </p>
   </div>
   <div class='ocr_carea' id='block_1_109' title="bbox 1977 4899 3559 4969">
    <p class='ocr_par' dir='ltr' id='par_1_109' title="bbox 1977 4899 3559 4969">
     <span class='ocr_line' id='line_1_110' title="bbox 1977 4899 3559 4969; baseline 0.004 -16"><span class='ocrx_word' id='word_1_882' title='bbox 1977 4899 2353 4969; x_wconf 80' lang='lat' dir='ltr'><strong>Apostolus“,</strong></span> <span class='ocrx_word' id='word_1_883' title='bbox 2394 4904 2524 4969; x_wconf 88' lang='lat' dir='ltr'><strong>quia</strong></span> <span class='ocrx_word' id='word_1_884' title='bbox 2562 4920 2579 4953; x_wconf 73' lang='grc' dir='ltr'>ι</span> <span class='ocrx_word' id='word_1_885' title='bbox 2605 4904 2746 4957; x_wconf 89' lang='lat' dir='ltr'><strong>sicut</strong></span> <span class='ocrx_word' id='word_1_886' title='bbox 2781 4905 2833 4957; x_wconf 90' lang='lat' dir='ltr'><strong>in</strong></span> <span class='ocrx_word' id='word_1_887' title='bbox 2873 4904 3043 4957; x_wconf 85' lang='lat' dir='ltr'><strong>Adam</strong></span> <span class='ocrx_word' id='word_1_888' title='bbox 3082 4921 3275 4959; x_wconf 90' lang='lat' dir='ltr'><strong>omnes</strong></span> <span class='ocrx_word' id='word_1_889' title='bbox 3315 4908 3559 4960; x_wconf 86' lang='lat' dir='ltr'><strong>moriun-</strong></span> 
     </span>
    </p>
   </div>
   <div class='ocr_carea' id='block_1_110' title="bbox 1981 4994 3563 5058">
    <p class='ocr_par' dir='ltr' id='par_1_110' title="bbox 1981 4994 3563 5058">
     <span class='ocr_line' id='line_1_111' title="bbox 1981 4994 3563 5058; baseline 0.006 -13"><span class='ocrx_word' id='word_1_890' title='bbox 1981 5003 2091 5058; x_wconf 88' lang='lat' dir='ltr'><strong>tur,</strong></span> <span class='ocrx_word' id='word_1_891' title='bbox 2127 4994 2198 5047; x_wconf 85' lang='lat' dir='ltr'><strong>ita</strong></span> <span class='ocrx_word' id='word_1_892' title='bbox 2240 5005 2292 5047; x_wconf 90' lang='lat' dir='ltr'><strong>et</strong></span> <span class='ocrx_word' id='word_1_893' title='bbox 2338 4995 2387 5047; x_wconf 92' lang='lat' dir='ltr'><strong>iu</strong></span> <span class='ocrx_word' id='word_1_894' title='bbox 2429 4994 2650 5049; x_wconf 87' lang='lat' dir='ltr'><strong>Christo</strong></span> <span class='ocrx_word' id='word_1_895' title='bbox 2698 5011 2889 5051; x_wconf 88' lang='lat' dir='ltr'><strong>omnes</strong></span> <span class='ocrx_word' id='word_1_896' title='bbox 2950 4998 3433 5051; x_wconf 63' lang='lat' dir='ltr'><strong>vivificabuntur.»</strong></span> <span class='ocrx_word' id='word_1_897' title='bbox 3471 5001 3563 5054; x_wconf 78' lang='lat' dir='ltr'><strong>Est</strong></span> 
     </span>
    </p>
   </div>
   <div class='ocr_carea' id='block_1_111' title="bbox 1977 5087 3561 5164">
    <p class='ocr_par' dir='ltr' id='par_1_111' title="bbox 1977 5087 3561 5164">
     <span class='ocr_line' id='line_1_112' title="bbox 1977 5087 3561 5164; baseline 0.001 -23"><span class='ocrx_word' id='word_1_898' title='bbox 1977 5102 2108 5158; x_wconf 91' lang='lat' dir='ltr'><strong>ergo</strong></span> <span class='ocrx_word' id='word_1_899' title='bbox 2133 5087 2244 5158; x_wconf 88' lang='grc'>(58)</span> <span class='ocrx_word' id='word_1_900' title='bbox 2274 5088 2326 5141; x_wconf 92' lang='lat' dir='ltr'><strong>in</strong></span> <span class='ocrx_word' id='word_1_901' title='bbox 2356 5089 2461 5143; x_wconf 92' lang='lat' dir='ltr'><strong>hoc</strong></span> <span class='ocrx_word' id='word_1_902' title='bbox 2485 5089 2647 5142; x_wconf 91' lang='lat' dir='ltr'><strong>etiam</strong></span> <span class='ocrx_word' id='word_1_903' title='bbox 2681 5089 3108 5145; x_wconf 79' lang='lat' dir='ltr'><strong>resurreCtiouis</strong></span> <span class='ocrx_word' id='word_1_904' title='bbox 3136 5091 3330 5144; x_wconf 70' lang='lat' dir='ltr'><strong>futura:</strong></span> <span class='ocrx_word' id='word_1_905' title='bbox 3358 5107 3561 5164; x_wconf 78' lang='lat' dir='ltr'><strong>myste-</strong></span> 
     </span>
    </p>
   </div>
   <div class='ocr_carea' id='block_1_112' title="bbox 2115 5205 3555 5276">
    <p class='ocr_par' dir='ltr' id='par_1_112' title="bbox 2115 5205 3555 5276">
     <span class='ocr_line' id='line_1_113' title="bbox 2115 5205 3555 5276; baseline 0.003 -20"><span class='ocrx_word' id='word_1_906' title='bbox 2115 5206 2161 5237; x_wconf 78' lang='lat'><strong>&quot;</strong></span> <span class='ocrx_word' id='word_1_907' title='bbox 2189 5205 2207 5257; x_wconf 97' lang='lat' dir='ltr'><strong>l</strong></span> <span class='ocrx_word' id='word_1_908' title='bbox 2245 5207 2384 5261; x_wconf 81' lang='lat' dir='ltr'><strong>Petr.</strong></span> <span class='ocrx_word' id='word_1_909' title='bbox 2416 5220 2476 5272; x_wconf 87' lang='lat' dir='ltr'><strong>ll,</strong></span> <span class='ocrx_word' id='word_1_910' title='bbox 2500 5206 2589 5261; x_wconf 81' lang='lat'><strong>22.</strong></span> <span class='ocrx_word' id='word_1_911' title='bbox 2669 5208 2715 5239; x_wconf 75' lang='lat'><strong>°°</strong></span> <span class='ocrx_word' id='word_1_912' title='bbox 2736 5206 2941 5275; x_wconf 74' lang='lat' dir='ltr'><strong>Gal.vt,</strong></span> <span class='ocrx_word' id='word_1_913' title='bbox 2971 5209 3058 5265; x_wconf 72' lang='lat' dir='ltr'><strong>l4.</strong></span> <span class='ocrx_word' id='word_1_914' title='bbox 3136 5209 3178 5240; x_wconf 85' lang='grc'>⁶⁷</span> <span class='ocrx_word' id='word_1_915' title='bbox 3204 5208 3387 5267; x_wconf 86' lang='lat' dir='ltr'><strong>lPetr.</strong></span> <span class='ocrx_word' id='word_1_916' title='bbox 3427 5225 3478 5276; x_wconf 89' lang='lat' dir='ltr'><strong>v,</strong></span> <span class='ocrx_word' id='word_1_917' title='bbox 3503 5212 3555 5265; x_wconf 91' lang='lat'><strong>8.</strong></span> 
     </span>
    </p>
   </div>
   <div class='ocr_carea' id='block_1_113' title="bbox 1345 5273 2326 5342">
    <p class='ocr_par' dir='ltr' id='par_1_113' title="bbox 1345 5273 2326 5342">
     <span class='ocr_line' id='line_1_114' title="bbox 1345 5273 2326 5342; baseline 0.005 -16"><span class='ocrx_word' id='word_1_918' title='bbox 1345 5273 1391 5304; x_wconf 77' lang='grc' dir='ltr'><strong>⁷ο</strong></span> <span class='ocrx_word' id='word_1_919' title='bbox 1420 5274 1619 5342; x_wconf 87' lang='lat' dir='ltr'><strong>Ephcs.</strong></span> <span class='ocrx_word' id='word_1_920' title='bbox 1652 5291 1711 5340; x_wconf 86' lang='grc' dir='ltr'><strong>ιι,</strong></span> <span class='ocrx_word' id='word_1_921' title='bbox 1742 5274 1799 5330; x_wconf 88' lang='grc'><strong>6.</strong></span> <span class='ocrx_word' id='word_1_922' title='bbox 1842 5275 1885 5306; x_wconf 74' lang='grc' dir='ltr'><strong>τ’</strong></span> <span class='ocrx_word' id='word_1_923' title='bbox 1914 5273 2083 5333; x_wconf 83' lang='lat' dir='ltr'><strong>lCor.</strong></span> <span class='ocrx_word' id='word_1_924' title='bbox 2116 5292 2205 5342; x_wconf 91' lang='lat' dir='ltr'><strong>xv,</strong></span> <span class='ocrx_word' id='word_1_925' title='bbox 2234 5276 2326 5331; x_wconf 91' lang='lat'><strong>22.</strong></span> 
     </span>
    </p>
   </div>
   <div class='ocr_carea' id='block_1_114' title="bbox 1981 5377 2153 5423">
    <p class='ocr_par' dir='ltr' id='par_1_114' title="bbox 1981 5377 2153 5423">
     <span class='ocr_line' id='line_1_115' title="bbox 1981 5377 2153 5423; baseline 0.006 -3"><span class='ocrx_word' id='word_1_926' title='bbox 1981 5377 2153 5423; x_wconf 85' lang='lat' dir='ltr'><strong>textu.</strong></span> 
     </span>
    </p>
   </div>
   <div class='ocr_carea' id='block_1_115' title="bbox 2049 5438 3556 5511">
    <p class='ocr_par' dir='ltr' id='par_1_115' title="bbox 2049 5438 3556 5511">
     <span class='ocr_line' id='line_1_116' title="bbox 2049 5438 3556 5511; baseline 0.001 -20"><span class='ocrx_word' id='word_1_927' title='bbox 2049 5438 2162 5509; x_wconf 78' lang='lat'>(36)</span> <span class='ocrx_word' id='word_1_928' title='bbox 2216 5439 2386 5496; x_wconf 87' lang='lat' dir='ltr'><strong>Codd.</strong></span> <span class='ocrx_word' id='word_1_929' title='bbox 2453 5439 2744 5511; x_wconf 86' lang='lat' dir='ltr'><strong>Sangerm.</strong></span> <span class='ocrx_word' id='word_1_930' title='bbox 2804 5440 3201 5497; x_wconf 84' lang='lat' dir='ltr'><strong>Gemeticensis</strong></span> <span class='ocrx_word' id='word_1_931' title='bbox 3258 5454 3379 5492; x_wconf 90' lang='lat' dir='ltr'><strong>cum</strong></span> <span class='ocrx_word' id='word_1_932' title='bbox 3440 5456 3556 5511; x_wconf 84' lang='lat' dir='ltr'><strong>uno</strong></span> 
     </span>
    </p>
   </div>
   <div class='ocr_carea' id='block_1_116' title="bbox 1977 5506 3550 5572">
    <p class='ocr_par' dir='ltr' id='par_1_116' title="bbox 1977 5506 3550 5572">
     <span class='ocr_line' id='line_1_117' title="bbox 1977 5506 3550 5572; baseline 0.001 -11"><span class='ocrx_word' id='word_1_933' title='bbox 1977 5506 2313 5571; x_wconf 81' lang='lat' dir='ltr'><strong>Ebroicensi.</strong></span> <span class='ocrx_word' id='word_1_934' title='bbox 2365 5529 2384 5562; x_wconf 72' lang='grc' dir='ltr'>ί</span> <span class='ocrx_word' id='word_1_935' title='bbox 2408 5506 2607 5565; x_wconf 59' lang='lat' dir='ltr'><strong>Mariti.</strong></span> <span class='ocrx_word' id='word_1_936' title='bbox 2642 5531 2659 5563; x_wconf 73' lang='grc' dir='ltr'><strong><em>ι</em></strong></span> <span class='ocrx_word' id='word_1_937' title='bbox 2696 5512 2847 5567; x_wconf 87' lang='lat' dir='ltr'><strong>Alter</strong></span> <span class='ocrx_word' id='word_1_938' title='bbox 2884 5511 3253 5572; x_wconf 87' lang='lat' dir='ltr'><strong>Ehroicensis,</strong></span> <span class='ocrx_word' id='word_1_939' title='bbox 3283 5529 3305 5559; x_wconf 87' lang='grc'><em>‹</em></span> <span class='ocrx_word' id='word_1_940' title='bbox 3329 5511 3394 5561; x_wconf 84' lang='lat' dir='ltr'><strong>ad</strong></span> <span class='ocrx_word' id='word_1_941' title='bbox 3437 5510 3550 5565; x_wconf 74' lang='lat' dir='ltr'><strong>Ma-</strong></span> 
     </span>
    </p>
   </div>
   <div class='ocr_carea' id='block_1_117' title="bbox 1977 5580 2943 5647">
    <p class='ocr_par' dir='ltr' id='par_1_117' title="bbox 1977 5580 2943 5647">
     <span class='ocr_line' id='line_1_118' title="bbox 1977 5580 2943 5647; baseline 0.002 -16"><span class='ocrx_word' id='word_1_942' title='bbox 1977 5580 2135 5634; x_wconf 86' lang='lat' dir='ltr'><strong>riam.</strong></span> <span class='ocrx_word' id='word_1_943' title='bbox 2167 5600 2184 5632; x_wconf 76' lang='grc' dir='ltr'><strong>ι</strong></span> <span class='ocrx_word' id='word_1_944' title='bbox 2216 5580 2372 5636; x_wconf 86' lang='lat' dir='ltr'><strong>Libb.</strong></span> <span class='ocrx_word' id='word_1_945' title='bbox 2408 5582 2562 5647; x_wconf 90' lang='lat' dir='ltr'><strong>editi,</strong></span> <span class='ocrx_word' id='word_1_946' title='bbox 2600 5601 2618 5633; x_wconf 73' lang='grc' dir='ltr'>ι</span> <span class='ocrx_word' id='word_1_947' title='bbox 2641 5582 2889 5636; x_wconf 83' lang='lat' dir='ltr'><strong>Mariam.</strong></span> <span class='ocrx_word' id='word_1_948' title='bbox 2924 5600 2943 5633; x_wconf 70' lang='grc' dir='ltr'>ι</span> 
     </span>
    </p>
   </div>
   <div class='ocr_carea' id='block_1_118' title="bbox 2048 5649 3553 5722">
    <p class='ocr_par' dir='ltr' id='par_1_118' title="bbox 2048 5649 3553 5722">
     <span class='ocr_line' id='line_1_119' title="bbox 2048 5649 3553 5722; baseline -0.001 -21"><span class='ocrx_word' id='word_1_949' title='bbox 2048 5649 2157 5722; x_wconf 78' lang='grc'>(37)</span> <span class='ocrx_word' id='word_1_950' title='bbox 2187 5653 2471 5722; x_wconf 77' lang='lat' dir='ltr'><strong>Sa-ngerm.</strong></span> <span class='ocrx_word' id='word_1_951' title='bbox 2499 5662 2553 5705; x_wconf 89' lang='lat' dir='ltr'><strong>et</strong></span> <span class='ocrx_word' id='word_1_952' title='bbox 2581 5653 2684 5706; x_wconf 88' lang='lat' dir='ltr'><strong>duo</strong></span> <span class='ocrx_word' id='word_1_953' title='bbox 2744 5652 2990 5714; x_wconf 87' lang='lat' dir='ltr'><strong>Ebroic.,</strong></span> <span class='ocrx_word' id='word_1_954' title='bbox 3036 5668 3055 5701; x_wconf 76' lang='grc' dir='ltr'>ί</span> <span class='ocrx_word' id='word_1_955' title='bbox 3085 5660 3553 5704; x_wconf 66' lang='grc' dir='ltr'><strong>εοιιδυιιιηιριιιιθ.»</strong></span> 
     </span>
    </p>
   </div>
   <div class='ocr_carea' id='block_1_119' title="bbox 1983 5719 2957 5783">
    <p class='ocr_par' dir='ltr' id='par_1_119' title="bbox 1983 5719 2957 5783">
     <span class='ocr_line' id='line_1_120' title="bbox 1983 5719 2957 5783; baseline -0.001 -12"><span class='ocrx_word' id='word_1_956' title='bbox 1983 5719 2146 5773; x_wconf 64' lang='lat' dir='ltr'><strong>Libb.</strong></span> <span class='ocrx_word' id='word_1_957' title='bbox 2174 5719 2331 5783; x_wconf 57' lang='lat' dir='ltr'><strong>editi]</strong></span> <span class='ocrx_word' id='word_1_958' title='bbox 2372 5738 2389 5770; x_wconf 84' lang='lat' dir='ltr'><strong>t</strong></span> <span class='ocrx_word' id='word_1_959' title='bbox 2417 5722 2910 5775; x_wconf 83' lang='lat' dir='ltr'><strong>consntntnabitur.</strong></span> <span class='ocrx_word' id='word_1_960' title='bbox 2940 5740 2957 5771; x_wconf 76' lang='grc' dir='ltr'><strong><em>ι</em></strong></span> 
     </span>
    </p>
   </div>
   <div class='ocr_carea' id='block_1_120' title="bbox 2050 5788 3555 5861">
    <p class='ocr_par' dir='ltr' id='par_1_120' title="bbox 2050 5788 3555 5861">
     <span class='ocr_line' id='line_1_121' title="bbox 2050 5788 3555 5861; baseline 0.001 -17"><span class='ocrx_word' id='word_1_961' title='bbox 2050 5792 2165 5859; x_wconf 71' lang='grc'>(58)</span> <span class='ocrx_word' id='word_1_962' title='bbox 2194 5792 2357 5861; x_wconf 80' lang='lat' dir='ltr'><strong>Ergo.</strong></span> <span class='ocrx_word' id='word_1_963' title='bbox 2396 5792 2554 5847; x_wconf 76' lang='lat' dir='ltr'><strong>Deest</strong></span> <span class='ocrx_word' id='word_1_964' title='bbox 2610 5792 2661 5845; x_wconf 83' lang='lat' dir='ltr'><strong>in</strong></span> <span class='ocrx_word' id='word_1_965' title='bbox 2716 5791 2845 5845; x_wconf 88' lang='lat' dir='ltr'><strong>libb.</strong></span> <span class='ocrx_word' id='word_1_966' title='bbox 2876 5788 3061 5854; x_wconf 84' lang='lat' dir='ltr'><strong>editis,</strong></span> <span class='ocrx_word' id='word_1_967' title='bbox 3101 5790 3194 5843; x_wconf 82' lang='lat' dir='ltr'><strong>sed</strong></span> <span class='ocrx_word' id='word_1_968' title='bbox 3238 5789 3469 5845; x_wconf 86' lang='lat' dir='ltr'><strong>habetur</strong></span> <span class='ocrx_word' id='word_1_969' title='bbox 3502 5790 3555 5845; x_wconf 88' lang='lat' dir='ltr'><strong>in</strong></span> 
     </span>
    </p>
   </div>
   <div class='ocr_carea' id='block_1_121' title="bbox 1980 5860 2265 5929">
    <p class='ocr_par' dir='ltr' id='par_1_121' title="bbox 1980 5860 2265 5929">
     <span class='ocr_line' id='line_1_122' title="bbox 1980 5860 2265 5929; baseline 0 -13"><span class='ocrx_word' id='word_1_970' title='bbox 1980 5860 2265 5929; x_wconf 76' lang='lat' dir='ltr'><strong>Sangerm.</strong></span> 
     </span>
    </p>
   </div>
  </div>
