4146 6406
578 395 679 451 357
2052 380 2207 439 ORIG
2221 380 2302 436 ΕΝ
2310 383 2326 436 l
2338 382 2375 435 S
3736 386 3840 441 868

580 509 744 562 rium.
773 506 905 559 Nam
935 513 990 560 et
1022 514 1150 560 tunc
1175 504 1448 559 dividetur
1472 502 1702 573 populus
1730 502 1782 556 in
1803 501 1936 556 duas
1960 511 2161 570 partes,
2196 508 2240 561 Α
2270 500 2437 568 fugite
2483 498 2739 553 invidiam
2787 508 2844 554 et
2888 500 3136 565 livorem,
3182 498 3350 569 fugite
3392 500 3753 556 detractiones
3786 508 3843 552 ιιι

584 606 737 651 erunt
793 605 848 650 et
880 606 1007 651 tunc
1037 596 1258 665 quidam
1303 595 1490 665 primi,
1519 603 1575 648 et
1606 594 1696 647 alii
1734 593 2020 664 postremi,
2059 592 2151 659 qui

578 703 700 742 cum
726 687 840 759 (59)
874 688 945 741 ad
983 685 1167 742 Jesum
1207 688 1261 742 in
1313 702 1482 740 unum
1533 687 1993 754 conspiraverint,
2036 684 2153 753 jam

580 791 709 834 tunc
738 780 877 834 ultra
913 779 1135 835 omnino
1166 795 1271 835 non
1311 780 1415 834 erit
1448 778 1717 845 diabolus,
1749 780 1874 848 quia
1905 777 2015 846 jam
2046 792 2153 831 non

575 872 685 927 erit
720 886 889 925 mors.
924 871 1017 926 Vis
1066 871 1160 925 tibi
1216 873 1380 926 etiam
1433 873 1550 927 hzee
1586 872 1785 927 divinis
1817 870 2153 926 testimoniis

578 961 1034 1032 comprobemus?
1067 963 1204 1017 Audi
1239 964 1555 1032 Apostolum
1584 964 1851 1018 dicentem
1869 963 1917 994 '"
1945 979 1959 1015 :
1992 980 2011 1013 ι
2043 961 2156 1017 Hoc

577 1054 726 1109 enim
773 1055 930 1109 vobis
984 1054 1223 1111 dicimus
1281 1055 1336 1108 in
1387 1058 1552 1111 verbo
1604 1056 1843 1121 Domini,
1872 1056 1998 1125 quia
2055 1069 2154 1110 nos

579 1147 670 1215 qui
724 1148 980 1213 vivimus,
1023 1148 1114 1218 qui
1164 1148 1353 1219 reliqui
1406 1164 1617 1217 sumus,
1680 1150 1733 1204 in
1777 1151 2011 1205 adventu
2060 1150 2158 1203 Do-

581 1240 715 1293 mini
760 1254 865 1295 non
912 1240 1307 1308 praaveniemus
1362 1256 1457 1296 eos
1504 1242 1594 1311 qui
1640 1242 1999 1308 dormierunt,
2030 1242 2154 1310 quia

577 1331 697 1401 ipse
733 1330 994 1386 Dominus
1036 1331 1090 1385 in
1118 1330 1272 1398 jussu
1310 1341 1365 1387 et
1395 1333 1449 1388 in
1492 1343 1622 1389 voce
1657 1332 1971 1404 archangeli
2007 1342 2061 1387 et
2102 1332 2155 1386 in

582 1423 708 1477 tuba
737 1422 831 1477 Dei
865 1425 1159 1481 descendet
1186 1425 1255 1479 de
1279 1426 1438 1492 emlo,
1468 1435 1522 1481 et
1553 1427 1751 1481 mortui
1782 1426 1873 1495 qui
1912 1427 1964 1479 in
1997 1424 2157 1480 Chri-

582 1521 668 1566 sto
707 1522 857 1578 sunt,
891 1524 1177 1585 resurgent
1205 1517 1385 1585 primi.
1422 1517 1623 1572 Deinde
1654 1532 1751 1571 nos
1773 1517 1867 1587 qui
1902 1516 2154 1579 vivimus,

581 1604 675 1672 qui
709 1604 901 1674 reliqui
945 1622 1154 1669 sumus.
1191 1608 1355 1661 simul
1386 1610 1659 1678 rapiemur
1686 1624 1811 1663 cum
1840 1609 1945 1665 illis
1980 1609 2033 1663 itt
2067 1624 2159 1662 nu-

576 1693 737 1748 bibus
758 1695 971 1749 obviam
997 1696 1213 1751 Christo
1240 1696 1290 1750 in
1316 1712 1464 1764 aera,
1490 1707 1546 1753 et
1569 1699 1648 1754 sic
1668 1713 1883 1768 semper
1908 1714 2032 1753 cum
2055 1698 2159 1752 Do-

578 1786 1001 1841 minoerimus.»
1028 1789 1101 1844 De
1122 1788 1340 1844 diabolo
1367 1800 1547 1846 autem
1567 1793 1777 1856 dicens,
1804 1791 1945 1846 ait"
1972 1808 1986 1845 :
2015 1790 2156 1845 «Νο-

574 1878 830 1934 vissimus
859 1881 1110 1937 inimicus
1135 1883 1447 1939 destruetur
1478 1898 1645 1951 mors,
1671 1903 1690 1936 ι
1717 1884 1845 1954 quia
1880 1899 2006 1940 vere
2034 1895 2160 1939 tunc
2192 1862 2231 1915 Β

577 1974 827 2028 vincetur
850 1989 1017 2041 mors,
1046 1991 1170 2030 cum
1198 1980 1427 2031 mortale
1453 1978 1556 2032 hoc
1576 1977 1963 2033 absorbebitur
1980 1992 2009 2031 a
2027 1978 2158 2033 vita.

644 2109 701 2165 5.
743 2108 848 2164 Sed
893 2111 1170 2166 videamus
1220 2126 1344 2181 quae
1389 2110 1443 2165 in
1505 2113 1905 2181 posterioribus
1963 2128 2159 2168 conse-

575 2202 994 2271 quunlurHEt
1050 2203 1315 2265 incendit,
1381 2205 1645 2274 inquit“,
1696 2203 1856 2260 Jesus
1904 2205 2041 2276 llay,
2102 2218 2154 2261 et

577 2295 767 2350 effecta
816 2305 896 2349 est
942 2295 1069 2351 urbs
1119 2312 1240 2366 quae
1272 2312 1377 2351 non
1417 2298 1696 2352 habitetur
1726 2298 1781 2351 in
1813 2309 2100 2353 :elernum.
2127 2320 2145 2352 ι

576 2385 743 2442 Vides
766 2388 889 2455 quia
925 2388 1038 2442 haec
1071 2402 1193 2457 quae
1230 2398 1553 2458 sequuntur,
1591 2389 1764 2459 magis
1815 2390 1880 2442 ad
1917 2389 2158 2460 mysterii

576 2493 739 2548 quam
774 2478 839 2531 ad
892 2478 1138 2532 historiae
1186 2479 1462 2548 pertinent
1504 2481 1814 2534 veritatem.
1849 2479 1966 2533 Non
2010 2481 2156 2535 enim

578 2581 687 2624 lam
724 2570 812 2623 ille
846 2569 997 2624 locus
1027 2578 1187 2625 terra;
1234 2571 1609 2627 inhabitabilis
1650 2582 1733 2626 est
1779 2574 1831 2625 in
1873 2582 2158 2634 aeternum,

575 2675 737 2731 quam
783 2662 931 2716 locus
963 2661 1269 2715 darmonum
1312 2662 1693 2717 inhabitabilis
1730 2666 1857 2729 erit,
1887 2675 2013 2718 tunc
2038 2679 2158 2717 cum

570 2754 681 2823 jam
718 2769 877 2809 nemo
911 2756 1178 2824 peccabit,
1210 2771 1389 2825 neque
1422 2759 1670 2825 regnabit
1702 2760 1755 2812 in
1803 2759 1983 2827 aliquo
2032 2774 2159 2827 pce-

576 2856 777 2912 catum,
810 2859 934 2901 cum
968 2846 1215 2901 diabolus
1253 2856 1307 2900 et
1345 2846 1521 2915 angeli
1554 2848 1670 2916 ejus
1715 2848 1827 2917 igni
1873 2849 2160 2902 tradentur

575 2949 799 3003 mterno,
825 2937 1055 2993 Domino
1087 2948 1275 2993 nostro
1316 2935 1444 2993 Jesu
1494 2937 1717 2994 Christo
1766 2941 1989 2993 sedente
2031 2956 2159 3010 rege

576 3039 630 3083 et
658 3028 860 3097 judice,
894 3039 948 3084 et
983 3030 1201 3084 dicente
1244 3030 1311 3083 iis
1337 3029 1428 3097 qui
1462 3033 1674 3098 priores
1723 3042 1777 3085 et
1824 3033 2159 3100 posueriorcs

576 3128 828 3179 vicerunt
855 3122 902 3155 ⁷⁸
927 3122 1040 3194 (40)
1094 3141 1108 3177 :
1149 3140 1168 3173 ι
1200 3122 1416 3188 Venite,
1478 3124 1745 3178 benedicti
1795 3123 1971 3178 Patris
2023 3126 2156 3191 mei,

583 3218 851 3288 percipite
898 3230 1121 3284 regnum
1168 3213 1312 3283 quod
1357 3214 1507 3269 vobis
1541 3225 1791 3282 paratum
1824 3224 1907 3270 Bal
1934 3232 1962 3268 a
1995 3216 2154 3269 Patre
2184 3215 2227 3271 C

580 3326 700 3365 meo
720 3310 853 3378 (41).
885 3328 903 3360 ι
928 3307 1060 3361 Aliis
1093 3317 1270 3360 autem
1302 3306 1444 3360 dicet
1471 3307 1549 3359 ⁷⁶ε
1579 3325 1597 3358 ι
1621 3307 1696 3361 Ite
1725 3308 1777 3361 in
1800 3310 1976 3378 ignem
2007 3319 2164 3362 αξιοι·-

584 3417 739 3465 num,
770 3415 929 3469 quem
972 3399 1297 3470 praeparavit
1322 3398 1436 3467 (42)
1470 3399 1609 3454 Deus
1648 3400 1860 3454 diabolo
1903 3410 1955 3453 et
2000 3400 2161 3471 417

580 3491 792 3559 angelis
841 3488 978 3557 ejus,
1008 3508 1027 3542 ι
1064 3494 1237 3542 donec
1272 3490 1418 3544 omni
1472 3491 1666 3544 animae
1692 3493 1890 3559 quibus
1922 3493 2034 3561 ipse
2069 3509 2163 3546 no-

577 3583 655 3636 vit
698 3582 955 3637 remediis
984 3581 1253 3646 consulat,
1289 3592 1345 3635 ct
1389 3584 1569 3636 omnis
1604 3583 1768 3637 Israel
1804 3585 1988 3639 salvus
2042 3587 2159 3640 fiat.

649 3717 700 3772 6.
747 3715 853 3770 Sed
892 3725 945 3770 et
980 3715 1127 3769 aliud
1176 3716 1307 3769 mihi
1351 3720 1594 3771 occurrit
1648 3718 1700 3771 in
1746 3716 1869 3772 loco
1913 3720 2164 3773 conside-

579 3811 722 3865 rami
750 3809 936 3866 Jesum
970 3808 1264 3880 fugientem
1292 3823 1319 3862 a
1353 3809 1495 3866 facie
1526 3812 1804 3867 exercitus
1835 3811 1973 3883 Hay.
2020 3812 2159 3879 Quid

580 3913 738 3972 putas
770 3913 852 3957 est
893 3904 1038 3973 quod
1080 3901 1241 3958 Jesus
1290 3903 1502 3972 fugiens
1543 3904 1911 3975 designabat?
1961 3904 2160 3958 Videa-

580 4009 702 4048 mus
726 4009 794 4050 ne
820 3995 960 4049 forte
983 3994 1056 4050 sit
1081 3994 1285 4063 aliquid
1310 3996 1455 4065 quod
1484 3996 1743 4064 fugiendo
1772 3997 2075 4063 vincamus,
2106 4006 2161 4051 et

577 4092 666 4140 est
694 4085 873 4154 aliqua
908 4084 1155 4155 perfecta
1185 4085 1359 4139 virtus
1389 4085 1441 4139 in
1469 4085 1619 4154 fuga.
1652 4086 1851 4141 Paulus
1891 4101 1989 4142 nos
2031 4102 2162 4156 apo-

577 4178 754 4238 stolus
794 4178 951 4233 docet
1004 4178 1192 4235 dicens
1216 4179 1306 4233 7":
1352 4196 1370 4231 t
1418 4178 1612 4247 Fugite
1655 4178 2090 4234 fornicationem.
2136 4198 2155 4231 ι

580 4260 747 4319 Vides
800 4279 931 4335 ergo
977 4280 1104 4319 esse
1161 4268 1452 4336 quemdam
1496 4267 1746 4336 spiritum
1782 4267 2162 4324 fornicationis

576 4371 745 4426 quem
786 4356 973 4426 fugere
1023 4358 1307 4424 debemus,
1354 4358 1669 4428 quicunque
1710 4370 1862 4415 caste
1894 4368 1950 4413 et
1991 4360 2080 4429 pie
2107 4361 2161 4414 in

577 4448 796 4501 Christo
844 4461 908 4501 ac
957 4449 1156 4517 pudice
1202 4448 1451 4502 volumus
1494 4464 1838 4518 permanere.
1882 4450 1988 4503 Ista
2035 4466 2163 4521 ergo

581 4541 709 4609 fuga
734 4548 816 4593 est
841 4555 963 4608 quae
994 4540 1158 4595 habet
1182 4541 1444 4607 salutem,
1477 4543 1579 4595 ista
1622 4542 1745 4612 fuga
1802 4543 2026 4597 virtutis
2051 4554 2158 4609 est,

585 4629 685 4683 ista
722 4631 842 4699 fuga
875 4628 989 4700 (43)
1021 4630 1412 4686 beatitudinem
1444 4632 1679 4690 confert.
1728 4632 1795 4687 Et
1836 4648 1941 4688 non
1984 4635 2159 4690 solum

584 4722 968 4780 fornicationis
996 4726 1221 4795 spiritus
1246 4724 1534 4796 fugiendus
1558 4736 1664 4792 est,
1691 4729 1785 4783 sed
1812 4729 1974 4783 simili
2002 4731 2161 4784 modo

581 4815 726 4870 sicut
757 4816 962 4873 dictum
1005 4828 1114 4883 est,
1148 4836 1171 4870 ς
1209 4819 1381 4888 fugite
1433 4820 1875 4889 fornicationem,
1912 4842 1930 4874 ο
1973 4824 2161 4877 audia-

584 4920 707 4963 mus
752 4908 857 4963 diei
900 4911 966 4964 ad
1011 4925 1141 4966 nos:
1178 4909 1371 4981 Fugite
1417 4911 1578 4979 iram,
1630 4912 1800 4981 fugite
1842 4914 2155 4979 avaritiam,

655 5051 702 5083 "
732 5049 749 5104 Ι
780 5050 974 5107 Thess.
1034 5068 1107 5117 tv,
1137 5052 1223 5113 M.
1257 5053 1343 5115 l5,
1395 5052 1483 5107 l6.
1587 5053 1631 5084 ⁷³
1663 5053 1679 5106 I
1709 5053 1834 5107 Cor.
1874 5070 1962 5118 xv,
1997 5054 2087 5107 ‘26.

2180 5053 2227 5085 ⁷⁵
2254 5052 2369 5106 Jos.
2402 5068 2510 5106 vttt.
2540 5050 2632 5105 28.

2260 588 2608 657 maleloqnia.
2665 590 2796 655 Qua:
2843 598 3023 643 tamen
3068 590 3253 643 nescio
3299 591 3343 644 si
3401 593 3525 660 quis
3575 592 3839 662 effugiat,

2260 682 2444 734 nescio
2476 682 2520 733 si
2551 681 2676 750 quis
2707 680 2922 734 evadat.
2954 681 3063 736 Iste
3089 681 3212 736 talis
3256 692 3375 735 erat
3419 685 3692 738 exercitus
3726 685 3841 755 llay

2259 786 2418 839 quem
2449 770 2610 825 Jesus
2645 772 2959 841 fugiendum
3007 771 3241 827 docebat
3276 773 3477 829 milites
3510 791 3659 840 suos,
3689 786 3746 830 et
3772 780 3842 830 de

2259 863 2587 917 iis'fortasse
2622 862 2845 916 mandat
2891 862 3172 932 discipulis
3224 866 3338 919 suis
3381 865 3569 921 dicens
3595 867 3679 921 ἐς
3718 886 3737 918 ι
3779 869 3837 921 Si

2259 970 2357 1010 vos
2427 965 2830 1025 persequuntur
2905 956 2958 1009 in
3045 956 3147 1011 hac
3211 958 3466 1023 civitate,
3543 960 3716 1031 fugite
3786 962 3840 1015 in

2261 1052 2467 1117 aliam;
2519 1053 2661 1121 quod
2705 1051 2754 1106 si
2814 1052 2865 1105 in
2914 1051 3055 1118 alia,
3107 1051 3273 1124 fugite
3317 1056 3369 1108 in
3415 1056 3577 1109 aliam
3634 1056 3765 1126 (44).
3814 1076 3834 1109 ι

2261 1142 2387 1199 Vult
2441 1146 2584 1199 enim
2651 1160 2750 1199 nos
2810 1144 3002 1213 fugere
3061 1146 3130 1218 ab
3195 1145 3498 1215 ltujusmodi
3560 1149 3836 1213 hostibus,

2262 1237 2376 1291 vult
2423 1252 2521 1291 nos
2574 1237 2731 1305 longe
2775 1236 2911 1292 effici
2958 1239 3027 1292 ab
3077 1240 3384 1309 hujusmodi
3442 1239 3638 1294 malis:
3690 1252 3742 1295 et
3793 1242 3837 1295 si

2262 1334 2598 1403 potuerimus
2644 1332 2864 1385 interim
2909 1332 3146 1385 evadere
3188 1332 3380 1386 borum
3431 1332 3698 1387 malorum
3749 1330 3840 1386 fu-

2260 1424 2459 1496 giendo
2486 1423 2755 1493 contagia,
2792 1431 2921 1475 tunc
2953 1422 3200 1477 videntes
3230 1423 3602 1488 devotionem,
3634 1433 3688 1477 et
3713 1437 3842 1491 pro.

2260 1518 2500 1586 positum
2532 1518 2728 1570 mentis
2753 1526 2952 1569 nostrae
2980 1521 3182 1569 sanctae
3202 1528 3429 1584 quaeque
3453 1514 3703 1575 virtutes.
3732 1513 3835 1568 ilhe

2262 1608 2492 1665 fortasse
2526 1609 2596 1663 de
2633 1609 2831 1678 quibus
2872 1607 3005 1661 dicit
3038 1606 3319 1675 apostolus
3370 1606 3568 1662 Paulus
3595 1608 3707 1679 (45)
3746 1610 3835 1662 "2

2265 1722 2284 1755 ι
2326 1702 2519 1757 Nonne
2546 1718 2736 1757 omnes
2773 1712 2904 1757 sunt
2936 1700 3324 1756 ministeriales
3355 1702 3579 1770 spiritus
3632 1704 3685 1758 in
3737 1705 3843 1758 mi-

2263 1794 2551 1849 nisterium
2615 1792 2763 1847 missi
2812 1804 3034 1863 propter
3078 1807 3169 1846 eos
3210 1792 3301 1860 qui
3350 1792 3719 1847 [nereditatem
3747 1811 3840 1848 ea—

2262 1890 2419 1959 piunt
2444 1886 2685 1941 salutis?
2721 1905 2740 1937 ι
2792 1886 2884 1955 qui
2942 1888 3181 1941 fortasse
3224 1896 3350 1941 sunt
3404 1887 3577 1940 sancti
3621 1887 3837 1953 angeli:

2262 1980 2354 2048 qui
2382 1979 2629 2033 videntes
2656 1993 2754 2032 nos
2785 1978 3203 2033 insectationem
3234 1977 3540 2032 dsetnonum
3586 1979 3721 2048 pati,
3756 1981 3843 2034 in-

2262 2081 2491 2142 surgunt
2516 2072 2780 2125 adversus
2807 2085 2902 2125 cos
2923 2070 3014 2139 qui
3046 2085 3144 2124 nos
3169 2069 3533 2134 insectantur,
3563 2083 3614 2125 et
3647 2087 3839 2128 omnes

2262 2179 2359 2219 eos
2402 2173 2523 2235 post
2565 2174 2773 2234 tergum
2807 2165 3082 2218 caedentes
3118 2164 3456 2220 interimunt.
3494 2163 3650 2219 Jesus
3687 2164 3837 2219 enim

2262 2266 2348 2312 est
2400 2273 2526 2313 eum
2582 2257 2651 2312 iis
2708 2258 2800 2327 qui
2857 2257 3245 2315 insectationes
3303 2261 3613 2329 patiuntur,
3667 2259 3841 2326 magis

2263 2365 2423 2419 quam
2461 2364 2583 2403 cum
2617 2348 2724 2403 illis
2760 2353 2851 2417 qui
2882 2360 3303 2421 persequuntur.
3342 2352 3407 2406 Et
3447 2352 3642 2406 merito
3672 2370 3685 2405 :
3710 2353 3836 2419 quia

2264 2442 2565 2496 delectatur
2593 2457 2714 2496 esse
2750 2439 2911 2495 Iesus
2946 2457 3069 2496 cum
3104 2444 3170 2499 iis
3202 2445 3293 2514 qui
3342 2444 3553 2516 fugiunt
3594 2443 3836 2498 fornica-

2264 2534 2490 2596 tionem,
2545 2534 2636 2601 qni
2681 2533 2900 2602 fugiunt
2944 2533 3057 2604 (46)
3106 2538 3440 2605 superbiam,
3486 2538 3574 2606 qui
3629 2536 3841 2606 fugiunt

2263 2623 2469 2687 dolum,
2516 2630 2568 2676 et
2605 2623 2695 2691 qui
2737 2623 2950 2691 fugiunt
2977 2626 3339 2679 mendacium.
3393 2626 3450 2680 Si
3487 2642 3618 2697 ergo
3652 2629 3722 2679 ita
3760 2629 3840 2680 in—

2267 2714 2573 2785 telligamus
2611 2729 2673 2768 ea
2720 2729 2840 2783 quae
2864 2715 3065 2783 scripta
3104 2725 3252 2780 sunt,
3289 2718 3449 2786 digna
3496 2717 3728 2772 fortasse
3761 2720 3839 2771 vi-

2264 2807 2482 2860 debitur
2504 2804 2666 2858 lectio
2694 2803 2837 2873 stylo
2879 2803 3118 2873 Spiritus
3148 2806 3349 2859 sancti.
3384 2805 3516 2860 Nam
3549 2807 3676 2875 quid
3707 2807 3835 2861 mihi

2264 2900 2508 2969 prodest,
2555 2898 2600 2953 si
2641 2898 2811 2952 sciam
2856 2898 2997 2965 quod
3049 2898 3102 2951 in
3145 2900 3366 2967 gemino
3405 2899 3551 2968 ligno
3596 2914 3689 2952 rex
3724 2899 3837 2968 Hay

2264 3006 2558 3060 suspensus
2595 2990 2722 3043 est?
2758 2988 2814 3041 Si
2847 2996 3030 3040 autem
3062 2987 3231 3039 sciam
3272 2986 3537 3054 duplicem
3567 3000 3689 3039 esse
3728 2985 3841 3038 vir-

2266 3094 2432 3137 tutem
2459 3082 2664 3142 crucis,
2718 3082 2772 3134 in
2800 3095 2907 3149 qua
2949 3088 3003 3132 et
3047 3076 3297 3131 Christus
3329 3078 3381 3130 in
3416 3092 3580 3132 carne
3608 3090 3834 3145 suspen-

2262 3175 2429 3239 ditur,
2458 3183 2513 3228 et
2540 3173 2789 3226 diabolus
2826 3188 2946 3226 cum
2994 3188 3092 3227 suo
3140 3171 3385 3226 exercitu
3442 3170 3839 3236 triumphatur,

2263 3283 2329 3321 ex
2366 3265 2718 3334 intelligentia
2752 3264 3079 3318 sacramenti
3107 3261 3461 3317 aedificabitur
3485 3262 3665 3315 anima
3695 3275 3836 3315 mea.

2265 3360 2333 3413 Et
2370 3369 2425 3413 ut
2454 3359 2628 3429 magis
2664 3358 2897 3411 fortasse
2925 3358 3105 3411 adhuc
3127 3355 3398 3410 excelsius
3430 3353 3840 3421 amplitudinem

2266 3450 2510 3521 mysterii
2545 3449 2858 3512 dilatemus,
2913 3447 2968 3501 in
3019 3448 3123 3501 hoc
3166 3447 3313 3515 ligno
3359 3445 3677 3514 intelligitur
3719 3458 3841 3498 esse

2264 3541 2493 3597 scientia
2526 3541 2650 3595 boni
2678 3550 2733 3594 et
2762 3539 2916 3605 mali,
2958 3540 3009 3593 in
3039 3554 3147 3609 quo
3180 3549 3235 3592 et
3272 3538 3444 3593 bonus
3472 3538 3742 3601 Christus,
3784 3545 3844 3589 et

2264 3633 2513 3688 diabolus
2568 3632 2747 3686 malus
2788 3632 3088 3701 pependit:
3140 3633 3233 3685 sed
3284 3631 3458 3685 malus
3513 3631 3729 3699 quidem
3783 3639 3845 3681 ut

2265 3727 2543 3789 interiret,
2596 3725 2773 3779 bonus
2821 3739 2949 3778 vero
2980 3723 3094 3793 (47)
3147 3732 3205 3776 ιιι
3250 3724 3455 3775 viveret
3498 3738 3564 3781 ex
3617 3722 3841 3783 virtute,

2262 3818 2410 3872 sicut
2459 3825 2514 3870 et
2567 3814 2866 3885 Apostolus
2908 3815 3039 3869 dicit
3072 3816 3138 3869 de
3178 3814 3400 3869 Christo
3450 3812 3519 3878 ⁸ο,
3564 3813 3690 3881 quia
3741 3829 3760 3862 ι
3790 3819 3848 3863 et

2266 3906 2562 3962 crucifixus
2602 3915 2683 3959 est
2728 3921 2794 3960 ex
2844 3904 3182 3969 infirmitate,
3235 3905 3328 3959 sed
3387 3904 3608 3957 vivitex
3642 3902 3844 3955 virtute

2266 4001 2381 4055 Dei.
2426 4019 2444 4051 ι
2481 4000 2594 4053 lmo
2627 4014 2734 4053 non
2768 3999 2939 4053 solum
2985 4009 3041 4052 ut
3070 4000 3237 4062 vivat,
3268 3997 3363 4051 sed
3406 4004 3464 4050 ut
3495 4004 3549 4050 et
3581 3994 3843 4057 vivificet,

2261 4092 2392 4160 quia
2414 4091 2529 4158 ipse
2546 4098 2631 4144 est
2660 4106 2680 4139 ι
2717 4088 3046 4143 novissimus
3069 4088 3236 4142 Adam
3263 4087 3375 4157 (48)
3396 4088 3449 4141 in
3477 4086 3671 4156 spiritu
3704 4083 3844 4138 vivi-

2267 4179 2465 4233 flcante
2494 4178 2562 4231 δι.
2593 4198 2613 4230 ι
2644 4178 2750 4233 Sed
2782 4179 2895 4233 haec
2924 4180 3131 4247 tropice
3158 4178 3265 4233 dici
3304 4177 3650 4247 intelligenda
3692 4186 3843 4230 sunt.

2262 4272 2509 4325 Christus
2530 4270 2675 4326 enim
2710 4272 2825 4340 ipse
2849 4271 3047 4324 dicitur
3073 4272 3239 4324 arbor
3268 4271 3414 4323 vitae.
3461 4269 3569 4324 Sed
3616 4270 3755 4322 sicut
3786 4268 3840 4321 in

2265 4361 2387 4415 aliis
2419 4361 2534 4431 ipse
2562 4375 2686 4415 esse
2722 4361 3033 4414 ostenditur
3061 4370 3117 4412 et
3148 4358 3431 4421 sacerdos,
3459 4366 3515 4411 et
3551 4357 3754 4419 hostia,
3790 4366 3847 4408 et

2262 4453 2460 4519 altare,
2521 4462 2575 4507 et
2622 4468 2727 4505 non
2776 4467 2845 4505 ex
2898 4452 3066 4505 altera
3137 4450 3492 4519 intelligentia
3552 4447 3848 4518 impeditur

2267 4544 2459 4609 altera,
2505 4544 2598 4598 sed
2652 4543 2858 4611 tropice
2918 4544 2986 4596 de
3031 4541 3149 4611 ipso
3203 4543 3253 4595 in
3300 4542 3417 4595 suis
3464 4541 3600 4594 locis
3647 4555 3847 4593 unum-

2264 4636 2519 4705 quodque
2549 4635 2778 4687 sentitur
2805 4648 2822 4687 :
2871 4634 2944 4686 ita
2975 4634 3139 4686 etiam
3171 4648 3313 4687 nunc
3348 4633 3401 4685 in
3432 4633 3623 4701 figuris
3659 4647 3846 4685 sacra-

2270 4737 2573 4782 mentorum
2635 4741 2740 4779 non
2813 4726 3075 4795 impediet
3142 4726 3208 4780 de
3255 4741 3366 4779 uno
3432 4735 3594 4795 atque
3650 4724 3848 4779 eodem

2270 4831 2483 4889 Sumpta
2513 4818 2804 4873 diversitas
2828 4833 3209 4889 personarum.

2334 4912 2389 4965 7.
2430 4911 2535 4967 Sed
2584 4912 2864 4966 videamus
2904 4911 3031 4979 quid
3073 4910 3237 4964 etiam
3278 4909 3335 4963 in
3378 4908 3851 4978 consequentibus

2744 5052 2789 5082 τι
2843 5050 3027 5105 Matth.
3080 5066 3209 5119 xxv,
3258 5050 3349 5104 st.
3462 5052 3508 5083 το
3555 5048 3713 5114 ibid.,
3748 5046 3847 5105 at.

583 5118 629 5154 "
657 5121 675 5177 I
702 5122 826 5176 Cor.
859 5137 933 5186 vt,
965 5122 1051 5176 18.
1125 5122 1172 5154 ’⁸
1191 5125 1379 5178 Matth.
1405 5124 1567 5188 x,25.
1642 5125 1688 5155 ⁷⁸
1725 5124 1889 5179 llebr.
1922 5140 1959 5191 ι,
1998 5125 2083 5178 14.

2263 5124 2273 5176 l
2311 5121 2439 5177 Cor.
2479 5139 2599 5187 xm,
2632 5123 2720 5177 45.
2796 5122 2840 5153 ⁸¹
2879 5121 3050 5176 lCor.
3084 5138 3171 5188 xv,
3196 5118 3292 5175 45.

657 5257 769 5328 (39)
799 5256 969 5319 Alias,
1003 5274 1022 5307 ι
1051 5257 1379 5327 quicunque.
1408 5276 1427 5308 ι

657 5326 769 5398 (40)
808 5326 1203 5383 Cemeticénsis
1256 5339 1307 5381 et
1354 5342 1492 5381 unus
1547 5327 1918 5392 Ebroicensis,
1960 5346 1977 5378 ι
2006 5326 2153 5382 vide-

584 5400 786 5454 buntur
839 5418 857 5450 ι

642 5469 755 5539 (si)
783 5466 985 5523 Omnes
1041 5483 1194 5533 mss.,
1236 5486 1255 5519 ι
1283 5482 1312 5519 a
1344 5466 1501 5521 Patre
1549 5484 1690 5521 meo.
1721 5487 1739 5518 ι
1776 5465 1933 5522 Liblt.
1983 5469 2140 5531 editi,

592 5557 611 5590 ι
633 5542 700 5593 ab
728 5541 937 5607 origine
970 5539 1172 5591 mundi.
1197 5556 1216 5591 ι

660 5608 770 5680 (42)
820 5610 1002 5664 Codex
1044 5607 1334 5680 Gemetic.,
1380 5608 1495 5663 tite
1548 5608 1601 5661 in
1660 5612 1959 5674 gehennam
2012 5610 2152 5676 ignis

589 5679 757 5745 quem
783 5679 1124 5747 praeparavit.
1155 5696 1174 5729 ι

663 5747 774 5815 (43)
816 5747 988 5816 Fuga.
1044 5748 1205 5802 Deest
1266 5749 1318 5801 in
1376 5749 1507 5802 libb.
1568 5758 1724 5804 antea
1781 5748 1997 5814 editis;
2061 5750 2154 5803 sed

596 5827 771 5889 exstat
796 5819 851 5889 in
883 5819 1083 5889 codice
1105 5818 1585 5889 Sangermanensi.

664 5885 775 5951 (H)
818 5887 971 5953 Quod
1000 5888 1045 5941 si
1068 5888 1125 5942 in
1159 5885 1289 5957 alia,
1324 5889 1487 5960 fugite
1511 5891 1563 5944 in
1591 5889 1774 5945 aliam.
1820 5888 1943 5945 [an
1973 5891 2139 5946 etiam

2264 5258 2457 5311 desunt
2487 5255 2538 5308 in
2569 5254 2727 5309 libris
2761 5256 2944 5321 editis,
2985 5253 3078 5308 sed
3129 5254 3380 5324 leguntur
3418 5255 3471 5309 in
3512 5255 3851 5323 Sangerlta-

2265 5327 2418 5381 neusi
2452 5335 2505 5380 et
2538 5342 2643 5378 uno
2674 5324 3014 5378 Ebroicerri.

2334 5396 2447 5467 (45)
2490 5394 2715 5449 Paulus.
2751 5396 2911 5450 Deest
2940 5396 2992 5450 in
3030 5396 3161 5450 libb.
3199 5396 3382 5461 editis,
3410 5403 3589 5450 exstat
3619 5408 3751 5448 vero
3785 5394 3844 5447 in

2261 5467 2738 5534 Sangermanensi.

2332 5538 2445 5606 (46)
2488 5534 2942 5607 Fornicationem,
3006 5538 3093 5604 qui
3148 5537 3380 5607 fugiunt.
3448 5534 3572 5590 llaec
3616 5548 3843 5607 quoque

2261 5605 2459 5661 deSunt
2512 5608 2565 5658 itt
2607 5607 2758 5678 libris
2798 5606 2982 5672 editis,
3036 5611 3129 5661 sed
3177 5605 3433 5678 leguntur
3486 5609 3539 5659 ιιι
3585 5605 3847 5660 omnibus

2264 5676 2670 5744 mannsrriptis.

2336 5748 2451 5819 (47)
2493 5746 2621 5819 Mss.
2682 5747 2969 5819 Sangerm.
3013 5760 3066 5801 et
3097 5745 3387 5809 Gemetic.,
3424 5763 3443 5799 ι
3481 5746 3685 5801 malum
3721 5744 3848 5809 qni-

2267 5817 2410 5883 dem,
2442 5828 2502 5872 ut
2534 5818 2810 5879 interiret,
2842 5817 3046 5871 bonum
3077 5832 3226 5879 vero.
3265 5836 3281 5869 ι
3317 5829 3423 5871 etc.

2337 5891 2449 5959 (48)
2490 5886 2892 5944 Gemeticensis
2932 5905 2951 5941 ι
2994 5889 3047 5944 in
3075 5889 3328 5957 spiritum
3358 5888 3747 5945 vivificantem.
3792 5904 3814 5940 ι
