4146 6390
360 371 470 427 869

1397 363 1461 418 IN
1495 362 1757 418 LIBRUM
1786 360 1950 418 JESU
1982 359 2170 417 NAVE
2198 363 2485 420 liOMlLIA
2519 367 2609 422 IX.

3531 380 3637 434 870

358 489 629 545 scribitur
665 506 679 543 :
715 505 734 540 t
771 486 837 543 Et
863 494 1278 558 percusserunt,
1327 487 1501 555 inquit
1524 489 1590 549 ⁸³.
1634 503 1729 541 cos
1773 488 1825 540 in
1857 501 1954 541 ore
1983 491 2028 545 Λ
2062 489 2272 554 rando;
2320 490 2435 544 sive
2482 491 2759 545 civitatem
2795 492 3006 549 Domini
3064 498 3485 568 uniuscujusque
3531 518 3635 557 noo-

367 584 555 654 gladii,
618 596 898 651 usquequo
958 597 1067 636 non
1125 585 1528 652 relinqueretur
1584 597 1649 634 ex
1714 583 1794 636 eis
1855 583 1945 649 qui

369 676 550 730 salvus
583 677 757 738 fieret,
786 688 958 743 neque
987 675 1079 745 qui
1111 673 1432 745 effugeret.’
1466 674 1593 728 Haec
1615 690 1739 728 cum
1766 674 1949 745 legunt

371 759 563 830 Judaéi,
596 764 848 820 crudeles
864 765 1195 830 efﬁciuntur,
1223 778 1277 821 et
1302 767 1595 822 humanum
1627 768 1948 836 sanguinem

370 861 562 914 sitiunt
588 857 726 928 (49),
749 868 1009 928 putantes
1057 860 1184 930 quia
1234 871 1292 915 ct
1340 862 1513 914 sancti
1560 861 1630 913 ita
1664 875 1950 930 percusse—

366 960 498 1004 runt
528 965 626 1005 eos
662 951 755 1019 qui
786 951 1105 1007 habitabant
1138 952 1275 1024 liay.
1308 962 1368 1007 ut
1398 967 1504 1007 non
1542 952 1951 1022 relinqueretur

366 1044 439 1098 ab
472 1042 539 1097 iis
571 1043 662 1114 qui
698 1043 881 1099 salvus
908 1044 1087 1112 fleret,
1122 1060 1300 1115 neque
1340 1046 1428 1115 qui
1480 1044 1745 1117 etfugeret
1777 1063 1790 1099 :
1841 1060 1947 1100 non

370 1132 744 1203 intell-igentes
793 1135 849 1190 in
895 1136 962 1191 iis
1010 1137 1191 1191 verbis
1221 1137 1535 1192 adumbrari
1570 1138 1852 1209 mysteria,
1896 1146 1951 1193 et

369 1224 473 1279 hoc
531 1224 689 1280 nobis
743 1227 918 1296 magis
964 1227 1219 1292 indicari,
1269 1230 1416 1299 quod
1465 1245 1535 1285 ex
1595 1229 1664 1286 iis
1717 1246 1947 1301 quorum

368 1316 539 1371 chaos
576 1327 659 1372 est
689 1318 1076 1387 habitaculum,
1106 1331 1162 1376 et
1192 1322 1284 1391 qui
1315 1332 1616 1392 regnarunt
1647 1324 1700 1378 in
1728 1323 1948 1395 abysso,

368 1408 727 1477 daemonibus,
783 1411 985 1467 nullum
1034 1415 1251 1483 penitus
1308 1414 1622 1485 relinquere
1663 1417 1946 1485 debemus,

366 1502 463 1555 sed
515 1515 706 1557 onmes
757 1503 1092 1560 interimere.
1157 1506 1525 1564 lnterimintus
1582 1518 1765 1564 autem
1834 1510 1947 1565 dae-

368 1609 577 1658 mones,
623 1611 728 1650 nun
796 1598 966 1666 ipsam
1024 1613 1213 1653 eorum
1263 1599 1624 1656 substantiam
1677 1601 1950 1672 perimen—

366 1695 451 1739 tes
499 1703 513 1740 :
555 1687 651 1741 sed
706 1688 831 1756 quia
872 1704 1007 1759 Opus
1060 1705 1250 1746 eorum
1295 1704 1358 1745 ac
1402 1692 1639 1746 studium
1689 1694 1790 1749 hoc
1826 1703 1944 1758 est,

368 1788 430 1832 ut
458 1792 687 1848 peccare
711 1781 962 1837 homines
991 1781 1223 1847 faciant,
1249 1792 1301 1838 et
1336 1785 1450 1839 haec
1473 1794 1557 1840 est
1586 1785 1803 1841 illorum
1833 1788 1945 1842 vita

365 1869 409 1922 si
438 1884 536 1925 nos
560 1882 872 1940 peccemus.
903 1871 1020 1927 sine
1060 1872 1227 1928 dubio
1261 1875 1518 1931 interitus
1555 1892 1744 1932 eorum
1783 1890 1868 1934 est
1899 1880 1943 1935 si

367 1977 473 2015 non
517 1976 825 2031 peccemus.
868 1963 1209 2021 lnterﬁciunt
1257 1980 1387 2037 ergo
1440 1968 1777 2026 habitatores
1827 1971 1944 2043 llay

360 2052 540 2106 sancti
564 2053 788 2123 quique,
818 2064 874 2110 et
905 2057 1197 2126 perimunt,
1234 2068 1287 2112 et
1323 2075 1426 2113 non
1465 2060 1747 2115 dimittunt
1773 2077 1840 2117 ex
1866 2063 1947 2117 eis

360 2144 534 2198 ullum
564 2163 577 2199 :
611 2143 646 2199 ii
682 2147 801 2202 sine
822 2148 992 2203 dubio
1031 2148 1163 2224 (50)
1195 2151 1284 2220 qui
1321 2168 1443 2207 cum
1476 2155 1623 2209 omni
1662 2155 1945 2227 diligentia

365 2247 588 2292 servant
616 2252 772 2293 suum
797 2255 915 2306 cor,
942 2258 1010 2298 ne
1044 2243 1110 2297 de
1136 2258 1204 2298 eo
1237 2246 1601 2315 cogitationes
1628 2248 1785 2302 make
1816 2265 1946 2320 pro-

359 2326 603 2393 cedant;
637 2329 731 2383 sed
776 2339 831 2385 et
876 2330 969 2401 qui
1005 2331 1310 2388 observant
1350 2346 1412 2388 os
1447 2349 1631 2401 suum,
1676 2345 1737 2390 ut
1767 2338 1945 2392 omnis

361 2430 550 2472 sermo
594 2420 775 2476 malus
818 2437 925 2477 non
970 2426 1227 2491 procedat
1252 2439 1319 2479 ex
1358 2441 1456 2481 ore
1480 2442 1692 2482 eorum.
1721 2428 1833 2484 Hoc
1861 2438 1945 2485 est

365 2523 471 2563 non
516 2508 827 2581 relinquere
874 2514 1042 2568 ullum
1096 2516 1188 2585 qui
1239 2516 1486 2588 effugiat,
1534 2535 1657 2574 cum
1707 2536 1801 2577 eos
1845 2537 1944 2577 nec

362 2614 547 2658 sermo
572 2601 765 2674 effugit
803 2606 997 2661 malus.
1034 2608 1193 2677 Agite
1230 2625 1360 2679 ergo
1406 2622 1462 2667 et
1512 2627 1625 2677 vos,
1672 2629 1943 2684 pnepare—

364 2709 485 2750 mus
540 2710 639 2751 nos
686 2698 754 2751 ad
791 2696 1102 2768 huiusmodi
1152 2701 1365 2770 praelia,
1412 2705 1781 2771 percutiamus
1831 2706 1944 2779 llay

358 2788 415 2843 in
458 2803 555 2844 ore
600 2789 789 2861 gladii,
834 2800 890 2847 et
932 2793 1347 2864 exstinguamus
1390 2811 1583 2851 omnes
1630 2797 1943 2856 habitantes

360 2881 557 2948 chaos,
588 2896 781 2937 omnes
828 2883 1140 2939 contrarias
1192 2885 1441 2941 virtutes.
1489 2887 1705 2943 Utinam
1747 2901 1800 2945 et
1841 2907 1943 2962 ego

362 2976 525 3031 modo
553 2977 679 3031 dum
713 2976 908 3047 loquor
949 2978 1015 3031 ad
1061 2991 1158 3033 vos
1197 2979 1422 3035 verbum
1461 2980 1581 3043 Dei,
1613 2996 1706 3036 cor
1749 2996 1943 3050 perca-

364 3066 499 3123 toris
531 3066 747 3136 pulsare
782 3068 1017 3138 possim!
1058 3069 1212 3135 Quod
1260 3071 1305 3125 si
1355 3071 1557 3137 fecero,
1604 3082 1812 3126 certum
1860 3082 1943 3127 est

2052 589 2224 634 strum
2252 583 2486 636 animam
2517 583 2909 653 intelligamus,
2964 604 3086 657 quae
3130 590 3435 645 aedificatur
3463 610 3491 647 a
3525 597 3631 649 Do‘

2053 671 2200 725 mino
2232 689 2296 727 ex
2318 674 2585 744 lapidibus
2604 676 2761 742 vivis,
2800 678 2850 732 id
2887 689 2971 733 est
3008 696 3074 734 ex
3119 682 3417 737 virtutibus
3463 688 3633 741 variis

2050 774 2105 818 et
2168 766 2452 819 diversis:
2512 768 2579 822 de
2648 769 2763 839 ipsa
2820 785 3037 841 quoque
3117 775 3338 828 civitate
3410 789 3636 830 sanctus

2051 858 2283 927 quisque
2318 867 2372 913 et
2399 859 2631 929 diligens
2663 861 2813 929 ejicit
2857 875 3176 933 peccatores
3210 884 3224 920 :
3262 868 3315 921 id
3355 878 3435 923 est
3483 871 3636 939 cogi-

2053 950 2291 1004 tationes
2342 952 2633 1020 pessimas,
2673 963 2727 1007 et
2758 956 3089 1025 cupiditates
3133 973 3333 1026 pravas
3375 961 3637 1017 interficit

2051 1040 2166 1108 (5‘2)
2200 1041 2251 1095 iu
2280 1044 2575 1098 matutino.
2617 1042 2810 1099 Justus
2840 1045 2985 1099 enim
3030 1046 3164 1100 dicit
3191 1048 3277 1101 διε
3314 1067 3331 1099 ‹
3371 1048 3429 1102 ln
3460 1062 3636 1103 matu-

2053 1134 2185 1188 tinis
2238 1134 2547 1189 meditabar
2608 1136 2755 1209 (55)
2813 1140 2864 1192 in
2911 1148 2983 1203 te,
3030 1140 3157 1208 quia
3209 1139 3360 1195 fuisti
3419 1142 3636 1212 adjutor

2052 1241 2225 1280 meus.
2258 1245 2276 1278 ι
2317 1226 2471 1294 Quod
2509 1239 2592 1284 est
2638 1230 2780 1284 istud
2824 1233 3181 1300 matutinum,
3229 1235 3333 1289 nisi
3379 1234 3637 1289 Dominus

2049 1327 2238 1372 noster
2265 1318 2424 1376 Jesus
2444 1322 2722 1387 Christus,
2755 1323 2964 1392 quiest
2995 1324 3084 1378 lux
3112 1341 3261 1390 vera,
3293 1337 3347 1379 et
3376 1328 3636 1381 exoriens

2052 1411 2104 1464 in
2149 1413 2409 1469 cordibus
2459 1416 2695 1479 nostris,
2745 1425 2911 1485 atque
2963 1416 3276 1473 illuminans
3314 1419 3638 1489 ignorantia:

2049 1511 2251 1556 nostrae
2285 1506 2565 1568 tenebras,
2611 1515 2667 1558 et
2699 1505 3009 1574 huiusmodi
3043 1509 3199 1563 nobis
3235 1511 3491 1581 mysteria
3549 1524 3637 1562 re-

2050 1592 2263 1658 velans,
2301 1594 2433 1649 facit
2469 1612 2568 1651 nos
2610 1597 2662 1651 in
2696 1597 2900 1653 lutniue
2938 1613 3039 1653 suo
3086 1599 3266 1654 lumen
3310 1600 3542 1655 videre?
3578 1599 3634 1654 Si

2050 1689 2268 1754 quando
2310 1702 2440 1757 ergo
2478 1688 2615 1758 legis
2670 1689 2722 1742 in
2780 1691 3082 1758 Scripturis
3108 1694 3314 1747 sanctis
3353 1694 3628 1760 iustorum

2050 1793 2285 1847 pugnas,
2332 1782 2507 1836 credes
2556 1797 2620 1837 ac
2672 1792 2882 1853 strages
2922 1784 3403 1854 interemptorum,
3428 1797 3483 1841 et
3507 1787 3633 1855 quia

2050 1874 2222 1926 sancti
2254 1872 2416 1927 nullis
2442 1877 2661 1943 penitus
2690 1876 2941 1931 hostibus
2968 1877 3083 1947 (54)
3111 1888 3363 1946 parcunt,
3389 1881 3636 1949 quinimo

2050 1978 2104 2020 ct
2129 1965 2173 2018 si
2205 1969 2580 2035 pepercerim,
2635 1970 2875 2037 reputari
2929 1968 3011 2023 eis
3054 1969 3105 2022 in
3158 1981 3463 2038 peccatum,
3493 1972 3637 2027 sicut

2052 2070 2366 2126 reputatum
2413 2072 2495 2115 est
2530 2061 2705 2124 Sauli,
2733 2058 2829 2130 qui
2857 2063 3037 2117 vivutn
3080 2076 3456 2120 reservaverat
3485 2066 3637 2136 Agag

2050 2166 2233 2220 regem
2263 2152 2487 2205 Amalec
2512 2151 2578 2215 ⁸⁵,
2616 2153 2717 2206 hoc
2745 2155 2905 2207 modo
2931 2170 3039 2223 quo
3066 2169 3230 2224 supra
3260 2157 3635 2223 exposuimus,

2049 2240 2289 2311 intellige
2331 2241 2472 2296 bella
2507 2241 2805 2309 iustorum,
2833 2245 2958 2315 quia
2986 2245 3100 2298 haec
3147 2246 3285 2298 bella
3334 2246 3402 2299 ab
3433 2247 3513 2300 eis
3539 2250 3637 2300 ad-

2047 2350 2264 2390 versum
2320 2347 2606 2405 peccatum
2639 2348 2924 2407 geruntur.
2968 2338 3251 2404 Quomodo
3292 2350 3474 2392 autem
3518 2356 3637 2393 tua-7

2046 2426 2425 2494 nebuntjusti,
2461 2428 2503 2481 si
2538 2428 2621 2482 vel
2654 2443 2842 2498 parum
2870 2427 3074 2496 aliquid
3103 2429 3313 2497 peccati
3346 2428 3396 2481 in
3429 2438 3634 2482 seruet—

2049 2519 2180 2586 ipsis
2224 2519 2676 2575 reservaverint?
2727 2520 2793 2574 Et
2836 2522 2957 2574 ideo
3012 2521 3215 2574 dicitur
3263 2521 3328 2573 de
3377 2520 3473 2583 eis,
3504 2520 3633 2590 quia

2047 2625 2155 2662 non
2206 2609 2551 2680 reliquerunt
2602 2626 2703 2665 nec
2750 2628 2914 2665 unum
2965 2612 3057 2680 qui
3107 2611 3297 2665 salvus
3348 2612 3524 2674 fieret,
3569 2628 3637 2663 ne

2046 2696 2337 2767 effugeret.
2390 2700 2650 2756 Fortasse
2702 2716 2808 2754 non
2853 2701 2985 2754 mihi
3018 2701 3227 2765 credes,
3262 2702 3404 2769 quod
3438 2702 3636 2755 adver-

2049 2802 2168 2841 sum
2225 2800 2510 2857 peccatum
2585 2792 2740 2845 nobis
2808 2791 3109 2861 injungitur
3164 2806 3398 2861 pugna:
3467 2790 3638 2846 Paulo

2046 2884 2208 2935 crede
2258 2884 2460 2936 dicenti
2497 2885 2542 2915 ³⁸
2575 2902 2637 2936 τι
2681 2883 2928 2937 Nondum
2982 2899 3151 2952 usque
3199 2886 3266 2937 ad
3318 2887 3633 2954 sanguinem

2048 2973 2328 3025 restitistis
2357 2974 2647 3028 adversum
2679 2986 2989 3043 peccaturo.
3032 2995 3051 3027 ι
3106 2974 3270 3029 Vides
3301 2976 3397 3028 tibi
3439 2978 3636 3029 adver-

2046 3079 2163 3117 sum
2194 3076 2474 3133 peccatum
2508 3081 2745 3137 pugnam
2784 3069 3039 3136 proponi,
3079 3078 3134 3120 et
3180 3083 3352 3135 usque
3390 3067 3458 3121 ad
3506 3082 3636 3121 san-

361 3155 507 3227 quod
559 3156 741 3227 gladio
789 3158 901 3212 oris
954 3159 1057 3211 mei
1112 3159 1416 3226 percutiam
1476 3159 1894 3214 fornicationem
1921 3201 1935 3224 ,
1971 3176 2012 3231 (ς
2050 3156 2229 3223 guinis
2253 3156 2628 3225 profusionem
2654 3159 2796 3213 istud
2833 3160 2926 3213 tibi
2958 3159 3207 3227 praelium
3243 3174 3632 3213 consumman-

360 3248 663 3315 perrutiam
706 3248 988 3315 malitiam,
1026 3250 1319 3319 reprimam
1359 3250 1622 3317 furorem,
1665 3262 1717 3305 et
1764 3251 1807 3305 si
1836 3267 1941 3321 qua

358 3339 465 3393 alia
503 3348 633 3394 sunt
657 3339 795 3394 mala
831 3339 884 3394 in
921 3355 1020 3396 ore
1061 3340 1251 3411 gladii,
1292 3342 1343 3397 id
1376 3354 1460 3397 est
1501 3343 1612 3396 oris
1654 3342 1779 3406 mei,
1827 3345 1942 3399 oris

359 3432 463 3486 mei
493 3445 747 3488 sermone
772 3434 1116 3504 exstinguam
1147 3433 1289 3505 (5i),
1324 3444 1379 3489 et
1410 3450 1514 3487 non
1545 3435 1847 3503 relinquam
1877 3452 1939 3490 ex

354 3524 435 3580 eis
480 3525 573 3597 qui
633 3522 816 3580 salvus
865 3524 981 3593 fiat,
1031 3541 1208 3595 neque
1244 3526 1336 3595 qui
1388 3524 1631 3594 eﬂ‘ngiat.
1696 3526 1752 3581 Si
1795 3528 1939 3581 enim

354 3631 546 3672 onlnes
581 3617 679 3673 hos
706 3616 892 3673 hostes
923 3628 1143 3672 nostros
1169 3619 1621 3683 exstinxerimus,
1660 3629 1786 3674 tunc
1817 3635 1944 3674 vere

353 3710 496 3765 diem
534 3709 731 3766 festum
763 3708 1169 3789 celebrabimus
1198 3710 1330 3777 Deo,
1364 3720 1413 3767 et
1460 3711 1701 3767 devictis
1743 3713 1939 3767 adver—

356 3805 519 3861 sariis
575 3801 693 3859 la:ta
736 3805 1085 3860 solemnitate
1138 3806 1519 3876 gaudebimus.
1563 3802 1694 3859 Tale
1736 3804 1941 3875 aliquid

357 3897 487 3952 mihi
540 3895 753 3952 videtur
797 3888 966 3968 5.18
1019 3898 1185 3952 etiam
1231 3910 1261 3949 a
1308 3906 1506 3951 sancto
1553 3895 1827 3963 Propheta
1884 3895 1938 3951 in

353 3986 585 4044 Psalmis
636 3989 939 4060 designari,
985 3989 1073 4044 ubi
1117 3988 1251 4044 dicit
1298 3988 1367 4043 de
1416 4002 1477 4042 se
1522 3986 1602 4052 ⁸³,
1668 3989 1796 4058 quia
1833 4008 1851 4039 ‹
1887 3989 1939 4043 iu

355 4082 639 4137 matutinis
691 4080 1087 4136 inlerflciebam
1144 4094 1337 4135 omnes
1384 4088 1703 4148 peccatores
1756 4090 1937 4146 terrae,

357 4184 415 4227 ut
444 4172 755 4244 disperdam
808 4173 876 4228 de
916 4170 1148 4226 civitate
1178 4170 1394 4226 Domini
1443 4184 1637 4225 omnes
1673 4172 1765 4241 qui
1811 4185 1941 4240 ope-

357 4275 551 4320 rantur
593 4264 961 4334 iniquitatem.
1013 4283 1031 4317 ι
1103 4260 1232 4317 Sive
1282 4263 1428 4317 enim
1475 4262 1673 4318 civitas
1722 4261 1939 4316 Domini

357 4357 596 4413 Ecclesia
629 4353 722 4412 Dei
756 4357 993 4412 viventis
1021 4355 1310 4426 accipitur,
1335 4351 1565 4423 ejiciunt
1591 4355 1844 4410 doctores
1874 4352 1940 4409 de

356 4452 617 4518 Ecclesia,
663 4460 721 4508 et
767 4449 1107 4506 interficiunt
1144 4464 1239 4505 eos
1268 4452 1361 4521 qui
1387 4458 1688 4517 operantur
1737 4448 1939 4517 iniqui-

354 4558 541 4612 tatem,
576 4546 883 4602 contrarios
910 4542 1189 4601 daemones
1217 4544 1678 4612 adversariasque
1703 4540 1934 4596 virtutes
1968 4536 2012 4592 D

351 4641 443 4709 qui
479 4649 679 4712 cogunt
725 4640 977 4695 homines
1000 4639 1066 4693 ad
1108 4648 1420 4709 peccatum,
1455 4635 1725 4700 docendo,
1780 4635 1935 4689 inSti-

354 4731 579 4795 tuendo,
636 4740 693 4786 et
740 4730 1016 4786 occultata
1063 4725 1119 4784 in
1162 4727 1362 4784 divinis
1410 4726 1611 4782 litteris
1659 4741 1725 4781 ex
1790 4725 1933 4780 locis

357 4826 552 4882 talibus
592 4826 652 4880 in
692 4822 944 4896 qualibus
997 4840 1141 4881 nunc
1188 4840 1415 4890 sumus,
1467 4823 1733 4895 mysteria
1785 4838 1933 4879 rese-

425 4966 471 5002 ”
499 4966 613 5024 Jos.
643 4980 762 5029 vm,
785 4964 880 5020 22.
951 4964 999 4996 ⁸³
1021 4963 1165 5023 Psal.
1188 4980 1262 5034 Cl,
1291 4965 1347 5021 8.
1422 4965 1470 4998 ⁸⁸
1499 4965 1647 5023 Psal.
1672 4980 1830 5030 um,
1859 4964 1915 5029 6,
1941 4965 1995 5023 7.

354 5059 374 5115 Ι
415 5058 545 5131 Reg.
578 5072 733 5125 xvul,
769 5056 856 5111 i7.

425 5199 536 5283 (fi?)
576 5197 755 5283 Codex
805 5194 1092 5267 Sangerm.
1138 5214 1157 5247 ι
1205 5195 1417 5251 sitiunt.
1462 5214 1481 5248 ι
1535 5193 1695 5250 Libb.
1747 5194 1928 5252 editi:

355 5290 376 5325 ι
409 5279 674 5326 sitientes.
708 5287 726 5321 ›

381 5341 537 5465 ,(5ίῖ)
578 5339 705 5423 biss.
747 5357 767 5391 ι
807 5337 843 5394 ii
891 5336 1011 5395 sine
1055 5336 1237 5393 dubio.
1291 5355 1311 5389 ι
1366 5334 1528 5392 Libb.
1582 5335 1755 5391 editi:

355 5428 467 5465 sine
532 5411 678 5465 ubto.
714 5429 735 5463 ι

349 5411 467 5469 sine
494 5411 678 5467 dubio.
714 5429 735 5463 ι

418 5482 534 5555 (5|)
572 5481 754 5555 Codex
808 5480 1100 5550 Sangerm.
1140 5480 1183 5531 ‘t
1245 5476 1613 5547 exstinguam.
1682 5496 1701 5530 ι
1765 5477 1925 5534 Libb.

349 5555 479 5610 editi
521 5573 541 5605 ι
569 5554 932 5622 restingnam.
950 5571 980 5622 ί»

416 5621 531 5696 (52)
575 5622 703 5696 Mss.
735 5617 770 5674 ι’
794 5617 1258 5696 interficit._»_Li_bb.
1287 5617 1447 5696 editi,
1477 5637 1504 5696 _¢
1549 5618 1863 5696 interficiet.
1906 5636 1924 5671 ι

576 5692 864 5763 Sangerm.
900 5711 917 5745 ι
953 5691 1279 5747 meditabar.
1310 5709 1329 5741 ι
1365 5688 1529 5747 Libb.
1563 5688 1719 5755 edtti,
1757 5707 1778 5741 ε
1818 5705 1932 5744 me-

332 5764 743 5906 ,dnf5b4‘inld’etn,
799 5852 817 5888 ι
870 5833 1032 5892 nullis
1100 5833 1316 5902 penitus
1370 5829 1636 5890 hostibus.
1688 5851 1704 5884 ι
1761 5828 1925 5888 Libb.

1817 5336 1931 5392 tsi

2047 3248 2222 3301 dum?
2269 3249 2377 3302 Aut
2431 3266 2537 3304 non
2589 3252 2872 3303 evidenter
2916 3251 3031 3305 luec
3082 3252 3289 3305 indicat
3345 3252 3628 3320 Scriptura

2045 3339 2252 3405 divina,
2296 3351 2352 3396 et
2399 3342 2450 3394 in
2484 3342 2551 3396 iis
2593 3343 2645 3395 in
2684 3342 2886 3411 quibus
2931 3342 3098 3397 moris
3129 3351 3211 3396 est
3240 3343 3288 3396 ei
3328 3343 3511 3397 dicere
3542 3343 3630 3399 ‘7:

2049 3452 2068 3485 ι
2107 3431 2457 3487 Sanctiﬁcate
2476 3434 2709 3499 bellum;
2740 3452 2759 3485 ι
2798 3432 3374 3503 et,tPugnabitis(55)
3397 3449 3633 3502 pugnam

2044 3527 2255 3581 Domini
2290 3528 2313 3580 ?
2343 3546 2364 3579 ι
2407 3527 2546 3593 Quid
2572 3526 2719 3579 enim
2745 3527 2894 3580 aliud
2921 3539 3004 3578 est
3026 3527 3372 3580 sanctilicare
3402 3526 3625 3589 bellum,

2044 3617 2151 3671 nisi
2188 3619 2530 3688 interemptis
2579 3618 2834 3672 Omnibus
2870 3618 3066 3671 anima:
3111 3626 3312 3671 nostra:
3355 3618 3626 3681 hostibus,

2042 3709 2136 3779 qui
2164 3720 2293 3765 sunt
2327 3710 2457 3763 vitia
2494 3719 2869 3780 peccatorum,
2902 3719 2956 3763 et
2981 3708 3326 3764 mortificatis
3370 3710 3632 3763 tnembris

2041 3817 2161 3873 quae
2194 3813 2320 3857 sunt
2363 3818 2527 3872 super
2563 3812 2766 3857 terram
2802 3814 2967 3872 atque
2998 3802 3253 3857 ontnibus
3286 3801 3441 3859 malis
3480 3802 3632 3868 cupi-

2042 3895 2307 3951 ditatibus
2378 3896 2709 3966 amputatis,
2770 3892 2908 3949 eilici
2965 3904 3214 3947 sanctum
3280 3907 3511 3961 corpore
3577 3905 3631 3946 et

2042 3987 2261 4057 spiritu,
2284 4000 2339 4042 et
2375 3988 2590 4042 fortiter
2635 3987 2924 4042 facientem
2963 3987 3152 4041 venire
3181 3986 3246 4038 ad
3279 3995 3628 4055 conSpectum

2046 4080 2136 4133 Dei
2177 4080 2434 4142 viventis,
2466 4089 2520 4133 et
2545 4095 2642 4149 pro
2671 4079 2853 4148 palma
2898 4080 3142 4133 victoria:
3172 4078 3388 4130 virtutis
3435 4080 3632 4130 merito

2043 4170 2294 4224 coronari
2340 4186 2369 4224 a
2416 4170 2636 4225 Christo
2680 4169 2807 4225 Jesu
2858 4170 3086 4224 Domino
3132 4168 3363 4223 nostro?
3406 4167 3504 4223 Cui
3546 4178 3631 4223 est

2042 4262 2211 4334 gloria
2244 4271 2297 4317 et
2324 4263 2611 4332 imperium
2650 4263 2703 4315 iu
2741 4260 2937 4315 szecula
2971 4261 3320 4314 saeculorum.
3360 4261 3554 4314 Amen.

2624 4352 2907 4409 llOMlLlA
2950 4351 3038 4405 iX.

2048 4447 2122 4501 De
2154 4448 2315 4502 altari
2351 4447 2491 4517 quod
2518 4446 2800 4514 wdiﬁcuvit
2831 4443 3034 4517 Iesus:
3078 4442 3409 4517 ttbi__scripsit
3449 4441 3519 4517 in
3542 4441 3631 4517 In_-

2114 4520 2325 4589 pidibus
2347 4512 2465 4584 eius
2495 4516 2609 4585 (56}
2625 4512 3126 4589 VDeuleronontt'um.
3146 4512 3209 4589 fit
3227 4516 3486 4589 quomodo
3503 4514 3626 4589 {egit

2114 4578 2249 4642 illud
2276 4578 2564 4641 ittnitribus
2595 4578 2761 4640 totius
2788 4586 2968 4654 populi
3008 4583 3194 4637 stantis
3236 4578 3287 4634 in
3332 4578 3625 4636 Garizinet

2114 4658 2276 4713 Cebaf
2304 4676 2321 4712 :
2363 4670 2409 4711 et
2442 4660 2704 4727 quomodo
2743 4657 2855 4727 (57)
2886 4664 3237 4709 convenerunt
3273 4670 3414 4723 reges
3432 4653 3625 4705 Amor-

2115 4732 2381 4784 rlraeorum
2422 4731 2676 4782 adversus
2704 4728 2911 4782 Jesunt.

2116 4825 2168 4880 1.
2214 4822 2577 4893 Posteaquam
2607 4817 3053 4876 subvertitlesus
3078 4816 3214 4888 liay.
3244 4816 3295 4869 id
3318 4826 3403 4871 est
3431 4830 3620 4883 cnaos,

2090 4965 2136 4998 ⁸⁵
2165 4964 2185 5020 l
2217 4962 2353 5034 Reg.
2384 4977 2476 5019 xv.
2568 4960 2615 4993 ⁸⁸
2646 4960 2813 5015 llebr.
2850 4974 2947 5022 xtt,
2991 4958 3046 5013 4.
3122 4956 3165 4987 ⁸⁷
3194 4953 3331 5010 .ioel.
3365 4970 3445 5019 Ill,
3484 4953 3541 5017 υ,
3572 4962 3627 5005 et

2038 5192 2191 5255 editi,
2233 5190 2422 5263 «inulli
2459 5188 2681 5260 penitus
2712 5186 2973 5263 hostium.
3012 5202 3030 5235 ›
3117 5253 3135 5263 _
3164 5253 3197 5263 Π
3223 5253 3235 5263 _

2110 5250 2223 5337 (55)
2264 5262 2431 5337 Idem,
2460 5250 2497 5310 ἰ
2546 5271 2599 5316 el
2642 5257 2974 5330 pugnabitis.
3044 5274 3063 5307 ι
3117 5253 3279 5309 Libb.
3320 5250 3474 5311 editi,
3510 5268 3528 5297 ι
3565 5257 3622 5301 et

2037 5331 2434 5403 expugnabilis.
2471 5349 2491 5384 ι
2516 5400 2542 5403 _
3002 5394 3014 5403 α
3245 5390 3265 5403 ,
3291 5392 3322 5403 η
3350 5391 3361 5403 _
3472 5401 3481 5403 _

2110 5386 2224 5475 ἱὸδ)
2263 5386 2446 5475 Code;
2510 5400 2848 5475 S_angerm._,_
2897 5414 2917 5448 α
2969 5394 3104 5460 ejus.
3166 5412 3186 5444 ι
3245 5386 3614 5475 Libinwedit‘i,

2040 5494 2059 5526 ¢
2109 5455 2581 5528 intersita.qu
2624 5455 2749 5540 post
2797 5455 2940 5540 idem
2982 5455 3183 5540 rits_.,_t
3241 5471 3307 5540 et
3342 5455 3617 5540 quomodo

2034 5546 2162 5615 legit
2196 5544 2327 5615 illud
2362 5544 2414 5596 in
2456 5528 2704 5615 auribus.
2745 5558 2764 5590 ι
2804 5537 2972 5615 Libb._
3008 5536 3222 5615 editi,_t
3258 5538 3313 5583 et
3342 5528 3619 5596 quomodo

2043 5603 2234 5683 reiegit
2261 5612 2416 5668 Jesus
2454 5612 2930 5666 Deuteronomium
2960 5608 3011 5658 in
3040 5603 3353 5683 auribus“
3464 5682 3473 5683 ί

2100 5667 2395 5755 (iﬁlldem
2451 5697 2575 5748 ms.,
2639 5698 2658 5732 ι
2717 5690 2772 5735 et
2817 5673 3112 5748 quomodo.
3161 5689 3182 5723 ι
3232 5668 3395 5726 Libb.
3452 5667 3615 5730 editi,

2034 5773 2055 5809 ι
2086 5757 2196 5813 ubi.
2239 5774 2260 5810 ι
