4146 6436
516 396 615 451 871

1983 384 2310 442 ORIGENIS

3674 404 3773 465 $72

518 531 571 575 et
598 531 789 571 omnes
843 513 1181 567 habitatores
1218 511 1338 580 ejus
1387 514 1610 578 exemit,
1654 513 1937 582 oportebat
1976 530 2096 568 eum
2128 516 2170 572 Α
2201 530 2303 584 ego
2352 515 2612 582 arbitror,
2666 519 2808 587 quod
2858 518 3169 589 quicunque
3217 536 3283 575 ex
3329 520 3484 576 vobis
3520 523 3786 592 lapidibus

521 612 741 673 dignum
807 606 1021 674 aliquod
1097 604 1189 658 tali
1254 613 1514 673 tantaque
1587 608 1815 660 victoria
1881 608 2097 660 excelso

517 701 762 756 omnimn
804 700 914 752 Deo
938 699 1055 768 (58)
1092 715 1288 753 munus
1339 698 1563 753 oﬂerrc.
1601 700 1738 766 Quid
1789 716 1917 771 ergo
1951 702 2096 754 istud

515 803 600 847 est
638 794 783 861 quod
822 791 933 859 agit
967 800 1087 858 post
1116 792 1427 853 victoriam,
1467 791 1786 846 videamus:
1834 812 1851 844 ι
1891 794 2095 849 ιΕιΙίῐί-

517 887 680 952 cavit,
712 887 889 954 inquit
917 886 988 951 ⁸⁸,
1020 884 1182 940 Iesus
1212 887 1385 941 altare
1430 886 1662 940 Domino
1690 888 1799 941 Deo
1831 888 1994 943 Israel
2041 890 2093 943 in

518 986 699 1029 urente
737 974 929 1039 Gebal,
976 984 1031 1028 et
1084 974 1211 1028 fecit
1261 974 1386 1027 illud
1414 976 1551 1029 sicut
1582 975 1841 1044 przeccpit
1875 974 2091 1046 Moyses

517 1065 752 1120 famulus
783 1066 993 1119 Domini
1024 1065 1149 1119 ﬁliis
1191 1065 1375 1119 lsracl.
1404 1065 1681 1132 Scriptum
1709 1076 1795 1121 est
1822 1077 2006 1120 autem
2040 1069 2091 1125 in

516 1161 635 1228 lege
684 1158 908 1227 Moysis,
939 1157 1111 1212 altare
1153 1157 1264 1211 ﬁcri
1308 1173 1379 1212 ex
1430 1158 1698 1228 lapidibus
1740 1159 1988 1229 integris,
2036 1160 2092 1213 in

513 1252 710 1317 quibus
737 1266 842 1303 non
877 1259 961 1303 est
992 1248 1248 1316 injectum
1293 1247 1522 1301 ferrum.
1564 1268 1582 1300 ι
1625 1247 1693 1302 Et
1734 1258 2090 1318 pesteaquam

515 1340 640 1393 fecit
686 1341 858 1395 altare
890 1339 1065 1402 Jesus,
1115 1357 1133 1389 ι
1165 1338 1424 1408 imposuit
1488 1339 1559 1393 ibi
1616 1340 1931 1395 holocausta
1989 1342 2091 1395 Do.

515 1435 681 1494 mino.
718 1443 770 1486 et
798 1432 1095 1487 immolavit
1120 1432 1453 1487 sacriﬁcium
1500 1432 1761 1486 salutaris
1794 1432 1941 1506 (59),
1980 1453 1997 1486 ο
2037 1446 2092 1490 ct

513 1534 631 1594 post
667 1523 992 1578 sacriﬁcium
1050 1543 1067 1575 ‹
1100 1525 1320 1593 scripsit
1351 1526 1402 1579 in
1447 1524 1721 1593 lapidibus
1755 1524 1914 1580 Iesus
1953 1526 2090 1581 Deu-

514 1616 894 1681 terouomium,
946 1615 1115 1683 legem
1152 1614 1343 1685 Moysi,
1387 1627 1439 1670 et
1473 1617 1697 1685 scripsit
1747 1632 1864 1671 eam
1896 1633 2085 1672 coram

511 1706 635 1761 ﬁliis
661 1706 823 1761 Israel
857 1728 867 1762 :
896 1717 949 1762 et
971 1720 1158 1761 omnes
1180 1710 1423 1763 seniores
1455 1710 1643 1774 Israel,
1675 1722 1727 1764 et
1753 1712 1989 1779 judices,
2023 1720 2076 1767 et

507 1800 696 1853 serihze
738 1814 924 1853 eorum
975 1801 1351 1867 praecedebant
1402 1800 1528 1855 hinc
1575 1811 1633 1856 et
1687 1803 1840 1857 illinc
1898 1819 2083 1856 arcam

2202 610 2345 664 vivis
2384 612 2490 678 apti
2522 619 2672 676 sunt,
2706 611 2759 665 iu
2808 612 2909 667 hoc
2942 614 3198 681 prompti,
3232 623 3288 666 ut
3318 616 3659 670 orationibus
3689 634 3784 669 va-

2202 711 2344 762 cent,
2381 711 2436 755 et
2466 711 2520 755 nt
2550 703 2637 757 die
2661 711 2933 772 noctuque
2961 703 3370 759 obsecrationes
3390 703 3621 760 oili-rant
3651 708 3782 769 Deo,

2199 801 2253 844 et
2282 792 2736 861 supplicationum
2776 795 3029 849 victimas
3083 796 3389 864 immolent,
3423 797 3523 867 ipsi
3560 810 3687 853 sunt
3716 815 3785 856 ex

2199 880 2396 949 quibus
2425 879 2583 936 Jesns
2612 883 2846 937 mdiﬁcat
2878 884 3069 939 altare.

2267 971 2321 1025 2.
2358 970 2462 1026 Sed
2495 972 2706 1028 intuere
2752 977 2879 1043 quid
2910 976 3087 1030 laudis
3135 977 3264 1045 ipsis
3297 978 3566 1047 lapidibus
3592 982 3782 1037 altaris

2197 1062 2514 1116 ascribitur.
2561 1082 2580 1114 ‹
2614 1062 2769 1119 Sicut
2815 1065 2970 1133 dixit,
3015 1069 3282 1137 inquit",
3319 1070 3599 1140 legislator
3632 1075 3781 1144 Moy-

2196 1168 2306 1215 ses,
2359 1155 2615 1209 aediﬁcari
2661 1156 2833 1212 altare
2878 1174 2942 1212 ex
2979 1158 3249 1228 lapidibus
3303 1161 3535 1232 integris
3582 1165 3781 1233 quibus

2194 1243 2398 1298 ferrum
2432 1262 2536 1301 non
2566 1258 2651 1302 est
2683 1249 2963 1318 injectum.
2991 1270 3010 1302 ι
3054 1251 3155 1317 Qui
3187 1262 3347 1321 putas
3373 1264 3498 1308 sunt
3528 1256 3613 1310 isti
3650 1258 3784 1312 iule-

2193 1336 2545 1407 grilapides?
2591 1339 2752 1396 Novit
2802 1341 3223 1412 uniuscujusque
3275 1345 3606 1400 conscientia
3657 1349 3780 1417 quis

2192 1427 2262 1500 sit
2300 1428 2523 1498 integer,
2554 1432 2675 1499 quis
2703 1432 2775 1487 sit
2809 1434 3176 1502 incorruptus,
3214 1434 3548 1504 impollutus,
3586 1436 3780 1495 imma-

2191 1520 2403 1574 culatus
2431 1522 2483 1574 in
2517 1538 2683 1578 carne
2712 1532 2766 1578 et
2812 1524 2861 1578 in
2890 1525 3084 1594 spiritu
3117 1544 3131 1580 :
3165 1527 3287 1595 quis
3322 1528 3394 1582 sit
3430 1529 3517 1583 ille
3543 1532 3629 1583 cui
3667 1531 3777 1585 fer--

2192 1631 2308 1668 rum
2362 1616 2622 1685 injectum
2676 1614 2789 1672 non
2830 1629 2933 1682 est,
2984 1620 3034 1672 id
3090 1626 3173 1673 est
3203 1619 3295 1688 qui
3338 1621 3519 1689 jacula
3552 1623 3773 1695 maligni

2192 1704 2358 1774 ignita
2391 1706 2847 1775 concupiscentia:
2882 1722 2986 1760 non
3021 1707 3243 1775 recepit,
3290 1707 3387 1761 sed
3429 1718 3585 1762 scuto
3612 1725 3675 1763 ea
3707 1710 3774 1763 ﬁ-

2191 1798 2274 1851 dei
2307 1798 2575 1853 exstinxit
2608 1809 2659 1854 et
2690 1799 2887 1868 repulit
2920 1817 2933 1853 :
2968 1800 3053 1853 vel
3100 1801 3226 1869 quis
3255 1810 3339 1855 est
3386 1800 3495 1864 ille,
3532 1801 3622 1868 qui
3659 1799 3772 1856 fer-

508 1891 813 1944 testamenti
862 1889 1098 1946 Domini.
1136 1912 1154 1943 ι
1197 1892 1493 1949 Videamus
1545 1910 1675 1965 ergo
1718 1896 1845 1963 quid
1905 1898 1957 1950 iu
2001 1898 2085 1953 his
2117 1875 2159 1929 Β
2191 1910 2309 1947 rum
2347 1909 2559 1964 pugnae,
2614 1894 2815 1947 ferrqu
2865 1895 3016 1958 belli,
3050 1895 3255 1949 ferrum
3289 1894 3462 1949 litium
3494 1910 3774 1963 nunquam

503 1989 756 2041 omnibus
802 1988 1092 2055 indicetur,
1149 1998 1204 2042 et
1255 1990 1384 2057 quid
1435 2005 1676 2057 praesens
1720 1990 1884 2044 lectio
1929 1992 2084 2046 nobis

501 2079 883 2135 aediﬁcationis
910 2082 1178 2149 acquirat.
1214 2079 1416 2134 Omnes
1457 2081 1549 2149 qui
1592 2081 1644 2135 in
1680 2080 1866 2136 .lcsum
1919 2083 2083 2136 Chri-

501 2180 645 2224 stum
673 2170 964 2236 credimus,
988 2171 1194 2241 lapides
1216 2172 1316 2225 vivi
1349 2186 1470 2225 esse
1496 2172 1754 2235 dicimur,
1783 2176 2081 2227 secundum

501 2262 643 2329 quod
675 2260 955 2328 Scriptura
981 2262 1318 2332 pronuntiat,
1349 2263 1537 2317 dicens
1575 2263 1621 2295 ⁸³
1652 2281 1665 2317 :
1705 2283 1723 2315 ι
1758 2264 1865 2319 Vos
1900 2276 2080 2320 autem

507 2351 642 2404 estis
668 2350 872 2419 lapides
899 2352 1030 2417 vivi,
1068 2352 1324 2407 aediﬁcati
1360 2352 1551 2408 domus
1594 2353 1853 2423 spiritalis
1897 2355 1951 2410 in
1995 2371 2083 2410 sa-

499 2442 742 2497 cerdotio
810 2454 1033 2509 sancto,
1103 2454 1163 2498 ut
1216 2445 1459 2501 offeratis
1516 2430 1792 2515 Spiritales
1847 2449 2077 2516 hostias,

499 2534 861 2603 acceptabiles
885 2535 993 2591 Deo
1018 2552 1115 2604 per
1135 2536 1322 2591 .lcsum
1354 2538 1661 2592 Christum.
1684 2558 1702 2590 ›
1722 2538 1872 2594 Sicut
1900 2551 2078 2596 autem

499 2627 553 2679 in
591 2627 707 2680 istis
732 2628 1261 2697 terrenislapldibus
1293 2631 1574 2685 observari
1617 2632 1888 2699 novimus,
1923 2643 1982 2688 ut
2017 2634 2067 2688 hi

498 2718 716 2788 quidem
750 2718 957 2789 lapides
990 2721 1081 2788 qui
1124 2720 1417 2776 validiores
1457 2732 1584 2777 sunt
1617 2734 1671 2777 et
1721 2725 2077 2793 potentiores,

498 2807 657 2877 primi
703 2810 754 2863 in
815 2809 1171 2864 fundamenta
1203 2811 1501 2881 jaciantur,
1553 2824 1612 2867 ut
1659 2815 1793 2884 ipsis
1836 2818 1982 2873 credi
2027 2828 2081 2873 et

498 2903 787 2969 superponi
828 2904 1002 2971 possit
1051 2903 1218 2957 totius
1248 2906 1467 2961 aedificii
1515 2909 1769 2977 pondus:
1812 2910 1904 2965 alii
1948 2928 2080 2967 vero

497 2994 587 3058 qui
638 3005 926 3064 sequentes
974 3006 1124 3059 sunt,
1172 2996 1223 3050 id
1275 3007 1357 3051 est
1413 2998 1572 3065 paulo
1614 3000 1720 3054 illis
1761 3000 2075 3069 inferiores,

501 3086 733 3153 proximi
772 3086 876 3139 illis
921 3088 1012 3155 qui
1046 3089 1098 3143 in
1137 3087 1490 3142 fundamento
1533 3100 1679 3155 sunt,
1719 3092 2073 3159 ordinentur;

2190 1988 2412 2055 recepit,
2445 1986 2537 2041 sed
2599 2002 2815 2055 semper
2864 1988 3121 2056 pacificus
3149 1985 3272 2051 fuit,
3317 1999 3530 2053 semper
3557 1985 3774 2053 quietus

2186 2087 2239 2131 et
2270 2078 2439 2142 mitis,
2488 2093 2555 2131 ex
2589 2078 2799 2132 Christi
2853 2078 3156 2132 humilitate
3204 2077 3469 2131 formatus
3500 2076 3635 2146 (65).
3678 2075 3770 2130 Isti

2186 2178 2310 2223 sunt
2351 2184 2480 2235 ergo
2530 2168 2735 2238 lapides
2766 2170 2895 2233 vivi,
2955 2185 3021 2223 ex
3075 2169 3273 2239 quibus
3319 2169 3482 2225 .lesus
3516 2170 3774 2223 Dominus

2185 2270 2373 2314 noster
2404 2261 2577 2315 altare
2610 2262 2915 2315 construxit
2962 2276 3028 2315 ex
3059 2262 3327 2331 lapidibus
3361 2262 3604 2329 integris,
3653 2260 3777 2329 qui-

2185 2350 2285 2405 bus
2320 2350 2527 2404 ferrum
2561 2365 2669 2405 non
2701 2360 2787 2405 est
2836 2352 3117 2419 injectum,
3173 2361 3233 2406 ut
3260 2350 3453 2406 ollerat
3488 2367 3650 2421 super
3677 2366 3768 2404 eos

2189 2442 2503 2496 holocausta
2550 2453 2605 2498 et
2650 2443 2978 2499 sacriﬁciqu
3032 2444 3245 2502 salutis.
3290 2445 3401 2515 Ego
3440 2456 3567 2514 puto
3624 2442 3770 2513 quod

2185 2530 2324 2585 forte
2357 2532 2443 2585 isti
2484 2531 2617 2586 tales
2649 2532 2855 2601 lapides
2877 2534 3071 2603 integri
3098 2544 3151 2589 et
3178 2535 3614 2598 incontaminati,
3643 2549 3774 2588 san-

2183 2624 2253 2677 cti
2289 2622 2525 2690 apostoli
2560 2637 2679 2677 esse
2714 2625 2943 2692 possint,
2999 2640 3189 2680 omnes
3216 2627 3375 2681 simul
3403 2627 3574 2681 altare
3601 2641 3768 2680 unum

2184 2712 2448 2766 facientes
2476 2722 2707 2783 propter
2752 2715 3167 2769 unanimitatem
3204 2727 3364 2784 atque
3394 2716 3767 2771 concordiam.

2184 2800 2274 2856 Sic
2307 2803 2451 2855 enim
2485 2801 2797 2857 referuntur
2826 2817 3019 2859 omnes
3058 2805 3216 2858 simul
3250 2804 3578 2857 unanimiter
3607 2819 3768 2858 oran-

2181 2901 2283 2959 tes,
2316 2902 2369 2947 et
2396 2895 2705 2963 aperientes
2733 2909 2794 2950 os
2821 2910 2975 2950 suum
3004 2898 3203 2951 dixisse
3225 2896 3270 2927 ⁸³
3303 2915 3315 2949 ;
3350 2916 3366 2946 ι
3394 2896 3493 2960 Τυ,
3520 2894 3765 2957 Domine,

2181 2986 2274 3055 qui
2324 2987 2488 3041 corda
2520 2988 2763 3041 omnium
2819 2990 2982 3042 nosti.
3011 3008 3030 3041 ι
3096 2989 3188 3043 Isti
3220 3002 3347 3058 ergo
3395 2990 3484 3055 qui
3517 2993 3764 3056 poterant

2182 3080 2488 3141 unanimes,
2541 3095 2644 3132 una
2677 3094 2809 3133 voce
2863 3091 3025 3148 atque
3066 3098 3171 3135 uno
3220 3083 3413 3150 spiritu
3457 3094 3632 3144 orare,
3665 3080 3766 3148 ipsi

493 3176 585 3245 qui
640 3190 767 3229 νει-ο
828 3177 946 3245 plus
1002 3178 1297 3232 inferiores
1343 3187 1490 3245 sum,
1549 3180 1707 3248 paulo
1747 3183 1999 3251 superius
2046 3199 2074 3236 η
2105 3210 2148 3267 c
2186 3168 2414 3223 fortasse
2456 3167 2599 3236 digni
2633 3169 2878 3237 suntqui
2922 3171 3373 3267 debeant-omnes
3405 3170 3566 3267 simul
3593 3184 3758 3267 unum

496 3268 898 3335 fundamentis;
932 3280 1043 3323 tum
1075 3270 1269 3325 deinde
1301 3269 1354 3323 in
1392 3274 1807 3341 comparatione
1837 3276 2076 3345 lapidum

492 3362 586 3429 qui
650 3362 982 3417 infirmiores
1036 3375 1182 3428 sunt,
1237 3364 1289 3418 in
1350 3367 1751 3436 superioribus,
1809 3379 1863 3422 ct
1909 3385 2079 3440 prope

495 3451 607 3516 ipsa
650 3449 762 3518 jam
809 3452 933 3504 tecti
986 3450 1204 3521 fastigia
1241 3454 1620 3522 collocentur;
1679 3458 1755 3512 ita
1809 3474 1954 3514 nunc
1996 3462 2081 3514 in-

496 3534 676 3605 telligo
706 3538 870 3590 etiam
902 3540 969 3592 de
1006 3540 1279 3609 lapidibus
1307 3545 1445 3597 vivis
1471 3560 1590 3598 esse
1624 3546 1842 3615 aliquos
1867 3549 1918 3602 in
1955 3548 2079 3603 furt-

490 3628 764 3684 damentis
783 3630 942 3698 hujus
960 3632 1226 3699 spiritalis
1250 3633 1488 3690 aediﬁcii.
1508 3635 1617 3701 Qui
1640 3647 1822 3690 autem
1845 3650 1971 3694 sunt
1989 3641 2076 3695 isti

490 3722 581 3787 qui
636 3724 687 3774 in
746 3721 1114 3777 fundamentis
1143 3724 1481 3778 collocantur
1526 3728 1549 3780 ?
1585 3728 1828 3797 Apostoli
1864 3741 1920 3785 et
1946 3747 2076 3800 pro-

490 3816 688 3881 phetae.
723 3811 812 3866 Sic
852 3814 997 3867 enim
1030 3814 1161 3867 dicit
1198 3813 1419 3881 Paulus,
1453 3816 1571 3872 haec
1604 3819 1719 3887 ipse
1746 3820 1948 3876 docens
1977 3823 2022 3853 ⁹⁰
2058 3843 2069 3876 :

497 3922 517 3956 ι
553 3903 859 3967 ιιΕιΙίίὶυίιιί,
911 3905 1119 3974 inquit,
1183 3923 1348 3977 supra
1393 3910 1807 3966 fundamentum
1857 3927 2076 3983 aposto-

491 3997 665 4050 Iut'unt
704 4007 756 4050 et
788 3998 1202 4066 praphetarum,
1259 4000 1378 4069 ipso
1417 4018 1633 4057 summo
1676 4006 1921 4073 angulari
1962 4006 2074 4079 (60)

486 4090 655 4163 5.19
685 4091 863 4160 lapide
909 4090 1126 4145 Christo
1157 4090 1286 4145 Jesu
1322 4092 1552 4150 Domino
1585 4106 1788 4151 nostro.
1813 4118 1831 4150 ι
1879 4097 1949 4153 Ut
1975 4116 2075 4153 au-

490 4194 596 4234 tem
628 4183 1018 4251 promptiorem
1055 4191 1107 4235 te
1145 4197 1435 4251 prmpares,
1470 4200 1502 4239 ο
1533 4186 1775 4252 auditor,
1816 4188 1883 4242 ad
1918 4188 2076 4256 hujus

485 4274 702 4329 aalifieii
737 4275 1225 4339 constructionem,
1278 4285 1337 4329 ut
1385 4276 1517 4345 lapis
1549 4276 1743 4347 aliquis
1779 4278 2075 4334 inveniaris

487 4368 718 4421 vicinior
744 4368 1122 4436 fundamento,
1158 4369 1305 4422 disce
1332 4369 1454 4437 quia
1480 4379 1531 4422 et
1565 4369 1675 4437 ipse
1700 4370 1946 4426 Christus
1976 4373 2074 4425 hu-

482 4460 568 4527 jus
590 4461 734 4529 quod
760 4477 904 4516 nunc
929 4463 1315 4530 descripsimus
1343 4462 1478 4532 (ﬁl),
1508 4462 1718 4516 aedilicii
1747 4462 2070 4517 fundamen-

2182 3260 2353 3314 altare
2385 3269 2725 3327 construere,
2772 3276 2934 3331 super
2961 3263 3101 3330 quod
3138 3260 3295 3317 Iesus
3325 3263 3655 3317 sacriﬁcium
3682 3262 3765 3315 of-

2184 3353 2316 3407 ferat
2348 3351 2523 3406 Patri.
2567 3352 2770 3406 Tamen
2806 3362 2857 3407 et
2911 3369 3011 3408 nos
3038 3363 3306 3409 tentemus
3349 3356 3477 3408 dare
3518 3370 3765 3423 operam,

2181 3449 2239 3494 ut
2259 3442 2445 3495 eadem
2471 3442 2716 3496 dicamus
2743 3456 2931 3496 omnes
2960 3444 3288 3498 unanimiter
3314 3444 3424 3515 (64)
3452 3461 3613 3499 unum
3639 3460 3766 3499 seu-

2184 3534 2384 3586 tientes
2424 3551 2438 3587 :
2473 3534 2607 3587 nihil
2634 3550 2730 3603 per
2754 3536 3186 3600 contentionem,
3227 3552 3399 3604 neque
3428 3552 3523 3604 per
3550 3538 3762 3591 inanem

2180 3617 2405 3685 gloriam
2432 3631 2707 3690 gerentes,
2733 3622 2829 3676 sed
2865 3622 2915 3675 in
2949 3638 3054 3675 uno
3083 3639 3267 3691 sensu,
3293 3636 3456 3695 atque
3492 3626 3544 3680 in
3570 3628 3760 3680 eadem

2183 3712 2456 3765 sententia
2487 3723 2892 3783 permanentes,
2931 3715 2975 3769 si
2999 3714 3137 3770 forte
3162 3719 3432 3786 possimus
3466 3721 3628 3774 etiam
3665 3734 3763 3774 nos

2179 3804 2290 3869 apti
2324 3801 2460 3856 eﬂici
2507 3804 2715 3874 lapides
2749 3806 2816 3859 ad
2866 3806 3066 3861 altare.
3111 3807 3226 3862 Non
3256 3812 3400 3863 enirn
3434 3811 3633 3865 deserit
3664 3826 3760 3865 nos

2177 3891 2335 3948 Jesus
2366 3894 2626 3951 Dominus
2662 3906 2848 3952 noster
2886 3916 2899 3958 ;
2954 3899 3047 3953 sed
3086 3902 3341 3968 quamvis
3374 3918 3469 3957 nos
3499 3912 3760 3957 vacantes

2178 3984 2435 4050 orationi,
2472 4004 2490 4035 ‹
2516 3985 2644 4054 quid
2673 4002 2895 4042 oremus
2923 3991 3220 4044 secundum
3254 3992 3397 4060 quod
3428 4001 3641 4061 oportet
3665 4008 3760 4045 ne-

2178 4076 2439 4143 sciamus,
2493 4077 2608 4146 ipse
2639 4088 2815 4132 tamen
2855 4080 3081 4149 Spiritus
3112 4081 3422 4151 interpellat
3474 4099 3572 4153 pro
3600 4084 3760 4139 nobis

2178 4168 2471 4237 gemitibus
2502 4169 2959 4226 inenarrabilibus
2979 4173 3047 4228 “.
3075 4192 3092 4224 ι
3136 4173 3396 4229 Dominus
3441 4189 3620 4229 autem
3647 4179 3755 4246 spi-

2180 4261 2314 4315 ritus
2341 4268 2442 4314 est.
2488 4257 2545 4313 Si
2598 4274 2730 4329 ergo
2780 4262 3061 4316 orationes
3109 4276 3325 4318 nosrras
3359 4264 3584 4334 spiritus
3611 4266 3755 4334 adju-

2178 4360 2289 4415 vet,
2323 4360 2377 4405 et
2402 4349 2595 4405 oﬂ‘erat
2621 4366 2714 4405 eas
2742 4350 2889 4405 Patri
2914 4352 3156 4407 omnimn
3188 4355 3295 4408 Deo
3328 4356 3614 4423 gemitibus
3637 4357 3758 4427 qui-

2179 4444 2277 4497 bus
2305 4458 2403 4497 nos
2435 4442 2714 4512 explicare
2753 4458 2860 4496 non
2910 4459 3217 4512 possumus,
3253 4456 3460 4499 eertum
3508 4458 3589 4501 est
3623 4454 3753 4517 quia

486 4562 727 4608 tumes,-
770 4550 859 4606 δίο
896 4554 1038 4606 enim
1089 4554 1220 4607 dicit
1270 4556 1549 4624 apostolus
1602 4554 1865 4609 panius“
1903 4556 2014 4627 (62)
2051 4574 2064 4610 ;
2100 4549 2148 4607 υ
2177 4545 2231 4589 et
2281 4534 2469 4591 altaris
2515 4534 2979 4589 constructionem
3028 4535 3259 4590 sollicite
3289 4536 3531 4603 requirat
3576 4553 3604 4590 a
3654 4554 3755 4592 no-

489 4645 969 4699 «Fundamentum
1023 4646 1166 4699 enim
1216 4647 1360 4698 aliud
1412 4662 1570 4699 nemo
1619 4656 1796 4716 potest
1843 4662 2066 4716 ponere,

484 4747 681 4805 printer
708 4737 760 4789 id
786 4737 926 4804 quod
954 4737 1186 4806 positum
1204 4747 1303 4801 est,
1320 4738 1461 4806 quod
1479 4750 1560 4793 est
1584 4738 1831 4792 Christus
1851 4736 2029 4794 Jesus.
2043 4759 2061 4793 ι

485 4828 630 4881 Beati
664 4844 794 4898 ergo
823 4830 914 4897 qui
947 4844 1108 4899 supra
1135 4830 1275 4885 istud
1311 4841 1415 4885 tam
1442 4831 1622 4885 nobile
1649 4831 2063 4887 fundamentum

479 4906 705 4975 aedificia
757 4922 1008 4992 religiosa
1057 4934 1109 4977 et
1156 4934 1343 4979 sancta
1395 4926 1819 4979 construxeriut.
1864 4925 1969 4979 Sed
2007 4926 2059 4979 in

483 5014 582 5066 hoc
607 5012 835 5067 aediﬁcio
868 5014 1122 5070 Ecclesiae
1167 5026 1382 5085 oportet
1432 5031 1551 5072 esse
1582 5026 1635 5070 et
1668 5017 1858 5071 altare.
1904 5016 2057 5072 Unde

549 5127 597 5160 “
624 5126 736 5182 Jos.
770 5144 883 5193 vui,
909 5128 997 5188 50,
1047 5130 1139 5195 51,
1176 5131 1265 5195 '52,
1304 5130 1395 5184 '53.
1509 5130 1554 5162 ⁸⁸
1583 5131 1601 5185 I
1629 5130 1747 5187 Pet.
1777 5146 1837 5199 ιι,
1880 5130 1937 5186 5.

476 5201 521 5231 ’³
547 5201 665 5254 Act.
695 5215 732 5265 t,
760 5199 852 5255 24.
931 5200 976 5230 ’δ
998 5199 1156 5255 Rtuu.
1182 5217 1302 5267 vm,
1322 5201 1411 5256 26.

546 5342 658 5412 (58)
700 5341 828 5395 Deo.
859 5342 1021 5397 Deest
1051 5343 1104 5396 in
1140 5342 1293 5397 libris
1326 5355 1484 5399 antea
1522 5346 1702 5409 editis,
1736 5346 1828 5400 sed
1857 5355 2039 5400 exstat

474 5414 528 5469 in
559 5414 961 5483 tnanuscriptis.
992 5412 1159 5485 Paulo
1184 5424 1301 5481 post
1320 5417 1492 5470 codex
1526 5416 2041 5485 Sangertnaneusis,

478 5503 496 5535 ι
528 5485 671 5553 quod
704 5485 779 5536 ait
806 5494 925 5553 post
952 5484 1264 5538 victoriam.
1304 5504 1321 5536 ι

478 5616 490 5626 ο
542 5553 657 5626 (59)
698 5554 880 5626 Codex
922 5555 1434 5626 sangermauensis,
1486 5573 1505 5607 ε
1559 5556 1771 5612 salutis.
1811 5574 1831 5608 ι
1865 5557 2040 5626 Atque

478 5624 549 5670 ita
583 5624 745 5675 habet
771 5624 1192 5681 Gemeticettsis.

542 5692 652 5767 (60)
689 5692 960 5767 Cernetic.
992 5706 1046 5749 et
1070 5697 1175 5767 duo
1207 5695 1451 5759 Ebroic.,
1485 5713 1504 5747 ι
1545 5697 1660 5767 ipso
1696 5713 1910 5752 summo
1949 5713 2043 5752 an-

473 5762 667 5833 gulari.
691 5779 722 5833 3
760 5763 812 5814 In
846 5765 996 5833 libris
1028 5765 1190 5819 editis
1219 5767 1389 5829 deest,
1425 5784 1443 5817 ι
1492 5762 1729 5822 summo.
1763 5788 1781 5821 ι

542 5828 653 5900 (61)
680 5830 812 5886 Cod.
844 5832 1034 5904 Sang.,
1068 5852 1086 5885 ι
1114 5828 1542 5893 Οιιτὶειιιείιιθευε
1586 5854 1743 5907 quem
1780 5852 1923 5894 nunc
1953 5838 2045 5892 dc-

2035 5132 2081 5163 ⁹⁰
2138 5130 2337 5200 Ephes.
2383 5144 2440 5190 ll,
2488 5126 2579 5181 20.

2176 4626 2281 4681 bis.

2242 4722 2296 4775 5.
2329 4720 2433 4775 Sed
2464 4720 2698 4773 nondum
2730 4719 2920 4788 plenus
2953 4716 3140 4771 altaris
3166 4727 3389 4772 ornatus
3423 4728 3525 4782 est,
3557 4718 3751 4772 etiam-

2172 4813 2216 4866 si
2253 4827 2317 4867 ex
2355 4812 2581 4882 integris
2612 4812 2877 4881 lapidibus
2904 4821 3272 4875 construatur,
3305 4812 3517 4866 etiamsi
3545 4812 3751 4868 ferrum

2167 4906 2248 4960 eis
2298 4914 2352 4958 et
2400 4903 2637 4972 jaculmu
2690 4903 2908 4972 maligni
2961 4921 3063 4959 non
3122 4904 3427 4958 inveniatur
3463 4905 3745 4973 injectum,

2170 4998 2264 5052 sed
2321 4998 2498 5049 adhuc
2552 4996 2708 5049 deest
2749 4995 2969 5064 aliquid,
3022 5004 3075 5048 et
3126 4996 3301 5050 adhuc
3353 5005 3435 5050 est
3482 4998 3626 5067 quod
3670 4999 3754 5060 his

2684 5125 2920 5182 "ICor.
2960 5142 3042 5195 tu,
3073 5129 3160 5183 II.
3269 5130 3315 5161 θ’
3342 5128 3451 5185 Jos.
3489 5145 3605 5197 vtu,
3646 5129 3736 5185 5I.

2154 5341 2492 5409 scripsimus.
2518 5358 2537 5391 ι

2217 5406 2331 5481 (ϋῖ)
2365 5408 2593 5463 Paulus.
2646 5410 2809 5465 Deest
2838 5408 2889 5463 in
2926 5407 3078 5463 libris
3110 5408 3292 5475 editis,
3348 5406 3446 5463 sed
3475 5414 3653 5463 exstat
3684 5406 3734 5463 in

2142 5484 2396 5540 omuibus
2433 5496 2566 5534 mss.
2966 5514 2977 5527 ι

2216 5551 2538 5627 (65)_Codex_
2573 5550 3069 5627 Sangermanensis
3100 5564 3226 5604 cum
3259 5564 3367 5627 uno
3398 5545 3735 5627 Ebroicensi,

2148 5646 2166 5678 ι
2192 5617 2258 5680 ex
2290 5617 2492 5679 Christi
2528 5617 2837 5674 humilitate
2874 5618 3157 5675 formatus.
3189 5638 3205 5670 ι
3252 5621 3404 5673 Alter
3440 5617 3737 5671 Ebroicen~

2144 5697 2242 5759 sis,
2282 5713 2298 5744 ι
2321 5702 2374 5747 et
2402 5692 2604 5747 Christi
2641 5690 2948 5744 humilitate
2982 5692 3322 5744 informatus.
3348 5708 3366 5741 ι
3399 5687 3548 5744 Ιιὶὺι).
3579 5684 3733 5751 editi,

2153 5785 2170 5818 ι
2198 5777 2252 5820 et
2280 5763 2479 5819 Christi
2516 5762 2808 5815 humilitati
2844 5762 3242 5815 conformatus.
3277 5778 3295 5809 ι

2219 5835 2331 5908 (64)
2361 5835 2541 5890 Codex
2580 5831 2892 5902 Saugerm.,
2927 5850 2944 5883 ι
2969 5830 3269 5886 unanimes.
3299 5849 3317 5882 ι
