4146 6374
437 426 509 479 '73
1407 417 1468 472 IN
1514 417 1771 474 LIBRUM
1811 413 1975 471 JESU
2016 413 2201 468 NAVE
2243 414 2529 471 IIOMIIJA
2569 414 2658 469 IX.

3560 418 3666 472 874

401 544 660 601 omnibus
688 540 910 608 adjiciat
939 539 1119 593 .Iesus.
1175 538 1313 605 Quid
1363 539 1493 592 illud
1524 540 1649 592 est?
1694 556 1709 587 ι
1736 538 1987 607 Scripsit,
2027 540 2063 592 Α
2099 538 2573 593 Deuteronomium
2609 536 2831 601 scribat,
2868 546 2925 590 ut
2958 539 3249 592 secundam
3283 538 3453 609 legem
3484 537 3535 593 in
3560 552 3680 594 cor-

406 634 679 705 inquit",
733 632 891 686 Jesus
940 646 1103 700 super
1153 629 1358 698 lapides
1404 628 1593 682 altaris
1647 628 1976 681 Deuterono-

399 730 591 789 mium,
648 725 817 793 legem
869 723 1056 788 Mosei,
1093 732 1145 777 et
1178 721 1394 789 scripsit
1426 735 1546 773 eam
1597 720 1648 773 in
1685 730 1985 787 conspectu

401 819 637 873 ﬁliormn
670 815 858 869 Israel.
888 835 906 867 ι
954 813 1248 881 Scripserit
1272 811 1543 879 quomodo
1587 811 1823 878 potuerit
1858 820 1988 863 tunc

400 912 544 967 ﬁlius
575 910 725 965 Nave
770 925 936 978 super
972 907 1175 976 lapides
1209 905 1397 957 altaris
1432 903 1605 973 legem
1655 902 1983 965 describere,

397 1011 454 1057 et
486 1010 649 1071 prout
678 1000 844 1053 valuit
876 994 1281 1050 adumbraverit
1314 1002 1491 1063 typos,
1519 1007 1615 1045 nos
1655 992 1870 1045 interim
1904 993 1989 1044 vi-

393 1094 618 1148 deamus
645 1090 913 1158 quomodo
965 1098 1146 1141 noster
1171 1084 1329 1140 .Iesas
1362 1085 1414 1138 in
1462 1083 1741 1152 lapidibus
1764 1084 1906 1138 vivis
1932 1093 1987 1137 et

397 1185 624 1253 integris
650 1182 870 1251 scripsit
900 1180 1404 1240 Deuteronomium,
1439 1176 1579 1244 quod
1601 1176 1757 1245 quasi
1790 1190 1986 1228 secun-

398 1278 464 1329 da
500 1276 768 1343 legislatio
819 1274 1037 1326 dicitur.
1084 1274 1142 1325 Si
1176 1288 1306 1340 ergo
1354 1272 1435 1323 vis
1473 1270 1657 1323 videre
1707 1270 1984 1338 quomodo

398 1367 572 1435 prima
606 1365 721 1434 lege
750 1364 1020 1416 inﬁrmata
1049 1362 1345 1417 secundam
1378 1359 1546 1429 legem
1575 1360 1779 1413 scribat
1802 1358 1982 1414 Jesus.

396 1458 520 1511 audi
554 1472 675 1515 eum
728 1455 779 1508 in
812 1454 1118 1523 Evangeliis
1152 1454 1422 1508 dicentem
1447 1455 1495 1486 "
1536 1471 1549 1507 :
1612 1470 1630 1503 (
1666 1450 1875 1505 Dictmu
1903 1460 1985 1505 cst

398 1548 639 1615 antiquis
671 1564 682 1600 :
723 1545 836 1599 Non
867 1546 1102 1600 occides.
1142 1545 1256 1614 Ego
1288 1556 1468 1600 autem
1498 1545 1620 1598 dico
1646 1544 1824 1606 vobis,
1858 1544 1983 1612 quia

400 1640 581 1693 omnis
611 1638 703 1707 qui
734 1638 992 1692 irascitur
1040 1638 1192 1691 fratri
1230 1652 1351 1701 suo,
1388 1636 1663 1691 homicida
1712 1644 1815 1689 est.
1843 1654 1860 1686 ι
1920 1633 1987 1687 Ει

398 1731 592 1785 iterum
617 1730 661 1761 "
692 1744 706 1782 :
746 1747 765 1780 ‹
795 1729 1001 1781 Dictum
1030 1737 1110 1783 est
1135 1728 1375 1797 antiquis
1413 1745 1427 1781 :
1458 1725 1575 1781 Non
1601 1726 1982 1781 maschaberis.

398 1823 511 1890 Ego
540 1830 721 1875 autem
762 1822 882 1874 dico
929 1821 1106 1883 vobis,
1145 1819 1205 1876 Si
1228 1820 1351 1889 quis
1384 1819 1659 1889 aspexerit
1696 1819 1980 1874 mulierem

2095 632 2251 683 dibus
2296 630 2636 684 credentium
2686 629 2831 696 ﬁgat,
2885 640 3048 699 atque
3098 632 3151 684 in
3186 646 3372 684 eorum
3406 632 3678 686 mentibus

2093 722 2181 790 qui
2229 722 2294 774 ad
2332 721 2522 775 altaris
2551 722 3013 774 constructionem
3069 722 3212 790 digni
3249 722 3550 789 sunteligi,
3599 724 3678 779 te-

2093 829 2212 881 gem
2246 815 2469 882 spiritus
2518 815 2712 883 signet.
2751 812 2948 867 Statim
2984 830 3219 882 namque
3249 824 3304 867 ut
3338 816 3461 883 quis
3498 816 3682 870 credi-

2092 904 2235 957 derit
2278 901 2406 958 .Iesu
2439 904 2678 968 Christo,
2733 914 2783 957 ct
2817 905 2898 958 lex
2932 905 3206 974 Evangelii
3256 906 3309 960 in
3346 906 3466 973 ejus
3514 907 3679 961 corde

2092 991 2361 1061 descripta
2403 1000 2508 1055 est,
2555 1002 2610 1047 et
2656 992 2708 1045 in
2749 1006 3047 1063 conspectu
3103 995 3334 1049 ﬁliorum
3370 995 3533 1051 Israel
3585 999 3681 1052 de-

2092 1084 2317 1153 scripta.
2359 1083 2603 1138 Aderant
2635 1086 2778 1139 enim
2813 1096 2939 1141 tunc
2974 1102 3094 1140 eum
3150 1088 3240 1142 tibi
3273 1098 3678 1144 sacramentum

2092 1177 2213 1233 ﬁdei
2247 1177 2585 1240 tradebatur,
2620 1179 2871 1235 ccelesles
2902 1180 3159 1243 virtutes,
3193 1182 3491 1237 ministeria
3517 1198 3683 1254 ange-

2092 1271 2295 1334 lorum,
2330 1269 2573 1324 Ecclesia
2615 1271 3039 1339 primitivorum.
3081 1273 3135 1326 Si
3166 1274 3307 1327 enim
3348 1284 3493 1330 recte
3521 1276 3680 1330 intel-

2090 1361 2320 1431 ligatntts
2367 1363 2624 1417 Israeletn
2670 1364 2779 1417 dici
2823 1377 3002 1419 mente
3039 1366 3207 1420 Deum
3244 1370 3543 1433 videntem,
3595 1386 3681 1424 re-

2092 1452 2333 1504 ctissime
2366 1453 2470 1505 hoc
2498 1451 2567 1506 de
2601 1454 2867 1508 ministris
2897 1456 3102 1526 angelis
3136 1459 3309 1527 magis
3335 1459 3554 1523 dicitur,
3594 1476 3685 1513 se-

2090 1541 2326 1594 cundum
2366 1542 2579 1596 Domini
2615 1546 2965 1609 sententiam,
3005 1547 3239 1603 dicentis
3269 1550 3336 1604 de
3361 1550 3681 1614 infantibus.

2088 1633 2231 1701 quod
2267 1643 2320 1688 et
2375 1642 2428 1686 tu
2460 1633 2612 1689 fuisti
2665 1636 2847 1691 infans
2882 1638 2933 1691 in
2964 1640 3257 1707 baptismo,
3294 1644 3420 1712 quia
3461 1646 3681 1714 «angeli

2087 1738 2278 1777 eorum
2311 1739 2529 1796 semper
2558 1726 2744 1781 vident
2790 1727 2982 1783 faciem
3020 1729 3200 1786 Patris
3231 1735 3332 1788 mei
3361 1736 3450 1804 qui
3482 1736 3533 1791 in
3569 1751 3685 1792 cm-

2090 1812 2159 1868 lis
2192 1823 2274 1869 est
2299 1815 2339 1868 ⁵.
2370 1836 2387 1866 ι
2433 1817 2629 1871 Coram
2675 1819 2794 1872 istis
2830 1820 2990 1889 igitur
3044 1821 3166 1878 ﬁliis
3216 1823 3401 1889 Israel,
3446 1828 3535 1895 qui
3580 1831 3679 1883 ad-

393 1914 460 1965 ad
515 1912 1011 1981 concupiscendam
1060 1925 1206 1972 eam,
1251 1910 1363 1980 jam
1400 1912 1704 1965 moechatus
1732 1922 1814 1966 est
1861 1927 1982 1984 eam
2015 1896 2059 1954 Β
2088 1918 2241 1963 erant
2277 1908 2369 1960 illo
2400 1908 2453 1961 in
2489 1921 2751 1977 tempore,
2774 1927 2897 1965 cum
2926 1914 3019 1967 tibi
3052 1914 3174 1969 ﬁdei
3197 1930 3538 1973 sacramenta
3569 1931 3681 1975 tra-

396 2004 450 2058 in
484 2005 648 2057 corde
695 2018 815 2059 suo.
849 2020 868 2053 ›
914 2003 978 2056 Et
1000 2003 1047 2033 ⁹⁸
1079 2021 1090 2055 :
1125 2020 1142 2053 ι
1169 2002 1380 2056 Dictum
1423 2012 1509 2057 est
1550 2004 1788 2072 antiquis
1820 2022 1833 2057 :
1870 2003 1984 2059 Non

396 2093 724 2168 perjurabis.
777 2093 885 2161 Ego
920 2105 1100 2146 autem
1154 2093 1275 2145 dico
1321 2093 1480 2146 vobis
1524 2110 1537 2144 :
1584 2092 1763 2147 Nolite
1796 2092 1987 2161 jurare

395 2183 679 2235 muuino.»
721 2181 881 2235 Vides
912 2180 1392 2235 Deuteronomium
1446 2182 1588 2249 quod
1628 2183 1853 2251 scripsit
1890 2181 1982 2237 Je-

399 2290 495 2327 sus
532 2276 583 2327 in
634 2272 904 2342 lapidibus
932 2273 1068 2326 vivis
1090 2281 1147 2326 et
1170 2271 1416 2342 integris,
1463 2288 1567 2327 non
1600 2273 1652 2326 in
1679 2273 1876 2329 tabulis
1905 2275 1986 2327 la-

391 2367 588 2435 pideis,
638 2366 730 2419 sed
786 2367 837 2420 in
874 2367 1075 2422 tabulis
1107 2368 1289 2421 cordis
1322 2368 1653 2432 carnalibus,
1686 2384 1790 2423 non
1840 2378 1984 2423 atra-

396 2464 600 2525 mento,
639 2458 731 2510 sed
760 2457 967 2528 Spiritu
1005 2459 1095 2512 Dci
1129 2460 1233 2513 vivi
1259 2460 1324 2513 ”.
1349 2460 1404 2514 Si
1434 2472 1613 2517 autem
1643 2462 1723 2517 vis
1753 2463 1982 2517 eviden-

394 2548 503 2602 tius
542 2562 801 2613 noscere,
856 2549 907 2602 in
941 2550 1137 2617 quibus
1192 2551 1454 2607 cordibus
1494 2551 1652 2607 Jesus
1692 2554 1982 2622 scripserit

392 2639 588 2710 legem,
632 2651 686 2695 et
736 2641 788 2694 in
836 2641 1031 2709 quibus
1061 2657 1165 2694 non
1196 2642 1501 2711 scripserit,
1530 2645 1693 2697 etiam
1736 2644 1841 2698 hoc
1886 2643 1981 2698 tibi

391 2748 459 2787 ex
492 2733 903 2801 Scripturarum
952 2734 1283 2787 auctoritate
1310 2734 1664 2802 patefaciam,
1692 2744 1750 2789 ut
1782 2750 1984 2791 conso-

391 2824 649 2880 lationem
682 2826 864 2893 capias
895 2835 949 2877 tu
981 2824 1075 2893 qui
1112 2840 1179 2879 ex
1208 2824 1465 2895 gentibus
1491 2835 1713 2880 vocatus
1741 2840 1824 2893 es,
1882 2842 1983 2883 nec

392 2919 640 2974 verearis
666 2933 854 2972 eorum
884 2917 1227 2985 iactantiam,
1271 2916 1365 2987 qui
1392 2916 1566 2986 legem
1591 2916 1757 2971 Mosei
1786 2918 1983 2973 tabulis

392 3010 477 3065 vel
504 3010 768 3064 chartulis
794 3010 1053 3078 scriptam
1084 3024 1142 3064 se
1171 3009 1453 3080 accepisse
1490 3010 1812 3078 gloriantur.
1843 3010 1979 3064 Audi

389 3117 522 3173 ergo
551 3103 602 3155 in
633 3116 864 3169 quormn
911 3102 1170 3155 cordibus
1199 3101 1460 3155 Dominus
1504 3100 1661 3156 Jesus
1701 3103 1982 3170 scripserit

2092 1998 2384 2063 debautur,
2442 2000 2760 2055 videntibus
2807 2001 2999 2056 faciem
3058 2004 3173 2069 Dei,
3221 2005 3377 2061 Jesus
3416 2009 3467 2062 in
3515 2013 3680 2066 corde

2092 2099 2187 2145 tuo
2218 2092 2694 2146 Deuteronomium
2726 2094 2970 2161 scripsit.
3013 2095 3109 2150 Vis
3136 2098 3231 2151 tibi
3262 2099 3439 2154 adhuc
3458 2101 3680 2156 eviden-

2093 2181 2198 2234 tius
2229 2182 2341 2235 luec
2375 2183 2441 2236 de
2490 2182 2789 2253 Scripturis
2823 2188 3030 2241 sanctis
3072 2190 3388 2256 probemus,
3420 2193 3545 2259 quia
3579 2208 3677 2251 eoo

2090 2285 2206 2324 ram
2255 2271 2383 2326 ﬁliis
2438 2272 2604 2329 Israel
2657 2274 2831 2343 legem
2887 2278 3180 2331 secundam
3231 2280 3437 2335 scribat
3478 2280 3679 2340 Iesus?

2088 2360 2379 2430 Apostolus
2412 2363 2479 2415 ad
2512 2363 2768 2427 Ilebra'os
2791 2366 3079 2423 manifeSte
3107 2371 3371 2439 designat,
3402 2376 3586 2430 dicens
3615 2378 3674 2433 ἐ

2094 2472 2110 2502 (
2136 2450 2252 2505 Νοη
2286 2453 2428 2505 enim
2456 2455 2769 2511 accessistis
2805 2457 2873 2510 ad
2902 2472 3095 2512 sonum
3131 2460 3290 2527 tubae,
3344 2473 3399 2517 et
3424 2466 3488 2518 ad
3521 2481 3678 2522 mon-

2091 2556 2197 2600 tem
2231 2547 2538 2608 ardentem,
2592 2549 2691 2601 sed
2725 2551 3037 2605 accessistis
3071 2553 3136 2606 ad
3167 2563 3402 2609 montem
3433 2557 3584 2622 Sion,
3620 2572 3679 2615 et

2087 2640 2373 2693 civitatem
2408 2638 2501 2693 Dei
2533 2640 2772 2695 viventis
2801 2640 3105 2698 Jerusalem
3140 2630 3445 2711 caelestem:
3493 2661 3547 2704 et
3575 2650 3677 2705 Ec-

2089 2729 2308 2785 clesiam
2338 2732 2739 2799 primitivormn
2768 2735 3065 2804 ascriptam
3111 2736 3161 2790 in
3192 2740 3367 2805 caelis,
3404 2752 3456 2795 et
3487 2742 3674 2798 multi—

2091 2821 2328 2875 tudinem
2382 2823 2699 2892 angelorum
2739 2824 3162 2881 collaudantium
3212 2829 3447 2883 Deum.»
3510 2831 3672 2890 Vides

2086 2926 2217 2981 ergo
2244 2915 2373 2981 quia
2408 2928 2591 2967 coram
2626 2914 2691 2968 iis
2718 2915 2992 2977 omnibus,
3036 2920 3125 2986 qui
3159 2934 3225 2973 ex
3260 2936 3324 2974 eo
3354 2924 3496 2989 quod
3528 2938 3673 2976 sem-

2089 3020 2183 3072 per
2219 3006 2385 3058 Deum
2419 3008 2623 3071 vident,
2658 3017 2713 3058 et
2748 3006 2946 3060 merito
2978 3007 3069 3060 ﬁlii
3106 3008 3270 3063 Israel
3306 3011 3669 3080 appellantur,

2086 3098 2243 3152 Jesns
2274 3099 2444 3165 legem
2493 3115 2643 3152 Suam
2682 3100 2734 3152 in
2786 3099 3043 3153 cordibus
3089 3102 3425 3156 credentium
3458 3104 3669 3165 scribit.

394 3192 589 3263 legem.
645 3191 845 3245 Paulus
894 3191 1067 3245 dicit'
1100 3209 1112 3244 :
1151 3210 1169 3242 (
1197 3191 1329 3245 Cum
1362 3192 1505 3246 enim
1534 3202 1721 3260 gentes
1747 3208 1870 3260 quae
1901 3192 1977 3247 le-
2010 3233 2052 3290 Ο
2089 3190 2193 3243 Sed
2229 3204 2283 3245 et
2319 3208 2459 3245 nunc
2489 3208 2584 3259 per
2607 3194 2720 3245 lnec
2744 3208 2867 3261 quae
2905 3193 3198 3260 loquimur,
3229 3194 3385 3251 Jesus
3418 3197 3674 3255 Deutero—

388 3300 510 3354 getn
543 3301 645 3337 non
679 3285 904 3346 habent,
932 3283 1253 3338 naturaliter
1286 3298 1406 3352 qum
1435 3282 1569 3354 legis
1595 3293 1721 3339 sunt
1750 3283 1979 3351 faciunt,

391 3374 699 3440 huiusmodi
735 3388 841 3426 non
888 3372 1153 3426 habentes
1196 3372 1394 3441 legem,
1444 3373 1543 3441 ipsi
1584 3374 1684 3428 sibi
1715 3384 1841 3428 sunt
1871 3376 1978 3429 lex.

387 3466 487 3531 Qui
513 3465 807 3520 ostendunt
833 3479 969 3534 Opus
1002 3462 1137 3531 legis
1164 3464 1423 3533 scriptum
1453 3464 1505 3517 in
1559 3467 1814 3520 cordibus
1842 3466 1979 3531 suis,

391 3558 757 3613 testimonium
792 3557 1047 3611 reddente
1076 3557 1156 3611 eis
1190 3556 1549 3610 conscientia.
1575 3576 1593 3608 ι
1637 3557 1693 3612 Si
1728 3573 1861 3628 ergo
1900 3561 1974 3612 vi-

387 3652 517 3706 deas
546 3658 732 3721 gentes
765 3649 831 3703 ad
864 3645 1048 3702 Jesum
1081 3647 1273 3701 venire
1306 3655 1364 3700 et
1408 3647 1633 3701 credere
1660 3648 1733 3712 ei,
1758 3656 1977 3717 etopus

387 3742 520 3812 legis
554 3742 801 3810 implere,
846 3740 989 3809 quod
1024 3738 1099 3792 illi
1140 3739 1230 3807 qui
1284 3739 1456 3808 legem
1489 3751 1837 3809 acceperant,
1874 3740 1978 3793 im-

385 3832 539 3903 plere
565 3846 669 3884 non
716 3837 964 3898 possunt,
1021 3843 1125 3880 non
1163 3828 1380 3881 dubites
1412 3828 1476 3881 de
1506 3828 1589 3881 eis
1615 3829 1818 3893 dicere,
1846 3830 1973 3899 quia

386 3919 549 3980 Jesus
600 3920 653 3972 in
707 3919 825 3972 istis
888 3916 1161 3985 lapidibus
1220 3915 1446 3985 integris
1491 3915 1971 3973 Deuteronomium

388 4010 634 4079 scripsit.
708 4028 711 4029 ν

454 4104 509 4157 4.
544 4102 723 4157 Movet
771 4115 857 4156 me
890 4114 1044 4165 sane,
1090 4100 1235 4170 quod
1263 4101 1471 4157 addidit
1500 4101 1555 4158 in
1587 4105 1973 4174 consequenti-

384 4197 489 4252 bus
535 4193 840 4265 Scriptura.
880 4210 901 4244 ι
928 4192 995 4247 Et
1023 4192 1269 4263 scripsit,
1316 4194 1567 4264 inquit’,
1613 4196 1773 4253 Jesus
1806 4215 1971 4269 super

383 4288 591 4358 lapides
625 4286 1100 4341 Deuteronomium
1145 4300 1334 4341 coram
1374 4286 1500 4342 ﬁliis
1551 4287 1735 4343 Israel.
1764 4309 1783 4342 ι
1822 4291 1969 4363 Quo-

384 4380 547 4434 modo
579 4376 820 4449 potuerit
850 4387 958 4430 tam
997 4392 1253 4447 magnum
1286 4377 1508 4443 librum,
1544 4379 1628 4433 vel
1660 4381 1965 4437 assistenti-

381 4473 484 4528 bus
531 4480 588 4525 et
620 4469 1070 4542 permanentibus
1119 4468 1190 4522 ibi
1249 4469 1377 4524 ﬁliis
1428 4468 1593 4524 Israel
1626 4471 1960 4539 describere,

2088 3284 2322 3337 nomium
2363 3285 2555 3339 scribit
2606 3285 2656 3337 in
2707 3300 2895 3338 eorum
2931 3285 3190 3341 cordibus
3232 3289 3324 3357 qui
3360 3290 3565 3360 integra
3602 3293 3666 3346 ﬁ-

2082 3375 2171 3437 de,
2201 3386 2255 3430 et
2302 3384 2412 3429 toto
2446 3377 2628 3429 animo
2662 3392 2782 3443 quae
2819 3377 3075 3430 dicuntur
3108 3379 3403 3449 accipiunt,
3459 3384 3550 3452 qui
3583 3382 3671 3438 in.

2087 3471 2240 3532 tegro
2269 3465 2480 3527 auditu,
2515 3475 2677 3533 atque
2713 3465 2925 3534 integro
2956 3467 3140 3529 corde,
3178 3476 3235 3522 et
3272 3484 3377 3523 non
3412 3481 3670 3540 corrupto

2080 3568 2243 3608 sensu
2296 3571 2362 3610 ac
2416 3557 2647 3625 reprobo
2680 3555 2825 3609 circa
2861 3557 3042 3625 ﬁdem,
3078 3560 3305 3615 audiunt
3345 3571 3400 3617 et
3430 3566 3668 3618 retinent

2078 3660 2200 3716 qua':
2240 3646 2519 3709 dicuntur,
2550 3648 2677 3716 quia
2716 3662 2941 3704 necesse
2973 3661 3056 3705 est
3093 3652 3573 3709 Deuteronomium
3611 3658 3664 3710 in

2077 3733 2307 3805 integris
2336 3736 2603 3804 lapidibus
2633 3737 2823 3793 scribi.

2148 3827 2199 3882 5.
2232 3827 2359 3883 Post
2386 3830 2500 3884 lucc
2547 3831 2678 3885 dicit
2708 3852 2721 3885 :
2763 3849 2781 3881 ι
2809 3830 2873 3884 Ει
2900 3831 3100 3896 omnis,
3133 3832 3311 3904 inquit
3335 3835 3379 3900 ⁷,
3417 3835 3581 3891 Israel
3611 3849 3666 3891 et

2074 3918 2373 3989 presbyteri
2402 3930 2458 3974 et
2486 3919 2717 3986 iudices,
2745 3930 2801 3976 et
2828 3923 3021 3977 scriba;
3049 3927 3427 3993 praecedebant
3454 3929 3583 3984 hinc
3610 3940 3665 3984 et

2074 4009 2221 4064 illinc
2252 4026 2434 4065 arcam
2468 4011 2781 4066 testamenti
2837 4010 3072 4066 Domini.
3099 4032 3119 4067 ι
3163 4014 3307 4068 Area
3351 4024 3660 4074 testamenti

2072 4098 2286 4155 Domini
2322 4108 2424 4164 est,
2472 4102 2525 4156 in
2574 4116 2680 4171 qua
2716 4100 2912 4155 tabulae
2962 4101 3096 4173 legis
3129 4120 3294 4160 manu
3321 4105 3414 4161 Dei
3445 4110 3663 4179 scriptae

2070 4204 2383 4250 servantur.
2427 4194 2492 4249 Et
2518 4196 2663 4250 circa
2703 4196 2841 4250 hanc
2872 4210 3057 4251 arcam
3091 4200 3426 4262 testamenti,
3481 4204 3662 4257 omnis

2069 4286 2160 4354 qui
2192 4302 2318 4341 vere
2346 4286 2508 4341 Israel
2536 4297 2639 4352 eSt,
2673 4287 2893 4354 incedit,
2922 4297 2977 4341 et
3014 4305 3118 4343 non
3148 4300 3231 4345 est
3276 4291 3438 4361 longe
3473 4293 3541 4347 ab
3567 4309 3655 4349 ea.

2068 4376 2268 4433 Levita:
2302 4394 2429 4433 vero
2479 4391 2535 4433 et
2580 4381 2889 4435 sacerdotes
2938 4382 3103 4437 etiam
3158 4383 3211 4437 in
3261 4385 3505 4442 humeris
3536 4388 3652 4441 suis

2066 4485 2184 4525 eam
2213 4480 2447 4538 portant.
2491 4470 2705 4525 Etenim
2737 4472 3051 4541 quicunque
3077 4477 3402 4532 sacerdotali
3440 4481 3657 4552 religio-

382 4567 454 4622 ita
484 4572 671 4619 utnon
718 4564 1065 4617 discederent
1092 4575 1374 4631 nsquequo
1420 4562 1691 4633 scriptura
1732 4573 1809 4618 tot
1840 4580 1962 4619 ver-
1998 4568 2042 4623 ι)
2073 4578 2139 4617 ne
2173 4572 2226 4615 et
2256 4562 2544 4617 sanctitate
2570 4563 2777 4629 vivunt,
2809 4580 2915 4619 non
2951 4566 3123 4621 solum
3159 4567 3191 4621 ii
3225 4568 3315 4637 qui
3346 4570 3535 4626 sedere
3566 4573 3653 4626 vi-

383 4671 538 4711 suum
572 4653 823 4709 ﬁniretur
854 4670 868 4708 :
908 4653 988 4705 vel
1038 4653 1200 4706 etiam
1232 4653 1516 4720 quomodo
1574 4656 1851 4724 potuerint
1886 4657 1965 4712 la-

383 4749 537 4817 pides
564 4747 752 4800 altaris
784 4745 925 4799 ferre
947 4744 1111 4815 420
1138 4754 1247 4797 tam
1286 4745 1465 4814 magni
1511 4745 1641 4800 libri
1677 4748 1963 4803 continen-

384 4841 537 4905 tiam,
576 4838 757 4892 dicant
790 4838 920 4890 mihi
951 4836 1042 4889 isti
1091 4846 1396 4892 assertores
1422 4836 1617 4892 littera:
1645 4837 1836 4905 Judazi,
1868 4839 1960 4908 qui

382 4931 630 5000 spiritum
680 4928 813 4999 legis
848 4929 1120 4996 ignorant.
1161 4928 1446 4993 Quomodo
1500 4916 1553 4983 in
1586 4931 1689 4985 hoc
1719 4931 1964 4986 historia:

379 5025 584 5080 veritas
609 5020 1051 5077 demonstratur?
1080 5019 1185 5075 Sed
1217 5022 1356 5089 apud
1382 5021 1502 5077 illos
1536 5041 1555 5073 ι
1585 5040 1756 5094 usque
1780 5024 1832 5077 in
1867 5026 1965 5079 ho-

379 5117 629 5171 diernum
659 5112 802 5167 diem
834 5127 956 5167 cum
988 5112 1189 5182 legitur
1217 5112 1448 5181 Moyses,
1488 5114 1730 5169 velamen
1761 5125 1846 5169 est
1871 5131 1965 5183 po-

379 5207 545 5261 situm
576 5220 741 5276 super
765 5220 861 5260 cor
885 5219 1072 5258 eorum
1099 5204 1137 5259 ⁸.
1170 5226 1187 5255 ι
1231 5204 1397 5260 Nobis
1436 5221 1564 5260 vero
1597 5208 1870 5262 conversis
1897 5207 1963 5260 ad

376 5297 668 5352 Dominum
698 5296 907 5361 Jesum,
940 5295 1185 5351 aufertur
1215 5297 1486 5363 velamen,
1518 5298 1643 5366 quia
1684 5317 1703 5349 (
1728 5299 1817 5353 ubi
1849 5299 1965 5369 Spi-

376 5391 517 5446 ritus
556 5388 792 5453 Domini,
830 5387 900 5441 ibi
954 5387 1179 5443 libertas
1210 5406 1227 5438 ι
1284 5387 1657 5457 intelligentiae
1678 5388 1721 5448 ⁸.
1772 5389 1966 5447 Noster

372 5498 504 5555 ergo
532 5481 690 5538 Jesus
720 5480 983 5536 Dominus
1016 5464 1120 5533 non
1159 5480 1363 5550 indiget
1412 5480 1585 5535 multo
1620 5491 1863 5549 tempore
1895 5490 1953 5534 ut

445 5602 491 5633 "
514 5598 627 5655 Jos.
654 5614 776 5661 vm,
808 5598 900 5652 '52.
975 5597 1021 5629 "
1050 5596 1215 5651 Marc.
1246 5612 1299 5662 v,
1323 5595 1413 5656 2|.
1436 5596 1528 5656 22.

1604 5598 1646 5629 υτ
1676 5597 1806 5652 uua.
1830 5596 1921 5662 27,
1943 5596 2037 5650 es.
2097 5596 2143 5628 οε
2169 5596 2298 5650 Ibit].
2325 5596 2414 5660 33,
2442 5595 2534 5649 54.
2586 5594 2630 5626 ὀ
2656 5593 2696 5647 ll
2720 5594 2846 5649 Cor.
2874 5609 2958 5659 ιιι,
2980 5594 3035 5646 3.

2074 4656 2270 4709 dentur
2294 4656 2346 4708 in
2377 4671 2638 4710 consessu
2673 4658 3023 4724 sacerdotali,
3055 4662 3149 4714 sed
3178 4660 3212 4714 ii
3242 4663 3415 4733 magis
3445 4666 3536 4734 qui
3564 4680 3654 4722 sa-

2073 4745 2426 4800 cerdotaliter
2460 4757 2651 4816 agunt,
2704 4763 2935 4817 quorum
2984 4765 3112 4818 pars
3139 4762 3221 4806 est
3248 4752 3525 4822 Dominus,
3553 4773 3654 4813 nec

2074 4836 2182 4889 ulla
2214 4838 2293 4892 eis
2326 4840 2503 4906 portio
2533 4839 2764 4893 habetur
2796 4841 2848 4895 in
2888 4843 3069 4906 terris,
3122 4843 3219 4911 ipsi
3252 4855 3378 4899 sunt
3407 4862 3532 4902 vere
3563 4865 3655 4903 sa-

2070 4929 2318 4983 cerdotes
2348 4939 2401 4984 et
2432 4930 2634 4985 Levita:
2670 4931 2903 4996 Domini,
2949 4933 3037 5001 qui
3082 4934 3133 4987 in
3166 4936 3404 4992 luuneris
3432 4939 3545 4995 suis
3576 4941 3651 4994 le-

2069 5036 2189 5091 gem
2222 5022 2317 5076 Dei
2355 5032 2599 5090 portant.
2630 5023 2838 5091 agendo
2869 5024 3139 5088 videlicet,
3172 5038 3225 5079 et
3251 5026 3520 5097 implendo
3551 5046 3654 5101 per

2067 5128 2203 5181 Opus
2233 5128 2295 5167 ea
2326 5129 2445 5179 qua:
2475 5113 2674 5181 scripta
2708 5121 2835 5167 sunt
2864 5113 2916 5168 iu
2944 5114 3080 5184 lege.

2137 5202 2188 5258 6.
2228 5221 2245 5254 ι
2273 5204 2377 5258 Sed
2410 5213 2464 5257 et
2492 5201 2814 5277 proselytus,
2851 5203 3081 5273 inquit“,
3110 5214 3165 5259 et
3188 5206 3436 5277 indigena
3463 5208 3644 5275 simul,

2066 5304 2121 5350 et
2146 5307 2300 5350 erant
2329 5294 2443 5366 (65)
2491 5294 2699 5349 dimidii
2738 5292 2897 5362 juxta
2929 5306 3165 5352 montem
3198 5299 3441 5367 Garizin,
3491 5313 3545 5357 et
3572 5304 3642 5357 di-

2068 5386 2218 5440 midii
2267 5385 2420 5453 juxta
2470 5394 2708 5441 montem
2742 5385 2931 5446 Gebal.
2962 5406 2980 5438 ι
3025 5388 3306 5453 Quomodo
3345 5392 3506 5444 etiam
3540 5392 3638 5447 ista

2060 5474 2494 5546 explicabimus?
2535 5474 2672 5531 Vere
2702 5477 2973 5547 adiutorio
3009 5478 3099 5530 Dei
3130 5493 3268 5547 opus
3295 5489 3403 5545 est,
3430 5490 3489 5534 ut
3517 5496 3639 5551 posv
3728 5472 3738 5493 ³

3116 5598 3130 5623 ³
3159 5592 3315 5648 Rom.
3344 5613 3403 5658 tl,
3432 5597 3519 5662 H,
3548 5599 3628 5660 15.

374 5670 528 5727 ’Jos.
557 5688 677 5732 vin,
707 5670 796 5726 52.
900 5668 918 5698 ³
941 5666 984 5721 ll
1006 5666 1132 5722 Cor.
1161 5684 1244 5731 ttt,
1277 5668 1462 5722 15-17.
1563 5667 1583 5699 ’⁸
1608 5668 1740 5721 Ibid.
1787 5669 1871 5721 Π.

372 5740 462 5797 εδ.
536 5742 711 5796 “ibid.

2088 5668 2225 5721 atth.
2270 5682 2418 5733 xvut,
2466 5665 2555 5723 10.
2654 5664 2675 5695 ⁸
2701 5664 2867 5721 Hebr.
2904 5679 3000 5729 xu,
3039 5662 3221 5716 18—25.
3328 5665 3483 5724 'Jos.
3515 5682 3626 5733 rm.

447 5780 462 5797 .
536 5743 591 5773 θ’
639 5743 650 5794 i
696 5780 711 5795 .

408 5743 552 5910 3(35)
581 5743 735 5891 Illilelm
766 5848 885 5888 cum
914 5848 1020 5885 uno
1051 5831 1389 5895 Ebroicensi,
1431 5851 1447 5883 ι
1489 5843 1664 5887 erant.
1708 5850 1725 5883 ι
1769 5831 1890 5897 Alii,
1940 5847 1959 5881 ι
2005 5838 2186 5887 erunt.
2219 5845 2261 5883 ο.
3268 5850 3342 5918 28

650 5930 916 5991 Ρλτιιοι.
965 5926 1083 5987 Gn.
1132 5926 1277 5988 XII.
