4146 6374
390 383 496 439 877

1384 376 1447 431 IN
1490 378 1744 435 LIBRUM
1778 377 1942 433 JESU
1986 376 2169 431 NAVE
2208 374 2492 431 HOMILIA
2532 376 2622 430 IX.

3550 360 3650 443 37;;

390 496 593 562 scripta
640 504 786 557 sunt,
840 509 960 547 eum
1005 494 1132 546 ιιίι·ἰι
1180 492 1265 545 "z
1304 510 1324 544 ‹
1381 492 1496 564 Non
1540 505 1656 545 erat
1699 508 1878 546 sermo
1906 506 1967 545 ex
2005 498 2041 553 Α
2078 490 2300 557 perfecti
2342 499 2489 544 stare
2520 497 2718 543 norunt
2748 490 2939 543 armati
2979 492 3238 548 adversus
3278 497 3506 552 astutias
3531 500 3647 555 dia-

388 588 643 641 omnibus
670 602 788 655 qua'
824 588 1098 639 tumulavit
1135 584 1369 655 Moyses,
1403 600 1562 654 quem
1620 601 1722 637 non
1776 587 1966 651 legerit

386 676 548 737 Jesus
580 680 631 732 in
664 681 885 732 auribus
917 680 1080 732 totius
1109 678 1365 733 Ecclesia:
1410 676 1597 730 Israel.
1647 696 1664 728 ›
1700 677 1761 730 Et
1791 677 1965 743 primo

393 774 585 841 le‘gisSe
617 771 930 835 inauribns,
969 772 1253 825 videamus
1293 770 1424 838 quid
1463 768 1664 822 indicet
1695 767 1829 839 (7‘2).
1863 770 1963 822 Ve-

386 874 516 919 reor
546 879 614 916 ne
638 862 775 916 forte
805 864 1014 929 aliquos
1047 864 1359 917 auditorum
1389 876 1569 914 sermo
1598 872 1781 913 noster
1804 860 1968 913 offen-

390 958 478 1011 dat
510 971 525 1019 ;
561 960 655 1009 sed
680 965 858 1009 tamen
899 957 1182 1008 dicendurm
1222 964 1306 1008 est
1334 954 1478 1023 quod
1516 970 1620 1006 non
1658 968 1845 1007 omnes
1873 954 1962 1021 qui

386 1047 636 1100 audimus
664 1047 854 1115 legem,
888 1048 950 1099 de
980 1047 1215 1100 Ecclesia
1252 1059 1441 1099 sumus
1480 1046 1715 1099 filiorum
1748 1045 1911 1101 Israel
1942 1062 1957 1100 :

387 1138 481 1192 sed
510 1154 615 1191 non
638 1140 903 1192 continuo
935 1140 978 1192 si
1008 1148 1090 1193 est
1120 1140 1298 1208 aliqua
1324 1139 1630 1193 differentia
1658 1139 1799 1191 inter
1820 1138 1969 1192 audi-

388 1236 533 1284 tores
565 1231 699 1297 legis
730 1243 784 1284 et
811 1232 1094 1285 ecelesiam
1132 1232 1362 1285 filiorum
1396 1232 1585 1299 lsrael,
1619 1232 1838 1285 auditor
1865 1247 1961 1286 ex-

394 1318 621 1372 tluditur
644 1335 672 1372 a
707 1320 904 1373 salute.

460 1411 513 1464 9.
551 1412 827 1466 Attendite
877 1427 1007 1483 ergo
1058 1413 1370 1478 diligentius
1427 1414 1604 1468 verbis
1642 1412 1959 1485 Scriptura),

389 1501 621 1555 dicentis
657 1502 699 1535 ¹⁸
734 1521 747 1554 :
779 1522 803 1554 τ
837 1502 949 1556 Non
986 1515 1102 1558 erat
1133 1504 1299 1558 ullum
1339 1505 1561 1559 verbum
1606 1521 1670 1559 ex
1714 1506 1966 1561 omnibus

385 1607 504 1659 quae
542 1594 820 1647 mandavit
865 1594 1102 1667 Moyses,
1153 1599 1299 1665 quod
1332 1613 1437 1651 non
1477 1597 1667 1667 legerit
1701 1595 1860 1653 Jesus
1911 1602 1964 1654 in

386 1685 609 1740 auribus
643 1688 805 1740 totius
839 1688 1081 1742 ecclesia:
1133 1690 1368 1745 filiorum
1416 1690 1601 1745 Israel.
1643 1711 1661 1744 ι
1712 1690 1777 1744 Et
1816 1692 1967 1746 addit

383 1777 548 1831 etiam
598 1798 616 1830 ‹
667 1780 985 1834 mulieribus
1013 1789 1065 1834 et
1109 1780 1429 1849 infantibus,
1484 1793 1541 1836 et
1587 1785 1899 1855 proselytis.
1938 1804 1956 1836 ι

2073 581 2174 633 boli
2205 598 2219 633 :
2260 578 2514 633 mulieres
2541 594 2672 634 vero
2700 580 2798 645 illi,
2832 582 2924 648 qui
2958 585 3194 635 nondum
3241 599 3303 638 ex
3348 589 3657 658 semetipsis

2069 684 2187 737 quae
2220 666 2369 723 utilia
2407 679 2530 723 sunt
2561 679 2777 738 gerunt,
2812 672 2904 724 sed
2953 673 3213 725 imitando
3244 675 3390 730 viros
3431 678 3564 750 (’76),
3597 693 3649 738 et

2069 775 2255 813 eorum
2290 760 2535 829 exempla
2575 763 2852 815 sectando.
2897 762 2968 814 Ex'
3021 765 3219 831 quibus
3252 778 3303 820 et
3351 781 3510 837 caput
3552 772 3651 826 ha-

2072 851 2201 904 bere
2239 853 2534 905 dicuntur:
2572 871 2589 903 ι
2624 852 2795 922 Caput
2844 854 2988 907 enim
3043 858 3324 923 mulieris,
3380 864 3463 915 vir
3510 865 3575 921 “.
3627 885 3644 917 ι

2068 940 2309 997 Infantes
2338 958 2464 997 vero
2494 956 2679 1008 erunt,
2720 947 2810 1014 qui
2865 948 2968 1001 fide
3016 964 3187 1018 nuper
3234 965 3480 1022 suscepta
3516 956 3647 1027 (77),

2071 1035 2208 1088 lacte
2234 1036 2547 1105 evangelico
2599 1039 2932 1093 nutriuntur.
2987 1038 3247 1112 l’rosclyti
3284 1053 3459 1097 autem
3504 1057 3651 1101 cate~

2070 1127 2319 1181 cltumeni
2358 1129 2700 1196 videbuntur,
2738 1131 2817 1184 vel
2852 1130 2885 1182 ii
2911 1132 2998 1200 qui
3027 1132 3136 1201 jam
3174 1136 3367 1188 sociari
3404 1137 3654 1197 fidelibus

2070 1217 2308 1270 student.
2342 1217 2415 1270 De
2446 1218 2639 1287 quibus
2692 1220 2919 1289 singulis
2969 1222 3167 1276 similia
3216 1227 3380 1279 etiam
3415 1227 3650 1287 Joannes

2070 1306 2310 1362 sentiens
2346 1307 2398 1360 in
2438 1308 2673 1376 Epistula
2719 1326 2814 1365 sua
2848 1312 3060 1376 scribit,
3090 1325 3142 1369 et
3171 1318 3395 1387 singulis
3425 1321 3653 1387 quibus~

2070 1412 2174 1487 que
2208 1398 2463 1454 mtatibus
2503 1403 2718 1471 propria
2770 1420 2995 1473 qumque
3039 1419 3187 1475 gesta
3241 1412 3483 1467 decernit
3516 1416 3650 1487 (78).

2072 1485 2454 1543 Verumtamen
2484 1491 2610 1546 Jesu
2670 1494 2820 1548 vobis
2868 1496 3132 1553 recitante
3180 1500 3372 1570 legem,
3407 1516 3457 1557 et
3499 1485 3649 1561 reve-

2070 1578 2215 1635 lante
2245 1583 2500 1639 cordibus
2537 1585 2731 1638 veSIris
2759 1586 3166 1655 intelligentiam
3202 1596 3521 1661 spiritalem,
3554 1614 3650 1652 ne—

2070 1685 2175 1738 que
2204 1674 2483 1744 proselyti,
2524 1675 2577 1728 id
2613 1687 2695 1729 est
2727 1681 3101 1737 catechumcni
3127 1684 3333 1739 diutius
3363 1690 3649 1756 maneatis,

2070 1764 2162 1817 sed
2216 1764 2467 1821 festinate
2512 1767 2577 1819 ad
2625 1770 3027 1838 percipiendam
3078 1776 3305 1844 gratiam
3347 1778 3459 1843 Dei,
3504 1793 3652 1839 utet
3720 1796 3734 1811 ‘

383 1867 543 1925 Nov“
568 1870 826 1924 Dominus
860 1876 1042 1924 nos,”
1071 1870 1231 1929 Jews
1265 1888 1386 1928 esse
1417 1873 1554 1928 alias
1586 1888 1749 1928 aures
1772 1885 1967 1943 pum“
2001 1860 2041 1914 Β
2074 1872 2168 1911 vos
2228 1859 2277 1911 in
2327 1858 2568 1914 Ecclesia
2614 1861 2847 1916 filiorum
2891 1865 3054 1920 Israel
3089 1874 3520 1926 annumcremini
3551 1892 3564 1926 :
3594 1886 3650 1930 ct

387 1958 519 2014 istas
552 1962 819 2028 carnales,
849 1978 986 2031 quas
1019 1963 1083 2015 ad
1125 1963 1457 2018 audientiam
1501 1964 1787 2019 verborum
1835 1980 1963 2019 suo-

389 2063 532 2113 rum,
569 2062 624 2105 et
650 2053 717 2105 ad
753 2054 1084 2106 audientiam
1130 2055 1263 2123 legis
1308 2054 1553 2122 requirit.
1609 2054 1762 2110 Unde
1808 2064 1861 2109 et
1910 2057 1964 2109 in

393 2142 706 2211 Evangelia,
750 2156 1099 2217 posteaquam
1140 2146 1205 2199 de
1246 2145 1475 2215 singulis
1518 2162 1639 2216 quae
1681 2148 1967 2216 oportebat

388 2234 631 2295 edOeuit,
658 2233 826 2297 addit,
851 2243 905 2289 et
929 2237 1059 2289 dicit
1081 2224 1160 2290 ηε
1189 2254 1207 2287 ε
1229 2235 1327 2302 Qui
1352 2235 1516 2291 habet
1537 2251 1696 2292 aures
1713 2237 1963 2292 audiendi

387 2325 591 2379 erudiat.
625 2344 643 2376 ι
687 2326 838 2392 Quod
871 2330 1057 2397 utique
1084 2330 1128 2382 si
1163 2330 1229 2381 de
1264 2329 1486 2384 auribus
1515 2331 1741 2384 dixisset
1768 2345 1963 2385 carna—

385 2413 548 2481 libus,
584 2419 908 2488 superfluum
960 2423 1255 2476 videretur.
1301 2421 1470 2476 Nemo
1515 2423 1660 2477 enim
1706 2438 1812 2478 non
1865 2424 1963 2477 ba-

385 2506 522 2567 bens
545 2526 704 2565 aures
734 2513 800 2564 ad
833 2514 997 2566 verba
1034 2514 1150 2583 ejus
1180 2512 1452 2568 audienda
1475 2522 1828 2569 convenerat.
1857 2513 1963 2569 Sed
2000 2544 2009 2552 -

387 2602 642 2670 quoniam
682 2604 891 2658 sciebat
941 2605 992 2657 in
1042 2606 1264 2659 auribus
1314 2606 1592 2660 interioris
1628 2606 1885 2673 hominis,
1912 2607 1963 2660 id

392 2701 477 2746 est
511 2693 792 2747 intellectu
820 2696 1020 2761 cordis,
1043 2698 1206 2765 recipi
1248 2697 1446 2751 debere
1476 2712 1594 2766 quae
1627 2696 1769 2751 dicta
1803 2709 1961 2751 sunt:

386 2786 542 2854 (quid
585 2788 729 2841 enim
761 2786 875 2856 (75)
910 2789 1133 2854 prodest
1171 2788 1359 2843 audire
1388 2803 1711 2847 sermonem,
1767 2790 1811 2843 si
1858 2804 1962 2843 non

394 2877 696 2929 retineatur
715 2886 770 2930 et
789 2877 1107 2944 servetnrin
1129 2876 1347 2944 corde?)
1366 2875 1567 2929 idcirco
1583 2887 1742 2929 aures
1767 2875 1834 2928 ab
1865 2889 1963 2928 au-

389 2966 652 3042 (litoribus
676 2970 1024 3036 exposcebat.
1051 2968 1163 3022 Hoc
1196 2984 1325 3038 ergo
1345 2969 1508 3022 etiam
1548 2981 1710 3029 nunc,
1735 2967 1815 3021 vel
1840 2983 1960 3021 cum

389 3056 684 3129 Scripturae
717 3061 770 3113 in
796 3061 1023 3114 ecclesia
1075 3060 1346 3129 leguntur,
1382 3060 1464 3113 vel
1505 3075 1627 3114 cum
1658 3074 1837 3115 sermo
1864 3074 1965 3115 ex-

388 3151 718 3220 planationis
754 3152 1030 3219 profertur
1060 3153 1126 3205 ad
1150 3152 1425 3221 popnlmn,
1453 3151 1750 3221 Scriptura:
1781 3162 1962 3205 aucto-

389 3244 605 3297 ritatem
637 3253 933 3315 sequentes
962 3244 1212 3304 dicimus.
1235 3241 1431 3298 Videte
1465 3259 1534 3298 ne
1572 3245 1816 3313 legantur
1836 3244 1961 3314 qui-

385 3334 508 3389 dem
537 3336 604 3389 ab
641 3335 767 3390 Jesu
809 3337 969 3389 verba
997 3335 1148 3404 legis,
1182 3336 1276 3388 sed
1304 3335 1719 3405 quamplurimis
1748 3351 1850 3390 non
1885 3335 1964 3389 le-

383 3439 583 3497 gautur
614 3444 628 3493 ;
660 3429 786 3496 quia
808 3428 966 3482 .lesus
994 3428 1102 3481 illis
1142 3426 1270 3496 legit
1322 3427 1513 3496 legem,
1546 3428 1638 3496 qui
1679 3442 1836 3481 aures
1864 3428 1962 3481 ba-

388 3519 895 3573 buerintaudiendi.
926 3521 1265 3590 Sedetqnod
1299 3521 1549 3589 adjunxit
1571 3521 1636 3572 ad
1666 3519 1962 3574 Ecclesium

385 3608 599 3664 Domini
627 3612 791 3666 etiam
814 3612 1089 3678 mulieres,
1122 3620 1176 3666 et
1205 3611 1458 3676 infantes,
1484 3625 1537 3665 et
1563 3611 1885 3680 proselytos.
1918 3612 1962 3665 si

388 3703 606 3771 quidem
642 3703 936 3772 separatim
973 3703 1335 3772 intelligamus
1367 3702 1620 3756 mulieres
1648 3709 1702 3755 et
1734 3702 1966 3756 infantes

385 3804 440 3847 et
464 3793 786 3863 proselytos,
819 3804 874 3847 et
917 3810 1010 3849 eos
1035 3795 1184 3847 velut
1214 3792 1485 3861 sequelam
1514 3794 1808 3863 quamdam
1843 3807 1967 3848 esse

386 3882 686 3936 sentiamus
728 3882 1014 3943 Ecclesim,
1065 3882 1322 3950 quoniam
1376 3900 1397 3933 ‹
1456 3884 1509 3936 in
1556 3884 1718 3937 domo
1774 3899 1965 3952 magna

382 3983 490 4024 non
527 3980 654 4022 sunt
691 3973 1060 4025 tantummodo
1095 3987 1217 4025 vasa
1254 3986 1416 4025 aurea
1461 3983 1515 4026 et
1562 3983 1840 4043 argentea,
1875 3974 1967 4026 sed

386 4071 444 4114 et
474 4060 649 4129 lignea
682 4069 735 4113 et
769 4061 953 4114 fictilia
988 4061 1053 4124 "’,
1085 4080 1104 4115 ι
1136 4062 1371 4118 dicimus
1395 4063 1526 4117 viris
1558 4064 1775 4133 quidem
1810 4062 1966 4116 forti-

384 4152 489 4208 bus
526 4152 717 4207 fortem
761 4155 895 4207 tradi
942 4156 1141 4219 cibum,
1194 4156 1298 4210 illis
1354 4156 1623 4221 videlicet,
1662 4159 1728 4211 de
1774 4158 1970 4226 quibus

384 4242 677 4311 Apostolus
706 4244 839 4298 dicit
862 4245 904 4277 ⁸⁸
939 4263 954 4299 ;
994 4264 1012 4297 t
1050 4244 1422 4303 Perfectorum
1447 4257 1625 4300 autem
1653 4256 1735 4301 cst
1766 4246 1971 4301 solidus

387 4335 559 4399 cibus,
594 4353 612 4387 ι
645 4351 706 4388 cx
751 4336 948 4405 quibus
999 4338 1114 4405 ipse
1160 4338 1263 4390 sibi
1317 4348 1583 4406 praeparat
1620 4358 1638 4391 ‹
1672 4339 1969 4392 Ecclesiam

308 4428 311 4429 ⁷
386 4442 492 4482 non
556 4428 847 4483 habentem
908 4431 1197 4496 maculant,
1231 4438 1321 4483 aut
1377 4446 1583 4499 rugam,
1627 4439 1719 4482 aut
1770 4430 1971 4498 aliquid

384 4518 578 4576 horum
610 4521 684 4587 ¹⁰;
717 4539 735 4571 ι
761 4535 854 4574 eos
884 4536 1014 4574 vero
1036 4536 1170 4588 quos
1205 4522 1512 4582 mulierum.
1545 4522 1624 4575 vel
1659 4520 1964 4588 infantium,
2004 4538 2045 4590 υ

381 4614 466 4667 vel
502 4617 895 4683 proseiytorum
923 4612 1091 4686 422
1121 4613 1484 4681 appellatione
1525 4613 1783 4676 secernit,
1807 4613 1967 4665 intel-

384 4702 617 4772 ligamus
647 4706 758 4776 (74)
790 4705 910 4760 illos
932 4721 1076 4770 esse,
1103 4707 1191 4775 qui
1221 4708 1398 4759 adhuc
1427 4706 1564 4759 lacte
1590 4706 1850 4774 indigent,
1877 4715 1969 4759 aut

387 4795 555 4849 etiam
586 4796 733 4850 velut
761 4797 982 4859 infirmi,
1020 4807 1078 4850 ut
1112 4806 1239 4851 sunt
1287 4798 1565 4861 mulieres,
1608 4796 1847 4850 oleribus
1881 4811 1972 4850 ve-

388 4895 615 4941 scuntur
641 4887 709 4939 ²⁶.
738 4887 795 4940 Si
836 4901 963 4940 vero
994 4888 1150 4941 simul
1186 4888 1297 4958 (75)
1330 4890 1505 4942 omnis
1536 4888 1835 4956 accipiatur
1863 4885 1971 4945 Ec-

392 4977 584 5044 clesia,
618 4978 719 5032 viri
750 4979 967 5047 quidem
997 4980 1369 5048 intelliguntur
1395 4980 1491 5046 illi,
1523 4981 1615 5050 qui
1642 4980 1693 5032 in
1719 4979 1974 5033 omnibus

1837 5121 1877 5152 "
1907 5119 1945 5172 ll
1965 5118 2104 5172 Tim.
2133 5133 2193 5181 tt,
2213 5116 2303 5169 20.

1955 5191 2000 5220 ’³
2032 5188 2143 5245 Jos.
2196 5203 2271 5249 Ix.
2306 5187 2356 5250 l,
2384 5185 2440 5238 2.

1005 5123 1050 5153 ⁸⁵
1085 5123 1210 5178 ibid.
1292 5125 1335 5155 ¹⁶
1354 5123 1538 5176 Matth.
1564 5139 1681 5185 xm.
1702 5123 1755 5177 9.

948 5195 991 5224 ἰ
1025 5194 1044 5246 l
1073 5193 1200 5248 Cor.
1232 5210 1306 5257 XI,
1330 5194 1383 5247 5.
1459 5196 1502 5224 ²¹
1524 5192 1687 5248 llebr.
1716 5208 1790 5259 vr,
1830 5194 1879 5246 1.

464 5120 509 5153 ⁸⁸
539 5122 654 5175 .los.
682 5139 803 5188 vttt,
837 5122 925 5177 55.

391 5206 453 5248 ιιι
478 5201 535 5245 et
569 5193 724 5247 Rom.
761 5209 870 5247 le.

465 5328 577 5401 (7'2)
604 5326 756 5401 Mss,
792 5348 809 5380 ι
848 5328 1067 5401 indicet.
1104 5348 1123 5382 ι
1151 5328 1491 5401 ἰήωξηθιιίιί,
1530 5347 1548 5379 ι
1587 5328 1739 5401 dicit.
1776 5349 1795 5380 ι

464 5396 576 5471 (75)
601 5399 748 5471 ill_ss.,
778 5417 797 5451 σ
828 5400 1145 5471 quidenim.
1170 5420 1187 5450 ι
1211 5399 1535 5471 Libl_).editi,
1566 5419 1583 5471 ς
1617 5400 1739 5467 quia
1765 5396 1918 5471 nihil.
1943 5416 1961 5449 ι

429 5542 441 5552 .
466 5468 581 5542 (74)
611 5468 764 5535 Mss.,
792 5488 812 5522 ι
855 5469 1236 5540 intelligamus.
1272 5487 1292 5520 ι
1325 5468 1476 5523 Libb.
1523 5470 1676 5533 editi,
1713 5487 1732 5519 ι
1771 5468 1967 5521 intelli-

431 5557 589 5595 IIIIUS.
624 5557 644 5590 Ι

392 5557 589 5681 “uigiliis;
623 5557 1041 5681 Libli.uediti,_t
1084 5607 1268 5681 simul.
1306 5626 1323 5659 ι
1359 5607 1523 5681 Unus
1560 5610 1729 5681 codex
1783 5606 1972 5661 Ebroi-

394 5677 598 5743 censis,
632 5698 650 5730 ι
691 5681 743 5732 in
780 5679 903 5733 illis.
945 5698 964 5731 ι
998 5677 1215 5748 Reliqui
1246 5694 1398 5740 mss.,
1431 5697 1448 5730 ι
1485 5680 1697 5736 similis.
1735 5696 1754 5729 ι

468 5749 579 5821 (76)
612 5750 793 5804 Codex
852 5749 1235 5820 Sanguinem,
1279 5767 1299 5801 ι
1339 5750 1501 5805 viros.
1552 5768 1570 5801 ι
1608 5749 1761 5809 Libb.
1815 5748 1968 5817 editi,

468 5820 738 5873 meliores.
772 5838 792 5873 ι

400 5837 421 5873 ι
466 5834 738 5876 meliores.
772 5838 792 5873 ι

2068 1962 2184 2011 vos,
2213 1948 2469 2013 infantes,
2504 1949 2668 2004 nolite
2689 1953 2837 2020 pueri
2863 1952 2998 2009 caici
3023 1957 3294 2023 sensibus,
3327 1960 3419 2013 sed
3448 1962 3648 2019 malitia

2067 2038 2273 2107 parvuli
2309 2051 2503 2104 estote,
2532 2042 2781 2095 sensibus
2820 2057 3000 2099 autem
3031 2052 3207 2101 estote
3245 2049 3489 2116 perfecti,
3512 2054 3652 2106 sicut

2066 2143 2119 2185 et
2171 2133 2460 2200 Apostolus
2506 2134 2572 2187 ad
2624 2133 2878 2190 Hebraeos
2917 2135 3045 2191 dicit
3078 2140 3165 2192 “:
3204 2158 3221 2191 ι
3263 2141 3652 2211 lielinquentcs

2068 2224 2452 2294 principiorum
2485 2224 2684 2279 Christi
2734 2240 3038 2282 sermonem
3071 2228 3231 2301 (78‘),
3269 2232 3335 2286 ad
3364 2234 3651 2301 perfectio-

2068 2332 2189 2369 nem
2219 2315 2479 2371 feramur.
2526 2336 2544 2367 ι
2578 2315 2682 2371 Sed
2715 2327 2769 2370 et
2802 2333 2919 2382 vos,
2956 2321 3047 2388 qui
3094 2323 3192 2376 sub
3237 2326 3517 2378 mulierum
3549 2344 3649 2398 ap-

2068 2410 2356 2473 pellatione
2385 2407 2585 2462 infirmi
2635 2417 2689 2462 et
2733 2410 2945 2466 remissi
2974 2420 3029 2464 et
3060 2411 3297 2483 languidi
3329 2416 3478 2481 estis,
3503 2432 3651 2471 com-

2068 2501 2387 2565 monemini,
2428 2509 2486 2553 ut
2536 2496 3023 2557 remissas‘manus
3077 2512 3130 2558 et
3185 2506 3445 2560 dissoluta
3478 2522 3651 2574 genua

2066 2595 2306 2665 erigatis,
2361 2594 2412 2648 id
2461 2600 2564 2655 est,
2612 2600 2669 2645 ut
2716 2592 3050 2663 negligentes
3084 2604 3140 2649 et
3183 2597 3395 2653 desides
3441 2602 3661 2664 animus,

2066 2688 2360 2752 suscitetis,
2396 2699 2449 2743 et
2478 2689 2690 2744 virilem
2725 2690 3083 2744 constantiam
3114 2691 3166 2746 in
3199 2694 3479 2762 explendis
3512 2712 3652 2765 prae-

2066 2780 2237 2849 ceptis
2267 2780 2526 2849 legalibus
2568 2789 2622 2835 et
2672 2780 3005 2849 evangelicis
3037 2786 3348 2847 assumatis,
3381 2795 3545 2854 atque
3586 2791 3653 2841 ad

2068 2872 2311 2926 virorum
2345 2872 2567 2926 fortium
2602 2869 2989 2940 perfectionem
3036 2873 3291 2928 celeriter
3331 2879 3653 2946 properetis.

2066 2961 2184 3017 Non
2218 2964 2360 3016 enim
2405 2965 2555 3017 novit
2596 2961 2879 3029 Scriptura
2914 2963 3096 3017 divina
3130 2967 3421 3019 secundum
3465 2985 3654 3022 sexum

2067 3055 2470 3123 separationem
2500 3055 2741 3108 virorum
2780 3070 2845 3110 ac
2883 3055 3167 3108 mulierum
3206 3056 3405 3112 facere.
3437 3060 3650 3114 Etenim

2067 3145 2207 3214 apud
2244 3143 2410 3197 Deum
2442 3159 2605 3198 sexus
2636 3145 2777 3198 nulla
2809 3146 3065 3199 discretio
3089 3156 3193 3211 eSt,
3226 3150 3319 3201 sed
3357 3164 3453 3216 pro
3483 3152 3654 3205 animi

2066 3235 2383 3290 diversitate
2430 3236 2512 3290 vel
2556 3236 2658 3302 vir,
2695 3237 2781 3290 vel
2837 3236 3031 3290 mulier
3053 3237 3385 3304 designatur.
3430 3241 3655 3307 Quantas

2069 3344 2134 3384 ex
2190 3329 2480 3383 mulicrmn
2537 3345 2669 3384 sexu
2726 3330 2864 3397 apud
2913 3329 3081 3383 Deum
3138 3331 3190 3385 in
3242 3333 3372 3385 viris
3421 3333 3655 3390 fortibus

2067 3420 2465 3474 numerantur?
2508 3429 2563 3475 et
2594 3422 2784 3490 quanti
2830 3434 2894 3474 ex
2945 3420 3079 3476 viris
3112 3422 3254 3475 inter
3303 3426 3557 3478 remissas
3599 3439 3657 3481 et

2067 3512 2349 3583 languidas
2418 3512 2670 3567 mulieres
2736 3523 3054 3582 reputantur
3112 3514 3265 3586 (79)?
3335 3515 3530 3571 Annon
3557 3516 3658 3574 tibi

2066 3606 2285 3657 videtur
2331 3603 2474 3656 inter
2530 3603 2787 3659 mulieres
2833 3605 3226 3658 existimandus
3280 3606 3369 3659 ille
3423 3609 3504 3661 vir
3560 3610 3654 3679 qui

2066 3694 2198 3747 dicit
2240 3710 2252 3747 :
2301 3692 2413 3748 Non
2460 3707 2676 3763 possum
2742 3694 3039 3748 observare
3093 3709 3213 3761 qua:
3262 3697 3459 3765 scripta
3505 3710 3653 3763 sunt,

2067 3785 2306 3839 vendere
2354 3799 2473 3854 quae
2516 3785 2690 3839 habeo
2731 3793 2786 3839 et
2827 3786 2957 3840 dare
3010 3786 3335 3854 pauperibus
3388 3804 3491 3841 non
3526 3805 3655 3858 pos--

2070 3891 2213 3939 sum,
2266 3876 2589 3944 percutienti
2654 3877 2927 3929 maxillam
2970 3877 3209 3945 praebere
3262 3879 3485 3933 alteram
3550 3896 3656 3935 non

2071 3979 2324 4033 possum,
2393 3964 2806 4020 maledicentem
2863 3968 3185 4023 benedicere
3230 3984 3337 4022 non
3402 3985 3652 4038 possum,

2072 4055 2476 4124 blasphematus
2513 4055 2792 4125 deprecari
2822 4072 2924 4110 non
2958 4072 3197 4126 possum,
3220 4062 3653 4126 persecutionem

2071 4152 2179 4218 pati
2208 4156 2263 4201 et
2307 4147 2573 4202 sustinere
2617 4165 2722 4202 non
2762 4150 3018 4218 possum?
3046 4149 3251 4204 Castera
3299 4154 3493 4205 similia
3534 4168 3655 4222 qua:

2073 4239 2398 4291 mandantur
2426 4238 2516 4308 qui
2549 4238 2680 4292 dicit
2713 4238 2937 4309 implere
2975 4256 3078 4294 non
3124 4256 3362 4310 possum,
3391 4244 3517 4310 quid
3556 4244 3654 4299 tibi

2074 4328 2287 4382 videtur
2315 4328 2458 4382 aliud
2504 4342 2666 4399 quam
2700 4332 2842 4384 inter
2867 4330 3145 4395 mulieres,
3170 4346 3289 4399 qua:
3337 4333 3473 4386 nihil
3499 4335 3655 4389 virile

2074 4427 2321 4488 possunt,
2353 4432 2474 4471 esse
2512 4421 2922 4475 numerandus?

2148 4509 2233 4564 10.
2264 4509 2371 4564 Sed
2415 4508 2692 4563 videamus
2742 4511 2871 4579 quid
2917 4519 3039 4580 post
3084 4512 3197 4565 lucc
3233 4513 3493 4582 scriptum
3526 4526 3652 4571 est:

2081 4622 2099 4654 ‹
2138 4604 2203 4658 Ει
2238 4604 2546 4670 audierunt,
2574 4604 2748 4673 inquit
2776 4604 2841 4667 ",
2875 4618 3063 4659 omnes
3112 4619 3265 4674 reges
3305 4607 3656 4661 Amorrhaeo~

2076 4709 2215 4759 rum,
2244 4702 2297 4749 et
2322 4695 2411 4763 qui
2448 4706 2600 4750 trans
2627 4694 2941 4758 Jordanem,
2970 4703 3023 4747 et
3065 4696 3153 4764 qui
3185 4696 3237 4748 in
3281 4699 3569 4761 montanis,
3601 4712 3656 4755 et

2070 4788 2159 4856 qui
2198 4788 2249 4840 in
2286 4787 2509 4856 campis,
2534 4793 2590 4840 et
2611 4787 2700 4855 qui
2735 4799 2897 4853 super
2921 4800 3017 4838 ora
3049 4789 3212 4840 maris
3238 4788 3436 4858 magni,
3463 4798 3518 4841 et
3554 4793 3653 4858 qui

2071 4889 2227 4934 erant
2260 4880 2311 4934 in
2365 4879 2711 4943 Antilibano,
2756 4887 2811 4932 et
2861 4878 3083 4941 Cetbaei,
3135 4890 3189 4932 et
3239 4881 3559 4945 Amorrluei,
3601 4893 3658 4936 et

2071 4972 2381 5035 Chananmi,
2416 4981 2471 5026 et
2499 4970 2794 5035 Plierezmi,
2819 4978 2874 5025 et
2899 4970 3064 5035 Evzei,
3092 4981 3145 5025 ct
3178 4971 3454 5043 Gergesei,
3486 4986 3535 5027 et
3567 4974 3658 5029 Je-

2381 5116 2423 5147 “'
2445 5115 2608 5170 Hebr.
2626 5130 2677 5178 v,
2705 5114 2793 5167 14.
2871 5112 2914 5142 ¹⁹
2943 5109 3141 5180 Ephes.
3170 5127 3218 5176 ν,
3238 5112 3326 5166 27.

3654 2641 3661 2664 3

3407 5113 3452 5144 ⁸⁰
3483 5112 3496 5164 Ι
3527 5113 3655 5165 Cur.

2146 5325 2257 5407 (77)
2282 5322 2485 5380 Omnes
2508 5338 2664 5390 mss.,
2700 5341 2718 5374 ι
2753 5330 3023 5391 suscepta.
3056 5340 3075 5372 ι
3104 5320 3255 5375 Libb.
3294 5318 3445 5381 editi,
3475 5336 3493 5368 ι
3535 5332 3656 5370 sns-

2075 5406 2477 5535 celz'ilé),Codex
2508 5463 2900 5536 Sangerman.,
2942 5480 2960 5536 ς
2994 5458 3252 5515 secernit.
3289 5476 3307 5507 ι
3340 5455 3470 5536 Ibid.
3518 5454 3651 5519 libb,

2078 5528 2413 5599 antea'editi,
2455 5554 2473 5585 ι
2508 5528 2642 5589 Jesu
2666 5532 2820 5586 nobis
2855 5532 3235 5611 recitante“..-
3259 5528 3512 5580 cordibus
3554 5539 3650 5611 tto,

2078 5607 2226 5670 stris,
2268 5624 2286 5656 ι
2315 5607 2408 5660 sed
2441 5619 2629 5659 omnes
2665 5618 2792 5654 mss.
2827 5610 2883 5652 ut
2918 5606 2970 5652 in
3004 5606 3189 5651 nostro
3224 5606 3375 5653 textu
3554 5607 3565 5615 "

2149 5675 2489 5747 (78‘)<Codex
2517 5675 2827 5747 sangerm.,
2857 5688 2875 5719 ι
2906 5680 3202 5722 sermones.
3242 5683 3262 5719 ι

2150 5744 2264 5817 (79)
2292 5744 2459 5818 Idem,
2492 5762 2511 5797 ί
2544 5744 2888 5813 deputantur.
2926 5756 2946 5791 ι
