4146 6440
481 329 584 384 879

1938 324 2256 379 (INGEle

3641 333 3746 389 8.".0

482 447 670 511 intszci,
708 455 762 501 et
797 454 1162 501 convenerunt
1224 447 1276 498 in
1338 462 1536 513 unum,
1579 458 1634 499 ιιι
1689 458 2059 516 expugnarunt.
2093 451 2134 506 Α
2171 448 2439 512 tptomodo
2491 447 2614 516 ligni
2661 464 2930 512 canoros,
2963 449 3044 502 vel
3099 464 3249 518 aqum
3291 459 3585 520 gestatores
3619 449 3748 503 fiant

477 541 663 598 .lcsum
711 552 764 595 et
796 539 954 595 Israel
989 540 1169 594 simul.
1210 560 1225 590 ι
1263 539 1498 593 Ilistoria
1557 557 1734 594 rcrtnn
1785 551 2056 609 gestarum

480 634 765 688 manifesta
785 643 886 697 est,
915 647 1014 686 nec
1042 633 1424 698 explanatione
1448 633 1650 701 indiget
1670 634 1809 700 quod
1840 632 2059 684 eviden-

483 737 563 780 ter
592 727 861 795 expletum
893 733 978 778 est
1008 741 1021 788 ;
1052 739 1118 777 ev
1153 724 1217 777 iis
1268 733 1442 776 tamen
1479 740 1598 792 qua:
1630 733 1779 795 gesta
1815 733 1938 777 sunt
1975 723 2059 775 vi-

479 819 749 882 sibilibus,
796 820 960 874 nostri
1015 817 1226 872 Domini
1281 816 1406 869 Jesn
1458 817 1753 870 Salvator-is
1799 816 1934 869 bella
1997 830 2060 868 ac

483 913 786 981 triumphos
842 927 980 979 quos
1035 912 1238 980 egerit,
1301 908 1754 976 contemplemur,
1812 906 2060 974 quamvis

477 1006 640 1058 etiam
703 1004 753 1057 itt
815 1003 930 1070 ipso
998 1007 1104 1057 lia‘c
1158 1002 1448 1055 visibilitcr
1495 1014 1780 1052 cernamus
1824 999 2056 1067 expleta.

477 1095 860 1148 Convenerunt
889 1094 1031 1144 enim
1063 1107 1214 1160 reges
1243 1101 1421 1156 terrae,
1452 1099 1694 1154 senatus,
1727 1089 2058 1158 populusque

475 1197 530 1237 et
564 1185 840 1252 principes
890 1183 1136 1244 Romani,
1175 1192 1232 1233 ιιι
1287 1190 1654 1249 expugnarent
1693 1194 1887 1232 nomen
1930 1178 2056 1233 .lcsu

477 1288 524 1330 et
566 1275 728 1330 Israel
763 1275 942 1328 sitnul.
1000 1275 1364 1326 Decreveruut
1406 1274 1546 1325 enim
1584 1271 1788 1340 legibus
1829 1272 1964 1333 suis,
2002 1280 2058 1323 nt

478 1368 716 1420 nonsittt
779 1364 1095 1418 Christiani.
1151 1363 1340 1416 Omnis
1404 1364 1618 1427 civitas,
1691 1362 1868 1414 omnis
1921 1362 2054 1413 ordo

475 1457 908 1511 Christianorum
937 1472 1131 1508 nomen
1157 1455 1455 1524 impugnat.
1483 1447 1598 1506 ερατ
1618 1455 1757 1505 sicut
1791 1462 1915 1506 tunc
1939 1468 2057 1504 om-

475 1565 575 1604 nes
610 1549 682 1601 illi
721 1562 874 1616 reges
901 1547 1290 1600 convenientes
1341 1556 1527 1598 contra
1569 1543 1751 1597 .Icsum
1803 1543 1936 1596 nihil
1971 1541 2053 1594 Ia-

474 1656 599 1694 cere
631 1647 944 1707 potuerunt,
976 1637 1048 1690 ita
1082 1635 1193 1705 (80)
1223 1634 1303 1686 vel
1335 1634 1603 1702 principes
1636 1632 1722 1685 vel
1760 1641 2055 1700 potestates

475 1738 593 1790 ista:
619 1735 928 1800 contrariae,
968 1743 1026 1787 ut
1072 1746 1176 1785 non
1210 1731 1642 1784 Christianorum
1676 1744 1845 1798 genus
1895 1727 2054 1780 latins

2176 553 2229 590 ct
2281 529 2710 593 condemnentur
2754 541 2888 610 (8i)
2950 544 3014 594 ad
3053 543 3367 611 obsequium
3421 545 3637 613 populi,
3691 553 3749 597 et

2175 629 2361 683 altaris
2393 631 2481 683 Dei
2521 633 2906 695 ministerium,
2938 634 3194 702 quoniam
3225 636 3442 702 quidem
3471 650 3594 688 cum
3625 633 3750 688 dolo

2169 730 2222 774 et
2268 721 2353 775 cal
2381 721 2568 776 iditatc
2623 733 2975 778 accesserunt
3021 725 3086 777 ad
3141 725 3280 778 lilios
3321 725 3506 787 Israel,
3550 726 3750 792 pannis

2171 812 2662 881 calceamentisth
2695 816 2969 870 veteribus
3013 817 3217 880 imluti,
3253 828 3308 871 et
3333 817 3514 872 cibum
3547 818 3747 872 vetusti

2170 905 2322 972 panis
2352 905 2613 961 ferentes.
2651 908 2889 978 Istiet‘go
2919 910 3142 962 veniunt
3173 911 3236 962 ad
3266 909 3450 963 Jesunt
3484 926 3605 964 cum
3629 926 3750 964 om—

2170 998 2327 1049 nibus
2363 1000 2724 1054 vetustatibus
2750 1002 2862 1056 suis
2884 1042 2898 1065 ,
2925 1013 2978 1055 et
3011 1012 3170 1055 orant
3205 1003 3273 1056 ab
3306 1017 3374 1055 eo
3409 1004 3507 1055 hoc
3539 1013 3748 1057 tantum

2169 1100 2225 1140 ιιι
2274 1090 2573 1144 salventur.
2609 1091 2661 1144 In
2712 1106 2940 1160 quorum
2993 1094 3160 1163 ligura
3211 1093 3312 1146 tale
3359 1093 3488 1147 mihi
3541 1093 3747 1162 aliquid

2167 1181 2380 1234 videtur
2403 1184 2636 1236 ostendi.
2680 1182 2817 1237 Sunt
2848 1185 3067 1251 quidam
3099 1187 3149 1238 in
3185 1186 3427 1239 Ecclesia
3461 1188 3748 1240 credentes

2167 1273 2383 1341 quidem
2413 1283 2466 1326 et
2497 1275 2758 1328 habentes
2790 1275 2946 1329 tidem
2983 1277 3034 1330 in
3068 1277 3258 1339 Deum,
3291 1285 3346 1329 ct
3393 1277 3749 1343 acquiescen-

2169 1373 2248 1416 tes
2275 1364 2390 1433 (85)
2429 1365 2680 1419 omnibus
2729 1365 2930 1421 divinis
2974 1373 3265 1436 praeceptis
3307 1368 3554 1436 :quique
3581 1369 3746 1422 etiam

2165 1469 2292 1521 erga
2319 1471 2506 1510 servos
2532 1455 2622 1510 Dei
2655 1456 2889 1526 religiosi
2913 1469 3060 1524 sunt,
3085 1469 3138 1513 et
3166 1460 3372 1514 servire
3395 1460 3476 1514 eis
3499 1462 3742 1530 cupiunt,

2164 1549 2254 1601 sed
2283 1559 2337 1603 et
2375 1552 2440 1603 ad
2473 1561 2724 1605 ornatum
2754 1551 3040 1619 Ecclesiae,
3080 1555 3168 1607 vel
3210 1554 3574 1608 ministerium
3610 1556 3746 1611 satis

2166 1641 2396 1708 prompti
2430 1645 2712 1712 paratique
2741 1654 2892 1709 sunt,
2922 1645 2974 1698 in
3003 1645 3216 1699 actibus
3233 1660 3362 1700 vero
3387 1647 3500 1700 suis
3529 1658 3581 1701 et
3608 1662 3745 1701 cnu-

2163 1730 2474 1784 versatione
2505 1732 2721 1801 propria
2744 1773 2759 1796 ,
2789 1733 3218 1790 obscenitatibus
3259 1745 3313 1790 et
3345 1736 3491 1789 vitiis
3516 1735 3630 1806 (86)
3656 1739 3745 1794 ia-

471 1842 535 1879 ac
560 1826 833 1894 profusius
860 1834 1184 1894 propagetur
1207 1822 1340 1896 (8|).
1370 1822 1620 1876 obtinere
1642 1835 1746 1874 non
1776 1819 2051 1872 valebunt.
2088 1811 2129 1866 Β
2160 1822 2345 1884 voluti,
2394 1837 2493 1877 nec
2527 1825 2751 1879 omnino
2788 1826 3126 1895 deponentes
3172 1839 3410 1883 veterem
3463 1827 3738 1881 hominem

473 1918 747 1985 Scriptum
798 1931 1034 1986 namque
1065 1926 1147 1970 est
1179 1916 1249 1979 “,
1281 1915 1408 1983 quia
1448 1931 1465 1964 ι
1508 1923 1714 1981 quanto
1762 1911 1930 1979 magis
1963 1925 2056 1963 cos

475 2007 852 2068 lmmiliabant,
907 2015 1056 2060 tanto
1108 2007 1275 2074 magis
1331 2005 1512 2073 plures
1556 2005 1778 2064 tiebant,
1816 2011 1868 2055 et
1905 2003 2054 2054 inva-

474 2103 750 2156 lescebant
789 2101 965 2155 valde.
1008 2121 1026 2152 ι
1055 2099 1387 2155 Conﬁdintus
1426 2109 1629 2160 autem,
1666 2099 1788 2166 quia
1828 2113 1930 2150 non
1967 2112 2054 2149 so-

479 2194 581 2246 lum
617 2209 719 2246 non
753 2207 850 2247 nos
881 2201 1134 2262 poterunt
1165 2193 1417 2246 obtinere
1467 2189 1708 2242 visibiles
1745 2187 1971 2246 inimici.
2004 2196 2056 2240 et

471 2285 768 2340 adversarii
803 2285 998 2345 neStri,
1037 2299 1224 2339 verum
1273 2283 1437 2337 etiam
1487 2281 1746 2334 velociter
1790 2278 1914 2332 Jesn
1948 2279 2052 2332 Do-

475 2379 621 2432 mino
665 2389 850 2431 nostro
877 2377 1128 2430 vincente
1159 2383 1468 2429 conteretur
1501 2373 1738 2427 Satanas
1771 2373 1872 2426 sub
1906 2373 2054 2441 pedi-

469 2469 572 2525 bus
599 2483 878 2523 servorum
910 2467 1046 2536 ejus.
1080 2466 1172 2520 Illo
1199 2467 1399 2521 etenim
1427 2466 1564 2520 duce
1590 2478 1804 2532 semper
1838 2463 2057 2516 vincent
2095 2519 2104 2527 _

473 2562 670 2616 milites
705 2559 810 2627 sui,
843 2561 914 2613 ita
969 2569 1027 2611 ut
1077 2568 1131 2612 et
1176 2575 1276 2612 nos
1331 2557 1575 2610 dicamus
1623 2557 1762 2610 sicut
1793 2555 1844 2606 in
1885 2554 2055 2607 Esdra

472 2655 733 2722 scriptum
767 2651 940 2712 est”,
971 2651 1093 2718 quia
1134 2668 1152 2700 ι
1189 2665 1216 2701 a
1265 2656 1336 2711 te,
1376 2647 1621 2712 Domine,
1676 2653 1759 2699 cst
1805 2645 2052 2707 victoria,

473 2755 530 2801 et
558 2761 657 2814 ego
688 2758 879 2799 servus
913 2755 1057 2806 tuus,
1088 2741 1404 2795 benedictus
1437 2754 1518 2802 es,
1554 2739 1694 2792 Deus
1723 2736 1992 2791 veritatis.
2030 2754 2048 2786 ι

472 2842 641 2906 Quem
671 2853 887 2906 semper
917 2848 969 2890 ct
997 2853 1096 2890 nos
1126 2837 1459 2898 invocenms,
1493 2843 1551 2887 ut
1583 2836 1670 2886 det
1699 2833 1855 2887 nobis
1885 2833 2055 2885 victo-

473 2932 609 2984 riam
647 2930 698 2983 in
731 2929 950 2983 Christo
987 2925 1111 2981 Jesu
1145 2926 1370 2980 Domino
1408 2935 1616 2985 nostro.
1650 2924 1734 2978 cui
1779 2933 1858 2978 est
1884 2923 2052 2992 gloria

472 3032 528 3077 et
562 3021 844 3092 imperium
877 3019 928 3072 in
961 3017 1152 3072 saecula
1186 3015 1527 3069 saeculorum.
1561 3022 1754 3069 Amen.

1067 3126 1344 3183 IIOMILIA
1391 3127 1455 3180 Χ.

493 3225 567 3279 Ile
609 3223 726 3278 dolo
771 3221 1215 3284 Cabuonitarum,
1260 3222 1347 3273 ubi
1392 3222 1571 3272 dicunt
1611 3235 1628 3271 .'
1674 3237 1692 3268 ι
1747 3217 2053 3270 Audiuimus

545 3303 740 3415 gummi
790 3296 918 3361 .lecit
967 3293 1223 3346 Dominus
1286 3291 1552 3344 vobiscum
1605 3306 1695 3356 per
1753 3305 1896 3340 mare
1949 3285 2056 3337 Ιίιιο

582 3379 718 3414 rum.
767 3381 785 3412 ι

582 3379 718 3414 rum.
767 3381 785 3412 ο

547 3471 602 3526 1.
667 3490 689 3523 ,ι
753 3473 818 3526 du
874 3475 1036 3526 domo
1096 3472 1276 3525 Patris
1336 3473 1436 3524 mei
1508 3470 1818 3523 mansiones
1877 3466 2057 3520 multa:

475 3575 623 3625 sunt,
660 3581 678 3614 ι
717 3565 848 3617 dicit
875 3563 1112 3618 Verbum
1145 3561 1234 3614 Dei
1262 3562 1328 3614 ³⁸.
1353 3562 1458 3615 Sed
1485 3570 1537 3614 et
1561 3559 1888 3614 resurrectio
1920 3573 2057 3610 mor-

475 3665 694 3712 tuorum
727 3671 832 3707 non
862 3653 1078 3708 habebit
1102 3653 1360 3720 mqualem
1389 3653 1781 3720 resurgentium
1803 3651 2053 3720 gloriam,

475 3749 570 3804 sed
605 3765 622 3797 ι
653 3748 758 3800 alia
788 3745 1357 3810 carovoluerum,alia
1372 3742 1900 3814 pecorum(82),alia
1929 3758 2057 3798 vero

477 3838 738 3909 piscium;
778 3846 836 3889 et
859 3851 1088 3905 corpora
1119 3836 1379 3902 caelestia,
1407 3843 1462 3888 et
1499 3849 1722 3899 corpora
1751 3835 2055 3896 terrestria,

475 3931 572 3984 sed
604 3929 706 3981 alia
739 3928 956 3996 quidem
989 3926 1288 3981 caelestium
1319 3927 1516 3996 gloria,
1565 3927 1665 3979 alia
1713 3942 1844 3980 vero
1889 3935 2059 3980 terre-

475 4023 686 4075 strium.
722 4020 838 4072 Alia
862 4019 1036 4088 gloria
1069 4019 1221 4080 solis,
1250 4019 1352 4071 alia
1382 4019 1549 4087 gloria
1574 4018 1732 4083 lunae,
1763 4018 1863 4071 alia
1888 4017 2055 4087 gloria

474 4111 776 4165 stellarum.
822 4108 986 4164 Stella
1029 4110 1096 4164 ab
1133 4111 1285 4164 stella
1329 4109 1508 4163 :lill‘ert
1544 4111 1596 4163 in
1632 4109 1836 4177 gloria,
1878 4110 1950 4162 ita
2002 4118 2056 4162 et

475 4201 804 4257 resurrectio
837 4213 1174 4255 mortuorum
1207 4202 1274 4258 ".
1313 4220 1330 4252 ι
1357 4200 1539 4254 Multa:
1578 4215 1706 4271 ergo
1737 4216 1925 4254 eorum
1963 4198 2053 4268 (ιιιί

474 4298 540 4350 ad
565 4296 794 4350 salutem
819 4296 1043 4349 veniunt
1073 4293 1390 4350 dilIercntite
1419 4294 1798 4363 designantur.
1829 4292 1981 4348 Unde
2005 4304 2059 4348 ct

473 4403 619 4442 nunc
642 4386 971 4441 Gabaonitas
997 4388 1150 4450 istos,
1174 4400 1400 4454 quorum
1430 4385 1656 4440 historia
1691 4387 1914 4439 recitata
1943 4385 2054 4456 (85)

473 4477 637 4551 423
667 4489 770 4544 est,
797 4479 1032 4547 arbitror
1063 4487 1181 4546 port
1210 4478 1460 4531 nnculam
1490 4477 1784 4546 quamdam
1809 4493 1927 4531 esse
1953 4493 2045 4532 eo-

2157 1927 2278 1965 cum
2310 1914 2523 1968 actibus
2552 1917 2689 1980 suis,
2719 1917 2812 1970 sed
2850 1917 3072 1970 involuti
3120 1920 3349 1973 vetustis
3389 1920 3533 1973 vitiis
3565 1929 3616 1974 et
3645 1920 3744 1973 ob-

2158 2006 2517 2061 scenitatibus
2544 2008 2684 2072 suis,
2722 2009 2867 2063 sicut
2901 2020 2955 2064 ct
2985 2009 3071 2064 isti
3105 2011 3297 2080 pannis
3327 2023 3380 2064 et
3406 2013 3741 2066 calceamen-

2160 2097 2229 2152 tis
2245 2099 2517 2153 veteribus
2540 2100 2769 2164 obtecti,
2797 2110 2992 2169 praeler
3023 2101 3127 2156 hoc
3158 2102 3298 2170 quod
3334 2101 3385 2154 in
3418 2101 3581 2156 Deum
3619 2117 3740 2155 cre-

2161 2189 2314 2252 dunt,
2339 2199 2395 2244 et
2423 2205 2550 2261 erga
2586 2206 2776 2246 servos
2808 2191 2895 2245 Dei
2924 2192 3006 2247 vel
3038 2190 3290 2248 Ecclesia:
3317 2194 3519 2246 cultum
3548 2194 3740 2248 viden-

2161 2289 2246 2333 tnr
2271 2295 2391 2336 csse
2423 2283 2622 2346 devoti,
2651 2284 2781 2337 nihil
2821 2284 3077 2339 adhibent
3101 2285 3501 2340 emendationis
3526 2285 3613 2338 vel
3660 2285 3742 2338 inc

2159 2373 2462 2428 novationis
2498 2375 2550 2427 in
2585 2375 2829 2430 moribus
2858 2375 2990 2447 (87).
3026 2377 3148 2432 Istis
3176 2393 3305 2446 ergo
3345 2377 3506 2432 Jesus
3555 2378 3740 2434 Domi-

2160 2480 2258 2516 nus
2295 2475 2479 2518 noster
2511 2466 2741 2521 salutem
2777 2468 2996 2536 quidem
3027 2469 3302 2534 concedit,
3339 2472 3432 2524 sesl
3464 2473 3735 2540 quodam-

2159 2558 2316 2609 modo
2343 2558 2487 2610 salus
2515 2558 2629 2626 ipsa
2662 2573 2849 2612 eorum
2887 2569 3070 2614 notant
3121 2577 3227 2614 non
3260 2562 3440 2615 evadit
3474 2563 3735 2617 infamias.

2159 2647 2362 2702 Similis
2389 2663 2603 2716 quoque
2631 2649 2792 2701 etiam
2833 2647 2885 2701 in
2926 2647 3106 2700 libello
3138 2648 3228 2714 qui
3283 2649 3591 2716 appellatur
3625 2647 3736 2703 Pa-

2156 2744 2316 2797 storis
2349 2743 2484 2815 (88),
2511 2745 2574 2798 de
2603 2744 2687 2798 his
2721 2743 2890 2814 ﬁgura
2923 2743 3275 2796 describitur.
3305 2744 3392 2796 Ait
3419 2744 3585 2807 enim,
3611 2746 3736 2810 quia

2159 2841 2240 2885 est
2277 2832 2441 2885 arbor
2467 2834 2735 2898 qumdatn,
2769 2847 2888 2900 qua:
2921 2831 3098 2886 ulmus
3125 2832 3450 2900 appellatur,
3482 2847 3603 2900 qua:
3635 2833 3740 2884 fru-

2157 2932 2301 2976 ctum
2336 2939 2440 2975 non
2471 2922 2650 2987 all'ert,
2675 2932 2855 2990 portat
2883 2931 3060 2975 tamen
3087 2925 3252 2977 vitem
3289 2940 3407 2992 quae
3435 2924 3595 2978 all'ert
3625 2925 3738 2993 plu-

2163 3016 2355 3069 rimam
2390 3015 2645 3080 fructum,
2676 3026 2728 3069 et
2762 3031 2827 3069 ex
2862 3030 2926 3068 eo
2950 3017 3089 3084 quod
3123 3019 3454 3072 adminiculo
3501 3001 3587 3072 est
3613 3020 3740 3086 viti,

2159 3123 2278 3176 qua:
2313 3109 2428 3174 ejus
2459 3107 2663 3160 viribus
2691 3107 2888 3169 nitens,
2918 3106 2995 3160 vel
3025 3105 3243 3171 all'erre,
3271 3109 3352 3161 vel
3383 3123 3602 3163 servare
3635 3124 3734 3178 po-

2161 3209 2262 3253 test
2308 3199 2597 3268 plnrimnm
2644 3198 2901 3262 fructum,
2937 3200 3102 3252 etiam
3139 3200 3316 3254 ulmus
3343 3239 3358 3263 ,
3393 3216 3514 3270 qua“:
3560 3201 3738 3255 inl’ru-

2157 3304 2346 3350 ctuosa
2374 3303 2478 3358 est,
2513 3292 2827 3347 necessaria
2859 3294 3074 3347 videtur
3104 3302 3159 3347 ct
3207 3295 3356 3347 utilis
3383 3309 3448 3348 ex
3485 3295 3586 3348 hoc
3619 3296 3739 3363 ipso

2157 3387 2301 3455 quod
2331 3382 2624 3437 fructifera:
2657 3382 2768 3454 (89)
2803 3383 3080 3437 deserviat
3105 3384 3219 3438 viti.
3253 3383 3382 3437 Tale
3417 3384 3622 3452 aliquid
3651 3387 3737 3441 in-

2163 3477 2343 3543 tellige
2392 3479 2554 3528 etiam
2603 3475 2658 3526 in
2708 3473 3028 3528 Gabaonitis
3070 3474 3160 3543 qui
3217 3489 3324 3527 non
3369 3475 3740 3543 deposuerunt

2159 3569 2378 3639 quidem
2410 3575 2645 3620 veterem
2680 3565 2950 3619 hominem
2979 3581 3102 3619 cum
3142 3565 3360 3620 actibus
3388 3568 3501 3621 suis
3527 3608 3542 3630 ,
3580 3569 3738 3622 mini-

2162 3669 2337 3717 s‘raut
2367 3669 2545 3714 tamen
2577 3658 2783 3712 sanctis
2812 3667 2864 3710 et
2901 3659 3166 3722 serviunt,
3209 3668 3262 3711 et
3290 3658 3495 3726 aliquid
3531 3661 3737 3714 utilita-

2163 3753 2232 3807 tis
2262 3752 2603 3820 impendunt,
2634 3759 2688 3805 et
2717 3749 2810 3802 tali
2842 3751 3079 3819 quodam
3118 3751 3309 3804 ordine
3340 3751 3406 3804 ab
3437 3749 3559 3806 Jesu
3592 3753 3737 3806 saltt-

2166 3854 2274 3897 tent
2341 3859 2462 3896 cum
2535 3841 2828 3910 juramenti
2913 3842 3328 3910 interpositione
3410 3844 3734 3913 suscipiunt.

2163 3937 2274 4006 Ego
2343 3935 2591 3988 nolebant
2671 3937 2723 3987 in
2804 3932 3236 3988 Gabaonitarum
3319 3935 3510 3990 ordine
3577 3936 3735 3991 salu-

2163 4040 2266 4076 tem
2298 4021 2407 4094 (90)
2441 4020 2723 4090 consequi,
2754 4035 2851 4075 nec
2881 4021 2932 4074 in
2965 4021 3093 4090 ligni
3122 4023 3437 4089 censoribus,
3471 4026 3551 4079 vel
3582 4041 3737 4096 aqua

2161 4113 2526 4183 gestatoribus
2587 4114 2906 4178 numerari,
2957 4114 3051 4168 sed
3113 4113 3253 4169 inler
3313 4115 3587 4171 Israelitas
3624 4133 3735 4171 ca-

2161 4220 2290 4273 pere
2338 4205 2708 4260 hrcreditatem
2743 4215 2797 4258 et
2826 4205 3134 4274 portionem
3163 4216 3321 4261 terra:
3353 4208 3735 4274 promissionis

2161 4297 2406 4364 accipere
2431 4295 2565 4366 (91).

2230 4388 2284 4440 2.
2317 4387 2724 4442 Observandum
2761 4400 2892 4441 sane
2923 4397 3045 4452 est,
3094 4390 3239 4458 quod
3281 4389 3459 4444 solent
3493 4389 3735 4445 haeretici
3803 4391 3810 4398 ’

2156 4480 2400 4548 legentes
2428 4480 2572 4532 hunc
2599 4478 2777 4532 locum
2805 4477 3136 4532 calumniam
3169 4478 3348 4533 facere
3373 4519 3387 4539 ,
3436 4480 3469 4533 ii
3507 4481 3599 4550 qtti
3633 4481 3735 4534 'I‘e-

479 4586 599 4624 rum
627 4609 644 4636 ,
693 4571 782 4636 qui
819 4569 1064 4623 salvandi
1097 4578 1260 4634 sunt,
1295 4569 1370 4622 ita
1420 4577 1598 4621 tamen
1628 4577 1684 4621 ut
1713 4585 1816 4624 non
1849 4571 2052 4636 absque
2086 4557 2128 4611 1)
2157 4580 2488 4623 stamentum
2527 4567 2695 4622 Vetus
2728 4584 2832 4622 non
2884 4571 3178 4638 recipiunt,
3227 4581 3275 4623 et
3333 4571 3562 4626 dicunt:
3605 4573 3737 4626 Vide

483 4661 714 4728 alicujus
763 4673 905 4715 notae
965 4662 1236 4716 innstione
1282 4661 1576 4715 salventur.
1614 4661 1775 4714 Vides
1825 4675 2055 4729 namque

549 4760 594 4788 "
625 4759 792 4815 Exod.
832 4778 870 4822 ι,
906 4757 987 4812 12.
1067 4758 1110 4788 ³⁵
1137 4755 1198 4810 Ill
1235 4757 1386 4810 Iisdr.
1425 4771 1497 4820 ιν,
1527 4757 1615 4818 b9,
1642 4756 1730 4809 60.

546 4901 656 4965 (8h)
689 4902 742 4954 In
777 4903 962 4956 eodem
990 4904 1159 4964 deest,
1197 4920 1214 4951 ι
1249 4901 1341 4953 ita.
1378 4921 1398 4953 ι

545 4968 658 5040 (81)
692 4970 834 5024 Idem
867 4985 976 5025 ms.
1019 4971 1199 5034 habet,
1235 4990 1252 5021 ι
1285 4980 1628 5040 propagetur.
1662 4992 1680 5023 ι
1707 4970 1864 5026 Libb.
1897 4968 2051 5034 editi,

481 5061 501 5094 ιι
541 5041 878 5110 prorogetur.
911 5061 929 5092 ι
967 5041 1084 5096 Mox
1129 5041 1181 5094 in
1222 5042 1410 5094 eodem
1446 5042 1631 5096 codice
1685 5041 2053 5108 tnauuscripto

473 5112 757 5172 omittitur,
793 5130 812 5161 ‹
844 5113 1089 5166 obtinere
1124 5127 1226 5165 non
1254 5111 1525 5165 valebunt.
1566 5129 1585 5162 ι

547 5181 657 5252 (82)
686 5183 886 5252 Omnes
908 5197 1068 5252 tnss.,
1103 5201 1121 5232 ι
1163 5181 1267 5233 alia
1297 5196 1577 5252 pecorum.
1629 5201 1646 5233 ι

547 5249 660 5322 (85⁷)
689 5251 871 5322 Codex
901 5249 1211 5322 Sangerm.,
1239 5269 1257 5301 ι
1285 5251 1506 5306 recitata
1531 5263 1632 5308 cst.
1665 5272 1682 5304 ›
1714 5250 1869 5306 Libb.
1897 5249 2048 5312 editi,

479 5342 498 5373 ι
541 5321 814 5375 recitauda
845 5331 948 5376 est.
987 5341 1004 5372 ι

546 5391 658 5459 (84)
684 5391 848 5456 Idem,
888 5411 906 5443 ι
947 5392 1073 5446 liaut
1096 5401 1152 5445 et
1181 5392 1627 5448 condemnentur.
1663 5410 1680 5443 ι
1715 5391 1868 5446 Lihb.
1895 5389 2046 5454 editi,

478 5481 498 5516 ι
545 5463 660 5515 neri
700 5462 1146 5516 condemnentur.
1187 5481 1206 5514 ›

547 5532 660 5599 (85)
685 5529 854 5594 Idem,
885 5550 904 5582 ι
934 5533 1216 5586 credentes
1248 5533 1352 5586 ﬁde
1384 5534 1436 5586 in
1463 5530 1644 5586 Jesum
1682 5530 1965 5584 Dominum
1995 5538 2050 5583 et

477 5603 905 5666 acquiescentes.
949 5619 967 5653 ι

520 5665 829 5752 οιξςῧηιιειιι
876 5685 997 5725 cum
1044 5671 1444 5736 Gemedecnsi,
1489 5689 1506 5722 ι
1561 5671 1780 5725 obsceni
1830 5670 1962 5724 satis
1995 5678 2048 5722 ct

483 5751 645 5798 Vlllls.
689 5763 708 5798 ι

1809 4757 1853 4786 ’⁸
1880 4754 2038 4808 Joan.
2072 4771 2182 4818 χιιι,
2206 4756 2260 4807 ‘2.

2159 4661 2430 4730 quomodo
2463 4659 2593 4711 nihil
2624 4661 2974 4715 humanitatis
3005 4662 3192 4716 habuit
3213 4659 3374 4716 Iesus
3401 4645 3541 4718 [ilius
3563 4663 3732 4729 Nave,

2338 4756 2380 4785 "
2414 4753 2432 4805 l
2461 4754 2585 4807 Cor.
2627 4769 2715 4820 xv,
2747 4755 2934 4808 59-“.

2235 4899 2346 4969 (87)
2378 4899 2542 4962 Idem,
2579 4915 2597 4948 ι
2639 4897 2690 4950 in
2726 4897 2988 4951 moribus.
3029 4917 3046 4950 ι
3081 4897 3239 4952 Libb.
3266 4896 3433 4961 editi,
3478 4914 3498 4948 α
3538 4897 3590 4950 in
3619 4913 3732 4953 mo-

2364 5037 2829 5118 Similis-quoque
2852 5037 3092 5118 etiamin
3117 5036 3292 5090 libello
3323 5038 3411 5118 qui
3435 5035 3732 5118 appellatur

2159 5105 2421 5171 Pastoris,
2453 5117 2558 5161 etc.
2591 5105 2724 5161 Vide
2745 5105 3000 5159 Pastoris
3023 5107 3217 5159 librttm
3251 5108 3492 5171 tertium,
3540 5106 3731 5159 simili-

2157 5179 2346 5232 tudine
2378 5178 2638 5243 secunda,
2668 5187 2723 5230 et
2751 5177 3002 5230 Cotelerii
3032 5184 3186 5230 notas
3218 5177 3271 5231 in
3302 5179 3440 5231 hanc
3475 5175 3732 5232 similitu-

2156 5249 2334 5301 dinem
2368 5250 2490 5301 vitis
2517 5257 2572 5300 et
2601 5249 2752 5301 ulmi.

2220 5318 2541 5438 l('89).|tlodex
2576 5316 2889 5385 Sangerm.,
2924 5335 2942 5366 ι
2978 5313 3293 5372 l‘ructil‘erte.
3331 5335 3348 5368 ι
3384 5315 3540 5371 Libb.
3574 5314 3724 5374 editi,

2245 5403 2353 5440 ruta
2384 5402 2509 5440 erm.
2554 5405 2571 5435 ι

2159 5405 2177 5435 ⁴
2220 5403 2628 5536 (ξὸῗιὲἒίῇῗιίείη,
2672 5457 2829 5511 deest
2859 5455 2910 5508 in
2939 5455 3069 5509 libb.
3099 5465 3254 5510 antea
3281 5455 3462 5517 editis,
3490 5455 3586 5509 sed
3633 5468 3730 5508 ex.

2209 5547 2216 5578 ἑ
2292 5543 2301 5576 Ι
2383 5541 2512 5578 IIISS.

2153 5537 2342 5664 Silii“).
2371 5595 2526 5648 Libb.
2564 5595 2691 5649 editi
2722 5636 2736 5660 ,
2796 5614 2813 5646 ι
2851 5610 3104 5665 cuperem
3154 5594 3520 5665 ltmreilitatetn
3568 5602 3727 5645 terra:

2155 5662 2594 5733 reprotniSsionis
2620 5668 2866 5736 accipere
2890 5705 2905 5730 ,
2925 5662 2962 5716 ἰ
3003 5667 3096 5720 sed
3125 5665 3294 5718 codex
3345 5662 3629 5732 Sangertn.
3665 5672 3723 5716 ιιι

2153 5745 2203 5789 ιιι
2238 5746 2420 5791 nostro
2449 5745 2616 5790 textu.
