4146 6376
364 382 462 437 881

1357 375 1422 431 IN
1466 377 1720 431 LIBRUM
1755 377 1920 432 JESU
1962 373 2148 430 NAVE
2189 377 2472 433 IIOMILIA
2509 375 2576 431 Χ.

3527 375 3634 432 83⁴Ξ

362 513 420 556 ιιι
455 501 764 556 hominibus
793 498 880 566 qui
922 496 986 550 ad
1017 511 1074 550 se
1105 496 1376 564 supplices
1407 509 1666 550 venerant
1713 498 1940 549 salutem
1977 503 2013 555 Α
2049 514 2334 565 precamur
2365 513 2479 558 vos,
2517 497 2732 559 fratres,
2769 492 2918 546 verbi
2957 494 3049 546 Dei
3093 493 3361 563 legatione
3413 495 3632 565 fungen-

361 591 668 645 concetlens
692 630 706 652 ,
743 600 922 640 notant
958 587 1035 640 eis
1069 585 1305 639 infamitc
1351 597 1403 639 et
1452 585 1636 654 jugum
1668 585 1947 639 servitutis

363 684 648 754 inlligeret.
703 681 823 734 ll:ec
871 681 914 733 si
961 680 1140 733 anima
1197 679 1388 733 audiat
1455 679 1633 731 minus
1684 679 1944 731 instructa

365 776 661 845 Scripturis
692 774 911 837 divinis,
956 773 1219 827 infirmari
1260 773 1521 827 continuo
1563 781 1613 824 et
1647 772 1943 840 periclitari

364 880 560 939 potest,
600 870 670 922 ita
706 879 761 921 ut
793 869 1025 938 refugiat
1055 868 1383 922 catholicam
1430 866 1613 920 fidem.
1648 865 1763 919 Non
1797 867 1943 920 enint

363 963 666 1032 intelligunt
711 960 824 1032 (9-2)
872 977 1060 1015 eorum
1106 961 1504 1029 subreptiones.
1574 957 1735 1013 Jesus
1798 958 1943 1012 enim

365 1067 670 1106 mensuram
717 1051 840 1105 fidei
895 1051 1135 1120 ipsorum
1190 1051 1426 1115 intuens,
1466 1059 1781 1118 competens
1815 1066 1943 1119 erga

360 1157 454 1196 eos
479 1142 744 1211 judicium
779 1143 969 1196 tenuit.
1017 1142 1188 1196 Porro
1236 1152 1415 1196 autem
1463 1144 1611 1197 Raab
1663 1144 1945 1204 meretrix,

361 1249 482 1304 qua:
513 1234 615 1286 lidc
670 1234 881 1302 integra
911 1233 1142 1287 credidit
1173 1249 1292 1287 cum
1327 1234 1474 1286 onmi
1511 1236 1670 1287 domo
1703 1249 1798 1287 sua
1827 1272 1842 1295 ,
1894 1242 1950 1287 et

360 1325 736 1394 exploratores
769 1325 1092 1380 lsraeliticos
1128 1327 1439 1391 plenissima
1491 1327 1780 1380 devotione
1825 1342 1946 1380 sns-

363 1417 526 1485 cepit,
571 1430 634 1470 ex
683 1415 894 1485 integro
922 1414 975 1469 itt
1016 1417 1352 1470 consortium
1383 1416 1564 1486 populi
1604 1418 1948 1471 societatem-

360 1523 467 1576 que
493 1518 741 1576 suscepta
771 1518 872 1571 est,
905 1517 959 1563 et
991 1511 1254 1576 scriptum
1283 1519 1368 1563 est
1411 1510 1476 1562 de
1508 1526 1594 1575 ea,
1624 1509 1748 1577 quia
1784 1525 1948 1576 appo-

361 1602 464 1654 sita
498 1611 580 1654 est
608 1602 671 1653 ad
713 1601 848 1655 lilios
873 1599 1034 1657 Israel
1065 1617 1235 1671 usque
1261 1603 1313 1656 in
1351 1604 1674 1656 hodiernum
1712 1603 1850 1655 diem
1881 1602 1944 1653 ’³.

362 1685 451 1743 Isti
488 1705 617 1744 vero
645 1691 732 1760 qui
770 1707 876 1744 non
929 1705 1036 1744 tattt
1092 1693 1404 1745 Israelitica:
1453 1692 1631 1762 gentis
1673 1692 1948 1744 consortia

361 1783 699 1846 dilexerunt,
733 1799 894 1853 quam
931 1800 1042 1838 sua-
1089 1786 1411 1851 perditionis
1448 1796 1592 1840 metu
1643 1785 1945 1854 perterriti,

2052 597 2153 650 tes,
2191 595 2246 637 ιιι
2277 587 2398 637 dum
2426 593 2744 653 potestatem
2775 583 2952 636 adhuc
2982 585 3246 637 habemus
3275 588 3630 650 emendandi,

2050 679 2238 731 demus
2271 692 2490 746 operam
2518 718 2531 741 ,
2562 689 2614 729 ct
2661 676 2980 730 festinemus
3025 676 3347 744 abjiciemes
3379 678 3629 745 antiquus

2049 771 2236 823 sordes
2267 779 2319 823 et
2366 785 2572 838 pannos
2600 778 2815 822 veteres
2851 769 3130 830 vitiorum,
3163 767 3412 837 conjungi
3452 786 3515 822 ac
3547 787 3635 822 so-

2051 860 2185 914 ciari
2232 862 2540 916 Israelitica:
2573 861 2834 915 libertati.
2873 859 2965 914 Vis
2995 868 3174 912 autem
3213 862 3394 914 videre.
3425 863 3635 916 Israeli-

2054 962 2228 1004 tarum
2259 961 2459 1020 quanta
2489 953 2710 1006 libertas
2745 951 2860 1004 sit?
2886 949 2943 1004 ιιι
2989 951 3108 1019 lege
3132 951 3172 982 ³³
3219 953 3529 1020 prtccipitur
3569 969 3636 1007 ne

2052 1042 2216 1098 liceat
2244 1043 2524 1097 llcbrzeum
2558 1058 2782 1111 puerum
2807 1042 2848 1095 si
2879 1041 3020 1095 forte
3048 1042 3101 1094 in
3129 1042 3445 1096 servitutem
3473 1044 3637 1096 devc-

2057 1135 2220 1199 nerit,
2245 1134 2475 1202 amplius
2502 1150 2662 1203 quam
2691 1149 2784 1186 sex
2817 1133 2976 1186 annis
3001 1132 3231 1194 servire,
3251 1133 3486 1200 septimo
3508 1147 3638 1186 vero

2058 1240 2196 1278 anno
2224 1225 2420 1278 dimitti
2446 1241 2568 1278 etim
2607 1224 2690 1278 lex
2722 1225 2948 1278 liberum
2971 1223 3146 1293 jubet.
3171 1221 3344 1277 Tanta
3374 1227 3513 1292 apud
3546 1239 3639 1278 eos

2056 1315 2320 1369 libertatis
2353 1327 2435 1369 est
2465 1332 2621 1369 cura.
2653 1315 2784 1382 Qum
2817 1318 3003 1384 utique
3041 1316 3085 1369 si
3125 1315 3188 1368 ad
3222 1316 3518 1384 Spiritalem
3543 1316 3638 1368 ‘in-

2055 1409 2404 1478 telligeutiam
2441 1425 2791 1472 t'evocentus,
2833 1410 2998 1462 etiam
3044 1409 3088 1462 si
3128 1408 3386 1461 llebrteus
3415 1423 3549 1477 puer
3579 1424 3638 1461 es

2054 1509 2106 1551 tu
2136 1540 2149 1563 ,
2178 1501 2267 1565 qui
2320 1501 2370 1552 itt
2405 1501 2688 1554 servitium
2737 1501 2988 1554 decidisti
3033 1503 3194 1570 (puer
3223 1502 3364 1553 enim
3395 1510 3512 1562 est,
3543 1501 3635 1568 qtti

2055 1593 2318 1645 facilitate
2345 1593 2510 1644 animi
2551 1593 2601 1644 in
2654 1593 2936 1646 servitium
2991 1594 3210 1647 decidit.
3252 1594 3422 1659 Quale
3465 1594 3640 1646 servi-

2057 1685 2236 1737 tium?
2270 1684 2550 1751 Scriptura
2585 1686 2715 1737 dicit
2737 1686 2819 1737 ³²ε
2859 1703 2878 1735 t
2913 1685 3015 1751 Qui
3059 1695 3239 1738 autem
3271 1694 3479 1754 peccat,
3521 1701 3640 1738 ser-

2053 1791 2151 1828 vus
2199 1786 2281 1828 est
2318 1776 2547 1844 peccati.
2589 1795 2606 1828 ι
2644 1777 2701 1830 ltt
2742 1780 2844 1832 hoc
2893 1779 3176 1832 serxitium
3212 1794 3314 1830 non
3360 1777 3533 1830 virilis
3583 1785 3640 1829 et

361 1894 482 1932 cum
537 1877 835 1932 calliditate
883 1889 937 1932 et
987 1877 1181 1933 fraude
1223 1889 1574 1934 accesserunt
1619 1880 1683 1930 ad
1735 1879 1944 1944 Jesutn,

2056 1868 2328 1938 pcrl'ecms
2379 1871 2594 1923 animus
2642 1871 2862 1936 decidit,
2898 1871 2990 1925 sed
3046 1870 3268 1938 puerilis
3303 1879 3354 1923 et
3405 1867 3636 1938 facilis);

361 1969 633 2036 quomodo
664 1977 920 2037 poterant
951 1968 1259 2022 libertatem
1292 1970 1413 2021 vitae
1461 1978 1512 2022 et
1547 1969 1695 2039 regni
1723 1983 1949 2022 consor-

364 2058 494 2110 tium
528 2057 664 2112 dolis
693 2057 982 2111 servilibus
1014 2059 1359 2126 promereri?
1407 2058 1646 2124 Denique
1678 2060 1756 2111 vis
1790 2073 1948 2112 nosse

362 2149 486 2216 quia
516 2148 673 2218 digna
704 2165 826 2217 erga
859 2164 952 2203 eos
979 2151 1045 2202 ab
1080 2149 1204 2203 Jesu
1239 2152 1435 2202 mentis
1472 2166 1662 2202 eorum
1697 2150 1948 2218 ignobili-

365 2249 473 2292 tate
502 2239 611 2310 (93)
637 2241 880 2294 conditio
904 2241 1213 2309 dispensata
1239 2242 1361 2296 est?
1390 2241 1491 2310 Ipsi
1526 2241 1714 2296 dicunt
1734 2245 1802 2307 '9,
1821 2241 1946 2310 quia

361 2333 668 2385 audivimus
695 2343 892 2401 quanta
922 2332 1048 2386 fecit
1077 2335 1336 2387 Dominus
1361 2335 1510 2388 vobis
1542 2352 1636 2404 per
1666 2352 1816 2389 mare
1834 2335 1946 2390 Βιιρ

363 2424 520 2476 brum
542 2462 556 2487 ,
592 2432 648 2476 et
680 2423 730 2474 itt
766 2424 1002 2478 deserto.
1038 2422 1100 2476 Et
1131 2438 1257 2478 cum
1313 2425 1426 2479 ha'c
1455 2425 1702 2478 dicerent
1723 2465 1736 2490 ,
1768 2435 1820 2478 et
1848 2443 1948 2479 au-

363 2515 509 2570 disse
536 2530 627 2580 se,
657 2527 709 2569 et
733 2517 874 2569 scire
915 2517 979 2570 de
1018 2516 1218 2571 divinis
1246 2517 1588 2572 mirabilibus
1622 2519 1944 2587 faterentur,

363 2607 496 2660 nihil
543 2617 720 2660 tamen
757 2608 857 2662 fide
890 2608 1144 2677 digttunt,
1202 2608 1333 2661 nihil
1384 2619 1652 2662 tantarqu
1690 2611 1946 2664 virtutum

362 2697 724 2752 admiratione
757 2709 1062 2768 gesserunt.
1098 2699 1162 2752 Et
1211 2700 1331 2754 ideo
1371 2701 1561 2755 videtis
1587 2701 1746 2756 Jcsus
1778 2721 1947 2772 augu-

361 2799 504 2842 stunt
531 2805 718 2843 eorum
747 2792 1110 2861 exiguumque
1141 2793 1190 2844 in
1223 2791 1327 2846 fide
1359 2795 1724 2862 propositum,
1760 2799 1947 2850 mode-

362 2883 624 2936 rationem
668 2899 794 2953 erga
841 2899 935 2936 eos
976 2883 1338 2949 iustissimam
1385 2895 1565 2939 servat
1615 2895 1672 2940 ut
1719 2888 1946 2941 salutent

363 2984 705 3028 mererentur
731 3014 744 3037 ,
774 2975 863 3043 qtti
907 2991 1096 3044 parum
1134 2976 1262 3029 licet
1309 2977 1433 3030 fidei
1484 2977 1816 3044 detulerant,
1851 2996 1949 3034 nec

365 3077 544 3122 tamen
578 3082 846 3120 summam
891 3069 1040 3137 regni
1075 3071 1157 3122 vel
1193 3068 1459 3124 libertatis
1489 3070 1818 3140 acciperent,
1852 3091 1948 3142 pro

362 3174 428 3213 eo
473 3158 618 3226 quod
674 3156 808 3211 fides
853 3174 1044 3213 eorum
1100 3159 1244 3212 nullo
1289 3174 1514 3228 operum
1566 3162 1947 3217 nobilitarctur
1976 3185 2021 3244 ρ

360 3265 610 3316 accessu,
636 3250 888 3318 quoniam
923 3250 1082 3304 Iidem
1113 3252 1231 3306 sine
1259 3255 1517 3322 Operibus
1546 3267 1816 3309 mortuam
1850 3255 1946 3309 ha—

361 3341 478 3396 beri
503 3343 820 3409 pronuntiat
850 3343 1126 3410 apostolus
1149 3341 1384 3398 Jacobns
1417 3344 1484 3398 '°.

433 3434 487 3489 '5.
526 3435 907 3490 Verumtamen
936 3435 1221 3490 sciendum
1255 3448 1340 3491 est
1365 3447 1625 3503 quantum
1656 3455 1720 3493 ex
1765 3440 1950 3507 hujus-

361 3527 572 3581 ccntodi
599 3528 895 3592 ligurarum
928 3527 1444 3583 adumbrationibus
1473 3530 1783 3594 edocetnur,
1804 3532 1946 3600 quod

361 3620 405 3674 si
438 3620 530 3688 qui
565 3620 702 3674 tales
738 3629 864 3673 sunt
902 3620 954 3673 itt
987 3619 1148 3674 nobis
1178 3661 1192 3685 ,
1244 3636 1478 3690 quorum
1532 3623 1667 3676 lides
1700 3623 1800 3676 hoc
1827 3635 1947 3676 tan-

364 3711 643 3766 tummodo
678 3712 865 3777 habet,
902 3720 958 3766 ut
982 3712 1050 3767 ad
1073 3712 1376 3767 Ecclesiam
1413 3714 1654 3780 veniant,
1691 3725 1745 3769 et
1789 3716 1949 3770 incli-

361 3811 494 3857 nent
525 3812 687 3872 caput
734 3819 934 3866 suum,
983 3805 1355 3858 sacerdotibus
1400 3803 1575 3859 officia
1625 3807 1947 3872 exhibeant,

364 3910 553 3949 servos
587 3894 677 3947 Dei
723 3895 1032 3958 honorent,
1076 3896 1142 3948 ad
1194 3907 1450 3949 ornatum
1494 3914 1709 3967 quoque
1753 3899 1948 3954 altaris

366 3988 447 4042 vel
492 3987 737 4042 ecclesia:
777 3987 980 4056 aliquid
1032 3987 1362 4054 conferant,
1413 4005 1520 4043 non
1569 3998 1744 4045 tamen
1800 3993 1950 4046 adhi-

365 4081 528 4136 beant
565 4079 678 4151 (94)
713 4081 977 4143 studium,
1008 4089 1061 4133 ut
1095 4081 1256 4132 etiam
1292 4096 1470 4135 mores
1502 4098 1629 4138 suos
1670 4085 1947 4147 excolam,

364 4183 519 4227 actus
549 4173 864 4235 emendeut,
898 4173 1024 4224 vitia
1063 4172 1357 4240 deponant,
1387 4174 1696 4228 castitatem
1746 4175 1949 4237 colant,

365 4262 702 4317 iracundiam
733 4261 983 4330 mitigent
1009 4301 1022 4326 ,
1053 4261 1339 4314 avaritiam
1392 4263 1710 4332 reprimant.
1743 4265 1954 4333 rapaci-

366 4366 530 4411 tatem
558 4354 854 4420 refrenent,
884 4354 1209 4422 tnaleloquia
1238 4363 1293 4408 et
1317 4355 1654 4425 stultiloquia
1682 4357 1764 4410 vel
1798 4372 1952 4410 scur-

367 4449 623 4502 rilitatem
665 4457 719 4502 et
749 4448 1208 4501 obtrectationum
1243 4462 1450 4502 venena
1495 4463 1559 4501 ex
1588 4463 1681 4502 ore
1711 4464 1809 4503 suo
1843 4465 1948 4503 non

2057 1961 2217 2030 igitur
2241 1962 2406 2015 etiam
2431 1963 2473 2014 si
2497 1962 2752 2017 llcbrtcus
2787 1978 2922 2032 puer
2951 1979 3032 2026 es,
3063 1964 3113 2016 id
3142 1975 3248 2027 est,
3272 1963 3446 2016 ﬁdelis
3469 1965 3637 2016 etiam

2052 2064 2105 2106 et
2140 2054 2408 2124 baptisma
2444 2054 2494 2106 iit
2527 2054 2770 2109 Ecclesia
2812 2066 3162 2118 consecutus,
3205 2065 3259 2110 et
3306 2065 3426 2124 post
3455 2056 3558 2109 hoc
3587 2057 3637 2108 itt

2053 2145 2259 2212 peccati
2315 2146 2597 2198 servitium
2663 2146 2946 2212 decidisti,
2993 2145 3223 2200 sufﬁciat
3289 2147 3383 2199 tibi
3448 2162 3641 2199 sexen-

2054 2237 2126 2291 ttii
2158 2239 2268 2308 (95)
2307 2239 2563 2303 servitus,
2602 2239 2654 2291 in
2703 2239 2934 2307 septimo
2963 2255 3106 2292 anno
3138 2241 3366 2293 observa
3414 2254 3480 2292 ne
3519 2253 3639 2290 ser-

2052 2329 2190 2393 vias,
2227 2331 2321 2384 sed
2373 2328 2570 2384 festina
2604 2330 2668 2383 ad
2701 2330 3007 2387 libertatem
3058 2343 3228 2384 tuam.
3282 2331 3642 2399 Septenarins

2054 2436 2316 2474 numerus
2364 2421 2534 2488 legem
2588 2421 2860 2491 significat
2919 2424 3327 2477 mandatorum.
3382 2421 3644 2474 Senarius

2052 2527 2182 2568 vero
2217 2529 2475 2567 numerus
2516 2516 2700 2569 muttdi
2745 2514 2906 2583 hujus
2960 2525 3107 2568 tenet
3155 2516 3404 2582 figuram.
3460 2514 3643 2569 Donec

2051 2621 2179 2676 ergo
2204 2624 2324 2677 qua:
2366 2609 2526 2678 hujus
2559 2609 2741 2663 mundi
2774 2619 2902 2663 sunt
2937 2609 3104 2678 sapis,
3133 2619 3188 2662 et
3219 2609 3272 2662 itt
3305 2609 3386 2662 his
3417 2623 3644 2662 exerce-

2053 2699 2127 2754 ris
2155 2709 2210 2754 et
2239 2701 2536 2755 secundum
2567 2701 2678 2771 (96)
2727 2717 2949 2756 carnem
2999 2702 3209 2769 cogitas
3237 2740 3252 2764 ,
3301 2714 3533 2754 necesse
3558 2709 3643 2755 est

2054 2796 2106 2840 te
2136 2788 2343 2842 servire
2383 2800 2629 2858 peccato.
2664 2789 2799 2845 Cum
2833 2806 2960 2844 vero
3009 2791 3075 2844 ad
3121 2790 3508 2858 septenarium-
3545 2807 3646 2843 nu~

2054 2895 2293 2945 merum,
2314 2880 2367 2934 id
2395 2889 2478 2934 est
2507 2882 2572 2934 ad
2614 2881 2747 2949 legis
2784 2883 3092 2948 scientiam,
3124 2882 3356 2948 veneris,
3393 2893 3523 2935 tunc
3555 2897 3642 2936 re-

2054 2967 2209 3034 quire
2245 2967 2552 3022 libertatem
2603 2979 2749 3023 tuam
2779 3012 2794 3036 ,
2829 2980 2886 3025 et
2918 2972 3033 3025 redi
3070 2972 3132 3024 ad
3173 2970 3513 3026 nobilitatem
3546 2987 3643 3040 pa-

2055 3067 2299 3122 ternam,
2334 3075 2401 3112 ne
2437 3060 2479 3114 si
2511 3062 2877 3129 permanseris
2910 3063 2962 3116 ἰιι
2999 3062 3154 3116 :nalis
3190 3063 3296 3116 tuis
3321 3101 3336 3127 ,
3362 3071 3416 3115 et
3455 3077 3644 3131 perses

2053 3152 2328 3206 veraveris
2363 3153 2412 3206 iit
2448 3155 2705 3221 peccatis,
2737 3156 2912 3210 defixa
2945 3157 2996 3210 itt
3024 3171 3156 3209 aure
3188 3164 3336 3221 nota,
3366 3155 3514 3210 velut
3545 3156 3640 3225 qui

2055 3249 2458 3303 commonentis
2491 3260 2542 3303 te
2582 3250 2673 3304 Dci
2710 3259 2762 3305 et
2789 3249 2856 3304 ad
2887 3249 3194 3304 libertatem
3234 3250 3519 3318 pristinam
3556 3263 3641 3304 re-

2054 3341 2298 3394 vocantis
2333 3343 2495 3396 verba
2531 3358 2636 3395 non
2667 3342 2895 3405 audias.
2942 3341 3052 3396 eris
3095 3343 3300 3410 peccati
3350 3356 3540 3397 servus
3584 3341 3640 3396 in

2053 3441 2339 3486 aeternum.
2378 3431 2514 3486 Tum
2542 3433 2740 3487 deinde
2772 3433 2992 3502 requiro
3023 3433 3132 3504 (97)
3181 3435 3278 3488 abs
3308 3442 3359 3487 te
3389 3434 3434 3487 si
3475 3433 3643 3487 liben-

2057 3534 2137 3579 ter
2167 3524 2300 3578 velis
2329 3538 2394 3578 ex
2441 3523 2834 3593 patrefamilias
2892 3536 2946 3579 et
3006 3525 3172 3578 nobili
3225 3526 3386 3586 viro,
3437 3525 3489 3578 iit
3542 3525 3646 3578 hoc

2055 3617 2256 3670 mundo
2296 3630 2487 3670 servus
2529 3613 2665 3668 elIici
2694 3631 2708 3680 ;
2736 3614 2931 3670 abnuis
2949 3613 3060 3685 (98)
3089 3615 3208 3669 sine
3235 3615 3417 3677 dubio,
3443 3616 3644 3686 quippe

2054 3726 2177 3765 eum
2205 3711 2371 3765 etiam
2397 3725 2460 3763 ex
2492 3709 2804 3764 conditione
2832 3709 3015 3765 servili
3044 3710 3324 3763 videamus
3349 3710 3638 3778 quamplu-

2058 3804 2226 3857 rimos
2259 3801 2324 3854 ad
2374 3801 2680 3854 libertatem
2715 3800 3003 3865 festinare,
3039 3809 3094 3853 et
3129 3799 3179 3852 in
3221 3807 3484 3868 quantum
3516 3813 3611 3865 pos
3633 3829 3644 3839 -

2055 3907 2182 3949 sunt
2210 3907 2410 3962 cupere
2437 3893 2601 3947 etiam
2637 3892 2831 3948 divites
2863 3891 3006 3956 ﬁeri,
3043 3901 3098 3944 et
3143 3889 3440 3944 honoribus
3478 3891 3644 3944 unde-

2056 3999 2269 4052 cunque
2299 3983 2542 4052 quaesitis
2575 3983 2836 4036 vilitatem
2861 3982 3110 4051 genuina:
3142 3981 3499 4050 ignobilitatis
3527 3979 3640 4050 (99)

2055 4077 2332 4145 obtegere.
2366 4075 2422 4128 Si
2453 4089 2584 4142 ergo
2615 4075 2666 4127 in
2702 4075 2803 4127 hac
2843 4075 2954 4126 vita
2999 4087 3158 4125 uento
3207 4086 3327 4125 esse
3361 4073 3473 4123 vult
3526 4086 3639 4124 ser-

2055 4183 2174 4229 vus,
2198 4167 2292 4221 sed
2323 4176 2587 4234 quantum
2621 4164 2735 4218 fieri
2771 4173 2943 4232 potest
2973 4174 3024 4216 et
3048 4165 3188 4217 liber
3215 4177 3356 4226 esse,
3383 4172 3434 4214 et
3465 4161 3638 4225 dives,

2055 4272 2108 4314 et
2135 4259 2333 4314 nobilis
2365 4257 2536 4325 cupit,
2569 4266 2625 4310 ιιι
2661 4273 2764 4310 non
2795 4255 2969 4310 solum
3002 4257 3077 4325 (1)
3113 4256 3214 4310 sibi
3248 4255 3475 4309 sulliciat
3497 4294 3514 4320 ,
3547 4256 3640 4306 sed

2057 4365 2113 4406 et
2151 4352 2271 4406 aliis
2315 4351 2579 4420 largiatur
2605 4391 2618 4412 ,
2659 4351 2707 4402 iu
2755 4349 2866 4402 illis
2911 4348 3128 4403 :elernis
3161 4347 3356 4408 rebus,
3399 4362 3463 4400 ac
3497 4346 3642 4399 nullo

2062 4448 2168 4500 line
2201 4445 2474 4497 mutandis
2506 4441 2884 4495 indill'ercntcr
2914 4439 3264 4494 tolerabimus
3295 4439 3638 4496 servitutem.

362 4541 642 4596 adimant:
688 4539 863 4595 sciant
892 4541 994 4594 sibi
1031 4541 1122 4609 qui
1169 4541 1303 4596 tales
1332 4551 1478 4603 sunt,
1527 4543 1620 4609 qui
1656 4541 1950 4596 emendare
1983 4535 2026 4590 D
2056 4553 2109 4593 et
2137 4554 2324 4608 parum
2356 4537 2431 4606 (2)
2469 4538 2623 4589 nobis
2658 4535 2889 4597 videtur,
2922 4534 2965 4586 si
2999 4533 3048 4585 in
3083 4533 3206 4602 ligni
3242 4532 3559 4594 censoribus,
3587 4541 3637 4583 ct

363 4647 421 4686 se
459 4633 674 4698 nolunt,
703 4636 795 4687 sed
837 4634 887 4686 in
928 4633 1011 4686 his
1039 4648 1211 4702 usque
1248 4635 1298 4688 in
1338 4644 1672 4688 senectutem
1702 4635 1946 4688 ultimam

366 4738 738 4796 perseverant,
767 4738 975 4797 partem
1000 4739 1315 4798 sortemque
1334 4731 1398 4782 ab
1417 4729 1543 4784 Jesu
1575 4731 1801 4783 Domino
1823 4745 1944 4784 cunt

364 4816 530 4888 424
561 4817 881 4872 Gabaonitis
909 4835 1027 4874 esse.
1058 4821 1422 4876 tribuendam.
1469 4821 1576 4875 Sed
1621 4823 1800 4890 potius
1852 4822 1950 4875 de-

436 4957 481 4990 ⁸³
511 4956 626 5014 Jos.
663 4975 735 5019 vt.
769 4958 861 5012 25.
936 4961 978 4991 ²²
1003 4957 1116 5015 Jos.
1148 4977 1221 5021 Ix,
1251 4961 1343 5014 ‘21.
1424 4961 1467 4993 ⁸ο
1497 4961 1612 5016 Jac.
1652 4978 1708 5015 Il.

437 5124 547 5196 (92)
581 5122 721 5196 ldetn
762 5139 914 5186 mss.,
952 5143 968 5175 ι
1011 5119 1332 5196 intelligent.
1376 5144 1393 5176 t
1427 5122 1594 5177 Paulo
1624 5133 1743 5192 post
1777 5125 1938 5187 idem,

370 5215 389 5247 σ
413 5193 574 5249 Iesus
596 5193 740 5248 enim
764 5193 1224 5248 mensuram-fidei
1261 5195 1497 5259 ipsorum
1533 5197 1768 5256 intuens,
1790 5210 1943 5248 eont-

367 5281 576 5336 petens.
621 5284 639 5315 t
679 5263 832 5336 Libb.
865 5265 1018 5325 editi,
1052 5282 1070 5314 t
1101 5263 1261 5318 Jesus
1285 5266 1428 5316 enim
1457 5267 1754 5319 secundum
1795 5281 1946 5318 men-

363 5335 546 5391 Suram
580 5335 699 5387 lidei
729 5336 967 5399 ipsorum
1007 5344 1340 5402 competens.
1387 5354 1406 5384 ι

434 5407 549 5476 (95)
586 5403 1128 5476 UnnsEbroicensis,
1166 5421 1183 5454 ι
1218 5421 1314 5476 pro
1347 5405 1541 5476 tuentis
1571 5421 1757 5458 eorum
1788 5406 1945 5473 igne»

364 5474 613 5543 bililate,
648 5497 666 5529 ι
715 5475 852 5528 alter
885 5491 1015 5530 vero
1061 5491 1182 5530 cum
1215 5474 1484 5529 Gemetic.
1519 5487 1572 5529 et
1614 5478 1944 5545 Saugerma-

365 5548 540 5610 ttensi,
579 5567 598 5598 ι
637 5545 847 5600 meritis
876 5561 1062 5599 eorum
1097 5545 1471 5615 ignobilitatis.
1511 5564 1530 5596 ι

435 5618 548 5688 (94)
578 5617 755 5673 Codex
793 5615 1104 5686 Sangernt.,
1146 5634 1164 5666 ι
1201 5616 1520 5670 adhibeant.
1561 5636 1577 5668 ι
1613 5617 1767 5671 Lihb.
1793 5616 1946 5680 editi,
2008 5650 2011 5654 ι

370 5704 389 5738 σ
427 5688 703 5746 adhibent.
743 5707 762 5741 ι

438 5757 553 5825 (95)
604 5757 748 5811 ldent
785 5774 918 5825 tus.,
964 5775 984 5808 t
1025 5758 1294 5813 sexennii.
1331 5778 1348 5811 ι
1389 5757 1788 5813 Getueliccnsis
1824 5771 1946 5810 eum

367 5843 472 5883 uno
501 5828 839 5896 Ebroicensi,
875 5846 893 5880 ι
924 5843 1020 5886 sex
1047 5845 1334 5886 annorum.
1372 5849 1389 5882 ι
1427 5827 1583 5884 Libb.
1620 5831 1772 5897 editi,
1806 5846 1824 5880 ι
1855 5843 1948 5882 sex

1788 4960 1830 4992 ³¹
1868 4960 2039 5014 Exod.
2073 4975 2187 5013 xxi.

2060 4649 2213 4700 aqua)
2241 4629 2602 4700 gestatoribus
2633 4627 2998 4695 deputentur?
3025 4624 3321 4694 Propterea
3354 4639 3482 4693 ergo
3507 4624 3633 4675 dum

2061 4727 2177 4780 dies
2211 4734 2312 4787 est,
2340 4737 2630 4791 operemur
2658 4721 2798 4789 quod
2832 4721 3030 4772 bonum
3057 4729 3158 4781 est,
3185 4727 3238 4771 et
3267 4715 3640 4771 entendatioui

2064 4829 2266 4872 nostrae
2299 4830 2517 4885 Operam
2551 4815 2740 4868 demus
2765 4853 2780 4875 ,
2808 4823 2860 4864 ut
2897 4827 2960 4864 cx
3013 4810 3224 4865 actibus
3264 4819 3319 4864 et
3350 4823 3642 4865 conversa-

2269 4957 2310 4986 ³¹
2341 4953 2498 5010 Joan.
2532 4970 2646 5016 vin,
2680 4952 2768 5005 51.

2057 5136 2234 5176 8111118.
2268 5137 2286 5168 ι

2129 5191 2241 5261 (96)
2269 5187 2452 5242 Codex
2482 5184 2768 5261 S_anger_nt.
2793 5224 2808 5247 ,
2863 5202 2880 5234 ι
2921 5192 2973 5237 et
3009 5185 3059 5261 in
3115 5184 3201 5261 his
3231 5184 3504 5237 exerceris
3535 5223 3549 5245 ,
3581 5193 3636 5237 et

2055 5254 2376 5316 secundum.
2429 5274 2448 5308 ι
2499 5257 2760 5310 Gemetic.
2794 5295 2808 5316 ,
2867 5271 2890 5304 ο
2938 5265 2991 5306 et
3043 5257 3093 5308 in
3145 5254 3229 5306 his
3275 5267 3534 5307 exercere
3584 5263 3636 5306 te

2053 5334 2376 5385 secundum.
2424 5348 2442 5381 t
2488 5325 2644 5381 Libb.
2675 5327 2802 5379 editi
2828 5365 2842 5387 ,
2886 5343 2904 5376 ι
2945 5327 3108 5378 etiam
3157 5325 3222 5376 iis
3264 5325 3506 5401 exerceri
3548 5337 3635 5376 se-

2054 5404 2310 5456 cundum.
2351 5418 2369 5450 t

2126 5471 2242 5538 (97)
2267 5470 2397 5525 Mss.
2434 5488 2451 5519 t
2487 5467 2728 5534 requiro.
2768 5485 2785 5517 ι
2827 5465 2978 5519 Libb.
3009 5464 3162 5538 editi,
3201 5482 3218 5514 ι
3258 5461 3495 5532 require.
3530 5477 3552 5512 ι

2124 5536 2240 5612 (98)
2274 5542 2456 5612 Codex
2489 5540 2800 5612 Sattgertn.,
2835 5556 2850 5586 ι
2889 5553 2992 5589 non
3020 5536 3121 5612 vis.
3157 5553 3199 5612 t_
3496 5602 3507 5612 .

2125 5601 2237 5682 (99)
2281 5610 2471 5677 Idem,
2526 5601 2843 5682 t_vilitatettt
2897 5601 3560 5682 genuinm_ignobilitatis.
3599 5615 3624 5656 ι

2051 5673 2393 5747 ιιὺῡίυαιη,
2433 5673 2466 5730 «⁷
2496 5678 2784 5731 utilitatem
2809 5673 3056 5747 genuina:
3085 5673 3398 5728 nobilitatis.
3433 5693 3457 5726 θ

2124 5750 2200 5824 (1)
2230 5744 2387 5824 [ι1ριιι
2410 5767 2534 5811 tns.,
2567 5767 2585 5799 ι
2625 5750 2764 5799 unde
2793 5761 2896 5798 non
2929 5744 3124 5799 solum.
3161 5761 3181 5796 ι

2127 5821 2205 5894 (τι)
2234 5821 2404 5886 Idem,
2447 5839 2465 5872 ι
2500 5829 2552 5874 ct
2585 5831 2828 5887 parvum.
2869 5833 2887 5866 t
