4146 6400
540 336 644 398 833

1989 345 2310 402 OIKIGENIS

3682 343 3792 406 88-5

544 462 688 510 ti'nnc
735 465 913 510 nostra
943 471 1007 511 ac
1030 457 1272 512 morihns
1320 459 1592 513 nobilitari
1620 475 1924 514 mereamur
1955 469 2009 514 et
2038 460 2118 513 di-
2149 463 2194 518 Α
2224 457 2330 510 lum
2393 453 2612 509 Paulum
2669 455 2783 509 haec
2829 450 3019 510 eadem
3069 455 3502 518 conﬁrmantem.
3545 471 3668 512 cum
3711 461 3794 514 di-

542 550 629 616 gni
677 548 782 618 (5)
833 549 1129 606 etIiciamnr
1178 550 1427 619 spiritum
1479 551 1728 621 accipere
1772 551 2112 620 adoptionis,

543 647 599 691 ut
635 639 776 692 inter
808 640 898 693 Dei
938 641 1114 709 potius
1151 641 1289 694 tilios
1315 642 1611 695 habeamur
1634 681 1648 708 ,
1677 656 1775 712 per
1811 643 2025 696 unicum
2059 653 2114 696 et

539 743 725 785 verum
758 731 834 800 (4)
873 731 1068 785 Filium
1101 735 1218 800 ejus
1263 730 1446 788 Jesum
1498 733 1774 788 Christum
1821 732 2109 788 Dominum

533 832 799 887 nostrum,
824 826 906 878 cui
927 835 1007 879 est
1030 823 1200 894 gloria
1226 832 1280 877 et
1313 825 1602 895 imperium
1630 826 1684 880 in
1711 826 1908 881 saecula
1940 841 2110 880 szecu-

529 914 726 968 lorum.
754 915 948 970 Amen.

1113 1007 1393 1064 llOMlLlA
1438 1005 1527 1064 XI.

541 1099 614 1156 De
657 1099 1044 1174 αιιαεὶίὶἰεμιρειιΔ
1080 1105 1267 1174 quibus
1312 1104 1450 1172 juvit
1498 1104 1820 1158 Gabaonitas
1861 1116 1948 1167 ;et
1977 1120 2106 1174 quo-

780 1171 934 1224 modo
965 1170 1126 1224 solent
1156 1173 1277 1240 fecit
1307 1170 1445 1228 stare
1469 1184 1515 1226 et
1542 1175 1722 1228 lunam
1756 1176 1852 1246 (5).

597 1281 646 1334 l.
681 1279 778 1334 His
807 1277 898 1347 qui
946 1277 1285 1334 sociaverint
1330 1295 1388 1334 se
1418 1281 1483 1334 ad
1518 1280 1654 1335 tilios
1682 1280 1847 1336 Israel
1869 1323 1884 1348 ,
1914 1295 2103 1336 omnes

521 1372 614 1441 qui
645 1373 795 1442 prius
824 1370 984 1426 amici
1034 1381 1193 1424 erant
1215 1413 1230 1437 ,
1264 1383 1386 1440 post
1414 1373 1681 1427 amicitias
1729 1385 1783 1426 et
1817 1373 2101 1428 familiari-

521 1469 689 1516 tatem
749 1462 982 1518 ﬁliorum
1032 1461 1236 1525 Israel,
1287 1463 1488 1517 inimici
1545 1465 1702 1516 liunt.
1745 1463 2098 1529 Gabaonitas,

520 1555 612 1620 qui
647 1571 676 1608 a
706 1555 830 1611 [iliis
858 1556 1020 1612 Israel
1053 1556 1231 1613 fmdus
1262 1556 1412 1626 pacis
1447 1567 1792 1624 acceperant,
1820 1555 2100 1611 Jebusaeus

520 1661 616 1700 rex
649 1646 982 1714 Jerusalem,
1037 1649 1278 1703 invitatis
1311 1664 1493 1702 secum
1541 1649 1662 1704 aliis
1689 1659 1921 1720 quatuor
1952 1649 2092 1718 regi-

517 1737 638 1802 lms,
658 1740 972 1807 aggreditur
995 1754 1329 1809 expugnare.
1361 1739 1468 1794 Sed
1502 1739 1819 1794 Gabaonitze
1850 1742 2094 1798 videntes

2184 575 2187 579 -
2221 547 2356 602 cit“
2392 547 2467 617 (8)
2496 565 2507 599 :
2546 564 2564 595 ι
2590 543 2792 599 Omnes
2819 545 2911 614 qui
2942 546 3028 616 pie
3056 546 3239 600 volunt
3259 547 3440 601 vivere
3472 547 3522 600 in
3553 547 3791 612 Christo,

2219 639 2658 710 persecutionem
2693 639 2991 708 patientur.
3038 658 3055 689 ι
3085 637 3188 692 Sed
3216 647 3273 691 et
3306 637 3560 694 Salomon
3591 643 3787 698 similia

2213 737 2343 790 dicit
2376 751 2390 787 :
2427 755 2444 786 σ
2477 734 2600 802 Fili,
2633 733 2807 804 inquit
2840 733 2907 808 ”,
2936 732 3194 786 accedens
3219 733 3284 784 ad
3327 735 3643 788 servitutem
3678 736 3786 792 Do-

2213 829 2367 894 mini,
2401 841 2643 897 praepara
2669 826 2906 879 animam
2938 833 3083 880 tuam
3114 825 3180 878 ad
3213 826 3584 884 tentationem.
3625 847 3644 880 υ
3678 827 3787 898 Ορ.

2211 927 2520 989 pugnantur
2539 932 2668 988 ergo
2688 917 2854 970 etiam
2891 931 3033 968 nunc
3062 910 3375 970 Gabaonita:
3411 916 3786 988 cuiuscunque

2210 1009 2353 1064 modi
2392 1010 2497 1064 sint
2532 1018 2751 1078 propter
2782 1007 3051 1061 amicitias
3076 1005 3224 1072 Jcsa,
3257 1018 3312 1062 et
3345 1009 3470 1079 ligni
3513 1009 3637 1065 licet
3673 1012 3785 1067 sint

2207 1115 2462 1163 caesores,
2520 1111 2573 1154 et
2609 1114 2764 1168 aqum
2812 1109 3136 1169 ges-latores,
3188 1098 3240 1152 id
3295 1108 3401 1164 est,
3446 1100 3570 1154 licet
3607 1101 3778 1154 ultimi

2210 1195 2386 1248 meriti
2431 1196 2506 1249 sis
2533 1195 2583 1248 in
2627 1194 2888 1258 Ecclesia,
2923 1202 3102 1246 tamen
3142 1192 3244 1245 hoc
3285 1191 3402 1260 ipso
3429 1195 3554 1262 quia
3593 1195 3656 1247 ad
3685 1193 3779 1250 ch

2205 1298 2322 1339 sum
2359 1286 2615 1355 pertines,
2653 1283 3104 1353 impugnaberisa
3140 1283 3378 1352 quinque
3412 1285 3643 1352 regibus.
3672 1284 3779 1340 Sed

2204 1389 2383 1434 tamen
2416 1393 2514 1432 nec
2551 1378 2861 1433 Gabaonita:
2889 1375 3359 1445 derelinquuntur,
3397 1376 3478 1429 vel
3509 1392 3777 1447 spernun-

2204 1479 2292 1524 tur
2321 1469 2388 1522 ab
2427 1466 2571 1526 Jcsn.
2621 1467 2702 1521 vel
2731 1468 2798 1520 ab
2826 1467 3056 1521 ducibus
3107 1483 3168 1520 ac
3202 1467 3533 1538 presbyteris
3565 1467 3780 1521 lsraeli-

2203 1571 2398 1627 tarum,
2437 1561 2530 1614 sed
2563 1557 2863 1612 inﬁrmitati
2901 1574 3088 1612 eorum
3137 1559 3398 1611 auxiliqu
3434 1558 3634 1612 ferunt.
3661 1560 3774 1612 An-

2200 1667 2304 1706 non
2360 1651 2453 1706 tibi
2494 1651 2707 1704 videtur
2735 1651 2837 1703 hoc
2879 1665 3040 1719 agerc
3081 1649 3134 1702 in
3174 1650 3329 1702 nobis
3362 1659 3417 1704 et
3458 1651 3559 1703 hoc
3588 1651 3779 1719 prteci-

2197 1759 2325 1814 pere
2373 1743 2451 1812 (9)
2501 1743 2627 1797 illud
2683 1742 2924 1812 Apostoli
2985 1743 3322 1805 mandatum,
3365 1757 3472 1810 quo
3521 1742 3645 1794 dicit
3685 1742 3772 1799 ’σε

517 1829 756 1897 quinque
783 1843 940 1900 reges
963 1831 1247 1885 adversum
1280 1846 1338 1906 se
1377 1832 1428 1883 in
1457 1831 1699 1903 praelium
1725 1832 2092 1900 conspirasse,
2128 1808 2170 1862 Β
2205 1847 2224 1880 ι
2259 1827 2629 1883 Consolamiui
2656 1829 3050 1898 pusillanimes,
3083 1829 3346 1883 sustinete
3381 1829 3645 1892 infirmos,
3679 1848 3775 1900 pa-

519 1934 858 1989 nequaqnam
915 1922 1149 1989 propriis
1199 1921 1410 1975 viribus
1458 1922 1742 1990 cotiiisque
1793 1922 2094 1986 confidunt,

519 2011 610 2063 sed
648 2011 870 2065 mittunt
907 2013 971 2066 ad
1024 2011 1207 2066 Jesum
1249 2011 1448 2078 auxilia
1502 2013 1856 2080 postulantes.
1904 2014 2096 2069 Atille

513 2100 700 2157 divino
729 2104 994 2171 permissu
1023 2103 1178 2157 adest
1208 2101 1552 2167 Gabaonitis,
1577 2104 1784 2159 laturus
1809 2106 2092 2158 auxilium.

513 2188 613 2245 llic
647 2202 830 2246 autem
860 2192 1129 2248 mirabilia
1158 2192 1381 2256 ccelitns
1419 2196 1800 2248 ostenduntur.
1838 2196 2094 2252 Dominus

511 2282 745 2352 desuper
769 2299 901 2337 sava
933 2284 1212 2354 grandinis
1244 2285 1400 2353 pluit,
1425 2298 1479 2340 et
1504 2288 1746 2356 quinque
1776 2303 1959 2357 regum
1999 2289 2091 2357 qui

510 2372 798 2427 adversum
821 2371 1010 2429 Jesum
1033 2377 1370 2448 pugnabant,
1395 2379 1690 2432 exercitum
1717 2387 1909 2434 vastat.
1937 2377 2093 2435 Tunc

509 2477 638 2517 vero
665 2462 824 2519 Jesus
859 2465 1049 2521 videns
1103 2467 1337 2524 divinam
1383 2483 1569 2523 secum
1623 2469 1906 2524 dexteram
1956 2486 2093 2538 pra:-

508 2553 753 2620 liantctu,
783 2562 836 2607 et
861 2558 1135 2626 prosperis
1168 2561 1515 2616 successibus
1542 2573 1732 2616 cuncta
1770 2563 2086 2631 procedere,

507 2660 699 2699 novam
734 2649 1020 2714 quamdam
1041 2662 1090 2703 et
1119 2651 1309 2712 miram
1329 2657 1628 2718 orationem
1651 2655 1866 2710 extollit
1893 2657 1958 2710 ad
1976 2669 2090 2710 co:-

503 2740 642 2806 lum,
672 2742 858 2797 dicens
882 2743 927 2774 ³³
959 2758 972 2796 :
1013 2763 1030 2793 ι
1059 2745 1174 2800 Stet
1205 2747 1284 2802 sol
1311 2762 1472 2816 super
1502 2743 1575 2818 (6)
1600 2747 1843 2814 Gabaon,
1869 2756 1926 2806 et
1963 2749 2087 2804 luna

503 2846 667 2900 super
686 2834 880 2888 vallem
906 2836 1078 2912 Elom,
1107 2841 1278 2893 donec
1296 2853 1597 2908 expugnent
1619 2839 1876 2912 populum
1900 2841 2084 2898 istum.

503 2923 571 2976 Et
601 2926 750 2978 stetit
782 2926 862 2980 sol
893 2937 947 2980 et
978 2927 1100 2982 luna
1135 2931 1186 2984 in
1222 2932 1338 2986 loco
1367 2947 1495 3000 suo,
1527 2933 1700 2987 donec
1743 2933 2089 3002 pervinceret

504 3013 768 3073 Dominus
795 3019 1042 3077 inimicos
1058 3039 1266 3077 eorum.
1287 3024 1352 3077 Et
1377 3025 1524 3078 stetit
1546 3025 1625 3079 sol
1649 3025 1704 3078 in
1731 3025 1907 3082 medio
1928 3025 2085 3092 ccelo,

2200 1923 2395 1975 tientes
2421 1930 2596 1976 estote
2629 1920 2694 1973 ad
2727 1921 2953 1976 omnes?
2985 1940 3003 1973 ι
3050 1921 3112 1975 Et
3138 1921 3332 1975 iterum
3365 1921 3408 1953 ³⁷
3435 1937 3448 1974 :
3488 1940 3506 1973 ι
3543 1921 3650 1977 Vos
3673 1938 3773 1974 au-

2199 2025 2305 2082 tem
2359 2013 2721 2084 potentiores,
2781 2013 3182 2068 imhecillitates
3229 2014 3563 2069 inlirmorum
3611 2015 3774 2068 susti-

2199 2115 2344 2160 nete.
2381 2124 2399 2157 ι
2443 2105 2556 2162 Hoc
2588 2122 2716 2177 ergo
2747 2106 2907 2160 modo
2933 2103 3093 2174 Jesus
3127 2120 3248 2160 cum
3282 2105 3510 2159 ducibus
3545 2114 3598 2159 et
3625 2108 3774 2171 priua

2195 2196 2406 2264 cipibus
2436 2196 2575 2261 suis,
2600 2196 2751 2250 adest
2776 2195 2842 2249 iis
2883 2195 2974 2264 qui
3006 2210 3102 2264 pro
3127 2193 3342 2248 nomine
3373 2210 3472 2248 suo
3496 2211 3524 2246 a
3558 2204 3773 2247 contra-

2197 2286 2292 2342 riis
2320 2287 2608 2340 virtutibus
2639 2295 3040 2355 oppugnantur,
3069 2293 3122 2339 et
3155 2300 3258 2344 non
3292 2285 3465 2340 solum
3501 2287 3764 2339 auxilium

2194 2387 2415 2448 prmstat
2458 2380 2509 2432 in
2540 2377 2700 2442 bello,
2736 2393 2921 2430 verum
2952 2387 3003 2430 et
3031 2376 3279 2445 producit
3311 2386 3520 2446 tempus
3553 2376 3683 2438 diei,
3714 2385 3770 2430 et

2195 2471 2367 2540 spatia
2396 2471 2537 2523 lucis
2562 2471 2840 2539 protelans
2868 2471 3155 2525 adventum
3188 2470 3407 2525 discutit
3442 2469 3637 2523 noctis.

2263 2565 2316 2619 5.
2370 2562 2626 2617 Volumus
2667 2577 2794 2630 ergo
2845 2563 2979 2635 (10),
3032 2564 3076 2617 si
3130 2578 3437 2632 possumus,
3483 2563 3770 2617 ostendere

2187 2657 2460 2725 qu0modo
2492 2653 2750 2706 Dominus
2781 2664 2964 2708 noster
2995 2652 3154 2708 Jesus
3179 2654 3530 2723 protelaverit
3564 2654 3762 2714 lucem,

2192 2759 2245 2803 et
2277 2750 2537 2817 majorem
2575 2747 2767 2803 fecerit
2807 2748 2974 2810 diem,
3020 2746 3101 2799 vel
3132 2762 3228 2816 pro
3257 2745 3431 2800 salute
3460 2745 3762 2807 hominum,

2189 2843 2274 2897 vel
2305 2857 2402 2912 pro
2427 2841 2646 2894 interitu
2684 2839 3086 2894 contrariarum
3116 2841 3392 2891 virtutum.
3426 2837 3499 2890 Ex
3523 2851 3631 2906 quo
3671 2836 3766 2889 ad-

2190 2933 2339 2986 venit
2387 2930 2658 2995 Salvator,
2707 2929 2831 2985 ﬁnis
2857 2939 2974 2984 erat
2996 2926 3108 2996 jam
3141 2927 3348 2982 mundi.
3380 2927 3618 2996 Denique
3647 2927 3763 2995 ipse

2190 3025 2403 3079 dicebat
2424 3023 2502 3076 ‘3:
2529 3041 2547 3073 ι
2575 3021 2959 3076 Paenitentiam
2984 3021 3147 3090 agite,
3180 3013 3629 3088 apprOpinquavit
3648 3018 3764 3089 (ll)

501 3121 557 3165 et
608 3127 715 3165 non
750 3121 832 3166 est
867 3127 1191 3182 progressus
1235 3117 1304 3169 ad
1352 3131 1604 3170 occasum
1636 3118 1689 3172 iu
1731 3119 1891 3174 linem
1924 3119 2084 3174 unius
2111 3137 2154 3195 ρ
2186 3117 2332 3172 enim
2369 3129 2590 3185 regnum
2623 3113 2907 3168 caelorum.
2940 3130 2959 3164 ›
2999 3111 3106 3166 Sed
3142 3110 3363 3165 retinuit
3406 3119 3462 3163 et
3501 3111 3763 3179 repressit

498 3199 626 3252 diei.
655 3199 775 3254 Non
820 3201 918 3255 fuit
948 3203 1062 3257 dies
1094 3205 1215 3259 talis
1245 3214 1370 3258 ante
1400 3207 1522 3270 hoc,
1573 3221 1670 3260 nec
1703 3208 1777 3261 ita
1809 3209 2082 3266 exaudivit

497 3291 641 3344 Deus
696 3293 1010 3359 hominem,
1066 3297 1191 3367 quia
1245 3296 1506 3352 Dominus
1555 3301 1828 3368 pugnabat
1860 3302 1940 3372 (7)
1986 3317 2083 3369 pro

495 3380 690 3438 Israel.
727 3383 792 3440 Et
823 3384 1078 3457 fugerunt
1106 3389 1182 3442 illi
1228 3390 1467 3459 quinque
1496 3406 1671 3462 reges,
1701 3403 1754 3447 et
1782 3393 2085 3452 absconde-

497 3482 625 3527 runt
677 3489 736 3528 se
783 3476 834 3529 in
883 3477 1137 3544 spelunca
1176 3479 1226 3530 in
1273 3478 1515 3550 Mageda.
1558 3500 1576 3532 ι
1612 3482 1740 3537 llaec
1774 3486 2073 3538 secundum

498 3563 782 3618 historiam
817 3565 1034 3633 quidem
1085 3578 1264 3638 gesta,
1318 3571 1576 3624 miracula
1625 3573 1821 3627 divinae
1865 3575 2081 3644 virtutis

500 3655 768 3711 universis
800 3658 1011 3712 szecnlis
1041 3661 1360 3728 praedicant,
1387 3679 1486 3718 nec
1519 3665 1971 3733 interpretatione
1993 3684 2080 3722 ex-

501 3751 770 3806 trinsecus
798 3751 1039 3819 indigent
1066 3751 1117 3804 in
1152 3753 1350 3824 quibus
1381 3767 1658 3830 gestorum
1694 3759 1873 3814 lumen
1919 3775 2080 3816 coru-

499 3850 635 3894 scat.
664 3841 802 3908 Quid
845 3850 1025 3895 tamen
1057 3841 1108 3894 iu
1155 3841 1224 3897 iis
1255 3847 1522 3914 spiritalis
1562 3848 1870 3908 intellectus
1896 3853 2076 3906 conti-

497 3943 644 3997 neat,
681 3935 1042 4003 requiramus.

562 4027 617 4079 2.
647 4027 779 4082 Cum
821 4032 1000 4086 anima
1034 4031 1267 4088 humana
1302 4032 1478 4104 Verbo
1528 4030 1620 4089 Dei
1673 4049 1732 4091 se
1762 4036 2072 4102 sociaverit,

495 4117 745 4173 dubitare
776 4134 880 4172 non
924 4120 1085 4175 debet
1127 4121 1313 4175 statim
1363 4136 1423 4176 se
1454 4121 1706 4178 inimicos
1738 4122 2071 4193 habituram,

493 4220 550 4265 et
579 4224 672 4266 eos
701 4225 837 4280 quos
868 4222 992 4268 ante
1023 4214 1296 4268 habuerat
1340 4214 1547 4268 amicos
1569 4254 1585 4278 ,
1633 4216 1686 4268 in
1725 4215 2072 4272 adversarios

490 4317 614 4358 esse
643 4306 968 4361 vertendos:
1003 4307 1164 4376 idque
1211 4321 1316 4361 non
1347 4305 1520 4361 solum
1565 4307 1672 4374 pati
1708 4321 1766 4362 se
1794 4307 1860 4360 ab
1898 4307 2074 4361 homi-

495 4396 653 4448 nibus
677 4407 878 4464 speret,
899 4414 1086 4453 verum
1111 4401 1273 4454 etiam
1297 4399 1366 4454 de
1387 4399 1679 4453 contrariis
1706 4399 1994 4453 virtutibus
2017 4408 2072 4454 et

2185 3206 2328 3260 diem
2370 3204 2873 3270 consummationis,
2925 3213 2980 3259 et
3010 3203 3200 3258 adesse
3223 3205 3519 3273 prohibuit.
3558 3203 3763 3260 Videus

2183 3298 2328 3352 enim
2378 3297 2516 3350 Deus
2566 3294 2728 3350 Pater
2775 3295 3001 3350 salutem
3043 3296 3284 3364 gentium
3324 3311 3418 3366 per
3456 3296 3630 3365 ipsum
3666 3312 3756 3350 sos

2183 3388 2294 3444 lunt
2336 3387 2448 3459 (12)
2475 3402 2632 3458 posse
2660 3394 2934 3450 constare,
2969 3388 3100 3441 dicit
3143 3389 3206 3441 ad
3236 3403 3356 3443 eum
3398 3389 3486 3441 ":
3523 3406 3540 3439 ι
3572 3388 3700 3442 Pete
3728 3403 3760 3441 a

2182 3497 2288 3542 me,
2321 3491 2377 3532 et
2401 3478 2542 3534 dabo
2574 3477 2669 3532 tibi
2714 3487 2903 3544 gentes
2931 3479 3300 3533 haereditatem
3337 3489 3508 3542 ltlatll,
3554 3489 3607 3533 et
3635 3495 3760 3548 pos«

2181 3571 2479 3627 sessionem
2501 3581 2643 3626 tuam
2672 3569 2934 3623 terminos
2961 3581 3137 3623 teme.
3177 3588 3195 3618 ι
3229 3571 3406 3624 Donec
3432 3584 3560 3640 ergo
3580 3581 3760 3637 pater-

2180 3677 2249 3717 na
2297 3661 2615 3731 pollicitatio
2645 3661 2998 3732 compleatur,
3033 3671 3088 3717 et
3125 3660 3382 3714 Ecclesiae
3423 3675 3488 3713 ex
3519 3661 3757 3715 diversis

2180 3757 2496 3811 nationibus
2543 3741 2814 3820 creshnt,
2869 3764 3029 3822 atque
3084 3754 3320 3808 introeat
3366 3761 3474 3805 tota
3513 3753 3755 3821 gentium

2179 3850 2474 3919 plenitudo,
2509 3858 2564 3900 ut
2607 3856 2736 3900 tunc
2766 3846 2878 3916 (l5)
2918 3849 3130 3905 demum
3167 3845 3346 3900 omnis
3387 3841 3552 3897 lsrael
3576 3845 3757 3899 salve-

2179 3949 2288 4002 tur,
2326 3940 2439 3994 dies
2473 3937 2813 4008 producitur,
2847 3948 2901 3992 et
2935 3937 3180 3992 dill'ertur
3221 3950 3469 4000 occasus,
3501 3951 3601 3990 nec
3655 3951 3756 3988 un-

2175 4048 2337 4102 quam
2370 4033 2446 4086 sol
2483 4033 2794 4097 occumbit;
2832 4031 2923 4084 sed
2948 4044 3162 4098 semper
3191 4029 3455 4092 exoritur,
3482 4029 3605 4081 dum
3635 4043 3754 4082 crc-

2175 4124 2415 4179 dentiant
2453 4125 2708 4179 cordibus
2756 4121 2834 4178 sol
2878 4120 3103 4188 iustitiae
3159 4119 3336 4173 lumen
3387 4119 3638 4173 veritatis
3669 4117 3754 4170 in-

2173 4214 2369 4270 fundit.
2397 4213 2530 4268 Cum
2560 4229 2686 4267 vero
2713 4212 2909 4282 repleta
2934 4211 3087 4264 fuerit
3109 4225 3358 4264 mensura
3382 4209 3741 4273 credentium,

2173 4315 2227 4361 et
2261 4306 2497 4358 deterior
2519 4302 2631 4372 jam
2667 4318 2730 4358 ac
2763 4301 2980 4356 decolor
3008 4311 3142 4354 aetas
3187 4300 3391 4351 nltinue
3438 4297 3744 4366 generatioa

2173 4399 2258 4452 nis
2297 4398 2576 4452 advenerit
2611 4395 2747 4467 (l4),
2791 4407 2917 4448 cum
2969 4393 3308 4446 increscente
3343 4389 3629 4457 iniquitate
3667 4403 3750 4441 re-

493 4487 830 4554 spiritalihus
855 4491 1113 4560 nequitiis
1132 4491 1185 4544 id
1206 4489 1307 4544 sibi
1328 4489 1613 4545 imminere
1634 4502 1894 4558 procerto
1911 4493 2066 4546 sciat.
2103 4477 2147 4532 Ῑ)
2175 4487 2432 4559 frigescel
2460 4487 2707 4541 charitas
2743 4485 3056 4545 multorum,
3089 4492 3142 4536 et
3184 4481 3436 4552 perpauci
3475 4492 3752 4532 remanseo

493 4578 562 4631 Et
597 4580 669 4630 ita
718 4580 805 4648 tit,
839 4593 890 4637 ut
921 4587 1014 4653 qui
1041 4587 1312 4640 amicitias
1341 4585 1548 4653 expetit
1581 4583 1709 4638 Jesu
1733 4623 1747 4648 ,
1778 4582 2069 4637 multorum

489 4668 654 4744 425
683 4672 784 4727 sibi
811 4673 950 4728 sciat
983 4676 1296 4730 inimicitias
1328 4676 1651 4730 tolerandas.
1677 4676 1812 4728 Audi
1850 4685 2072 4744 aposto-

564 4761 610 4792 ³³
640 4761 754 4818 Jos.
789 4781 842 4826 κ,
872 4767 1054 4820 12-17.
1132 4769 1176 4799 ³⁵
1209 4767 1249 4820 ll
1280 4768 1417 4822 Tim.
1447 4784 1526 4832 Ill,
1557 4769 1642 4822 12.

489 4829 578 4884 Π.
660 4834 702 4865 ³9
735 4835 874 4890 Psal.
914 4855 973 4906 tt,
1007 4840 1059 4897 8.

491 4925 658 5048 diéﬁi).
686 4926 885 5048 Dumes
916 4949 1026 4987 IIISS
1070 4975 1084 4997 ,
1116 4956 1132 4987 ι
1167 4945 1223 4990 et
1252 4934 1422 5004 digni.
1475 4954 1491 4985 ι
1535 4930 1690 4986 Libb.
1737 4932 1909 4996 editi,
1951 4949 1969 4982 ι
2009 4940 2066 4984 ut

561 5066 640 5135 (τί)
675 5067 738 5121 Et
772 5085 972 5136 verum,
1011 5075 1164 5130 deest
1194 5077 1246 5130 in
1283 5075 1414 5131 libb.
1443 5073 1603 5127 editis
1629 5111 1642 5136 ,
1673 5072 1766 5126 scd
1797 5082 1974 5128 exstat
2007 5071 2060 5125 in

487 5138 740 5193 Omnibus
771 5156 901 5194 mss.

564 5205 639 5278 (5)
679 5208 744 5283 Et
784 5215 1040 5283 quomodo
1085 5215 1245 5268 solent
1283 5216 1405 5283 fecit
1445 5225 1583 5267 stare
1613 5224 1659 5266 et
1707 5214 1909 5272 Initum,
1949 5211 2063 5265 haec

491 5277 685 5353 desunt
715 5279 767 5332 in
800 5282 951 5334 libris
978 5296 1134 5337 antea
1171 5277 1350 5345 editis,
1390 5287 1482 5339 scd
1520 5283 1770 5353 leguntur
1797 5283 1847 5334 iu
1882 5284 2066 5336 codice

490 5347 953 5414 Sangermancusi
984 5365 1039 5407 et
1068 5371 1174 5408 uno
1208 5353 1542 5409 Ehroicensi.

669 5419 977 5494 Sanga-nu,
1012 5441 1030 5475 ‹
1071 5441 1250 5492 super.
1289 5445 1306 5476 ι
1344 5425 1502 5479 Libb.
1531 5423 1685 5494 editi,
1718 5441 1740 5474 α
1778 5439 1960 5494 supra.
2005 5442 2024 5476 ι

560 5489 636 5563 (ἶ)
672 5489 810 5563 ldctn
845 5508 970 5554 tus.,
1011 5511 1029 5545 ε
1061 5489 1336 5563 pugnavit.
1372 5513 1389 5546 ι

562 5559 639 5623 (8)
668 5561 807 5612 Audi
844 5559 1146 5628 apostolum
1160 5565 1385 5618 Paulum
1410 5572 1520 5617 1ηιέ
1546 5565 1722 5616 eadem
1756 5561 2070 5629 conﬁrman-

492 5633 614 5708 tem,
649 5644 763 5708 cum
788 5633 933 5684 dicit.
968 5633 1087 5708 llaec
1106 5637 1487 5708 desiderantur
1517 5636 1569 5688 in
1601 5635 1752 5687 libris
1774 5643 1928 5685 antea
1949 5634 2063 5686 edi-

495 5698 584 5758 tis,
613 5698 703 5749 setl
732 5712 946 5755 exstant
983 5704 1030 5755 in
1066 5704 1315 5758 omnibus
1348 5722 1476 5758 mss.

565 5767 640 5837 (tl)
673 5766 737 5819 In
783 5773 924 5824 nobis
955 5783 1002 5826 et
1045 5775 1140 5828 huc
1170 5777 1466 5845 prmipcre.
1507 5774 1627 5830 Iltcc
1669 5774 1833 5829 etiam
1870 5771 2062 5828 desunt

1719 4769 1762 4800 ³⁵
1789 4768 1951 4824 Eccli.
1979 4784 2038 4836 ll,
2068 4771 2118 4824 l.

2171 4580 2282 4633 rint
2316 4581 2366 4632 in
2402 4579 2600 4647 quibus
2628 4577 2758 4631 tides
2788 4577 3114 4640 inveniatur,
3152 4585 3278 4629 tunc
3310 4576 3420 4644 jam
3462 4577 3750 4630 abbrevia-a-

2173 4674 2376 4728 buntur
2399 4674 2530 4727 dies.
2573 4673 2717 4726 Idem
2751 4672 2916 4741 igitur
2944 4679 3107 4738 atque
3145 4670 3258 4738 ipse
3285 4669 3546 4724 Dominus
3579 4674 3747 4743 novit,

2197 4766 2241 4797 ³⁸
2269 4767 2284 4820 ι
2315 4765 2506 4820 Thess.
2550 4781 2601 4830 v,
2639 4763 2722 4818 14.
2801 4763 2844 4795 ³⁷
2882 4763 3034 4817 Rotn.
3087 4778 3178 4826 xv,
3225 4765 3274 4816 Ι.
3353 4761 3398 4794 ³³
3444 4761 3634 4830 Matth.
3674 4779 3746 4824 tv,

2178 4929 2232 4982 in
2274 4927 2428 4982 libris
2463 4935 2618 4979 antea
2648 4924 2831 4986 editis,
2872 4924 2968 4977 sed
3004 4922 3254 4992 leguntur
3287 4922 3337 4976 in
3377 4939 3478 4977 IIIS.
3511 4921 3748 4992 Sauger.

2174 4998 2442 5059 tnanensi,
2474 5012 2680 5048 necnon
2724 5012 2829 5048 uno
2865 4995 3198 5048 Ebroicuisi.

2247 5066 2360 5138 (30)
2396 5067 2558 5135 Ergo,
2602 5065 2737 5119 alias
2787 5068 2956 5132 deest,
3003 5066 3097 5120 sed
3135 5065 3328 5134 legitur
3386 5064 3439 5118 in
3494 5065 3746 5120 otunibus

2173 5151 2302 5192 MSS.

2243 5204 2354 5276 (ll)
2383 5203 2535 5267 Mss.,
2579 5223 2596 5255 ι
2629 5204 3096 5274 apprOpinquavit.
3141 5222 3159 5256 ι
3198 5203 3356 5261 Libb.
3398 5204 3554 5270 editi,
3596 5221 3616 5256 ι
3652 5220 3747 5274 ap.

2170 5276 2580 5348 propinqtlahit.
2614 5293 2633 5326 ι

2242 5343 2352 5414 (η)
2386 5344 2593 5408 Solum,
2623 5347 2774 5400 tleesl
2809 5346 2859 5398 in
2893 5345 3046 5400 libr-is
3091 5354 3251 5398 antea
3300 5343 3480 5412 editis,
3515 5345 3611 5400 sed
3651 5361 3749 5399 cx-

2170 5427 2276 5472 stat
2305 5419 2356 5468 in
2387 5415 2848 5484 Saugermauensi
2882 5427 2936 5469 et
2969 5431 3076 5471 uno
3107 5415 3440 5469 Ebroicensi.

2242 5489 2354 5557 (l3)
2384 5485 2540 5557 Idem
2561 5501 2687 5550 ms.,
2727 5504 2744 5535 ‹
2794 5497 2852 5539 ιιι
2879 5495 3028 5557 tunc,
3060 5505 3078 5538 ι
3110 5495 3164 5557 et
3201 5484 3356 5554 paulo
3381 5491 3521 5551 post,
3556 5501 3574 5534 ι
3615 5499 3743 5552 pro.

2174 5555 2391 5612 ducitur
2417 5565 2471 5608 et
2514 5555 2781 5610 ditl'ertur.
2819 5575 2836 5608 ι
2877 5555 3026 5610 Libri
3069 5556 3220 5617 editi,
3252 5572 3270 5604 ι
3311 5564 3368 5607 et
3395 5563 3593 5607 tunc...
3622 5570 3744 5623 pru-

2173 5627 2416 5687 ducitur,
2447 5623 2715 5679 dill'ertur.
2749 5643 2766 5676 ι

2238 5697 2348 5769 (ιιι)
2378 5695 2524 5749 Unus
2545 5696 2711 5769 codex
2735 5695 3099 5769 Ebroiccnsis,
3137 5713 3154 5746 ι
3184 5694 3330 5769 et‘ad
3361 5691 3656 5769 deteriores
3681 5710 3740 5749 ac

2172 5763 2506 5826 deeoloratas
2530 5766 2732 5821 ultimae
2757 5765 3121 5836 generationis
3144 5765 3390 5820 nationes
3405 5763 3700 5820 advenerit.
3716 5781 3734 5816 ›
