4146 6374
434 314 543 374 885

1426 310 1490 367 IN
1526 312 1787 370 LIBRUM
1818 311 1984 370 JESU
2022 312 2210 369 NAVE
2244 310 2530 371 llOMlLlA
2563 310 2677 368 Xll.

3604 308 3709 363 886

437 446 489 487 et
530 431 822 489 extendere
860 430 1009 486 diem
1033 444 1158 486 cum
1199 429 1390 485 salutis
1420 442 1503 487 est
1538 444 1775 502 tempus,
1805 444 1859 487 et
1888 436 2015 487 bre—
2046 438 2091 494 Α
2120 435 2371 489 Assident
2402 433 2605 487 etenim
2632 429 2794 484 etiam
2823 426 2908 482 his
2934 428 3084 496 ipsis,
3111 442 3249 496 quos
3286 424 3549 489 diximus,
3583 439 3707 478 cor-

436 527 587 580 viare
642 526 805 592 diem,
867 538 992 579 cum
1056 523 1427 579 tribulationis
1473 534 1527 577 et
1571 525 1891 594 perditionis
1933 534 2018 579 est

438 629 668 688 tempus.
701 616 806 670 Nos
834 626 1009 672 tamen
1045 616 1171 669 dum
1202 617 1462 671 habemus
1493 618 1654 680 diem,
1678 627 1734 669 et
1766 617 2017 685 produci-

438 720 526 763 tur
559 709 712 762 nobis
745 709 978 777 spatium
1020 707 1179 771 lucis,
1218 724 1236 757 ι
1274 707 1415 761 sicut
1446 708 1498 761 in
1524 708 1611 763 die
1642 707 1867 763 honeste
1897 723 2015 761 am-

437 800 683 854 bulemus
713 800 778 863 ‘°,
817 818 835 849 ι
872 808 925 852 et
955 814 1120 867 opera
1160 799 1293 854 lucis
1318 812 1625 866 operemur.

503 891 560 946 4.
618 889 723 945 Sed
775 901 829 945 et
884 890 1011 944 illud
1077 892 1355 945 videamus
1386 892 1516 960 quid
1545 904 1628 948 est
1668 894 1811 963 quod
1861 894 2014 959 dicit,

433 983 669 1051 quinque
689 998 842 1051 reges
864 981 1051 1047 fuisse,
1080 990 1133 1035 et
1156 982 1253 1036 hos
1277 982 1328 1034 in
1349 982 1637 1051 speluncas
1659 982 1860 1053 fugisse
1878 985 2013 1057 (15).

433 1079 585 1146 Stepe
601 1077 838 1129 diximus
864 1076 1138 1145 duplicem
1162 1090 1282 1130 esse
1299 1075 1729 1129 Christianorum
1760 1092 2012 1146 pugnam.

430 1166 696 1221 Perfectis
744 1167 962 1236 quidem
1004 1176 1059 1220 et
1109 1166 1306 1221 talibus
1346 1167 1521 1234 qualis
1552 1178 1669 1221 crat
1705 1164 1907 1221 Paulus
1960 1174 2016 1221 et

429 1259 671 1329 Ephesii,
719 1258 859 1312 sicut
901 1257 1014 1327 ipse
1043 1256 1238 1311 Paulus
1275 1256 1385 1328 (l6)
1419 1257 1550 1312 dicit
1572 1258 1654 1328 “,
1698 1275 1717 1309 ι
1771 1274 1882 1315 non
1926 1269 2011 1314 est

428 1364 606 1419 pugna
640 1350 903 1403 adversus
933 1364 1152 1403 carnem
1182 1357 1236 1403 et
1266 1349 1608 1419 sanguinem,
1631 1350 1725 1403 sed
1756 1350 2015 1404 adversus

426 1442 757 1511 principatus
808 1450 863 1495 et
905 1451 1225 1512 potestates,
1274 1445 1561 1498 adversum
1621 1442 1807 1496 mundi
1856 1444 2016 1513 hujus

428 1543 665 1587 rectores
696 1532 1044 1587 tenebrarum
1070 1536 1285 1598 harum,
1313 1536 1575 1590 adversus
1598 1537 1862 1605 spiritalia
1891 1538 2003 1611 (l7)

425 1625 677 1694 nequitia:
708 1625 760 1677 in
795 1624 1128 1681 coelestibus.
1173 1646 1192 1678 ι
1234 1627 1588 1682 lnferioribus
1618 1644 1766 1693 vero,
1804 1640 1859 1684 et
1885 1646 2016 1684 non-

424 1720 550 1771 dum
596 1715 849 1786 perfectis
894 1733 1069 1788 pugna
1129 1720 1309 1773 adhuc
1367 1721 1628 1775 adversus
1690 1736 1909 1776 carnem
1958 1734 2012 1777 et

421 1813 739 1880 sanguinem
774 1814 1001 1884 geritur,
1031 1814 1096 1867 iis
1121 1813 1212 1881 qui
1243 1813 1421 1866 adhuc
1447 1813 1757 1870 carnalibus
1788 1816 1934 1870 vitiis
1958 1827 2010 1872 et
2043 1789 2085 1843 Β

422 1903 802 1973 ΐιηιελιίιτιιίὺυε
834 1905 1250 1975 impugnantur:
1286 1905 1432 1973 quod
1470 1905 1632 1959 etiam
1663 1906 1714 1957 in
1757 1906 1858 1959 hoc
1892 1906 2009 1959 loco

420 1994 647 2047 indicari
702 2006 848 2063 puto.
886 1996 1097 2049 Etenim
1128 1994 1447 2051 Gabaonitis
1496 1995 1760 2049 indictum
1809 2012 1929 2051 esse
1978 2014 2007 2052 a

420 2086 657 2155 quinque
692 2086 904 2156 regibus
945 2087 1182 2141 diximus
1230 2086 1455 2149 bellum,
1508 2100 1740 2155 quormn
1778 2090 2005 2159 figuram

418 2177 526 2230 disi
562 2194 681 2233 esse
710 2179 758 2230 in
800 2180 862 2231 iis
884 2178 973 2247 qui
1007 2178 1311 2247 imperfecti
1340 2188 1492 2233 sunt.
1521 2178 1612 2233 Isti
1642 2190 1772 2249 ergo
1802 2198 1829 2233 a
1851 2182 2010 2248 quin-

416 2283 521 2336 que
573 2268 790 2336 regibus
847 2270 1253 2338 impugnantur.
1320 2269 1569 2340 Quinque
1617 2280 1801 2325 autem
1851 2287 2004 2341 rcges

415 2362 654 2427 quinque
692 2376 883 2415 sensus
907 2376 1199 2431 corporeus
1220 2362 1481 2424 indicant,
1514 2364 1717 2427 visum,
1738 2365 2003 2430 auditum,

414 2462 650 2521 gustum,
705 2462 907 2505 tacttnn
947 2463 1000 2505 et
1047 2454 1355 2507 odoratum.
1416 2453 1519 2508 Per
1562 2455 1796 2524 aliquem
1853 2458 1999 2511 enim

423 2544 639 2609 horum,
672 2558 1111 2612 unumquemque
1143 2559 1364 2598 necesse
1393 2555 1475 2598 est
1506 2545 1756 2602 decidere
1787 2548 1838 2601 in
1879 2563 2006 2618 pec-

411 2646 615 2687 catum.
669 2634 770 2701 Qui
800 2635 1040 2704 quinque
1094 2649 1286 2690 sensus
1339 2637 1446 2690 illis
1492 2638 1732 2706 quinque
1786 2640 2004 2709 regibus

411 2737 818 2796 comparantur,
872 2728 963 2797 qui
1023 2726 1371 2794 Gabaonitas,
1409 2730 1462 2783 id
1498 2740 1579 2784 est
1632 2731 1722 2799 qui
1753 2735 2003 2789 carnales

411 2819 659 2874 homines
684 2829 1018 2889 expugnant.
1056 2819 1211 2886 Quod
1262 2831 1443 2875 autem
1483 2822 1737 2876 dicuntur
1772 2824 1822 2876 in
1872 2840 1999 2893 spe:

411 2910 599 2966 luncas
623 2912 950 2982 confugisse,
982 2921 1160 2980 potest
1190 2912 1291 2967 hoc
1323 2912 1560 2986 fortasse
1593 2913 1845 2981 indicari,
1872 2919 2000 2986 quia

410 3004 663 3073 spelunca
700 2974 851 3057 locus
902 3012 984 3057 est
1032 3002 1085 3055 in
1134 2974 1463 3072 profundtfm
1513 3014 1677 3059 terra:
1726 2974 1995 3062 defossus.

2118 528 2393 597 poralibus
2423 526 2672 580 sensibus
2703 522 2981 577 hominum
3016 521 3262 589 malignae
3300 520 3549 584 virtutes,
3586 532 3707 586 qua:

2117 636 2211 675 eos
2240 620 2307 674 ad
2348 618 2517 672 malas
2556 615 3025 684 concupiscentias
3064 622 3118 667 et
3146 611 3315 683 426
3353 610 3499 664 fteda
3537 608 3703 662 mini-

2118 711 2284 766 steria
2326 711 2518 764 anima:
2559 707 2847 777 praebenda
2906 705 3222 760 sollicitent.
3256 706 3402 767 Qu‘as
3436 701 3705 767 malignas

2117 804 2344 857 virtutes
2374 803 2416 856 si
2453 802 2585 855 fides
2616 799 2727 872 (l9)
2762 797 2965 862 Christi
2992 795 3356 866 superaverit,
3391 803 3446 847 et
3479 793 3533 847 iu
3560 793 3703 863 ligno

2117 892 2295 945 crucis
2325 891 2442 959 ejus
2471 891 2672 944 fuerint
2710 902 3005 958 suspensae,
3052 897 3109 940 ut
3138 896 3192 940 et
3235 886 3300 939 de
3347 884 3480 954 ipsis
3512 885 3703 937 trium-

2116 982 2244 1050 phet
2279 983 2331 1034 in
2365 982 2505 1051 ligno
2546 984 2724 1036 erucis
2765 996 2898 1044 sum,
2931 978 3271 1047 interemptis
3301 977 3389 1040 iis,
3424 991 3704 1045 regnoque

2116 1073 2372 1141 depulsis,
2407 1084 2533 1126 tuuc
2558 1071 2789 1125 ellicitur
2829 1072 3009 1124 anima
3041 1070 3091 1123 in
3127 1080 3281 1138 parte
3308 1067 3424 1131 Dei,
3452 1078 3577 1120 tunc
3610 1067 3703 1121 Je-

2116 1162 2351 1215 rusalem
2397 1178 2618 1232 regnqu
2648 1162 2739 1215 Dei
2772 1162 3025 1225 efficitur,
3050 1170 3102 1213 ct
3130 1159 3390 1228 templum
3421 1160 3471 1211 iu
3502 1172 3567 1211 ea
3595 1159 3702 1209 Do-

2117 1254 2263 1307 mino
2286 1254 2623 1308 construitur
2651 1252 2787 1324 (20).
2810 1253 3003 1305 Annon
3033 1254 3133 1304 hoc
3157 1251 3223 1304 de
3257 1251 3549 1317 semetipso
3578 1262 3703 1300 scn-

2118 1346 2283 1400 tiebat
2332 1345 2421 1401 ille
2447 1346 2541 1413 qui
2586 1345 2803 1399 diccbat
2833 1344 2901 1408 δ’,
2932 1345 3061 1413 quia
3098 1363 3117 1394 r
3157 1358 3373 1396 eramus
3409 1338 3702 1409 aliquando

2115 1447 2171 1493 et
2203 1453 2300 1492 nos
2336 1437 2618 1500 insensati,
2649 1436 2941 1502 increduli,
2978 1447 3249 1497 errantes,
3283 1434 3582 1487 servientes
3611 1431 3706 1484 de-

2114 1528 2331 1584 sideriis
2362 1539 2417 1582 et
2442 1529 2807 1598 voluptatibus
2829 1527 3035 1582 variis?
3075 1546 3092 1578 )
3129 1526 3242 1579 Non
3275 1526 3416 1580 enim
3446 1524 3590 1577 aliud
3622 1531 3705 1576 est

2116 1621 2219 1675 hoc
2249 1622 2393 1691 quod
2440 1621 2739 1677 Jerusalem
2766 1623 3059 1690 aliquando
3092 1622 3257 1675 fuisse
3285 1621 3384 1674 sub
3418 1634 3541 1688 rege
3566 1618 3705 1671 Ado-

2116 1713 2340 1766 nibczec
2367 1714 2647 1780 scribitur,
2672 1713 2757 1767 vel
2776 1714 2894 1768 alia:
2931 1713 3181 1767 civitates
3209 1711 3308 1766 Sub
3336 1711 3460 1765 aliis
3493 1710 3557 1765 ⁵³.

2186 1804 2239 1857 6.
2301 1802 2408 1858 Sed
2468 1804 2684 1857 interim
2733 1803 2895 1859 Jesus
2952 1803 3225 1857 interfecit
3272 1803 3544 1865 inimicos,
3595 1816 3700 1855 non

2113 1895 2493 1949 crudelitatem
2525 1896 2728 1949 docens
2761 1911 2855 1963 per
2881 1896 3005 1958 hoc,
3043 1896 3185 1949 sicut
3211 1893 3453 1947 haeretici
3483 1900 3695 1962 putant,

2111 1988 2206 2041 sed
2252 1990 2431 2041 futura
2490 1990 2539 2042 in
2579 1991 2662 2044 his
2703 2004 2825 2059 qua:
2868 1999 3132 2060 geruntur
3166 1997 3506 2043 sacramenta
3555 1987 3702 2041 desi-

2111 2092 2283 2149 gnans
2317 2079 2430 2149 (2|)
2464 2094 2479 2132 :
2514 2088 2569 2133 tit
2601 2096 2722 2133 cum
2776 2081 3115 2136 interemerit
3146 2095 3238 2135 eos
3274 2095 3453 2147 reges,
3490 2078 3580 2147 qui
3616 2093 3702 2130 rc-

2110 2188 2273 2242 gnum
2321 2173 2527 2243 peccati
2570 2182 2756 2226 tenent
2797 2175 2848 2227 in
2899 2175 3077 2237 nobis,
3122 2174 3391 2242 possimus
3430 2172 3559 2223 illud
3603 2170 3699 2222 im-

2110 2265 2258 2333 plere
2290 2264 2432 2334 quod
2472 2263 2609 2318 dixit
2643 2263 2933 2333 Apostolus
2967 2264 3013 2295 “
3043 2280 3057 2316 :
3099 2283 3116 2315 ι
3169 2262 3325 2316 Sicut
3369 2260 3697 2317 cxhibuistis

2110 2358 2354 2411 membra
2382 2367 2563 2411 vestra
2594 2358 2798 2412 servire
2823 2356 3093 2425 iniquitati
3130 2356 3196 2409 ad
3229 2355 3589 2426 iniquitatem,
3623 2354 3694 2406 ita

2110 2465 2253 2503 nunc
2282 2451 2636 2505 exhibeamus
2675 2450 2917 2503 membra
2948 2457 3134 2504 nostra
3159 2450 3364 2503 servire
3393 2447 3617 2515 justitia-
3642 2447 3694 2499 in

2101 2543 2543 2612 justificatiouem
2587 2543 2719 2614 (ἐξ).
2756 2562 2774 2595 ι
2825 2543 2961 2609 Quid
2995 2557 3123 2611 ergo
3163 2552 3268 2605 est,
3316 2541 3460 2610 quod
3497 2542 3566 2594 ab
3614 2541 3699 2594 cis

2107 2634 2210 2688 ltoc
2230 2634 2346 2689 loco
2368 2634 2745 2689 velutcrudcle
2771 2634 3065 2705 culpatur?
3100 2634 3230 2698 lloc,
3258 2634 3430 2703 inquit
3452 2632 3519 2698 ⁸³,
3548 2634 3692 2700 quod

2106 2728 2369 2797 scriptum
2394 2738 2477 2782 est
2512 2744 2526 2780 :
2568 2745 2585 2778 ι
2614 2727 2806 2782 Ponite
2836 2728 3004 2797 pedes
3037 2738 3247 2782 vestros
3279 2742 3443 2795 super
3487 2726 3692 2781 collum

2105 2836 2315 2884 eorum,
2366 2829 2421 2875 et
2481 2820 2772 2875 interficite
2820 2837 2937 2877 eos.
2976 2840 2994 2873 ι
3038 2820 3178 2887 Quid
3232 2821 3375 2889 quod
3424 2821 3539 2875 htec
3582 2835 3688 2872 non

2104 2910 2416 2974 crudelitas,
2446 2912 2540 2966 sed
2590 2912 2899 2966 humanitas
2928 2922 2982 2966 et
3019 2912 3328 2981 benignitas
3373 2909 3689 2966 invenitur?

2109 3000 2325 3057 Utinam
2374 3011 2430 3056 et
2464 3013 2519 3056 tu
2563 3004 2683 3057 talis
2719 3018 2890 3067 esses,
2938 3004 3030 3072 qui
3078 3019 3313 3073 poueres
3350 3004 3516 3074 pedes
3569 3015 3692 3057 tuos

404 3094 578 3162 Igitur
604 3094 768 3148 etiam
812 3093 897 3148 isti
934 3110 1070 3164 quos
1111 3111 1275 3163 supra
1304 3093 1538 3149 diximus
1566 3109 1759 3151 sensus
1788 3112 1999 3154 cumse
2026 3132 2071 3192 ϐ
2105 3108 2270 3163 super
2328 3102 2611 3165 serpentes
2661 3105 2714 3150 et
2764 3097 3098 3162 scorpiones,
3146 3105 3199 3149 et
3250 3111 3412 3165 supra
3465 3110 3687 3150 omnem

409 3187 638 3239 terrenis
682 3187 895 3242 actibus
942 3188 994 3240 in
1031 3201 1259 3255 corpore
1297 3187 1455 3255 positi
1503 3187 1887 3255 demerserint,
1944 3203 2000 3247 et

409 3279 543 3331 nihil
574 3276 637 3330 ad
660 3293 793 3346 opus
829 3276 942 3342 Dei,
974 3279 1067 3333 sed
1096 3288 1267 3332 totum
1305 3279 1371 3332 ad
1408 3279 1773 3333 ministerium
1798 3296 1994 3352 corpo-

408 3371 482 3422 ris
517 3369 743 3437 egerint,
768 3368 820 3422 in
851 3370 1143 3439 speluncas
1167 3371 1475 3439 confugisse
1505 3370 1780 3424 dicuntur.

475 3462 526 3515 5.
564 3460 853 3515 Sciendum
891 3471 1066 3515 tamen
1097 3464 1239 3531 quod
1271 3462 1371 3515 ista
1398 3463 1512 3531 ipsa
1543 3478 1729 3533 regna,
1761 3478 1994 3533 quorum

408 3565 546 3606 nunc
577 3567 729 3621 reges
756 3553 1047 3606 vincuntur
1074 3554 1140 3607 ab
1170 3550 1319 3617 Jesu,
1347 3563 1401 3606 et
1422 3553 1745 3623 confugiunt
1774 3556 1841 3609 ad
1874 3570 1998 3624 spe-

403 3644 613 3705 luncas,
650 3644 990 3713 postmodum
1014 3645 1065 3699 in
1097 3655 1300 3700 sortem
1329 3648 1555 3699 veniunt
1587 3656 1905 3701 sanctorum
1940 3657 1995 3703 et

403 3748 529 3804 pars
567 3735 775 3789 Domini
809 3736 1171 3804 appellantur,
1218 3737 1362 3791 sicut
1404 3738 1626 3806 regnum
1665 3737 1990 3805 Jerusalem,

402 3826 485 3880 vel
518 3826 735 3893 Lat-his,
776 3828 854 3880 vel
890 3829 1162 3883 Chebron.
1194 3828 1249 3881 ln
1283 3846 1392 3898 quo
1425 3830 1527 3884 hoc
1561 3830 1802 3886 arbitror
1851 3832 1993 3885 imii-

400 3918 537 3984 cari,
570 3918 710 3986 quod
743 3920 908 3971 etiam
954 3920 1043 3972 isti
1093 3920 1337 3988 quinque
1382 3936 1598 3987 sensus,
1637 3936 1771 3991 quos
1827 3937 1992 3992 supra

397 4011 768 4079 exposuimus,
806 4010 858 4063 in
887 4026 1117 4078 corpore
1151 4012 1331 4079 positi,
1356 4028 1481 4068 cum
1516 4029 1613 4082 per
1643 4012 1828 4069 Jesum
1869 4013 1994 4070 fue—

401 4103 510 4157 rint
539 4102 757 4170 devicti,
806 4104 877 4157 ita
908 4115 965 4156 ut
998 4104 1292 4160 infidelitas
1334 4107 1402 4161 ab
1429 4108 1508 4163 eis
1536 4118 1590 4162 et
1630 4110 1991 4164 incredulitas

400 4198 720 4267 depellatur,
758 4210 811 4252 et
857 4214 978 4253 cum
1026 4198 1330 4253 moriuntur
1377 4211 1609 4270 peccato
1652 4203 1705 4256 in
1746 4218 1812 4257 eo
1845 4202 1990 4270 quod

399 4292 650 4345 desinunt
681 4307 708 4344 a
730 4291 1033 4346 ministerio
1063 4292 1306 4360 peccati;
1340 4294 1461 4349 istis
1491 4296 1619 4365 ipsis
1646 4298 1987 4366 postmodum

399 4383 661 4436 ministris
723 4394 909 4436 utetur
970 4384 1149 4438 anima
1206 4384 1272 4438 ad
1331 4388 1662 4455 operandam
1715 4388 1984 4459 justitiam

2103 3186 2356 3241 virtutem
2389 3186 2614 3250 inimici,
2646 3197 2701 3240 et
2729 3187 3082 3243 conculcares
3125 3190 3414 3242 draconem
3453 3199 3508 3243 et
3542 3188 3690 3241 basi-

2100 3276 2314 3344 liseum,
2347 3278 2399 3331 id
2437 3289 2520 3331 est
2568 3278 2837 3348 regulum,
2880 3280 2971 3348 qui
3020 3280 3307 3348 aliquando
3358 3282 3599 3349 regnavit
3634 3282 3687 3334 in

2101 3377 2174 3432 te,
2205 3377 2258 3422 et
2289 3369 2462 3421 tenuit
2494 3369 2545 3421 in
2584 3378 2635 3423 te
2662 3382 2883 3435 regnum
2921 3371 3129 3438 peccati
3161 3386 3175 3422 :
3203 3380 3257 3422 ut
3299 3370 3404 3423 illis
3431 3372 3691 3424 oniuibus

2102 3462 2467 3530 interemptis,
2500 3462 2589 3528 qui
2624 3462 2674 3514 in
2716 3471 2767 3514 te
2799 3462 3096 3530 regnabant
3135 3478 3298 3525 opere
3334 3464 3563 3532 peccati.
3599 3480 3689 3518 so-

2099 3554 2181 3606 lus
2241 3554 2291 3605 in
2350 3562 2401 3605 te
2454 3561 2643 3617 regnet
2691 3551 2939 3605 Christus
2978 3552 3135 3608 Jesus
3169 3554 3430 3608 Dominus
3479 3566 3685 3620 uoster,

2097 3642 2465 3709 cuicstgloria
2495 3642 2851 3710 etimperium
2885 3641 2997 3714 (25)
3031 3643 3083 3697 in
3116 3643 3313 3698 Stet-ala
3338 3644 3685 3701 sazculorum.

2095 3736 2293 3791 Amen.

2668 3849 2951 3906 IIOMILIA
2981 3849 3097 3903 le.

2095 3943 2174 3999 De
2202 3961 2262 3999 eo
2303 3947 2442 4014 quod
2488 3947 2805 4014 spiritaliter
2833 3944 3061 4013 intelligi
3116 3946 3336 3999 debeant
3388 3946 3521 3998 bella
3567 3964 3686 4013 qua:

2164 4017 2321 4083 gessit
2345 4016 2522 4079 Jesus,
2558 4017 2765 4083 et'quod
2810 4032 3074 4084 regressus
3104 4016 3331 4079 populus
3356 4029 3473 4084 post
3512 4019 3685 4070 victo-

2165 4087 2302 4138 riam
2334 4102 2435 4138 non
2464 4088 2664 4139 mutivit
2696 4088 2751 4139 in
2780 4087 2961 4155 lingua
2992 4102 3092 4139 sua
3118 4086 3252 4155 (24).

2166 4199 2218 4253 1.
2248 4197 2304 4252 Si
2355 4214 2415 4252 ea
2442 4214 2560 4268 qua:
2588 4213 2685 4267 per
2724 4199 2942 4269 Moysen
2975 4200 3043 4254 de
3074 4200 3446 4264 tabernaculo,
3488 4201 3567 4254 vel
3591 4217 3687 4255 sa-

2093 4292 2315 4346 criﬁciis
2349 4302 2402 4347 et
2439 4292 2583 4346 omni
2627 4292 2717 4345 illo
2742 4292 2888 4345 cultu
2925 4293 3412 4356 adumbrabantur,
3446 4303 3604 4363 typus
3627 4303 3682 4347 ct

2093 4384 2281 4437 umbra
2307 4384 2558 4436 dicuntur
2587 4398 2706 4437 esse
2732 4383 3062 4446 caelestium,
3102 4385 3219 4438 sine
3256 4384 3420 4437 dubio
3452 4397 3507 4439 et
3538 4387 3673 4441 bella

398 4468 647 4540 Dei(l8),
676 4479 729 4523 et
758 4471 830 4524 ita
880 4470 938 4525 fit
983 4483 1039 4525 ut
1072 4470 1395 4537 Jerusalem,
1441 4475 1493 4528 in
1531 4491 1637 4545 qua
1685 4478 1833 4545 prius
1895 4492 1985 4532 rex
2018 4491 2067 4550 ι)
2096 4490 2214 4543 qua:
2252 4490 2346 4544 per
2391 4476 2573 4531 Jesum
2606 4487 2890 4543 geruntur,
2922 4486 2977 4529 ct
3026 4492 3211 4545 regem
3246 4486 3407 4546 atque
3440 4480 3680 4534 hostium

396 4578 630 4631 nequam
662 4563 922 4632 regnabat
946 4573 1003 4617 et
1030 4565 1315 4633 pessimus,
1347 4569 1686 4634 postmodum
1720 4569 1771 4622 in
1803 4584 1864 4623 ea
1893 4585 1981 4625 re-

393 4663 522 4723 gnet
577 4651 746 4710 David
798 4668 988 4724 potens
1048 4672 1231 4723 manu,
1269 4656 1351 4711 vel
1400 4659 1658 4726 pacificus
1702 4659 1978 4716 Salomon.

468 4791 515 4823 ⁸ο
549 4792 706 4850 Rom.
746 4810 867 4859 xui,
901 4796 987 4849 l5.
1061 4796 1105 4827 δι
1136 4797 1336 4866 Ephes.
1365 4813 1437 4861 vt,
1471 4798 1561 4852 12.
1638 4799 1683 4830 "
1703 4799 1810 4854 Tit.
1842 4816 1923 4864 Ill,
1951 4801 2005 4855 5.

398 4914 786 5036 ΜῼΞὲϐοάοκ
819 4917 1100 4987 Sangerm.
1134 4935 1255 4975 cum
1287 4937 1395 4977 uno
1424 4921 1758 4989 Ebroicensi,
1790 4942 1808 4974 ε
1848 4936 1978 4977 con-

457 5002 485 5036 L‘
512 5002 549 5035 S.
605 5028 615 5036 .
666 5004 683 5036 ι

422 5000 771 5125 ῃῖῗὲἷίιιὲω,
812 5074 829 5105 ‹
870 5058 1183 5126 Apostolus.
1242 5080 1261 5112 ι
1303 5059 1506 5115 Ibidem
1547 5064 1651 5115 duo
1682 5063 1976 5117 Ebroiceu-

397 5138 509 5187 ses,
541 5143 559 5175 ε
601 5142 705 5181 non
740 5135 823 5180 est
850 5144 1045 5197 pugna.
1088 5149 1105 5181 ι
1147 5130 1292 5186 Libri
1328 5132 1482 5196 editi,
1531 5150 1549 5183 ι
1590 5149 1694 5185 nou
1725 5141 1845 5186 erat
1878 5151 1979 5202 pu-

394 5209 771 5387 ἓξὲἰῖἒιῦίλεῐζι,
796 5285 815 5317 ι
856 5271 1115 5325 adversus
1135 5271 1421 5341 Spiritalia.
1458 5292 1476 5322 ι
1506 5271 1649 5327 Libri
1672 5274 1823 5341 editi,
1863 5291 1881 5324 ι
1918 5287 1972 5330 et

465 5346 687 5392 Irttulia.
720 5356 737 5387 ι

394 5349 581 5485 ειἰμὸ)
629 5406 746 5471 Dei,
776 5408 926 5463 deest
950 5409 999 5461 in
1034 5421 1191 5466 antea
1235 5414 1417 5479 editis,
1445 5414 1538 5469 sed
1565 5424 1745 5469 exstat
1771 5416 1829 5469 in
1851 5432 1969 5469 om-

393 5477 781 5624 l:In?)"(ligastlex
816 5548 1096 5624 Sangcrm.
1142 5565 1264 5604 cum
1316 5568 1424 5607 uno
1480 5554 1813 5624 Ebroicensi,
1865 5575 1883 5607 ι
1922 5560 1966 5612 si

395 5615 550 5669 fides.
591 5637 608 5666 ι
643 5618 794 5671 Libb.
828 5615 980 5684 editi,
1018 5638 1036 5671 ‹
1067 5636 1187 5674 eum
1225 5624 1377 5680 fides.
1419 5643 1438 5676 ι

467 5687 579 5755 (20)
627 5688 828 5742 Omnes
868 5705 1023 5759 mss.,
1072 5709 1093 5744 4
1137 5696 1492 5751 construitur.
1559 5716 1580 5748 ι
1624 5695 1776 5752 Libb.
1810 5697 1961 5763 editi,

405 5773 423 5806 1
470 5768 822 5815 ρυιιδιιτυριυτ.
874 5778 895 5813 ι

2091 4580 2322 4640 Strages,
2356 4570 2658 4623 caelestium
2700 4584 2881 4624 rerum
2921 4571 3035 4641 (25)
3068 4571 3258 4625 umbra
3292 4584 3346 4626 et
3372 4584 3527 4645 typus
3558 4590 3680 4630 esse

2091 4661 2313 4715 dicenda
2370 4671 2517 4727 sunt,
2567 4676 2752 4716 eorum
2798 4662 3061 4718 duntaxat
3098 4664 3381 4731 bellorum,
3419 4684 3537 4735 qua:
3569 4667 3677 4721 Do-

2081 4801 2126 4833 ¹⁸³
2154 4800 2278 4856 Jud.
2309 4818 2347 4856 ι.
2422 4800 2469 4835 ⁸⁸
2506 4800 2662 4856 Rom.
2713 4817 2787 4867 Vl,
2816 4803 2902 4858 19.
2979 4806 3024 4836 ⁸⁸
3069 4804 3182 4861 Jos.
3214 4805 3389 4870 1,24.

2159 4925 2273 4999 (2|)
2306 4918 2462 4979 Libb.
2496 4924 2651 4999 editi,
2699 4944 2718 4976 ε
2768 4924 2947 4978 futura
2972 4939 3347 4999 sacramenta
3374 4930 3666 4999 designans

2082 4995 2148 5047 de
2178 4996 2242 5048 iis
2282 5010 2403 5062 quae
2426 4996 2790 5065 gerebantur;
2835 5016 2857 5048 ι
2889 4998 2981 5050 sed
3012 5014 3203 5051 omnes
3237 5016 3367 5053 tuss.
3410 5011 3469 5054 ut
3493 4995 3544 5054 in
3582 5020 3671 5055 ηο-

2080 5073 2193 5118 stro
2220 5074 2390 5118 textu.

2291 5135 2469 5189 Codex
2497 5134 2881 5203 Saugerman.,
2908 5154 2928 5187 ο
2964 5136 3436 5207 justilicationem.
3471 5160 3490 5191 ι
3520 5139 3665 5194 Libri

2077 5205 2232 5266 editi,
2270 5224 2289 5255 ι
2328 5206 2839 5260 sanetilieationem.
2876 5228 2897 5258 ι

2149 5275 2264 5339 (25)
2301 5274 2453 5349 tJntts
2486 5276 2845 5332 Ebroicensis
2888 5287 3007 5347 post
3054 5297 3074 5329 ι
3114 5279 3397 5349 imperium
3433 5299 3453 5331 r
3489 5278 3661 5345 addit,

2085 5364 2103 5396 ι
2142 5361 2265 5399 cum
2292 5346 2494 5410 Spiritu
2523 5355 2731 5400 sancto.
2779 5367 2797 5400 ι

2152 5416 2262 5485 (24)
2296 5416 2361 5469 Et
2384 5417 2523 5480 quod
2555 5432 2816 5485 regressus
2856 5418 3081 5487 populus
3104 5428 3214 5486 post
3241 5419 3510 5473 victoriam
3554 5434 3663 5474 non

2076 5488 2280 5538 mutivit
2299 5488 2353 5558 in
2379 5487 2559 5554 lingua
2579 5504 2697 5558 sua.
2737 5487 2857 5541 lltec
2876 5489 3073 5542 desunt
3099 5491 3147 5540 iu
3176 5487 3327 5558 libris
3358 5499 3512 5541 antea
3538 5489 3658 5542 edi-

2079 5558 2166 5627 tis,
2215 5557 2307 5611 sed
2351 5557 2602 5623 leguntur
2644 5557 2699 5610 in
2735 5559 2921 5611 codice
2956 5574 3055 5613 ms.
3092 5558 3378 5627 Sangerm.
3430 5569 3483 5611 ct
3542 5576 3661 5614 uno.

2078 5625 2410 5681 Ehrnicensi.

2146 5696 2256 5767 (9.5)
2286 5696 2496 5761 Rerum,
2532 5698 2681 5752 deest
2726 5697 2777 5752 in
2820 5696 2975 5753 libris
3013 5697 3194 5765 editis,
3235 5699 3333 5755 sed
3365 5708 3543 5755 exstat
3589 5699 3644 5755 in

2070 5767 2255 5822 codice
2290 5782 2390 5823 ms.
2427 5768 2677 5837 Saugcm.
