4146 6398
463 294 571 352 887

1913 292 2071 349 ORIG
2081 291 2237 347 ENIS

3634 295 3738 352 ess
3776 370 3779 371 ί

468 418 649 471 minus
687 423 871 471 noster
898 414 1054 469 Jesus
1093 428 1214 468 cum
1255 429 1351 468 snu
1388 414 1654 481 exercitu,
1684 424 1739 468 et
1769 414 2055 484 magistra-
2084 418 2132 473 Α
2166 426 2263 481 per
2285 409 2563 479 speculum
2597 418 2651 466 et
2683 412 2736 465 in
2773 410 3059 480 azuigtnate
3090 411 3270 482 aliqtia
3305 425 3370 467 ex
3412 424 3563 483 parte
3604 430 3737 469 con-

467 508 635 571 tibus,
665 506 716 561 id
743 515 828 560 est
852 505 1188 560 credentium
1228 505 1456 574 populis,
1490 514 1656 574 atque
1682 520 1867 559 eorum
1896 505 2049 559 duci-

465 601 566 653 bus
595 607 784 651 contra
814 595 1088 650 diabolum
1118 606 1173 649 et
1200 596 1316 664 eius
1348 596 1572 665 angelus
1598 597 1893 666 prarliatur.
1936 596 2053 667 Ipse

458 687 609 742 enim
650 695 752 750 est,
786 687 875 755 qui
913 688 964 739 in
1006 685 1175 740 Paulo
1224 697 1278 739 et
1330 686 1381 738 in
1430 686 1678 755 Ephesiis
1721 698 1923 757 pugnat
1951 689 2048 740 ad-

461 790 657 831 versus
687 775 1022 844 principatus
1044 785 1096 829 et
1128 784 1431 844 potestates
1460 786 1512 829 ct
1534 787 1770 830 rectores
1796 776 2047 829 leanl'u-

470 883 583 922 rum
633 868 847 934 barum,
896 868 1157 921 adversus
1205 867 1467 935 spiritalia
1518 869 1771 935 nequitia:
1804 868 1856 922 in
1889 868 2050 923 caele-

467 962 638 1015 stibus
655 960 720 1013 “.
743 960 807 1013 Et
835 960 976 1024 vide,
999 960 1211 1029 ingrate
1236 960 1511 1021 lueretice,
1531 960 1802 1027 quomodo
1818 976 1885 1015 ex
1907 960 2046 1015 inte~

460 1065 560 1121 gro
606 1051 878 1106 veteribus
922 1066 1059 1105 nova
1102 1051 1457 1107 concordant.
1514 1049 1850 1105 Promissum
1885 1064 1969 1108 est
2001 1054 2043 1084 "

459 1141 735 1196 veteribus
772 1157 993 1211 regnum
1032 1153 1189 1197 terra:
1222 1152 1448 1208 sanctze,
1491 1152 1651 1196 terra:
1697 1141 1916 1199 ﬂuentis
1962 1144 2044 1200 lac

457 1245 512 1288 et
561 1236 685 1297 mel,
719 1249 838 1303 quae
874 1244 1015 1289 terra
1058 1246 1235 1291 tunca
1285 1236 1661 1305 peccatoribus
1694 1246 1748 1290 et
1792 1239 2045 1307 pessimis

463 1328 653 1381 incolis
676 1347 738 1381 ac
775 1330 994 1397 regibus
1018 1332 1322 1385 tenebatur.
1357 1330 1514 1385 Venit
1540 1330 1591 1383 in
1623 1331 1786 1385 istam
1843 1342 2042 1387 terram

458 1416 618 1471 .lesus
646 1435 770 1473 cum
805 1421 1045 1474 eset-ciui
1081 1420 1315 1486 Domini,
1348 1430 1401 1475 et
1433 1422 1752 1478 lsraeliticis
1788 1422 2038 1485 ducibus,

458 1520 728 1578 expugnat
755 1526 963 1573 omnes,
1009 1511 1290 1575 interimit,
1325 1514 1554 1577 obtinet,
1578 1525 1632 1568 ct
1687 1515 1757 1569 ob
1801 1515 2042 1570 victoria:

457 1602 711 1653 meritum
760 1600 957 1666 accipit
993 1616 1180 1655 eorum
1217 1617 1379 1671 regna
1417 1618 1555 1671 quos
1583 1604 1731 1661 vicit.
1773 1604 1894 1659 Tibi
1946 1622 2043 1675 per

456 1689 743 1760 Evangelia
779 1708 883 1745 nuu
927 1694 1311 1761 promittuntur
1362 1710 1523 1763 regna
1560 1706 1719 1749 terra:
1751 1696 1889 1765 (26),
1943 1698 2037 1751 sed

2159 502 2299 558 tueri
2330 516 2385 558 et
2422 503 2693 572 inspicere
2744 506 2967 574 tiguras,
3020 503 3233 571 plenius
3279 504 3435 560 nobis
3470 520 3736 571 reserare,

2155 605 2210 649 et
2250 595 2548 662 perfectius
2579 593 2902 665 dignaretur
2930 598 3146 665 aperire
3177 612 3191 648 :
3222 595 3435 649 videres
3464 598 3740 665 quomodo

2155 689 2314 744 nobis
2351 689 2691 743 claresceret
2735 688 2892 755 cujus
2923 689 3265 756 potissimum
3298 704 3366 743 ex
3400 689 3739 757 spiritalibus

2156 780 2427 847 hostibus,
2466 780 2532 834 iis
2565 780 2658 848 qui
2693 792 2840 833 nunc
2869 778 3185 848 impugnaut
3217 774 3379 832 Israel
3410 774 3731 848 Spiritalem,

2154 874 2382 940 figuram
2424 871 2602 925 tenuit
2650 870 2755 925 iste
2791 870 3042 939 princeps
3068 872 3133 923 de
3170 869 3413 940 Mageda,
3455 882 3508 925 et
3548 872 3633 926 ille
3668 874 3735 927 de

2152 962 2369 1027 Lachis,
2409 972 2465 1016 et
2499 962 2586 1017 ille
2633 964 2702 1017 de
2735 960 2915 1017 Lebna
2957 982 2969 1016 :
3018 972 3112 1015 aut
3148 963 3302 1031 cujus
3341 964 3481 1016 intra
3537 972 3732 1017 temet-

2148 1056 2326 1126 ipsum
2359 1055 2498 1120 vitii,
2540 1055 2623 1110 vel
2672 1055 2879 1109 erroris
2918 1055 3116 1124 quibus
3166 1055 3346 1107 anima
3384 1055 3728 1123 implicatur,

2148 1146 2381 1200 farinam
2414 1153 2603 1201 tenent
2638 1147 2837 1217 singuli
2891 1145 3094 1215 quique
3151 1145 3345 1199 horum
3376 1184 3390 1207 ,
3436 1159 3572 1212 quos
3602 1143 3729 1200 Jesu

2146 1237 2286 1293 duce
2326 1237 2603 1293 interfecit
2639 1238 2878 1307 populus
2910 1237 3145 1302 Domini,
3186 1236 3219 1290 ii
3246 1236 3492 1290 videlicet
3517 1236 3610 1304 qui
3634 1251 3733 1290 au-

2144 1331 2306 1383 diunt
2340 1330 2596 1383 mandata
2627 1330 2769 1399 ejus,
2795 1340 2851 1385 et
2880 1339 3146 1399 prmeepta
3178 1327 3510 1391 cusmdiunt,
3535 1328 3730 1395 quibus

2146 1421 2259 1491 ipse
2298 1420 2489 1475 tribuit
2531 1420 2845 1476 facultatem
2876 1420 3125 1475 calcandi
3158 1436 3323 1489 super
3352 1427 3637 1488 serpentes
3672 1428 3731 1472 et

2143 1514 2484 1582 scorpiones,
2534 1523 2590 1568 et
2642 1530 2806 1585 super
2861 1528 3078 1568 omnem
3128 1522 3451 1581 potestatem
3494 1511 3723 1566 inimici.

2142 1606 2372 1661 Oremus
2402 1622 2537 1675 ergo
2565 1618 2625 1661 ut
2653 1616 2710 1661 et
2744 1607 2913 1662 nostri
2947 1608 3113 1675 pedes
3145 1606 3281 1659 tales
3306 1605 3437 1671 sint,
3468 1615 3574 1658 tam
3598 1620 3725 1669 spe—

2141 1700 2298 1761 ciosi,
2333 1708 2441 1752 tam
2473 1697 2663 1763 validi,
2716 1698 2807 1767 qui
2857 1699 3066 1767 possint
3098 1697 3310 1751 calcare
3347 1697 3585 1751 cervices
3618 1692 3726 1749 ini-

458 1790 843 1853 promittuntur
887 1800 1047 1854 regna
1084 1785 1366 1839 caelorum.
1417 1786 1523 1840 Sed
1559 1789 1671 1841 luec
1718 1804 1882 1856 regna
1932 1804 2036 1843 non
2072 1784 2112 1838 Β
2144 1791 2432 1853 micorum,
2470 1790 2561 1859 qui
2590 1790 2805 1860 possint
2842 1791 2913 1844 ita
2960 1800 3121 1859 caput
3168 1788 3380 1842 calcare
3411 1791 3682 1857 serpentis
3708 1828 3724 1851 ,

456 1884 583 1927 sunt
628 1889 817 1941 vacua,
874 1891 974 1930 nec
1029 1878 1231 1941 inania,
1270 1878 1472 1933 habent
1520 1880 1859 1934 habitatores
1911 1894 2037 1935 suos

454 1978 766 2035 peccatores
800 1980 854 2023 ct
893 1985 1123 2038 nequam
1158 1972 1403 2039 spiritus,
1429 1976 1653 2041 angelos
1695 1971 1929 2041 refugas.
1959 1971 2035 2026 lbi

455 2060 696 2113 habitant
726 2061 827 2124 illi,
847 2063 1134 2114 adversum
1166 2078 1304 2130 quos
1335 2073 1386 2115 te
1409 2064 1705 2130 apostolica
1739 2080 2036 2134 personans

454 2152 577 2204 tuba
612 2151 812 2204 Paulus
850 2155 1170 2205 cohortatur
1200 2154 1265 2208 ad
1297 2155 1564 2223 praelium,
1593 2166 1647 2209 et
1674 2157 1815 2210 sicut
1848 2156 1919 2211 ibi
1949 2156 2035 2210 di-

448 2242 606 2295 cebat
637 2242 748 2313 (27)
791 2242 969 2305 .lesus,
1009 2244 1133 2311 quia
1168 2245 1367 2299 bellum
1409 2248 1514 2301 erit
1557 2246 1711 2301 vobis
1747 2249 2031 2301 adversum

447 2334 794 2387 Amorrlneos
821 2344 876 2387 et
905 2334 1244 2403 Plierezzeos,
1282 2347 1335 2391 et
1370 2336 1581 2403 Evaaos,
1619 2350 1673 2394 et
1706 2337 1984 2396 Jebusaaos
2015 2354 2030 2391 :

447 2424 701 2478 similiter
739 2425 830 2479 tibi
866 2427 1027 2479 etiam
1059 2429 1147 2482 hic
1163 2427 1361 2481 Paulus
1383 2429 1886 2495 denuntiatdicens,
1914 2433 2032 2487 Non

447 2516 551 2567 erit
578 2515 727 2569 vobis
752 2532 927 2585 pugna
958 2518 1220 2573 adversus
1249 2534 1469 2573 carnem
1514 2530 1569 2574 et
1595 2522 1908 2589 sanguinem
1931 2522 1979 2553 ³⁸
2014 2563 2030 2587 ,

448 2607 501 2658 id
534 2617 617 2660 est
648 2625 751 2662 non
784 2611 865 2661 sic
902 2610 1260 2678 pugnahimus
1304 2612 1447 2666 sicut
1480 2624 1855 2683 pUguaveruut
1885 2614 2029 2668 anti-

446 2700 561 2766 qui,
597 2715 695 2753 nec
724 2700 773 2753 in
818 2702 981 2756 terris
1020 2702 1176 2757 nobis
1209 2704 1471 2759 adversus
1501 2706 1749 2759 homines
1782 2706 2031 2762 habenda

446 2800 573 2843 sunt
624 2791 829 2860 praelia,
862 2793 955 2846 sed
986 2792 1246 2849 adversus
1279 2796 1638 2866 principatus,
1680 2808 1735 2852 et
1769 2799 2032 2855 adversus

446 2892 766 2953 potestates,
804 2885 1067 2942 adversus
1100 2888 1284 2941 nmndi
1312 2888 1472 2958 hujus
1504 2900 1751 2945 rectores
1776 2892 2032 2946 tenebra-

447 2990 587 3028 rum.
614 2974 733 3029 Jam
772 2977 957 3047 utique
990 2978 1252 3050 intelligis
1281 2981 1333 3034 in
1365 2981 1565 3050 quibus
1611 2982 1744 3039 locis
1782 2982 2033 3053 hujusce-

446 3069 589 3121 modi
629 3069 738 3122 sint
769 3070 862 3123 tibi
903 3071 1166 3125 movenda
1200 3074 1525 3128 certamina.
1575 3075 1685 3129 Aut
1714 3076 1758 3129 si
1792 3076 1885 3131 tibi
1921 3092 2027 3133 non

2144 1891 2201 1935 ut
2258 1882 2575 1936 calcaneum
2634 1891 2874 1936 nostrum
2926 1882 3176 1935 mordere
3237 1897 3342 1933 non
3383 1881 3571 1949 possit.
3622 1877 3725 1945 Qui

2140 1971 2289 2026 enim
2342 1982 2548 2041 pugnat
2593 1971 2695 2026 sub
2727 1971 2853 2027 Jesu
2906 1975 3043 2026 duce
3100 1973 3384 2025 adversum
3416 1972 3726 2025 contrarias

2140 2073 2460 2135 potestates,
2503 2062 2665 2117 debet
2709 2063 2875 2117 etiam
2919 2063 3048 2117 illud
3096 2063 3418 2131 promereri,
3464 2062 3605 2132 quod
3657 2063 3725 2115 de

2142 2156 2417 2225 prioribus
2449 2154 2807 2210 bellatoribus
2840 2155 3103 2209 scribitur
3137 2169 3150 2207 :
3190 2175 3207 2206 ι
3243 2154 3308 2208 Ει
3341 2169 3590 2209 reversus
3614 2162 3724 2219 est,

2137 2248 2315 2316 inquit
2340 2249 2409 2311 5',
2444 2249 2731 2302 universus
2765 2250 2993 2316 p0pulus
3024 2248 3090 2299 ad
3141 2243 3327 2300 Jesum
3384 2246 3674 2300 incolumis
3706 2282 3723 2310 ,

2136 2351 2191 2395 et
2232 2355 2336 2395 non
2376 2338 2595 2393 mutivit
2638 2338 2926 2407 quisquam
2980 2338 3045 2391 de
3088 2338 3214 2391 liliis
3261 2335 3422 2391 Israel
3458 2338 3509 2390 in
3540 2337 3720 2406 lingua

2143 2450 2264 2488 sua.
2301 2452 2320 2485 ι
2360 2430 2525 2487 Vides
2560 2448 2689 2500 ergo
2721 2432 2848 2500 quia
2894 2432 2985 2499 qui
3024 2431 3124 2483 sub
3154 2430 3281 2485 Jcsu
3318 2432 3533 2494 militat,
3574 2433 3723 2485 inco-

2135 2524 2301 2578 lumis
2328 2523 2489 2577 debet
2524 2524 2703 2576 redire
2732 2524 2799 2575 de
2832 2523 3039 2591 prtelio,
3076 2537 3174 2576 nec
3206 2538 3432 2590 usquam
3464 2524 3622 2576 debet
3652 2538 3718 2576 ex

2128 2617 2326 2686 jaculis
2353 2616 2576 2686 maligni
2608 2616 2796 2684 ignitis
2819 2612 3016 2667 vulnus
3040 2614 3313 2682 accipere,
3340 2628 3445 2667 non
3478 2614 3529 2666 iu
3551 2614 3721 2668 corde

2136 2707 2325 2779 pollui,
2360 2724 2464 2761 non
2494 2709 2546 2759 in
2584 2707 2918 2776 cogitatione
2947 2704 3239 2767 maculari,
3279 2719 3383 2757 non
3423 2719 3521 2772 per
3556 2705 3720 2769 iram,

2137 2817 2244 2855 non
2273 2816 2371 2869 per
2405 2799 2794 2867 cupiditatem,
2831 2813 2936 2851 non
2968 2811 3065 2864 per
3106 2795 3269 2850 aliam
3296 2793 3594 2864 qtﬂmlibet
3621 2811 3718 2851 oc-

2135 2892 2410 2947 casionem
2442 2890 2796 2945 daemoniacis
2839 2889 2952 2959 (50)
3003 2887 3321 2941 vulneribus
3357 2888 3536 2941 locum
3566 2890 3715 2942 dare.

2135 2984 2289 3050 Quod
2347 2993 2528 3037 autem
2581 2982 2791 3037 additu
2822 2980 2959 3051 (5i),
3001 2980 3126 3049 quia
3181 2980 3358 3034 nullus
3405 2978 3621 3033 mutivit
3666 2979 3721 3034 iu

2136 3074 2318 3145 lingua
2350 3089 2469 3137 sua,
2499 3073 2603 3128 hoc
2632 3072 2763 3126 mihi
2794 3073 3014 3127 videtur
3042 3072 3277 3139 ostendi,
3306 3072 3431 3141 quia
3461 3073 3525 3127 de
3548 3072 3722 3128 victo-

445 3162 640 3216 sullicit
672 3162 996 3230 intellectus,
1027 3165 1130 3219 nisi
1158 3167 1322 3220 etiam
1352 3168 1468 3222 loca
1496 3169 1611 3238 ipsa
1653 3169 1766 3240 (28)
1796 3170 2028 3227 manife-

2139 3167 2217 3220 ria
2256 3181 2416 3220 nemo
2470 3180 2530 3219 se
2556 3165 2789 3235 jactavit
2834 3164 2972 3235 (32),
3018 3179 3180 3219 nemo
3217 3180 3328 3219 sua:
3378 3165 3565 3219 virtuti
3592 3165 3719 3235 quia

442 3264 525 3306 sta
555 3255 647 3309 tibi
690 3271 822 3312 voce
847 3259 1162 3327 signentur,
1188 3261 1317 3314 audi
1352 3263 1403 3315 in
1446 3266 1912 3332 consequentibus
1936 3265 1981 3298 "
2011 3283 2025 3319 :

447 3365 465 3396 ι
504 3348 803 3403 Adversum
845 3351 1132 3417 spiritalia,
1164 3353 1340 3422 inquit
1371 3354 1505 3425 (29),
1547 3340 1881 3424 ιιθίιιιίιὶειίίη
1916 3373 2029 3413 οω-

442 3437 689 3494 lestibus.
736 3460 754 3492 ι
800 3441 1011 3497 Audisti
1051 3444 1143 3511 qui
1176 3443 1287 3497 sint
1321 3445 1423 3507 illi,
1453 3446 1542 3513 qui
1579 3446 1673 3500 tibi
1712 3447 1852 3501 bello
1892 3460 1947 3502 et
1977 3450 2024 3502 vi

441 3532 511 3585 de
534 3532 852 3587 cmlestibus
876 3535 1181 3602 eXpellcndi
1224 3546 1374 3601 sunt,
1410 3546 1466 3588 ut
1492 3547 1543 3588 tu
1576 3537 1755 3603 possis
1785 3538 1900 3591 loca
1939 3538 2029 3591 illa

440 3626 590 3693 regni
642 3626 901 3680 ccelormn
950 3627 1279 3681 luereditatis
1308 3638 1453 3681 sorte
1484 3629 1788 3695 suscipere.
1833 3629 1939 3683 Sed
1971 3640 2029 3683 et

444 3718 705 3771 Dominus
737 3719 789 3772 in
829 3719 1123 3789 Evangelio
1158 3735 1335 3774 nonne
1356 3720 1638 3773 evidenter
1673 3720 1787 3774 haec
1823 3721 2028 3775 indicat

440 3824 566 3863 cum
596 3811 725 3865 dicit
751 3811 796 3842 ⁵⁰
828 3827 842 3864 :
874 3830 892 3864 ι
941 3812 985 3865 Α
1027 3812 1216 3866 diebus
1239 3810 1463 3866 Joannis
1500 3828 1725 3882 regnum
1762 3812 2026 3869 caelorum

440 3902 549 3954 vim
582 3903 806 3970 patitur,
826 3915 879 3958 et
910 3902 1014 3957 vim
1050 3903 1310 3958 facientes
1338 3905 1595 3971 diripiunt
1630 3907 1797 3963 illud?
1829 3928 1847 3959 ›

510 3993 565 4045 2.
604 3994 744 4059 Quid
794 4009 924 4066 ergo
954 4011 1163 4061 cessas,
1215 4011 1249 4049 o
1280 3997 1553 4063 hazretice,
1588 3999 1752 4052 etiam
1799 3996 2027 4055 Domino

440 4096 496 4138 et
528 4086 797 4141 Salvatori
830 4098 1020 4141 nostro
1048 4087 1379 4142 calumniam
1427 4088 1629 4155 facere,
1656 4092 1747 4161 qui
1799 4107 2027 4160 regnum

439 4176 727 4240 cmlorum,
781 4178 922 4245 quod
955 4178 1299 4233 credentibus
1350 4179 1403 4232 in
1440 4194 1498 4233 se
1534 4181 1891 4248 promiserat,
1933 4198 2030 4251 per

440 4271 548 4322 vim
584 4269 742 4339 diripi
790 4268 982 4335 jubet?
1015 4272 1080 4325 Et
1127 4271 1315 4339 utique
1362 4272 1404 4326 si
1444 4273 1750 4328 adhibenda
1783 4275 1866 4329 vis
1918 4285 2027 4341 est,

440 4369 650 4413 certum
689 4370 773 4416 est
803 4362 948 4431 quod
977 4362 1383 4431 possidentibus
1419 4365 1726 4419 adhibenda
1752 4375 1855 4420 est.
1908 4363 2026 4418 Vim

438 4452 585 4506 enim
636 4454 835 4519 facere,
895 4456 997 4510 hoc
1027 4466 1113 4511 est
1153 4456 1426 4524 expellere
1479 4458 1867 4525 possidentem,
1899 4472 2027 4526 pos-

2132 3257 2414 3325 superavit
2442 3256 2694 3325 ascripsit
2723 3254 2834 3326 (33)
2868 3270 2882 3308 :
2909 3258 3005 3310 sed
3034 3257 3270 3310 scientes
3293 3257 3419 3324 quia
3450 3256 3607 3309 Jesus
3633 3267 3720 3310 est

2133 3347 2225 3417 qui
2264 3347 2551 3401 victoriam
2586 3345 2795 3411 tribuit,
2832 3345 2930 3413 ipsi
2978 3345 3028 3397 in
3066 3343 3251 3415 lingua
3297 3361 3390 3398 sua
3434 3361 3540 3398 non
3598 3360 3717 3397 mu-

2137 3442 2299 3495 tiunt.
2345 3439 2498 3505 Quod
2539 3439 2676 3493 bene
2720 3437 3037 3505 intelligens
3066 3437 3356 3506 Apostolus
3395 3438 3717 3493 dicebat":

2138 3550 2155 3581 ι
2190 3531 2306 3585 Νοιι
2335 3539 2515 3584 autem
2545 3544 2671 3599 ego,
2709 3529 2804 3582 sed
2844 3529 3018 3598 gratia
3051 3529 3181 3592 Dei,
3209 3544 3330 3597 qua:
3363 3529 3414 3581 in
3447 3545 3531 3583 me
3562 3541 3662 3584 est.
3694 3550 3714 3583 ι

2130 3623 2269 3678 Ρυιο
2320 3632 2500 3677 autem
2533 3622 2662 3690 quia
2700 3622 2767 3674 ad
2800 3621 2903 3674 hoc
2940 3620 3165 3687 respicit
3212 3630 3267 3674 et
3322 3620 3452 3673 illud
3500 3621 3715 3676 Domini

2132 3716 2449 3769 mandatum
2489 3714 2632 3782 quod
2663 3714 2739 3765 ait
2772 3712 2819 3744 ⁸³
2847 3735 2858 3767 :
2892 3732 2909 3763 ι
2947 3711 3080 3767 Cum
3115 3722 3295 3766 autem
3330 3714 3575 3769 feceritis
3601 3730 3719 3769 om-

2132 3810 2219 3862 nia
2258 3808 2391 3871 hzec,
2442 3807 2609 3859 dicite
2641 3806 2766 3874 quia
2826 3805 2969 3858 servi
3030 3804 3249 3860 inutiles
3298 3823 3487 3861 sumus
3520 3826 3533 3861 :
3571 3808 3717 3878 quod

2131 3899 2418 3953 debuimus
2454 3897 2658 3963 facere,
2691 3895 2936 3950 fecimus.
2974 3914 2992 3946 ι
3022 3893 3088 3949 Ει
3133 3897 3185 3951 in
3228 3898 3330 3951 hoc
3369 3899 3515 3951 enim
3553 3898 3719 3953 simili

2136 3994 2298 4047 modo
2337 4007 2519 4046 rerum
2552 3998 2814 4061 prospere
2844 3998 3120 4058 gestarum
3172 3989 3387 4043 videtur
3426 3990 3720 4059 prohibere

2125 4080 2468 4149 jactantiam.

2201 4174 2254 4227 5.
2291 4173 2398 4227 Sed
2442 4172 2702 4240 Marcion,
2744 4183 2798 4225 et
2836 4170 3176 4234 Valentinus,
3202 4180 3255 4225 et
3293 4170 3581 4237 Basilides,
3608 4188 3717 4226 ca:-

2133 4266 2344 4334 terique
2392 4280 2516 4319 cum
2556 4265 2687 4334 ipsis
2727 4264 2990 4329 haeretici,
3027 4264 3153 4317 dum
3203 4264 3317 4317 haec
3346 4264 3533 4318 nolunt
3576 4264 3717 4319 sicut

2129 4368 2324 4413 sancto
2346 4358 2551 4425 Spiritu
2579 4357 2801 4426 dignum
2825 4365 2908 4411 est
2935 4355 3262 4426 intelligere,
3295 4356 3717 4410 declinaverunt

2132 4466 2161 4502 a
2198 4450 2325 4512 lide,
2360 4457 2415 4501 et
2462 4449 2812 4503 inseruerunt
2846 4463 2903 4502 se
2946 4448 3323 4516 impietatibus
3356 4447 3539 4501 multis
3574 4449 3713 4517 (54),

438 4544 852 4615 sessiouetnque
909 4546 1164 4615 diripere.
1239 4547 1411 4601 Dicite
1468 4563 1622 4617 ergo,
1684 4549 1810 4617 quid
1876 4547 2023 4601 aliud
2057 4510 2105 4569 ο
2134 4541 2328 4605 alium,
2356 4541 2525 4595 Deum
2559 4542 2715 4611 legis,
2751 4549 2808 4594 et
2843 4538 3027 4593 mundi
3059 4552 3362 4593 creatorem
3387 4555 3451 4593 ac
3477 4539 3713 4607 judicem

437 4645 523 4689 est
583 4638 729 4704 quod
792 4638 1062 4693 accusatis
1129 4639 1324 4694 fecisse
1388 4639 1570 4693 Jesutu
1650 4655 2021 4695 successorem

438 4727 654 4784 Mosei?
686 4730 863 4799 Atque
920 4730 1127 4784 utinam
1196 4731 1343 4801 digiti
1398 4747 1643 4787 essemus
1684 4733 1883 4801 quibus
1920 4734 2022 4788 Do-

438 4824 619 4878 minus
640 4821 800 4877 Jesus
828 4822 1107 4890 sapientia:
1133 4836 1243 4877 sum
1272 4826 1448 4875 aulam
1490 4826 1819 4891 panderetet
1848 4825 2022 4878 intro-

437 4915 663 4968 duceret
697 4930 794 4969 nos
824 4914 962 4967 intra
990 4915 1273 4971 thesauros
1303 4918 1547 4971 scientia:
1584 4914 1719 4979 suae,
1746 4927 1802 4970 et
1835 4932 1897 4971 ea
1953 4918 2019 4971 de

435 5004 601 5077 5.27
638 5006 835 5075 quibus
882 5021 1026 5061 nunc
1076 5008 1405 5076 pedetentim
1464 5024 1727 5063 conamur
1762 5018 2020 5077 tanquam

508 5100 558 5131 “
595 5099 796 5170 Ephes.
831 5116 900 5162 vt,
935 5100 1022 5156 12.
1100 5102 1143 5133 ⁸⁷
1174 5102 1346 5157 Levit.
1376 5120 1468 5157 xx.

440 5168 570 5225 Cor.
604 5168 691 5237 xv,
725 5171 811 5226 10.
888 5173 935 5204 ⁸³
966 5172 1101 5231 Luc.
1132 5188 1267 5231 xvii.
1315 5172 1403 5229 10.

511 5264 836 5338 (26)(Ξοάθι
864 5265 1153 5338 Sangerm.
1200 5287 1221 5321 ι
1266 5280 1501 5324 terrena.
1539 5291 1557 5323 ι

512 5336 626 5409 (2ἶ)
663 5337 829 5409 idem,
858 5355 889 5409 fc
921 5336 1143 5394 et'sicut
1170 5356 1265 5409 per
1298 5342 1479 5394 tubam
1519 5342 1754 5395 dicebat.
1786 5360 1805 5393 ι

514 5406 629 5477 (28)
654 5408 803 5474 Ipsa,
838 5408 990 5464 deest
1026 5411 1080 5464 in
1116 5406 1271 5465 libris
1296 5412 1475 5479 editis,
1506 5413 1599 5467 sed
1623 5422 1804 5467 exstat
1833 5412 1885 5465 iu
1921 5430 2024 5469 ms.

442 5476 733 5544 Sangerm.

514 5520 856 5616 (ἦῆ-δάμη,
907 5549 1063 5605 deest
1097 5551 1261 5606 etiam
1311 5553 1364 5605 in
1413 5551 1564 5606 libris
1603 5552 1787 5615 editis,
1838 5568 2025 5607 verum

441 5626 623 5692 exstat
657 5618 707 5669 in
736 5620 1152 5692 msLSangerm.
1174 5621 1339 5675 Paulo
1364 5630 1486 5692 post
1506 5637 1696 5692 omnes
1722 5638 1852 5677 mss.
1882 5636 2029 5678 recte

448 5688 667 5748 habent,
704 5706 721 5737 ι
762 5688 902 5742 bello
926 5688 1061 5745 ct’vi
1090 5694 1153 5748 de
1189 5688 1523 5751 cmlestibus.
1561 5712 1581 5745 ι
1632 5690 1689 5749 In
1715 5692 1844 5749 libb.
1871 5694 2029 5751 editis

444 5756 807 5823 desideratur,
841 5776 859 5810 ι
891 5760 961 5813 vi.
1000 5780 1017 5812 ι
1614 5764 1617 5767 ⁴

1544 5103 1588 5135 ⁸⁸
1619 5102 1819 5173 Ephes.
1863 5120 1915 5159 vt
1980 5104 2069 5159 12.

2132 4631 2495 4701 profercutcs,
2526 4634 2670 4687 velut
2704 4647 2799 4701 per
2835 4632 2950 4685 hrcc
2996 4646 3116 4700 qua:
3146 4632 3349 4700 scripta
3383 4641 3544 4696 sunt,
3591 4647 3717 4685 cru-

2107 4717 2410 4780 'delitatem
2452 4728 2742 4795 quamdam
2775 4725 3095 4790 docentem,
3152 4724 3296 4791 quod
3347 4725 3559 4778 calcare
3621 4725 3715 4777 ho-

2134 4821 2302 4876 stium
2354 4822 2595 4875 cervices
2620 4820 2900 4887 jubentur,
2922 4828 3084 4886 atque
3118 4819 3171 4871 in
3204 4818 3351 4887 ligno
3382 4819 3714 4885 suspendere

2134 4926 2291 4981 reges
2333 4921 2491 4965 terra:
2534 4912 2698 4978 illius,
2733 4926 2895 4979 quam
2928 4908 3200 4963 violenter
3226 4912 3506 4963 invadunt.
3534 4911 3715 4979 Atque

2136 5008 2339 5061 utinam
2386 5006 2650 5060 Dominus
2685 5022 2837 5060 meus
2867 5005 3029 5061 Jesus
3064 5004 3235 5060 Filius
3282 5006 3373 5059 Dei
3411 5007 3541 5060 mihi
3570 5006 3712 5061 istud

2150 5102 2195 5136 δ’
2244 5104 2378 5159 ibid.
2491 5104 2535 5135 ⁸ο
2567 5105 2873 5173 Maltinat,
2913 5104 3001 5157 12.
3106 5102 3148 5133 ⁸⁸
3196 5100 3309 5154 Jos.
3349 5118 3402 5163 κ,
3440 5102 3530 5157 21.
3610 5098 3656 5130 ³³
3690 5100 3711 5155 Ι

2211 5269 2322 5339 (50)
2354 5270 2535 5325 Codex
2570 5270 2881 5338 Saugerm.,
2920 5288 2938 5320 ι
2972 5270 3306 5323 σιίιιιιιοηίρὶε.
3333 5289 3352 5321 ι

2222 5342 2309 5409 51)
2340 5342 2506 5406 Idem,
2542 5359 2559 5391 ι
2587 5343 2755 5393 addit.
2782 5361 2799 5392 ι

2222 5347 2309 5409 51)
2340 5347 2506 5406 Idem,
2542 5359 2559 5391 ι
2587 5347 2755 5393 addit.
2782 5361 2799 5392 ι

2199 5347 2310 5482 (52)
2342 5413 2543 5467 Omnes
2576 5427 2734 5475 tnss.,
2776 5430 2794 5461 ι
2831 5410 3082 5478 jactavit.
3123 5430 3141 5460 ι
3182 5409 3336 5463 Libb.
3385 5408 3547 5471 editi,
3583 5408 3710 5477 «jn-

2127 5492 2563 5635 ti‘ii’iﬁjpmnes
2608 5568 2782 5617 niss.,
2843 5570 2862 5603 ι
2909 5552 3186 5623 ascripsit.
3244 5568 3263 5601 ι
3320 5548 3478 5603 Libb.
3537 5545 3706 5614 editi,

2134 5642 2152 5675 α
2177 5624 2423 5677 ascribit.
2458 5642 2476 5673 ι

2200 5694 2311 5766 (54)
2342 5694 2526 5750 Codex
2559 5694 2873 5765 Sangcrm.,
2917 5714 2935 5748 ς
2960 5693 3240 5751 doloribus
3274 5689 3475 5745 multis.
3507 5707 3525 5741 ι
