4146 6404
396 343 500 402 889

1358 349 1425 404 IN
1467 350 1728 406 LIBRUM
1769 351 1933 407 JESU
1978 352 2163 407 NAVE
2208 352 2490 407 IIOMIIJA
2529 351 2660 406 XIII.

3572 352 3675 410 890

396 470 704 537 comedat,
740 480 797 525 et
838 471 1029 539 juheat
1065 485 1151 525 me
1207 473 1434 540 pedibus
1496 475 1631 527 meis
1665 476 1987 528 conculcare
2017 481 2060 535 Α
2092 476 2337 545 singulas
2379 490 2626 543 quasque
2670 472 2957 535 civitates,
3002 488 3148 528 ttunc
3197 475 3247 527 in
3302 474 3531 529 veritate
3580 490 3675 544 per

398 557 657 625 spiritum
708 561 1112 627 fornicationis,
1149 574 1202 618 et
1259 567 1477 618 calcare
1534 582 1700 635 super
1740 572 1986 622 cervices

399 649 627 716 Spiritus
663 650 958 706 iracundiae
985 661 1038 705 et
1068 653 1288 719 furoris,
1332 656 1549 709 calcare
1597 659 1843 711 avaritiae
1880 662 1986 712 da:-

400 754 637 804 tnonent,
664 743 879 796 calcare
922 745 1271 813 jactantiam,
1314 760 1604 803 conterere
1634 751 1859 818 pedibus
1890 767 1983 803 su-

398 832 599 899 perbiae
625 833 876 900 spiritum
908 854 920 888 :
957 848 1011 890 et
1048 853 1171 891 cum
1217 841 1331 893 haec
1378 839 1578 904 fecero,
1623 842 1805 909 operis
1846 844 1980 911 gesti

397 937 687 987 summam,
723 944 830 980 non
877 930 1033 994 ntibi,
1070 932 1164 985 sed
1208 938 1354 988 cruci
1395 934 1512 1001 ejus
1542 936 1872 1004 appendere,
1905 952 1987 991 se-

395 1015 581 1080 quenti
614 1014 841 1070 Paulum
890 1020 1161 1074 dicentem
1196 1021 1265 1085 5",
1296 1025 1421 1093 quia
1455 1041 1549 1092 per
1586 1028 1760 1094 ipsum
1802 1044 1818 1076 ι
1850 1028 1979 1081 inihi

394 1108 630 1161 mundus
668 1110 970 1165 crucifixus
1008 1123 1123 1176 est,
1160 1132 1179 1165 ι
1230 1127 1282 1167 ει
1316 1132 1377 1168 ea
1419 1132 1540 1184 quae
1574 1117 1686 1183 jam
1731 1119 1983 1186 superius

392 1202 818 1255 memoravimus
858 1205 1002 1270 quod
1046 1206 1189 1257 ait"
1217 1224 1229 1258 :
1262 1224 1279 1256 ι
1307 1206 1421 1260 Νοιι
1469 1220 1650 1262 autem
1694 1225 1795 1279 ego
1821 1250 1835 1272 ,
1885 1211 1979 1264 sed

390 1294 569 1359 gratia
601 1292 719 1357 Dei,
753 1309 874 1362 qua:
903 1297 955 1348 in
985 1311 1069 1350 me
1104 1307 1205 1352 est.
1245 1317 1263 1350 ι
1299 1299 1453 1367 Quod
1483 1304 1527 1356 si
1558 1303 1627 1356 ita
1658 1304 1840 1358 facere
1870 1320 1983 1358 me-

392 1396 576 1450 ruero,
612 1385 804 1438 beatus
827 1400 943 1449 ero,
971 1396 1025 1440 et
1058 1389 1275 1443 dicetur
1298 1392 1464 1445 etiam
1492 1393 1648 1457 mihi,
1682 1394 1825 1462 quod
1850 1394 1982 1448 dicit

392 1476 633 1544 antiquis
652 1475 810 1532 Jesus
836 1479 881 1509 ⁵⁸
909 1496 923 1531 ;
961 1497 980 1529 ι
1023 1479 1270 1536 Viriliter
1298 1485 1465 1553 agite.
1492 1494 1546 1538 et
1569 1484 1978 1552 confortamini,

392 1583 502 1621 non
540 1565 777 1623 linteatis
802 1611 817 1635 ,
853 1587 952 1625 nec
988 1576 1286 1629 vereamini
1331 1593 1359 1629 a
1404 1575 1544 1632 facie
1576 1593 1764 1632 eorum
1791 1620 1805 1642 ,
1849 1582 1979 1647 quia

390 1658 653 1715 Dominus
681 1661 823 1717 Deus
855 1665 1077 1718 tradidit
1097 1667 1255 1722 vobis
1272 1685 1463 1724 omnes
1489 1670 1739 1725 inimicus
1768 1682 1979 1727 vestros

388 1751 443 1806 in
474 1769 686 1809 manus.
718 1773 738 1806 ι
773 1755 899 1811 ΙΙίεε
931 1758 973 1810 si
1008 1759 1330 1827 spiritaliter
1362 1762 1751 1833 intelligamus,
1787 1776 1843 1819 et
1875 1767 1977 1818 lut-

381 1843 687 1914 juscemodi
736 1848 877 1901 bella
905 1850 1225 1917 spiritaliter
1253 1869 1630 1922 procuremus,
1658 1868 1713 1909 et
1741 1859 1977 1927 expella-

392 1948 513 1988 tuus
536 1937 717 1990 omnia
745 1938 832 1991 illa
856 1941 1120 2009 spiritalia
1152 1946 1409 2011 nequitia:
1451 1947 1515 1999 de
1548 1947 1881 2012 cmlestibus,
1906 1950 1977 2005 ita

388 2027 603 2080 demum
630 2032 929 2097 poterimus
956 2035 1120 2087 etiam
1150 2035 1265 2089 loca
1298 2047 1352 2089 et
1381 2054 1545 2107 regna
1576 2040 1817 2107 ipsorum
1856 2059 1976 2110 qua:

386 2130 517 2174 ειιῐιι
544 2122 805 2177 εωΙοιιιιιι
843 2141 1007 2195 regna
1057 2125 1173 2197 (35)
1205 2130 1272 2182 ab
1300 2129 1426 2184 Jesu
1461 2132 1793 2187 haereditatis
1827 2146 1975 2189 sorte

386 2211 693 2279 suscipere,
741 2227 1040 2279 praestante
1093 2216 1327 2275 Domino
1366 2231 1423 2275 ει
1471 2222 1756 2278 Salvatnre
1786 2235 1975 2278 nostro

382 2296 514 2353 .Iesu
548 2300 788 2366 Christo,
823 2305 910 2359 cui
963 2316 1047 2360 est
1094 2309 1269 2378 gloria
1316 2322 1371 2365 et
1416 2313 1705 2382 imperiunt
1753 2315 1867 2387 (56)
1917 2316 1972 2371 in

383 2393 581 2446 szecula
618 2398 966 2452 saeculorum.
1007 2400 1201 2454 Amen.

950 2507 1234 2566 IIOMILIA
1274 2512 1411 2567 XIII.

382 2593 462 2649 De
492 2596 701 2665 Lac/tis,
732 2610 783 2655 et
816 2601 1017 2665 Lebna,
1057 2613 1112 2676 et
1132 2610 1196 2676 ge
1226 2603 1465 2676 Chebron
1488 2605 1813 2672 civitatibus,
1840 2624 1974 2676 quas

792 2686 1038 2739 ceperunt
1077 2674 1187 2744 (57)
1219 2675 1323 2741 ﬁlii
1365 2673 1554 2729 Israel.

459 2761 509 2814 I.
544 2778 563 2811 ι
594 2759 950 2839 Ηωεαιιιιιίίι,
982 2782 1104 2834 qua:
1135 2766 1439 2836 figuraliter
1486 2768 1807 2823 accidebant
1841 2767 1968 2837 illis,

388 2852 591 2921 scripta
622 2863 750 2908 sunt
776 2866 955 2909 autem
994 2868 1216 2926 propter
1249 2875 1346 2913 nos
1384 2860 1436 2913 iu
1462 2872 1600 2928 Quos
1636 2861 1771 2915 fines
1799 2877 1971 2915 εξεειι-

380 2942 555 2997 lorutn
592 2946 702 3016 ('58)
737 2948 1074 3002 devenerunt
1097 2951 1164 3003 ³⁷.
1208 2971 1225 3002 ι
1259 2950 1394 3004 Ctnn
1426 2952 1555 3020 legit
1582 2953 1624 3006 is
1651 2954 1740 3021 qui
1775 2953 1825 3005 in
1852 2970 1969 3006 nta-

382 3036 582 3090 nifesto
613 3036 830 3093 Judazus
870 3052 993 3106 est,
1048 3052 1103 3095 et
1160 3043 1250 3111 qui
1310 3044 1655 3099 manifestam
1710 3045 1873 3100 habet
1915 3047 1967 3102 in

2089 568 2336 635 singulas
2387 582 2634 635 quasque
2682 564 2892 618 animas
2928 565 3273 620 credentium
3306 568 3579 636 complet:
3612 575 3674 622 ut

2089 674 2209 725 qua:
2238 656 2406 729 428
2437 658 2855 726 possidebantur
2883 672 2912 711 a
2956 659 3113 712 malis
3149 670 3203 714 et
3237 660 3489 728 pessimis
3530 659 3673 728 regi-

2089 751 2187 803 bus
2232 751 2533 804 secundum
2575 751 2874 820 principem
2907 754 3051 807 aeris
3085 754 3271 806 mundi
3320 754 3501 822 hujus,
3555 751 3669 819 spi-

2092 840 2225 894 ritus
2257 841 2348 908 qui
2392 857 2535 895 nuuc
2577 853 2840 911 operatur
2889 844 2940 897 in
3001 844 3143 898 ﬁlios
3197 842 3524 907 difﬁdentiae,
3579 858 3668 899 ex—

2087 931 2255 998 pulsis
2284 931 2348 986 iis
2380 942 2434 985 ει
2471 935 2769 1003 peremptis
2794 975 2809 998 ,
2844 934 3024 989 facere
3058 950 3150 988 eas
3176 936 3428 1003 dignetur
3456 935 3667 989 habita-

2086 1026 2271 1074 culum
2311 1021 2407 1076 Dei
2436 1022 2549 1094 (59)
2582 1062 2598 1088 ,
2652 1034 2707 1078 ει
2754 1027 2929 1079 sancti
2974 1026 3211 1094 Spiritus
3256 1028 3558 1096 templum:
3608 1036 3669 1081 ut

2087 1111 2330 1164 membra
2373 1127 2493 1179 quae
2524 1114 2834 1167 servierant
2873 1114 2973 1168 sub
3011 1130 3141 1182 rege
3173 1115 3358 1182 iniquo
3397 1112 3670 1181 iniquitati

2085 1204 2149 1255 ad
2190 1203 2619 1269 immunditiam,
2646 1222 2789 1259 nunc
2832 1207 3073 1259 serviant
3113 1205 3339 1272 justitia:
3368 1206 3433 1258 ad
3465 1204 3670 1258 sancti—

2085 1294 2417 1349 ficationem.
2462 1296 2553 1351 Sic
2587 1312 2713 1366 ergo
2744 1298 2986 1367 iuteilige
3029 1300 3177 1366 quod
3209 1295 3487 1350 interfecit
3510 1292 3672 1351 Iesus

2086 1401 2264 1455 regem
2290 1385 2537 1453 Iericho,
2592 1399 2647 1443 et
2704 1405 2885 1459 regem
2922 1389 3044 1452 Ilai,
3071 1399 3122 1441 et
3162 1403 3339 1458 regem
3371 1386 3576 1450 Lebna,
3613 1392 3672 1441 et

2085 1492 2265 1545 regem
2298 1478 2520 1543 Lachis,
2572 1490 2627 1534 et
2672 1497 2853 1550 regem
2888 1482 3165 1547 Chebron,
3209 1492 3268 1533 ut
3316 1482 3430 1534 ista:
3480 1493 3670 1534 omnes

2083 1567 2281 1622 anima:
2326 1584 2451 1638 quae
2485 1578 2611 1624 ante
2639 1571 2741 1625 sub
2781 1574 2995 1639 regibus
3040 1574 3292 1642 pessimis
3315 1571 3426 1642 (40)
3460 1570 3669 1641 peccati

2082 1657 2254 1727 legent
2288 1661 2572 1726 colebant,
2604 1680 2749 1718 nunc
2780 1665 2883 1718 sub
2917 1664 3007 1717 Dei
3042 1665 3250 1732 legibus
3280 1673 3467 1734 agant.

2153 1755 2187 1805 ‘2
2244 1754 2350 1808 Sed
2384 1763 2436 1807 et
2462 1756 2526 1809 de
2550 1757 2682 1824 ipsis
2711 1757 3253 1826 interpretationibus
3291 1757 3595 1819 nominum,
3622 1756 3666 1810 si

2082 1847 2355 1899 curiosius
2403 1862 2467 1900 ac
2513 1846 2827 1916 diligentius
2872 1859 3310 1918 perscrutemur,
3358 1849 3671 1901 invenietur

2081 1937 2411 2007 significatio
2439 1937 2550 2008 (4i)
2578 1940 2858 1992 nominum
2891 1957 3035 1995 nunc
3060 1941 3124 1993 ad
3162 1942 3287 1993 ntali
3318 1941 3489 2009 regni,
3525 1955 3668 1994 nunc

2080 2031 2245 2083 etiam
2274 2030 2340 2081 ad
2370 2029 2498 2082 boni
2534 2031 2948 2099 intelligentiam
2976 2047 3131 2101 posse
3158 2032 3418 2086 conferri.
3450 2030 3512 2086 Ut
3537 2042 3667 2099 puta

2080 2120 2265 2175 Lebna
2294 2122 2493 2175 candor
2526 2123 2920 2192 interpretatur
2942 2124 3081 2193 (42).
3130 2123 3347 2177 Candor
3378 2132 3555 2175 autem
3587 2124 3667 2176 di-

2079 2227 2239 2268 verse
2286 2214 2633 2283 iutelligitur.
2681 2215 2778 2268 Est
2814 2215 2959 2268 enim
3009 2218 3216 2268 candor
3254 2223 3445 2283 teprze,
3479 2224 3563 2268 est
3612 2224 3668 2268 ει

2077 2306 2288 2359 candor
2309 2304 2465 2358 lucis.
2484 2304 2747 2359 Possibile
2770 2319 2899 2373 ergo
2926 2314 3011 2358 est
3035 2306 3201 2359 etiam
3228 2306 3463 2359 nominis
3499 2306 3670 2374 ipsius

2079 2398 2562 2466 interpretatione,
2601 2398 2885 2465 utriusque
2935 2407 3111 2451 status
3161 2396 3497 2451 differentias
3528 2399 3669 2452 indi-

2075 2493 2211 2555 cari,
2256 2498 2313 2543 ut
2358 2491 2657 2543 candorem
2705 2489 2927 2557 quidem
2984 2488 3147 2556 lepra:
3188 2489 3438 2543 habuerit
3481 2489 3665 2546 Lebna

2075 2582 2176 2635 sub
2216 2581 2433 2650 regibus
2462 2580 2620 2633 malis
2659 2601 2670 2634 :
2711 2596 2820 2649 quo
2871 2581 3151 2633 destructo
3210 2590 3372 2648 atque
3431 2596 3622 2634 everso
3647 2623 3663 2649 ,

2074 2688 2196 2725 cum
2234 2674 2302 2726 ad
2338 2671 2700 2725 lsraeliticutn
2732 2686 2955 2739 regnum
2988 2671 3234 2739 pervenit
3273 2670 3457 2725 Lebna
3483 2712 3497 2735 ,
3532 2687 3666 2725 can-

2074 2765 2263 2819 dorem
2300 2766 2437 2821 lucis
2471 2765 2771 2834 acceperit,
2806 2765 2933 2833 quia
2959 2767 3164 2818 candor
3196 2764 3247 2816 iu
3279 2765 3583 2833 Scripturis
3612 2774 3668 2818 et

2075 2858 2364 2913 laudabilis
2396 2869 2453 2912 et
2482 2858 2773 2925 culpabilis
2806 2857 3043 2925 ponitur.
3097 2856 3162 2910 Et
3208 2857 3402 2909 iterum
3468 2857 3667 2911 Lacltis

2076 2952 2466 3021 interpretatur
2504 2954 2607 3004 iter
2650 2949 2785 3022 (4⁸5).
2822 2951 2926 3002 Iter
2960 2960 3143 3004 autem
3189 2958 3244 3003 et
3292 2949 3562 3003 laudabile
3608 2959 3665 3002 et

2073 3042 2345 3112 culpabile
2378 3044 2429 3095 itt
2466 3042 2768 3110 Scripturis
2819 3040 3068 3093 habetur.
3121 3040 3273 3105 Quod
3311 3041 3525 3093 difficile
3556 3057 3662 3094 non

380 3141 552 3181 carne
584 3128 1086 3195 circumcisionem,
1124 3136 1372 3188 nesciens
1401 3136 1530 3203 quid
1560 3136 1628 3190 sit
1666 3136 1719 3189 in
1754 3138 1968 3192 occulto
1996 3156 2041 3217 α
2074 3144 2154 3189 est
2190 3134 2441 3202 probare,
2480 3134 2621 3188 sicut
2660 3133 2859 3186 dicitur
2897 3133 2949 3185 in
3004 3132 3236 3186 Psalmis
3278 3133 3323 3164 ‘9
3353 3150 3366 3185 :
3406 3150 3422 3182 ι
3462 3133 3526 3185 Et
3562 3134 3664 3187 iter

381 3231 504 3271 esse
548 3218 791 3274 Judteum
828 3224 883 3277 in
915 3221 1340 3278 circumcisione
1376 3226 1594 3288 cordis,
1646 3225 1780 3279 nihil
1822 3227 1966 3282 aliud

380 3318 537 3381 putat
570 3327 690 3367 esse
718 3313 819 3367 nisi
854 3313 992 3369 bella
1020 3317 1318 3385 descripta,
1342 3326 1396 3370 ει
1420 3316 1673 3371 interitus
1701 3317 1781 3370 bo.
1808 3319 1963 3380 tium,

381 3410 437 3455 et
490 3403 763 3458 Israelitas
812 3406 951 3459 duce
998 3404 1129 3461 Jesu
1180 3406 1481 3473 vincentes,
1537 3420 1593 3464 et
1644 3409 1967 3477 diripientes

379 3494 625 3561 gentium
662 3511 845 3562 regna.
877 3498 978 3562 Qui
1025 3513 1154 3552 vero
1188 3498 1241 3551 in
1288 3500 1506 3553 occulto
1536 3497 1754 3554 Judreus
1780 3510 1885 3563 est,
1914 3501 1966 3554 id

379 3592 463 3637 est
495 3583 856 3651 Christianus,
910 3587 1000 3655 qui
1053 3586 1240 3642 Jesum
1292 3605 1396 3642 non
1446 3600 1551 3642 tam
1604 3591 1776 3644 tilium
1816 3591 1967 3645 Nave

379 3691 541 3744 quam
578 3676 775 3731 Filium
824 3679 915 3732 Dei
954 3681 1235 3747 sequitur,
1293 3680 1406 3734 IILCC
1469 3683 1650 3734 omnia
1709 3682 1964 3753 mysteria

379 3767 638 3837 intelligit
683 3786 804 3824 esse
853 3772 1003 3841 regni
1046 3772 1333 3838 etelorum,
1372 3782 1423 3826 et
1464 3776 1591 3826 dicit
1632 3776 1756 3841 quia
1796 3775 1963 3828 etiam

382 3876 528 3916 nunc
586 3862 846 3916 Dominus
886 3879 1038 3917 meus
1066 3863 1225 3919 Jesus
1256 3865 1505 3921 Christus
1557 3866 1718 3921 beliat
1770 3870 1967 3922 adver-

380 3969 501 4007 sum
530 3955 764 4009 virtutes
796 3958 1127 4021 contrarias,
1161 3966 1217 4011 ει
1247 3958 1395 4025 cjicit
1422 3975 1513 4012 eas
1557 3961 1623 4013 de
1652 3960 1966 4015 civitatibus

378 4060 520 4114 quas
557 4047 946 4115 possidebant,
988 4049 1039 4101 id
1079 4059 1163 4102 est
1195 4051 1261 4103 dc
1296 4051 1579 4104 animabus
1618 4053 1855 4118 nostris;
1910 4065 1966 4107 ct

382 4137 643 4192 interficit
677 4154 833 4208 reges
865 4140 955 4208 qui
994 4143 1295 4208 regnabant
1337 4143 1386 4194 in
1419 4142 1706 4198 animabus
1741 4147 1962 4209 nostris,

383 4245 451 4284 ne
486 4230 628 4282 ultra
660 4241 847 4301 regnet
876 4232 928 4284 in
956 4233 1111 4286 nobis
1143 4242 1428 4300 peccatum
1469 4251 1483 4287 :
1518 4243 1575 4286 ut
1602 4248 1961 4304 posteaquam

380 4319 721 4375 interemerit
762 4338 942 4391 regem
982 4322 1187 4396 peccati
1229 4325 1295 4376 de
1342 4323 1562 4378 civitate
1602 4327 1801 4380 anima:
1860 4344 1962 4381 uo-

386 4423 536 4478 stne,
572 4414 668 4468 fiat
701 4415 879 4468 anima
910 4424 1098 4467 nostra
1136 4415 1326 4469 civitas
1368 4414 1486 4477 Dei,
1521 4424 1574 4469 et
1597 4426 1784 4484 regnet
1819 4418 1870 4471 in
1898 4436 1960 4473 ea

2076 3224 2368 3294 impiorum
2418 3225 2638 3293 peribit.
2674 3242 2691 3274 ι
2728 3223 2798 3277 Ει
2842 3224 2972 3277 alibi
3023 3224 3340 3277 econtrario
3374 3224 3419 3254 ⁸ο
3451 3240 3465 3277 :
3503 3244 3520 3275 ι
3555 3222 3664 3279 Ιιει·

2074 3326 2282 3371 rectum
2318 3315 2483 3369 facile
2513 3314 2740 3381 pedit-us
2764 3315 3019 3369 vestris.»
3051 3314 3236 3368 Potest
3265 3331 3397 3381 ergo
3430 3316 3659 3383 intelligi

2071 3409 2241 3462 etiam
2278 3408 2390 3470 hic,
2425 3408 2569 3476 quod
2600 3407 2703 3460 iter
2738 3406 3027 3475 impiorum
3068 3407 3232 3461 fuerit
3264 3408 3439 3475 primo
3463 3407 3661 3460 civitas

2071 3493 2271 3549 Lachis
2306 3511 2319 3547 :
2365 3511 2475 3564 quo
2506 3497 2783 3549 destructo
2806 3506 2969 3564 atque
2994 3497 3277 3561 subverso,
3316 3495 3660 3563 postmodum

2070 3586 2334 3641 Israelitis
2373 3588 2728 3655 regnantibus
2776 3587 2843 3639 ad
2891 3589 2993 3640 iter
3024 3593 3283 3654 perducta
3314 3588 3386 3641 sit
3424 3598 3655 3642 rectum.

2071 3679 2342 3733 Similiter
2377 3689 2558 3732 autem
2596 3688 2653 3731 et
2689 3676 2966 3739 Chebron,
3000 3693 3163 3747 quant
3195 3678 3543 3747 interpretari
3571 3679 3657 3733 di-

2068 3780 2201 3826 cunt
2225 3770 2650 3838 conjunctione":
2688 3770 2775 3822 vel
2823 3770 3129 3838 conjugium
3167 3769 3301 3840 (44).
3328 3770 3656 3836 Conjunctio

2068 3879 2200 3918 vero
2232 3863 2428 3916 anima:
2460 3872 2661 3915 nostra:
2738 3862 2841 3914 fuit
2882 3864 3060 3930 primo
3089 3878 3211 3915 cum
3249 3863 3390 3915 maio
3433 3864 3568 3925 viro,
3601 3868 3656 3914 et

2070 3956 2271 4008 marito
2303 3954 2542 4022 pessimo
2572 3953 2791 4006 diabolo
2818 3971 2830 4006 :
2855 3968 2963 4021 quo
2984 3955 3260 4008 destructo
3282 3963 3336 4007 et
3357 3954 3652 4015 exstincto,

2069 4044 2298 4098 liberata
2352 4053 2438 4098 est
2488 4030 2667 4098 anima
2705 4043 2817 4114 (45)
2850 4059 2881 4095 a
2922 4043 3037 4113 lege
3085 4044 3284 4112 prioris
3327 4052 3382 4097 et
3430 4043 3648 4113 pessimi

2069 4138 2195 4199 viri,
2226 4146 2281 4191 et
2311 4136 2603 4205 conjuncta
2637 4147 2720 4190 est
2746 4137 2862 4189 viro
2893 4137 3031 4191 bono
3064 4147 3119 4189 et
3156 4137 3416 4204 legitimo,
3445 4136 3547 4200 illi,
3579 4137 3647 4189 de

2068 4245 2175 4299 quo
2223 4230 2357 4283 dicit
2401 4229 2680 4297 apostolus
2714 4228 2915 4283 Paulus
2939 4229 2982 4260 ⁶¹
3015 4246 3027 4281 :
3066 4248 3083 4278 ι
3123 4228 3298 4282 Statui
3336 4237 3519 4281 autem
3554 4245 3652 4283 vos

2070 4323 2159 4375 uni
2197 4324 2313 4374 viro
2358 4321 2626 4389 virginem
2662 4329 2871 4374 castam
2924 4319 3186 4373 exhibere
3217 4319 3457 4372 Christo.
3498 4338 3517 4370 ι
3556 4318 3651 4375 Sic

2070 4429 2200 4484 ergo
2245 4413 2410 4468 etiam
2471 4413 2746 4466 nominum
2784 4413 3026 4481 ipsorum
3066 4410 3419 4479 intelligentia
3455 4413 3520 4465 ad
3552 4428 3648 4481 ge-

376 4507 544 4572 Deus,
569 4516 622 4561 et
649 4508 864 4561 dicatur
890 4508 956 4561 ad
987 4524 1087 4563 nos
1113 4507 1159 4539 ⁸⁸
1185 4548 1201 4570 ,
1237 4509 1363 4577 quia
1414 4528 1431 4558 ι
1457 4524 1584 4563 ecce
1614 4526 1838 4580 regnum
1871 4515 1961 4569 Dei
2000 4499 2043 4553 Ι)
2071 4508 2275 4559 ιιιὶιιιιιιι
2328 4506 2474 4559 lmuc
2505 4504 2933 4573 uniuscujusque
2966 4506 3206 4559 civitatis
3239 4514 3501 4560 consonat
3532 4516 3649 4559 sta-

378 4600 517 4654 iutra
555 4615 649 4655 vos
677 4610 782 4654 est.
818 4619 837 4652 ι
876 4598 970 4654 Est
991 4616 1121 4670 ergo
1154 4616 1289 4670 OpIIS
1311 4616 1536 4656 sunntue
1568 4602 1963 4660 misericordiae

376 4691 482 4744 hoc
509 4692 652 4759 quod
696 4692 935 4747 haeretici
979 4693 1322 4749 crudelitatis
1373 4706 1656 4758 accusant,
1681 4698 1825 4765 quod
1858 4698 1960 4751 Do.

379 4785 559 4838 minus
603 4783 762 4840 Jesus
810 4786 1192 4841 adumbratum
1244 4787 1396 4856 prius
1442 4804 1471 4840 a
1516 4788 1627 4841 filio
1674 4788 1822 4844 Nave
1862 4806 1960 4861 per

450 4897 496 4967 ‘f
516 4895 634 4951 Gal.
667 4913 738 4959 vt,
770 4899 859 4957 I4.
966 4902 1013 4932 ⁸⁵
1038 4901 1197 4956 ICor.
1234 4918 1332 4967 xv,
1369 4903 1455 4956 10.

379 4963 424 4998 ⁸ο
458 4966 619 5023 Ilehr.
644 4984 740 5031 χιι,
773 4970 859 5022 15.
933 4970 974 5001 ⁶¹
1008 4969 1046 5024 Il
1074 4971 1199 5026 Cor.
1235 4963 1391 5037 111,2.

452 5061 565 5137 (55)
596 5062 728 5127 Qua:
762 5075 881 5137 sunt
908 5066 1152 5120 (telorum
1195 5083 1379 5137 regna.
1421 5068 1547 5123 Haec
1578 5069 1773 5123 desunt
1809 5069 1862 5124 in
1895 5071 1959 5126 li-

378 5133 693 5205 bris_an_tea
729 5135 909 5197 editis,
942 5138 1034 5189 sed
1065 5133 1319 5205 leguntur
1350 5140 1401 5192 in
1438 5140 1693 5192 omnibus
1720 5155 1856 5194 mss.

452 5201 565 5274 (36)
586 5201 748 5279 prius
772 5208 940 5259 codex
967 5201 1180 5262 Ebroic.
1210 5217 1331 5277 post
1358 5227 1376 5261 ι
1407 5210 1697 5279 imperium
1726 5228 1744 5260 ι
1783 5211 1955 5275 addit,

384 5290 405 5323 ‹
430 5271 552 5326 cum
582 5271 787 5340 Spiritu
825 5290 1035 5331 sancto.
1064 5296 1083 5330 ι

449 5342 563 5413 (57)
594 5344 775 5398 Codex
812 5344 1096 5418 Saugerm.
1127 5386 1141 5411 ,
1186 5367 1203 5400 ι
1234 5358 1517 5418 ceperunt.
1546 5367 1566 5401 ι
1610 5348 1766 5404 Libb.
1795 5350 1954 5416 editi,

379 5432 400 5466 ι
431 5423 772 5482 receperunt.
797 5434 817 5468 ι

448 5483 562 5553 (58)
595 5484 735 5538 Idem
766 5500 893 5551 ms.,
929 5504 949 5537 ι
974 5489 1179 5546 saeculi.
1205 5506 1224 5539 ι

450 5553 561 5626 (se)
588 5556 788 5626 omnes
809 5572 962 5621 mss.,
1001 5576 1020 5609 ι
1047 5559 1158 5613 Dei.
1186 5577 1205 5611 ι
1240 5558 1394 5613 Libb.
1429 5561 1582 5626 editi,
1608 5579 1629 5612 ι
1656 5561 1798 5614 fidei.
1825 5581 1844 5613 ι

451 5623 561 5695 (40)
599 5624 751 5679 υιιιιε
800 5626 1182 5699 Ehrpicensis,
1221 5648 1237 5679 (
1273 5639 1329 5682 ιιι
1356 5629 1441 5699 isti
1474 5623 1664 5685 omnes
1694 5632 1784 5699 qui
1824 5641 1949 5684 ante

377 5691 554 5775 Jestun
582 5704 637 5773 et
672 5710 855 5767 regem
888 5696 984 5754 Gai
1043 5708 1098 5756 et
1149 5691 1328 5770 regem
1372 5698 1555 5757 Lebna
1593 5702 1695 5757 sub
1715 5691 1949 5772 'rcgibus

378 5776 646 5828 νεεειιιιιε.
669 5785 687 5818 ι

1568 4904 1615 4935 ⁸⁸
1649 4902 1763 4960 Jos.
1800 4922 1856 4968 ι,
1889 4906 1981 4962 25.

2073 4609 2204 4652 tum.

2140 4704 2195 4759 5.
2226 4704 2337 4776 Ego
2368 4714 2499 4775 puto
2529 4705 2674 4774 quod
2734 4704 2813 4758 sic
2853 4704 3047 4759 melius
3096 4713 3181 4759 est
3234 4704 3456 4775 intelligi
3511 4703 3646 4757 bella

2068 4795 2388 4861 Israelitica,
2424 4806 2477 4849 et
2513 4795 2657 4864 quod
2690 4796 2771 4849 sic
2805 4795 2998 4849 melius
3027 4794 3262 4864 przeliari
3307 4794 3466 4851 .Iesus
3492 4806 3650 4866 pute-

2062 4908 2107 4939 "’
2157 4906 2174 4960 ι
2219 4904 2351 4960 Cor.
2406 4921 2483 4971 Χ,
2527 4911 2614 4964 II.
2690 4911 2738 4943 ⁸⁸
2760 4908 2892 4962 Luc.
2921 4923 3055 4972 xvn,
3097 4908 3189 4962 2f.
3269 4908 3316 4941 "
3342 4909 3484 4966 Psal.
3519 4926 3558 4978 ι,
3587 4912 3644 4966 6.

2136 5072 2248 5142 (il)
2277 5072 2463 5144 Codex
2489 5072 2799 5143 Sangerm.,
2831 5092 2848 5125 ι
2874 5074 3221 5143 significatio.
3252 5093 3271 5126 ι
3300 5073 3456 5130 Libb.
3488 5078 3641 5144 editi,

2066 5158 2089 5196 ί
2116 5143 2504 5204 significantia.
2531 5161 2550 5193 ι

2134 5203 2245 5283 (42)
2282 5210 2461 5266 Lebna
2507 5214 2708 5266 candor
2753 5214 3148 5283 interpretatur.
3191 5216 3233 5270 Α
3273 5203 3365 5303 p5
3413 5216 3635 5271 (album

2059 5298 2245 5423 65553;
2282 5349 2471 5405 Lac/tis
2498 5352 2877 5420 interpretatur
2900 5355 3015 5408 iter.
3039 5355 3121 5409 Ab
3146 5337 3237 5435 ’(³9⁷
3272 5373 3291 5406 ι
3322 5356 3425 5410 iter
3446 5354 3629 5408 fecit.)

2135 5442 2246 5514 (44)
2279 5442 2707 5514 Chebron,quam
2739 5445 3074 5508 interpretari
3096 5445 3633 5512 dicunl,conjunctio~

2064 5529 2180 5566 nem
2211 5513 2287 5567 vel
2322 5513 2648 5582 coniugium.
2681 5514 2763 5568 Ab
2806 5524 2926 5574 ’ἾῖιΠ
2954 5532 2972 5563 ι
2997 5514 3350 5580 conjunctus,
3389 5515 3633 5569 sociatus

2062 5592 2239 5732 θδξέιεξ)
2270 5652 2483 5717 Anima,
2522 5653 2675 5732 deest
2709 5652 2759 5705 in
2791 5652 2919 5708 libb.
2959 5652 3121 5707 editis
3146 5692 3161 5720 ,
3201 5654 3294 5709 sed
3342 5654 3540 5725 legitur
3566 5656 3622 5714 in

2054 5742 2154 5781 ms.
2193 5726 2675 5793 Sangcrmaucnsi.
