4146 6392
431 298 531 362 891

1908 292 2232 354 ORIGENIS

3604 298 3716 360 892

434 435 546 490 tur,
578 432 630 478 et
665 424 949 478 destruere
997 424 1182 488 urbes,
1219 437 1282 476 ac
1337 437 1501 494 regna
1555 425 1894 478 subvertere.
1932 421 2023 475 Sic
2053 425 2097 480 Α
2129 428 2303 473 strum
2329 457 2344 484 ,
2387 427 2440 472 et
2478 433 2663 472 muros
2717 415 2970 472 elationis
3011 426 3353 472 exstru'xerat
3402 419 3514 488 (59;)
3551 422 3708 478 :lnec

436 517 584 570 enim
627 525 682 570 et
719 515 848 567 illml
878 514 1083 567 dictum
1127 513 1439 583 religiosius
1472 521 1526 566 et
1560 513 1882 567 clementius
1909 512 2021 582 (46)

438 608 746 677 apparebit,
779 607 921 675 quod
965 605 1168 658 dicitur
1202 605 1276 657 ita
1313 605 1646 660 subvertisse
1693 614 1746 658 et
1778 615 2022 656 vastasse

438 701 684 769 singulas
706 713 952 767 quaSque
983 700 1166 761 urbes,
1199 706 1257 750 ιιι
1280 697 1416 751 nihil
1446 699 1497 750 in
1519 699 1598 750 eis
1624 696 2022 764 relinqueretur

436 793 582 862 quod
616 795 873 861 spiraret,
927 805 1105 859 neque
1153 789 1243 859 qui
1282 792 1468 842 salvus
1513 788 1686 848 lieret,
1725 803 1899 856 neque
1930 785 2020 856 qui

436 884 719 954 ell'ugeret.
757 884 972 939 Utinam
1009 885 1156 938 cnim
1198 882 1460 937 Dominus
1493 883 1556 936 de
1587 882 1872 935 animabus
1901 896 2021 934 cre-

435 977 696 1032 dentibus
721 978 853 1039 sibi,
885 987 941 1029 et
963 992 1100 1044 quas
1134 990 1231 1030 suo
1257 975 1493 1028 vindicat
1519 989 1707 1042 regno.
1732 972 1876 1027 etde
1901 989 2019 1027 mea

435 1068 610 1136 ipsius
641 1069 821 1121 anima
857 1069 930 1120 ita
964 1067 1146 1135 ejiciat
1181 1075 1236 1121 et
1268 1066 1587 1134 exstinguat
1619 1065 1799 1118 omnia
1835 1065 2018 1134 priora

435 1159 602 1220 mala,
628 1168 688 1212 ιιι
716 1157 896 1212 nullus
929 1158 980 1210 itt
1011 1173 1096 1212 me
1119 1157 1345 1210 malitiae
1372 1171 1571 1210 sensus
1599 1155 1736 1209 ultra
1765 1157 2017 1224 respiret,

437 1250 621 1303 nullus
659 1250 772 1314 iro),
805 1249 982 1304 nullus
1013 1248 1470 1318 concupiscentia:
1503 1248 1735 1316 alicuius
1767 1248 1922 1302 malae
1963 1248 2015 1300 in

434 1356 524 1394 me
566 1340 810 1396 salvetur
839 1339 1100 1405 allectus,
1159 1340 1340 1395 nullus
1394 1341 1635 1409 supersit
1671 1341 1762 1409 qui
1795 1339 2020 1408 ell'ugiat

434 1443 616 1484 sermo
661 1430 833 1485 malus
881 1431 949 1485 de
999 1445 1095 1485 ore
1133 1445 1272 1484 meo.
1327 1429 1419 1484 Sic
1471 1431 1616 1484 enim
1666 1440 1855 1498 potero
1887 1429 2017 1483 Jesu

434 1525 573 1576 duce
605 1532 864 1592 purgatus
898 1525 966 1578 ab
990 1524 1245 1578 omnibus
1278 1524 1553 1592 prioribus
1587 1522 1764 1588 malis,
1797 1522 1934 1576 cllici
1963 1524 2014 1577 in

433 1614 749 1668 civitatibus
813 1615 1047 1668 liliorum
1111 1615 1320 1680 Israel,
1375 1615 1440 1668 de
1498 1615 1693 1683 quibus
1753 1615 2014 1682 scriptum

430 1714 513 1759 est
535 1706 622 1757 ":
661 1724 678 1756 ‹
718 1704 1156 1759 ΕιΙὶῐίοειιιιιιιιιιι·
1188 1706 1436 1759 civitates
1468 1704 1620 1760 Judaa
1652 1704 1788 1776 (47),
1829 1716 1884 1760 ct
1915 1707 2011 1758 ha-

430 1796 677 1848 hitabunt
708 1796 762 1848 in
791 1795 888 1850 cis.
933 1815 952 1848 3
1001 1796 1210 1850 Etenim
1248 1811 1390 1849 nunc
1442 1797 1870 1866 uniuscujusque
1910 1811 2012 1850 no-

439 1897 610 1940 SIrum
655 1887 766 1958 (48)
806 1890 1042 1942 animam
1073 1887 1233 1944 Jesus
1279 1890 1510 1944 destruit
1552 1900 1606 1944 et
1657 1890 1892 1943 ardillcat
1923 1907 1936 1942 :
1964 1899 2018 1942 et

427 1979 570 2034 sicut
612 1980 928 2036 dicebamus
961 1992 1087 2036 tunc
1117 1999 1240 2038 cum
1281 1982 1576 2038 Jeremiam
1621 1985 2016 2038 dissereremus

425 2071 550 2139 quia
583 2071 694 2142 (49)
724 2084 1010 2142 acceperat
1049 2077 1214 2130 verba
1252 2076 1305 2130 in
1346 2091 1409 2130 os
1462 2092 1618 2130 sutim
1653 2078 1848 2145 quibus
1885 2076 2016 2130 sub-

423 2173 666 2218 verteret
718 2175 772 2218 ct
813 2167 1136 2230 aediﬁcaret,
1193 2168 1450 2223 crelleret
1481 2179 1536 2223 et
1582 2167 1896 2237 plantarct;
1937 2169 2009 2221 ita

427 2259 592 2310 etiam
647 2272 787 2312 nunc
821 2259 875 2310 itt
909 2259 992 2314 his
1019 2274 1137 2326 (μιω
1174 2260 1436 2315 habemus
1468 2262 1519 2314 in
1563 2261 1814 2314 manibus
1853 2258 2011 2314 intel-

424 2349 698 2418 ligendum
734 2364 863 2418 puto
888 2393 906 2417 ,
961 2367 1065 2406 non
1097 2353 1394 2408 secundum
1427 2354 1737 2420 brereticos,
1784 2352 1866 2406 vel
1920 2366 2010 2406 se-

425 2443 661 2494 cumlum
691 2439 944 2508 Jud:eos;
983 2445 1078 2498 sed
1103 2444 1248 2499 sicut
1281 2445 1350 2500 ibi
1394 2447 1460 2500 ad
1485 2445 1776 2502 .leremiam
1807 2446 2011 2499 dictum

423 2544 506 2586 est
531 2530 615 2584 ‘3:
654 2551 672 2583 ι
710 2532 850 2587 Ecce
884 2536 1144 2590 constitui
1191 2549 1238 2591 te
1274 2538 1435 2592 hodie
1486 2550 1648 2604 super
1715 2547 1908 2605 gentes
1957 2545 2013 2590 et

425 2639 616 2693 regna,
649 2625 952 2691 eradicare,
989 2637 1043 2681 et
1077 2629 1412 2692 subvertere,
1455 2639 1513 2683 et
1553 2629 1823 2697 perditum
1857 2629 2010 2694 dare,

425 2723 482 2768 et
516 2725 638 2783 post
669 2717 784 2772 haec
811 2719 1106 2785 :rdilicare,
1141 2731 1195 2774 et
1229 2720 1518 2788 plantare;
1555 2738 1572 2770 3
1612 2720 1685 2772 ita
1740 2728 1794 2773 et
1831 2720 1895 2774 de
1945 2719 2012 2774 iis

429 2821 552 2875 quac
583 2824 678 2877 per
708 2809 894 2866 Jesom
929 2813 1248 2868 scribuntur
1285 2824 1435 2882 gesta
1495 2812 1829 2866 credcndmn
1879 2824 1964 2867 est
1995 2831 2009 2867 :

429 2899 538 2955 imo
586 2903 766 2970 potius
809 2905 875 2958 de
926 2905 991 2959 iis
1029 2921 1150 2974 qua:
1201 2921 1296 2974 per
1331 2914 1574 2959 nostrmn
1610 2904 1896 2960 Dominum
1923 2904 2015 2960 Je-

428 3007 549 3048 sum
575 2993 739 3048 etiam
761 3011 904 3051 nunc
925 3009 1190 3064 geruntur
1219 2999 1268 3051 in
1295 2995 1468 3051 nobis.
1498 2994 1744 3050 Primum
1773 3013 2013 3067 namque

425 3096 563 3154 Opus
592 3083 753 3139 Verbi
789 3083 882 3138 Dei
915 3095 996 3139 cst
1025 3125 1040 3148 ,
1075 3085 1358 3139 eradicare
1415 3084 1777 3153 pracedentia
1821 3085 1960 3138 mala
1991 3124 2008 3150 ,
2037 3123 2081 3180 ο

423 3176 614 3248 spinas
639 3191 704 3231 ac
735 3176 964 3232 tribulos
1009 3177 1281 3230 vitiorum.
1320 3174 1456 3230 Dum
1491 3176 1636 3231 enim
1691 3175 1808 3232 ista:
1853 3177 2010 3232 malae

427 3267 642 3322 radices
676 3278 994 3336 occupatam
1024 3268 1272 3320 detinent
1303 3273 1503 3322 terram
1535 3307 1550 3332 ,
1583 3283 1689 3321 non
1718 3277 1898 3337 potest
1924 3284 2010 3324 se-

426 3356 574 3412 mina
601 3356 738 3412 bona
767 3367 822 3410 et
853 3365 1042 3409 sancta
1069 3357 1366 3426 suscipere.

497 3445 552 3500 4.
595 3444 977 3499 Necessarium
1011 3461 1142 3514 ergo
1173 3457 1228 3500 et
1257 3447 1488 3514 primum
1527 3448 1629 3502 hoc
1673 3464 1808 3518 opus
1844 3449 2008 3504 Verbi

425 3535 522 3592 Dei
552 3546 654 3600 est,
691 3537 930 3606 plantam
967 3537 1079 3608 (50)
1101 3539 1384 3593 eradicare
1415 3541 1659 3607 peccati,
1707 3551 1762 3594 et
1793 3557 2007 3596 onmem

426 3629 668 3699 plantam
717 3645 878 3697 quam
927 3646 1030 3684 non
1079 3631 1339 3698 plantavit
1378 3629 1542 3686 Pater
1569 3632 1828 3697 cmlcstis,
1858 3633 2007 3687 evel-

425 3717 570 3782 lere,
609 3721 826 3789 ignique
858 3736 1206 3776 consumere.
1257 3723 1492 3777 Secundi
1539 3723 1650 3791 jam
1703 3725 1886 3793 Operis
1927 3733 2012 3778 est

427 3810 694 3880 plantare.
734 3811 874 3877 Quid
910 3823 994 3866 est
1032 3814 1173 3881 quod
1207 3813 1417 3881 plantat
1451 3814 1635 3868 Deus?
1668 3815 1884 3886 Moyses
1932 3817 2011 3869 di-

427 3902 524 3965 cit,
573 3902 698 3971 quia
747 3904 1064 3972 paradiSnm
1115 3905 1381 3973 plantavit
1412 3905 1576 3961 Deus.
1614 3907 1718 3960 Sed
1764 3916 1818 3960 et
1868 3923 2012 3962 ininc

427 3992 638 4063 plantat
677 3993 818 4046 Deus
848 3993 960 4066 (51)
989 4011 1002 4060 ;
1029 4005 1085 4048 et
1117 3995 1360 4064 quotidie
1388 3995 1600 4064 plantat
1637 3997 1690 4050 in
1721 3999 2012 4053 animabus

428 4084 790 4140 credentium.
844 4083 902 4138 ln
957 4087 1140 4139 anima
1177 4086 1324 4140 enim
1358 4087 1424 4140 de
1457 4101 1562 4155 qua
1607 4087 1814 4144 excidit
1847 4091 2009 4155 iram,

428 4176 899 4231 mansuetudinem
936 4176 1179 4245 plantat;
1215 4189 1271 4231 et
1317 4178 1386 4232 de
1420 4193 1527 4247 qua
1572 4181 1778 4234 excidit
1823 4197 2013 4249 super-

428 4267 600 4331 biam,
631 4267 843 4334 plantat
868 4268 1272 4335 humilitatem;
1298 4279 1352 4324 et
1373 4271 1440 4326 de
1461 4287 1566 4342 qua
1591 4273 1837 4328 eradicat
1861 4273 2014 4328 lasci-

427 4357 595 4422 viam,
629 4360 941 4428 pudicitiam
975 4360 1223 4428 plantat;
1257 4362 1400 4417 etde
1429 4377 1536 4431 qua
1564 4365 1831 4433 exstirpat
1863 4366 2013 4435 igno-

2128 524 2311 564 scrmo
2343 507 2436 562 Dei
2475 509 2744 562 subvertit
2804 520 2858 560 ct
2912 510 3154 572 subruit,
3191 521 3245 561 ut
3284 511 3479 563 merito
3513 528 3708 566 secun-

2124 603 2255 654 dum
2309 599 2624 668 Apostolum
2661 599 2705 630 “
2737 599 3030 652 clliciamnr
3068 619 3086 650 ι
3117 601 3210 654 Dei
3258 602 3494 664 cultura,
3526 613 3580 656 et
3613 602 3703 656 Dei

2125 692 2456 755 :Pdilicatio,
2515 707 2676 761 supra
2744 691 3154 745 fundamentum
3225 694 3592 762 apostolorum
3651 704 3706 750 et

2126 784 2520 853 prophetarum
2569 783 2731 852 positi
2781 783 2848 836 ab
2891 783 3008 852 ipso
3043 784 3155 853 (5'5)
3210 800 3424 837 summo
3458 786 3704 855 angulari

2122 875 2290 947 429
2324 875 2502 944 lapide
2529 874 2752 929 Christo
2782 871 2934 941 Jesu,
2971 889 3036 929 ex
3057 890 3166 943 quo
3196 875 3453 944 junctura
3485 875 3704 930 aedilicii

2123 977 2340 1022 crescat
2376 969 2425 1020 iit
2470 967 2729 1035 tctnplum
2758 966 2852 1021 Dei
2899 969 2951 1021 in
2977 969 3204 1037 Spiritu,
3243 987 3261 1020 3
3296 977 3350 1020 et
3381 969 3450 1020 ita
3487 967 3704 1022 demum

2122 1059 2258 1113 cllici
2303 1076 2617 1112 tnereamur
2649 1059 2699 1111 in
2734 1059 3055 1114 haereditate
3079 1070 3236 1112 terrae
3259 1059 3526 1112 sanctaein
3551 1067 3703 1128 parte

2121 1149 2444 1216 Israelitica,
2479 1153 2768 1205 exstinctis
2818 1152 3073 1205 omnibus
3121 1163 3175 1205 et
3207 1151 3502 1220 peremptis
3534 1150 3707 1205 hosti--

2121 1242 2224 1295 bus
2254 1241 2455 1295 nostris
2491 1258 2505 1303 ;
2548 1243 2620 1293 ita
2656 1253 2713 1295 nt
2741 1258 2844 1296 non
2883 1242 3226 1311 relinquatur
3270 1258 3333 1294 ex
3381 1245 3459 1295 eis
3490 1242 3579 1310 qui
3618 1256 3703 1295 re-

2120 1333 2297 1402 spiret
2329 1334 2382 1386 in
2419 1333 2596 1397 nobis,
2627 1333 2721 1386 sed
2750 1333 2896 1386 solus
2931 1333 2984 1386 in
3020 1333 3176 1387 nobis
3214 1335 3441 1400 respiret
3469 1332 3703 1402 Spiritus

2122 1425 2329 1480 Christi
2356 1439 2454 1495 per
2477 1439 2595 1490 ora,
2632 1434 2687 1478 et
2718 1440 3025 1491 sermones,
3053 1435 3107 1477 et
3137 1426 3549 1494 intelligentiam
3594 1424 3706 1493 spi-

2123 1516 2366 1581 ritalem,
2402 1514 2699 1569 secundum
2740 1514 3044 1568 doctrinam
3079 1509 3206 1567 Jcsu
3249 1514 3450 1567 Christi
3489 1512 3702 1568 Domini

2120 1607 2321 1670 nostri,
2356 1606 2442 1658 cui
2476 1613 2555 1658 est
2597 1603 2711 1677 (54)
2741 1605 2914 1658 virtus
2939 1614 2990 1658 et
3018 1615 3258 1674 potestas
3285 1607 3338 1657 in
3377 1604 3574 1658 smcula
3598 1619 3702 1657 sa:-

2118 1697 2383 1752 eulorum.
2409 1695 2602 1749 Amen.

2677 1789 2954 1860 nemus
2997 1805 3138 1860 xw.

2121 1898 2195 1952 De
2213 1897 2374 1953 Jabin
2395 1914 2513 1969 rege
2536 1898 2692 1959 Asor,
2720 1909 2769 1950 et
2794 1899 2857 1950 de
2887 1899 3090 1951 σανίδι-ὗε
3123 1900 3349 1969 reqibtts,
3373 1898 3460 1968 qui
3483 1913 3700 1967 congre-

2504 1969 2615 2038 gati
2648 1979 2768 2020 sunt
2809 1969 3085 2021 adversum
3126 1966 3318 2023 Israel.

2191 2061 2243 2114 l.
2281 2060 2391 2115 llas
2422 2061 2636 2115 easdem
2665 2058 2984 2126 Scripturas
3009 2070 3135 2115 ante
3167 2061 3457 2114 adventum
3484 2061 3700 2130 quidem

2119 2152 2332 2206 Domini
2385 2150 2558 2206 nostri
2608 2148 2733 2204 Jesu
2763 2151 2964 2204 Christi
2997 2167 3119 2204 cum
3153 2151 3358 2221 legeret
3403 2149 3574 2206 Israel
3612 2150 3703 2206 ille

2116 2247 2208 2312 qui
2237 2247 2539 2299 secundum
2567 2258 2788 2299 carnem
2808 2252 2908 2307 est,
2937 2244 3071 2297 nihil
3098 2243 3246 2298 aliud
3272 2245 3323 2298 in
3350 2245 3414 2298 iis
3437 2243 3540 2297 nisi
3560 2243 3701 2299 bella

2115 2349 2169 2392 et
2202 2335 2524 2392 elfusionem
2557 2335 2845 2408 sanguinis
2875 2334 3232 2406 intelligebat,
3270 2351 3335 2389 ex
3379 2351 3488 2404 quo
3535 2337 3701 2390 etiam

2115 2434 2182 2486 ad
2219 2432 2438 2486 nimiam
2470 2431 2809 2485 ferocitatem
2843 2431 3178 2484 acuebantur
3214 2430 3376 2482 animi
3409 2445 3617 2493 eorum,
3644 2435 3703 2483 et

2115 2539 2333 2591 semper
2368 2523 2526 2577 hellis
2570 2538 2634 2576 ac
2674 2522 3038 2576 seditionibus
3070 2522 3456 2590 pascebantur.
3504 2519 3697 2574 Postea

2115 2627 2247 2668 vero
2282 2629 2445 2682 quant
2475 2613 2764 2682 praesentia
2810 2613 3023 2665 Domini
3067 2613 3170 2664 mei
3205 2610 3332 2665 Jesu
3363 2611 3568 2665 Christi
3598 2613 3701 2665 htt-

2118 2706 2298 2760 manis
2343 2706 2600 2759 cordibus
2646 2706 2912 2775 placidum
2966 2704 3210 2758 scientiae
3264 2703 3442 2757 lumen
3485 2703 3698 2766 inludit,

2114 2799 2313 2868 quippe
2339 2814 2460 2850 cum
2495 2798 2792 2851 secumlum
2830 2796 3146 2866 Apostolum
3181 2797 3225 2827 ⁸⁸
3271 2788 3392 2864 ipsa
3409 2795 3478 2849 sit
3529 2814 3548 2846 ι
3597 2812 3696 2864 pax

2118 2902 2325 2956 nostra,
2363 2911 2381 2942 3
2413 2907 2607 2960 pacein
2652 2905 2752 2945 nos
2803 2889 2963 2944 docet
3009 2903 3071 2942 ex
3108 2889 3221 2958 ipsa
3273 2887 3501 2942 lectione
3533 2887 3700 2942 bello-

2116 2999 2256 3037 rum.
2289 2983 2395 3036 Pax
2425 2983 2570 3036 euim
2606 2982 2850 3037 redditur
2883 2979 3099 3042 animae,
3133 2983 3176 3035 si
3207 2981 3275 3035 ab
3297 2997 3358 3036 ea
3390 2982 3572 3036 hostes
3615 2982 3696 3035 sui

2116 3082 2335 3142 peccata
2392 3088 2456 3127 ac
2506 3073 2635 3125 vitia
2687 3069 3084 3141 propellautur.
3131 3069 3195 3126 Et
3232 3071 3352 3126 ideo
3402 3077 3699 3126 secundum

2120 3169 2470 3223 traditionem
2523 3169 2736 3224 Domini
2789 3170 2961 3223 nostri
3014 3167 3140 3222 Jesu
3173 3170 3400 3233 Christi,
3449 3185 3570 3222 cum
3604 3185 3702 3224 nos

2115 3260 2348 3331 legimus
2372 3262 2496 3324 ista,
2523 3277 2802 3314 armantur
2825 3263 3041 3330 quidem
3067 3261 3230 3314 etiam
3255 3276 3372 3323 nos.
3396 3273 3447 3315 et
3467 3261 3701 3316 concita-

2043 3421 2045 3426 ,
2114 3369 2239 3428 mur
2278 3355 2346 3407 ad
2382 3354 2654 3423 praalium,
2691 3353 2783 3408 sed
2815 3354 3083 3407 adversus
3119 3353 3238 3404 illos
3279 3353 3463 3405 hostes
3501 3352 3588 3418 qui
3633 3352 3700 3404 de

2115 3457 2304 3501 nostro
2329 3448 2492 3500 corde
2517 3447 2844 3516 procedunt,
2870 3445 3235 3512 cegitationes
3267 3444 3476 3497 scilicet
3505 3442 3696 3505 malae,

2116 3536 2283 3602 l'urta,
2311 3537 2449 3591 l'alsa
2484 3535 2815 3601 testimonia,
2841 3535 3232 3603 blasphemias,
3273 3544 3609 3602 carterosque
3634 3535 3700 3603 iis

2115 3627 2326 3683 similes
2377 3626 2726 3680 adversarios
2771 3625 2966 3678 anima:
3013 3634 3212 3678 nostra:
3238 3637 3253 3676 :
3284 3625 3349 3678 de
3389 3637 3494 3690 qua
3535 3599 3700 3675 ροιῇ-

2117 3735 2260 3781 ιιιιιι·,
2307 3717 2610 3771 secundum
2647 3718 2788 3783 quod
2822 3716 2934 3768 hmc
2965 3716 3236 3782 scriptttra
3284 3713 3474 3774 refert,
3502 3714 3543 3766 si
3583 3713 3697 3765 lieri

2115 3823 2314 3884 potest,
2348 3827 2454 3866 non
2500 3811 2811 3878 relinquere
2836 3811 3003 3864 ullum
3037 3811 3126 3879 qui
3155 3810 3334 3863 salvus
3368 3810 3479 3873 liat,
3527 3823 3700 3874 neque

2113 3910 2204 3978 qui
2233 3909 2487 3977 respiret.
2528 3907 2583 3962 Si
2605 3908 2748 3962 enim
2773 3906 2874 3960 bos
2905 3905 3088 3958 hostes
3116 3904 3534 3964 obtinuerimus,
3559 3916 3701 3954 com-

2114 4011 2367 4071 petenter
2402 4000 2776 4055 obtinebimus
2819 3997 2983 4052 etiam
3030 4009 3221 4048 aereas
3270 4002 3602 4062 potestates,
3644 3999 3699 4045 et

2115 4110 2283 4164 regno
2315 4109 2414 4149 suo
2448 4109 2564 4158 eas,
2603 4094 2745 4162 quod
2779 4092 2917 4150 intra
2947 4103 3046 4142 nos
3073 4103 3236 4156 supra
3263 4086 3512 4140 vitiorum
3542 4083 3698 4136 sedes

2115 4187 2541 4248 collocaveram,
2574 4185 2927 4254 depcllemus.
2960 4179 3017 4233 In
3055 4178 3332 4249 prioribus
3373 4175 3699 4230 lectionibus

2120 4297 2214 4336 rex
2248 4279 2549 4334 Jerusalem
2600 4284 3032 4348 congregaverat
3081 4289 3264 4327 secum
3301 4271 3437 4324 alios
3463 4277 3700 4338 quatuor

2120 4385 2276 4440 reges
2308 4371 2597 4425 adversum
2645 4367 2830 4422 Jesum
2863 4377 2913 4420 et
2969 4365 3256 4418 adversum
3307 4359 3445 4412 lilios
3497 4356 3697 4419 Israel,

429 4452 662 4504 rantiam
687 4492 702 4515 ,
741 4452 932 4507 inserit
967 4454 1276 4508 scientiam.
1325 4453 1441 4510 Non
1486 4457 1580 4510 tibi
1631 4457 1852 4509 videtur
1883 4458 2010 4512 talis
2046 4461 2089 4514 D
2121 4478 2266 4519 nunc
2303 4471 2482 4513 autem
2510 4460 2624 4526 jam
2660 4475 2765 4512 non
2809 4472 2947 4510 unus
2983 4464 3219 4523 quatuor
3248 4459 3561 4519 congregat,
3607 4457 3700 4500 aut

429 4558 550 4596 esse
598 4543 794 4596 debere
833 4545 1097 4613 plantatio
1134 4562 1295 4613 quam
1347 4547 1557 4616 plantat
1615 4548 1776 4612 Deus,
1837 4549 2010 4616 magis

424 4648 593 4701 quam
656 4637 992 4690 sensibilium
1047 4647 1499 4708 terrenorumque
1547 4639 1868 4709 lignorum?
1916 4641 2012 4695 Est

429 4727 560 4780 item
596 4727 648 4778 in
703 4729 894 4796 primis
953 4744 1090 4796 opus
1148 4728 1307 4784 Verbi
1363 4730 1510 4795 Dei,
1560 4732 1842 4785 destruere
1883 4734 2012 4785 aedi-

431 4819 552 4872 licia
589 4819 891 4884 diabolica,
934 4837 1053 4888 quze
1094 4821 1145 4873 in
1181 4822 1362 4874 aninta
1387 4823 1700 4876 construxit
1747 4824 2009 4876 humana.

429 4914 523 4968 Ille
585 4915 788 4970 etenim
835 4926 1016 4971 turres
1067 4918 1339 4986 superbia:
1391 4917 1445 4971 in
1501 4932 1830 4986 unoquoque
1911 4933 2011 4971 no-

502 5048 548 5084 “
573 5051 738 5107 Amos
768 5069 841 5120 Ix,
875 5053 959 5109 ιι.
1063 5056 1108 5088 ⁸³
1128 5054 1333 5110 lerem.
1367 5072 1403 5119 ι,
1433 5055 1521 5110 l0.

499 5188 612 5264 (46)
644 5190 829 5264 Codex
866 5191 1154 5264 sangerm.
1195 5212 1214 5247 ι
1268 5195 1472 5251 rectius
1505 5203 1563 5250 et
1593 5194 1938 5251 clementius.
1990 5214 2009 5247 3

644 5261 814 5334 idem,
848 5281 866 5315 ι
896 5261 1116 5318 Judzeze.
1146 5283 1164 5315 3

502 5331 616 5403 (48)
649 5332 818 5403 idem,
858 5351 877 5384 ι
903 5345 1166 5388 vestrum.
1194 5353 1212 5387 3

505 5401 619 5473 (49)
645 5401 791 5457 Idem
839 5420 961 5459 cum
987 5421 1094 5459 uno
1131 5407 1456 5462 Ebroicensi-
1485 5426 1497 5461 :
1533 5426 1551 5459 ι
1573 5407 1974 5463 disse-remittis
2002 5445 2018 5470 .

433 5475 624 5546 quia.)
655 5473 812 5546 _Libb.
841 5475 994 5546 editi,
1028 5493 1048 5526 ι
1077 5477 1505 5542 disserebamus,
1533 5478 1648 5546 qui.
1677 5495 1696 5529 3

653 5544 820 5607 ltletn,
858 5565 875 5596 ι
902 5544 1134 5613 plantas.
1160 5566 1177 5597 3

511 5611 624 5680 (51)
649 5613 751 5666 Sed
785 5624 832 5668 et
867 5611 1002 5668 nunc
1045 5616 1250 5681 plantat
1294 5616 1458 5670 Deus.
1491 5616 1615 5673 lltec
1647 5620 1836 5674 desunt
1869 5617 1922 5669 in
1957 5616 2020 5669 li-

438 5682 557 5757 bris
593 5682 773 5757 editis,
817 5685 910 5740 sed
957 5686 1211 5756 leguntur
1259 5688 1312 5742 in
1374 5688 1664 5757 Sangerm.
1699 5705 1798 5744 ins.
1833 5697 1883 5743 et
1913 5703 2020 5742 uno

445 5747 789 5806 Ebroiccnsi.

1595 5055 1642 5087 “
1673 5052 1841 5112 lCor.
1875 5072 1959 5122 tu,
1988 5056 2042 5122 9,
2069 5064 2125 5112 et
2149 5054 2345 5124 Ephes.
2374 5069 2436 5118 ιι,
2458 5052 2550 5108 20.

2121 4556 2380 4624 quinque,
2414 4555 2507 4608 sed
2539 4555 2660 4606 vide
2687 4566 2826 4603 unus
2856 4555 3113 4614 quantam
3148 4543 3546 4597 multitudinem
3571 4556 3701 4594 con-

2117 4655 2301 4717 gregat
2331 4663 2344 4698 :
2376 4663 2393 4695 ‹
2426 4643 2496 4699 Ut
2517 4629 3210 4702 autemaudivit,inquit“,
3234 4631 3394 4687 Jabin
3414 4645 3512 4684 rex
3540 4630 3696 4691 Asor,

2119 4737 2270 4790 misit
2304 4736 2369 4788 ad
2397 4733 2572 4787 .lobab
2602 4745 2783 4797 regem
2836 4725 3296 4786 Amorrhazorum,
3333 4731 3389 4776 et
3422 4721 3486 4774 ad
3516 4734 3696 4788 regem

2090 4811 2379 4890 'Symeon,
2405 4834 2461 4878 et
2491 4824 2556 4876 ad
2590 4837 2768 4889 regem
2804 4816 2893 4871 ΖΠ
2917 4815 3050 4886 (55),
3075 4824 3130 4868 ct
3154 4816 3219 4868 ad
3249 4830 3403 4884 rcges
3426 4812 3516 4882 qui
3542 4818 3700 4864 erant

2119 4921 2264 4974 circa
2320 4918 2577 4972 Sidonem
2635 4925 2904 4982 magnam,
2966 4919 3020 4966 et
3073 4924 3172 4979 per
3225 4917 3508 4967 montana,
3557 4901 3700 4956 etin

2628 5052 2677 5084 θ’
2710 5051 2912 5121 Ephes.
2953 5067 3011 5113 ιι,
3043 5049 3132 5102 Η.
3210 5047 3254 5079 ⁶⁶
3294 5046 3412 5101 Jos.
3443 5063 3517 5111 xi,
3549 5045 3696 5101 l-ltl.

2199 5193 2315 5265 (52)
2361 5191 2540 5247 Codex
2586 5189 2883 5265 Senserat.
2913 5226 2934 5253 ,
2995 5205 3015 5240 ι
3060 5192 3424 5241 exstruxerat.
3456 5204 3478 5234 ν
3539 5181 3697 5235 Libb.

2124 5261 2330 5322 edi‘ti.'¢
2355 5261 2644 5316 exstruxit.
2677 5279 2701 5332 ιΔ
2736 5329 2745 5332 _
2812 5328 2826 5332 _
2878 5328 2890 5332 _
3095 5324 3116 5332 _
3341 5323 3370 5332 __
3407 5322 3416 5332 ,

2197 5334 2309 5404 (ξὸ)
2351 5334 2516 5396 Idem,
2545 5351 2565 5383 ι
2590 5329 2749 5402 positi
2779 5328 2848 5384 ab
2878 5328 3018 5397 ipso.
3041 5345 3063 5380 3
3095 5324 3255 5380 Libb.
3289 5323 3444 5388 editi,
3477 5341 3504 5375 σ-
3527 5325 3702 5393 posito

2128 5421 2264 5460 IDSO.
2289 5424 2306 5457 ι

2147 5421 2313 5545 ρῗὲιῶ
2357 5473 2522 5538 Idem,
2561 5491 2579 5524 α
2619 5470 2702 5525 cui
2732 5479 2838 5525 est.
2871 5490 2893 5522 ι
2921 5467 3078 5545 Libb.
3112 5466 3323 5545 editi_,“¢
3354 5464 3507 5544 ctijus
3538 5469 3694 5545 ρει.»

2125 5529 2326 5600 lhiileiii
2361 5552 2484 5611 post
2509 5529 2531 5593 ἓ
2571 5549 2813 5611 poteStas
2837 5559 2857 5593 3
2885 5543 3053 5594 codex
3077 5552 3215 5593 unus
3242 5529 3588 5590 Ebroieensis
3607 5529 3701 5584 ad-

2125 5617 2202 5671 dit
2234 5631 2248 5668 :
2290 5633 2307 5664 (
2352 5630 2475 5667 cum
2505 5612 2712 5684 Spiritu
2741 5621 2955 5684 sancto.
2995 5629 3014 5662 3

2195 5685 2308 5756 (55)
2328 5684 2435 5755 Zif.
2462 5673 2612 5740 Alter
2639 5681 2986 5738 lﬁbroicensis
3020 5696 3033 5734 :
3069 5698 3086 5732 ς
3105 5676 3272 5744 Azim,
3298 5692 3320 5728 3
3343 5673 3478 5730 alter
3516 5691 3534 5727 ι
3567 5673 3700 5729 Asc.

2124 5757 2276 5826 phet.
2309 5775 2325 5806 3
