4146 6416
412 383 518 441 895

1370 386 1439 444 IN
1476 389 1737 447 LIBRUM
1769 393 1935 449 JESU
1977 392 2162 448 NAVE
2202 391 2492 450 HOMILIA
2526 387 2666 446 XIV.

3568 389 3674 445 89$

407 491 592 548 Araba
622 491 758 564 (56),
788 508 910 562 qua:
937 502 1022 548 est
1049 505 1241 551 contra
1271 498 1642 567 Ceueroth,et
1668 505 1732 558 ad
1755 521 1996 576 campos,
2029 510 2076 565 Α
2102 515 2348 570 caeteros,
2377 515 2431 561 et
2455 506 2522 559 ad
2537 500 2970 570 coniurationem
2997 499 3222 555 sceleris
3244 499 3508 565 inritans,
3527 500 3686 556 Jabin

410 594 469 640 et
489 586 541 639 in
559 583 908 649 Faneandor,
926 595 980 640 et
1001 589 1070 641 ad
1087 588 1446 658 Chananteos,
1466 596 1556 662 qui
1583 609 1742 650 erant
1762 598 1816 651 in
1844 598 2006 652 mari-

412 676 560 731 timis
577 676 644 731 ab
656 677 887 741 oriente,
908 686 963 732 et
986 678 1052 733 ad
1072 681 1419 738 Amerrhaeos
1433 686 1523 754 qui
1548 697 1702 740 erant
1724 689 1774 741 in
1798 689 2007 743 mariti-

412 767 516 822 mis
539 765 676 838 (57),
707 766 843 822 etad
858 765 1124 834 Cethteos,
1144 780 1200 824 et
1239 772 1308 826 ad
1337 771 1822 843 Pherezaeos,etad
1841 777 2007 832 Jebu-

412 873 573 926 satos,
602 859 695 928 qui
722 869 881 914 erant
906 863 959 914 in
985 864 1280 928 montanis,
1306 875 1360 918 et
1381 864 1588 928 Evteos,
1607 870 1698 937 qui
1721 878 1876 923 erant
1905 870 2008 924 sub

411 953 629 1008 deserto
645 953 938 1023 Masecma,
954 964 1008 1010 et
1029 958 1285 1014 exierunt
1312 959 1412 1030 ipsi
1431 970 1485 1014 et
1505 977 1661 1032 reges
1673 978 1862 1017 eorum
1881 980 2003 1018 cum

411 1046 571 1116 ipsis,
599 1047 742 1102 sicut
773 1056 856 1101 est
882 1063 1048 1102 arena
1090 1051 1258 1105 maris
1291 1051 1343 1104 in
1379 1053 1748 1119 multitudine,
1777 1066 1833 1110 et
1856 1057 2003 1125 equi,

412 1146 467 1194 et
511 1140 788 1211 quadrigae
842 1141 1025 1196 multa:
1076 1143 1256 1197 nimis.
1294 1144 1360 1198 Et
1414 1157 1789 1201 convenerunt
1813 1163 2006 1204 omnes

416 1245 575 1301 reges
621 1231 734 1293 isti,
775 1240 829 1284 et
858 1233 1113 1286 coierunt
1167 1234 1220 1286 in
1256 1249 1420 1287 unum
1455 1236 1521 1290 ad
1569 1251 1768 1305 aquam
1819 1237 2004 1293 Maron

411 1333 660 1387 pugnare
690 1330 881 1374 contra
906 1319 1096 1377 Israel.
1127 1321 1276 1376 Dixit
1307 1331 1490 1378 autem
1525 1325 1787 1380 Dominus
1817 1327 1884 1379 ad
1914 1325 2008 1381 Je-

415 1425 540 1465 sum
576 1427 590 1463 :
633 1409 751 1465 Non
804 1414 1049 1468 verearis
1080 1429 1108 1467 a
1147 1413 1288 1469 facie
1318 1415 1557 1481 illorum,
1603 1419 1728 1485 quia
1759 1419 2002 1474 crastina

413 1502 503 1555 die
535 1503 601 1556 ad
633 1502 776 1557 hanc
803 1503 992 1557 horam
1023 1519 1125 1575 ego
1172 1508 1382 1559 tradam
1433 1523 1530 1562 eos
1579 1509 1858 1564 sauciatos
1880 1517 2008 1564 ante

413 1593 607 1649 faciem
643 1594 832 1650 Israel.
861 1595 1043 1665 Equos
1065 1612 1256 1652 eorum
1291 1601 1682 1664 suhnervabis,
1720 1609 1774 1654 et
1809 1616 2007 1657 currus

412 1699 600 1739 eorum
629 1686 738 1755 igni
766 1701 984 1742 exures.
1007 1687 1071 1741 Et
1100 1689 1246 1742 venit
1274 1688 1454 1753 Jesus,
1484 1699 1538 1742 et
1564 1690 1745 1745 omnis
1775 1691 2008 1760 pepnlns

410 1776 734 1832 bellatorum
765 1793 888 1832 cum
923 1792 988 1833 eo
1011 1795 1176 1847 super
1206 1780 1352 1849 ipsos
1383 1781 1448 1833 ad
1482 1797 1677 1850 aquam
1705 1781 1915 1844 Maron,
1943 1792 2000 1836 et

2110 599 2444 661 nominatur,
2486 595 2578 664 qui
2613 601 2735 648 erat
2786 607 2882 646 rex
2920 592 3078 647 Aser.
3117 591 3237 661 Ipse
3279 595 3425 646 enim
3476 601 3562 646 est
3596 593 3686 660 qui

2107 687 2311 742 dicitur
2340 687 2506 740 etiam
2536 693 2771 740 caeteros
2798 697 3152 737 convocasse.
3189 682 3347 737 Jabin
3386 693 3566 737 autem
3607 683 3696 738 in-

2109 773 2666 845 terpretatursensus,
2686 775 2804 828 sive
2831 773 3108 842 prudentia
3139 772 3272 844 (59).
3305 773 3437 840 Quis
3457 790 3587 844 ergo
3608 779 3696 829 est

2107 867 2215 922 iste
2269 882 2485 934 sensus,
2540 867 2658 922 sive
2708 865 3020 934 prudentia,
3068 865 3170 918 nisi
3226 865 3313 918 ille
3347 881 3509 936 quem
3560 867 3696 921 dicit

2105 960 2279 1016 Isaias
2309 960 2572 1030 propheta
2605 972 2828 1012 sensum
2863 957 3157 1026 magnum!
3194 957 3282 1010 Ait
3308 958 3453 1012 enim
3475 959 3522 992 '7
3553 962 3697 1014 :tEt

2109 1055 2364 1110 inducam
2398 1069 2562 1123 super
2607 1052 2774 1125 430
2815 1066 3038 1106 sensum
3088 1067 3341 1120 magnum
3392 1054 3696 1123 principem

2107 1145 2464 1215 Assyriorum
2513 1144 2605 1213 qui
2637 1143 2774 1197 dixit
2802 1161 2817 1196 :
2850 1142 2966 1196 Mea
3019 1142 3222 1196 virtute
3253 1142 3476 1205 faciam,
3518 1153 3570 1196 et
3605 1159 3697 1194 sa-

2109 1237 2313 1308 pientia
2348 1252 2544 1291 sensus
2575 1235 2682 1289 mei
2708 1233 2952 1288 auferam
2981 1234 3115 1287 lines
3137 1235 3403 1303 gentium,
3433 1243 3488 1288 et
3522 1233 3696 1286 virtu-

2111 1339 2216 1384 tein
2247 1343 2436 1384 eorum
2465 1326 2841 1397 depraedabor.
2882 1345 2900 1378 ι
2936 1325 3044 1379 Iste
3083 1340 3212 1393 ergo
3235 1336 3318 1379 est
3347 1327 3437 1394 qui
3471 1326 3541 1378 ibi
3577 1326 3701 1394 qui-

2109 1426 2232 1476 dem
2261 1420 2464 1473 dicitur
2486 1433 2682 1473 sensus
2701 1433 2936 1486 magnus
2967 1435 3057 1473 rex
3085 1419 3460 1489 Assyriorum,
3493 1419 3580 1470 hic
3607 1431 3703 1469 au-

2113 1523 2218 1567 tem
2251 1511 2432 1575 Jahin,
2484 1526 2678 1566 sensus
2727 1509 2810 1565 vel
2847 1511 3156 1578 prudentia.
3203 1511 3416 1564 Etenim
3473 1523 3702 1578 serpens

2112 1603 2278 1657 fuisse
2311 1603 2362 1656 in
2399 1602 2654 1667 paradiso
2699 1601 2966 1656 scribitur
2993 1599 3313 1670 prudentior
3339 1601 3583 1655 omnium
3611 1602 3706 1654 he-

2111 1698 2341 1747 sliarum
2389 1707 2509 1763 quae
2544 1701 2705 1746 erant
2745 1707 2909 1760 super
2965 1704 3189 1746 terram.
3232 1693 3339 1747 Sed
3395 1705 3450 1747 et
3493 1694 3708 1748 villicus

2115 1782 2422 1853 iniquitatis
2451 1783 2752 1850 prudenter
2788 1780 2985 1835 fecisse
3033 1782 3234 1835 dicitur
3274 1783 3364 1835 illa
3399 1798 3519 1850 quae
3549 1781 3704 1837 fecit.

413 1870 595 1923 subito
651 1869 809 1924 irruit
860 1886 1026 1940 super
1056 1888 1151 1925 eo;
1200 1873 1252 1926 itt
1299 1883 1504 1937 monte,
1539 1883 1594 1927 et
1640 1875 1867 1928 tradidit
1905 1889 2002 1928 eos
2038 1849 2081 1908 Β
2118 1873 2218 1928 llic
2255 1873 2419 1943 igitur
2449 1871 2629 1936 Jabin,
2660 1887 2753 1926 rex
2783 1882 2868 1926 est
2901 1873 3062 1926 Aser.
3101 1871 3493 1941 Interpretatur
3523 1884 3704 1927 autem

412 1963 679 2018 Dominus
710 1964 761 2016 in
793 1981 987 2017 manus
1012 1965 1202 2030 Israel,
1227 1975 1281 2019 et
1303 1967 1576 2020 cz—edetttes
1607 1981 1700 2020 eos
1730 1969 2006 2037 persecuti

415 2068 548 2116 sunt
591 2073 764 2125 usque
794 2058 860 2110 ad
909 2056 1171 2112 Sidoncm
1208 2074 1486 2129 magnam,
1513 2067 1568 2113 et
1601 2075 1773 2126 usque
1813 2061 1864 2114 in
1896 2061 2010 2114 Ma-

414 2147 592 2203 scfoth
624 2150 691 2203 ad
742 2164 964 2219 aquam,
997 2159 1052 2203 et
1092 2165 1264 2219 usque
1293 2150 1360 2203 ad
1399 2166 1621 2221 campos
1649 2148 1848 2207 Masfre
1878 2169 2011 2207 con-

417 2250 500 2296 tra
521 2240 828 2301 Orientem.
847 2251 904 2296 et
928 2243 1338 2298 trucidaverunt
1365 2258 1459 2297 eos
1487 2260 1767 2315 usquean
1789 2250 2010 2300 non'su-

414 2342 663 2402 petesset
709 2349 777 2388 ex
825 2335 905 2389 eis
941 2335 1033 2402 qui
1069 2337 1350 2395 evaderet.
1413 2338 1484 2394 Et
1534 2337 1664 2392 fecit
1715 2339 1795 2394 eis
1852 2338 2010 2394 Jesus

415 2424 561 2480 sicut
588 2426 847 2495 praecepit
876 2426 926 2479 ei
969 2426 1250 2491 Dominus,
1281 2437 1337 2481 et.
1370 2443 1539 2497 equos
1567 2444 1754 2483 eorum
1780 2429 2009 2483 subner-

415 2517 590 2574 vavit.
631 2528 688 2572 et
723 2534 918 2574 currus
969 2534 1160 2574 eorum
1194 2521 1406 2574 exussit
1445 2521 1576 2590 igni.
1617 2521 1680 2575 Et
1708 2536 2009 2577 conversus

414 2618 501 2666 est
527 2609 688 2670 Jesus
723 2612 776 2665 in
824 2614 944 2680 ipse
987 2623 1264 2682 tempore,
1308 2624 1365 2668 et
1410 2616 1703 2682 occupavit
1736 2614 1898 2678 Aser,
1956 2623 2010 2669 et

415 2716 598 2772 regem
627 2703 745 2772 ejus
777 2702 1056 2757 interfecit
1077 2703 1280 2774 gladio.
1317 2724 1336 2757 ι
1371 2703 1536 2761 Vides
1577 2716 1782 2776 quanta
1813 2708 2009 2761 adver-

414 2809 534 2848 sum
558 2793 740 2850 Iesum
767 2805 823 2851 et
846 2796 1207 2851 Israeliticum
1237 2798 1571 2862 exercitum,
1601 2801 2006 2853 contrariarum

414 2887 680 2940 virtutum
707 2895 764 2941 et
793 2888 1164 2957 pessimorum
1192 2889 1500 2944 datmonum
1531 2890 1785 2942 exatnina
1821 2889 2010 2950 conci-

417 2979 640 3034 tentur?
665 2979 754 3034 Isti
783 2995 974 3034 omnes
997 2981 1272 3035 daatnones
1294 2991 1420 3034 ante
1463 2981 1761 3035 adventum
1794 2980 2006 3034 Domini

417 3081 476 3127 et
508 3071 818 3126 Salv-atoris
841 3073 1038 3136 nostri,
1065 3073 1235 3142 quieti
1286 3083 1342 3126 et
1387 3072 1572 3127 securi
1601 3075 1868 3127 humanas
1891 3071 2012 3125 ani-

420 3176 541 3219 mas
578 3164 942 3233 possidentes,
967 3164 1018 3217 in
1047 3178 1236 3218 earum
1270 3163 1548 3218 mentibus
1578 3163 2010 3233 corporibusque

420 3256 746 3325 regnabant.
789 3253 895 3309 Sed
933 3265 990 3309 ιιι
1021 3254 1074 3309 in
1113 3255 1274 3309 terris
1303 3255 1560 3324 apparuit
1613 3253 1790 3322 gratia
1818 3263 1872 3314 et
1909 3255 2010 3308 titi-

422 3346 726 3402 sericordia
758 3345 1062 3400 Salvatoris
1097 3348 1269 3402 nostri
1305 3347 1421 3413 Dei,
1449 3348 1689 3402 edocens
1715 3361 1814 3401 nos
1842 3355 1902 3401 ut
1927 3347 2016 3415 pie

422 3447 478 3494 et
504 3449 691 3494 sancte
730 3439 782 3492 in
815 3440 920 3494 hoc
960 3441 1162 3494 mundo
1183 3478 1201 3504 ,
1234 3452 1288 3495 et
1318 3440 1589 3509 segregati
1611 3441 1680 3496 ab
1709 3441 1857 3494 omni
1881 3455 2015 3495 con-

425 3531 640 3600 tagione
671 3531 879 3600 peccati
914 3532 1182 3596 vivamus,
1225 3539 1284 3585 ut
1314 3531 1624 3586 libertatem
1660 3547 1813 3587 suam
1852 3541 2018 3602 atque

423 3623 718 3688 imaginem
754 3623 873 3686 Dei,
911 3623 963 3676 in
1002 3639 1110 3693 qua
1142 3639 1208 3681 ex
1242 3624 1401 3682 initio
1431 3633 1618 3679 creata
1670 3633 1775 3690 est,
1831 3626 2013 3678 anima

427 3725 776 3783 unaquaeque
826 3714 1077 3783 recipiat,
1136 3714 1242 3771 ista
1273 3715 1341 3770 de
1369 3729 1538 3770 causa
1567 3715 1636 3769 ab
1672 3714 1783 3770 illis
1819 3715 2018 3784 iniquis

425 3805 708 3860 veteribus
735 3806 1146 3875 possessoribus
1177 3821 1368 3860 earum
1403 3821 1596 3877 pugnae
1620 3807 1946 3862 exoriuntur
1965 3816 2019 3861 et

424 3898 632 3968 pra-lia.
665 3899 731 3952 Et
754 3899 798 3954 si
833 3899 1213 3969 opprimantur
1253 3900 1414 3970 primi
1449 3937 1467 3964 ,
1508 3899 1679 3954 multo
1709 3899 1894 3969 plures
1922 3914 2024 3953 ex-

429 3999 665 4059 surgunt
688 3991 1034 4059 postmodum
1064 3999 1230 4060 atque
1259 3991 1311 4044 in
1345 4006 1514 4044 unum
1538 4000 1766 4054 coeunt,
1798 4001 1854 4044 et
1884 4006 2022 4044 con-

430 4082 646 4150 spirant
676 4082 730 4136 itt
761 4081 985 4148 malum,
1019 4083 1109 4151 qui
1137 4097 1354 4152 semper
1379 4082 1653 4137 dissident
1695 4083 1915 4136 a’hono.
1957 4081 2024 4135 Et

431 4176 476 4230 si
512 4176 754 4230 secundo
787 4174 911 4229 victi
943 4175 1169 4244 fuerint,
1209 4179 1403 4232 iterum
1452 4179 1614 4232 tertio
1645 4177 1764 4230 alite
1794 4180 2024 4230 virtutes

433 4266 728 4335 nequiores
779 4277 1104 4338 exsurgunt.
1155 4269 1224 4323 Et
1273 4268 1524 4326 fortassis
1591 4280 1796 4339 quanto
1850 4267 2028 4336 magis

438 4369 671 4424 augetur
697 4359 930 4429 populus
959 4359 1076 4426 Dei,
1110 4371 1164 4416 et
1192 4361 1362 4417 multo
1402 4362 1524 4432 plus
1556 4362 1756 4417 crescit
1789 4371 1844 4416 et
1879 4363 2022 4415 mul-

435 4452 739 4521 tiplicatur,
777 4463 932 4508 tanto
954 4452 1030 4508 illi
1059 4455 1242 4524 plures
1267 4455 1334 4510 ad
1355 4453 1777 4526 oppugnandum
1807 4454 2026 4523 conspi-

437 4555 583 4599 rant.

510 4639 568 4694 2.
601 4636 711 4692 Sed
741 4645 1014 4693 tentemus
1061 4638 1196 4712 (58),
1229 4651 1393 4710 prout
1424 4639 1568 4695 Deus
1597 4639 1827 4705 dederit,
1851 4639 2032 4694 disctt-
2079 4677 2081 4682 ι

437 4736 552 4782 tere
573 4729 815 4798 singulos
839 4745 1083 4800 quosque
1112 4731 1323 4785 adversi
1343 4731 1620 4784 exercitus
1647 4744 1827 4799 reges,
1854 4737 1910 4783 et
1933 4744 2030 4797 pro

438 4817 818 4884 significandis
846 4821 1124 4874 nominum
1178 4821 1608 4892 uniuscujusque
1669 4821 1836 4876 etiam
1891 4835 2028 4890 epus

440 4909 585 4979 quod
614 4912 752 4980 gerit
783 4911 837 4964 in
872 4911 1080 4967 malitia
1111 4914 1491 4983 contemplari.
1513 4913 1733 4968 Primus
1760 4912 2027 4978 omnium,

440 4999 538 5072 qui
560 5009 616 5056 et
646 5011 840 5057 auctor
860 5003 986 5058 belli
1017 5002 1179 5070 hujus
1207 5006 1525 5060 nominatus
1547 5015 1654 5072 est,
1685 5018 2031 5074 congregans

514 5142 562 5184 ‘.'
587 5140 716 5198 Isai.
745 5158 802 5210 x,
845 5141 941 5209 ιε,
972 5142 1060 5197 15.
1138 5141 1398 5200 “Matth.
1437 5161 1533 5200 xit.

541 5287 634 5346 56)
663 5286 843 5342 Codex
864 5285 1156 5356 Sangerm.
1195 5303 1212 5336 ι
1247 5285 1470 5341 Arabia.
1509 5303 1529 5335 ι

543 5356 634 5426 5⁸1)
678 5357 843 5420 Idem,
878 5374 898 5405 ι
935 5359 1214 5412 maritimi.
1243 5376 1262 5408 ι

518 5429 636 5502 (58)
675 5429 859 5493 Idem,
901 5443 920 5478 ι
973 5437 1262 5482 tentemus.
1300 5448 1318 5480 ι
1358 5428 1494 5483 Libb
1565 5430 1720 5497 editi,
1759 5448 1788 5481 «ν
1817 5435 2035 5496 tempus

450 5515 636 5643 “iiii,”
665 5568 1024 5643 labia-autem
1055 5573 1435 5638 interpretatur
1450 5586 1632 5628 sensus
1664 5569 1772 5623 sive
1796 5567 2031 5637 pruden-

451 5638 544 5727 tia}
748 5655 768 5690 ι
802 5638 1126 5706 intelligere.
1165 5663 1178 5682 .

523 5707 657 5785 (60)'
677 5709 1068 5785 Interpretatur
1091 5721 1264 5764 autent
1292 5711 1430 5766 Aser
1458 5712 1609 5766 aula.
1643 5711 1724 5765 Ab
1745 5717 1868 5771 ’ΝΠ
1892 5707 2040 5778 quod

453 5779 542 5840 est
564 5803 582 5834 t
616 5779 835 5842 atrtum,
861 5779 1005 5832 aula.
1045 5799 1064 5830 ι

529 5854 640 5925 (61)
677 5849 845 5906 Jobab
867 5851 1078 5921 quidem
1111 5852 1488 5925 interpretatur
1508 5851 1820 5920 inimicitiw,
1845 5848 2034 5906 Maron

2115 1966 2253 2018 Aser
2291 1967 2417 2017 aula
2471 1962 2606 2033 (60).
2660 1963 2757 2018 Est
2802 1978 2935 2033 ergo
2976 1965 3155 2018 omnis
3186 1973 3328 2018 terra
3383 1966 3504 2018 aula
3542 1965 3706 2035 hujus

2118 2058 2282 2125 regis,
2305 2057 2397 2125 qui
2433 2055 2598 2110 totius
2621 2064 2781 2108 terra:
2802 2054 2952 2110 velut
2970 2057 3107 2110 aulae
3133 2055 3294 2109 unius
3313 2055 3526 2110 obtinet
3551 2058 3706 2125 prin-

2116 2151 2377 2217 cipatutn,
2400 2147 2490 2216 qui
2510 2145 2885 2202 estdiabolus.
2909 2145 2998 2200 Vis
3022 2159 3204 2202 autem
3235 2149 3419 2201 videre
3445 2148 3706 2215 quoniam

2116 2242 2241 2295 aula
2278 2241 2448 2308 ipsius
2469 2247 2553 2294 est
2586 2237 2770 2292 terra?
2800 2236 2857 2292 Ιιι
2892 2237 3200 2307 Evangeliis
3224 2240 3268 2272 ⁸³
3305 2239 3566 2308 scriptum
3602 2249 3708 2301 est,

2116 2333 2242 2404 quia
2273 2330 2429 2386 fortis
2462 2331 2517 2385 in
2547 2329 2669 2383 aula
2724 2344 2820 2382 sua
2879 2343 3108 2384 securus
3152 2331 3376 2397 dormit,
3423 2345 3710 2398 usquequo

2115 2425 2300 2478 veniat
2329 2422 2522 2477 fortior
2547 2423 2640 2490 qui
2680 2431 2734 2476 et
2759 2422 2937 2490 ipsum
2972 2423 3180 2490 alliget,
3219 2433 3274 2477 et
3299 2438 3418 2493 qua:
3462 2423 3710 2489 possidet

2117 2517 2351 2571 auferat.
2385 2515 2482 2570 Est
2506 2531 2640 2585 ergo
2663 2531 2756 2568 rex
2789 2515 2948 2578 aulae,
2977 2516 3234 2586 princeps
3267 2517 3451 2569 mundi
3491 2516 3654 2584 hujus
3689 2531 3705 2570 :

2117 2618 2218 2671 iste
2254 2617 2420 2670 mittit
2467 2617 2534 2670 ad
2567 2614 2744 2671 Jobab
2775 2631 2790 2670 :
2829 2616 2945 2686 ipse
2983 2627 3067 2670 est
3115 2618 3263 2671 enim
3311 2613 3402 2682 qui
3443 2609 3612 2664 mittit
3643 2606 3710 2661 ad

2115 2725 2310 2764 omnes
2341 2721 2556 2777 gentes,
2595 2717 2650 2762 ct
2685 2708 2886 2762 invitat
2937 2709 3003 2761 ad
3054 2707 3322 2776 prailium.
3366 2703 3527 2757 Mittit
3559 2707 3612 2752 et
3638 2697 3708 2751 ad

2115 2816 2296 2869 regem
2324 2800 2530 2853 Maron.
2557 2798 2736 2854 Jobab
2766 2798 2990 2868 quidem
3040 2799 3438 2865 interpretatur
3477 2787 3715 2844 inimici.

2117 2892 2228 2954 tite,
2250 2890 2437 2944 Maron
2459 2899 2638 2944 autem
2669 2888 3058 2942 amaritudines
3083 2883 3218 2957 (Gl).
3249 2882 3414 2936 Mittit
3442 2894 3572 2946 ergo
3599 2876 3717 2930 dia-

2118 2984 2276 3037 holus
2306 2983 2372 3035 ad
2407 2982 2569 3034 aliain
2605 2982 2864 3035 virtutem
2903 2978 3190 3033 inimicam
3242 2989 3306 3027 cx
3339 2969 3548 3040 angelis
3591 2969 3713 3022 sine

2117 3075 2280 3130 dubio
2303 3073 2532 3139 refugis,
2556 3085 2677 3139 quae
2703 3071 2876 3124 virtus
2894 3066 3330 3121 amaritudinum
3353 3077 3445 3117 rex
3469 3069 3552 3114 est
3571 3077 3584 3115 :
3603 3073 3715 3128 quo

2121 3175 2346 3218 auctore
2383 3163 2596 3218 scilicet
2614 3170 2669 3216 et
2699 3175 2920 3228 operam
2952 3159 3136 3218 dante,
3163 3169 3358 3209 omnes
3386 3166 3508 3222 quae
3533 3151 3584 3203 in
3612 3150 3714 3202 hoc

2125 3255 2326 3308 mundo
2355 3251 2748 3306 amaritudiues
2787 3259 2842 3304 et
2885 3247 3210 3315 asperitates
3255 3244 3470 3297 miseris
3509 3247 3718 3294 morta-

2124 3346 2266 3400 lihtts
2324 3343 2641 3413 inlliguntur
2697 3341 2836 3413 (62),
2883 3339 3165 3393 eveniunt.
3215 3334 3357 3390 Sunt
3394 3343 3574 3386 autem
3611 3330 3715 3381 ista

2124 3441 2338 3494 diversa
2362 3452 2560 3506 genera
2592 3435 2821 3505 peccati.
2847 3433 3032 3502 Neque
3057 3431 3202 3485 enim
3240 3425 3444 3495 aliquid
3475 3423 3716 3476 amarius

2125 3541 2302 3599 potest
2331 3545 2451 3584 esse
2480 3529 2726 3597 peccato,
2755 3527 2971 3582 etiamsi
3000 3521 3252 3592 quaedam
3282 3517 3460 3570 dulcia
3497 3514 3722 3566 νὶιιιιειιις

2127 3639 2216 3681 tur
2253 3627 2306 3680 in
2360 3624 2574 3693 primis,
2628 3622 2772 3675 sient
2820 3618 3080 3673 Salomon
3117 3613 3312 3669 scribit
3336 3611 3380 3642 ⁸⁸
3416 3626 3430 3661 :
3461 3626 3478 3658 ι
3515 3606 3620 3660 Sed
3662 3605 3716 3656 in

2127 3717 2462 3781 novissimis,
2483 3715 2682 3784 inquit,
2712 3714 2950 3766 amarius
2974 3708 3100 3764 felle
3129 3704 3378 3760 invenies
3395 3699 3535 3771 quod
3561 3697 3720 3752 dulce

2131 3812 2186 3865 in
2217 3810 2392 3864 initiis
2431 3807 2738 3870 videbatur,
2766 3814 2821 3858 et
2844 3801 3058 3856 acutius
3083 3798 3201 3853 acie
3228 3795 3411 3866 gladii.
3446 3811 3464 3844 ι
3489 3788 3722 3845 Justitia'

2126 3917 2256 3956 vero
2306 3909 2498 3955 natura
2547 3897 2827 3953 contraria
2855 3903 2960 3959 est,
3003 3893 3056 3946 in
3104 3889 3277 3944 initiis
3308 3886 3524 3940 videtur
3561 3899 3713 3934 ama-

2135 3996 2270 4057 rior,
2305 3995 2358 4045 in
2391 3990 2706 4045 novissimis
2757 4003 2890 4042 vero
2942 3985 3101 4040 melle
3159 3980 3372 4037 dulcior
3406 3975 3716 4037 invenitur,

2129 4100 2253 4140 cum
2281 4083 2502 4136 virtutis
2533 4079 2645 4152 (65)
2673 4081 2882 4132 fructus
2920 4074 3185 4130 attulerit.
3219 4071 3364 4125 Misit
3407 4069 3574 4137 igitur
3605 4065 3723 4118 dia-

2130 4177 2286 4232 huius
2309 4177 2374 4228 ad
2401 4173 2577 4227 Jobab
2607 4173 2888 4226 inimicum
2921 4165 3307 4222 amaritudinis
3327 4175 3529 4230 regem.
3558 4155 3724 4210 Mittit

2131 4277 2320 4322 autem
2353 4265 2520 4319 etiam
2553 4264 2619 4316 ad
2657 4276 2838 4331 regem
2881 4259 3144 4329 Symeon,
3189 4254 3282 4326 qui
3325 4253 3722 4318 interpretatur

2130 4357 2403 4413 emuditio
2435 4353 2569 4428 (64).
2608 4353 2717 4408 Sed
2751 4350 2949 4419 duplex
3005 4348 3219 4401 videtur
3264 4357 3385 4398 esse
3417 4338 3722 4395 exauditio.

2132 4448 2442 4516 Aliquando
2476 4445 2694 4515 quidem
2727 4457 2849 4495 eum
2885 4438 3108 4494 exaudit
3142 4434 3255 4507 (65)
3279 4431 3552 4487 hominem
3583 4429 3723 4481 Deus

2062 4579 2105 4633 Β
2135 4541 2435 4597 secundum
2467 4536 2612 4605 quod
2646 4545 2701 4588 et
2723 4535 2961 4605 Symeon
2991 4543 3130 4582 unus
3163 4543 3230 4582 ex
3257 4521 3717 4633 patriarchisnno-

2137 4651 2260 4689 tnen
2313 4631 2560 4699 accepit,
2603 4629 2864 4696 quoniam
2919 4624 3138 4693 quidem
3201 4617 3523 4674 exaudiet-at
3579 4612 3722 4666 Deus

2135 4740 2352 4795 precem
2388 4723 2585 4776 matris
2637 4721 2778 4791 ejus.
2835 4718 3046 4771 Dicitttr
3089 4716 3257 4767 etiam
3289 4707 3585 4770 exatttlitio,
3615 4719 3722 4772 qua

2133 4817 2256 4886 quis
2295 4814 2516 4869 exaudit
2544 4821 2872 4882 praeceptum
2907 4808 3133 4861 diaboli.
3173 4805 3320 4859 Solet
3362 4803 3507 4858 enim
3537 4800 3726 4854 dicere

2131 4907 2384 4963 diabolus
2412 4904 2460 4938 "
2490 4921 2504 4960 :
2535 4922 2556 4956 ι
2589 4903 2645 4958 Si
2676 4903 2966 4972 procidens
2993 4899 3433 4961 adoraverisme,
3461 4893 3554 4948 tibi
3584 4889 3725 4945 dabo

2134 5005 2252 5060 hac
2279 5005 2483 5060 omnia.
2525 5021 2545 5056 ι
2583 5001 2686 5057 Sed
2719 5011 2775 5056 tu
2823 4999 2868 5055 si
2898 4997 3082 5055 Jesum
3114 4995 3397 5065 sequeris,
3449 4989 3588 5046 dicis
3619 4986 3671 5042 ei
3700 4999 3717 5038 :

1610 5143 1655 5178 "
1684 5143 1846 5200 Prov.
1871 5159 1924 5211 v,
1962 5144 2018 5202 4.
2094 5143 2144 5178 τ’
2163 5144 2369 5201 Matth.
2391 5159 2468 5211 tv,
2491 5142 2546 5198 9.

2143 5291 2320 5336 autem
2359 5277 2766 5337 amaritudinu.
2794 5273 2968 5331 Jobab
2995 5273 3062 5329 ab
3088 5281 3194 5334 3m
3221 5292 3239 5324 t
3267 5269 3522 5326 inimicus
3545 5264 3716 5330 fuit;r

2140 5351 2329 5408 Maron
2363 5361 2544 5404 autem
2577 5363 2606 5401 a
2632 5358 2767 5407 ‘l‘tD
2792 5365 2810 5397 ι
2840 5359 3089 5400 amarum
3132 5359 3275 5398 esse.
3309 5361 3333 5394 ι

2214 5405 2328 5494 (es)
2368 5420 2521 5483 Mss.,
2558 5437 2578 5472 ι
2618 5405 2954 5488 ittlliguntur.
2988 5434 3008 5468 ι
3042 5413 3198 5468 Libb.
3226 5411 3358 5464 editi
3389 5427 3448 5474 ,ι
3486 5405 3722 5476 infigun-

2141 5505 2248 5550 tur.
2292 5511 2312 5544 ι

2210 5547 2324 5632 (65)
2365 5561 2517 5632 Mssa,
2561 5578 2580 5611 ‹
2620 5557 2858 5632 virtutis.
2888 5576 2906 5608 ι
2947 5553 3101 5608 ιίιιυ.
3135 5550 3288 5613 editi,
3320 5547 3604 5632 shvirtt‘tsi

2210 5617 2324 5705 (643
2366 5617 2709 5705 δρινκ-ἐσκεςηί
2742 5628 3123 5694 interpretatur
3161 5619 3455 5674 munditia.
3488 5617 3530 5670 A
3575 5622 3722 5681 vim

2144 5724 2164 5758 ι
2205 5701 2414 5763 audire,
2441 5701 2725 5753 exaudire.
2763 5714 2791 5769 t_
2928 5763 2946 5769 _
3529 5755 3560 5769 ν
3606 5755 3641 5769 ,Δ
3688 5720 3692 5723 ·

2213 5755 2326 5845 (65)
2364 5755 2516 5836 Mssa,
2545 5787 2564 5820 ι
2598 5765 2842 5824 exaudit.
2873 5783 2891 5817 ι
2928 5761 3083 5819 Libb.
3118 5757 3252 5815 editi
3313 5776 3332 5810 ι
3366 5755 3667 5812 exaudivit.
3693 5771 3712 5806 ι
