4146 6444
422 377 527 433 895

1882 367 2205 425 ORIGENIS

3578 377 3684 436 890

424 497 711 551 Dominum
743 496 907 549 Deum
937 496 1198 559 adorabo,
1237 505 1291 549 et
1325 495 1421 563 ipsi
1470 494 1568 549 soli
1608 491 1861 547 serviam.
1897 489 2000 541 Au-
2035 491 2081 545 Δ
2111 485 2378 537 dicentem
2415 481 2479 534 ad
2515 480 2810 550 discipulos
2831 494 2959 538 suos
2989 482 3038 516 ⁷⁸
3074 502 3088 539 :
3121 503 3140 537 ι
3174 485 3294 541 Sint
3325 487 3487 545 lumbi
3520 495 3683 549 vestri

425 592 580 644 diunt
615 600 793 642 autem
826 590 1000 654 illum,
1025 589 1115 657 qui
1155 598 1281 642 sunt
1307 604 1372 641 ex
1423 600 1577 655 parte
1613 585 1750 651 ejus,
1783 584 1923 638 sicut
1950 590 2006 636 et

424 696 569 735 nunc
602 680 731 734 fecit
787 681 891 735 iste
944 680 1212 751 Symeon,
1273 680 1423 732 illum
1477 680 1705 732 audiens
1760 677 1905 729 venit
1936 676 2002 727 ad

426 788 657 841 pugnam
690 782 883 825 contra
931 772 1139 826 Jesum.
1177 771 1343 824 Mittit
1374 780 1556 824 autem
1613 782 1668 823 et
1699 769 1766 821 ad
1820 781 2002 832 regem

426 863 526 916 Zif.
549 863 836 916 Zifautem
858 864 1244 931 interpretatur
1267 862 1657 930 quomodoﬂnit
1680 857 1828 929 !(6(i)
1864 858 2005 910 velut

423 955 745 1008 admirantis
767 970 1061 1009 sermone:
1093 954 1217 1023 quia
1255 962 1309 1007 et
1346 968 1535 1007 revera
1562 950 1866 1005 mirandum
1898 958 2004 1013 est,

423 1048 697 1114 quomodo
716 1045 881 1097 ﬂuunt
902 1045 1080 1097 omnia
1104 1060 1223 1113 qua:
1250 1053 1378 1099 sunt
1401 1044 1562 1114 hujus
1596 1042 1780 1096 mundi
1812 1056 2007 1095 carna-

424 1134 515 1199 lia,
536 1146 587 1188 et
617 1136 889 1201 quomodo
913 1136 1052 1188 ﬂuxa
1074 1146 1202 1189 sunt
1233 1144 1287 1188 et
1317 1136 1543 1199 caduca,
1570 1149 1687 1203 qua:
1715 1135 1853 1202 apud
1880 1132 2003 1185 inli-

420 1228 571 1281 deles
598 1228 846 1281 homines
875 1227 1248 1296 permanentia
1276 1228 1608 1294 deputantur
1637 1234 1691 1281 et
1725 1234 2001 1294 perpetua.

420 1319 522 1384 Qui
554 1331 731 1373 autem
765 1335 945 1372 rerum
978 1320 1289 1373 considerat
1323 1319 1615 1382 rationem,
1645 1327 1698 1370 et
1740 1318 1861 1370 vita:
1905 1316 2003 1368 bu-

415 1410 504 1479 jus
530 1427 649 1480 quae
672 1422 931 1480 putantur
956 1412 1114 1473 bona,
1148 1420 1462 1475 contuetur,
1484 1411 1754 1479 quomodo
1786 1424 2003 1476 semper

424 1510 709 1555 mutentur
763 1512 816 1555 et
850 1510 1160 1563 transeant,
1200 1500 1301 1553 iste
1332 1498 1787 1563 dicit,Qnomodo
1843 1498 1999 1551 ﬂuit!

422 1588 592 1645 Vocat
627 1600 809 1645 autem
843 1602 1033 1645 contra
1064 1588 1412 1644 tilios-lsrael
1445 1589 1689 1642 diaboius
1717 1589 1885 1646 etiam
1910 1604 2006 1643 eos

420 1684 514 1753 qui
544 1685 687 1738 circa
722 1684 978 1737 Sidonem
1018 1698 1265 1753 magnam
1305 1692 1451 1737 sunt.
1490 1682 1601 1753 Ego
1628 1683 1847 1752 quidem
1877 1699 2000 1736 cum

422 1774 473 1829 in
502 1776 633 1831 locis
660 1776 877 1832 Sidonis
899 1776 1192 1844 aliquoties
1219 1777 1534 1831 demoratus
1559 1776 1682 1841 sim,
1721 1791 1998 1842 nunquam

419 1870 655 1939 ccmperi
689 1870 823 1923 duas
852 1884 971 1923 esse
995 1869 1250 1932 Sidonas,
1273 1885 1434 1922 unam
1460 1883 1733 1939 magnam,
1760 1878 1813 1921 et
1839 1868 1999 1922 aliam

419 1975 663 2028 parvam,
691 1973 952 2029 quantum
984 1961 1052 2014 ad
1087 1968 1362 2014 terrenum
1391 1961 1628 2028 pertinet
1661 1958 1862 2012 locum.
1893 1957 1999 2013 Sed

419 2051 462 2105 si
488 2051 554 2104 ad
579 2051 1086 2123 interpretationem
1115 2054 1354 2108 nominis
1381 2052 1626 2115 redeam,
1656 2052 1803 2120 quod
1833 2051 2003 2119 signi-

423 2143 552 2197 ﬁcat
597 2145 951 2209 venatricem,
1003 2144 1087 2199 vel
1145 2155 1436 2199 venatores
1484 2140 1618 2215 (67).
1668 2143 1824 2196 video
1855 2142 1998 2211 quod

420 2233 861 2289 adversariarum
891 2235 1181 2301 virttttum,
1212 2236 1266 2289 in
1306 2236 1501 2305 quibus
1536 2234 1717 2288 multa:
1746 2249 1871 2289 sunt
1900 2232 2002 2286 dif-

420 2324 686 2389 ferentiae,
716 2327 938 2394 quidam
972 2336 1099 2381 sunt
1152 2337 1443 2383 venatores
1474 2329 1527 2381 in
1560 2328 1765 2397 parvis,
1797 2338 1852 2383 et
1883 2329 2003 2395 qui-

420 2416 545 2468 dam
603 2425 888 2470 venatores
932 2416 987 2469 in
1036 2416 1282 2487 magnis;
1327 2417 1377 2470 id
1432 2425 1546 2477 est,
1582 2417 1726 2485 quod
1766 2416 1856 2469 alii
1904 2430 2000 2484 pt‘l’

420 2520 585 2573 parva
618 2516 843 2574 peccata
906 2508 1142 2572 animas,
1181 2508 1272 2560 alii
1326 2524 1422 2577 per
1465 2524 1655 2577 magna
1700 2508 1998 2577 decipiunt.

424 2596 583 2651 Verbi
616 2598 817 2668 gratia,
869 2614 990 2653 cum
1030 2599 1080 2651 in
1120 2597 1491 2666 voluptatibus
1522 2600 1707 2653 saeculi
1734 2610 1785 2653 et
1817 2601 2002 2653 carnis

422 2689 633 2743 deliciis
668 2689 845 2744 anima
870 2691 1157 2760 decipitur,
1191 2691 1241 2743 in
1269 2706 1435 2757 parvo
1459 2700 1611 2759 capta
1647 2692 1874 2745 dicenda
1898 2700 2001 2748 est.

421 2782 556 2836 Cum
590 2797 718 2837 vero
756 2793 847 2837 aut
902 2783 1312 2839 Providentiam
1349 2792 1530 2854 negat,
1591 2792 1682 2837 aut
1729 2784 2002 2839 daemones

420 2873 575 2939 quasi
617 2874 782 2927 Deum
831 2875 984 2940 colit,
1016 2876 1130 2930 lttI‘C
1164 2874 1215 2928 in
1262 2890 1455 2943 magno
1500 2875 1735 2943 putanda
1768 2886 1851 2930 est
1884 2891 2004 2930 esse

421 2963 667 3032 decepta.
690 2964 753 3017 Et
775 2965 893 3019 ideo
912 2980 1055 3018 nunc
1076 2963 1241 3017 mittit
1257 2964 1322 3017 ad
1340 2963 1597 3017 Sidonem
1617 2978 1867 3031 magnam
1889 2962 2002 3030 (68)

421 3059 512 3127 qui
555 3061 707 3129 quasi
740 3061 805 3114 ad
835 3061 1173 3114 vrnationcm
1204 3075 1450 3130 magnam
1469 3062 2002 3116 conveniantcontra

2111 575 2406 643 praecincti,
2431 582 2484 625 et
2523 573 2757 627 lucernae
2786 585 2979 631 vestrae
3005 578 3285 634 ardentes.
3321 600 3342 634 ι
3390 582 3530 637 Sunt
3556 601 3699 656 ergo

2109 681 2293 720 eorum
2340 666 2430 733 qui
2479 667 2530 718 in
2584 666 2824 721 Ecclesia
2869 669 3027 724 fidem
3073 673 3393 727 catholicam
3448 679 3680 743 docent,

2108 771 2162 814 et
2205 759 2418 828 plebem
2460 759 2551 812 Dei
2588 760 2755 815 verbo
2784 762 3031 818 veritatis
3065 764 3406 831 illuminant,
3451 769 3685 825 lucernas

2109 858 2383 911 ardentes.
2420 855 2454 909 Ii
2495 872 2623 910 vero
2672 858 2763 926 qui
2814 858 3069 912 haeretica
3122 860 3371 930 dogmata
3426 879 3488 915 ex
3519 863 3679 935 431

2108 947 2402 1015 Scriptura:
2473 956 2673 1000 sanctze
2744 947 3070 1001 testimoniis
3139 948 3289 1003 falsis
3362 954 3685 1007 assertioni-

2109 1043 2208 1096 bus
2259 1041 2489 1105 docent,
2540 1053 2638 1108 pro
2693 1054 2758 1093 eo
2820 1041 2962 1107 quod
3001 1040 3312 1108 Seripturas
3368 1043 3570 1113 legunt,
3607 1046 3686 1098 vi-

2108 1137 2310 1189 dentur
2350 1133 2652 1189 accendere
2694 1132 2949 1187 lucernas
2978 1150 2994 1187 ;
3025 1133 3116 1188 sed
3148 1134 3271 1202 quia
3306 1135 3458 1188 falsis
3505 1153 3684 1191 asser-

2109 1226 2346 1280 tionibus
2378 1234 2630 1289 utuntur,
2658 1240 2765 1279 non
2792 1235 2919 1279 sunt
2943 1224 3310 1289 lucerntc,sed
3329 1226 3481 1291 quasi
3516 1227 3687 1282 luecr.

2111 1332 2214 1371 nae.
2252 1317 2397 1371 Misit
2422 1318 2586 1372 etiam
2629 1318 2695 1370 ad
2729 1330 2986 1381 campos;
3023 1330 3245 1369 necesse
3276 1316 3419 1367 enim
3463 1325 3600 1376 erat.
3631 1329 3689 1369 ut

2109 1405 2158 1458 in
2187 1407 2505 1459 societatem
2531 1422 2683 1459 suam
2716 1416 2933 1459 voearet
2957 1406 3123 1458 etiam
3153 1419 3247 1457 eos
3279 1407 3368 1472 qui
3408 1406 3457 1457 iu
3484 1408 3691 1475 eampis

2108 1509 2257 1563 Sunt,
2298 1509 2351 1554 et
2396 1500 2620 1554 humilia
2663 1500 2886 1568 sapiunt
2931 1514 2993 1552 ac
3034 1508 3276 1552 terrena.
3331 1498 3477 1553 Misit
3529 1510 3583 1552 et
3637 1502 3686 1552 in

2108 1589 2455 1658 Faneandor,
2511 1592 2603 1661 qui
2658 1592 3052 1660 interpretatur
3104 1594 3373 1645 conversio
3430 1591 3564 1661 (7:2).
3623 1591 3692 1645 Et

2108 1684 2397 1738 conversio
2431 1686 2629 1753 duplex
2668 1685 3007 1753 intelligitur.
3058 1683 3153 1737 Est
3183 1686 3326 1738 enim
3375 1687 3687 1751 conversio,

2110 1794 2213 1845 qua
2249 1778 2369 1843 quis
2399 1777 2467 1831 ad
2506 1778 2674 1831 Deum
2707 1779 3073 1841 convertitur,
3109 1778 3189 1831 vel
3229 1794 3257 1830 a
3290 1778 3397 1830 Deo
3434 1786 3516 1830 est
3552 1793 3688 1833 con-

2107 1886 2290 1924 versus
2329 1872 2395 1923 ad
2442 1871 2603 1925 bona.
2666 1869 2763 1924 Est
2793 1880 2972 1924 autem
3015 1881 3066 1925 et
3104 1872 3207 1925 alia
3238 1869 3348 1941 (75)
3378 1872 3690 1938 conversio,

2104 1977 2205 2028 qua
2242 1976 2332 2015 rex
2363 1959 2547 2024 Jabin,
2583 1961 2634 2015 id
2665 1972 2749 2017 est
2789 1962 3055 2030 diabolus,
3102 1965 3167 2017 ad
3212 1979 3271 2017 se
3318 1965 3529 2018 animas
3555 1978 3691 2017 con-

2104 2055 2288 2117 vertit,
2354 2054 2493 2108 sicut
2543 2062 2597 2106 et
2650 2054 2717 2107 de
2769 2054 3041 2124 Syineoue
3077 2072 3243 2123 supra
3284 2056 3688 2125 exposuimus:

2104 2148 2279 2215 qualis
2311 2147 2546 2215 putanda
2595 2155 2678 2201 est
2731 2156 2786 2201 et
2819 2147 2905 2201 illa
2949 2148 3267 2208 conversio,
3314 2164 3435 2216 quae
3488 2147 3692 2203 Galatis

2104 2239 2401 2302 acciderat,
2451 2239 2516 2291 de
2544 2254 2651 2306 qua
2690 2238 2824 2291 dicit
2864 2238 3156 2307 Apostolus
3200 2239 3292 2289 "1
3332 2258 3348 2289 ι
3379 2238 3693 2291 Currebatis

2105 2331 2264 2394 bene,
2319 2331 2441 2397 quis
2479 2345 2575 2385 vos
2624 2330 2928 2398 impedn‘it,
2967 2350 2984 2381 ι
3047 2331 3153 2384 hoc
3204 2338 3290 2383 est
3341 2331 3608 2383 convertit
3662 2343 3691 2381 a

2105 2441 2267 2479 cursu
2306 2425 2449 2478 bono
2485 2432 2540 2476 et
2576 2422 2778 2476 itinere
2817 2422 3008 2475 recto?
3045 2420 3212 2475 Mittit
3244 2433 3297 2475 et
3345 2423 3408 2473 ad
3442 2434 3534 2475 eos
3559 2460 3572 2481 ,
3600 2420 3693 2489 qui

2103 2528 2261 2573 erant
2292 2518 2343 2571 in
2382 2516 2673 2571 maritimis
2704 2515 2864 2579 locis,
2905 2519 2971 2569 ad
3004 2517 3216 2569 vicinos
3251 2515 3514 2568 fluctuum
3552 2513 3695 2568 Cba-

2108 2627 2346 2673 nameos,
2403 2610 2492 2678 qui
2549 2612 2980 2678 interpretantur
3020 2606 3154 2660 velut
3187 2608 3428 2660 commoti
3465 2606 3606 2676 (7.5),
3639 2606 3691 2659 id

2105 2702 2307 2778 estqui
2351 2715 2565 2770 semper
2600 2699 2931 2753 motiOnibus
2976 2708 3030 2753 ct
3079 2699 3333 2752 ﬂuctibus
3377 2707 3693 2766 permovent

2105 2803 2324 2857 cuncta,
2384 2803 2439 2847 et
2473 2794 2540 2846 ad
2594 2791 2899 2845 maritimos
2947 2791 3318 2844 Amorrlueos.
3382 2790 3691 2843 Amorrlnei

2106 2887 2543 2956 interpretantur
2580 2892 2969 2937 amarescentes
3012 2881 3125 2953 (75)
3154 2925 3168 2946 ,
3201 2884 3291 2950 qui
3332 2891 3458 2935 sunt
3488 2880 3694 2935 similes

2109 2978 2235 3041 illis,
2269 2978 2337 3031 de
2380 2976 2581 3043 quibus
2620 2974 2871 3043 superius
2908 2973 3287 3027 disseruimus.
3336 2969 3483 3025 Talis
3529 2970 3696 3035 igitur

2108 3080 2197 3125 est
2244 3068 2527 3136 catalogus
2590 3066 2755 3121 totius
2809 3065 3014 3120 militia:
3062 3063 3414 3117 invisibilium
3459 3064 3694 3116 hostium

423 3152 563 3206 filios
586 3152 774 3208 Israel.
808 3152 974 3207 Mittit
1010 3162 1062 3207 et
1090 3153 1157 3205 ad
1196 3164 1475 3207 mentana.
1514 3154 1767 3208 Montana
1803 3155 2006 3208 intelli-
2033 3181 2077 3241 Ο
2109 3163 2203 3233 qui
2261 3170 2661 3230 congregantur
2691 3172 2788 3227 per
2834 3173 3015 3227 regem
3045 3155 3202 3210 Jabin
3227 3194 3240 3218 ,
3294 3166 3349 3209 ut
3385 3162 3697 3224 expugnent

422 3245 597 3314 geuda
630 3255 755 3299 sunt
799 3247 980 3300 omnis
1026 3260 1219 3300 sensus
1254 3246 1349 3314 qui
1383 3246 1593 3300 extollit
1642 3262 1702 3301 se
1753 3255 1806 3300 ct
1842 3246 2006 3314 erigit

423 3335 687 3391 adversus
712 3338 998 3391 scientiam
1049 3337 1166 3392 Dei.
1208 3337 1371 3393 Mittit
1396 3348 1450 3394 et
1485 3340 1538 3393 in
1593 3339 1801 3393 Araba.
1834 3339 2008 3392 luter-

426 3440 672 3497 pretatur
705 3437 885 3482 autem
912 3429 1089 3482 Araba
1115 3430 1324 3483 insidia:
1351 3430 1483 3502 (69).
1512 3429 1709 3485 Invitat
1732 3446 1865 3500 ergo
1898 3432 2009 3484 vir-

426 3528 569 3573 tutes
596 3519 982 3584 insidiatrices,
1003 3536 1121 3589 qua:
1146 3523 1414 3576 lnuuanas
1438 3522 1645 3575 animas
1676 3536 1781 3575 non
1814 3523 1888 3585 vi,
1910 3537 2010 3576 nec

423 3611 626 3679 apertis
649 3610 1146 3680 impugnationilius
1180 3609 1317 3683 (70),
1348 3614 1439 3666 sed
1460 3613 1773 3681 improvisis
1798 3615 2010 3668 insidiis

425 3701 742 3770 callidisque
775 3702 1085 3769 decipiant:
1123 3701 1263 3756 forte
1295 3703 1492 3771 quales
1532 3714 1662 3757 sunt
1706 3713 1760 3758 et
1796 3704 1907 3770 illi,
1941 3705 2009 3759 de

423 3796 623 3864 quibus
674 3794 941 3866 Propheta
988 3797 1236 3850 dicit“:
1280 3815 1297 3847 ι
1339 3796 1637 3852 lnsidiatur
1680 3799 1734 3852 in
1791 3798 2009 3852 occulto

425 3890 570 3943 sicut
620 3888 704 3941 leo
734 3889 785 3941 in
822 3888 986 3942 cubili
1021 3903 1143 3955 suo,
1177 3888 1464 3942 insidiatur
1492 3898 1549 3943 ιιι
1581 3892 1759 3960 rapiat
1807 3906 2011 3961 panpe-

427 3998 563 4037 rem.
591 4000 609 4032 ι
628 3981 733 4035 Sed
766 3985 809 4034 si
843 3982 968 4048 quis
994 3981 1117 4035 talis
1134 3990 1217 4035 est
1238 3982 1412 4049 qualis
1433 3981 1652 4049 Paulus,
1673 3984 2009 4038 confidenter

427 4074 554 4127 dicit
587 4073 676 4128 "z
719 4091 739 4125 ι
786 4072 903 4127 Νοιι
960 4073 1102 4127 enim
1159 4073 1472 4142 ignoramus
1528 4076 1757 4131 astutias
1807 4077 1945 4145 ejus.
1980 4097 2000 4131 ι

428 4163 589 4219 Mittit
621 4174 674 4219 et
696 4165 747 4218 in
780 4163 1069 4219 Cenerotb.
1094 4164 1488 4235 Interpretatur
1519 4176 1701 4221 autem
1735 4166 2009 4224 Ceneroth

426 4258 578 4325 quasi
606 4256 835 4311 tucerme
854 4256 988 4327 (7t).
1020 4255 1136 4311 Non
1165 4257 1419 4326 lucernae,
1448 4260 1542 4316 sed
1570 4261 1724 4329 quasi
1751 4259 2009 4317 lucernae.

428 4348 591 4403 Aliud
626 4357 709 4404 est
743 4349 889 4402 enim
921 4348 1163 4415 lucerna,
1200 4350 1344 4405 aliud
1381 4352 1535 4421 quasi
1569 4352 1814 4407 lucerna.
1846 4351 2012 4407 Joan-

428 4458 524 4495 nes
557 4460 575 4492 ι
608 4442 832 4496 lucerna
884 4454 1000 4497 erat
1053 4445 1253 4501 ardens
1283 4446 1349 4511 ⁷³,
1395 4464 1413 4496 ι
1454 4445 1582 4515 quia
1617 4454 1737 4499 erat
1785 4444 2012 4515 angelus

2113 3269 2209 3308 nos
2276 3251 2370 3321 qui
2436 3249 2723 3318 sequimur
2773 3246 2968 3308 ducem
3020 3244 3204 3300 Jesum
3253 3256 3308 3299 et
3353 3244 3693 3298 Salvatorem

2111 3355 2381 3400 nostrum.
2437 3341 2545 3396 Sed
2580 3339 2710 3409 quid
2736 3339 2867 3393 dicit
2899 3337 3202 3392 Dominus?
3260 3356 3276 3387 ι
3303 3336 3380 3389 Ne
3430 3335 3693 3396 verearis,

2115 3436 2292 3505 inquit
2321 3436 2389 3499 ⁷⁸,
2424 3449 2453 3486 a
2481 3430 2621 3485 facie
2646 3445 2861 3494 eorum,
2892 3429 3017 3497 quia
3048 3429 3286 3481 crastina
3316 3428 3402 3479 die
3431 3427 3533 3479 hac
3560 3426 3692 3479 liora

2112 3528 2321 3580 tradam
2353 3540 2449 3581 eos
2481 3524 2535 3578 in
2568 3537 2764 3575 manus
2797 3531 2935 3576 tuas.
2965 3539 2983 3571 ι
3014 3517 3181 3572 Video
3216 3518 3357 3586 quod
3385 3517 3544 3572 hodie
3580 3532 3687 3570 non

2113 3633 2396 3688 possumus
2429 3616 2554 3671 illos
2595 3630 2787 3670 omnes
2822 3614 3168 3683 Opprimere,
3208 3627 3308 3665 nec
3343 3620 3573 3665 cunctos
3614 3611 3694 3663 in—

2116 3710 2382 3775 teriicere,
2438 3709 2533 3762 sed
2602 3706 2847 3761 crastino
2900 3706 3260 3773 perimeatur,
3328 3704 3379 3757 id
3433 3711 3518 3758 est
3573 3711 3696 3771 post

2112 3800 2636 3856 consummationem
2666 3798 2824 3866 hujus
2852 3799 3059 3852 szeculi.
3105 3796 3259 3853 Tunc
3288 3799 3488 3851 etenim
3516 3799 3695 3852 oumis

2112 3897 2286 3949 virtus
2316 3892 2595 3948 contraria
2625 3892 2967 3955 destruetur,
3005 3899 3059 3944 et
3097 3900 3225 3944 tunc
3262 3890 3475 3959 penitus
3514 3890 3698 3943 vince-

2115 3998 2221 4052 tur,
2269 4000 2394 4039 cum
2441 3984 2642 4037 videris
2677 3984 2742 4036 iis
2786 3983 2876 4052 qui
2922 3999 2951 4035 a
3004 3983 3247 4037 sinistris
3291 3990 3415 4036 sunt
3464 3984 3567 4036 dici
3598 3984 3642 4013 ⁷⁷
3679 3999 3693 4035 :

2118 4078 2238 4131 tlte
2292 4077 2343 4131 in
2388 4078 2567 4147 ignem
2620 4085 2906 4140 aeternum,
2959 4089 3120 4142 quem
3180 4076 3510 4144 praeparavit
3558 4074 3697 4128 Dens

2116 4168 2331 4224 diabolo
2354 4177 2410 4222 et
2436 4167 2642 4236 angelis
2674 4167 2812 4236 ejus.
2843 4186 2862 4219 ι
2900 4165 3056 4220 Tunc
3086 4166 3229 4221 enim
3263 4175 3317 4220 et
3354 4181 3451 4218 nos
3479 4166 3525 4219 si
3553 4166 3697 4219 vice-

2118 4261 2307 4326 rimus,
2340 4270 2394 4315 et
2425 4259 2681 4313 obtinere
2710 4260 3029 4329 poterimus,
3066 4270 3357 4327 sequentes
3385 4258 3568 4312 Jesum
3598 4261 3697 4311 du-

2113 4368 2251 4417 cem,
2308 4353 2679 4420 percipiemus
2730 4368 2951 4422 regnum
2986 4356 3129 4419 quod
3184 4350 3503 4420 praeparavit
3556 4350 3697 4402 Deus

2117 4444 2282 4498 Pater
2312 4447 2521 4500 sanctis
2550 4446 2683 4512 suis,
2714 4458 2770 4498 et
2802 4447 2867 4499 iis
2894 4447 2982 4511 qui
3016 4444 3267 4497 mandata
3299 4442 3414 4510 ejus
3448 4452 3502 4494 et
3530 4441 3695 4508 justi-

426 4533 587 4589 lucis.
623 4535 786 4601 Quasi
832 4536 1049 4589 lucerna
1087 4547 1268 4592 autem
1330 4547 1414 4592 est
1458 4537 1548 4591 ille
1589 4538 1681 4605 qui
1724 4537 2010 4607 transﬁgu-
2044 4525 2086 4578 ί)
2121 4535 2222 4586 tias
2268 4534 2655 4604 impleverunt.
2715 4552 2811 4603 per
2876 4536 3049 4603 ipsum
3102 4533 3387 4586 Dominmn
3444 4542 3695 4585 nostrum

431 4635 517 4679 rat
552 4642 611 4680 se
664 4628 715 4681 in
753 4629 1003 4696 angelum
1046 4628 1206 4684 lucis.
1250 4628 1318 4682 Et
1358 4628 1405 4682 si
1456 4628 1538 4683 vis
1582 4630 1758 4683 adhuc
1788 4627 2011 4682 eviden-

429 4719 537 4770 tius
576 4732 801 4772 noscere
836 4718 1171 4774 differentias
1213 4720 1604 4785 lucernarum,
1639 4728 1692 4772 et
1730 4719 1885 4787 quasi
1932 4719 2012 4773 lu-

427 4823 741 4875 cernarum,
778 4827 897 4879 qua:
923 4812 977 4865 in
1012 4811 1283 4866 Cenerollt
1320 4821 1466 4876 sunt,
1504 4812 1628 4865 audi
1666 4810 2007 4865 Salvatorem

2121 4627 2303 4682 Jesum
2330 4627 2633 4690 Christum.
2660 4630 2743 4681 cui
2771 4639 2855 4682 cst
2881 4628 3050 4695 gloria
3094 4636 3149 4681 et
3182 4626 3468 4695 imperium
3501 4626 3551 4678 in
3588 4641 3693 4681 sae-

2120 4720 2241 4773 cula
2265 4720 2608 4774 saeculorum.
2640 4722 2829 4772 Amen.

495 4900 546 4931 τί
578 4899 775 4981 Psalm.
797 4917 869 4954 Ix.
947 4903 990 4934 ⁷³
1020 4903 1071 4981 ΙΙί
1096 4901 1221 4958 Cor.
1256 4918 1317 4968 tl,
1349 4902 1436 4957 Η.
1514 4903 1559 4934 ⁷³
1581 4901 1739 4956 Joan.
1780 4918 1832 4967 ν,
1859 4902 1950 4956 55.

2111 4901 2231 4958 Luc.
2268 4919 2370 4969 xu,
2394 4902 2485 4955 55.
2562 4903 2606 4933 ⁷⁵
2639 4902 2758 4959 Gal.
2792 4921 2840 4968 v,
2878 4902 2929 4956 7.
3006 4902 3051 4933 ⁷⁸
3073 4900 3183 4956 Jos.
3214 4916 3288 4963 ιι.
3319 4904 3370 4956 6.
3438 4903 3479 4932 ⁷⁷
3502 4901 3693 4960 Matth.

429 4986 557 5035 xxv,
593 4972 682 5026 41.

500 5064 613 5128 (66)
655 5058 748 5131 Zif
793 5074 971 5135 antem
1028 5064 1428 5132 interpretatur,
1478 5066 1741 5135 quomodo
1772 5062 1935 5134 ﬂuit!
1972 5067 2015 5117 Α

425 5145 513 5194 ΞΠ
540 5137 615 5186 vel
640 5145 730 5193 ειη
764 5155 781 5186 ι
824 5134 1007 5188 ﬂuere.
1044 5152 1061 5183 ι

503 5206 615 5274 (67)
661 5208 813 5270 Quod
844 5205 1108 5274 signiﬁcat
1150 5207 1490 5271 venatricem,
1528 5205 1603 5259 vel
1635 5216 1935 5259 venatores.
1970 5208 2010 5259 A

426 5285 523 5335 ’τἨί
564 5295 581 5325 σ
624 5277 831 5330 venari.
863 5294 881 5326 ι

501 5350 615 5416 (68)
657 5346 928 5415 Magnam.
960 5345 1122 5402 Deest
1150 5346 1202 5399 in
1228 5345 1361 5400 libb.
1393 5346 1575 5411 editis,
1613 5346 1705 5400 sed
1735 5346 1932 5415 legitur
1962 5346 2013 5399 iu

431 5416 817 5472 Gemeticensi.

505 5490 619 5557 (69)
660 5488 1049 5557 Interpretatur
1090 5498 1265 5542 autem
1308 5490 1485 5543 Araba
1524 5487 1753 5543 insidiw.
1789 5487 1870 5541 Ab
1896 5498 2016 5544 ann

438 5574 457 5607 ι
496 5560 779 5613 insidiatus
803 5568 904 5613 est.
944 5578 962 5611 ι

505 5629 616 5697 (70)
656 5628 837 5685 Codex
867 5629 1182 5699 Saugerm.,
1219 5650 1237 5682 ι
1274 5629 1763 5701 impugnatoribus.
1798 5647 1815 5679 ι
1856 5627 2010 5682 Libb.

434 5697 588 5759 editi,
606 5718 636 5769 ν(
667 5697 1149 5769 expugnatoribus.
1172 5719 1192 5752 ι

508 5768 621 5837 (71)
665 5767 1051 5836 Interpretatur
1078 5782 1250 5823 autem
1284 5770 1539 5825 (ἐσθιενοιῆ
1570 5769 1723 5840 quasi
1759 5768 2007 5824 lucernw.

436 5836 513 5890 Ex
538 5853 571 5900 δ
604 5836 621 5892 ι
658 5841 811 5909 quasi
848 5858 865 5891 ι
900 5849 955 5894 et
980 5851 1046 5899 ra
1086 5861 1103 5891 ι
1131 5842 1372 5896 lucerna.
1419 5861 1436 5893 ι

2194 5064 2306 5131 (72)
2348 5062 2698 5129 Faneandor,
2732 5067 2820 5135 qui
2847 5066 3227 5132 interpretatur
3256 5067 3548 5119 conversio.
3592 5066 3696 5119 Me-

2123 5134 2711 5201 liusinterpretaretur
2744 5154 2761 5185 ι
2788 5139 3074 5190 conversio
3097 5136 3467 5203 generationis
3499 5156 3517 5187 ι
3541 5154 3569 5190 a
3592 5146 3696 5199 ηδε

2129 5223 2147 5255 ι
2174 5208 2445 5275 convertit
2472 5224 2490 5256 ι
2524 5218 2579 5259 et
2602 5214 2700 5263 ἰτς
2736 5225 2752 5255 ι
2783 5208 3079 5275 generatio.
3122 5224 3141 5255 ι

2196 5274 2307 5342 (75)
2339 5275 2470 5329 Mss.
2508 5294 2525 5327 ι
2557 5275 2684 5328 alia.
2720 5297 2738 5328 ι
2773 5274 2930 5329 Libb.
2973 5277 3098 5329 editi
3129 5289 3144 5327 :
3178 5294 3197 5326 ι
3228 5275 3337 5328 illa.
3370 5295 3389 5328 ι

2194 5344 2697 5417 (74)(31ιαιιίιηαιοε,
2760 5348 2850 5417 qui
2903 5348 3320 5413 interpretantur
3372 5348 3507 5399 velut
3554 5362 3697 5398 com-

2122 5418 2268 5468 moti.
2304 5415 2456 5473 Exnt
2485 5416 2620 5469 sicut
2652 5415 2836 5481 ietzi'u
2866 5418 3126 5477 tinoveri,
3155 5418 3541 5469 commoveri.»
3578 5418 3695 5467 (Ia:-

2123 5495 2294 5538 terum
2317 5502 2438 5553 ιιι-ιιι
2454 5486 3057 5552 velutconnnotiiquod
3077 5488 3272 5553 legitur
3303 5487 3354 5539 in
3388 5502 3540 5551 mss,
3572 5485 3696 5538 libri

2119 5558 2248 5609 editi
2283 5555 2480 5609 habent
2513 5574 2530 5605 ι
2561 5557 2703 5610 velut
2737 5559 3050 5611 commotio.
3086 5576 3102 5606 ι
3136 5556 3339 5611 ibidem
3372 5556 3499 5609 libb.
3525 5555 3693 5608 editi:

2126 5643 2144 5675 ι
2186 5628 2277 5693 qui
2302 5641 2517 5693 semper
2539 5626 2593 5679 in
2625 5629 2953 5682 motionibus
2982 5638 3035 5681 et
3072 5628 3321 5681 ﬂuctibus
3352 5635 3695 5695 permanent,

2121 5705 2174 5750 ct
2206 5697 2272 5747 ad
2300 5698 2623 5761 maritimos,
2653 5717 2670 5747 ι
2709 5701 2801 5752 sed
2830 5715 2957 5752 tuss.
2996 5708 3053 5751 ut
3087 5700 3138 5751 in
3171 5709 3355 5749 nostro
3384 5705 3553 5748 textu.

2191 5766 2302 5836 (75)
2333 5765 2623 5819 Ληιω·ι’1ι(ιί
2650 5772 3065 5839 interpretantur
3098 5779 3499 5822 umnresccutes.
3519 5767 3702 5825 ΑἾἿῺ

2125 5854 2143 5887 Ο
2179 5852 2421 5891 amarum
2458 5853 2597 5894 8580.
2633 5858 2652 5891 ι
