4146 6378
406 372 512 428 897

968 482 1245 537 IIOMILIA
1292 484 1405 539 XV.

417 586 478 637 lu
507 594 566 631 ea
594 592 712 648 qua!
737 588 1125 648 consequuntur
1160 589 1272 644 post
1311 577 1491 648 anirt.
1511 596 1527 626 ι
1559 578 1624 631 Et
1642 580 1761 647 fecit
1800 579 1980 646 Jesns,

643 647 828 717 inquit,
862 647 995 699 sicut
1024 657 1339 716 pra'ceperat
1372 649 1418 701 ei
1454 647 1734 702 Dominus.
1774 672 1792 702 ι

482 766 532 821 l.
567 764 676 818 Nisi
704 764 835 817 bella
873 764 974 817 ista
1006 763 1245 818 carnalia
1278 764 1502 833 figuram
1540 764 1803 819 bellormn
1834 767 1987 837 Spiri-

411 857 592 911 talimn
652 865 926 924 gererent,
993 872 1309 925 nunquam,
1360 856 1578 926 opinor,
1627 855 1981 913 Judaicarum

411 948 757 1001 historiarum
791 946 908 999 libri
943 948 1224 1016 discipulis
1242 948 1465 1011 Christi,
1496 949 1585 1016 qui
1627 950 1768 1003 venit
1796 966 1983 1017 pacem

409 1042 624 1103 docere,
676 1040 886 1108 legendi
944 1041 995 1093 in
1041 1040 1291 1095 ecclesiis
1328 1041 1556 1095 fuissent
1607 1042 1676 1095 ah
1726 1043 1987 1108 apostolis

411 1135 615 1187 traditi.
665 1134 782 1199 QYIO
833 1134 977 1186 enim
1018 1134 1098 1188 eis
1126 1132 1389 1187 bellorttm
1425 1134 1714 1201 proficeret
1754 1135 1857 1187 ista
1888 1136 1977 1187 de-

408 1228 658 1294 scriptio,
690 1224 885 1293 quibus
914 1225 1111 1278 dicitur
1142 1223 1210 1277 ab
1233 1222 1359 1279 Jesu
1387 1224 1432 1255 ⁷⁸
1464 1238 1479 1276 :
1517 1242 1534 1273 ι
1569 1224 1762 1278 Pacem
1808 1240 1983 1278 meam

410 1320 480 1371 do
520 1318 706 1382 vobis,
759 1331 944 1384 pacem
980 1331 1151 1369 meam
1191 1316 1437 1385 relinquo
1472 1317 1670 1371 vobis?
1700 1337 1717 1369 ι
1765 1318 1826 1369 Et
1867 1317 1987 1386 qui-

410 1409 510 1462 bus
566 1423 659 1476 per
721 1406 1034 1475 Apostolum
1084 1407 1310 1477 jubetur
1364 1418 1418 1462 et
1477 1409 1786 1461 dicitur”:
1830 1409 1986 1462 «Non

411 1501 767 1567 vosmetipsos
824 1499 1158 1553 vindicantes
1185 1539 1200 1564 ,
1232 1518 1251 1551 ι
1300 1509 1355 1553 et
1393 1517 1406 1555 :
1445 1519 1462 1551 ‹
1492 1499 1661 1570 Magis
1736 1501 1987 1567 injuriam

412 1591 666 1660 accipite,
704 1611 722 1642 ι
759 1601 853 1646 et:
889 1610 907 1642 ί
938 1591 1104 1660 Magis
1153 1591 1398 1647 fraudem
1449 1593 1739 1661 patimini?
1776 1614 1793 1645 ι
1838 1593 1990 1649 Unde

412 1682 649 1751 denique
694 1683 876 1736 sciens
926 1683 1217 1751 Apostolus
1273 1684 1419 1737 nulla
1478 1687 1633 1740 nobis
1686 1686 1795 1756 jam
1850 1687 1989 1739 ultra

410 1774 547 1829 bella
582 1791 702 1829 esse
726 1777 1017 1830 carnaliter
1047 1780 1379 1849 peragenda,
1438 1782 1532 1832 sed
1585 1780 1783 1833 animus
1812 1791 1991 1833 certa-

1383 370 1448 425 ΙΝ
1488 369 1745 426 LIBRUM
1783 365 1946 421 JESU
1987 366 2171 421 N.\VE
2213 368 2493 425 llOMiLlA
2539 371 2653 426 XV’.

3562 366 3668 421 898

2016 492 2055 547 Α
2094 486 2186 538 Dei
2220 486 2445 554 implens
2466 486 2649 547 Jesus,
2681 484 2810 539 fecit
2839 484 2979 537 sicut
3010 482 3267 551 praecepit
3297 482 3346 537 ei
3381 480 3663 539 Dominus.

2090 578 2144 631 In
2182 593 2287 646 quo
2322 580 2497 646 primo
2529 579 2770 631 onmium
2813 577 3045 629 dicimus
3073 575 3139 626 ad
3172 588 3285 637 eos,
3335 576 3426 643 qui
3478 576 3669 629 volunt

2087 672 2386 724 secundum
2413 669 2650 723 litteram
2687 678 2895 720 tantum
2929 666 3044 720 haec
3068 665 3230 736 432
3255 666 3505 736 intelligi,
3541 668 3668 736 quia

2088 756 2133 809 si
2163 756 2381 823 quidem
2406 751 2807 821 superfuissent
2844 754 3011 820 aliqui
3045 770 3111 807 ex
3163 757 3431 820 hostibus,
3470 772 3664 810 conse—

2087 861 2261 915 quens
2286 845 2570 899 videbatur
2595 860 2767 913 equos
2796 846 3146 907 subnervari,
3197 862 3261 899 ne
3306 849 3380 899 uti
3413 848 3490 900 eis
3541 847 3666 916 quis

2090 946 2274 1003 posset
2316 936 2382 988 ad
2448 934 2651 1003 fugam.
2694 935 2849 988 Nune
2893 951 3021 990 vero
3072 951 3195 989 cum
3246 939 3463 991 dicatur
3492 939 3672 992 nullus

2090 1028 2316 1082 relictus
2361 1043 2482 1081 esse
2532 1028 2625 1097 qui
2660 1028 2896 1098 spiraret
2953 1030 3002 1081 in
3052 1030 3321 1093 hostibus,
3356 1047 3454 1085 cur
3505 1033 3669 1084 etiam

2089 1124 2210 1190 equi
2242 1123 2565 1176 subnervari
2608 1120 2896 1189 jubentur,
2950 1121 3038 1186 qni
3089 1124 3275 1189 utique
3309 1124 3425 1176 usui
3457 1138 3519 1175 ac
3574 1123 3675 1175 mi—

2093 1212 2317 1265 nisterio
2351 1222 2602 1280 poterant
2632 1227 2752 1267 esse
2789 1214 3123 1266 victoribus?
3174 1213 3267 1266 Vis
3309 1223 3487 1266 autem
3528 1215 3674 1267 scire

2090 1306 2217 1373 quia
2245 1305 2451 1359 soleant
2502 1304 2757 1358 Israelita:
2798 1305 2959 1371 hujus
2994 1306 3068 1359 rei
3100 1316 3155 1360 et
3187 1306 3440 1358 utilitatis
3465 1307 3669 1359 habere

2093 1411 2303 1459 curam,
2333 1406 2385 1449 et
2426 1396 2656 1450 devictis
2700 1397 2949 1450 hostibus
2976 1400 3040 1449 ad
3074 1413 3202 1451 suos
3233 1414 3361 1451 usus
3392 1413 3674 1452 reservare

2088 1486 2365 1553 jnmenta?
2426 1486 2479 1540 In
2526 1487 2779 1541 Nnmeris
2825 1488 3057 1556 legimus
3099 1492 3361 1557 scriptum
3413 1490 3479 1555 δ’,
3547 1491 3674 1559 quia

2093 1593 2214 1632 cum
2244 1594 2309 1632 ex
2343 1588 2612 1647 praecepto
2652 1578 2744 1633 Dei
2780 1582 3178 1647 processissent
3203 1598 3448 1651 pugnare
3480 1583 3673 1634 adver-

2094 1690 2211 1726 smn
2259 1672 2614 1736 Madianitas,
2671 1673 2896 1727 devictis
2946 1675 3192 1728 hostibus
3247 1674 3453 1742 aliquot
3509 1676 3675 1729 millia

2098 1767 2374 1820 asinorum
2417 1766 2482 1818 de
2519 1764 2697 1833 praeda
2738 1765 2977 1818 hostium
3017 1778 3371 1820 reservarunt
3406 1768 3523 1821 suis
3564 1769 3676 1820 usi-

409 1867 556 1920 mina
612 1878 798 1920 ροηιη,
856 1830 1131 1937 ερίιιίιεῂεε
1183 1830 1557 1924 adversarios
1628 1871 1937 1925 desudamp,
1968 1913 1983 1935 ν
2026 1830 2067 1884 Β
2096 1855 2196 1907 bus
2225 1854 2559 1924 profuturos,
2599 1872 2699 1911 nec
2730 1858 2952 1910 omnino
2983 1857 3221 1910 refertur
3249 1858 3320 1911 ibi
3354 1859 3479 1928 quia
3506 1860 3678 1911 inter-

410 1958 556 2011 velut
606 1959 863 2028 magister
916 1958 1121 2014 militia:
1182 1970 1509 2029 przeceptum
1566 1963 1661 2015 dat
1725 1962 1987 2017 militibus

409 2048 610 2103 Christi
642 2052 826 2104 dicens
851 2050 895 2083 ⁸ο
925 2068 939 2103 :
987 2071 1005 2103 ι
1036 2051 1241 2106 lnduite
1273 2067 1365 2106 vos
1399 2068 1551 2105 arma
1584 2052 1674 2107 Dei
1706 2092 1722 2119 ,
1767 2064 1825 2108 ut
1858 2070 1984 2122 pos-

409 2139 529 2193 sitis
552 2149 698 2195 stare
735 2142 997 2197 adversus
1043 2143 1273 2197 astutias
1313 2142 1426 2216 (76)
1481 2144 1701 2199 diaboli.
1739 2164 1759 2197 ›
1802 2145 1869 2199 Ει
1929 2157 1987 2201 ιιι

411 2231 603 2284 borum
654 2234 976 2301 spiritalium
1040 2235 1307 2289 bellorum
1380 2251 1445 2289 ex
1509 2246 1753 2292 veterum
1823 2239 1991 2308 gestis

302 2360 321 2377 .
410 2321 612 2377 habere
642 2326 911 2393 possimus
939 2328 1212 2397 exempla,
1246 2328 1379 2381 istas
1405 2329 1561 2383 nobis
1591 2346 1775 2386 rerum
1807 2344 1987 2403 gesta-

412 2429 530 2467 rum
566 2418 910 2471 narrationes
941 2417 992 2470 in
1029 2417 1262 2472 ecclesia
1293 2418 1463 2473 voluit
1496 2421 1741 2484 recitari,
1776 2431 1833 2475 ut
1866 2438 1986 2485 nos,

411 2505 455 2559 si
487 2506 757 2574 spiritales
783 2522 993 2571 smnus.
1021 2510 1307 2565 audientes
1326 2512 1453 2579 quia
1488 2512 1570 2567 lex
1592 2514 1854 2582 spiritalis
1882 2524 1991 2578 est,

415 2602 466 2654 in
541 2601 605 2653 iis
664 2615 783 2668 qua:
845 2600 1097 2653 audimus
1143 2602 1255 2669 (77)
1311 2605 1653 2675 spiritalibus
1720 2606 1990 2675 spiritalia

410 2703 805 2757 comparemus,
832 2699 885 2743 et
919 2692 1351 2759 contemplemur
1382 2710 1446 2749 ex
1485 2696 1550 2749 iis
1590 2697 1848 2767 gentibus
1872 2713 1994 2765 qua:

412 2780 687 2835 carnalem
747 2780 909 2836 Israel
957 2783 1243 2838 visibiliter
1292 2797 1713 2857 Oppuguarunt,
1776 2798 1994 2859 quanta:

414 2873 523 2928 sint
576 2883 764 2942 gentes
801 2876 1203 2929 contrariarum
1232 2878 1493 2933 virtutum
1521 2891 1586 2930 ex
1620 2876 1989 2949 spiritalibus,

414 2979 533 3033 quae
560 2965 813 3018 dicuntur
846 2966 1117 3033 spiritales
1136 2969 1390 3036 nequitiae
1414 2972 1465 3023 in
1499 2970 1835 3035 ccelestibns,
1870 2987 1990 3038 qua:

417 3057 673 3110 adversus
706 3057 1008 3111 Ecelesiam
1041 3059 1279 3126 Domini,
1316 3076 1438 3129 qua:
1480 3076 1564 3116 eSt
1607 3079 1772 3117 verus
1804 3065 1991 3129 Israel,

417 3146 681 3199 suscitent
713 3146 871 3200 bella.
902 3145 1160 3201 Moabitae
1201 3152 1425 3203 veniunt
1458 3160 1510 3203 et
1548 3152 1899 3218 Ammonitar,
1938 3163 1993 3208 et
2021 3166 2067 3230 ε

414 3251 607 3291 oumes
647 3236 717 3289 illi
755 3251 931 3306 reges,
960 3248 1012 3291 et
1049 3246 1241 3308 gentes
1272 3242 1609 3307 invisibiles,
1654 3260 1794 3313 quas
1833 3261 1992 3315 supe-

419 3330 532 3385 rius
567 3333 1020 3398 memoravimus,
1062 3336 1349 3389 adversum
1390 3352 1488 3390 nos
1523 3339 1746 3392 veniunt
1784 3356 1992 3409 pugna-

420 3430 554 3477 tura:
581 3423 715 3494 (78),
746 3425 810 3478 ad
846 3426 944 3481 hoc
977 3436 1033 3479 ut
1064 3442 1289 3495 peccare
1316 3445 1416 3483 nos
1442 3429 1662 3483 faciant.
1691 3431 1825 3496 Quia
1852 3434 1995 3486 sicut

418 3529 616 3585 corpus
652 3529 870 3586 accepto
896 3518 1023 3572 ferri
1053 3520 1276 3574 vulnere
1318 3523 1571 3579 moritur.
1613 3523 1684 3575 ita
1718 3534 1769 3576 et
1811 3526 1989 3579 anima

419 3619 640 3677 accepto
706 3612 911 3678 peccati
965 3611 1187 3667 vulnere
1245 3614 1496 3667 moritur.
1550 3615 1626 3668 Et'
1668 3628 1799 3683 puto
1848 3618 1993 3684 quod

418 3703 607 3756 eadem
637 3702 974 3772 frequentius
998 3706 1181 3760 dicere
1208 3707 1364 3761 nobis
1389 3708 1609 3776 quidem
1637 3711 1848 3779 pigrum
1875 3726 1995 3767 esse

420 3796 643 3861 debeat,
676 3798 825 3852 vobis
854 3808 1031 3853 tamen
1068 3801 1434 3855 necessarimn
1467 3802 1559 3855 sit.
1594 3800 1811 3856 Utinam
1845 3806 1994 3858 enim

423 3889 506 3942 vel
568 3888 908 3958 frequentius
959 3892 1101 3946 dicta
1153 3893 1268 3947 haec
1316 3894 1515 3949 animis
1563 3898 1763 3949 vestris
1804 3900 1997 3953 crebro

423 3983 690 4038 inculcata
724 3986 972 4051 teneatis,
1007 3996 1064 4038 ut
1103 4001 1205 4040 non
1246 3987 1359 4041 htec
1395 3986 1656 4057 legentes.
1695 3990 1776 4042 vel
1806 3989 1997 4043 Judai-

420 4092 544 4130 cum
594 4077 647 4129 in
691 4078 773 4133 eis
819 4093 1035 4132 sensum
1067 4080 1316 4145 teneatis,
1377 4079 1460 4135 vel
1512 4081 1852 4134 hieretieum.
1892 4081 2037 4136 Sed'

422 4178 776 4239 posteaquam
830 4171 1157 4240 generaliter
1210 4172 1668 4234 commonuimus,
1729 4188 1833 4225 non
1891 4176 1999 4228 erit

424 4261 756 4333 superfluum
786 4264 949 4317 etiam
997 4263 1279 4332 speciatim
1317 4265 1383 4320 de
1415 4265 1481 4321 iis
1508 4280 1629 4335 quae
1671 4265 1803 4319 lecta
1847 4276 1998 4332 sunt,

424 4367 597 4423 pauca
630 4353 924 4408 disserere.
958 4354 1285 4424 Repetentes
1317 4356 1485 4425 igitur
1513 4371 1574 4411 ea
1601 4372 1718 4427 qua:
1747 4356 1801 4412 in
1837 4373 2000 4427 supc-

428 4444 666 4499 tioribus
690 4446 888 4500 omissa
925 4448 1156 4511 fuerant,
1193 4449 1552 4504 disseramus.

2092 1946 2319 2001 fecerint
2353 1950 2535 2002 asinos
2582 1950 2824 2001 hostibus
2852 1950 3142 2017 superatis.

2164 2041 2219 2096 ὃ.
2279 2041 2386 2096 Nos
2449 2056 2577 2110 ergo
2634 2039 2974 2109 Seripturam
3034 2051 3280 2097 sanctam
3350 2044 3677 2114 sibimetipsi

2093 2136 2460 2202 conferentes,
2491 2145 2546 2191 et
2571 2135 2911 2205 spiritalibus
2943 2136 3212 2203 spiritalia
3262 2146 3675 2204 comparantes,

2095 2227 2439 2296 requiramus
2469 2228 2600 2296 quid
2628 2235 2712 2280 est
2738 2226 2880 2294 quod
2908 2226 2971 2277 de
3007 2227 3180 2279 asinis
3207 2226 3425 2295 quidem
3455 2242 3561 2280 non
3596 2236 3681 2281 est

2095 2318 2358 2386 scriptum
2387 2319 2511 2388 quia
2560 2316 2872 2371 subnervati
2903 2328 3065 2381 sunt,
3111 2332 3209 2371 nec
3259 2317 3677 2372 Madianitarum

2096 2411 2265 2481 spolia
2295 2412 2381 2466 vel
2419 2411 2675 2465 animalia
2717 2410 3041 2480 interempta
3102 2411 3373 2475 dicantur,
3414 2411 3507 2464 sed
3552 2426 3681 2481 pro-

2100 2506 2265 2561 fuisse
2298 2504 2611 2560 lsraeliticis
2670 2503 2857 2558 usibus
2885 2519 2898 2556 :
2928 2505 2994 2557 de
3021 2502 3141 2557 istis
3186 2511 3368 2556 autem
3411 2502 3503 2572 qui
3559 2518 3668 2559 non

2099 2598 2376 2653 habebant
2411 2598 2612 2659 asinos,
2652 2596 2747 2651 sed
2784 2610 2958 2663 equos
2986 2634 3000 2660 ,
3047 2594 3305 2664 praecepit
3355 2596 3469 2664 ipse
3499 2596 3682 2650 Domi-

2100 2706 2225 2756 nus,
2262 2699 2316 2744 et
2347 2689 2703 2759 dixit,Equos
2732 2705 2924 2744 eorum
2957 2690 3367 2745 snbnervabitis
3400 2709 3414 2746 :
3446 2692 3591 2760 quod
3628 2700 3684 2746 et

2097 2780 2260 2836 Jesus
2294 2780 2436 2836 sicut
2465 2796 2495 2833 a
2527 2779 2758 2835 Domino
2788 2783 3100 2846 mandatur,
3123 2782 3385 2851 explevit.
3421 2782 3683 2837 Pntamns

2099 2872 2215 2926 haec
2253 2873 2517 2926 accidisse
2555 2870 2818 2937 fortuitu,
2868 2882 2924 2925 ut
2974 2874 3097 2941 equi
3137 2874 3362 2927 hostiles
3401 2873 3685 2928 interime-

2100 2973 2315 3024 rentur,
2356 2971 2410 3015 et
2447 2962 2586 3016 asini
2627 2974 2999 3026 servarentur,
3059 2971 3115 3016 et
3169 2963 3221 3015 in
3261 2965 3544 3032 prteceptis
3590 2965 3683 3018 Dei

2101 3053 2326 3106 fortuita
2373 3053 2555 3124 aliqua
2606 3054 2941 3109 arbitramur
3004 3056 3285 3110 incidere?
3343 3057 3422 3109 An
3472 3056 3686 3125 dignius

2100 3146 2315 3199 videtur
2352 3154 2409 3200 ut
2440 3156 2695 3216 putemus
2727 3149 2901 3215 magis
2943 3148 2994 3201 in
3022 3149 3089 3201 iis
3121 3148 3463 3218 Scripturam
3490 3152 3685 3219 mysti-

2099 3256 2221 3294 cum
2260 3240 2465 3308 aliquid
2502 3240 2793 3296 iudicare?
2834 3242 3075 3311 Denique
3108 3250 3162 3296 et
3205 3242 3298 3295 filii
3337 3241 3504 3296 Israel
3553 3259 3687 3295 tutn-

2100 3349 2263 3403 quam
2310 3333 2467 3403 equis
2517 3333 2597 3387 usi
2640 3348 2762 3388 esse
2808 3333 3143 3395 referuntur,
3197 3344 3251 3387 et
3292 3334 3376 3387 lex
3432 3334 3565 3387 nihil
3621 3335 3688 3387 de

2097 3426 2276 3495 equis,
2310 3427 2402 3480 sed
2434 3426 2501 3480 de
2528 3424 2703 3480 asinis
2753 3426 2995 3489 mandat,
3032 3434 3221 3494 utpote
3251 3426 3318 3479 de
3362 3425 3690 3480 animalibus

2101 3534 2222 3589 qua:
2269 3522 2337 3575 ad
2389 3520 2657 3574 humanos
2706 3518 2920 3573 labores
2963 3519 3252 3588 jnvandos,
3308 3531 3361 3575 et
3409 3521 3476 3574 ad
3518 3535 3687 3575 onera

2099 3629 2289 3668 eorum
2322 3613 2587 3680 portanda
2612 3612 2866 3665 videntur
2888 3614 3174 3677 exsistere,
3208 3615 3331 3683 equi
3358 3628 3485 3668 vero
3516 3615 3691 3683 magis

2101 3705 2166 3759 ad
2200 3705 2477 3759 hominum
2509 3704 2871 3772 perditionem
2905 3723 2916 3757 :
2957 3704 3059 3756 hoc
3100 3706 3243 3759 enim
3282 3718 3385 3768 est,
3418 3708 3560 3773 quod
3595 3723 3690 3775 per

2103 3812 2196 3851 eos
2247 3798 2302 3850 in
2346 3796 2547 3866 praeliis
2587 3797 2821 3867 geritur.
2873 3795 3085 3850 Lascivi
3124 3806 3302 3850 motus
3348 3783 3582 3863 animal,
3635 3809 3689 3853 et

2103 3892 2349 3959 superba:
2402 3889 2635 3944 cervicis
2691 3890 2980 3958 accipitur.
3034 3889 3174 3942 Sunt
3218 3905 3350 3957 ergo
3386 3890 3524 3943 asini
3580 3890 3692 3943 fre-

2103 3991 2387 4050 quentera
2424 3981 2709 4049 Scriptura
2763 3981 2818 4034 in
2861 3991 2986 4051 typo
3029 3981 3271 4050 gentium
3309 3982 3468 4050 positi
3508 3982 3692 4036 :sicnt

2102 4084 2159 4127 et
2192 4071 2440 4127 Salvator
2469 4071 2781 4126 ostenditur
2808 4086 2971 4140 supra
3013 4073 3229 4124 asinum
3268 4072 3487 4134 sedens,
3541 4087 3684 4123 nun-

2104 4180 2267 4234 quam
2292 4174 2472 4217 autem
2495 4176 2636 4231 equo
2662 4161 2859 4217 sedens
2886 4161 3140 4217 refertur.
3168 4162 3272 4216 Sed
3294 4171 3349 4215 et
3380 4177 3504 4216 cum
3531 4161 3693 4215 disci-

2105 4257 2261 4328 pulos
2298 4256 2462 4310 mittit
2506 4257 2574 4309 ad
2601 4254 2917 4310 solvendam
2956 4256 3185 4317 asinam,
3244 4265 3299 4309 et
3338 4255 3543 4324 pullum
3581 4256 3691 4309 asi-

2106 4366 2211 4418 nae,
2232 4349 2362 4403 dicit
2388 4348 2467 4402 eis
2491 4347 2576 4400 3':
2615 4366 2634 4399 ι
2673 4347 2729 4403 Si
2758 4346 2880 4416 quis
2911 4362 3007 4402 vos
3038 4347 3479 4417 interi-agaverit,
3528 4348 3693 4401 dicite

2107 4444 2234 4513 quia
2262 4442 2520 4497 Dominus
2556 4442 2638 4497 eis
2673 4456 2812 4509 opus
2846 4440 3029 4495 habet.
3058 4459 3076 4492 ι
3150 4440 3217 4493 Ει
3275 4439 3476 4494 sedens
3529 4455 3695 4509 super

498 4537 552 4592 2.
594 4557 612 4589 ‹
639 4538 699 4592 Et
730 4538 856 4593 fecit
882 4580 896 4603 ,
932 4541 1105 4609 inquit
1128 4539 1195 4607 εί,
1229 4541 1308 4596 eis
1337 4539 1494 4596 Jesus
1514 4582 1529 4607 ,
1559 4543 1702 4596 sicut
1730 4557 1996 4612 praecepe-

2107 4544 2230 4584 eum
2253 4531 2553 4599 ingreditur
2576 4528 2900 4593 Jerusalem,
2935 4539 2989 4582 et
3017 4544 3292 4598 nunquam
3315 4544 3457 4598 equo
3485 4529 3687 4583 sedens

431 4640 516 4685 rat
546 4631 594 4685 ei
640 4630 917 4688 Dominus.
957 4634 1138 4704 Equos
1167 4648 1354 4688 eorum
1384 4634 1758 4699 subnervavit,
1795 4645 1848 4687 et
1877 4650 2006 4688 enr—

434 4740 527 4779 rus
553 4740 738 4780 eorum
770 4729 980 4782 exussit
1012 4728 1142 4798 igni.
1190 4727 1256 4781 Et
1297 4741 1596 4781 conversus
1630 4725 1789 4781 Jesns
1830 4728 1882 4778 in
1918 4726 2007 4780 illo

437 4825 678 4883 tempore
701 4821 988 4887 occupavit
1032 4820 1173 4873 Asor
1200 4829 1254 4875 et
1286 4834 1465 4889 regem
1509 4818 1627 4886 ejus
1656 4818 1858 4873 occidit
1893 4818 2008 4888 gla-

437 4908 547 4974 dio,
579 4918 633 4963 et
662 4909 934 4965 interfecit
974 4927 1189 4965 omnem
1222 4913 1313 4982 qui
1354 4911 1599 4980 spirabat
1638 4911 1692 4965 in
1728 4926 1791 4964 ea
1835 4912 1887 4964 in
1915 4924 2010 4965 ore

438 5001 622 5067 gladii,
650 5009 704 5054 et
728 5004 1070 5058 exterminati
1110 5013 1234 5057 sunt
1271 5017 1483 5069 omnes,
1520 5001 1595 5056 ita
1624 5010 1686 5055 ut
1711 5017 1816 5056 non
1849 5003 2010 5056 relin-

438 5110 699 5168 queretur
730 5098 782 5152 in
815 5112 875 5151 ea
910 5095 1001 5166 qui
1031 5095 1346 5164 respiraret.
1368 5114 1385 5145 ι
1412 5092 1726 5147 Mandatum
1753 5092 1956 5147 dicitur
1978 5106 2010 5144 a

442 5194 554 5249 Deo
583 5193 769 5245 datum
809 5191 873 5243 ad
903 5187 1107 5255 Jesnm,
1154 5196 1213 5241 ut
1254 5196 1605 5255 posteaquam
1645 5191 2015 5254 expugnasset

441 5285 627 5340 hostes
662 5272 922 5350 superius
987 5289 1338 5341 memoratos,
1400 5276 1530 5330 nulli
1580 5284 1866 5344 parceret,
1916 5275 2012 5327 sed

438 5391 609 5445 equos
652 5389 836 5429 eorum
876 5370 1257 5436 subnervaret,
1306 5367 1458 5422 Unde
1502 5367 1650 5419 velut
1688 5367 2009 5419 mandatum

508 5474 555 5506 ⁷⁸
577 5471 732 5527 Joan.
776 5486 886 5529 χεν,
934 5467 1023 5520 27.
1102 5466 1195 5518 "l
1244 5465 1369 5519 Cor.
1422 5480 1495 5528 vt,
1546 5463 1600 5518 Ἰ.

441 5560 554 5612 χιι,
582 5546 636 5598 5.
712 5541 758 5573 ⁸⁵
798 5539 963 5593 Zaeh.
995 5536 1182 5602 tx,10.

512 5659 623 5729 (76)
655 5660 767 5712 Duo
798 5673 926 5729 mss.
956 5656 1329 5719 Ebroicenses,
1353 5675 1393 5729 _t
1427 5652 1725 5729 insidias.)

514 5721 625 5800 (Π)
666 5730 845 5783 Codex
884 5728 1170 5797 Sangerm.
1219 5743 1235 5775 ι
1261 5725 1535 5779 audimus.
1563 5742 1583 5775 ι
1641 5722 1797 5778 Libb.
1827 5721 1957 5777 editi
1999 5738 2011 5774 :

451 5819 469 5853 ι
489 5801 808 5857 audivimus.
836 5818 853 5850 υ

1676 5464 1722 5497 ⁸ο
1772 5462 1969 5531 Ephes.
2018 5475 2092 5523 \‘l,
2144 5459 2229 5511 ll.

2105 4621 2386 4692 ingressus
2412 4635 2534 4676 esse
2560 4620 2781 4675 dicitur.
2826 4620 2931 4675 Sed
2967 4630 3022 4674 et
3062 4622 3328 4691 propheta
3363 4623 3430 4674 de
3468 4622 3584 4690 ipso
3620 4622 3694 4673 ita

2105 4714 2574 4784 praenuntiaverat
2620 4711 2765 4781 quod
2811 4712 3007 4766 sedens
3058 4712 3213 4767 asino
3260 4712 3472 4766 veniret
3504 4712 3571 4765 ad
3605 4710 3695 4767 Je-

2108 4808 2366 4874 rusalem,
2435 4807 2624 4863 dicens
2675 4805 2722 4838 ⁸δ
2761 4824 2773 4859 :
2810 4805 2997 4860 «Ecce
3055 4821 3149 4859 rex
3200 4814 3323 4859 tuus
3377 4814 3696 4860 mansuetus

2126 4902 2321 4955 sedens
2337 4912 2501 4969 super
2526 4887 2864 4969 s'ubjtigalem
2900 4908 2955 4952 et
2982 4896 3186 4967 pullum
3211 4897 3375 4959 asina:
3399 4898 3694 4952 novellum.

2109 4993 2174 5046 Et
2203 4988 2587 5047 extermina'bit
2613 5006 2808 5046 currus
2838 4988 3095 5057 Ephrem,
3136 4998 3191 5043 et
3213 5004 3410 5059 equum
3437 5004 3504 5044 ex
3536 4988 3695 5045 Jeru-

2111 5084 2304 5138 salem.
2344 5102 2362 5134 ι
2418 5083 2582 5138 Vides
2621 5096 2750 5151 ergo
2777 5084 2901 5150 quia
2931 5080 3065 5151 (79),
3095 5083 3390 5135 secundum
3422 5082 3699 5151 prophetae

2110 5176 2459 5242 sententiam,
2490 5175 2579 5244 qui
2622 5187 2785 5243 super
2829 5172 3041 5227 asinum
3075 5172 3256 5236 sedet,
3315 5173 3699 5225 ex-Ierminabit

2111 5282 2304 5321 Currus
2337 5267 2597 5335 Ephrem,
2632 5275 2688 5320 et
2733 5280 2932 5333 equum
2977 5266 3042 5319 de
3094 5263 3418 5318 Jerusalem.
3473 5263 3536 5315 Et
3579 5263 3698 5314 ideo

2112 5363 2367 5414 videntur
2404 5360 2534 5413 mihi
2576 5358 2716 5413 asini
2750 5357 2995 5426 quidem,
3054 5365 3111 5409 ut
3163 5357 3419 5416 diximus,
3471 5353 3696 5422 figuram

2305 5457 2346 5487 δ’
2379 5454 2494 5510 Jos.
2536 5470 2614 5519 XI,
2664 5454 2821 5508 9-H.
2911 5453 2957 5483 ⁸¹
2991 5451 3148 5504 Num.
3194 5463 3344 5501 “XI.
3420 5446 3466 5476 ⁸³
3502 5446 3696 5499 Matth.

2192 5647 2303 5720 (78)
2346 5644 2511 5712 Idem,
2547 5663 2565 5697 ι
2610 5652 2949 5713 pugnatnrre.
2989 5658 3007 5689 ι
3056 5636 3211 5690 Libb.
3251 5633 3401 5698 editi,
3451 5652 3469 5686 ε
3495 5650 3701 5708 pugna-

2124 5730 2308 5859 ¹¹¹¹ξ¹ή9ζ
2338 5786 2461 5842 Mss,
2498 5802 2515 5836 ι
2547 5784 2692 5854 quia.
2725 5800 2743 5833 ι
2783 5781 2939 5834 Libb.
2974 5776 3122 5839 editi,
3170 5794 3187 5827 ί
3220 5774 3515 5848 quomodo.
3547 5795 3567 5830 ι
