4146 6416
466 408 572 463 899

1914 396 2236 458 ΟΠΙΟΕΧΙΞ

3628 394 3735 449 9οῢ

467 540 687 583 servare
724 538 913 579 eorum
945 525 1035 593 Qui
1062 540 1127 579 ex
1156 525 1403 595 gentibus
1437 526 1692 592 credunt,
1726 538 1892 593 super
1913 538 2050 592 quos
2080 524 2126 579 Α
2152 519 2277 588 quis
2329 519 2513 587 equini
2563 519 2780 587 generis
2827 518 2892 570 de
2926 515 3116 585 spoliis
3147 515 3383 570 hostium
3412 525 3569 582 capta
3604 518 3732 572 sub-

468 619 581 692 (80)
614 619 819 674 sedisse
853 618 1116 672 scribitur
1142 620 1432 685 Dominus;
1456 619 1577 685 equi
1602 632 1728 670 vero
1754 618 1845 687 qui
1870 626 2054 671 exter-

468 713 761 776 minantur,
799 721 854 765 et
877 726 1092 776 currus,
1124 711 1347 780 ﬁguram
1378 722 1563 764 tenere
1589 710 1804 765 illorum
1825 748 1839 773 ,
1865 709 1958 777 qui
1999 711 2049 760 in

465 801 780 855 coelestibus
807 802 988 869 positi,
1019 817 1114 871 per
1146 801 1429 855 lasciviam
1461 809 1515 854 et
1559 799 1867 870 superbiam
1900 799 2050 853 deci-

467 895 681 953 derunt,
715 893 930 961 quando
954 890 1035 946 vel
1067 892 1131 945 ad
1172 892 1310 946 ﬁlias
1344 893 1621 947 hominum
1654 893 2051 962 concupiscen-

465 982 582 1047 das,
618 983 941 1049 semetipsos
994 982 1303 1036 incentorcs
1357 981 1467 1051 (8|)
1516 984 1905 1051 prmhuerunt,
1968 983 2048 1036 vel

464 1071 637 1124 secuti
692 1082 818 1124 sunt
870 1071 1044 1134 illum,
1096 1072 1187 1140 qui
1239 1071 1379 1124 dixit
1420 1071 1468 1103 ⁸³
1513 1090 1527 1125 :
1579 1072 1831 1125 «Ponant
1890 1088 2053 1141 super

466 1162 639 1215 nubes
687 1162 868 1214 sedem
924 1176 1117 1221 meam,
1179 1170 1234 1214 et
1284 1176 1378 1215 ero
1431 1161 1622 1215 similis
1680 1162 1985 1216 Altissimo.
2028 1179 2047 1213 ι

468 1253 594 1307 Inde
630 1252 879 1307 fortassis
908 1263 994 1306 est
1025 1252 1166 1321 quod
1198 1262 1253 1307 et
1283 1252 1552 1322 Propheta
1590 1255 1723 1309 dicit
1755 1256 1799 1286 ⁸⁸
1835 1273 1846 1308 :
1886 1274 1903 1305 ι
1928 1254 2053 1308 Fal-

477 1360 571 1397 sus
604 1359 779 1413 equus
803 1346 867 1395 ad
900 1344 1150 1397 salutem.
1186 1362 1205 1396 ι
1257 1343 1324 1397 Ει
1349 1345 1545 1399 iterum
1575 1344 1702 1399 dicit
1758 1347 1823 1399 de
1867 1347 1931 1400 iis
1959 1346 2048 1415 qui

470 1437 524 1489 in
561 1436 898 1489 dmmonibus
934 1435 1276 1490 confidebant
1311 1436 1356 1467 ⁸⁷
1393 1454 1409 1492 :
1444 1457 1461 1487 ε
1490 1436 1549 1489 lli
1587 1437 1637 1489 in
1673 1439 1962 1502 curribus,
1990 1448 2045 1493 et

469 1529 502 1582 ii
539 1530 590 1580 in
623 1529 805 1591 equis,
836 1544 933 1581 nos
959 1540 1140 1581 autem
1176 1530 1229 1582 in
1267 1529 1489 1582 nomine
1539 1529 1631 1583 Dei
1681 1530 1855 1583 nostri
1898 1531 2051 1584 invo-

467 1620 710 1674 cahimus
757 1619 888 1691 (82).
925 1639 944 1671 ›
990 1619 1173 1689 Neque
1204 1621 1349 1673 enim
1387 1635 1588 1675 currus
1623 1629 1677 1675 et
1718 1636 1887 1689 equos
1938 1623 2050 1677 Deo

466 1710 788 1763 contulisset
818 1720 1083 1779 quantum
1143 1712 1209 1764 ad
1266 1711 1627 1765 invocandum
1673 1721 1881 1781 spectat
1914 1730 1927 1765 :
1955 1716 2049 1768 sed

466 1798 652 1866 utique
719 1800 819 1853 hoc
875 1799 1140 1863 ostendit,
1197 1801 1323 1869 quia
1379 1801 1524 1855 sicut
1570 1816 1669 1856 nos
1728 1803 2047 1857 invocamus

469 1892 632 1947 Deum
664 1908 869 1958 verum,
906 1894 977 1946 ita
1011 1892 1083 1946 illi
1139 1894 1397 1948 invocant
1424 1908 1620 1948 currus
1663 1904 1718 1949 et
1751 1910 1941 1963 equos,
1990 1896 2043 1950 id
2081 1865 2121 1923 Β

464 1996 549 2040 est
588 1986 881 2050 dremoues,
940 2002 1077 2057 quos
1116 1985 1443 2041 invocabant
1494 1997 1686 2057 gentes
1744 1989 1877 2053 illa),
1929 2004 2048 2058 qua:

464 2079 726 2132 adversus
773 2078 938 2134 Israel
970 2079 1166 2134 bellum
1200 2080 1480 2148 gerebant.
1520 2080 1625 2135 Sed
1662 2090 1718 2135 et
1758 2080 2046 2151 Egyptio-

465 2186 582 2222 rum
616 2185 794 2239 equos
823 2180 1217 2225 commemorat
1273 2170 1558 2238 Scriptura
1587 2213 1602 2239 ,
1645 2182 1699 2228 et
1734 2173 1867 2227 istos
1904 2174 2050 2241 ipsos

464 2277 601 2330 quos
632 2278 775 2317 nunc
824 2263 1064 2317 interimi
1112 2262 1284 2330 jubet.
1338 2262 1488 2318 Unde
1532 2264 1636 2319 hoc
1688 2266 1909 2336 intelligi
1955 2265 2050 2317 da-

467 2364 552 2408 tur
578 2355 712 2427 (85),
735 2355 875 2424 quod
902 2356 953 2408 in
988 2365 1115 2426 typo
1144 2356 1361 2425 quidem
1394 2357 1673 2412 asinorum
1706 2369 1896 2427 gentes
1927 2373 2050 2427 qua:

463 2446 531 2498 ad
579 2445 956 2500 credulitatem
1010 2447 1253 2511 veniunt,
1311 2448 1507 2503 merito
1559 2458 1957 2504 reservantur:
1990 2450 2044 2505 in

467 2548 591 2609 typo
640 2552 775 2592 vero
818 2552 1103 2609 equorum,
1157 2550 1211 2595 et
1266 2556 1564 2609 curruum,
1625 2544 1899 2599 daemones
1951 2545 2045 2615 qui

464 2630 715 2684 humanae
753 2629 911 2685 saluti
942 2631 1238 2686 adversarii
1273 2642 1419 2700 sunt,
1474 2643 1533 2688 et.
1583 2634 1811 2698 inimici,
1847 2639 2048 2693 merito

464 2722 827 2788 perimuntur.
861 2720 966 2778 Sed
999 2732 1053 2777 et
1087 2724 1131 2778 sl
1162 2725 1449 2793 passiones
1478 2727 1723 2797 corporis
1745 2765 1762 2792 ,
1822 2727 1875 2781 id
1926 2737 2047 2791 est,

463 2813 771 2880 libidinem,
802 2814 1101 2877 lasciviam,
1137 2814 1222 2871 vel
1253 2816 1564 2886 superbiam
1590 2858 1605 2881 ,
1640 2832 1705 2872 ac
1742 2817 2042 2883 levitatem,

465 2904 667 2974 quibus
715 2903 904 2958 infelix
961 2905 1139 2960 anima
1196 2905 1343 2959 velut
1392 2909 1650 2977 equitans
1683 2918 1961 2976 vectatur,
1994 2919 2052 2966 et

463 3001 637 3057 fertur
697 3001 763 3056 ad
809 3000 1126 3072 praecipitia,
1186 3014 1359 3069 equos
1403 3017 1547 3058 nunc
1583 3004 1686 3057 dici
1735 3012 1790 3058 et
1848 3020 2043 3059 currus

465 3092 862 3162 intelligamus,
906 3101 960 3146 et
1010 3091 1154 3160 ipsos
1182 3105 1303 3146 esse
1358 3094 1448 3161 qui
1501 3109 1567 3148 ex
1621 3108 1898 3166 praecepto
1955 3097 2047 3150 Dei

2156 619 2365 664 nervet.
2383 608 2623 674 Quorum
2643 620 2822 664 autem
2843 609 2964 677 cqui
2990 608 3422 663 sulmervantur?
3446 608 3537 661 Est
3560 610 3728 663 etiam

2155 700 2257 754 hoc
2278 710 2454 769 operte
2481 702 2711 769 pretium
2742 713 3005 768 quaerere.
3040 697 3241 767 Equos,
3272 699 3450 765 inquit
3472 699 3539 765 ⁹⁰,
3571 697 3732 755 Jabitt

2152 792 2313 864 5,33
2328 792 2756 846 subuervaudos.
2777 791 2932 844 Jabin
2955 798 3131 845 autem
3155 790 3433 858 prudentia
3464 790 3734 856 interpre-

2156 890 2304 936 tatur
2349 880 2436 935 vel
2465 897 2672 939 senm.
2722 881 2853 947 Qure
2902 890 2986 935 est
3016 884 3115 934 ista
3148 879 3454 949 prudentia,
3492 879 3575 932 vel
3609 878 3733 949 quis

2154 988 2377 1038 sensus,
2415 972 2571 1041 cujus
2615 972 3033 1027 sulmervandus
3072 982 3153 1025 est
3192 972 3428 1025 currus?
3467 970 3613 1024 lllitts
3645 972 3731 1025 ui~

2155 1068 2351 1120 mirum
2372 1110 2384 1132 ,
2424 1068 2490 1121 de
2518 1081 2621 1133 qua
2652 1066 2783 1118 dicit
2815 1065 3102 1134 Apostolus
3133 1063 3199 1126 “,
3232 1065 3355 1132 quia
3395 1080 3413 1114 ι
3440 1065 3730 1133 prudentia

2154 1160 2339 1213 carnis
2386 1159 2608 1213 inimica
2643 1166 2726 1211 est
2777 1157 2922 1211 Deo:
2963 1176 2982 1207 ι
3034 1167 3087 1211 et
3129 1157 3215 1210 ille
3260 1171 3453 1210 sensus
3481 1197 3495 1219 ,
3528 1158 3592 1212 de
3624 1171 3732 1227 quo

2153 1254 2285 1307 dicit
2330 1254 2395 1319 ",
2453 1270 2470 1304 ε
2503 1253 2671 1307 inﬂati
2711 1268 2870 1308 sensu
2924 1251 3106 1306 carnis
3150 1266 3281 1304 suae.
3314 1269 3333 1302 ι
3392 1249 3550 1304 .labin
3597 1266 3731 1303 vero

2156 1358 2250 1401 rex
2280 1345 2438 1397 Aser.
2482 1345 2624 1398 Aser
2654 1354 2836 1397 autem
2887 1344 3011 1396 aula
3045 1345 3458 1411 interpretatur.
3501 1339 3622 1394 Haec
3645 1351 3729 1394 est

2151 1436 2295 1489 Asor
2327 1450 2447 1504 qua:
2474 1435 2716 1489 omnium
2752 1435 2946 1488 horum
3004 1449 3289 1503 regnorum
3319 1432 3567 1487 obtinere
3599 1432 3733 1486 dici-

2154 1536 2243 1581 tur
2289 1528 2703 1595 principatum:
2755 1529 2842 1597 qui
2892 1527 3217 1597 intelligitur
3262 1527 3517 1594 princeps
3572 1524 3733 1594 hujus

2152 1618 2339 1672 mundi
2380 1634 2615 1688 regnans
2645 1620 2694 1673 in
2730 1619 2849 1673 aula
2883 1659 2897 1680 .
2948 1620 2998 1673 id
3029 1629 3107 1673 est
3134 1660 3149 1684 ,
3178 1635 3339 1688 super
3371 1630 3603 1685 terram,
3650 1620 3735 1679 vel

2151 1712 2294 1778 quod
2344 1711 2519 1781 uta-ius
2548 1721 2632 1767 est
2662 1753 2675 1774 .
2721 1696 2773 1766 iu
2808 1712 2955 1767 vitiis
2990 1714 3196 1767 carnis.
3246 1711 3353 1766 Sed
3400 1722 3456 1767 et
3486 1713 3730 1767 omnium

2157 1801 2369 1857 illorum
2417 1819 2623 1874 regum,
2672 1820 2909 1873 quorum
2952 1805 3060 1858 vim
3102 1805 3399 1859 secundum
3452 1805 3731 1861 nominum

2151 1908 2373 1947 suorum
2401 1896 2903 1964 interpretationem
2926 1896 3038 1963 jam
3067 1904 3190 1950 ante
3210 1895 3580 1963 exposuimus,
3606 1895 3732 1964 equi

2152 1988 2222 2042 ab
2245 1986 2373 2042 Jesu
2405 1989 2662 2042 dicuntur
2695 1989 2951 2043 interﬁci.
2987 1986 3226 2053 Quorum
3256 2002 3353 2042 nos
3384 1986 3429 2039 si
3456 1994 3603 2040 recte
3631 1986 3734 2039 sub

2149 2080 2276 2136 Jesu
2324 2082 2465 2135 duce
2520 2081 2856 2145 militamus,
2915 2081 3177 2135 debemus
3217 2079 3270 2132 in
3326 2077 3735 2147 nobismetipsis

2150 2174 2474 2228 abscindere
2508 2174 2665 2237 vitia,
2700 2182 2754 2228 et
2781 2185 3004 2242 accepto
3038 2172 3269 2240 spiritali
3303 2171 3482 2241 gladio
3506 2172 3737 2226 subner-

2150 2278 2279 2316 vare
2304 2278 2521 2318 omnem
2566 2265 2730 2318 istum
2765 2265 3069 2333 equitatum
3114 2265 3409 2333 pessimum
3451 2262 3734 2317 vitiorum.

2153 2352 2259 2409 Sed
2289 2364 2344 2409 et
2385 2370 2580 2411 currus
2602 2357 2864 2412 debemus
2894 2357 3219 2420 incendere,
3251 2358 3302 2410 id
3332 2364 3437 2421 est,
3460 2370 3677 2409 omnem
3702 2368 3733 2409 a

2152 2446 2312 2500 nobis
2337 2450 2667 2517 arrogantia:
2701 2458 2758 2503 et
2792 2448 3047 2505 elationis
3081 2450 3329 2517 spiritum
3368 2463 3637 2513 resecare,
3674 2458 3735 2504 ut

2153 2539 2295 2593 ultra
2336 2553 2448 2594 non
2483 2541 2535 2593 in
2565 2542 2722 2609 equis
2760 2556 2935 2609 neque
2967 2542 3019 2594 in
3053 2542 3221 2595 armis
3246 2580 3260 2605 ,
3300 2541 3394 2595 sed
3431 2542 3484 2595 in
3512 2542 3734 2594 nomine

2152 2630 2365 2686 Domini
2412 2631 2503 2686 Dei
2538 2634 2709 2686 nostri
2757 2633 3090 2686 invocemus.
3125 2633 3408 2697 Quomodo
3450 2642 3633 2689 autem
3678 2633 3730 2684 in

2152 2723 2564 2793 nobismetipsis
2607 2723 2999 2792 complebimus
3043 2736 3095 2778 et
3144 2726 3246 2778 hoc
3288 2725 3431 2793 quod
3471 2725 3624 2791 dicit,
3676 2735 3736 2779 ut

2154 2831 2261 2869 non
2313 2815 2630 2869 remittatur
2679 2815 2822 2869 ullus
2856 2814 2945 2884 qtti
3000 2814 3280 2882 respiret?
3318 2813 3614 2871 Videndum
3653 2830 3736 2871 est

2152 2908 2274 2975 quis
2304 2907 2497 2974 sitqui
2545 2916 2647 2961 nec
2691 2906 2967 2977 respirare
3012 2907 3231 2975 quidem
3281 2921 3379 2976 per
3406 2918 3733 2975 prmceptutn

2159 2999 2377 3053 Domini
2405 2998 2649 3067 jubetur.
2696 2998 2860 3054 Verbi
2893 3013 3051 3052 causa
3086 3037 3101 3058 .
3139 2998 3184 3052 si
3229 2998 3308 3052 ira
3344 3001 3651 3053 ascenderit
3683 3000 3733 3052 in

2153 3105 2248 3144 cor
2279 3106 2456 3143 uteum
2484 3131 2498 3155 ,
2533 3099 2710 3160 potest
2742 3090 2857 3145 fieri
2908 3099 2964 3143 ut
2992 3105 3156 3160 opera
3193 3090 3411 3157 quidem
3446 3091 3737 3146 iracundiae

461 3186 781 3240 subnervari
810 3185 1089 3254 jubentur,
1140 3199 1243 3237 non
1287 3184 1393 3239 erit
1447 3188 1643 3242 rationi
1686 3202 1885 3245 nostra:
1918 3205 2048 3245 con-

2159 3199 2262 3239 non
2295 3184 2577 3251 impleam,
2610 3183 2695 3238 vel
2733 3194 2876 3237 metu
2908 3183 3226 3247 deterritus,
3256 3183 3339 3237 vel
3368 3184 3533 3238 etiatn
3566 3184 3732 3239 futuri

466 3278 631 3334 traria
696 3278 1074 3350 intelligentia.
1142 3280 1527 3336 Subnervatur
1609 3297 1785 3353 equus
1852 3285 2049 3353 quippe

462 3373 691 3441 quando.
736 3373 955 3443 jejuniis
1005 3385 1061 3427 et
1110 3374 1336 3445 vigiliis,
1388 3384 1445 3431 et
1498 3376 1648 3430 omni
1704 3378 2051 3432 abstinentiae

464 3462 759 3519 afﬂictione
807 3480 1009 3534 corpus
1061 3466 1400 3523 humiliatur.
1455 3468 1523 3523 Et
1554 3485 1749 3524 currus
1782 3470 1889 3539 igni
1917 3485 2051 3528 exu-

465 3565 675 3619 runtur,
733 3572 853 3610 cum
913 3557 964 3610 in
1025 3557 1183 3612 nobis
1237 3560 1548 3628 completur
1602 3575 1784 3615 sermo
1836 3561 2051 3618 Domini

463 3648 695 3702 dicentis
713 3645 829 3696 "1t
853 3648 1033 3716 Ignem
1059 3648 1183 3702 veni
1228 3650 1445 3704 mittere
1470 3650 1520 3703 in
1551 3659 1775 3717 terram,
1807 3661 1861 3706 et
1885 3664 2049 3723 quam

463 3739 588 3793 volo
622 3749 681 3792 ut
714 3739 1061 3792 accendatur.
1102 3757 1121 3791 ι
1186 3737 1303 3803 Quo
1340 3740 1462 3808 igne
1503 3740 1621 3808 jam
1646 3758 1705 3797 se
1750 3743 1822 3797 illi
1857 3745 2050 3799 ardere

464 3829 699 3885 confessi
724 3838 867 3892 sunt,
903 3830 993 3899 qui
1027 3830 1278 3885 dicebant
1301 3832 1345 3863 ⁸³
1370 3850 1381 3884 :
1409 3851 1426 3882 ι
1458 3832 1651 3889 Nonne
1681 3851 1779 3888 cor
1804 3848 2046 3890 nostrum

463 3930 583 3974 erat
604 3922 803 3974 ardens
834 3920 972 3974 intra
1006 3936 1128 3988 nos,
1174 3937 1297 3975 cum
1341 3925 1656 3992 adaperiret
1692 3928 1848 3981 nobis
1888 3928 2041 3983 Scri-

462 4014 690 4085 pturas?
723 4038 742 4067 ο
775 4013 903 4068 ideo
926 4029 1055 4082 ergo
1082 4025 1140 4070 ct
1177 4015 1344 4073 falsus
1367 4032 1541 4087 equus
1580 4018 1783 4073 dicitur
1810 4019 1876 4071 ad
1900 4019 2046 4073 salus

464 4116 595 4170 tem,
641 4107 686 4161 si
735 4117 917 4162 motus
964 4110 1217 4177 corporis
1269 4110 1440 4163 nostri
1492 4110 1624 4165 ferri
1668 4113 2047 4181 permittamus

462 4197 729 4261 infreues,
763 4214 863 4253 nec
901 4200 1249 4255 abstinentim
1278 4198 1409 4271 iugo
1452 4202 1657 4256 lasciva
1699 4205 1899 4259 carnis
1932 4203 2047 4274 (84)

461 4301 519 4345 et
549 4292 778 4360 superba
816 4292 1307 4352 collasnbdaruus.
1363 4297 1471 4351 Sed
1516 4307 1570 4349 et
1633 4309 1778 4350 nunc
1826 4295 1869 4351 si
1921 4297 2047 4366 quis

2149 3277 2339 3346 judicii
2372 3278 2567 3330 timore
2597 3275 2869 3332 cohibitus
2899 3296 2910 3330 :
2950 3277 3045 3330 sed
3099 3292 3225 3339 non,
3265 3276 3457 3347 inquit,
3491 3277 3594 3332 hoc
3620 3276 3736 3332 suf.

2155 3372 2289 3437 ﬁcit,
2316 3369 2582 3440 agendum
2616 3368 2709 3423 tibi
2739 3369 2919 3438 potius
2945 3379 3047 3431 est,
3074 3377 3339 3437 quatenus
3373 3384 3440 3424 ne
3463 3375 3573 3438 ipsa
3605 3369 3735 3437 qni-

2155 3462 2278 3516 dem
2308 3460 2603 3515 commotio
2631 3458 2923 3512 iracundia:
2953 3458 3130 3513 locum
3167 3459 3364 3513 habeat
3400 3460 3536 3512 intra
3570 3470 3638 3512 te.
3675 3457 3731 3512 Si

2157 3554 2301 3609 enim
2326 3552 2633 3607 eﬂ'ervescit
2664 3549 2883 3603 animus
2904 3558 2957 3602 et
2986 3550 3362 3613 conturbatur,
3382 3551 3590 3602 etiamsi
3628 3565 3730 3603 non

2154 3644 2465 3715 impleverit
2497 3656 2634 3710 opus
2659 3681 2674 3702 .
2704 3640 2818 3708 ipsa
2863 3650 3044 3694 tamen
3093 3640 3431 3709 perturbatio
3475 3641 3733 3694 indecens

2154 3747 2238 3793 est
2282 3736 2331 3791 ei
2383 3735 2473 3804 qui
2520 3734 2622 3788 sub
2647 3733 2775 3788 Jcsu
2816 3732 3015 3786 militat
3061 3732 3219 3787 duce.
3274 3733 3533 3788 Similiter
3574 3743 3628 3787 ct
3666 3736 3733 3787 de

2153 3827 2610 3898 concupiscentia:
2660 3826 2794 3879 vitio
2825 3864 2841 3889 ,
2891 3835 2946 3879 et
2992 3825 3061 3879 de
3098 3824 3366 3889 tristitiae,
3415 3827 3733 3891 caeterisque

2153 3922 2407 3975 omnibus
2430 3918 2774 3974 sentiendum
2800 3926 2902 3971 est.
2933 3916 3005 3970 De
3022 3916 3221 3985 quibus
3244 3915 3454 3969 cunctis
3480 3916 3550 3968 ita
3569 3930 3731 3984 agen.

2155 4015 2279 4067 dum
2308 4023 2392 4067 est
2440 4009 2707 4079 discipulo
2739 4006 2894 4069 Jesu.
2928 4019 2986 4061 ut
3016 4006 3150 4061 nihil
3187 4007 3409 4061 omnino
3437 4008 3628 4060 horum
3676 4006 3731 4060 in

2153 4107 2271 4176 ejus
2306 4107 2476 4160 corde
2525 4106 2757 4174 respiret
2786 4120 2800 4159 :
2837 4119 2906 4157 ne
2930 4103 3070 4157 forte
3096 4102 3140 4155 si
3176 4100 3326 4170 parvi
3360 4098 3586 4169 alicujus
3616 4098 3730 4151 vitii

2152 4210 2244 4252 aut
2277 4198 2616 4253 consuetudo
2645 4204 2739 4249 aut
2776 4194 3033 4266 cogitatio
3066 4193 3405 4262 relinquatur
3430 4190 3483 4244 in
3523 4192 3687 4244 corde
3714 4227 3731 4254 ,

2153 4306 2412 4362 processu
2438 4290 2699 4359 temporis
2723 4288 3091 4350 convalescat,
3118 4297 3171 4341 et
3192 4285 3449 4355 paulatim
3480 4286 3625 4337 vires
3653 4281 3733 4335 la-

462 4382 609 4438 forte
652 4400 716 4439 ex
766 4387 847 4438 his
907 4400 1028 4455 quae
1072 4387 1307 4442 dicimus
1356 4388 1450 4441 Dei
1502 4389 1682 4442 verbis
1731 4387 2047 4442 stimulatur
2082 4405 2123 4461 ο
2155 4384 2365 4439 titando
2399 4383 2731 4452 conquirat,
2783 4390 2948 4448 atque
2981 4380 3048 4433 ad
3082 4378 3329 4431 ultimum
3370 4385 3586 4429 revocet
3634 4389 3732 4428 uos

462 4487 625 4545 atque
648 4480 1050 4546 compungitur,
1080 4490 1135 4534 et
1157 4480 1202 4534 is
1232 4480 1324 4548 qui
1360 4481 1627 4535 hesterno
1649 4481 1736 4533 die
1758 4494 1961 4548 pronus
1990 4490 2046 4534 et

466 4568 703 4623 fervidus
762 4580 1023 4639 tanquam
1078 4586 1253 4639 equus
1306 4572 1361 4624 in
1412 4571 1690 4627 libidinem
1747 4572 2045 4633 ferebatur,

464 4657 627 4711 hodie
653 4657 697 4712 si
727 4658 1041 4714 hisauditis
1070 4662 1321 4729 paenitet,
1351 4665 1717 4728 convertitur,
1753 4677 1817 4716 ac
1848 4678 2045 4716 secun-

463 4749 589 4802 dum
627 4751 943 4819 prophetam
982 4768 1010 4805 a
1056 4754 1251 4808 timore
1289 4754 1383 4808 Dei
1413 4755 1665 4811 conﬁxus
1695 4755 1939 4810 refrenat
1966 4770 2045 4819 se,

463 4849 527 4893 et
544 4849 763 4895 revocat
791 4857 827 4894 at
855 4853 1100 4912 peccato,
1130 4854 1186 4898 et
1212 4846 1462 4915 pudicam
1499 4848 1695 4903 dehinc
1722 4856 2042 4915 castamque

463 4934 638 5003 diligit
677 4936 879 5001 vitam,
929 4938 1241 4993 videbimur
1288 4939 1453 4993 etiam
1515 4954 1613 4993 nos
1663 4939 1843 5010 gladio
1893 4939 2042 4993 verbi

463 5025 558 5079 Dei
594 5021 901 5097 'emginato
955 5029 1318 5083 subnervasse
1354 5044 1525 5098 equos
1560 5046 1573 5083 :
1604 5041 1658 5083 et
1713 5031 1886 5099 magis
1949 5046 2043 5100 per

466 5117 567 5171 hoc
584 5118 743 5185 digne
762 5119 1024 5186 impletur
1042 5130 1371 5189 pra-ceptum
1398 5120 1513 5186 Dei,
1530 5134 1691 5189 quam
1717 5120 1760 5173 si
1787 5120 2042 5174 animalia

531 5228 579 5261 ⁸⁸
605 5229 720 5282 lsai.
767 5246 875 5293 Juv,
907 5230 994 5283 Η.
1076 5230 1122 5261 ⁸⁸
1148 5231 1289 5286 Psal.
1327 5230 1608 5294 xxxu,17.

460 5301 503 5332 ⁹¹
538 5300 696 5355 Rom.
730 5317 841 5363 t'tlt,
873 5303 925 5354 7.
1002 5301 1047 5334 9'
1072 5302 1275 5357 (ΣΟΙυρε.
1316 5318 1375 5365 II,
1405 5302 1488 5354 18.

533 5413 644 5481 (80)
696 5413 823 5468 Mss.
880 5434 897 5466 ι
944 5430 1103 5484 super
1163 5430 1320 5483 quos.
1366 5434 1385 5467 ι
1440 5413 1601 5475 Editi,
1649 5431 1668 5465 ‹
1723 5426 1885 5481 super
1931 5411 2052 5479 qui-

501 5500 583 5536 us.

460 5483 495 5673 ἲ
534 5502 644 5620 (δι’)
684 5555 807 5609 Mss.
855 5575 870 5605 ‹
906 5554 1239 5609 inccntores.
1274 5575 1291 5606 ι
1329 5555 1482 5609 Libh.
1528 5553 1681 5608 editi.
1738 5571 1756 5602 ι
1804 5554 2042 5608 incesta-

489 5638 629 5673 Ol‘tla'.
668 5644 686 5673 ι

489 5638 629 5675 ores.
668 5644 686 5674 ι

534 5714 644 5781 (8‘2)
682 5713 803 5768 Mss.
844 5735 861 5766 ς
894 5716 1285 5769 invocaltimus.
1315 5735 1330 5765 ι
1372 5716 1525 5769 Libh.
1568 5715 1701 5769 editi
1752 5732 1769 5765 ε
1821 5714 2039 5782 magni-

468 5781 819 5837 ﬁcabhmr.»
885 5786 1001 5837 Mox
1064 5787 1235 5838 codex
1288 5789 1577 5854 Sangerm.
1631 5800 1853 5854 (neque
1890 5781 2035 5838 enim

470 5866 660 5907 currus
693 5863 745 5908 et
774 5869 939 5922 equos
973 5855 1079 5909 Deo
1115 5857 1428 5923 contuleris,
1467 5858 1562 5911 sed
1602 5856 1816 5924 utique,
1848 5872 1870 5909 ι
1922 5861 2029 5909 etc.

1684 5228 1729 5261 ⁸⁷
1766 5228 1905 5282 Psal.
1939 5241 2030 5289 xx,
2049 5228 2100 5281 7.

1567 5299 1613 5329 ”
1643 5298 1832 5352 Matth.
1865 5314 1959 5363 xu,
2001 5298 2091 5351 45.

2151 4478 2215 4531 ad
2247 4477 2507 4531 vomitum
2540 4484 2811 4534 nostrum,
2854 4482 2910 4528 et
2939 4473 3070 4525 ﬁant
3105 4489 3122 4521 ι
3158 4468 3391 4523 hominis
3424 4468 3569 4521 illius
3595 4486 3612 4517 ι
3645 4467 3728 4519 cui

2153 4572 2257 4624 hoc
2306 4568 2606 4631 acciderit,
2668 4583 2689 4620 σ
2721 4565 3015 4619 novissima
3067 4562 3251 4632 pejora
3294 4558 3569 4630 prioribus
3607 4560 3671 4610 ".
3708 4578 3727 4610 ι

2152 4659 2265 4713 Hoc
2301 4667 2419 4711 erat
2450 4657 2592 4726 quod
2632 4663 2687 4708 et
2732 4652 3006 4721 Propheta
3038 4649 3381 4720 prospiciens
3419 4648 3473 4701 in
3507 4645 3733 4699 Psalmis

2152 4758 2445 4820 praemonet
2481 4748 2668 4801 dicens
2707 4746 2790 4799 ’δε
2851 4763 2870 4797 ι
2905 4744 3105 4798 Beatus
3150 4742 3240 4811 qui
3286 4748 3432 4794 tenet
3460 4746 3517 4792 et
3563 4738 3734 4791 allidit

2152 4839 2408 4911 parvulos
2445 4847 2569 4892 tuos
2594 4837 2660 4891 ad
2693 4845 2940 4904 petram;
2979 4851 2998 4887 ι
3036 4827 3331 4901 Babylonis
3365 4826 3576 4882 scilicet
3606 4840 3731 4894 par-

2152 4930 2327 4993 vulos,
2365 4930 2456 4998 qui
2494 4928 2625 4983 nulli
2662 4927 2753 4981 alii
2793 4924 3190 4994 intelliguntur,
3234 4922 3336 4977 nisi
3376 4921 3733 4989 cogitationes

2156 5024 2308 5078 make
2340 5038 2463 5091 qum
2492 5035 2593 5074 cor
2632 5029 2877 5075 nostrum
2908 5016 3248 5072 confundunt
3284 5025 3337 5069 et
3381 5015 3726 5069 conturbant.

2155 5119 2269 5173 Iloc
2307 5118 2453 5171 enim
2488 5117 2876 5184 interpretatur
2919 5114 3155 5185 Babylon
3187 5112 3323 5184 (85).
3354 5111 3483 5179 Quae
3520 5107 3730 5178 cogita-

2198 5226 2244 5299 ?“
2277 5226 2407 5281 Luc.
2435 5240 2536 5289 xu,
2560 5226 2649 5280 49.
2677 5297 2694 5299 _
2747 5224 2793 5257 ”
2820 5224 3108 5289 Luc.xxw,
3144 5221 3233 5276 '52.
3335 5222 3383 5254 ⁹⁰
3416 5219 3528 5299 Ius.
3559 5233 3638 5283 xt,
3673 5216 3727 5271 6.

2168 5297 2216 5329 ⁸⁸⁵
2244 5299 2387 5351 Psal.
2416 5312 2641 5362 cxxxvt,
2668 5297 2723 5350 9.

2173 5482 2183 5494 .
2235 5411 2347 5494 (85)
2378 5409 2507 5467 Mss.
2561 5428 2579 5462 t
2608 5410 2834 5481 intelligi
2863 5412 3042 5466 datur.
3082 5427 3099 5460 ι
3132 5406 3290 5463 Libb.
3331 5405 3481 5472 editi,
3521 5422 3539 5457 ι
3565 5400 3725 5457 intcl~

2150 5481 2365 5623 “3232;.-
2395 5499 2571 5623 lzibb.‘
2604 5551 2756 5623 editi,
2806 5569 2823 5623 ς
2871 5551 2986 5606 ﬁeri
3035 5542 3727 5623 permittamus“infrenes,

2152 5610 2253 5676 nec
2284 5610 2624 5676 abstinentiae
2646 5610 2773 5690 jugo
2807 5610 3082 5675 lasciviant
3116 5618 3321 5674 carnis.
3359 5634 3377 5664 ι
3426 5614 3531 5668 Sed
3555 5610 3753 5673 codex,

2154 5693 2641 5760 Sangcrtnanensis
2675 5704 2729 5744 ut
2759 5693 2808 5743 in
2839 5702 3026 5744 thS'll'U
3059 5700 3229 5760 tergo.

2227 5749 2340 5832 (8V5)
2383 5761 2496 5815 Hoc
2549 5763 2688 5813 enim
2737 5749 3718 5825 interpretaturBabylon.«Confusim

2145 5852 2383 5926 Babylon
2414 5855 2805 5922 interpretatur
2832 5869 2862 5907 a
2895 5837 2996 5913 5'72
3023 5872 3039 5905 ι
3072 5851 3331 5908 confudit.
3364 5868 3383 5901 ι
