4146 6432
428 416 529 473 901

1389 407 1457 463 ΙΝ
1498 407 1763 464 LIBRUM
1800 408 1965 465 JESU
2006 406 2203 465 NAVE
2230 404 2519 463 llOMlLlA
2559 407 2678 463 XV.

3609 426 3719 484 90%

436 537 609 591 tiones
638 530 764 586 dum
801 529 982 585 adhuc
1028 527 1269 598 parvulae
1309 537 1458 594 sunt,
1493 539 1548 583 et
1598 529 1753 582 initia
1793 529 2017 592 habent,
2050 535 2095 591 Α
2125 526 2313 581 Potest
2347 534 2528 581 autem
2579 527 2745 582 etiam
2787 528 2854 582 de
2895 528 3014 597 ipso
3061 530 3293 592 Domino
3326 546 3381 593 et
3435 538 3726 599 salvatore

435 626 680 681 tenendae
710 630 854 686 sunt,
880 631 934 674 et
962 621 1244 675 allideudte
1272 618 1337 674 ad
1365 630 1597 688 petram,
1624 620 1719 689 qui
1749 629 1833 675 est
1860 621 2022 675 Chri-

433 725 552 772 stus
575 756 588 778 ,
631 724 683 768 et
715 716 834 781 ipso
856 711 1079 779 iubente
1108 709 1418 781 iugulandus
1444 753 1458 777 ,
1496 720 1557 765 ιιι
1593 711 1728 764 nihil
1780 713 1832 765 in
1866 711 2022 765 nobis

435 808 669 865 resideat
699 808 845 874 quod
891 806 1151 872 respiret.
1182 802 1338 856 Sicut
1377 818 1511 874 ergo
1542 804 1612 858 ibi
1652 805 1877 858 beatum-
1908 814 2015 868 est,

434 897 715 966 Babylonis
753 896 1005 965 parvulos
1049 904 1257 962 tenere,
1286 904 1340 950 et
1385 898 1607 951 allidere
1653 900 1719 953 ad
1768 910 2000 969 petram,

430 996 483 1041 et
510 987 862 1059 cogitationes
887 988 1055 1041 malas
1084 988 1265 1041 statim
1296 988 1351 1040 in
1381 989 1546 1043 initiis
1579 1005 1774 1043 nccare
1809 1009 1820 1043 :
1851 991 1920 1044 ita
1945 998 2001 1045 et

430 1078 517 1132 hic
549 1081 766 1133 beatum
803 1079 1207 1149 intelligendum
1256 1088 1340 1132 est
1380 1088 1434 1132 et
1479 1081 1797 1147 perfectum.
1834 1081 1877 1135 si
1910 1081 1997 1135 ni-

431 1171 504 1223 hil
542 1171 879 1240 relinquatur
915 1171 967 1223 in
1015 1170 1173 1224 nobis
1209 1170 1355 1239 quod
1397 1171 1563 1239 possit
1606 1173 1874 1243 gentiliter
1906 1189 1995 1227 reo

427 1264 648 1331 Spirare.

492 1349 545 1402 4.
587 1368 605 1398 ι
635 1348 693 1405 Et
730 1364 951 1412 onmes,
993 1351 1169 1419 inquit
1214 1351 1282 1419 ’⁵,
1318 1365 1476 1421 reges
1505 1365 1692 1407 eorum
1735 1350 2013 1407 interfecit

417 1437 578 1495 Jesus
615 1442 667 1495 iu
718 1456 817 1496 ore
861 1442 1047 1513 gladii.
1082 1463 1098 1493 ι
1161 1443 1215 1497 lu
1272 1444 1529 1497 omnilms
1564 1443 1719 1497 nobis
1759 1444 2010 1510 regnavit

420 1543 698 1602 peccatum
722 1573 737 1597 ,
762 1544 814 1589 et
845 1534 1163 1589 inomuihns
1196 1537 1349 1589 nobis
1382 1537 1507 1589 vitia
1536 1549 1922 1603 regnaverunt,
1955 1548 2009 1593 et

421 1625 586 1680 fuitin
607 1626 761 1681 nobis
781 1629 1036 1681 omnilms
1064 1644 1287 1697 regnum
1323 1631 1578 1697 generale
1612 1631 1842 1699 peccati,
1866 1632 2008 1687 sicut

419 1725 473 1771 et
507 1719 804 1788 Apostolus
840 1720 974 1774 dicit
1002 1721 1082 1774 ⁹⁶;
1138 1739 1156 1771 ι
1185 1722 1384 1775 (lienes
1417 1721 1560 1774 enim
1594 1734 1959 1788 peccaverunt
1988 1762 2004 1787 ,

418 1819 475 1864 et
501 1820 659 1880 egent
706 1811 873 1880 gloria
927 1813 1042 1865 Dei.
1081 1832 1099 1864 ι
1146 1811 1532 1881 Unusquisque
1580 1820 1761 1868 uttncn
1817 1816 2007 1869 habuit

2125 626 2318 672 nostro
2346 618 2484 682 dici,
2517 617 2644 686 quia
2677 632 2800 686 qum
2831 625 3092 691 prteeepit
3132 626 3349 697 Moyses
3385 632 3437 685 in
3470 633 3611 704 lege,
3640 633 3723 689 fe-

2124 709 2201 764 cit
2235 706 2414 771 Jesus,
2448 718 2506 761 et
2537 725 2642 761 non
2675 718 2758 761 est
2802 718 3183 781 transgressus
3213 720 3546 790 quidquam:
3583 739 3723 793 quo-

2124 801 2269 853 niam
2301 801 2519 867 quidem
2553 800 2688 853 dicit
2715 803 3012 869 Aposlolus
3042 806 3083 868 ³,
3115 808 3238 875 quia
3277 829 3296 861 ι
3322 827 3446 865 cum
3474 818 3716 872 venisset

2121 888 2399 956 plenitudo
2431 890 2697 958 temporis
2726 892 2837 962 (88)
2875 894 3021 949 misit
3050 896 3190 951 Deus
3221 900 3415 955 Filium
3446 920 3603 960 suum
3633 908 3717 963 fa-

2119 990 2268 1033 ctum
2298 995 2363 1033 ex
2397 981 2646 1045 muliere,
2683 982 2888 1037 factum
2923 987 3025 1041 sub
3057 986 3194 1058 lege.
3228 1010 3249 1043 ι
3289 991 3345 1046 Si
3376 1010 3505 1065 ergo
3538 999 3716 1057 laetus

2118 1084 2203 1128 est
2248 1075 2349 1129 sub
2395 1074 2550 1144 lege,
2581 1092 2703 1130 cum
2742 1078 2842 1132 sub
2875 1080 2993 1150 lege
3024 1095 3168 1138 esset
3208 1087 3346 1155 (89),
3380 1093 3561 1146 omnia
3594 1110 3711 1163 qua:

2114 1164 2201 1220 lex
2237 1168 2529 1223 mandabat
2567 1169 2835 1239 implevit,
2870 1182 2931 1225 ut
2959 1189 3059 1230 nos
3094 1179 3389 1234 redimeret
3418 1198 3447 1236 a
3484 1184 3712 1240 maledi-

2114 1266 2204 1312 cto
2235 1259 2388 1326 legis.
2422 1260 2527 1315 Sed
2565 1272 2619 1315 et
2658 1263 2770 1332 ipse
2798 1265 2864 1317 de
2894 1280 2952 1319 se
2985 1267 3116 1323 dicit
3147 1270 3187 1335 ³,
3221 1273 3354 1340 quia
3401 1291 3421 1325 ι
3454 1290 3562 1331 non
3590 1276 3713 1333 veni

2114 1347 2289 1420 legem
2315 1352 2549 1418 solvere,
2581 1355 2677 1408 sed
2708 1357 3030 1425 adimplere.
3069 1375 3088 1407 ι

2188 1443 2245 1496 5.
2283 1463 2299 1495 ι
2333 1445 2397 1500 lit
2434 1449 2679 1518 accepit,
2730 1450 2905 1519 inquit
2928 1450 2970 1516 ι,
3010 1448 3165 1507 Iesus
3202 1470 3392 1512 omnes
3438 1458 3494 1513 in
3532 1459 3707 1526 bello,

2112 1538 2237 1605 quia
2291 1553 2387 1605 per
2434 1539 2721 1597 Dominum
2770 1543 2979 1596 factum
3033 1555 3119 1599 est
3178 1552 3237 1597 ut
3296 1545 3707 1605 confortarttur

2110 1626 2277 1699 434
2308 1645 2403 1683 cor
2437 1647 2649 1695 eorum,
2681 1642 2738 1688 et
2766 1649 3124 1691 occurrerent
3150 1640 3202 1692 iu
3236 1642 3483 1709 prmlium
3515 1654 3707 1698 contra

2112 1719 2303 1775 Israel.
2336 1741 2355 1773 ι
2400 1720 2514 1777 Non
2567 1725 2707 1780 dixit
2741 1728 2869 1795 quia
2924 1729 3138 1799 aliquos
3190 1734 3403 1801 accepit
3447 1733 3607 1791 Jesus
3652 1738 3708 1793 in

2114 1812 2252 1865 bello
2278 1854 2293 1879 ,
2328 1826 2381 1867 et
2406 1816 2622 1885 aliquos
2655 1834 2762 1872 non
2800 1821 3054 1888 accepit,
3094 1824 3190 1877 sed
3226 1839 3417 1880 omnes
3449 1831 3659 1895 accepit
3688 1866 3707 1896 ,

420 1906 472 1959 in
505 1920 565 1959 se
598 1905 832 1974 aliquem
855 1906 1150 1975 specialem
1187 1920 1390 1972 regem,
1425 1906 1516 1975 qui
1548 1908 1599 1960 in
1630 1922 1695 1960 eo
1725 1909 2003 1976 regnabat,
2043 1886 2083 1943 Β
2117 1905 2165 1955 id
2191 1916 2292 1965 est.
2324 1907 2468 1975 cepit
2496 1923 2710 1973 onmes,
2739 1913 2973 1979 peremit
3004 1928 3217 1969 omnes.
3248 1917 3462 1971 Etenim
3496 1886 3709 1989 species

415 2008 469 2051 et
499 1998 881 2051 dominabatur
910 1998 984 2053 ei.
1022 1995 1180 2051 Verbi
1216 2012 1413 2062 causa,
1441 1997 1494 2050 iu
1526 1998 1637 2051 alio
1670 2013 1893 2067 regnum
1930 2012 2012 2053 te—

417 2091 581 2142 nebat
613 2089 867 2153 avaritia,
902 2089 957 2142 iu
985 2088 1092 2143 alio
1127 2090 1403 2159 superbia,
1436 2091 1489 2143 in
1523 2088 1634 2144 alio
1662 2091 2007 2145 mendacium

417 2184 718 2253 regnabat,
751 2185 804 2236 iu
838 2184 944 2238 alio
992 2182 1160 2236 libido
1196 2182 1586 2237 «lentiuabatur
1612 2223 1627 2247 ,
1661 2192 1719 2237 et
1752 2184 1891 2238 alius
1923 2200 2010 2239 re-

412 2292 531 2343 gem
567 2277 879 2344 patiebatur
908 2277 1170 2331 fut-omni.
1215 2275 1365 2341 Quod
1405 2286 1586 2331 autem
1626 2275 1742 2331 haec
1768 2277 1843 2331 ita
1876 2278 2004 2340 sint,

410 2378 465 2424 et
489 2369 542 2423 in
569 2385 897 2439 unoquoque
923 2383 1169 2425 nostrum
1202 2382 1392 2443 regnet
1419 2384 1726 2440 peccatum,
1755 2371 2005 2441 apostolo

410 2460 579 2517 Paulo
604 2464 767 2517 crede
804 2464 1023 2517 dicenti.
1054 2464 1143 2519 Ait
1176 2466 1321 2518 enim
1342 2467 1422 2519 ’τε
1460 2485 1477 2517 ι
1505 2466 1620 2520 Non
1647 2481 1779 2535 ergo
1817 2473 2004 2534 regnet

406 2564 691 2623 peccatum
720 2556 771 2607 in
802 2565 985 2609 vestro
1015 2558 1231 2610 mortali
1262 2573 1494 2626 corpore
1532 2558 1598 2611 ad
1638 2558 1998 2611 obedientium

403 2648 475 2702 ei.
513 2668 537 2700 »ν
578 2648 707 2702 Erat
736 2661 865 2718 ergo
904 2665 1127 2719 regnum
1179 2653 1385 2721 peccati
1430 2653 1487 2704 in
1528 2666 1853 2719 unoquoque
1902 2665 2001 2703 un-

401 2751 573 2794 strum
591 2752 881 2809 antequam
913 2742 1287 2801 crederemus.
1315 2744 1508 2798 Postea
1542 2759 1672 2796 vero
1704 2758 1871 2811 quant
1908 2759 1999 2795 ve-

404 2832 484 2884 nit
512 2828 695 2897 Jesus,
724 2842 780 2887 et
819 2834 1020 2889 occidit
1054 2850 1248 2888 otnnes
1292 2849 1477 2904 reges,
1510 2834 1599 2899 qui
1641 2834 1692 2885 in
1726 2831 1886 2889 anubis,
1917 2839 1995 2884 te-

403 2925 609 2978 nebant
649 2943 812 2996 regna
855 2928 1105 2994 peccati,
1160 2926 1421 2995 praecepit
1465 2924 1627 2977 nobis
1684 2924 1995 2977 interlieere

400 3036 593 3077 omnes
624 3023 762 3075 istos
796 3039 950 3092 reges
972 3064 987 3085 ,
1027 3032 1079 3075 et
1109 3021 1313 3075 nullum
1346 3038 1412 3075 ex
1462 3021 1543 3075 eis
1574 3020 1904 3089 relinquere.
1934 3018 1991 3075 Si

403 3114 527 3182 quis
556 3114 704 3166 enim
757 3114 996 3182 aliquem
1030 3115 1223 3167 horum
1261 3115 1311 3167 in
1361 3114 1656 3183 semetipso
1693 3115 1995 3169 servaverit

400 3207 584 3261 vivum
618 3249 631 3269 ,
668 3207 720 3260 in
752 3209 995 3262 exercitu
1031 3207 1158 3261 Jesu
1207 3222 1328 3262 esse
1355 3223 1465 3260 non
1499 3207 1720 3276 poterit.
1767 3209 1824 3260 Si
1862 3223 1991 3278 ergo
2017 3244 2059 3301 ο

386 3310 594 3369 regnet
629 3300 807 3355 adhuc
836 3299 949 3372 (86)
1003 3301 1052 3354 in
1089 3311 1139 3354 te
1192 3300 1423 3355 avaritia
1446 3339 1462 3363 ,
1517 3300 1561 3354 si
1590 3300 1854 3370 iactantia
1883 3341 1898 3365 ,
1940 3303 1985 3356 si

399 3393 682 3461 superbia,
715 3393 759 3447 si
795 3393 981 3458 libido,
1017 3409 1122 3446 non
1159 3395 1269 3446 eris
1303 3391 1639 3447 Israeliticus
1671 3393 1850 3455 miles,
1885 3409 1986 3448 nec

399 3480 592 3551 imples
623 3493 951 3552 ptmceptum
1003 3485 1149 3552 quod
1186 3485 1330 3537 dedit
1378 3483 1638 3536 Dominus
1676 3484 1743 3537 ad
1777 3482 1983 3538 .lcsum.

401 3592 423 3627 ι
449 3575 601 3628 Sicut
626 3575 945 3641 constituit,
983 3577 1162 3645 inquit
1192 3576 1257 3637 ⁸⁸,
1289 3577 1338 3629 ei
1384 3574 1597 3646 Moyses
1629 3590 1765 3644 puer
1798 3574 1987 3628 Domi-

399 3666 477 3719 ni.
513 3684 537 3716 ι
580 3664 681 3721 Hic
727 3681 862 3735 puer
902 3666 1111 3720 Domini
1166 3667 1380 3737 Moyses
1409 3708 1423 3731 ,
1461 3681 1643 3721 sermo
1696 3666 1812 3734 ipse
1851 3666 1987 3735 legis

399 3758 727 3826 appellatur,
769 3758 911 3813 sicut
952 3760 1085 3814 etin
1113 3760 1410 3830 Evangel‘io
1442 3759 1574 3814 dicit
1600 3759 1685 3812 ωε
1726 3776 1744 3807 ι
1774 3757 1988 3813 Habent

398 3848 619 3919 Moysen
672 3860 728 3905 et
776 3852 1112 3922 prophetas,
1170 3853 1393 3907 audiant
1449 3850 1589 3906 illos.
1625 3870 1645 3903 ι
1683 3850 1795 3904 Lex
1851 3866 1985 3919 ergo

403 3945 658 4012 praecepit
697 3944 853 3999 nobis
878 3944 1185 3999 interﬁcere
1215 3959 1405 3998 omnes
1438 3959 1595 4014 reges
1627 3944 1859 4012 peccati,
1894 3943 1984 4013 qui

397 4049 504 4090 nos
535 4044 842 4106 provocant
892 4036 959 4090 ad
1004 4046 1308 4105 peccatum.
1351 4055 1371 4088 ι
1406 4035 1499 4092 Sic
1536 4036 1667 4091 fecit
1697 4035 1856 4090 Jesus
1880 4078 1895 4103 ,
1931 4045 1987 4092 et

398 4143 506 4183 non
555 4135 643 4182 est
694 4136 1070 4197 transgressus
1116 4129 1414 4198 quidquam
1458 4130 1527 4183 ab
1578 4128 1831 4184 omnibus
1866 4144 1986 4198 quae

395 4220 754 4275 constituitei
792 4219 1062 4290 Moyses‘.
1099 4239 1117 4272 ι
1158 4220 1403 4276 Diximus
1420 4222 1641 4291 quidem
1684 4222 1981 4277 secundum

396 4311 635 4381 priorem
688 4311 1047 4381 expositionis
1082 4311 1195 4381 (87)
1233 4314 1513 4379 ordinem,
1563 4314 1689 4384 quia
1719 4328 1981 4383 quacun-

396 4416 502 4471 que
527 4402 611 4455 lex
641 4403 756 4466 Dei,
784 4402 876 4469 qui
906 4418 1050 4456 nunc
1078 4401 1291 4473 Moyses
1317 4402 1641 4471 appellatur,
1673 4402 1979 4464 constituit,

394 4493 584 4564 implet
612 4494 771 4549 Jesus
804 4494 856 4547 in
909 4495 1103 4548 nobis:
1142 4505 1198 4548 et
1234 4494 1350 4563 ipse
1380 4505 1464 4548 est
1497 4497 1587 4565 qui
1625 4495 1895 4548 interimit
1924 4495 1978 4548 in

2114 1996 2323 2061 peccati
2363 2000 2614 2066 purgavit
2649 1999 2911 2057 Dominus
2943 2004 3121 2071 Jesus,
3161 2023 3459 2077 omnesque
3494 2014 3708 2066 destru-

2114 2088 2211 2140 xit.
2247 2088 2439 2142 Cuncti
2472 2108 2707 2161 namque
2752 2110 2775 2145 ιε
2806 2111 3033 2152 eramus.
3054 2099 3317 2156 insensati
3343 2141 3357 2164 ,
3392 2103 3655 2159 increduli
3684 2146 3701 2169 ,

2109 2193 2378 2247 errantes,
2416 2186 2723 2239 servientes
2762 2188 3051 2245 desideriis
3083 2193 3271 2257 variis,
3307 2195 3361 2247 in
3398 2197 3603 2250 malitia
3645 2207 3703 2253 et

2111 2277 2310 2333 invidia
2348 2290 2608 2348 agentes,
2639 2280 2869 2336 odibiles
2894 2321 2911 2347 ,
2944 2285 3190 2341 odientes
3236 2287 3467 2342 invicem
3500 2289 3549 2355 ⁸,
3580 2309 3600 2342 ι
3644 2298 3703 2346 et

2106 2385 2270 2427 omne
2298 2374 2667 2443 quodcunque
2698 2374 2826 2428 illud
2858 2387 2940 2430 est
2975 2379 3182 2446 peccati
3215 2394 3409 2449 genus,
3439 2384 3583 2450 quod
3615 2384 3698 2437 in-

2105 2464 2323 2517 venitur
2356 2463 2408 2516 in
2435 2464 2751 2520 hominibus
2785 2477 3085 2536 antequam
3108 2474 3359 2526 credant.
3393 2472 3538 2527 Bene
3564 2489 3703 2544 ergo

2104 2552 2261 2617 dicit,
2292 2554 2419 2623 quia
2453 2568 2643 2609 omnes
2666 2555 2869 2610 occidit
2893 2555 3053 2613 Jesus
3080 2560 3171 2627 qtti
3203 2564 3460 2616 exierunt
3485 2565 3552 2617 ad
3584 2564 3701 2618 bel.

2103 2645 2234 2698 lunt.
2274 2643 2428 2700 Nulla
2462 2647 2610 2702 enim
2642 2648 2855 2717 species
2889 2652 3097 2719 peccati
3133 2659 3280 2705 tanta
3311 2664 3416 2716 est.
3446 2670 3551 2724 qua
3585 2672 3693 2713 non

2100 2739 2171 2791 sit
2198 2739 2450 2806 superior
2477 2737 2657 2803 Jesus,
2691 2741 2782 2810 qui
2816 2752 2901 2796 est
2933 2740 3169 2798 Verbum
3198 2753 3254 2799 ιι
3277 2747 3549 2816 sapientia
3574 2748 3695 2805 Dei.

2100 2831 2292 2885 Omnia
2324 2832 2469 2885 enim
2494 2842 2715 2901 snperat
2741 2844 2796 2889 et
2824 2834 3015 2890 vineit.
3050 2836 3243 2891 Annon
3273 2838 3346 2892 ita
3392 2841 3693 2909 credimus,

2098 2923 2225 2988 quia
2253 2938 2416 2976 omne
2447 2939 2622 2992 genus
2653 2926 2860 2992 peccati
2889 2941 3012 2979 cum
3039 2929 3109 2981 ad
3134 2928 3372 2984 salutare
3409 2931 3686 2988 lavacrum

2098 3014 2345 3068 venimus
2383 3017 2684 3070 aufertur?
2719 3016 2830 3070 lloc
2864 3017 3010 3070 enim
3056 3028 3109 3072 et
3158 3022 3439 3090 apostolus
3491 3024 3693 3082 Paulus

2097 3106 2348 3175 designat
2376 3129 2388 3163 :
2427 3109 2518 3178 qui
2556 3124 2687 3163 cum
2710 3110 2961 3165 universa
2995 3122 3346 3180 peccatorum
3379 3130 3575 3184 genera
3611 3119 3694 3173 di-

2098 3212 2459 3264 umnerasset,
2504 3202 2658 3256 addit
2701 3211 2823 3272 post
2848 3202 3051 3267 omnia,
3082 3214 3136 3258 et
3175 3206 3307 3260 dicit
3336 3208 3393 3262 ος
3429 3226 3446 3258 ι
3478 3210 3538 3262 Et
3576 3211 3692 3266 have

2095 3293 2312 3360 quidem
2344 3293 2546 3359 fuistis,
2578 3293 2675 3347 sed
2703 3292 2875 3349 abluti
2927 3293 3063 3346 estis
3085 3333 3101 3357 ,
3176 3292 3275 3348 sed
3356 3296 3687 3350 sanetilicati

2099 3383 2257 3446 estis,
2287 3384 2692 3451 sedjustitieati
2730 3388 2867 3441 estis
2913 3384 3030 3457 (90)
3081 3385 3135 3441 in
3197 3387 3420 3443 nomine
3470 3389 3690 3447 Domini

2095 3473 2267 3527 nostri
2289 3471 2413 3528 Jesu
2450 3474 2677 3531 Christi.
2713 3492 2733 3525 ι
2763 3474 2875 3529 Hoc
2908 3490 3047 3545 ergo.
3069 3476 3225 3531 modo
3253 3492 3445 3535 omnes
3473 3481 3689 3549 cepisse

2092 3565 2147 3619 in
2191 3566 2376 3634 pr:elio
2410 3565 2613 3621 dicitur
2638 3604 2654 3630 ,
2699 3574 2755 3620 et
2785 3582 2978 3620 omnes
3010 3568 3341 3635 peremisse,
3378 3588 3393 3618 ι
3430 3571 3556 3641 quia
3591 3585 3689 3640 per

2091 3657 2375 3713 Dominum
2410 3656 2609 3712 laetum
2641 3666 2725 3713 est
2771 3668 2825 3710 ut
2869 3658 3229 3713 intialesceret
3255 3674 3351 3714 cor
3380 3674 3590 3727 eorum,
3627 3674 3685 3720 et

2090 3758 2444 3805 occurrerent
2475 3748 2528 3801 in
2563 3747 2810 3818 praelium
2863 3759 3061 3803 contra.
3093 3751 3296 3816 Israel,
3332 3765 3388 3804 ut
3421 3756 3685 3809 extermi-

2089 3853 2373 3897 narentur.
2413 3862 2432 3895 ι
2471 3841 2609 3896 Dum
2638 3844 2786 3897 enim
2840 3860 2947 3897 non
2981 3844 3204 3898 veniunt
3235 3846 3474 3901 inim’ca:
3513 3849 3685 3901 virtu-

2092 3944 2172 3990 tes
2196 3975 2212 4000 ,
2256 3951 2381 4005 qua
2414 3944 2635 4004 peccata
2687 3945 2986 4004 Operantur
3032 3938 3091 3991 in
3132 3940 3321 4004 nobis,
3360 3955 3457 3993 nee
3488 3956 3685 4009 provo~

2090 4037 2213 4083 cant
2246 4043 2344 4084 nos
2372 4029 2442 4082 ad
2478 4029 2834 4097 peccandum,
2871 4045 2970 4084 nee
3004 4030 3282 4085 lacessunt
3318 4032 3382 4085 ad
3413 4034 3685 4088 dimicatio

2086 4123 2214 4175 dum
2237 4161 2252 4186 ,
2290 4120 2521 4177 interﬁci
2552 4137 2659 4176 non
2696 4132 2925 4191 possunt
2948 4163 2964 4191 ,
2995 4138 3094 4178 nec
3139 4125 3517 4178 exterminari.
3554 4125 3679 4181 Ideo

2087 4226 2217 4282 ergo
2250 4210 2397 4266 Deus
2424 4210 2624 4267 dicitur
2658 4213 2974 4279 permittere
2996 4253 3009 4276 ,
3046 4213 3155 4267 imo
3187 4223 3241 4267 et
3288 4215 3513 4268 incitare
3545 4233 3675 4285 pro-

2087 4303 2378 4372 pemodum
2410 4302 2757 4358 adversarius
2795 4305 3027 4359 virtutes
3055 4305 3209 4361 exire
3243 4306 3527 4359 adversum
3573 4322 3677 4363 nus

2086 4396 2141 4450 in
2180 4395 2427 4465 praelium
2458 4434 2473 4460 ,
2511 4405 2573 4451 ut
2600 4405 2655 4451 et
2689 4410 2788 4450 nos
2817 4396 3101 4450 victoriam
3140 4398 3444 4467 capiamus,
3477 4408 3533 4451 et
3572 4400 3677 4455 illae

2088 4488 2370 4543 interitum
2403 4499 2829 4556 consequantur.
2868 4485 3022 4543 Unde
3052 4488 3185 4541 mihi
3213 4487 3427 4542 videtur
3443 4503 3563 4543 esse
3591 4490 3679 4542 in-

394 4588 551 4644 nobis
580 4589 730 4652 vitia,
760 4596 817 4641 et
862 4588 1202 4657 nequissima
1255 4588 1463 4657 peccati
1499 4604 1661 4658 regna
1694 4586 1986 4642 subvertit.
2020 4584 2061 4638 D
2095 4581 2515 4652 linitusquidam
2541 4595 2803 4636 numerus
2818 4582 3225 4637 contrariarum
3252 4582 3511 4637 virtutum
3536 4583 3675 4655 (9i),

462 4729 509 4764 "
536 4727 651 4784 Jos.
684 4744 762 4791 χι.
805 4728 898 4783 12.
996 4730 1043 4762 ³⁸
1074 4728 1229 4786 Βοιιι.
1272 4745 1354 4795 ιιι,
1396 4707 1489 4786 95.

393 4799 416 4832 ’
441 4797 558 4855 Gal.
593 4798 756 4864 tv,,4.
830 4800 851 4830 ³
881 4799 1070 4853 Matth.
1104 4815 1155 4867 ν,
1193 4801 1282 4854 17.
1358 4800 1379 4830 ⁸⁵
1407 4800 1520 4856 Jos.
1564 4816 1640 4867 ιιι,
1674 4803 1759 4862 l8,
1795 4801 1882 4853 l7.

463 4934 576 5008 (86)
627 4935 839 4991 Adhuc.
873 4936 1035 4993 Deest
1076 4937 1143 4992 in.
1180 4937 1310 4995 libb.
1349 4937 1533 5007 editis,
1562 4936 1658 4994 sed
1704 4944 1885 4992 exstat
1915 4936 1969 4991 in

393 5022 529 5063 mss.

466 5100 578 5172 (87)
607 5098 845 5169 Uterque
887 5101 1269 5157 Ebroicensis:
1325 5120 1342 5152 ι
1375 5102 1618 5172 priorem
1666 5088 1969 5170 expositio-

393 5171 499 5227 nis.
530 5189 548 5222 ι
586 5171 1111 5240 Sangermanensis,
1161 5189 1180 5222 ι
1212 5171 1451 5239 priorem
1489 5172 1914 5240 expositionum.
1946 5188 1965 5221 ι

392 5241 548 5296 Libb.
580 5242 747 5305 editi,
786 5260 803 5291 ι
830 5242 1027 5309 prioris
1055 5245 1434 5311 expositionis.
1473 5260 1491 5293 ι

484 5334 551 5388 88
612 5334 791 5388 Codex
821 5334 1134 5403 Sangerm.,
1176 5353 1193 5385 ι
1229 5343 1551 5399 temporum.
1588 5353 1605 5385 ι

461 5334 577 5477 £89;
606 5404 760 5458 Libb.
788 5405 953 5477 editi,
994 5421 1012 5454 ι
1046 5419 1167 5458 cum
1199 5405 1301 5456 sub
1329 5404 1444 5472 lege
1471 5418 1577 5457 non

487 5401 577 5472 89)
606 5404 760 5458 Libb.
788 5401 957 5469 editi,
994 5421 1012 5454 ι
1046 5419 1167 5458 cum
1199 5405 1301 5456 sub
1329 5404 1444 5472 lege
1471 5418 1577 5457 non
1606 5409 1773 5460 esset.
1807 5422 1825 5455 ι
1859 5401 1967 5458 Sed

388 5475 519 5530 mss.
557 5475 575 5527 ι
606 5490 729 5527 eum
766 5475 865 5529 sub
900 5477 1016 5544 lege
1046 5483 1214 5528 esset.
1249 5491 1268 5525 ι

459 5567 573 5639 (90)
625 5567 682 5622 1η
737 5583 838 5622 ms.
889 5567 1179 5637 Sangerm.
1245 5565 1400 5620 deest
1459 5582 1478 5615 ι
1529 5566 1621 5620 sed
1680 5564 1966 5633 iustiﬁcati

386 5648 749 5781 Θεὶξίίυηάε
778 5709 905 5760 mihi
941 5709 1145 5781 videtur
1182 5724 1292 5761 esse
1320 5706 1819 5781 inﬁnitusuqttidant
1867 5721 1966 5757 uu—

388 5775 563 5831 merus
604 5781 996 5831 contrariarum
1045 5779 1338 5841 virtutum,
1400 5788 1507 5830 etc.
1569 5777 1721 5829 Hunc
1785 5775 1961 5828 locum

393 5857 459 5895 ex
507 5857 660 5910 parte
706 5850 945 5905 imitatur
994 5848 1362 5922 Hieronymus
1413 5848 1480 5901 ad
1516 5845 1718 5902 llabac.
1754 5859 1838 5911 ιιι,
1872 5845 1959 5903 14,

1596 4730 1642 4762 ⁸⁷
1669 4729 1824 4784 Rom.
1854 4743 1935 4791 vt,
1963 4725 2055 4780 12.
2163 4725 2210 4753 ’⁸
2237 4725 2324 4776 .l'os

1603 4816 1640 4858 ι.
1674 4803 1759 4858 18.
1795 4801 1882 4853 17.
1960 4797 1981 4829 ⁸
2013 4795 2122 4849 Tit.
2156 4807 2239 4858 ιιι,
2268 4792 2324 4845 5.

2163 4722 2210 4753 ’⁸
2237 4720 2352 4776 les.
2386 4735 2464 4780 ιιι,
2506 4720 2590 4775 12.
2701 4718 2905 4775 "Luc.
2932 4734 3044 4787 xvi,
3088 4718 3182 4777 29.

2401 4791 2422 4824 ⁸
2456 4790 2628 4846 l‘Cor.
2668 4805 2743 4859 γι,
2778 4789 2866 4844 11.

3287 4721 3304 4753 ⁸
3328 4718 3442 4776 Jos.
3476 4738 3553 4788 ιι,
3581 4721 3669 4781 15.

2080 4929 2224 5000 [dem
2252 4929 2518 5000 Origenes
2550 4930 2618 4984 ad
2649 4928 2875 4985 Joannis
2902 4945 2993 4995 ιιι,
3016 4928 3087 4984 49
3115 4947 3129 4985 :
3171 4947 3191 4981 ι
3223 4929 3663 4998 Convenitjuxta

2083 4997 2417 5067 Scriptura's,
2444 5011 2731 5069 peccantes
2759 5002 2921 5054 multa
2948 5000 3127 5054 facere
3151 5011 3346 5069 praeter
3370 4997 3658 5067 rationem;

2085 5084 2190 5123 non
2221 5077 2291 5125 ob
2320 5072 2491 5135 altu-dt,
2522 5071 2624 5124 nisi
2655 5072 2779 5139 quia
2810 5070 2947 5125 facti
2978 5070 3180 5124 lberint
3210 5085 3437 5139 capaces
3467 5086 3661 5137 opera-

2083 5139 2249 5210 tionis
2268 5142 2389 5195 mali
2414 5142 2657 5210 spiritus,
2684 5141 3073 5195 veLvuluutatis
3097 5141 3357 5194 immundi
3375 5142 3654 5193 damonis.

2084 5208 2199 5280 _Nou
2231 5208 2549 5264 dubitarunt
2580 5211 2747 5280 igitur
2772 5210 2853 5263 vel
2885 5225 2947 5264 ea
2972 5225 3095 5278 quae
3120 5211 3506 5264 existimantur
3537 5224 3658 5262 esse

2082 5276 2222 5333 levia
2256 5290 2478 5348 peccata
2515 5276 2795 5336 daemoniis
2826 5276 3066 5333 tribuere
3093 5321 3108 5345 ,
3161 5281 3233 5333 illi
3267 5281 3355 5345 qui
3407 5282 3660 5332 dixerunt

2080 5353 2419 5419 repentinam
2453 5350 2612 5414 iram,
2643 5350 3006 5419 similiterque
3033 5350 3427 5419 detractionem
3453 5349 3658 5419 tuentu-

2076 5416 2224 5473 nium
2272 5436 2411 5475 esse.
2462 5439 2481 5472 ι
2545 5422 2747 5487 Aperte
2800 5416 3021 5489 respicit
3068 5422 3132 5472 ad
3187 5418 3400 5471 Hermae
3450 5416 3655 5489 lib._tt,

2074 5491 2329 5543 mandato
2352 5493 2407 5551 2.
2438 5491 2526 5544 ubi
2562 5509 2578 5541 t
2600 5486 3134 5544 detractio—idicitur
3168 5489 3518 5537 «inconstans
3549 5486 3657 5539 dae—

2072 5562 2332 5614 monium.
2367 5580 2384 5611 )
2417 5561 2544 5616 Item
2576 5561 2668 5615 lib.
2696 5574 2780 5620 ιιι,
2810 5560 2973 5613 simil.
3002 5558 3052 5619 9,
3083 5572 3200 5621 cap.
3233 5554 3323 5619 ‘22,
3349 5572 3368 5605 ι
3403 5569 3654 5622 magnum

2078 5628 2405 5683 dtetnonium
2442 5642 2544 5693 est,
2575 5631 2800 5683 audatia
2837 5638 2891 5680 et
2921 5626 3243 5679 conlidenlia
3293 5624 3503 5688 inanis;
3541 5643 3560 5675 ι
3599 5632 3658 5680 et

2076 5716 2197 5767 cap.
2225 5701 2315 5766 ‘25,
2347 5702 2584 5772 hortatio
2618 5701 2675 5751 lit
2706 5710 2762 5772 ut
2795 5717 2814 5749 ι
2851 5700 2918 5772 ab
2945 5698 3039 5772 ila!
3066 5694 3332 5772 daturouio
3362 5712 3379 5744 ι
3418 5708 3516 5772 nos
3550 5708 3656 5761 pu-

2076 5761 2371 5822 rilieemus.
2418 5770 2523 5822 Sed
2565 5779 2619 5822 et
2658 5767 2913 5839 scriptori
2949 5762 3409 5839 Recogni'tionunt,
3444 5761 3536 5817 lib.
3590 5778 3654 5829 ιι,

2074 5854 2195 5908 cap.
2224 5839 2318 5905 25,
2360 5840 2665 5910 ignorantia
2695 5847 2777 5893 est
2808 5837 3015 5891 daemon
3048 5837 3344 5903 pessimus.
