4146 6412
481 404 587 460 905

1935 394 2263 454 ORIGENIS

3666 406 3772 461 901

480 532 579 587 pro
608 530 676 570 eo
711 517 853 586 quod
885 530 980 586 per
1012 516 1255 588 singulos
1285 531 1423 586 pene
1459 517 1711 570 homines
1745 525 1873 569 sunt
1901 515 2065 583 spiri-
2096 518 2142 572 Δ
2174 513 2484 568 exteriores
2540 513 2829 577 tenebras,
2873 515 2956 568 vel
3020 526 3127 582 quo
3179 514 3427 583 quisquis
3479 515 3567 571 ille
3625 518 3778 576 locus

484 618 570 661 tus
597 608 787 677 aliqui,
818 609 1031 662 diversa
1067 610 1117 660 in
1147 608 1211 661 iis
1245 617 1597 674 peccatorum
1626 624 1823 676 genera
1853 609 2074 663 molien-

484 710 582 755 tes.
617 700 778 755 Verbi
813 717 1003 765 causa,
1034 710 1121 754 est
1153 701 1353 769 aliquis
1397 700 1783 754 fornicationis
1817 700 2068 769 spiritus,

483 806 564 849 est
596 795 690 848 irae
731 795 958 865 spiritus
994 793 1174 849 alius:
1224 804 1308 848 est
1346 794 1591 847 avaritia:
1623 793 1848 861 Spiritus
1873 832 1887 857 ,
1935 793 2076 847 alius

479 900 609 941 vero
645 886 933 955 superbiae.
972 887 1033 939 Et
1067 886 1109 940 si
1149 887 1367 940 eveniat
1406 884 1518 957 (92)
1552 900 1673 940 esse
1705 884 1941 953 aliquem
1978 886 2076 939 ho-

482 978 708 1041 minem,
741 978 832 1046 qui
868 979 954 1032 ltIS
989 980 1246 1033 omnibus
1279 979 1462 1045 malis,-
1501 988 1595 1033 aut
1629 980 1794 1032 etiam
1825 978 2073 1048 pluribus

484 1076 740 1143 agitetur,
772 1087 966 1127 omnes
1009 1073 1137 1138 hos,
1164 1074 1248 1128 vel
1275 1073 1440 1127 etiam
1474 1072 1656 1140 plures
1688 1072 1738 1124 in
1777 1086 1836 1125 se
1872 1072 2073 1126 habere

481 1165 731 1219 inimicos
759 1167 1033 1233 putandus
1073 1174 1156 1219 est
1185 1166 1438 1234 spiritus.
1472 1163 1625 1219 Unde
1659 1172 1714 1217 et
1751 1178 1849 1231 per
1882 1162 2073 1231 singu-

482 1257 564 1311 los
594 1264 777 1327 plures
806 1274 925 1311 esse
957 1258 1214 1312 credendi
1245 1266 1394 1321 sunt,
1424 1257 1549 1325 quia
1584 1272 1687 1309 non
1719 1254 1931 1324 singula
1962 1255 2073 1307 sin-

483 1351 589 1419 guli
625 1350 870 1405 homines
910 1351 1112 1403 habent
1148 1350 1301 1411 vitia,
1344 1349 1424 1403 vel
1457 1358 1676 1418 peccata
1703 1348 2069 1410 committunt,

483 1442 576 1496 sed
608 1442 759 1510 plura
790 1444 857 1495 ab
886 1458 1211 1510 unoquoque
1237 1443 1488 1496 videntur
1515 1441 1748 1495 admitti.
1781 1440 1847 1495 Et
1873 1440 2068 1494 iterum

485 1552 593 1591 non
632 1547 714 1591 est
746 1537 1042 1606 putandum
1075 1536 1217 1606 quod
1255 1552 1395 1590 unus
1426 1535 1811 1590 fornicationis
1845 1534 2071 1603 spiritus

481 1631 702 1685 seducat
730 1646 851 1683 eum
883 1630 993 1698 qui,
1025 1629 1176 1682 verbi
1215 1628 1410 1697 gratia,
1453 1629 1505 1682 in
1538 1628 1838 1682 Britanniis
1887 1626 2069 1683 forni-

479 1731 658 1785 catur,
690 1731 742 1776 et
774 1721 922 1773 illum
954 1720 1044 1788 qui
1079 1720 1129 1772 in
1163 1718 1312 1772 India
1346 1760 1360 1783 ,
1392 1720 1474 1775 vel
1510 1722 1563 1775 in
1610 1721 1732 1774 aliis
1764 1721 1877 1791 (95)
1912 1721 2068 1787 locis,

480 1828 657 1876 neque
689 1830 851 1865 unum
889 1827 1010 1865 esse
1048 1814 1143 1865 ira:
1180 1812 1435 1879 spiritum
1463 1853 1478 1877 ,
1511 1812 1601 1880 qui
1635 1812 1870 1867 diversis
1907 1814 1957 1865 in
1995 1813 2070 1866 Io-

2191 606 2274 659 eis
2316 605 2513 675 dignus
2560 616 2677 668 est,
2723 605 3067 658 abducantur
3119 620 3148 658 a
3192 606 3340 675 justo
3388 607 3572 675 judice
3617 609 3775 663 Chri-

2183 707 2293 760 sto,
2340 697 2530 767 agonis
2565 698 2727 766 hujus
2764 698 2890 752 vitae
2922 698 3233 752 mortalium
3267 700 3516 767 praeside.
3551 701 3618 755 Et
3650 701 3775 757 inde

2182 790 2435 857 estquod
2465 791 2704 860 plurimo
2744 792 3048 845 daemonum
3099 808 3333 846 numero
3356 791 3465 858 jam
3510 794 3675 860 victo,
3705 797 3773 849 ad

2184 880 2563 937 credulitatem
2594 893 2782 952 gentes
2829 886 3015 938 venire
3054 879 3407 938 relaxantur:
3460 887 3549 953 qui
3586 886 3774 953 utique

2182 972 2493 1028 nullatenus
2526 977 2839 1031 sinerentur
2864 976 3011 1047 (96),
3040 976 3084 1031 si
3122 978 3343 1046 integra:
3375 992 3593 1042 eorum,
3630 978 3773 1033 sicut

2186 1064 2341 1131 prius
2376 1065 2622 1131 fuerant,
2656 1067 3023 1121 subsisterent
3049 1066 3313 1137 legiones.
3345 1065 3499 1133 Quod
3526 1068 3572 1121 si
3606 1066 3767 1122 alicui

2181 1153 2395 1212 difﬁcile
2418 1160 2633 1213 videtur
2659 1173 2781 1213 esse
2803 1158 2947 1228 quod
2969 1158 3199 1213 dicimus
3222 1175 3319 1227 per
3341 1160 3583 1230 singulos
3604 1176 3770 1231 quos-

2180 1264 2285 1319 que
2330 1252 2675 1319 peccantium
2720 1251 2888 1305 multa
2926 1266 3124 1306 vacare
3166 1251 3279 1321 (97)
3319 1253 3588 1307 darmonia
3620 1296 3636 1320 ,
3673 1264 3769 1311 aut

2181 1343 2485 1398 fabulosum
2518 1346 2622 1399 hoc
2673 1354 2860 1415 putat,
2928 1346 3115 1399 redeat
3163 1345 3231 1397 ad
3265 1344 3545 1416 Evangelii
3579 1360 3770 1404 aucto-

2180 1438 2396 1490 ritatem
2430 1477 2443 1500 ,
2486 1448 2537 1490 et
2600 1439 2839 1491 inveniet
2892 1438 3045 1490 illum
3099 1437 3190 1506 qui
3250 1437 3303 1491 in
3358 1438 3623 1509 sepulcris
3676 1440 3772 1494 ha-

2161 1530 2391 1594 ,bitabat
2455 1530 2568 1600 (98)
2636 1531 2938 1585 da-moncm
3013 1530 3226 1598 patiens
3274 1575 3287 1596 ,
3354 1548 3476 1586 eum
3533 1532 3769 1587 interro-

2145 1604 2401 1691 {garetur
2434 1622 2596 1694 435
2642 1639 2669 1675 a
2707 1621 3016 1687 Salvatore,
3061 1624 3207 1693 quod
3264 1625 3359 1677 tibi
3417 1640 3613 1678 nomen
3646 1635 3764 1688 est,

2162 1715 2527 1785 ,respondisse
2575 1715 2735 1783 legio.
2800 1733 2819 1766 ‹
2863 1714 3030 1769 Multa
3082 1717 3265 1778 enim,
3335 1717 3508 1785 inquit
3556 1716 3599 1781 ⁸,
3652 1716 3766 1771 dm-

2166 1808 2359 1861 ’monia
2388 1823 2598 1863 sumus.
2641 1828 2659 1859 ι
2694 1808 2835 1875 Quid
2882 1822 3014 1879 ergo
3073 1809 3271 1861 mirum
3325 1807 3562 1872 videtur,
3592 1809 3637 1863 si
3671 1825 3768 1878 per

479 1905 558 1957 cis
605 1905 851 1957 diversos
883 1904 1134 1957 homines
1170 1904 1339 1973 agitet
1367 1922 1380 1957 :
1431 1905 1526 1958 sed
1558 1915 1688 1974 puto
1722 1907 1892 1974 magis
1921 1906 2072 1976 prin-
2101 1884 2152 1941 Β
2175 1899 2384 1968 singula
2416 1916 2614 1971 genera
2644 1913 2993 1971 peccatorum
3043 1901 3242 1970 singuli
3287 1901 3563 1955 daemones
3591 1902 3766 1956 ascri-

481 1995 654 2063 cipem
711 1994 928 2063 quidem
976 1995 1354 2049 lornicationis
1410 1995 1662 2065 spiritum
1700 2013 1864 2050 unum
1902 2012 2026 2052 esse
2053 2037 2069 2063 ,

481 2090 804 2167 innumeros
838 2104 969 2143 vero
1013 2104 1136 2143 esse
1167 2091 1258 2158 qui
1296 2091 1349 2144 in
1380 2090 1483 2143 hoc
1511 2089 1559 2143 ei
1590 2089 1768 2144 ollicio
1800 2102 2031 2160 pareant
2052 2131 2066 2156 ,

478 2192 535 2235 et
579 2197 675 2251 per
705 2182 953 2251 singulos
1000 2196 1250 2251 quosque
1298 2182 1550 2236 homines
1598 2183 1798 2238 diversi
1845 2184 2070 2253 spiritus

481 2272 581 2325 sub
608 2286 673 2326 eo
697 2272 940 2341 principe
972 2271 1289 2337 militantes,
1320 2272 1388 2326 ad
1418 2271 1792 2339 hujuscemodi
1821 2289 1916 2328 eos
1944 2289 2070 2343 pec-

480 2369 598 2415 cata
658 2360 974 2417 sollicitent.
1025 2359 1297 2415 Similiter
1352 2370 1408 2414 et
1453 2361 1754 2416 iracundia:
1812 2363 2068 2431 spiritum

482 2453 782 2522 principem
841 2467 1009 2506 unum
1052 2467 1176 2506 esse
1234 2453 1521 2520 arbitror,
1570 2454 1888 2509 innumeros
1940 2469 2070 2509 vero

478 2557 601 2598 esse
630 2545 729 2598 sub
759 2543 873 2612 ipso
904 2554 1154 2613 agentes,
1182 2546 1274 2615 qui
1305 2560 1401 2615 per
1426 2546 1670 2615 singulos
1695 2562 1943 2616 quosque
1969 2547 2070 2602 ho-

484 2636 656 2692 mines
694 2635 921 2704 hujusce
961 2636 1078 2691 vitii
1126 2646 1347 2706 peccata
1391 2638 1749 2692 succendant.
1802 2638 2071 2692 Similiter

480 2735 538 2781 et
568 2726 811 2781 avaritia:
846 2742 1013 2780 unum
1051 2741 1171 2782 esse
1213 2727 1539 2796 principem,
1583 2727 1663 2781 sic
1691 2739 1746 2782 et
1779 2729 2067 2796 superbiae,

480 2829 537 2875 et
563 2827 883 2875 cteterorum
911 2819 1201 2874 malorum.
1232 2820 1295 2873 Et
1330 2819 1453 2875 ideo
1482 2835 1589 2874 nou
1624 2836 1763 2875 unus
1797 2823 2070 2891 principa-

484 2921 573 2968 tus
598 2912 798 2968 dicitur
824 2913 875 2966 iu
905 2912 1198 2967 contrariis
1229 2911 1526 2967 virtutibus
1566 2913 1635 2965 ab
1658 2913 1945 2981 Apostolo,
1974 2915 2068 2968 sed

481 3005 698 3075 plures,
741 3003 1032 3058 adversum
1075 3017 1212 3071 quos
1245 3016 1482 3070 pugnam
1519 3003 1620 3057 sibi
1659 3017 1782 3059 esse
1826 3012 1879 3057 et
1915 3004 2071 3059 nobis

488 3097 742 3151 omnibus
790 3095 1000 3150 scribit.
1039 3096 1172 3151 Esse
1217 3104 1398 3149 tamen
1435 3110 1560 3150 reor
1596 3094 1791 3148 horum
1820 3095 2067 3150 omnium

2175 1992 2394 2055 bantur,
2429 2009 2550 2046 cum
2583 1994 2844 2062 scriptum
2873 1994 2945 2047 sit
2996 1994 3049 2047 iu
3082 2008 3191 2046 uno
3248 1993 3467 2047 homine
3490 1993 3764 2063 integram

2176 2083 2345 2136 fuisse
2370 2084 2680 2138 daemonum
2716 2085 3024 2154 legionem?
3075 2084 3293 2138 Memini
3350 2096 3531 2139 autem
3567 2085 3764 2140 similia

2174 2191 2263 2231 me
2303 2176 2507 2229 dixisse
2549 2175 2713 2229 etiam
2746 2175 2801 2229 in
2838 2176 2906 2229 iis
2937 2175 3090 2241 locis,
3142 2176 3194 2229 in
3224 2176 3421 2245 quibus
3446 2178 3761 2246 exponebao

2176 2282 2296 2321 mus
2327 2266 2657 2321 versiculum
2692 2267 2881 2335 psalmi
2915 2269 2966 2320 in
2998 2282 3107 2335 quo
3141 2267 3404 2334 scriptum
3436 2278 3518 2322 est
3548 2270 3570 2300 °
3604 2284 3617 2320 :
3651 2288 3669 2320 ι
3709 2270 3763 2325 In

2174 2360 2455 2414 matutinis
2488 2359 2882 2414 interliciebam
2912 2373 3107 2412 omnes
3130 2368 3454 2427 peccatores
3484 2368 3669 2423 terrae,
3703 2370 3764 2412 ut

2174 2450 2485 2520 disperdam
2520 2452 2587 2506 de
2620 2451 2845 2506 civitate
2875 2450 3085 2503 Domini
3116 2466 3308 2506 omnes
3339 2452 3431 2520 qui
3467 2461 3767 2521 operantur

2174 2541 2541 2612 iniquitatem.
2581 2561 2599 2593 ν
2640 2543 2717 2596 Ita
2749 2542 2987 2607 denique
3024 2542 3188 2593 etiam
3222 2542 3274 2593 in
3304 2556 3464 2594 manu
3492 2542 3763 2610 justorum

2173 2636 2337 2707 gladii
2410 2636 2678 2705 ancipites
2756 2649 2877 2689 esse
2935 2634 3223 2695 dicuntur,
3293 2632 3413 2686 sine
3462 2633 3629 2686 dubio
3669 2633 3761 2701 qui

2171 2730 2485 2787 contrarias
2520 2728 2751 2782 virtutes
2782 2728 3071 2796 perimant.
3104 2725 3243 2779 Puto
3278 2734 3460 2779 autem
3488 2725 3630 2794 quod
3666 2738 3763 2778 ve.

2172 2821 2487 2878 hcmentior
2518 2821 2584 2874 ad
2627 2820 2742 2874 lucc
2794 2820 3073 2889 probanda
3108 2833 3228 2887 qna:
3258 2817 3498 2872 diximus
3537 2816 3764 2887 apostoli

2174 2914 2325 2968 Pauli
2358 2915 2446 2969 illa
2503 2913 2738 2985 proferri
2804 2915 2979 2983 possit
3029 2917 3294 2980 assertio,
3346 2931 3469 2970 cum
3510 2914 3641 2969 dicit
3670 2910 3761 2967 ‘°:

2177 3025 2197 3059 ι
2236 3005 2379 3062 Deus
2405 3017 2583 3061 autem
2610 3008 2761 3075 pacis
2792 3015 3041 3060 conterat
3070 3006 3334 3061 Satanam
3384 3008 3486 3061 sub
3533 3006 3766 3075 pedibus

2174 3097 2378 3152 vestris
2408 3097 2695 3152 velociter.
2739 3116 2757 3149 ι
2800 3096 2855 3151 Si
2889 3098 3035 3152 enim
3076 3113 3214 3152 unus
3243 3107 3326 3153 est
3353 3098 3609 3162 Satanas,
3631 3112 3767 3167 queo

481 3187 596 3257 (94)
629 3187 929 3256 principem
957 3226 972 3250 ,
1005 3187 1157 3241 velut
1203 3185 1620 3241 eminentiorem
1671 3186 1964 3255 quemdam
2014 3189 2066 3241 in
2096 3231 2140 3290 ο
2176 3191 2339 3244 modo
2368 3199 2545 3260 potest
2577 3192 2695 3260 ipse
2725 3192 2993 3245 contritus
3022 3205 3145 3245 esse
3180 3190 3280 3245 sub
3315 3191 3541 3260 pedibus
3574 3205 3765 3245 servo-

485 3282 724 3350 uequitia
756 3323 770 3346 ,
810 3291 865 3333 et
900 3282 953 3333 in
984 3279 1190 3334 scelere
1232 3279 1545 3343 celsiorem,
1582 3280 1673 3348 qui
1705 3289 1876 3333 totum
1912 3296 2070 3335 mun-

484 3379 633 3441 dum,
667 3393 829 3445 quem
856 3376 945 3429 isti
1002 3376 1068 3430 ad
1109 3387 1329 3446 peccata
1358 3376 1557 3446 singuli
1584 3375 1787 3445 quique
1818 3391 1913 3445 per
1949 3391 2072 3445 pec-

482 3479 727 3523 catorum
771 3469 987 3538 species
1018 3484 1115 3539 pro
1148 3477 1302 3539 parte
1347 3468 1651 3524 sollicitant
1678 3509 1692 3533 ,
1741 3470 1891 3523 solus
1924 3469 2073 3524 velut

480 3560 725 3614 omnium
764 3559 1070 3628 principqu
1117 3561 1225 3615 dux
1252 3602 1268 3625 ,
1296 3570 1352 3614 et
1385 3561 1552 3615 totius
1579 3559 1831 3615 nefandae
1865 3559 2071 3615 militite

484 3652 763 3721 magister,
803 3652 1074 3722 exagitet;
1108 3653 1265 3722 cujus
1295 3655 1522 3723 liguraui
1552 3668 1676 3707 cum
1706 3652 1865 3707 Jabin
1892 3654 2073 3708 di:cu-

484 3750 765 3809 teremus,
799 3758 895 3813 pro
930 3758 1099 3813 parvo
1142 3744 1517 3815 intelligentiae
1562 3754 1764 3799 nostra}
1807 3755 1967 3814 captu
2018 3745 2070 3799 in

484 3836 859 3904 superioribus
884 3834 1262 3903 patefecimus.

555 3924 610 3979 6.
671 3926 806 3979 Puto
862 3941 996 3982 sane
1051 3928 1177 3996 quia
1246 3928 1422 3982 sancti
1492 3927 1696 3997 quique
1768 3942 2075 3998 repugnan-

488 4028 569 4073 tes
640 4020 901 4075 adversns
966 4019 1103 4075 istos
1164 4021 1478 4076 incentores
1549 4028 1899 4089 peccatorum
1962 4018 2074 4090 spi-

485 4114 643 4177 ritus,
691 4120 747 4167 et
794 4113 1073 4168 vincentes
1109 4129 1242 4178 eos,
1288 4122 1452 4181 atque
1486 4128 1677 4169 eorum
1708 4128 2073 4183 unumquem-

482 4220 589 4274 que
618 4215 961 4274 superantes,
994 4206 1321 4260 imminuant
1372 4206 1675 4261 exercitum
1723 4205 2030 4261 dannonum
2056 4247 2073 4273 ,

484 4308 540 4353 et
569 4299 713 4353 velut
736 4299 1164 4369 quamplurimos
1187 4299 1301 4370 (95)
1326 4315 1516 4355 eorum
1562 4300 1905 4356 interimant.
1938 4298 2075 4355 Vero

485 4390 540 4445 bi
597 4405 788 4455 causa,
820 4400 881 4446 ut
907 4392 953 4446 is
1001 4391 1092 4461 qui
1130 4400 1280 4447 caste
1328 4392 1632 4461 pudiceque
1688 4392 1921 4449 vivendo
1964 4392 2077 4447 for-

485 4484 775 4539 nicationis
829 4484 1082 4552 spiritum
1153 4485 1531 4552 superaverit,
1606 4500 1717 4539 non
1787 4486 1928 4540 ultra
1996 4485 2077 4541 fas

2183 3299 2300 3337 rum
2332 3282 2449 3348 Dei,
2482 3292 2537 3338 et
2567 3282 2763 3338 iterum
2790 3283 3050 3353 operari?
3099 3282 3155 3337 Si
3187 3284 3330 3336 enim
3363 3283 3632 3337 contritus
3660 3292 3764 3344 est,

2179 3384 2235 3429 et
2262 3390 2292 3429 a
2320 3374 2432 3429 Deo
2486 3374 2780 3438 contritus,
2829 3357 3272 3443 operari'utique
3322 3373 3436 3444 (99)
3471 3374 3615 3426 ultra
3657 3388 3766 3427 non

2182 3475 2380 3535 potest.
2409 3465 2487 3521 Ne
2514 3465 2654 3521 forte
2678 3481 2807 3534 ergo
2839 3468 2971 3519 tanti
2998 3481 3117 3520 esse
3146 3466 3367 3535 putandi
3394 3466 3503 3519 sint
3525 3464 3767 3529 Satanae,

2182 3560 2369 3629 quanti
2407 3569 2533 3613 sunt
2588 3558 2683 3622 illi,
2714 3558 2806 3628 qui
2856 3568 3157 3626 operantur
3183 3572 3345 3625 opera
3384 3556 3621 3610 Salame.
3656 3554 3770 3610 Hoc

2181 3652 2327 3706 enim
2368 3650 2499 3705 mihi
2529 3651 2745 3705 videtur
2771 3650 3007 3704 indicari
3042 3660 3096 3703 et
3132 3650 3182 3703 in
3218 3649 3519 3718 Sapientia,
3569 3648 3657 3702 tibi
3689 3648 3773 3702 di—

2181 3741 2327 3796 citur
2384 3741 2452 3805 “,
2502 3739 2626 3810 quia
2658 3758 2676 3790 (
2711 3739 2911 3807 impius
2966 3739 3296 3793 maledicens
3340 3738 3624 3800 Satanam,
3657 3738 3771 3806 ipse

2183 3834 2719 3889 maledicitanimam
2743 3846 2920 3887 suam;
2956 3852 2974 3885 ι
3012 3832 3120 3887 Sed
3149 3842 3204 3885 et
3236 3833 3286 3884 in
3319 3830 3505 3899 aliquo
3529 3830 3769 3899 quodam

2185 3927 2388 3995 libello,
2418 3928 2509 3998 qui
2565 3925 2871 3996 appellatur
2925 3924 3317 3979 Testamentum
3372 3923 3647 3976 duodecim
3671 3938 3778 3991 pa-

2185 4022 2565 4085 triarcharum,
2594 4020 2845 4090 quamvis
2874 4033 2981 4073 non
3012 4016 3275 4071 habeatur
3305 4018 3358 4071 in
3424 4031 3656 4081 canone,
3690 4023 3772 4068 ta-

2184 4113 2287 4167 lem
2329 4121 2512 4167 tamen
2542 4112 2841 4181 quemdam
2878 4125 3098 4165 sensum
3130 4109 3471 4175 invenimus‘,
3502 4108 3646 4177 quod
3675 4120 3772 4175 per

2184 4204 2435 4272 singulos
2464 4214 2754 4272 peccantes
2773 4202 2969 4271 singuli
3003 4201 3223 4255 Satanae
3250 4200 3480 4271 intelligi
3514 4201 3771 4256 debeant.

2187 4296 2505 4351 Evidentius
2534 4304 2800 4349 autemet
2833 4294 2947 4362 ipsa
2988 4292 3224 4347 nominis
3272 4293 3391 4360 ejus
3443 4291 3769 4359 interpreta—

2188 4388 2279 4452 tio,
2310 4388 2450 4443 sicut
2478 4387 2705 4442 studiosi
2736 4387 3089 4440 Hebraeorum
3127 4386 3367 4447 tradunt,
3398 4382 3504 4437 hoc
3533 4382 3673 4436 idem
3692 4382 3771 4436 si-

2186 4479 2448 4549 gniﬁcare
2474 4479 2712 4534 videtur.
2747 4476 2977 4531 Satanas
3007 4490 3239 4543 namque
3264 4475 3603 4528 adversarius
3629 4475 3771 4529 dici-

486 4574 562 4630 sit
628 4575 777 4630 illum
825 4575 1099 4643 spiritum,
1139 4575 1231 4644 qui
1284 4575 1353 4629 ab
1396 4573 1488 4629 illo
1527 4585 1716 4630 sancto
1774 4577 1949 4633 vietus
1978 4590 2085 4650 est,
2120 4595 2165 4649 ι)
2194 4580 2301 4625 tur.
2329 4573 2533 4626 Omnes
2583 4585 2713 4639 ergo
2769 4570 2857 4636 qui
2901 4569 3264 4621 adversantur
3322 4565 3415 4619 Dei
3481 4565 3771 4626 voluntati,

488 4670 808 4739 impugnare
876 4668 1075 4722 iterum
1144 4668 1310 4722 alium
1388 4667 1713 4733 hominem;
1785 4669 1879 4724 sed
1948 4672 2093 4728 sicut

488 4758 566 4815 illi
617 4759 864 4828 spiritus,
908 4758 1000 4827 qui
1040 4759 1308 4827 rogabant
1367 4755 1549 4813 Jesum
1603 4773 1671 4813 ne
1721 4760 1773 4813 in
1829 4762 2088 4832 abyssum

491 4852 847 4910 mitterentur
901 4852 961 4918 ",
1011 4850 1158 4920 quod
1213 4866 1358 4905 nunc
1406 4850 1622 4905 interim
1680 4852 1941 4908 Dominus
1992 4871 2091 4924 pro

493 4947 754 5019 praesenti
805 4947 1217 5018 dispensatione
1266 4946 1582 5013 concessit;
1637 4949 1711 5003 ita
1744 4964 2090 5020 consequens

490 5039 753 5103 videtur,
814 5036 955 5105 quod
1006 5035 1206 5105 singuli
1284 5038 1488 5107 quique
1553 5052 1789 5110 nequam
1862 5040 2091 5110 spiritus

491 5144 615 5184 cum
657 5131 951 5184 vincuntur
998 5144 1027 5183 a
1079 5128 1307 5195 sanctis,
1353 5130 1439 5184 vel
1504 5130 1558 5183 in
1607 5130 1861 5203 abyssum
1915 5132 1996 5185 vel
2035 5131 2089 5184 in

560 5308 582 5341 '
612 5307 805 5364 Matth.
831 5325 951 5365 vm.
1026 5311 1047 5343 ⁸
1080 5309 1211 5365 Luc.
1251 5324 1369 5372 vin,
1396 5308 1486 5362 50.
1559 5306 1580 5337 θ
1612 5304 1753 5361 Psal.
1784 5321 1860 5370 cr,
1902 5305 1955 5359 8.

566 5422 678 5495 (92)
712 5422 840 5479 Mss.
897 5444 913 5475 ι
945 5432 999 5479 et
1045 5441 1089 5479 si
1134 5425 1374 5481 eveniat.
1410 5443 1427 5474 ι
1484 5422 1643 5476 Libb.
1690 5419 1845 5484 editi,
1888 5439 1904 5471 ι
1941 5430 1996 5475 et
2030 5421 2073 5475 si

495 5494 761 5550 inveniat.
791 5514 811 5547 ι

528 5564 678 5685 lfixi)
736 5566 863 5623 Mss.
909 5586 926 5617 ‹
960 5565 1039 5621 vel
1093 5566 1146 5619 in
1191 5565 1333 5620 aliis.
1377 5585 1394 5617 ι
1446 5564 1564 5618 Lib.
1618 5560 1787 5622 editi,
1847 5578 1865 5609 ο
1916 5570 1969 5614 et
2022 5562 2073 5615 in

552 5651 635 5685 IIS.
672 5655 689 5685 1

495 5648 635 5687 31118.
672 5655 689 5686 1

568 5705 684 5774 (94)
711 5705 868 5760 Libb.
897 5705 1068 5771 editi,
1121 5723 1138 5756 ι
1176 5718 1410 5774 pugnam
1455 5717 1574 5759 esse
1616 5700 1777 5757 nobis
1817 5700 2074 5756 omnibus

498 5774 710 5827 scribit.
745 5774 948 5829 Tamen
983 5791 1106 5831 reor
1145 5776 1414 5830 omnium.
1449 5794 1467 5825 ι

567 5843 682 5913 (9⁸3)
732 5845 847 5897 Duo
887 5859 1017 5902 mss.
1052 5845 1444 5910 Ebroiceuses,
1486 5863 1503 5895 ‹
1535 5843 1682 5900 velut
1713 5858 1883 5914 equos
1916 5839 2078 5913 pluri-

2037 5307 2080 5338 ¹⁰
2106 5307 2266 5360 Rom.
2306 5319 2419 5364 XVI,
2442 5302 2534 5355 20.

2192 4661 2410 4714 Satanze
2440 4668 2671 4731 possunt
2694 4659 2819 4712 dici.
2849 4656 2971 4710 Haec
2999 4671 3131 4725 ergo
3160 4655 3399 4708 diximus
3423 4669 3520 4723 pro
3544 4670 3608 4707 eo
3630 4654 3773 4723 quod

2191 4757 2453 4825 scriptum
2486 4764 2570 4809 est
2600 4753 2666 4816 ¹²,
2698 4769 2717 4802 ί
2756 4752 2878 4820 quia
2929 4748 3260 4805 confortavit
3303 4747 3563 4801 Dominus
3606 4746 3771 4802 corda

2191 4865 2380 4903 eorum
2432 4857 2491 4901 ut
2543 4846 2757 4901 exirent
2815 4844 2880 4897 ad
2919 4841 3163 4911 praelium
3223 4848 3409 4893 contra
3460 4838 3649 4903 Israel,
3715 4845 3776 4889 ut

2190 4940 2711 4994 i.-xteriiiinareutiir.
2754 4956 2772 4987 ι
2809 4936 3010 4989 Beatus
3042 4948 3174 5003 ergo
3202 4944 3284 4986 est
3321 4931 3410 4999 qui
3456 4930 3775 4983 indesinen-

2193 5042 2273 5084 ter
2305 5027 2601 5096 spiritalem
2630 5026 2952 5079 machteram
2996 5032 3209 5088 tenens,
3244 5036 3350 5074 non
3383 5018 3561 5074 aufert
3592 5031 3712 5072 eam
3741 5030 3772 5068 a

2193 5120 2495 5176 cervicibus
2527 5120 2717 5173 horum
2754 5117 3017 5181 hostium,
3049 5117 3115 5169 de
3153 5115 3349 5183 quibus
3382 5112 3630 5180 superius
3661 5123 3767 5169 mc-

2614 5302 2653 5332 “
2691 5300 2835 5354 Eccl.
2872 5315 2987 5363 χιι,
3016 5299 3105 5352 50.
3185 5298 3226 5328 "
3260 5295 3376 5352 Jos.
3416 5311 3493 5355 ιιι
3524 5295 3617 5349 20.

2191 5435 2382 5559 “"236;
2430 5487 2633 5543 Omnes
2688 5485 3043 5556 manuscripti
3076 5525 3091 5549 ,
3147 5503 3164 5536 ι
3207 5486 3540 5538 sinerentur.
3582 5499 3600 5533 ι
3651 5480 3771 5535 Lib.

2188 5562 2343 5619 editi,
2377 5579 2391 5605 ε
2437 5560 2753 5611 linireutur.
2793 5574 2812 5607 ι

2258 5629 2372 5699 (9ἲ)
2402 5628 2525 5699 Duo
2553 5627 2940 5699 Ebroiccnses,
2983 5643 2999 5675 ι
3035 5625 3241 5699 vagari.
3276 5645 3294 5677 ι

2253 5691 2366 5767 (98)
2400 5697 2587 5767 iidem,
2626 5715 2644 5747 ε
2678 5696 2979 5767 habitabat.
3004 5716 3021 5746 ι
3067 5691 3221 5749 Libh.
3248 5691 3773 5767 rediti,gthabilat..s

2248 5761 2370 5894 (99g
2395 5766 2587 5837 Utique
2642 5769 2795 5848 deest
2844 5768 2897 5821 in
2947 5766 3079 5822 libb.
3128 5766 3311 5830 editis,
3356 5764 3449 5819 sed
3492 5772 3668 5818 exStat
3723 5761 3778 5817 in

2248 5854 2286 5894 ε.
2367 5852 2815 5894 angcrmaneusr.

2182 5854 2286 5895 ms.
2323 5852 2815 5909 bangcrmaneusi.
