4146 6378
350 381 457 441 905

1351 377 1420 434 IN
1459 376 1719 432 LIBRUM
1760 377 1923 435 JESU
1968 378 2157 433 NAVE
2197 378 2480 436 IIOMILIA
2523 381 2663 438 XVI.

3519 391 3626 443 908

350 499 710 565 moravimus,
767 496 915 553 sicut
958 502 1014 549 et
1057 493 1325 550 Jeremias
1370 496 1636 567 propheta
1682 496 1812 551 dicit
1848 497 1892 527 ¹³
1927 512 1940 549 :
1976 500 2021 557 Α
2050 512 2117 552 eo
2141 499 2497 569 appellamur,
2528 502 2670 570 quod
2702 499 3000 571 longaevam
3035 503 3289 559 duxerint
3317 504 3503 575 vitam,
3534 510 3630 563 sed

361 612 379 647 t
411 590 728 646 Maledictns
754 588 917 642 homo
945 584 1039 654 qui
1066 584 1193 639 facit
1222 600 1384 655 opera
1418 586 1627 639 Domini
1663 584 1936 655 negligen-

356 696 458 747 ter,
484 692 537 738 et
561 683 739 735 aufert
767 681 1087 733 machaeram
1117 693 1271 732 suam
1306 694 1334 732 a
1372 677 1638 747 sanguine
1683 676 1934 731 inimico-

355 792 498 831 rum.
535 794 553 826 ι
584 773 696 827 Hoc
720 772 763 825 si
795 769 1092 825 secundum
1128 768 1367 823 litteram
1404 767 1793 839 intelligamus,
1842 780 1937 821 ne-

354 884 506 926 cesse
567 867 675 923 erit
722 879 823 919 nos
882 862 1254 917 indesinenter
1317 860 1637 929 sanguinem
1686 858 1934 914 fundere.

354 963 504 1030 Quod
536 959 708 1015 Judaei
765 966 1025 1027 putantes
1052 955 1147 1026 qui
1199 969 1264 1008 ex
1318 953 1531 1023 integro
1568 967 1698 1007 caro
1728 959 1852 1005 sunt
1883 958 1939 1004 et

353 1054 599 1124 sanguis,
661 1050 912 1105 crudeles
945 1056 999 1101 et
1046 1044 1415 1114 implacabiles
1480 1044 1636 1105 fiunt,
1693 1043 1934 1096 dicentes

353 1144 792 1202 nraledictioueut
830 1141 1062 1210 positam
1093 1153 1213 1191 esse
1245 1138 1328 1199 iis,
1360 1137 1451 1207 qui
1483 1152 1512 1189 a
1563 1138 1829 1207 sanguine
1856 1135 1940 1191 ef-

354 1238 627 1295 fundendo
656 1234 1015 1296 cessaverint,
1042 1243 1098 1285 et
1129 1231 1252 1284 ideo
1301 1232 1464 1299 pedes
1514 1245 1701 1285 eorum
1726 1229 1940 1285 veloces

355 1341 479 1388 sunt
502 1330 571 1385 ad
601 1321 985 1382 effundendum
1014 1327 1354 1394 sanguinem.
1384 1322 1493 1378 Sed
1538 1322 1643 1379 illis
1680 1323 1937 1393 hujusce-

354 1422 501 1477 modi
532 1419 912 1490 intelligentia,
959 1418 1085 1487 quia
1139 1432 1270 1472 caro
1306 1425 1363 1471 et
1404 1417 1631 1487 sanguis
1686 1425 1834 1482 sunt,
1858 1414 1940 1468 vi-

354 1518 597 1581 deatur;
659 1513 793 1569 mibi
851 1520 1032 1566 autem
1086 1518 1311 1579 praestet
1363 1510 1626 1566 Dominus
1662 1522 1938 1579 nunquam

352 1606 628 1677 negligere
655 1619 823 1675 Opera
852 1603 1083 1661 Domini,
1110 1613 1211 1655 nec
1237 1599 1456 1657 auferre
1483 1599 1785 1670 spiritalem
1825 1598 1942 1669 gla—

354 1700 500 1753 dium
526 1696 673 1752 verbi
714 1696 804 1751 Dei
836 1711 865 1749 a
905 1697 1173 1764 sanguine
1221 1695 1621 1748 contrariarum
1652 1692 1940 1756 virtutum,

352 1801 408 1844 et
439 1789 770 1845 mortificare
792 1802 884 1843 eas
914 1787 967 1840 in
1016 1801 1347 1856 unoquoque
1378 1786 1707 1839 auditorum.
1768 1782 1942 1837 Inter-

2047 605 2148 659 pro
2174 594 2490 645 maturitate
2533 609 2726 647 sensus
2749 604 2803 647 et
2849 596 3117 665 gravitate
3161 599 3287 653 vitae
3318 604 3633 658 veneranda

2049 681 2152 736 hac
2176 683 2541 753 appellatione
2591 684 2938 748 decorentur,
2991 689 3225 744 maxime
3248 706 3370 744 cum
3410 692 3634 747 additur

2049 773 2112 827 ad
2153 775 2524 847 presbyterum
2571 792 2756 830 sermo
2805 778 2906 833 iste
2943 781 3033 849 qui
3085 784 3351 851 sequitur,
3386 801 3406 835 ‹
3441 785 3634 854 plenus

2049 864 2284 923 dierum.
2320 885 2341 918 ι
2375 866 2429 922 Si
2462 869 2603 921 enim
2646 870 2744 924 aevi
2776 870 3087 939 prolixitate
3124 875 3494 945 appellandus,
3536 881 3629 949 qui

2048 958 2357 1029 presbyter,
2386 959 2468 1013 vel
2509 961 2692 1014 senior
2740 963 3037 1023 videretur.
3069 979 3231 1033 quem
3266 969 3438 1036 magis
3463 985 3632 1038 opor-

2051 1049 2199 1103 tebat
2245 1051 2409 1105 alium
2463 1052 2567 1106 hoc
2621 1055 2840 1115 nomine
2894 1056 3132 1120 censeri,
3189 1072 3350 1126 quam
3393 1061 3630 1130 primum

2048 1143 2242 1212 Adam,
2272 1149 2355 1202 vel
2384 1158 2533 1203 certe
2571 1148 2952 1215 Mathusalem,
3000 1161 3095 1205 aut
3135 1152 3268 1218 Noe,
3319 1156 3413 1223 qui
3443 1157 3633 1227 utique

2049 1235 2205 1308 longe
2228 1239 2475 1309 pluribus
2503 1238 2578 1311 (5)
2610 1256 2773 1311 quam
2811 1243 2993 1297 caeteri
3021 1245 3181 1299 annis
3215 1246 3267 1300 in
3297 1248 3403 1303 hoc
3431 1250 3634 1305 mundo

2048 1329 2251 1385 vixisse
2282 1331 2667 1386 declarantur?
2714 1332 2821 1388 Sed
2855 1350 3001 1390 nunc
3049 1336 3335 1393 videamus
3390 1341 3535 1409 quod
3565 1356 3633 1396 ex

2050 1421 2157 1477 illis
2185 1422 2402 1491 quidem
2430 1423 2596 1496 436
2631 1427 2808 1481 nullus
2860 1427 3100 1482 refertur
3131 1443 3159 1481 a
3192 1428 3479 1501 Scriptura
3508 1449 3636 1503 prc-

2050 1515 2239 1585 sbyter
2264 1523 2358 1569 aut
2396 1518 2582 1571 senior
2628 1518 2951 1588 appellatus,
2984 1521 3078 1574 sed
3112 1520 3156 1575 is
3201 1523 3292 1591 qui
3321 1522 3479 1594 longe
3513 1525 3638 1581 bre-

2047 1607 2217 1662 vioris
2261 1608 2523 1678 temporis
2570 1608 2735 1663 vitam
2768 1610 2944 1674 duxit,
2978 1611 3185 1681 primus
3214 1612 3269 1666 in
3334 1613 3635 1684 Scripturis

2049 1698 2256 1754 sanctis
2300 1698 2574 1753 Abraham
2621 1702 2929 1771 presbyter,
2977 1702 3060 1755 vel
3096 1703 3280 1757 senior
3307 1706 3633 1774 appellatur.

2051 1788 2263 1843 Dictum
2293 1798 2378 1844 est
2421 1789 2585 1845 etiam
2617 1792 2684 1844 ad
2716 1791 2934 1863 Moysen
2986 1808 3016 1846 a
3055 1792 3288 1849 Domino
3318 1796 3397 1852 “z
3432 1815 3451 1849 ‹
3487 1798 3639 1869 Elige

355 1882 615 1939 ﬁciuntur
646 1890 827 1933 autem
858 1880 910 1933 in
942 1878 1098 1934 vobis
1128 1879 1201 1933 ita
1232 1878 1472 1942 demum,
1523 1875 1569 1931 si
1623 1876 1710 1931 bis
1740 1875 1943 1930 auditis
1977 1862 2019 1921 Β
2051 1879 2147 1935 tibi
2188 1882 2254 1934 ab
2279 1881 2423 1935 omni
2454 1882 2650 1952 p0pulo
2676 1862 3050 1954 presbyteros,
3083 1901 3219 1955 quos
3249 1895 3302 1941 tu
3338 1892 3479 1945 nosti
3505 1862 3636 1961 quia

353 1990 542 2029 earum
569 1988 735 2041 opera
773 1986 877 2025 non
912 1972 1106 2039 agatis.

426 2065 477 2119 7.
508 2065 716 2119 Dicitur
751 2076 933 2118 autem
968 2064 1021 2117 in
1049 2063 1511 2133 consequentibus
1547 2063 1612 2128 ιδ,
1639 2061 1765 2132 quia
1800 2079 1818 2112 ι
1853 2075 1943 2116 σου

352 2157 432 2226 pit
465 2156 622 2213 Jesus
650 2172 868 2211 omnem
902 2165 1122 2219 terram,
1157 2157 1300 2209 sicut
1346 2155 1623 2209 mandavit
1674 2152 1943 2208 Dominus

356 2249 549 2318 Moysi.
593 2267 610 2300 ι
643 2249 737 2303 llle
764 2247 924 2304 Jcsus
959 2248 1100 2303 ftlius
1133 2247 1303 2312 Nave,
1353 2264 1458 2301 non
1496 2247 1652 2301 video
1682 2246 1823 2315 quod
1854 2261 1945 2301 ce-

354 2340 496 2409 perit
524 2355 738 2396 omnem
799 2351 1025 2398 terram.
1072 2342 1345 2410 Quantum
1379 2340 1521 2394 enim
1580 2348 1740 2394 terra:
1772 2338 1936 2407 cepit,

352 2432 445 2502 qui
473 2431 716 2488 Judaaam
756 2434 931 2488 tenuit
961 2433 1174 2489 solam?
1217 2430 1412 2485 Noster
1441 2441 1618 2485 autem
1684 2430 1943 2484 Dominus

354 2524 513 2581 Jesus
546 2526 658 2595 ipse
683 2542 811 2581 vere
835 2529 981 2596 cepit
1005 2541 1220 2581 omnem
1253 2533 1487 2585 terram,
1524 2524 1577 2577 in
1611 2538 1676 2578 eo
1703 2522 1848 2592 quod
1876 2536 1942 2576 ex

350 2617 496 2671 omni
526 2627 694 2681 terra,
727 2627 893 2687 atque
945 2633 1009 2672 ex
1035 2617 1288 2671 omnibus
1320 2615 1654 2679 nationibus,
1712 2614 1777 2669 ad
1819 2628 1942 2668 eum

351 2708 632 2763 concurrit
657 2710 995 2765 credentium
1029 2711 1107 2780 (1)
1142 2707 1455 2764 multitudo.
1488 2706 1723 2763 Additur
1773 2705 1941 2761 etiam

352 2812 473 2870 post
515 2800 630 2856 haec
672 2811 1021 2871 posteaquam
1051 2816 1283 2884 omnem.
1325 2811 1526 2856 terram
1563 2800 1707 2868 cepit
1737 2797 1939 2857 Jesus:

357 2911 377 2944 ι
409 2891 475 2948 Ει
504 2894 790 2962 requievit,
819 2894 996 2964 inquit
1020 2896 1088 2960 ³⁵,
1129 2904 1275 2949 terra
1328 2909 1357 2947 a
1408 2893 1583 2949 bellis.
1622 2912 1640 2946 ι
1672 2892 1783 2948 Hoc
1807 2910 1945 2965 quo-

355 2985 664 3040 rnodovere
692 2986 965 3040 videbitur
1000 2987 1107 3041 dici
1140 2988 1206 3041 de
1233 2986 1343 3039 filio
1378 2984 1543 3050 Nave,
1589 2987 1713 3055 quia
1760 3002 1945 3042 cessa-

354 3080 433 3133 vit
490 3090 633 3133 terra
681 3096 709 3133 a
754 3080 934 3145 bellis,
982 3097 1101 3149 quae
1148 3096 1426 3149 nunquam
1458 3079 1570 3134 fere
1609 3083 1955 3150 temporibus“

354 3171 471 3240 ejus
501 3172 732 3225 cessavit
780 3188 807 3225 a
858 3173 1058 3227 bellis?
1089 3173 1196 3227 Sed
1244 3173 1348 3227 hoc
1377 3172 1684 3242 completur
1730 3174 1782 3227 in
1828 3174 1944 3229 solo

358 3262 590 3317 Domino
618 3277 738 3317 meo
783 3262 907 3318 Jesu
938 3263 1180 3319 Christo.
1239 3262 1295 3318 Si
1348 3266 1494 3318 enim
1545 3266 1861 3320 consideres
1893 3276 1945 3320 te

355 3357 445 3424 qui
477 3356 670 3411 venisti
719 3356 784 3410 ad
837 3355 1043 3417 Jesum,
1077 3364 1131 3410 et
1158 3356 1226 3411 ab
1268 3369 1332 3408 eo
1379 3370 1476 3425 per
1530 3355 1786 3424 baptismi
1817 3371 1943 3425 gra-

360 3452 512 3514 tiam,
546 3451 924 3505 remissionem
980 3459 1309 3504 consecutus
1350 3464 1409 3503 es
1459 3460 1841 3518 peccatorum,
1889 3460 1943 3504 et
1976 3482 1989 3497 ς

348 3543 461 3613 jam
510 3543 563 3596 in
613 3553 665 3596 te
702 3557 804 3596 non
839 3552 1045 3612 pugnat
1090 3556 1218 3595 caro
1255 3541 1520 3595 adversus
1566 3542 1838 3611 spiritum,
1889 3552 1947 3597 et

354 3634 580 3702 spiritus
611 3635 875 3688 adversus
926 3648 1169 3693 carnem,
1200 3632 1439 3687 cessavit
1484 3631 1560 3701 (2)
1612 3641 1753 3686 terra
1796 3642 1885 3687 tua
1912 3650 1942 3687 a

353 3727 507 3782 bellis
546 3743 561 3781 :
596 3727 638 3781 si
669 3735 848 3779 tamen
898 3734 1130 3778 mortem
1182 3721 1310 3778 Jesu
1363 3722 1565 3778 Christi
1614 3723 1667 3777 in
1711 3738 1945 3793 corpore

355 3830 448 3875 tuo
484 3819 864 3881 circumferas,
916 3820 987 3870 ita
1024 3818 1452 3871 utcessantibus
1496 3819 1547 3871 in
1585 3827 1638 3873 te
1688 3819 1944 3873 omnibus

355 3912 558 3981 praeliis
585 3911 840 3965 efficiaris
868 3909 1150 3979 pacificus,
1190 3916 1246 3962 et
1274 3909 1419 3963 filius
1452 3909 1545 3963 Dei
1575 3909 1809 3964 voceris.
1837 3908 1943 3964 Sed

357 4007 461 4060 boc
488 4004 581 4058 ﬂet
607 4012 962 4073 posteaquam
996 4002 1132 4056 bella
1164 4002 1520 4070 transegeris,
1574 4012 1628 4056 et
1681 4003 1944 4056 adversa-

355 4098 466 4152 rios
491 4095 710 4151 viceris.
738 4094 893 4150 Tunc
921 4092 1019 4146 tibi
1043 4092 1263 4147 dabitur
1285 4094 1520 4162 requies,
1548 4102 1607 4147 ut
1632 4093 1945 4161 requiescas

354 4189 457 4244 sub
486 4190 598 4244 vite
626 4199 738 4255 tua,
765 4186 855 4256 qui
886 4195 971 4241 est
992 4183 1246 4239 Christus
1266 4183 1444 4251 Iesus,
1472 4196 1529 4239 et
1566 4186 1666 4239 sub
1692 4183 1799 4238 ficu
1828 4195 1942 4247 tua,

356 4282 448 4349 qui
490 4291 575 4335 est
614 4279 851 4351 Spiritus
893 4289 1135 4345 sanctus,
1165 4288 1225 4332 ut
1261 4279 1332 4331 ita
1377 4277 1579 4345 gratias
1607 4275 1811 4331 referas
1834 4278 1944 4332 Deo

356 4373 502 4429 Patri
529 4372 890 4441 omnipotenti
931 4372 984 4427 in
1031 4373 1149 4442 ipso
1173 4369 1392 4425 Christo
1432 4367 1561 4422 Jesu
1587 4367 1816 4423 Domino
1846 4384 1945 4422 no-

355 4478 493 4530 stro,
548 4466 633 4520 cui
663 4474 744 4519 est
770 4464 940 4535 gloria
977 4474 1033 4520 et
1056 4460 1344 4532 imperium
1386 4458 1465 4529 ('5)
1503 4458 1557 4513 in
1608 4459 1806 4515 scecula
1841 4475 1943 4515 sac-

353 4559 619 4615 culorum.
648 4558 843 4613 Amen.

914 4646 1198 4702 IIOMILIA
1236 4644 1378 4701 XVI.

358 4743 435 4795 De
458 4760 515 4795 eo
539 4748 677 4813 quod
702 4742 954 4808 scriptum
980 4748 1077 4803 est,
1096 4759 1113 4790 ι
1131 4738 1362 4813 Eidem:
1388 4745 1497 4813 erat
1524 4733 1809 4802 presbyter,
1842 4732 1940 4813 hoc

426 4826 499 4866 est
527 4805 700 4865 senior
725 4821 770 4863 et
802 4805 1067 4878 provectus
1095 4814 1147 4861 in
1176 4810 1359 4861 diebus
1407 4808 1639 4867 suisnet
1675 4805 1939 4878 quomodo

427 4884 705 5023 ἵωὸειιὶἅιῗ
755 4873 847 4949 per
892 4879 1107 4950 Moysen
1132 4884 1257 4932 data
1298 4888 1371 4931 es:
1404 4878 1607 4930 duabus
1648 4873 1804 4926 semis
1838 4873 1940 4925 tri-

466 4972 493 5007 u
534 4971 593 5005 us
706 4992 718 5004 .

466 4971 593 5007 ιωαδ
622 4971 718 5007 (41.

430 5048 480 5101 1.
517 5047 691 5099 Etiam
721 5052 848 5098 ante
880 5059 977 5098 nos
1010 5044 1228 5112 quidam
1277 5045 1633 5095 observantes
1676 5044 1939 5092 notarunt

357 5136 413 5194 in
445 5136 766 5207 Scripturis,
800 5135 925 5205 quia
976 5131 1307 5204 presbyteri,
1352 5131 1439 5185 vel
1464 5130 1709 5185 seniores
1738 5144 1844 5183 non
1873 5141 1941 5181 ex

432 5301 476 5334 ⁸³
525 5298 637 5353 Jer.
673 5312 862 5361 vattt,
903 5294 987 5351 10.
1065 5293 1109 5325 "
1134 5292 1252 5348 Jos.
1297 5307 1376 5358 χι,
1404 5291 1497 5346 25.
1580 5289 1622 5321 "
1675 5288 1806 5346 ibid.

431 5462 736 5535 (1)0mnes
794 5474 951 5523 mss.,
1007 5475 1027 5508 ι
1088 5453 1450 5512 credentium.
1508 5471 1528 5506 ι
1570 5449 1731 5506 Libb.
1785 5447 1937 5512 editi,

361 5556 383 5590 ι
420 5545 739 5672 ῗξῗᾎιτείιέἔ
781 5618 939 5669 mss.,
970 5620 989 5653 ι
1020 5598 1280 5656 cessavit.
1312 5614 1331 5648 ι
1362 5592 1525 5651 Libb.
1574 5591 1731 5657 editi,
1768 5607 1787 5642 ι
1824 5603 1945 5646 ces-

359 5678 523 5817 satig).
547 5695 675 5802 ἔθει
710 5763 729 5797 ι
768 5744 1054 5813 imperium
1087 5761 1105 5794 ι
1137 5755 1278 5796 unus
1298 5737 1472 5794 codex
1500 5732 1722 5789 Ebroic.
1751 5729 1938 5785 addit:

374 5833 392 5871 t
431 5817 789 5887 cumSpiritu
818 5826 1028 5869 saneto.
1072 5833 1090 5863 ι

434 5887 514 5959 (4)
547 5872 642 5941 Et.
669 5888 930 5959 quomodo
976 5884 1259 5938 ha’reditas
1290 5897 1383 5947 per
1422 5877 1641 5946 Moysen
1694 5872 1823 5926 data
1863 5878 1939 5924 est

732 5984 1002 6041 Ριιτιιοι.
1038 5980 1158 6040 Gn.
1210 5974 1350 6037 ΧΠ.

1885 5287 1929 5319 ⁸⁸
1967 5284 2126 5341 Num.
2159 5296 2237 5337 ιι.
2272 5279 2360 5335 16.

2051 1973 2352 2042 presbyteri
2381 1986 2529 2031 sunt.
2574 1992 2593 2024 ι
2631 1973 2738 2028 Sed
2765 1974 2993 2030 observa
3029 1979 3194 2033 etiam
3223 1987 3304 2045 tu,
3336 1994 3369 2034 ο
3397 1984 3635 2050 auditor,

2052 2064 2106 2118 in
2131 2066 2276 2119 omni
2309 2065 2619 2136 Scriptura,
2653 2068 2827 2121 sicubi
2854 2067 3105 2125 invenire
3130 2085 3284 2142 potes
3315 2076 3636 2143 appellatio-

2051 2174 2176 2214 nem
2214 2159 2356 2215 ltanc
2386 2159 2573 2214 senior
2604 2168 2659 2213 et
2691 2159 2880 2229 plenus
2919 2162 3150 2229 dierum,
3214 2166 3443 2234 positam
3476 2185 3640 2238 super

2052 2249 2233 2319 aliquo
2260 2258 2571 2318 peccatore.
2606 2248 2760 2303 Nunc
2793 2264 2925 2320 ergo
2948 2254 3126 2307 sancti
3157 2253 3396 2323 Spiritus
3431 2273 3530 2311 vox
3556 2268 3638 2312 est

2052 2344 2462 2412 pronuntiantis
2513 2341 2700 2397 Jesum
2748 2345 3153 2415 presbyterum,
3215 2347 3299 2401 vel
3340 2350 3635 2411 seniorem,

2051 2445 2106 2489 et
2144 2444 2461 2502 provectqu
2496 2435 2547 2487 iu
2583 2435 2797 2489 diebus.
2835 2436 2909 2491 Ita
2944 2439 3089 2491 enim
3120 2439 3254 2491 dicit
3288 2440 3329 2470 ¹⁷
3375 2458 3388 2494 :
3427 2460 3445 2492 ι
3479 2440 3637 2497 ,Ιεειιιι

2051 2527 2197 2581 enim
2237 2537 2376 2592 erat,
2428 2527 2627 2596 inquit,
2680 2528 2984 2599 presbyter,
3039 2531 3121 2584 vel
3150 2536 3334 2587 senior
3356 2544 3413 2588 ct
3443 2549 3637 2603 prove-

2052 2627 2169 2674 ctus
2198 2619 2429 2674 dierum.
2465 2639 2483 2671 ι
2513 2618 2666 2685 Quod
2721 2623 2908 2691 utique
2931 2623 2995 2676 de
3050 2636 3341 2692 peccatore
3387 2627 3491 2680 dici
3529 2642 3635 2681 non

2052 2720 2288 2781 poterat,
2322 2713 2449 2781 quia
2503 2722 2759 2782 peccator
2804 2731 2908 2768 non
2944 2725 3027 2769 est
3058 2730 3350 2785 pt'OVt-ctus
3399 2719 3637 2776 dierum.

2052 2803 2169 2859 Non
2203 2804 2345 2859 enim
2375 2820 2432 2859 se
2462 2807 2711 2860 extendit
2739 2807 2804 2860 ad
2830 2822 2891 2861 ea
2922 2823 3043 2876 qua:
3077 2818 3203 2863 ante
3230 2820 3349 2862 sttnl
3381 2810 3478 2881 (6),
3501 2812 3642 2866 obli-

2053 2899 2271 2953 viscens
2305 2913 2366 2951 ea
2406 2914 2527 2968 quae
2576 2909 2880 2954 retrorsum
2933 2912 3081 2969 sunt,
3125 2905 3216 2956 sed
3245 2920 3460 2970 semper
3492 2918 3640 2962 retro

2054 2988 2413 3053 convertitur,
2445 2998 2499 3041 et
2531 2989 2595 3041 ad
2624 2989 2884 3043 vomitum
2910 3005 3066 3043 snmn
3104 2993 3260 3057 redit,
3297 3006 3348 3047 et
3381 2995 3501 3049 ideo
3531 3013 3636 3050 non

2054 3088 2211 3148 aptus
2234 3088 2318 3133 est
2348 3094 2516 3150 regno
2548 3080 2837 3135 ccelorum.
2870 3081 2969 3148 Qui
3007 3094 3187 3140 autem
3217 3103 3429 3156 semper
3462 3088 3537 3159 (7)
3568 3092 3637 3144 ad

2052 3172 2235 3239 priora
2271 3172 2609 3238 extenditur,
2639 3182 2692 3226 et
2727 3175 2792 3225 ad
2845 3175 3235 3242 perfectionem
3290 3180 3482 3244 fertur,
3535 3182 3637 3236 iste

2053 3274 2344 3333 provectus
2398 3272 2480 3345 est
2514 3265 2569 3318 in
2603 3267 2795 3321 diebus
2844 3268 2977 3321 suis.
3033 3269 3098 3322 Et
3140 3284 3282 3326 nunc
3326 3289 3457 3344 ergo
3503 3274 3636 3329 dicit

2052 3356 2314 3411 Dominus
2347 3357 2412 3410 ad
2446 3356 2630 3413 Jesum
2664 3358 2709 3390 ¹⁸
2744 3379 2756 3414 :
2793 3376 2813 3410 t
2849 3359 2926 3413 Tu
2958 3372 3249 3430 provectus
3278 3381 3334 3419 es
3362 3367 3413 3420 in
3445 3368 3638 3422 diebus

2052 3448 2176 3501 tuis.
2214 3465 2233 3498 ι
2270 3445 2466 3501 Nescio
2489 3462 2589 3517 ego
2622 3448 2666 3501 si
2701 3449 2752 3502 in
2795 3451 2897 3505 hoc
2938 3451 3057 3505 loco
3098 3451 3225 3506 illud
3280 3463 3456 3523 potest
3484 3456 3636 3510 vide-

2051 3538 2117 3602 ri,
2144 3540 2269 3608 quia
2301 3539 2402 3593 hoc
2450 3539 2671 3594 diccbat
2723 3541 2984 3597 Dominus
3040 3544 3107 3596 ad
3158 3544 3367 3611 Jesum,
3401 3549 3541 3617 quod
3567 3550 3638 3605 de

2049 3641 2208 3685 aetate
2232 3632 2349 3702 ejus
2379 3633 2538 3687 senili
2583 3648 2775 3689 omnes
2807 3635 3089 3700 videbant,
3141 3647 3197 3691 et
3251 3653 3442 3695 omnes
3471 3657 3638 3695 nove-

2051 3733 2199 3779 rant.
2231 3725 2295 3778 Et
2323 3741 2443 3794 quae
2466 3735 2595 3781 sunt
2625 3736 2732 3780 tam
2774 3743 2966 3799 magna
3002 3744 3256 3799 responsa
3296 3734 3397 3788 ista
3428 3735 3635 3802 divina,

2048 3833 2168 3887 quae
2193 3817 2505 3873 hominibus
2541 3818 2886 3886 deferuntur,
2934 3831 2993 3875 ut
3035 3823 3220 3880 dicant
3251 3827 3365 3881 seni
3408 3829 3636 3891 homini.

2048 3910 2175 3980 quia
2211 3925 2375 3965 senex
2405 3926 2488 3973 es,
2523 3913 2669 3980 quod
2702 3928 2892 3968 omnes
2918 3913 3194 3982 videbant,
3227 3928 3283 3973 et
3320 3935 3516 3977 omnes
3540 3938 3632 3976 uo-

2049 4004 2277 4057 verant?
2309 4004 2415 4059 Sed
2455 4005 2584 4057 mihi
2636 4004 2847 4058 videtur
2893 4021 3153 4073 magnmn
3215 4009 3433 4079 aliquod
3473 4015 3636 4067 testi-

2051 4097 2291 4149 monium
2322 4112 2351 4149 a
2380 4097 2610 4149 Domino
2643 4112 2738 4165 per
2761 4097 2875 4152 haec
2929 4099 3047 4153 dari
3081 4101 3192 4154 lilio
3224 4100 3395 4164 Nave,
3428 4120 3549 4157 cum
3583 4106 3634 4161 ci

2049 4186 2268 4253 dicitur,
2307 4187 2433 4256 quia
2498 4196 2791 4255 provectus
2842 4188 3052 4243 dierum
3109 4206 3187 4246 es.
3246 4192 3309 4246 Et
3369 4206 3633 4263 quantum

2048 4279 2269 4348 quidem
2304 4278 2548 4348 proloqui
2580 4278 2755 4341 nobis,
2785 4280 2871 4335 vel
2901 4282 3117 4351 aperire
3157 4285 3221 4337 de
3260 4284 3462 4341 divinis
3513 4306 3634 4362 my-
3698 4337 3704 4343 .

2050 4370 2237 4426 steriis
2265 4369 2350 4423 fas
2375 4382 2479 4435 est,
2514 4385 2614 4439 ego
2640 4370 2879 4425 arbitror
2905 4372 3047 4441 quod
3091 4373 3232 4427 sicut
3276 4377 3354 4429 sol
3394 4378 3493 4433 iste
3521 4382 3635 4434 dies

2050 4467 2179 4520 facit
2212 4468 2414 4520 mundo
2468 4465 2615 4529 huic,
2647 4464 2718 4517 ita
2748 4474 2801 4518 et
2836 4465 2914 4519 soi
2937 4464 3166 4535 justitize
3216 4468 3379 4523 faciat
3423 4474 3635 4542 aliquos

1976 4572 2021 4628 ι)
2050 4558 2165 4613 dies
2201 4556 2498 4626 spiritales,
2521 4558 2609 4626 qui
2645 4556 2855 4628 fulgore
2884 4559 3128 4611 veritatis
3182 4569 3236 4612 et
3267 4561 3515 4629 lampade
3546 4581 3637 4617 sa-

2050 4652 2272 4720 pientize
2302 4651 2664 4705 illustrentur.
2702 4652 2758 4705 Si
2790 4651 2913 4720 quis
2955 4667 3086 4722 ergo
3136 4652 3186 4705 in
3226 4658 3509 4723 praeccptis
3539 4657 3633 4711 Dei

2050 4747 2217 4798 vitam
2255 4747 2394 4799 hanc
2422 4754 2766 4813 praesentem,
2805 4759 2946 4811 qua),
2994 4746 3136 4799 sicut
3185 4745 3354 4800 Jacob
3391 4748 3635 4812 dicebat,

2050 4854 2344 4912 paucorum
2377 4836 2723 4891 etmalorum
2783 4838 2992 4891 dierum
3035 4846 3139 4897 est.
3181 4840 3524 4909 transegerit,
3578 4853 3637 4895 et

2050 4929 2458 4987 immaculatum
2505 4945 2564 4983 se
2601 4930 2665 4982 ab
2698 4929 2801 4983 hoc
2850 4930 3049 4983 mundo
3083 4933 3440 4999 custodierit,
3472 4942 3634 5003 atque

2050 5037 2242 5079 omnes
2266 5021 2609 5075 adversarios
2631 5030 2685 5076 et
2715 5023 2899 5076 hostes
2931 5038 3058 5079 suos
3087 5026 3365 5095 subegerit
3409 5027 3635 5095 spirita~

2049 5118 2155 5180 les,
2183 5116 2248 5169 ab
2284 5114 2401 5169 istis
2454 5114 2643 5183 paucis
2675 5123 2731 5167 ct
2784 5114 2943 5169 malis
2976 5114 3168 5171 diebus
3210 5117 3527 5187 provehitur
3579 5127 3635 5171 et

2443 5278 2484 5310 ¹⁷
2529 5275 2644 5336 Jos.
2678 5294 2798 5345 xm,
2825 5279 2877 5332 1.
2956 5279 3000 5311 ³⁸
3032 5279 3168 5335 ibid.

2043 5443 2247 5495 duabus
2271 5439 2429 5494 semis
2464 5438 2724 5492 tribubus.
2777 5436 2903 5493 Haec
2951 5437 3337 5492 desiderantur
3390 5435 3441 5488 in
3475 5434 3630 5489 libris

2045 5526 2202 5567 antea
2243 5512 2426 5573 editis,
2482 5512 2574 5563 sed
2608 5509 2861 5579 leguntur
2895 5509 2947 5560 in
2990 5524 3092 5579 ms.
3144 5507 3627 5579 Sangertnanensi.

2118 5583 2195 5653 (5)
2228 5576 2773 5653 MsaSangermftt
2831 5578 3219 5653 utiq_ue__longe
3280 5576 3544 5645 pluribus.
3604 5595 3625 5631 ο

2045 5648 2204 5708 Libb.
2235 5651 2386 5712 editi,
2420 5669 2437 5700 ι
2471 5653 2685 5717 utrique
2718 5649 2871 5718 longe
2907 5648 3172 5717 pluribus.
3218 5666 3237 5697 ι

2119 5722 2195 5789 (6)
2225 5722 2324 5775 Ms.
2356 5720 2663 5787 Sangertn.,
2698 5738 2716 5768 ε
2752 5721 2802 5770 in
2832 5728 2958 5771 ante
2986 5727 3132 5789 sunt.
3174 5736 3195 5768 ι

2120 5786 2489 5861 δειπνεῖ(
2518 5791 2677 5861 Deest
2707 5790 2758 5843 in
2810 5789 2963 5842 libris
3000 5787 3181 5861 editis,
3217 5787 3312 5843 sed
3345 5786 3540 5855 legitur
3565 5788 3621 5841 in

2051 5878 2149 5920 ms.
2180 5860 2664 5930 Sangermanensi.
3058 5860 3063 5861 “
3448 5939 3517 5998 29
