4146 6402
468 372 587 433 907

1968 373 2124 429 ORIG
2134 372 2286 428 ENIS

3645 376 3749 434 ς)ὓὸ

488 496 837 558 promovetur
868 488 934 542 ad
975 485 1091 542 illos
1125 486 1239 543 dies
1265 496 1498 543 aeternos
1546 498 1600 544 et
1631 491 1821 557 bonos,
1876 494 2061 546 mterni
2097 499 2140 551 Α
2169 492 2234 546 ad
2265 493 2399 548 ﬁnes
2425 492 2576 548 orbis
2608 502 2872 548 terrarum
2910 494 2964 548 in
2994 501 3289 564 conspectu
3318 493 3434 565 ejus
3462 496 3746 563 procidant

486 582 619 636 solis
655 582 774 636 luce
828 584 1090 651 signatos.
1139 580 1255 635 Tali
1282 597 1411 652 ergo
1462 586 1693 652 quodam
1745 587 1934 641 ordine
1984 587 2064 640 in-

490 676 810 743 telligendus
842 684 926 729 est
948 687 1001 730 et
1028 674 1186 730 Jcsus
1229 690 1293 730 ex
1342 678 1540 732 divinis
1570 680 1844 748 responsis
1868 695 2061 749 prove-

488 776 607 820 ctus
635 767 843 821 dierum
876 768 1244 835 pronuntiari.

556 861 609 912 2.
644 859 844 915 Verum
882 862 1140 931 qttoniam
1199 860 1533 915 instituimus
1580 877 1701 931 qua:
1728 864 1793 917 de
1816 862 1941 917 Jesu
1975 865 2061 918 di-

484 960 681 1007 cuntur
702 953 864 1006 etiam
890 963 944 1007 et
970 953 1033 1006 ad
1062 953 1346 1005 Dominum
1374 962 1429 1006 et
1455 952 1788 1008 Salvatorem
1814 964 2059 1009 nostrum

485 1040 712 1106 referre,
739 1042 863 1109 quis
891 1042 964 1095 ita
1000 1043 1289 1112 presbyter
1320 1050 1375 1095 et
1412 1043 1598 1096 senior
1631 1052 1920 1111 provectus
1946 1045 2063 1099 die-

483 1151 607 1190 rum
649 1133 993 1202 intelligitur,
1023 1135 1162 1209 sicut
1189 1135 1302 1203 ipse
1327 1135 1419 1203 qui
1445 1145 1528 1189 est
1573 1136 1917 1204 principium,
1955 1136 2063 1205 pri-

485 1226 790 1295 mogenitus
820 1227 998 1280 omnis
1023 1227 1324 1279 creaturae?
1354 1226 1475 1281 Ideo
1500 1226 1745 1283 fortassis
1775 1228 1889 1296 ipse
1913 1229 2061 1285 solus

482 1334 610 1371 vere
635 1327 688 1371 et
729 1318 935 1387 integre
964 1316 1249 1387 presbyter
1291 1317 1511 1381 dicitur,
1546 1326 1671 1372 ante
1700 1333 1863 1388 quem
1900 1335 2063 1377 nemo

481 1421 585 1464 est.
634 1410 798 1479 igitur
826 1410 1039 1463 tametsi
1072 1418 1199 1462 sunt
1246 1408 1336 1478 qui
1390 1410 1641 1464 dicantur
1683 1412 1733 1465 in
1763 1413 2060 1481 Scripturis

484 1503 784 1572 presbyteri
818 1502 902 1555 vel
936 1502 1202 1566 seniores,
1254 1503 1336 1557 vel
1370 1504 1677 1571 pontiﬁces,
1735 1514 1915 1558 tamen
1950 1506 2059 1560 Do-

482 1598 658 1651 minus
686 1594 846 1651 Jesus
871 1596 1013 1651 sicut
1047 1596 1099 1649 in
1146 1596 1493 1665 pontiﬁcibus
1542 1596 1857 1666 pontificum
1908 1599 2059 1668 prin-

482 1703 606 1756 ceps
636 1696 740 1749 est,
772 1695 826 1739 et
874 1686 1014 1740 sicut
1050 1687 1101 1739 in
1132 1688 1445 1755 pastoribus
1478 1688 1730 1756 princeps
1780 1698 2055 1758 pastorum

477 1791 581 1845 est,
639 1780 710 1832 ita
743 1780 880 1833 etin
934 1777 1268 1850 presbyteris
1299 1780 1382 1834 vel
1441 1780 1748 1835 senioribus
1809 1781 2057 1851 princeps

479 1872 915 1943 presbyterorum
966 1873 1237 1940 putandus
1265 1882 1371 1939 est,
1416 1881 1472 1928 et
1522 1873 1572 1927 in
1600 1850 1874 1943 episcopis
1907 1874 2057 1942 prin-
2091 1850 2130 1904 Β

475 1979 601 2033 ceps
626 1964 1025 2031 episcoporum,
1054 1973 1108 2018 et
1134 1980 1295 2019 omne
1325 1964 1696 2034 quodcunque
1740 1964 2056 2019 honorabile

475 2071 671 2110 nomen
700 2064 802 2117 est,
838 2056 1075 2123 primunt
1113 2056 1165 2109 in
1206 2057 1328 2122 hoc,
1365 2064 1419 2109 et
1452 2056 1748 2124 principem
1778 2071 1901 2110 esse
1930 2069 2052 2109 ere-

474 2148 706 2203 dendum
728 2156 811 2201 est
826 2146 1192 2212 Salvatorem,
1219 2149 1344 2217 quia
1367 2148 1481 2219 ipse
1504 2158 1587 2202 est
1604 2148 1844 2203 omnium
1866 2155 2050 2218 caput.

545 2241 599 2296 5.
638 2240 802 2295 Addit
832 2250 1010 2294 autem
1042 2240 1221 2296 adhuc
1252 2254 1569 2308 responsum
1602 2238 1849 2295 divinum
1892 2247 1946 2293 et
1973 2240 2054 2294 di-

471 2333 550 2384 cit
579 2333 663 2383 ":
702 2351 719 2381 ι
753 2330 830 2385 Tu
864 2340 1151 2401 provectus
1181 2347 1239 2386 es
1270 2330 1322 2385 in
1355 2331 1568 2397 diebus,
1603 2341 1657 2385 et
1692 2340 1833 2385 terra
1867 2330 2052 2385 relicta

473 2434 554 2477 est
592 2424 759 2477 multa
798 2424 969 2479 valde.
1008 2444 1025 2475 ι
1066 2423 1119 2477 lu
1148 2424 1526 2491 superioribus
1552 2424 1860 2490 dicebatur,
1912 2423 2055 2479 sicut

474 2516 906 2577 observavimus,
941 2514 1067 2583 quia
1099 2514 1335 2568 cessavit
1377 2522 1520 2568 terra
1550 2529 1579 2566 a
1614 2512 1790 2576 bellis,
1827 2522 1882 2567 et
1925 2512 2050 2581 quia

475 2607 631 2663 Jesns
652 2608 801 2675 cepit
832 2622 1044 2660 onmem
1081 2616 1279 2659 terram
1320 2621 1333 2657 :
1369 2614 1423 2659 et
1468 2605 1555 2659 hic
1595 2607 1755 2659 modo
1786 2605 2051 2673 scriptum

474 2708 551 2751 est
586 2696 685 2769 (8),
716 2698 842 2765 quia
881 2705 1021 2750 terra
1053 2695 1236 2750 relicta
1267 2704 1351 2749 est
1405 2696 1567 2748 multa
1598 2695 1773 2749 valde.
1813 2694 2052 2751 Putasne

472 2791 750 2843 contraria
773 2788 874 2842 sibi
903 2788 1179 2855 Scriptura
1217 2788 1531 2842 contineat?
1589 2786 1697 2842 lloc
1727 2803 1825 2842 nee
1864 2788 2052 2843 leviter

472 2883 855 2951 suspicandum
892 2890 994 2935 est.
1032 2880 1138 2935 Sed
1190 2881 1475 2935 redeamus
1522 2881 1587 2935 ad
1636 2881 2049 2948 intelligentiam

474 2974 791 3044 spiritalem,
826 2983 879 3028 et
911 2975 963 3027 in
998 2990 1060 3027 ea
1092 2972 1222 3026 nihil
1259 2973 1500 3027 invenies
1528 2988 1651 3028 esse
1688 2974 2046 3029 contrarium.

474 3064 686 3119 Intuere
711 3064 921 3119 Domini
951 3074 1005 3117 et
1055 3064 1358 3117 Salvatoris
1393 3065 1563 3117 nostri
1620 3064 1796 3133 primo
1827 3065 2046 3133 quidem

466 3159 705 3212 adventu
736 3173 858 3211 cum
894 3158 1041 3211 venit
1085 3156 1359 3210 seminare
1392 3156 1617 3210 verbum
1667 3172 1822 3211 suum
1852 3159 1903 3211 in
1955 3173 2047 3212 or-

476 3254 595 3306 bem
626 3260 802 3315 terrae,
849 3249 1118 3319 quomodo
1149 3249 1290 3316 cepit
1328 3262 1546 3302 omnem
1596 3258 1795 3302 terram
1821 3249 1937 3303 solo
1965 3264 2053 3305 se-

473 3344 822 3413 minisjactu,
857 3351 912 3395 et
937 3341 1206 3409 quomodo
1235 3340 1579 3394 adversarias
1638 3352 1944 3412 potestates
1985 3359 2052 3398 ex

469 3450 533 3489 ea
563 3444 616 3490 et
641 3435 862 3505 angelos
887 3434 1123 3502 refugas,
1148 3431 1239 3501 qui
1274 3433 1559 3501 gentilium
1598 3446 1812 3489 mentes
1833 3436 2056 3491 obsede-

473 3537 617 3592 rant,
647 3526 927 3596 eﬂ‘ugavit,
955 3533 1012 3578 et
1059 3524 1281 3593 interim
1312 3526 1606 3581 seminavit
1644 3527 1866 3583 verbum
1892 3536 2056 3599 atque

476 3617 748 3672 Ecclesias
796 3614 1132 3684 propagavit.
1168 3612 1292 3669 Haec
1344 3626 1428 3671 est
1473 3618 1650 3687 prima
1705 3618 1823 3686 ejus
1888 3621 2055 3675 totius

473 3717 629 3764 terrae
659 3706 947 3778 possessio.
974 3705 1213 3774 Sequere
1240 3715 1419 3761 autem
1449 3724 1554 3774 me,
1583 3726 1616 3765 ο
1657 3710 1898 3775 auditor,
1955 3725 2053 3781 per

472 3800 695 3854 subtiles
738 3798 909 3853 lineas
955 3798 1125 3861 verbi,
1160 3806 1218 3853 et
1273 3802 1555 3857 ostendam
1624 3803 1721 3858 tibi
1782 3804 2055 3873 quomodo

471 3893 634 3945 etiam
665 3892 903 3947 secundo
934 3894 1114 3963 capiat
1142 3905 1344 3949 terram
1383 3896 1541 3958 hanc,
1578 3911 1699 3966 qua:
1731 3913 1875 3952 nunc
1912 3897 2054 3953 dici—

475 3992 562 4036 tur
610 3982 675 4036 ad
733 3980 916 4037 Jesum
959 3985 1122 4039 multa
1159 4000 1283 4041 esse
1344 3986 1623 4041 derelicta.
1684 3988 1824 4043 Audi
1878 3990 1944 4043 de
1989 4005 2055 4045 eo

474 4074 697 4130 Paulum
728 4077 995 4132 dicentem
1024 4079 1069 4110 ²⁰
1103 4097 1116 4133 :
1156 4098 1173 4131 ι
1211 4079 1436 4149 Oportet
1464 4082 1608 4135 enim
1640 4096 1759 4135 cum
1800 4097 2051 4150 regnare,

474 4168 644 4223 donec
673 4177 839 4239 ponat
870 4184 1059 4225 omnes
1086 4170 1337 4223 inimicos
1362 4186 1491 4225 suos
1528 4170 1826 4226 scabellum
1859 4174 2053 4241 pedum

473 4274 713 4314 suormn.
759 4280 777 4312 ›
813 4260 937 4316 Haec
964 4247 1096 4333 ergo
1127 4272 1212 4317 est
1240 4272 1404 4330 terra,
1432 4278 1554 4332 quae
1602 4279 1746 4319 nunc
1774 4266 1940 4320 multa
1975 4267 2055 4321 di-

472 4352 617 4406 citur
644 4368 766 4408 esse
797 4354 1076 4417 derelicta,
1117 4354 1290 4411 donec
1348 4370 1538 4411 omnes
1565 4357 1789 4412 omnino
1815 4359 2053 4414 subdan-

473 4453 560 4497 tur
592 4444 691 4497 sub
721 4444 949 4513 pedibus
975 4442 1118 4512 ejus,
1155 4454 1208 4499 et
1260 4459 1357 4512 per
1386 4446 1497 4500 haec
1530 4445 1847 4501 luereditate
1873 4446 2055 4516 capiat

2165 573 2484 655 Etltiopcs;
2542 603 2559 633 ι
2612 588 2739 643 et"
2786 605 2799 641 :
2856 605 2875 638 ‹
2920 589 2995 643 De
3050 598 3201 643 trans
3257 589 3404 657 ripas
3460 587 3741 642 ﬁutninum

2164 676 2457 745 Aitbiopize
2489 676 2721 733 offerent
2767 677 3057 732 sacriﬁcia.
3091 694 3109 727 ι
3154 676 3305 732 Unde
3356 686 3568 731 constat
3599 678 3741 745 quod

2166 767 2216 819 in
2250 768 2486 821 secundo
2522 768 2755 823 adventu
2803 767 2944 820 hanc
2996 773 3200 819 terram
3240 764 3463 819 multam
3494 781 3612 833 quae
3648 782 3741 818 su-

2164 868 2364 927 perest,
2395 858 2661 914 obtinebit
2704 856 2860 913 Jesus
2895 876 2906 910 :
2939 856 3032 912 sed
3060 856 3203 910 beati
3234 866 3361 911 sunt
3396 856 3491 920 illi,
3564 858 3653 925 qui
3688 857 3740 910 in

2164 951 2341 1020 primo
2390 951 2505 1017 ejus
2559 951 2789 1004 adventu
2825 947 3033 1004 obtenti
3086 957 3230 1002 sunt.
3291 947 3380 1001 Isti
3435 948 3579 1001 enim
3613 963 3740 1002 vere

2163 1043 2301 1111 grati
2330 1052 2508 1108 erunt,
2537 1044 2651 1112 qui,
2692 1043 2873 1097 multis
2892 1041 3216 1096 adversariis
3244 1040 3644 1102 resistentibus,
3681 1050 3737 1092 et

2165 1135 2346 1190 multis
2374 1137 2616 1192 hostibus
2645 1136 3109 1206 impngnantibus,
3164 1133 3304 1189 bello
3333 1144 3385 1187 et
3425 1133 3594 1185 armis
3623 1134 3732 1185 hae-

2165 1227 2448 1283 reditatem
2506 1238 2665 1283 terrae
2721 1226 3165 1296 repromissionis
3227 1225 3519 1293 accipiunt.
3596 1226 3730 1277 Cum

2164 1332 2290 1373 vero
2342 1334 2406 1372 ex
2471 1320 2800 1375 necessitate
2854 1319 2978 1388 quis
3034 1317 3198 1372 fuerit
3252 1316 3549 1385 subjectus,
3608 1325 3735 1368 tunc

2159 1410 2376 1478 quando
2428 1411 2590 1465 etiam
2654 1404 3007 1465 novissimum
3069 1412 3355 1465 inimicum
3388 1409 3594 1463 destrui
3640 1426 3737 1461 ne-

2160 1517 2312 1558 eesse
2339 1512 2443 1569 est,
2479 1503 2688 1559 scilicet
2737 1513 2989 1567 mortem,
3024 1517 3129 1556 non
3161 1503 3265 1557 erit
3292 1503 3400 1570 jam
3460 1502 3633 1571 gratia
3669 1501 3736 1554 iis

2159 1595 2248 1663 qui
2280 1595 2665 1664 subjiciuntur.

2227 1686 2284 1742 4.
2312 1686 2441 1741 Post
2471 1687 2587 1742 haec
2624 1702 2747 1741 cum
2777 1694 3148 1740 enumerasset
3209 1684 3470 1755 plurimas
3522 1693 3734 1753 gentes,

2158 1776 2318 1848 437
2348 1778 2416 1833 de
2461 1778 2701 1834 Sidoniis
2731 1778 2863 1834 solis
2908 1778 3146 1832 dixit":
3186 1796 3205 1831 ι
3231 1776 3300 1831 Et
3345 1791 3535 1830 omnes
3578 1776 3735 1830 Sido-

2162 1869 2280 1923 nios
2309 1885 2408 1941 ego
2439 1872 2815 1925 exterminabo
2850 1886 2879 1925 a
2922 1871 3060 1926 lacie
3093 1869 3322 1925 ﬁliorum
3355 1868 3542 1925 Israel.
3570 1887 3589 1920 ι
3629 1868 3733 1922 Νο-

2161 1962 2345 2015 minati
2401 1971 2527 2016 sunt
2575 1963 2910 2028 Chananaei,
2960 1961 3220 2016 nominati
3276 1970 3406 2017 sunt
3454 1970 3507 2014 et
3558 1961 3593 2014 ii
3642 1961 3731 2029 qui

2161 2062 2350 2108 contra
2392 2053 2587 2109 faciem
2621 2053 2844 2126 Egypti
2889 2063 3046 2122 sunt,
3084 2064 3140 2109 et
3187 2055 3223 2109 ii
3265 2055 3355 2125 qui
3398 2062 3525 2107 sunt
3565 2069 3627 2107 ex
3676 2053 3735 2104 ﬁ-

2161 2146 2319 2201 nibus
2347 2146 2633 2211 Accaron,
2679 2156 2734 2201 et
2767 2146 3005 2202 sinistris
3051 2147 3296 2213 partibus
3338 2146 3640 2211 ﬂuminum,
3680 2155 3736 2198 et

2160 2238 2279 2293 alite
2307 2238 2725 2309 quamplurima:
2752 2246 2963 2307 gentes,
2989 2248 3037 2291 et
3079 2237 3147 2291 de
3174 2237 3306 2291 solis
3335 2236 3573 2291 Sidoniis
3602 2236 3735 2289 dicit

2162 2331 2426 2386 Dominus
2456 2331 2603 2401 quod
2635 2345 2730 2386 eos
2763 2344 3059 2385 eversurus
3094 2329 3186 2384 sit.
3232 2328 3440 2384 Sidonii
3478 2328 3736 2381 dicuntur

2160 2432 2363 2489 autem,
2387 2425 2528 2478 sicut
2562 2435 2687 2479 ante
2713 2423 2827 2493 jam
2858 2424 3116 2489 diximus,
3145 2435 3439 2478 venatores.
3467 2421 3570 2489 Qui
3601 2437 3735 2487 ergo

2161 2514 2537 2584 intelliguntur
2570 2514 2655 2569 isti
2698 2513 2822 2567 mali
2861 2521 3150 2567 venatores
3178 2528 3314 2582 quos
3348 2514 3607 2567 Dominus
3638 2529 3735 2565 ex-

2162 2608 2452 2670 terminat,
2496 2606 2597 2661 nisi
2646 2605 2749 2661 iliat
2794 2605 3027 2660 virtutes
3078 2605 3369 2659 contrariae
3420 2604 3485 2659 de
3536 2604 3737 2669 quibus

2158 2699 2290 2754 dicit
2340 2698 2612 2768 Propheta
2650 2700 2718 2763 ’⁸,
2754 2698 2880 2769 quia
2927 2717 2944 2748 ι
2978 2698 3202 2765 laqueos
3253 2707 3585 2763 paraverunt
3635 2711 3732 2763 pc-

2159 2791 2317 2845 dibus
2365 2790 2773 2860 meis‘hquibus
2806 2789 3019 2845 scilicet
3060 2798 3326 2843 venentur
3358 2798 3412 2841 et
3458 2788 3732 2856 decipiant

2161 2882 2372 2937 animas
2400 2883 2466 2937 ad
2499 2891 2805 2953 peccatum.
2846 2883 2982 2937 istos
3012 2897 3141 2952 ergo
3169 2880 3431 2936 Dominus
3473 2878 3733 2934 extermi-

2159 2984 2288 3040 nat;
2328 2974 2476 3044 quia,
2525 2975 2568 3029 si
2608 2974 2693 3029 isti
2730 2974 2862 3028 tales
2903 2972 3209 3028 interierint
3260 2981 3564 3035 venatores,
3607 2984 3729 3023 eum

2153 3065 2264 3136 jam
2301 3081 2459 3121 nemo
2497 3065 2661 3121 fuerit
2692 3069 2783 3136 qui
2819 3066 3042 3135 laqueos
3079 3066 3264 3119 tendat
3286 3073 3338 3117 et
3370 3063 3525 3125 retia,
3556 3072 3611 3114 ut
3640 3061 3735 3114 de-

2158 3154 2323 3225 cipiat
2369 3157 2581 3211 animas
2628 3157 2681 3211 in
2733 3167 2975 3226 peccato,
3026 3165 3151 3209 tunc
3194 3154 3502 3224 requiescet
3563 3168 3733 3209 unus-

2158 3248 2387 3320 quisque
2411 3236 2512 3304 sub
2543 3249 2654 3304 vite
2681 3264 2801 3314 sua,
2830 3258 2884 3303 et
2916 3251 3014 3303 sub
3048 3246 3151 3301 ﬁcu
3185 3264 3304 3301 sua.

2228 3344 2282 3398 5.
2327 3343 2434 3398 Sed
2482 3352 2537 3399 et
2585 3342 2715 3397 illud
2776 3342 2935 3397 nobis
2986 3342 3149 3396 hodie
3199 3340 3393 3394 lectum
3436 3349 3556 3401 est,
3605 3338 3730 3409 quia

2156 3434 2370 3506 Moyses
2402 3434 2614 3489 dederit
2648 3434 3017 3488 hmreditatem
3054 3432 3381 3500 quibusdam
3413 3451 3424 3484 :
3460 3442 3578 3499 post
3619 3433 3735 3485 luec

2155 3542 2286 3583 vero
2333 3526 2553 3596 legitur,
2597 3526 2724 3596 quia
2765 3534 2820 3579 et
2866 3524 3023 3579 Jesus
3068 3522 3366 3578 secundum
3404 3534 3731 3591 praeceptum

2160 3619 2376 3675 Domini
2402 3618 2683 3673 distribuit
2714 3617 3110 3671 hzereditatem.
3135 3616 3349 3671 Primus
3370 3632 3499 3685 ergo
3524 3617 3737 3685 Moyses

2156 3710 2525 3766 htereditatem
2584 3709 2901 3772 distribuit,
2958 3708 3230 3763 secumlus
3298 3719 3479 3762 autem
3552 3706 3734 3761 Jesns.

2156 3803 2310 3859 Nunc
2343 3802 2561 3873 Moysen
2598 3800 2771 3870 legem
2820 3799 3076 3869 intellige.
3122 3797 3186 3875 Hi
3229 3814 3359 3870 ergo
3405 3801 3493 3869 qui
3536 3817 3735 3855 secun-

2157 3895 2286 3950 dum
2334 3894 2504 3964 legem
2554 3893 2829 3958 vixerunt,
2865 3891 3021 3960 primi
3076 3903 3400 3961 acceperunt
3450 3894 3736 3947 haeredita-

2162 3997 2291 4053 tem,
2319 3987 2413 4041 sed
2446 3997 2598 4041 extra
2638 3996 2841 4041 terram
2882 3984 3338 4054 repromissionis.
3367 3986 3500 4039 Tum
3538 3988 3739 4043 deinde

2156 4095 2279 4135 cum
2309 4080 2652 4148 accepissent
2682 4086 2883 4132 terram
2915 4076 3274 4142 litereditatis,
3310 4093 3415 4131 non
3451 4094 3568 4132 eam
3610 4096 3736 4148 pos-

2157 4172 2340 4227 sident
2407 4185 2583 4241 neque
2636 4170 2884 4225 dividunt
2947 4169 3090 4222 inter
3134 4185 3226 4236 se,
3276 4172 3368 4224 sed
3412 4182 3734 4241 exspectant

2157 4277 2439 4332 usquequo
2496 4264 2576 4317 eis
2629 4277 2723 4330 per
2785 4260 2969 4315 Jesum
3028 4260 3387 4317 distribuatur
3453 4266 3504 4318 in
3561 4275 3733 4320 sorte.

2158 4353 2346 4409 Nonne
2382 4353 2665 4409 evidenter
2711 4352 2813 4407 hoc
2853 4361 2938 4407 est
2985 4353 3127 4421 quod
3167 4355 3459 4423 Apostolus
3492 4357 3621 4409 dicit
3663 4359 3732 4410 ad

2157 4446 2444 4512 Hebraeos,
2496 4446 2745 4501 scribens
2796 4446 2863 4500 de
2912 4447 3190 4515 prioribus
3258 4449 3539 4517 patribus,
3592 4464 3733 4518 quos

472 4536 776 4591 universos.
813 4553 831 4586 ι
876 4535 942 4589 Ει
980 4537 1095 4590 hrec
1142 4547 1251 4601 est,
1302 4538 1476 4607 inquit
1508 4539 1576 4606 ’1,
1612 4546 1778 4605 terra,
1811 4554 1930 4608 quae
1956 4540 2049 4597 de-
2078 4547 2127 4607 ι)
2155 4539 2291 4593 dixit
2334 4540 2439 4593 ﬁde
2475 4537 2748 4607 placuisse
2795 4536 2945 4591 Deo?
2997 4537 3061 4591 Et
3104 4536 3251 4591 addit
3304 4539 3490 4594 dicens
3516 4542 3559 4573 ’7
3592 4558 3607 4596 :
3641 4560 3659 4593 ι
3689 4541 3730 4595 li

474 4627 660 4681 relicta
687 4636 789 4693 est,
816 4642 1005 4683 omnes
1035 4630 1167 4684 ﬁnes
1203 4629 1562 4695 Philisthiim,
1602 4649 1621 4683 ι
1650 4640 1705 4686 et
1731 4631 1838 4685 alia
1866 4647 2051 4701 quam-

473 4720 699 4788 plurima
752 4736 870 4789 qua:
922 4731 1245 4791 sequuntur.
1298 4721 1462 4778 Multa
1520 4724 1698 4781 adhuc
1755 4734 2050 4795 supersunt

473 4822 733 4881 quantmn
762 4812 827 4865 ad
857 4820 1039 4866 nostra
1076 4822 1317 4884 tempora
1373 4824 1603 4884 spectat,
1633 4832 1753 4886 quae
1802 4819 2048 4874 videmus

474 4904 710 4958 nondum
747 4905 974 4973 pedibus
999 4903 1125 4960 Jesu
1172 4921 1292 4961 esse
1321 4907 1585 4977 subjecta,
1612 4924 1769 4978 quem
1825 4924 2051 4966 necesse

470 5002 552 5047 est
575 4993 651 5063 (9)
681 4994 865 5063 utique
889 4997 1071 5050 omnia
1100 4997 1366 5054 obtinere.
1396 4999 1583 5068 Neque
1609 5001 1753 5055 enim
1788 5000 1913 5055 ﬁnis
1933 5016 2054 5057 esse

470 5086 669 5154 poterit
690 5102 895 5151 rerum,
935 5090 1037 5145 nisi
1070 5089 1272 5145 fuerint
1300 5092 1348 5145 ei
1378 5093 1528 5160 prius
1556 5101 1752 5148 cuncta
1783 5093 2049 5163 subjecta.

474 5179 563 5235 Sic
592 5180 735 5233 enim
767 5190 821 5234 et
851 5180 1121 5252 Propheta
1173 5184 1299 5238 dicit
1336 5186 1399 5246 ",
1428 5185 1552 5254 quia
1588 5203 1607 5236 ‹
1641 5200 1831 5240 omnes
1862 5197 2052 5256 gentes

469 5274 709 5327 servient
744 5274 825 5339 ei;
876 5292 894 5325 ι
931 5284 986 5329 et
1020 5275 1109 5328 "z
1152 5294 1171 5328 ‹
1206 5276 1248 5330 Α
1308 5276 1507 5333 ﬁnibus
1557 5276 1837 5332 fluminum
1877 5295 2052 5350 usque

1053 5418 1100 5450 “
1129 5418 1144 5471 Ι
1173 5417 1300 5473 Cor.
1329 5435 1419 5483 xv,
1441 5419 1532 5473 25.

1001 5490 1046 5520 ³⁸
1084 5488 1227 5543 Psal.
1255 5506 1395 5552 Lvtt,
1441 5491 1496 5546 6.

544 5414 585 5445 ¹⁹
628 5412 739 5468 Jos.
776 5431 894 5478 xm,
927 5416 976 5470 Ι.

471 5484 517 5516 ’⁵
555 5483 666 5540 Jos.
715 5501 839 5552 xm,
871 5484 922 5541 6.

1612 5421 1654 5451 ²¹
1685 5418 1795 5473 Jos.
1826 5436 1944 5482 xnr,
1970 5422 2025 5475 ‘2.

536 5629 620 5750 ι(8)
648 5628 800 5694 Mss.,
843 5649 862 5682 ‹
898 5631 1156 5702 scriptum
1184 5640 1288 5689 est.
1328 5651 1346 5684 ι
1381 5630 1535 5687 Libb.
1584 5633 1735 5699 editi,
1777 5652 1795 5684 ι
1842 5635 2044 5689 dictum

561 5739 572 5749 .
614 5719 631 5750 Ι

471 5716 572 5751 ρει.
614 5719 631 5750 Ι

544 5769 618 5838 (9)
669 5770 817 5835 Mss.,
873 5791 889 5820 ε
957 5788 1111 5840 quem
1162 5787 1381 5828 necesse
1444 5785 1547 5828 est.
1611 5798 1627 5827 ι
1674 5774 1829 5831 Libb.
1894 5777 2045 5839 editi,

482 5857 500 5888 ι
545 5854 661 5904 qua:
696 5854 911 5893 necesse
939 5850 1039 5893 est.
1078 5862 1097 5893 ι

2156 4643 2335 4686 autem
2361 4644 2549 4684 omnes
2585 4629 2955 4685 testimonium
2989 4628 3252 4684 habentes
3281 4645 3375 4698 per
3403 4632 3562 4686 ﬁdem
3597 4649 3732 4686 nou-

2155 4725 2279 4780 dum
2311 4721 2593 4778 consecuti
2623 4730 2749 4775 sunt
2789 4720 3266 4790 repromissiones,
3301 4723 3408 4775 Deo
3442 4738 3539 4791 pro
3573 4724 3732 4780 nobis

2156 4817 2350 4871 melius
2399 4813 2513 4885 (10)
2561 4812 2771 4882 aliquid
2809 4812 3145 4882 providente,
3185 4814 3261 4867 uti
3314 4830 3381 4868 ne
3423 4814 3540 4869 sine
3580 4816 3734 4870 nobis

2154 4909 2377 4981 perfecti
2412 4906 2777 4962 efﬁcerentur.
2802 4923 2820 4956 ι
2859 4903 3071 4959 Habent
3100 4891 3262 4975 igitur
3299 4904 3407 4975 jam
3442 4908 3733 4974 repromis-

2155 5002 2361 5057 sionern
2392 5015 2578 5064 suam,
2613 5006 2668 5054 et
2704 4995 3091 5067 requieverunt
3132 4995 3272 5067 (ll),
3312 5006 3365 5050 ct
3411 4996 3555 5066 digni
3584 4997 3730 5066 judi-

2156 5092 2263 5146 cati
2295 5100 2424 5147 sunt
2462 5106 2559 5161 per
2589 5089 2806 5161 Moysen
2839 5103 3038 5159 capere
3069 5088 3437 5142 baereditatcm
3467 5106 3481 5142 :
3517 5104 3730 5142 veruin—

2156 5194 2335 5239 tamen
2364 5184 2542 5238 adhuc
2573 5191 2629 5236 et
2662 5181 2762 5251 ipsi
2795 5187 3065 5252 pugnant,
3091 5187 3144 5233 et
3174 5179 3227 5232 in
3266 5179 3565 5234 certamine
3607 5188 3731 5233 sunt

2156 5293 2254 5348 pro
2282 5277 2348 5331 iis
2375 5275 2465 5345 qui
2502 5275 2603 5330 sub
2631 5271 2759 5328 Jesu
2798 5272 3055 5328 militant.
3090 5268 3198 5326 Sed
3236 5270 3466 5341 requiris
3495 5271 3585 5341 qui
3618 5270 3729 5325 sint

2104 5424 2147 5453 ³³
2176 5420 2317 5475 Psal.
2348 5433 2518 5483 Lxxu,
2550 5416 2637 5470 ll.
2713 5415 2757 5447 ’³
2781 5414 2933 5480 ibid.,
2965 5412 3021 5480 8,
3053 5410 3106 5467 9.
3182 5410 3228 5442 “
3253 5409 3491 5481 Sophon.
3531 5424 3613 5475 ιιι,
3641 5405 3726 5466 10.

1586 5491 1627 5519 ’⁷
1673 5489 1835 5547 Hebr.
1870 5507 1952 5559 XI,
1979 5493 2067 5557 39,
2092 5492 2180 5547 40.

2230 5632 2342 5703 (10)
2386 5631 2599 5703 Melius.
2632 5630 2795 5703 Deest
2842 5630 2894 5684 in
2933 5626 3061 5682 libb.
3092 5627 3273 5693 editis,
3319 5625 3411 5681 sed
3450 5624 3644 5695 legitur
3672 5626 3725 5680 in

2160 5721 2265 5756 uno
2305 5719 2405 5757 ms.
2438 5702 2777 5756 Ebroicensi.

2229 5775 2338 5855 (di)
2368 5773 2539 5855 Μελ,
2595 5791 2614 5823 ι
2653 5772 3057 5840 requieverunt.
3084 5785 3103 5817 ι
3152 5765 3311 5821 Libb.
3355 5766 3485 5821 editi
3528 5781 3543 5820 :

2162 5853 2401 5912 qttirunt.
2432 5862 2449 5893 ι

3588 5782 3610 5819 1
3641 5780 3727 5817 τοι·
