4146 6384
345 402 447 459 tru9

1310 387 1375 442 IN
1415 383 1674 441 LIBRUM
1710 382 1875 440 JESU
1913 380 2099 437 NAVE
2138 379 2423 437 HOMILIA
2460 377 2624 435 XVII.

3495 376 3600 431 9I0

352 518 440 574 isti
484 516 571 585 qui
607 518 864 584 pugnant,
911 517 961 562 et
1008 522 1127 577 qua:
1168 516 1249 561 est
1284 506 1371 561 illa
1408 521 1585 575 pugna
1633 520 1794 574 quam
1849 503 1920 556 illi
1953 506 1998 561 Α
2026 502 2258 557 veritate
2316 498 2633 555 adorent”.
2688 495 2779 550 Sic
2833 509 2968 564 ergo
3021 504 3287 564 pra‘sente
3344 495 3595 561 veritate,

350 618 563 682 gerunt.
606 606 716 675 Ego
750 604 826 657 sic
870 600 1107 653 arbitror
1139 601 1280 669 quod
1311 613 1501 651 omnes
1544 599 1616 650 illi
1660 599 1749 666 qui
1800 598 1922 651 dor-

266 734 273 742 -
352 706 589 758 inierunt
642 708 766 751 ante
816 712 914 750 nos
962 704 1180 765 patres,
1232 698 1479 762 pugnent
1533 688 1814 741 nobiscum
1869 697 1924 741 et

354 794 605 861 adjuvent
658 803 754 841 nos
788 785 1127 839 orationibus
1165 782 1303 836 suis.
1344 780 1422 833 Ita
1471 793 1709 846 namque
1759 777 1922 830 etiam

356 885 638 955 queindam
671 882 736 935 de
774 878 1083 934 senioribus
1127 872 1401 943 magistris
1430 872 1614 923 audivi
1654 870 1922 923 dicentem

356 980 407 1034 in
439 993 501 1029 eo
543 977 684 1040 loco,
719 972 773 1026 in
804 987 910 1041 quo
946 969 1204 1036 scriptum
1238 974 1320 1018 est
1352 962 1405 1014 in
1444 959 1697 1014 Nnmcris
1722 959 1766 989 ’⁸
1797 959 1923 1027 quia

360 1089 378 1121 ι
406 1067 640 1136 ablinget
679 1076 952 1134 synagoga
991 1058 1079 1112 illa
1109 1076 1127 1109 ι
1164 1056 1305 1109 hanc
1345 1066 1700 1123 synagogatn,
1738 1068 1756 1101 ‹
1788 1053 1928 1103 sicut

355 1158 578 1228 ablingit
607 1155 803 1209 vitulus
832 1152 1052 1205 herbam
1080 1147 1307 1200 viridem
1336 1144 1387 1197 in
1419 1157 1664 1211 campo.»
1703 1141 1927 1195 Dicebat

356 1266 528 1319 ergo:
557 1246 736 1313 Quare
788 1240 1093 1311 hujusmodi
1150 1235 1444 1293 similitudo
1481 1243 1757 1302 assumpta
1807 1243 1924 1297 est,

361 1342 461 1396 nisi
501 1340 627 1408 quia
673 1338 773 1391 hoc
822 1343 903 1388 est
948 1336 1088 1404 quod
1144 1331 1551 1403 intelligendum
1598 1335 1684 1382 est
1718 1327 1769 1380 in
1828 1328 1929 1380 hoc

359 1434 501 1492 loco,
526 1428 666 1501 quod
698 1441 969 1498 synagoga
1004 1423 1239 1487 Domini,
1272 1437 1391 1492 qua:
1427 1436 1529 1476 nos
1557 1416 1839 1489 praecessit
1872 1415 1928 1469 in

362 1524 589 1586 sanctis,
629 1536 722 1573 ore
752 1528 803 1574 et
838 1519 1014 1588 lingua
1053 1516 1323 1571 consumit
1361 1512 1727 1568 adversariam
1765 1524 1932 1582 syna-

360 1630 577 1685 gogam,
619 1612 669 1667 id
703 1620 806 1674 est,
838 1608 1175 1662 orationibus
1211 1616 1264 1661 et
1296 1606 1547 1676 precibus
1587 1603 1931 1659 adversarios

365 1716 578 1760 nostros
611 1702 876 1757 absumit?
922 1699 1039 1754 Non
1073 1713 1202 1768 ergo
1250 1697 1415 1752 armis
1457 1695 1806 1767 pugnandum
1850 1700 1934 1749 est

364 1799 521 1852 nobis
581 1796 867 1850 adversum
926 1793 1112 1847 hostes
1178 1799 1394 1845 nostros
1457 1787 1787 1851 invisibiles,
1838 1787 1931 1842 sed

2030 600 2190 661 typus
2217 600 2271 645 et
2302 591 2488 643 umbra
2520 587 2753 643 cessavit
2781 604 2796 641 :
2829 597 2885 641 ct
2921 602 3044 641 cum
3077 588 3296 643 adesset
3321 589 3600 656 templum,

2029 682 2170 751 quod
2224 695 2321 750 per
2374 680 2635 749 Spiritum
2673 678 2767 733 Dei
2807 685 2862 732 et
2916 679 3172 733 virtutem
3226 679 3490 734 Altissimi
3546 680 3601 732 in

2030 780 2183 826 utero
2210 772 2435 839 virginis
2466 771 2789 826 fabricatum
2819 778 2925 833 est,
2957 769 3194 824 dirutum
3228 779 3313 825 est
3345 771 3601 840 templum

2029 880 2093 918 ex
2131 864 2401 932 lapidibus
2453 863 2800 918 fabricatum.
2844 864 3048 919 Aderat
3095 864 3338 934 pontifex
3386 865 3600 918 futuro-

2034 971 2150 1009 rum
2201 955 2488 1008 bonorum.
2539 952 2905 1008 Ccssaverunt
2954 954 3065 1022 (16)
3099 955 3383 1023 pontiﬁces
3418 963 3604 1009 tauro-

2035 1062 2150 1100 rum
2193 1056 2249 1101 et
2284 1046 2581 1100 hircorum.
2616 1046 2780 1100 Venit
2804 1046 2989 1117 Agnus
3027 1047 3142 1113 Dei,
3168 1047 3258 1115 qui
3295 1046 3433 1099 tollit
3476 1060 3606 1115 pec-

2030 1149 2209 1194 catum
2247 1139 2430 1194 mundi
2459 1139 2545 1203 ’2,
2593 1140 2803 1194 destitit
2846 1154 3017 1210 agnus
3063 1155 3126 1193 ex
3179 1142 3472 1209 pecudibus
3518 1154 3606 1193 as-

2032 1241 2280 1302 sumptus
2311 1243 2365 1286 et
2400 1232 2769 1301 nequidquam
2804 1239 2881 1286 tot
2916 1233 3127 1287 saeculis
3154 1232 3431 1302 jugulatus
3463 1230 3602 1301 (17).

2032 1321 2200 1389 Igitur
2229 1323 2273 1376 si
2323 1322 2439 1377 hmc
2480 1322 2661 1375 omnia
2706 1336 2826 1391 quae
2856 1321 2908 1374 in
2940 1323 3128 1375 umbra
3168 1322 3440 1392 prioribus
3476 1324 3603 1376 data

2032 1416 2267 1480 fuerant,
2304 1426 2574 1486 prmsente
2612 1425 2666 1471 et
2706 1417 2995 1472 assistente
3032 1415 3258 1471 veritate
3304 1423 3612 1480 cessarunt,

2033 1524 2373 1579 consequens
2420 1508 2539 1563 sine
2584 1508 2749 1563 dubio
2803 1518 2921 1564 erat
2969 1518 3059 1573 ut,
3104 1506 3421 1562 haereditate
3462 1506 3615 1576 regni

2032 1602 2295 1656 caelorum
2365 1602 2674 1671 patefacta,
2729 1602 3016 1656 haereditas
3081 1610 3293 1655 terrena
3353 1607 3611 1655 cessaret.

2031 1690 2189 1745 Ratio
2215 1699 2394 1747 autem
2438 1706 2542 1761 qua
2584 1691 2697 1745 haec
2730 1700 2927 1746 cuneta
2965 1691 3298 1754 desinerent,
3332 1690 3419 1744 illa
3450 1689 3619 1760 438

2030 1790 2137 1846 est,
2167 1790 2229 1837 ut
2256 1796 2417 1835 omne
2468 1796 2529 1836 os
2576 1782 2911 1848 obstruatur,
2942 1791 2999 1836 et
3026 1781 3278 1835 subditus
3318 1780 3411 1834 ﬁat
3441 1779 3618 1835 omnis

360 1889 723 1951 orationibus,
751 1893 806 1939 et
839 1884 987 1938 verbi
1021 1882 1109 1936 Dei
1156 1880 1618 1943 meditationibus,
1646 1890 1700 1933 et
1740 1879 1932 1947 operi-

2043 1870 2271 1926 mundus
2307 1869 2437 1934 Deo,
2492 1883 2561 1924 ne
2610 1868 2700 1937 qui
2746 1867 2886 1923 forte
2934 1883 3003 1923 ex
3057 1867 3340 1922 incredulo
3386 1867 3608 1937 populo,

366 1980 486 2039 bus,
522 1993 584 2031 ac
633 1976 881 2029 sensibus
930 1974 1114 2027 rectis.
1167 1970 1260 2026 Sic
1305 1972 1449 2025 enim
1499 1971 1854 2024 armabantur
1880 1977 1935 2023 et

368 2078 572 2137 patres,
614 2067 717 2121 ﬁde
765 2076 819 2119 et
879 2064 1136 2134 operibus
1187 2063 1488 2117 vincentes.
1513 2061 1649 2117 V'ide
1698 2060 1933 2131 denique

373 2158 497 2227 quia
533 2157 612 2211 sic
668 2156 926 2224 scriptum
963 2163 1048 2209 est
1096 2153 1161 2207 de
1195 2153 1313 2207 eis:
1362 2169 1381 2204 ι
1410 2150 1807 2215 Crediderunt,
1856 2153 1935 2204 in-

366 2253 482 2318 quit
507 2250 573 2314 ²⁹,
617 2248 748 2311 Deo,
781 2257 833 2301 et
870 2246 1037 2317 Moysi
1085 2244 1284 2299 famulo
1324 2242 1461 2312 ejus.
1487 2261 1506 2294 ι
1548 2242 1611 2295 Et
1650 2250 1776 2296 tunc
1809 2256 1938 2295 can-

368 2343 501 2396 tavit
543 2341 752 2412 Moyses
782 2342 1048 2393 canticum
1084 2338 1188 2391 hoc
1216 2345 1271 2390 et
1320 2335 1455 2390 dixit
1478 2334 1564 2389 ³⁰ε
1601 2353 1619 2385 ι
1643 2332 1938 2389 Cantemus

368 2432 616 2495 Domino,
646 2431 879 2503 gloriose
912 2428 1056 2483 enim
1091 2427 1483 2482 honoriﬁcatus
1508 2434 1611 2481 cst.
1634 2443 1653 2478 ι
1692 2423 1771 2478 Ita
1807 2438 1940 2494 ergo

367 2536 421 2582 et
454 2541 553 2581 nos
587 2526 745 2581 ﬁdem
776 2524 992 2593 plenam
1024 2529 1078 2575 et
1122 2535 1287 2588 opera
1320 2518 1435 2591 (l2)
1466 2518 1732 2589 perfecta,
1783 2516 1939 2571 indc-

367 2622 610 2675 sinentes
644 2619 943 2681 orationes,
978 2615 1385 2669 meditationem
1418 2611 1566 2666 verbi
1626 2610 1818 2676 divini,
1855 2609 1939 2663 in-

369 2712 717 2783 telligentiam
761 2708 1059 2778 spiritalem
1101 2708 1367 2774 colentes,
1394 2712 1445 2759 et
1480 2705 1533 2758 in
1564 2705 1651 2760 liis
1685 2703 1942 2760 omnibus

372 2803 519 2857 velut
570 2803 737 2856 armis
787 2801 881 2856 Dei
932 2798 1164 2863 muniti,
1212 2807 1417 2854 stemus
1476 2798 1735 2853 adversus
1788 2803 1940 2851 astu-

371 2897 472 2950 tias
508 2893 617 2965 (1'5)
668 2892 886 2957 diaboli,
923 2893 1235 2947 invocantes
1272 2893 1437 2945 Deum
1487 2890 1788 2956 adiutorem
1841 2902 1941 2943 no-

365 2996 542 3041 strum
575 2987 629 3039 in
655 2984 869 3039 Christo
894 2983 1019 3039 Jesu
1051 2982 1280 3038 Domino
1312 2990 1521 3047 nostro,
1546 2982 1633 3036 cui
1661 2988 1745 3036 est
1770 2979 1940 3051 gloria

372 3087 426 3133 et
456 3079 740 3148 imperium
772 3078 821 3129 in
854 3077 1051 3131 sazcula
1087 3073 1431 3129 szeculorum.
1462 3073 1656 3129 Amen.

918 3166 1200 3224 IIOMILIA
1241 3165 1403 3221 XVII.

377 3260 452 3314 De
483 3275 541 3314 eo
584 3260 723 3330 quod
757 3259 953 3315 Levita:
996 3277 1098 3313 non
1138 3267 1444 3403 «castarum
1479 3259 1535 3314 in
1571 3259 1939 3315 hmreditatem

971 3340 1167 3384 terram
1336 3368 1351 3383 .

971 3340 1167 3384 terram
1218 3340 1351 3384 (141.

448 3424 502 3478 1.
542 3422 695 3478 Sicut
725 3422 933 3475 umbra:
974 3430 1029 3475 et
1070 3422 1366 3491 exemplari
1415 3420 1730 3478 deserviunt
1775 3422 1945 3478 caele-

376 3516 539 3570 stium
578 3516 632 3579 ii,
664 3515 753 3585 qui
788 3514 958 3585 legem
990 3514 1315 3585 suscipiunt,
1348 3531 1471 3585 qua:
1499 3522 1584 3570 est
1626 3514 1773 3570 illius
1805 3530 1946 3569 verte

378 3605 509 3674 legis
554 3607 768 3667 umbra,
805 3607 875 3660 ita
922 3606 1202 3676 exemplar
1241 3615 1294 3660 et
1329 3607 1579 3662 umbram
1640 3615 1944 3677 sequuntur

376 3699 657 3754 divisionis
690 3698 929 3753 cmlestis
962 3698 1018 3763 ii,
1049 3699 1138 3764 qui
1173 3697 1227 3752 in
1277 3696 1463 3754 Iudaea
1502 3699 1824 3755 hmreditate
1859 3701 1943 3754 di-

380 3789 566 3842 vidunt
601 3796 822 3841 terram.
862 3786 988 3841 Erat
1036 3802 1167 3857 ergo
1208 3787 1261 3841 in
1310 3788 1462 3844 caelis
1496 3789 1723 3853 veritas,
1755 3789 1946 3844 umbra

377 3893 505 3933 vero
536 3888 590 3933 et
618 3878 899 3947 exemplar
931 3878 1047 3949 (15)
1075 3878 1317 3934 veritatis
1362 3882 1416 3933 in
1458 3879 1643 3934 terris.
1677 3879 1744 3933 Et
1777 3880 1949 3936 donec

380 3982 569 4024 umbra
606 3970 719 4023 haec
745 3969 1032 4023 constabat
1057 3970 1110 4024 in
1149 3970 1331 4036 terris,
1361 3979 1479 4025 erat
1505 3968 1807 4027 Jerusalem
1836 3980 1947 4026 tero

381 4061 591 4124 reatris,
619 4069 733 4114 erat
768 4060 1046 4129 templum,
1087 4068 1209 4115 erat
1234 4060 1429 4126 altare,
1460 4072 1582 4116 erat
1615 4071 1671 4117 et
1715 4061 1949 4117 visibilis

379 4151 577 4214 cultus,
622 4158 780 4203 erant
824 4150 1107 4219 pontiﬁces
1153 4158 1210 4204 et
1252 4153 1588 4216 sacerdotes,
1624 4153 1950 4207 constabant

378 4240 546 4295 etiam
578 4238 829 4294 civitates
870 4248 927 4294 et
954 4240 1057 4294 vici
1092 4239 1315 4307 Iudaeae,
1356 4250 1413 4297 et
1452 4243 1635 4296 omnia
1670 4243 1783 4298 haec
1831 4258 1952 4312 qnze

383 4345 524 4383 nunc
573 4329 625 4382 in
658 4329 764 4383 hoc
803 4327 945 4383 libro
991 4328 1259 4398 descripta
1291 4330 1610 4385 recitantur.
1642 4332 1774 4386 Cum
1819 4347 1950 4387 vero

382 4420 704 4475 in'adventu
755 4418 1055 4474 Salvatoris
1104 4418 1273 4472 nostri
1317 4419 1409 4475 Dei
1440 4433 1472 4474 e
1516 4422 1670 4475 cmlis
1720 4422 1951 4477 descen-

2034 1965 2349 2019 occasiones
2378 1975 2489 2016 suae
2523 1960 2866 2015 inﬁdelitatis
2896 1959 3233 2029 acciperent,
3261 1968 3316 2014 et
3343 1959 3614 2014 habentes

2035 2055 2260 2109 umbras
2287 2051 2593 2121 antiquitus
2624 2051 2725 2106 sibi
2764 2051 3013 2116 traditas,
3042 2051 3129 2104 vel
3163 2051 3382 2121 templi,
3413 2050 3496 2104 vel
3533 2049 3613 2103 al-

2034 2145 2187 2207 taris,
2236 2142 2315 2197 vel
2367 2142 2717 2211 pontiﬁcum,
2763 2141 2849 2196 vel
2890 2141 3237 2197 sacerdotum
3272 2141 3409 2211 (l8),
3460 2141 3613 2194 vide-

2037 2245 2227 2292 rentur
2268 2234 2369 2289 sibi
2413 2241 2773 2304 permanente
2811 2234 3016 2302 antiqui
3050 2232 3229 2288 cultus
3274 2242 3420 2287 statu
3470 2247 3613 2302 prae-

2038 2328 2263 2381 varicari
2308 2326 2585 2395 religionis
2615 2327 2861 2381 ordinem
2895 2326 2939 2380 si
2976 2326 3275 2379 transirent
3306 2325 3371 2378 ad
3429 2324 3612 2380 ﬁdem.

2038 2416 2332 2488 Propterea
2366 2432 2497 2488 ergo
2546 2415 2754 2471 auferri
2805 2416 2920 2473 haec
2964 2416 3148 2472 omnia
3183 2430 3304 2486 quae
3356 2416 3408 2471 in
3453 2418 3616 2473 terris

2041 2507 2239 2561 dudum
2280 2505 2495 2561 fuerant
2532 2507 2888 2573 adumbrata,
2908 2506 3090 2561 divina
3127 2507 3468 2577 providentia
3501 2508 3612 2563 dis-

2040 2595 2325 2665 pensavit,
2372 2606 2431 2649 ut
2463 2596 2605 2650 viam
2654 2596 3057 2665 quodammodo
3111 2597 3382 2666 accipiant
3430 2598 3617 2667 requi-

2041 2689 2222 2741 rendae
2246 2686 2494 2742 veritatis
2534 2687 2874 2741 cessantibus
2920 2688 3082 2757 typis.
3132 2687 3189 2741 Si
3226 2703 3361 2757 ergo
3394 2689 3617 2743 veniens

2043 2780 2110 2832 ad
2141 2775 2444 2833 Jerusalem
2481 2778 2755 2831 civitatem
2784 2785 3081 2845 terrenam,
3124 2792 3156 2832 ο
3202 2777 3414 2841 Judzce,
3463 2780 3617 2832 inve-

2045 2870 2160 2925 nies
2184 2885 2303 2924 eam
2341 2870 2657 2925 subversam
2706 2879 2761 2922 et
2812 2869 2865 2922 in
2910 2869 3125 2922 cineres
3170 2884 3233 2921 ac
3277 2868 3486 2922 favillas
3526 2883 3619 2923 rc-

2045 2963 2280 3026 dactam,
2304 2960 2413 3015 noli
2444 2959 2590 3023 ﬁere,
2625 2960 2765 3014 sicut
2796 2974 2938 3013 nunc
2963 2958 3143 3013 facitis
3168 2968 3423 3028 tanquam
3458 2960 3614 3026 pueri

2048 3050 2320 3115 sensibus,
2353 3047 2463 3102 noli
2511 3047 2815 3111 lamentari,
2852 3046 2946 3102 sed
2991 3061 3089 3116 pro
3135 3056 3350 3101 terrena
3401 3047 3620 3115 require

2048 3141 2349 3197 caelestem.
2386 3139 2614 3195 Sursum
2649 3138 2875 3207 respice,
2903 3148 2955 3192 et
2994 3139 3068 3193 ibi
3115 3138 3358 3192 invenies
3395 3136 3618 3192 Jerusa-

2052 3233 2155 3287 lem
2182 3232 2480 3297 caelestem,
2515 3246 2635 3300 quae
2665 3239 2747 3284 est
2775 3230 3017 3284 omnium
3056 3237 3229 3283 mater
3251 3228 3314 3283 ³⁸.
3354 3229 3409 3282 Si
3442 3229 3616 3282 altare

2050 3327 2257 3383 videris
2288 3326 2628 3387 destitutum,
2657 3324 2780 3378 nolo
2812 3322 3177 3378 contristeris.
3205 3322 3260 3377 Si
3302 3324 3616 3392 pontiﬁcem

2048 3433 2155 3473 non
2199 3416 2461 3477 invenias,
2510 3414 2632 3469 nolo
2666 3415 2941 3480 desperes.
2987 3414 3081 3468 Est
3118 3412 3169 3466 in
3222 3414 3377 3469 caelis
3423 3415 3617 3481 altare,

2050 3518 2105 3563 et
2140 3507 2347 3563 assistit
2380 3506 2428 3561 ei
2481 3506 2723 3575 pontifex
2763 3504 3071 3559 futurorum
3111 3506 3375 3560 bonorum
3421 3520 3619 3559 secun-

2049 3600 2176 3654 dum
2218 3598 2463 3653 ordinem
2511 3596 2913 3651 Melchisedech
2968 3598 3174 3652 electus
3210 3612 3238 3651 τι
3280 3597 3389 3651 Deo
3412 3596 3479 3652 ³⁸.
3525 3595 3620 3652 Sic

2049 3704 2179 3758 ergo
2206 3688 2361 3743 vobis
2407 3688 2609 3757 pietate
2634 3696 2689 3742 et
2721 3687 3095 3743 misericordia
3127 3688 3219 3743 Dei
3251 3689 3413 3742 etiam
3447 3688 3622 3744 haere-

2050 3783 2194 3837 ditas
2226 3791 2439 3835 terrena
2483 3780 2693 3835 sublata
2725 3791 2830 3845 est,
2861 3790 2919 3833 ut
2952 3780 3324 3835 Inereditatcm
3357 3781 3614 3849 quaeratis

2052 3874 2105 3927 in
2136 3872 2311 3927 cwlis.

2119 3964 2174 4017 2.
2222 3965 2601 4019 Verumtamen
2661 3962 2941 4017 videamus
3015 3964 3139 4030 quid
3196 3972 3279 4017 cst
3330 3963 3471 4032 quod
3527 3978 3624 4033 per

2052 4056 2301 4110 umbram
2347 4055 2698 4118 describitur,
2744 4056 2871 4123 quia
2921 4055 2971 4106 in
3007 4056 3199 4108 umbra
3248 4055 3382 4124 legis
3423 4056 3624 4112 veritas

2053 4145 2395 4201 deformatur
2423 4142 2555 4215 (19).
2604 4144 2862 4197 Refertur
2904 4159 3033 4213 ergo
3068 4146 3239 4213 prima
3285 4155 3339 4198 ct
3386 4149 3625 4201 secunda

2052 4238 2389 4295 haereditatis
2428 4237 2568 4292 facta
2604 4237 2825 4293 divisio.
2860 4237 3039 4291 Prima
3080 4237 3301 4306 quidem
3340 4253 3433 4305 per
3474 4238 3625 4307 Moy-

2052 4347 2181 4397 sen;
2215 4331 2451 4386 secunda
2504 4344 2656 4395 vero,
2696 4344 2816 4399 quae
2848 4330 3119 4399 potentior
3170 4338 3277 4393 est,
3312 4346 3404 4399 per
3436 4330 3622 4386 Jesnm

2055 4424 2195 4479 facta
2227 4423 2572 4478 describitur.
2603 4423 2669 4477 Et
2699 4422 2911 4493 Moyses
2940 4429 3091 4475 trans
3122 4421 3412 4477 Iordanem
3450 4424 3619 4477 tribui

383 4513 518 4568 dens
552 4528 571 4563 ι
602 4511 804 4571 veritas
828 4511 894 4565 de
944 4521 1087 4565 terra
1116 4519 1236 4564 orta
1264 4520 1367 4576 est,
1395 4520 1449 4567 et
1473 4511 1683 4580 justitia
1717 4514 1783 4567 de
1812 4514 1950 4570 ctelo
1986 4530 2029 4585 ο
2056 4515 2267 4582 Ruben,
2312 4524 2365 4569 et
2415 4515 2577 4569 tribui
2610 4514 2749 4578 Gad,
2790 4522 2846 4568 et
2875 4500 3108 4567 dimidia:
3158 4515 3321 4568 tribui
3376 4514 3626 4570 Manasse

380 4602 994 4675 prospexit",»umbra:
1018 4610 1073 4657 et
1117 4602 1445 4670 exemplaria
1478 4603 1815 4659 ceciderunt.
1851 4606 1951 4659 Ce-

380 4693 514 4747 cidit
549 4691 692 4746 enim
722 4689 1045 4755 Jerusalem,
1075 4690 1274 4745 cecidit
1309 4690 1590 4760 templum,
1620 4693 1794 4746 altare
1825 4686 1957 4745 sub?

384 4781 551 4836 latum
583 4790 686 4845 est,
714 4784 789 4837 uti
819 4782 931 4851 jam
966 4796 1142 4850 neque
1186 4781 1242 4834 in
1279 4790 1462 4836 monte
1482 4780 1746 4846 Garizim,
1778 4797 1951 4851 neque

388 4877 441 4932 in
481 4874 832 4945 Jerosolymis
876 4874 947 4927 sit
980 4874 1131 4928 locus
1181 4873 1269 4927 ubi
1307 4881 1522 4941 oportet
1558 4873 1810 4939 adorare,
1857 4875 1951 4929 sed

387 4968 499 5023 veri
549 4968 865 5021 adoratores
897 4963 985 5031 qui
1032 4965 1261 5018 adorant
1302 4964 1619 5030 Patrem,in
1655 4966 1847 5035 spiritu
1900 4973 1956 5020 et

453 5108 500 5141 ³⁸
538 5103 701 5159 Num.
732 5119 844 5157 xm
870 5140 885 5167 ,
916 5104 970 5156 4.
1048 5102 1092 5133 ²⁹
1133 5102 1305 5159 Exod.
1335 5118 1448 5168 nv,
1474 5104 1564 5159 3I.

382 5176 472 5235 29.
547 5176 593 5208 “
629 5176 747 5231 Gal.
791 5190 862 5230 tv.
938 5173 982 5206 ³⁸
1022 5172 1183 5229 Ichr.
1209 5190 1261 5228 v.

607 5322 759 5405 1185..
790 5342 809 5375 ‹
841 5323 996 5378 ﬁdem
1028 5323 1244 5394 plenam
1273 5334 1327 5379 et
1352 5339 1572 5394 opera.»
1604 5323 1946 5381 Libb.cditi:

386 5413 408 5449 ι
442 5394 563 5448 ﬁdei
598 5394 752 5462 plena
778 5409 960 5462 opera.
987 5414 1007 5446 ι

453 5464 565 5530 (15)
609 5463 758 5519 Unus
787 5465 1136 5520 Ehroicensis
1163 5484 1177 5520 :
1211 5484 1230 5517 ι
1262 5464 1509 5521 insidias.
1536 5483 1555 5516 ι

453 5534 565 5605 (14)
604 5536 785 5589 Codex
814 5535 1123 5605 Sangerm.,
1157 5555 1176 5588 ι
1207 5536 1575 5591 haereditatem
1610 5546 1786 5590 terrae.
1816 5554 1836 5587 ι

455 5606 568 5675 (15)
609 5606 789 5675 Idem:
833 5624 851 5655 ι
880 5607 1237 5675 exemplaria.
1265 5624 1284 5657 ι

454 5674 566 5742 (16)
604 5674 756 5739 Μελ,
793 5694 812 5727 ι
844 5674 1081 5733 cessant.
1110 5696 1130 5729 ι

455 5743 567 5813 (17)
610 5744 675 5799 Et
724 5747 1076 5815 nequidquam
1111 5757 1185 5800 tot
1226 5747 1435 5803 amuli:
1473 5746 1773 5815 jugulatus.
1825 5743 1948 5798 Ilrec

386 5817 577 5870 desunt
629 5817 681 5869 in
731 5817 855 5870 libb.
898 5818 1082 5883 editis,
1132 5821 1226 5875 sed
1290 5819 1539 5886 leguntur
1590 5818 1641 5872 iu
1696 5817 1949 5870 omnibus

1641 5103 1686 5137 ³⁸
1755 5105 1923 5161 Exod.
1968 5122 2058 5172 xv,
2091 5108 2140 5160 1.

2056 4606 2448 4676 possessionem
2480 4605 2763 4669 decernit;
2794 4605 2975 4658 caeteri
3022 4620 3151 4659 vero
3178 4620 3366 4661 omnes
3409 4622 3505 4676 per
3532 4606 3623 4661 Je-

2056 4712 2175 4751 sum
2212 4696 2516 4764 suscipiunt
2559 4693 2954 4749 litereditatem.
2999 4692 3242 4748 Diximus
3268 4695 3336 4749 de
3387 4696 3471 4749 bis
3511 4695 3625 4765 jam

2055 4787 2228 4856 prius,
2257 4788 2527 4855 quomodo
2570 4785 2605 4838 ii
2638 4786 2727 4854 qui
2770 4798 2866 4854 per
2901 4784 3074 4854 legem
3128 4785 3450 4854 placuerunt
3496 4787 3628 4853 Deo,

2058 4876 2424 4947 praecedentes
2473 4886 2719 4945 tempore
2758 4890 2852 4932 eos
2897 4876 2989 4944 qui
3043 4889 3139 4944 per
3182 4876 3341 4931 ﬁdem
3385 4875 3512 4931 Jesu
3562 4880 3632 4929 ad

2060 4970 2385 5038 repromissa
2456 4970 2820 5037 perveniunt,
2885 4970 3124 5023 nondum
3195 4985 3317 5039 qua:
3390 4969 3635 5040 perfecta

2217 5108 2257 5137 ³³
2302 5106 2444 5162 Psal.
2480 5123 2677 5173 Lxxxv,
2706 5108 2796 5163 11.
2882 5107 2926 5139 ³²
2965 5106 3123 5164 Joan.
3161 5123 3235 5163 tv.

3318 5106 3363 5137 ³³
3401 5106 3561 5164 Joan.
3587 5118 3634 5176 ι,

2055 5340 2238 5466 ωἷςῖϐ)
2290 5392 2380 5447 Vel
2421 5395 2631 5466 templi,
2663 5395 2738 5449 vel
2790 5394 2997 5460 altaris,
3042 5395 3123 5449 vel
3157 5396 3499 5465 pontiﬁcum,
3553 5395 3633 5466 vel

2051 5463 2401 5519 sacerdotum.
2459 5463 2514 5517 In
2558 5465 2687 5520 libb.
2721 5466 2883 5520 editis
2928 5471 3099 5527 deest,
3148 5463 3278 5520 (vel
3308 5463 3505 5531 templi
3545 5465 3631 5518 vel

2052 5537 2263 5618 altaris,
2292 5554 2310 5586 ι
2348 5546 2405 5589 et
2454 5536 2699 5606 legitur:
2748 5554 2766 5586 ι
2819 5541 2902 5590 vel
2947 5534 3246 5605 pontiﬁcii,
3296 5536 3378 5589 vel
3436 5547 3627 5588 sacer-

2056 5608 2430 5747 (Ιοῧιρίὓίδδη
2487 5675 2931 5731 «deformatur.»
2984 5673 3140 5728 Libb.
3189 5673 3346 5741 editi,
3396 5693 3414 5726 ‹
3446 5673 3624 5732 refor-

2055 5759 2251 5801 matur.
2283 5766 2299 5796 ι
