4146 6426
499 352 598 409 911

1989 346 2311 403 URIGENIS

3655 356 3760 413 912

497 478 626 523 sunt
668 465 780 536 (20)
817 473 1249 534 consequuntur,
1286 474 1671 536 exspectantes
1709 479 1805 521 eos
1838 432 1939 535 qui
1980 481 2078 535 po—
2109 471 2156 527 Α
2186 464 2402 535 Moyses
2442 462 2629 519 dicere
2661 478 2766 520 non
2815 462 3004 535 potuit,
3038 463 3243 520 idcirco
3280 465 3393 533 ipsa
3439 466 3555 537 (22)
3601 472 3759 526 habi-

498 559 759 613 steriores
804 557 1020 610 diverso
1077 555 1296 624 quidem
1355 566 1600 624 tempore
1653 556 1747 611 sed
1810 570 1919 610 una
1976 554 2080 609 ﬁde

502 651 810 720 placebant,
858 651 999 705 sicut
1041 649 1335 719 Apostolus
1380 648 1519 703 dicit
1546 648 1611 717 ",
1663 666 1682 700 ι
1714 649 1790 703 uti
1846 663 1914 703 ne
1961 647 2079 703 sine

501 743 658 796 nobis
700 742 1097 809 perfectionem
1146 750 1632 808 consequerentur.
1659 757 1679 791 ι
1725 736 1934 792 Interea
1974 736 2075 793 Le-

498 834 626 888 vitis
672 848 846 900 neque
875 832 1089 903 Moyses
1129 832 1277 886 dedit
1328 832 1733 897 haereditatem,
1778 844 1951 901 neque
1989 828 2080 883 Je-

500 944 616 990 sus,
649 929 774 997 quia
806 927 1068 981 Dominus
1097 925 1239 979 Dens
1278 918 1402 994 ipse
1424 933 1505 979 est
1541 924 1835 979 hereditas
1866 938 2075 978 eorum.

498 1018 554 1072 In
587 1034 693 1087 qna
728 1032 784 1071 re
811 1015 939 1086 quid
967 1014 1111 1069 aliud
1140 1014 1484 1069 sentiendum
1512 1023 1619 1078 est,
1649 1014 1757 1068 nisi
1793 1013 1938 1083 quod
1969 1012 2080 1067 sint

435 1114 443 1119 ’
499 1116 553 1169 in
593 1115 835 1170 Ecclesia
883 1111 1090 1165 Domini
1126 1110 1386 1181 quidam,
1429 1108 1521 1176 qui
1566 1106 1769 1161 virtute
1814 1104 1981 1158 animi
2026 1113 2081 1159 et

502 1210 821 1266 meritorum
903 1204 1075 1273 gratia
1149 1210 1379 1256 caeteros
1453 1212 1644 1253 omnes
1720 1195 2076 1264 praecedunt,

501 1304 700 1375 quibus
726 1301 842 1369 ipse
873 1296 1134 1352 Dominus
1177 1290 1471 1347 baereditas
1500 1304 1623 1345 esse
1667 1289 1901 1343 dicitur?
1933 1287 2002 1343 Et
2033 1287 2078 1343 si

500 1396 584 1450 fas
617 1402 701 1449 est
733 1391 934 1445 audere
970 1389 1021 1443 in
1059 1385 1278 1449 talibus,
1302 1393 1356 1439 et
1381 1382 1565 1437 arcani
1589 1381 1852 1436 reconditi
1875 1378 2079 1450 aliquid

500 1489 738 1561 aperire,
772 1485 1055 1537 videamus
1084 1494 1147 1533 ne
1182 1477 1325 1532 forte
1358 1476 1488 1531 illud
1519 1475 1612 1540 sit,
1642 1476 1784 1546 quod
1820 1473 2080 1529 sacerdo-

503 1594 615 1637 tum
645 1578 730 1633 vel
760 1577 1080 1630 Levitarum
1116 1570 1341 1641 ﬁguram
1388 1568 1626 1622 latenter
1653 1566 1914 1631 ostendit,
1953 1565 2077 1633 quia

502 1678 555 1731 in
590 1672 736 1729 omni
774 1668 969 1741 populo
1011 1667 1220 1740 (eorum
1258 1664 1380 1718 dico
1428 1662 1517 1732 qui
1564 1656 1865 1729 salvantur.)
1908 1658 2080 1728 major

501 1766 618 1820 sine
659 1761 823 1815 dubio
862 1773 988 1827 pars
1014 1765 1131 1818 est,
1166 1763 1222 1807 et
1264 1753 1422 1822 longe
1467 1750 1815 1806 numerosior
1858 1763 2074 1817 eorum,

2184 556 2360 610 tacula
2416 555 2763 609 sacerdotum
2809 564 2863 609 et
2923 554 3239 610 Levitarum
3289 560 3606 629 dispensare
3650 579 3759 618 non

2181 647 2376 717 potuit.
2412 645 2612 703 Beatus
2649 662 2777 717 ergo
2810 657 2897 701 est
2926 647 3017 717 qui
3049 662 3107 701 se
3144 647 3305 703 talem
3350 650 3593 715 exhibet,
3623 664 3678 707 et
3708 654 3762 708 in

2182 738 2303 793 istis
2345 738 2603 793 omnibus
2634 754 2756 809 quae
2799 739 3060 808 pracepit
3103 737 3285 805 .Iesus,
3321 740 3595 797 invenitur
3639 760 3765 799 esse

2180 830 2475 899 perfectus,
2526 840 2584 884 ut
2631 827 2865 913 ab/Jesu
2912 840 3115 885 sortem
3176 832 3415 886 cmlestis
3462 835 3762 893 mansionis

2181 923 2412 993 accipiat
2444 924 2499 977 in
2536 922 2741 977 futuro.
2775 924 2849 978 De
2895 938 3005 992 quo
3036 924 3170 978 dicit
3214 924 3326 994 ipse
3376 925 3637 982 Dominus
3668 926 3757 984 Je-

2181 1027 2274 1068 sns
2296 1012 2385 1069 ⁸⁰ι
2422 1031 2443 1064 ι
2468 1012 2653 1079 Pater,
2684 1015 2805 1070 volo
2838 1024 2895 1069 ut
2947 1016 3033 1071 ubi
3082 1031 3183 1087 ego
3226 1034 3342 1072 sum
3365 1058 3381 1083 ,
3427 1030 3480 1073 et
3512 1021 3596 1074 isti
3648 1023 3760 1077 sint

2182 1118 2427 1173 mecum;
2458 1124 2476 1157 ι
2523 1106 2643 1162 et“
2683 1124 2697 1161 :
2737 1125 2754 1158 ι
2792 1107 2945 1163 Sicut
2993 1123 3092 1178 ego
3140 1110 3193 1163 in
3247 1118 3322 1174 te,
3369 1120 3424 1164 et
3472 1120 3526 1165 ιιι
3565 1113 3615 1167 in
3669 1130 3756 1170 me

2181 1213 2344 1251 unum
2382 1215 2589 1265 sumus,
2625 1208 2684 1253 ut
2714 1210 2768 1254 et
2798 1200 2888 1255 isti
2925 1200 2977 1254 in
3014 1200 3170 1255 nobis
3202 1216 3364 1254 unum
3398 1204 3527 1258 sint.
3553 1222 3570 1254 ι

2253 1290 2305 1345 3.
2354 1290 2505 1358 Quod
2563 1292 2607 1345 si
2649 1292 2875 1348 audiens
2923 1293 3292 1363 perfectorum
3332 1303 3387 1348 et
3424 1297 3750 1352 eminentio-

2181 1399 2299 1438 rum
2345 1385 2716 1439 hmreditatem
2766 1386 3055 1439 Dominum
3106 1387 3235 1449 dici,
3281 1387 3501 1455 ignoras
3544 1398 3601 1441 et
3645 1404 3757 1442 am-

2180 1472 2318 1543 bigis
2357 1475 2490 1543 quid
2544 1474 2673 1527 illud
2718 1472 2789 1527 sit
2841 1475 2984 1543 quod
3037 1474 3138 1528 sub
3186 1476 3288 1531 hoc
3337 1477 3556 1531 nomine
3613 1478 3756 1532 desi-

2182 1573 2398 1632 guatur,
2430 1566 2554 1618 audi
2589 1565 2715 1635 quia
2751 1565 3015 1619 Dominus
3045 1566 3313 1634 sapientia
3351 1577 3457 1623 est.
3497 1569 3593 1623 Cui
3630 1585 3762 1640 ergo

2181 1654 2381 1710 dicitur
2423 1656 2710 1710 haereditas
2752 1670 2875 1711 esse
2928 1655 3040 1727 (23)
3098 1657 3389 1723 Dominus,
3440 1660 3541 1714 iSIe
3586 1661 3762 1715 luere-

2182 1744 2410 1799 ditatem
2479 1746 2758 1816 sapientia:
2799 1748 2997 1817 capiet.
3059 1747 3316 1804 Dominus
3355 1749 3567 1819 iustitia
3619 1753 3758 1806 dici-

498 1855 590 1927 qui
630 1850 951 1923 simpliciter
991 1848 1278 1902 credentes
1308 1845 1364 1899 in
1396 1843 1591 1898 timore
1626 1842 1745 1909 Dei,
1770 1857 1873 1910 per
1911 1856 2072 1910 opera
2109 1814 2150 1872 Β
2182 1846 2288 1892 tur.
2330 1837 2427 1893 Cui
2466 1814 2594 1908 ergo
2639 1814 2929 1894 haereditas
2978 1840 3240 1895 Dominus
3279 1814 3397 1905 est,
3437 1841 3539 1897 iste
3584 1844 3759 1898 hatre-

501 1953 661 2011 hona,
700 1953 755 1999 et
799 1955 897 2013 per
928 1939 1187 1994 honestos
1235 1949 1438 2001 mores,
1480 1943 1535 1988 et
1567 1944 1722 1989 actus
1769 1930 2079 2003 probabiles

501 2037 731 2095 Domino
780 2028 1219 2103 placent.Pauci
1252 2042 1381 2082 vero
1429 2034 1594 2090 sunt,
1640 2033 1696 2079 et
1727 2024 1882 2079 valde
1931 2024 2076 2087 rari,

497 2128 589 2198 qni
623 2121 905 2194 sapientiae
942 2134 1007 2173 ac
1039 2117 1282 2173 scientiae
1314 2130 1535 2187 operam
1574 2116 1787 2179 dantes,
1828 2124 1885 2170 et
1931 2129 2079 2168 men-

501 2234 605 2276 tem
658 2231 813 2271 suam
868 2211 1123 2267 mundam
1168 2222 1479 2280 puramque
1548 2217 1868 2272 servantes,
1917 2217 2079 2275 atque

499 2310 753 2365 omnibus
790 2302 1080 2375 praeclaris
1134 2298 1429 2354 virtutibus
1481 2313 1607 2352 suas
1655 2298 1866 2352 animas
1914 2312 2077 2352 cxco-

500 2408 696 2468 lentcs,
746 2398 963 2455 caeteris
1024 2392 1452 2464 simplicioribus
1500 2404 1598 2459 per
1645 2388 1905 2444 doctrina:
1952 2405 2078 2460 gra-

502 2500 630 2554 tiam
660 2495 967 2551 illuminant
1013 2491 1119 2543 iter
1155 2502 1260 2557 qno
1292 2486 1636 2556 gradiuntur,
1666 2493 1722 2539 et
1751 2484 1978 2538 veniunt
2011 2484 2078 2539 ad

500 2592 756 2648 salutem.
795 2588 833 2642 Ii
866 2583 1115 2639 fortassis
1143 2596 1287 2635 nunc
1313 2580 1413 2634 sub
1459 2577 1767 2631 Levitarum
1800 2586 1854 2631 et
1895 2591 2081 2631 sacer-

502 2687 690 2739 dotmn
723 2679 943 2736 nomine
976 2676 1348 2745 designantur,
1379 2686 1610 2741 quorum
1646 2668 1937 2723 haereditas
1968 2669 2080 2737 ipse

506 2776 786 2839 Dominus,
817 2770 906 2840 qui
941 2776 1024 2824 est
1053 2764 1340 2835 sapientia,
1373 2779 1538 2833 quam
1574 2777 1686 2833 pra:
1718 2763 1931 2818 caeteris
1968 2777 2079 2817 om-

503 2873 663 2927 nibus
712 2867 1040 2927 dilexerunt,
1070 2876 1190 2915 esse
1238 2857 1577 2929 perhibetur.
1624 2854 1845 2910 Invenio
1894 2865 2075 2910 tamen

504 2965 741 3033 aliquam
773 2956 1140 3016 differentiam
1180 2954 1233 3008 in
1268 2954 1336 3006 iis
1363 2966 1485 3020 quae
1519 2948 1737 3020 Moyses
1779 2950 2075 3019 distribuit,

503 3067 553 3111 et
602 3057 655 3109 in
709 3053 777 3107 iis
808 3065 944 3121 quae
995 3045 1171 3102 Jesus.
1226 3043 1439 3113 Moyses
1499 3057 1733 3110 namque
1773 3042 1979 3098 duabus
2024 3052 2080 3097 et

2180 1931 2406 1985 ditatem
2437 1929 2663 1999 iustitia:
2723 1941 3106 1999 consequetur.
3164 1932 3431 1988 Dominus
3479 1950 3582 2004 pax
3632 1944 3755 2000 est,

2179 2024 2438 2079 Dominus
2488 2024 2792 2091 redemptio
2840 2032 2965 2089 est,
3017 2023 3280 2080 Dominus
3342 2026 3487 2080 salus
3536 2038 3656 2093 est,
3706 2030 3761 2083 in

2176 2115 2344 2188 439
2382 2116 2607 2170 Domino
2644 2124 2771 2171 sunt
2808 2116 3049 2170 thesauri
3083 2117 3365 2187 sapientia:
3410 2128 3465 2173 et
3520 2120 3767 2175 scientia:

2177 2210 2502 2264 absconditi.
2542 2209 2666 2264 Haec
2725 2210 2910 2264 omnia
2949 2211 3003 2263 in
3051 2210 3421 2266 haereditatem
3458 2213 3748 2283 percipiet,

2178 2300 2331 2369 cujus
2381 2301 2677 2356 haereditas
2728 2300 2989 2355 Dominus
3042 2302 3227 2358 fuerit.
3265 2301 3651 2358 Verumtamen
3710 2313 3765 2358 et

2179 2392 2267 2446 isti
2304 2393 2502 2461 quibus
2547 2391 2817 2457 sapientia
2841 2390 2963 2459 Dei,
2994 2400 3049 2445 et
3078 2390 3316 2446 Verbum
3349 2394 3443 2447 Dei
3476 2404 3529 2447 et
3563 2393 3767 2448 veritas

2179 2495 2233 2539 et
2255 2484 2467 2552 justitia
2501 2483 2795 2538 hatreditas
2838 2498 2960 2538 esse
2994 2484 3215 2550 dicitur,
3246 2484 3637 2540 habitationem
3673 2486 3764 2540 in-

2180 2575 2344 2630 terim
2387 2590 2511 2629 eum
2543 2574 2647 2628 illis
2681 2574 2974 2643 accipiunt,
3009 2589 3237 2643 quorum
3263 2574 3550 2630 hazreditas
3592 2577 3763 2632 habe-

2179 2677 2265 2722 tur
2293 2668 2343 2720 in
2383 2667 2545 2721 terris
2584 2683 2596 2719 :
2632 2678 2690 2719 ut
2723 2681 2787 2719 cx
2821 2666 3061 2733 ipsorum
3093 2666 3371 2721 consortio
3419 2668 3476 2730 ii,
3511 2668 3605 2734 qui
3657 2683 3756 2735 per

2178 2761 2502 2830 semetipsos
2529 2759 2769 2813 nondum
2796 2758 2999 2823 valent,
3043 2773 3140 2826 per
3171 2758 3288 2812 illos
3323 2758 3614 2827 participes
3648 2756 3763 2813 eiii-

2178 2854 2399 2908 ciantur
2427 2851 2713 2921 sapientia:
2745 2858 2799 2905 et
2830 2849 3071 2905 scicntia:
3103 2849 3222 2913 Dei,
3267 2856 3322 2903 et
3355 2848 3605 2902 veritatis
3638 2848 3760 2915 ejus

2179 2961 2242 2999 ac
2266 2944 2455 2999 Verbi.
2482 2943 2550 2998 Et
2577 2944 2645 2997 ita
2677 2944 2842 2997 etiam
2879 2941 2947 2996 ad
2976 2941 3232 2996 minimos
3262 2955 3511 3009 quosque
3540 2940 3763 3009 dispen-

2178 3036 2319 3092 satio
2354 3036 2535 3090 divina
2568 3035 2866 3104 pertendit,
2900 3041 2957 3086 ut
2983 3032 3472 3103 quiprincipaliter
3499 3047 3608 3086 non
3633 3046 3764 3101 pos-

506 3149 670 3202 scmis
707 3145 956 3200 tribubus
992 3151 1192 3194 terram
1224 3135 1556 3190 distribuens
1585 3133 1725 3189 ultra
1761 3133 2074 3201 Iordanem,
2104 3161 2147 3220 ο
2182 3137 2311 3184 sunt
2351 3128 2549 3182 divinae
2583 3126 2770 3196 gratiae
2797 3138 3026 3194 capaces
3054 3124 3341 3190 exsistere,
3374 3122 3667 3177 illuminari
3695 3137 3764 3178 er.

506 3256 612 3292 non
661 3235 810 3291 dedit
854 3232 1065 3289 Levitis
1119 3227 1415 3283 habitaculi
1464 3226 1771 3297 portionem
1819 3242 1938 3297 quae
1982 3241 2079 3282 eos

506 3328 894 3399 contingebat:
926 3323 1085 3379 Iesus
1119 3318 1502 3385 autemdedit,
1550 3332 1653 3372 non
1693 3318 1863 3373 solum
1920 3317 1973 3372 in
2013 3318 2082 3373 iis

507 3423 757 3480 tribubus
781 3432 920 3486 quas
954 3416 1067 3485 ipse
1107 3413 1406 3479 dispensat,
1434 3424 1618 3465 verum
1649 3418 1705 3463 et
1736 3410 1788 3463 in
1822 3409 1929 3464 illis
1959 3423 2081 3479 quae

510 3532 539 3571 a
573 3516 756 3585 Moyse
792 3519 945 3563 trans
988 3503 1287 3560 Jordanem
1321 3500 1530 3555 fuerant
1568 3500 1866 3555 collocatae.
1915 3499 2083 3555 Habi-

512 3606 688 3661 tacula
733 3602 935 3657 etenim
967 3593 1182 3652 Levitis
1221 3592 1273 3645 in
1322 3591 1549 3660 singulis
1600 3591 1847 3646 tribubus
1890 3593 2081 3645 decer-

509 3709 736 3762 nuntur,
785 3704 843 3748 ιιι
880 3708 978 3763 per
1013 3691 1117 3746 hoc
1168 3690 1341 3745 multo
1391 3685 1832 3758 magniﬁcentius
1876 3692 2081 3753 myste-

508 3793 651 3847 rium
703 3800 1055 3843 nosceremus
1103 3782 1241 3854 (2|).
1292 3782 1397 3837 Iste
1434 3781 1579 3836 enim
1633 3778 1766 3833 ordo
1813 3775 2088 3830 Leviticus

508 3884 592 3937 vel
623 3878 999 3943 sacerdotalis,
1031 3876 1120 3943 qui
1155 3874 1248 3928 Dei
1284 3871 1561 3941 sapientiae
1589 3878 1643 3923 et
1674 3866 1919 3923 scientiae
1954 3878 2083 3930 ope-

508 3990 623 4029 mm
670 3969 954 4040 impendit,
995 3982 1099 4021 non
1134 3965 1307 4035 potuit
1333 3978 1364 4016 ιι
1411 3960 1593 4032 Moyse
1635 3969 1839 4012 sortem
1872 3954 2085 4009 habita-

512 4068 675 4121 tionis
724 4063 1013 4133 accipere;
1068 4059 1195 4127 quia
1243 4072 1348 4111 non
1386 4063 1505 4108 erat
1551 4052 1764 4121 Moyses
1814 4047 2084 4113 veritatis,

511 4162 603 4215 sed
638 4157 845 4211 multra:
877 4165 931 4208 et
965 4149 1294 4219 exemplaris
1338 4145 1606 4200 minister.
1637 4141 1797 4196 Jesus
1825 4155 1951 4194 vero
1985 4138 2088 4192 Do-

513 4253 693 4305 minus
728 4258 936 4313 noster,
985 4245 1074 4314 qui
1107 4251 1227 4296 erat
1257 4238 1526 4309 sapientia
1568 4236 1683 4296 Dei,
1715 4234 1829 4303 ipse
1879 4231 2089 4287 habita-

510 4346 628 4400 cula
668 4341 1002 4411 sapientibus
1034 4335 1267 4404 praebet.
1314 4329 1430 4384 Non
1479 4328 1621 4383 etiitn
1682 4324 1857 4395 potuit
1906 4324 2088 4377 dicere

510 4436 725 4507 Moyses
748 4433 789 4464 ³⁷
820 4447 839 4485 :
884 4449 901 4482 ι
936 4427 1104 4490 Vade,
1140 4424 1312 4479 vende
1338 4420 1522 4475 omnia
1562 4427 1650 4472 tua
1684 4432 1806 4487 quae
1838 4416 2004 4470 habes
2035 4424 2089 4467 et

2185 3220 2416 3276 istorum
2452 3219 2733 3275 consortio
2770 3224 3108 3284 mereantur,
3146 3223 3201 3272 et
3230 3214 3567 3285 compleatur
3606 3213 3761 3279 illud,

2183 3312 2326 3383 quod
2357 3312 2619 3382 scriptum
2649 3319 2735 3366 est
2763 3310 2809 3341 “
2850 3325 2864 3363 :
2901 3326 2920 3360 ι
2962 3310 3062 3376 Qui
3091 3309 3341 3375 multum,
3378 3324 3488 3362 non
3521 3308 3769 3362 abunda-

2184 3407 2295 3473 vit;
2327 3414 2380 3461 et
2407 3408 2498 3475 qui
2528 3404 2839 3468 minimum,
2866 3417 2974 3457 non
3004 3400 3576 3456 minoratusest.)Sed
3610 3411 3662 3454 et
3697 3398 3767 3453 il-

2188 3496 2283 3551 lud
2313 3494 2457 3564 quod
2491 3493 2786 3563 Apostolus
2817 3493 2883 3547 ad
2914 3489 3226 3545 Corinthios
3283 3490 3412 3543 dicit
3450 3490 3516 3542 de
3562 3488 3768 3543 sanctis

2184 3584 2588 3655 Jerosolymitis
2624 3599 2637 3636 :
2681 3600 2699 3634 ι
2741 3582 2813 3637 Ut
2870 3592 3074 3645 vestra,
3104 3580 3276 3648 inquit
3311 3579 3378 3643 “,
3430 3578 3765 3631 abundantia

2188 3680 2283 3733 ﬁat
2318 3677 2383 3731 ad
2410 3677 2632 3733 illorum
2665 3674 2924 3744 inopiam,
2958 3684 3012 3727 et
3044 3672 3257 3726 illorum
3304 3669 3634 3725 abundantia
3667 3668 3765 3722 ﬁat

2187 3770 2253 3823 ad
2288 3778 2524 3821 vestram
2556 3766 2815 3836 inepiam.
2858 3783 2877 3816 ι
2918 3764 2995 3818 Ita
3029 3771 3252 3833 ergo-et
3284 3776 3425 3815 nunc
3450 3761 3769 3814 cohabitare

2182 3858 2443 3930 jubentnr
2468 3858 2655 3912 Levita
2689 3866 2742 3910 et
2765 3857 3021 3910 sacerdos
3050 3854 3141 3924 qui
3175 3867 3281 3906 non
3313 3852 3514 3905 habent
3542 3860 3765 3915 terram,

2193 3953 2444 4008 Israelita:
2472 3953 2563 4023 qui
2595 3952 2758 4007 habet
2804 3958 3028 4008 terram,
3061 3958 3119 4001 ut
3145 3946 3443 4016 percipiant
3477 3944 3546 3999 ab
3586 3943 3762 4001 Israes

2192 4042 2283 4098 lite
2330 4044 2579 4099 sacerdos
2628 4054 2683 4099 et
2724 4042 2911 4097 Levita
2958 4051 3173 4095 terrena
3216 4051 3334 4105 qua:
3374 4050 3480 4089 non
3526 4034 3759 4101 habent;

2191 4142 2246 4188 et
2290 4149 2481 4189 r-ursus
2527 4134 2796 4189 Israelites
2840 4129 3102 4202 percipiat
3150 4127 3260 4197 (24)
3309 4142 3337 4179 a
3393 4126 3670 4180 sacerdote
3706 4135 3763 4179 et

2190 4227 2377 4282 Levita
2405 4225 2652 4280 coelestia
2693 4231 2748 4277 et
2774 4223 2959 4276 divina
2989 4234 3109 4290 qua:
3144 4233 3250 4273 non
3286 4218 3465 4272 habet.
3496 4216 3602 4270 Lex
3623 4216 3770 4270 enim

2193 4318 2283 4373 Dei
2328 4315 2705 4371 sacerdotibus
2748 4312 3039 4367 commissa
3071 4320 3155 4365 est
3186 4319 3241 4365 et
3290 4309 3520 4372 Levitis,
3554 4319 3609 4361 et
3641 4308 3772 4363 huic

2194 4408 2292 4463 soli
2323 4421 2547 4476 operam
2581 4405 2850 4470 tribuant,
2878 4413 2933 4457 et
2972 4401 3137 4456 verbo
3170 4401 3263 4454 Dei
3295 4402 3502 4469 absque
3527 4398 3629 4452 ulla
3663 4399 3775 4453 sol-

512 4491 998 4597 rjadpauper'tbus,
1038 4527 1093 4573 et
1154 4514 1381 4571 habebis
1440 4514 1753 4566 thesaurum
1810 4510 1861 4561 in
1922 4505 2092 4570 caalo,
2130 4499 2479 4562 Dlicitudine
2524 4505 2744 4550 vacent.
2789 4493 2895 4548 Sed
2945 4492 3163 4547 interim
3206 4501 3261 4544 ut
3294 4505 3493 4544 vacare
3537 4491 3773 4558 possint,

511 4632 569 4674 et
597 4617 741 4680 veni,
781 4626 1008 4680 sequere
1054 4624 1157 4661 me.
1184 4625 1201 4657 ι
1242 4604 1353 4657 lloc
1394 4610 1478 4654 est
1524 4601 1667 4654 enim
1702 4608 1914 4667 partem
1959 4598 2089 4651 dare

512 4710 738 4766 Levitis.
783 4706 890 4758 Nec
945 4699 1119 4770 potuit
1159 4697 1345 4749 dicere
1397 4692 1607 4762 Moyses
1653 4691 1731 4756 ³⁸,
1783 4691 1911 4759 quia
1947 4707 1966 4741 ι
1996 4688 2089 4757 qui

516 4815 621 4853 non
658 4790 1052 4849 renuntiaverit
1095 4785 1347 4845 omnibus
1370 4798 1492 4850 qua:
1529 4781 1787 4851 possidet,
1834 4795 1938 4833 non
1996 4794 2095 4847 poo

516 4900 620 4944 test
644 4902 764 4941 esse
792 4898 944 4937 meus
978 4877 1296 4948 discipulus.
1324 4895 1342 4927 ι
1381 4875 1490 4929 Nec
1523 4874 1700 4944 potuit
1736 4874 1917 4927 dicere
1948 4871 2097 4941 llon-

515 4997 603 5039 ses
627 4981 705 5033 ’9:
739 4997 756 5030 ι
793 4975 980 5032 Omnis
1006 4973 1097 5042 qui
1134 4985 1240 5025 non
1274 4968 1449 5023 oderit
1476 4977 1683 5034 patrem
1718 4965 1800 5019 vel
1843 4974 2094 5027 matrem,

514 5085 571 5128 et
600 5071 799 5124 fratres
826 5078 879 5120 et
908 5078 1125 5120 sorores
1150 5073 1199 5116 ct
1233 5061 1399 5123 ﬁlios,
1428 5059 1651 5127 insuper
1682 5058 1845 5111 etiam
1891 5065 1945 5109 et
1978 5055 2095 5107 ani-

517 5179 659 5219 mam
697 5174 875 5222 suam,
911 5170 1016 5210 nou
1053 5160 1232 5223 potest
1261 5165 1411 5202 meus
1436 5162 1556 5201 esse
1586 5145 1900 5210 discipulus.
1927 5161 1944 5193 ι
1983 5142 2096 5197 Hoc

590 5306 635 5337 ³⁸
676 5304 839 5359 Hebr.
877 5317 954 5364 xt,
984 5298 1072 5351 40.
1149 5296 1191 5327 ³⁷
1236 5294 1425 5348 Matth.
1453 5306 1579 5364 _x1x,
1616 5290 1708 5345 9|.

518 5380 565 5411 ⁸³
598 5378 638 5431 ιι
673 5376 800 5430 Cor.
830 5362 949 5437 vm,
995 5369 1082 5423 15.
1160 5367 1205 5397 ⁸³
1234 5366 1361 5419 ibid.
1407 5362 1492 5415 l4.

592 5497 703 5567 (‘20)
745 5493 899 5550 Libb.
928 5490 1082 5554 editi,
1114 5508 1144 5567 _«
1178 5483 1657 5567 repromissioucm
1692 5480 1941 5567 veniunt,
1990 5494 2093 5567 non

520 5550 633 5635 per
659 5550 804 5619 illam
844 5577 966 5633 quae
1011 5550 1256 5629 periema
1293 5565 1440 5610 sunt.
1475 5572 1492 5605 ι
1544 5551 1670 5606 Mss.
1702 5557 1759 5605 ut
1806 5550 1858 5603 in
1908 5558 2094 5603 nostro

527 5648 706 5773 “illum
746 5704 897 5764 διες..
950 5720 967 5753 ι
1003 5710 1410 5753 nosceremus.»
1457 5693 1613 5748 Libb.
1655 5690 1807 5757 editi,
1850 5705 2087 5746 «cerne-

536 5792 730 5826 I't‘.ttlI§.
764 5794 781 5823 ι

606 5846 713 5915 t2-)
755 5844 932 5896 Codex
969 5840 1277 5906 Sangertn.,
1316 5856 1332 5887 σ
1369 5838 1501 5905 ipsc.
1529 5854 1545 5886 ι

1784 5288 1829 5319 ³⁸
1870 5287 1997 5341 Luc.
2048 5302 2154 5352 xlv,
2198 5288 2286 5341 35.

2198 4592 2461 4645 Iaicorum
2488 4590 2565 4642 uti
2602 4587 2919 4642 ministeriis
2947 4586 3161 4640 debent.
3196 4583 3252 4637 Si
3284 4584 3428 4637 enim
3462 4583 3629 4637 laicus
3658 4597 3778 4650 quin

2201 4680 2504 4736 necessaria
2542 4689 2668 4735 sunt
2698 4695 2804 4733 non
2836 4677 3127 4748 praebuerit
3168 4674 3542 4729 sacerdotibus
3590 4682 3643 4727 ct
3670 4673 3777 4727 Le-

2204 4776 2350 4840 vitis,
2379 4773 2632 4842 occupati
2667 4771 2742 4824 illi
2795 4770 2845 4822 in
2894 4768 3116 4829 talibus,
3169 4766 3221 4825 id
3270 4775 3351 4818 est
3402 4766 3780 4834 corporalibus

2208 4872 2375 4933 curis,
2414 4869 2592 4921 minus
2624 4867 2725 4935 legi
2756 4865 2847 4919 Dei
2883 4863 3174 4916 vacabunt.
3208 4860 3319 4914 Illis
3348 4870 3527 4913 autem
3557 4875 3662 4911 non
3690 4872 3782 4908 va-

2205 4963 2481 5025 cantibus,
2528 4972 2704 5027 neque
2740 4971 2961 5027 operam
3001 4955 3262 5009 dantibus
3307 4953 3405 5023 legi
3447 4953 3561 5019 Dei,
3596 4961 3648 5004 tu
3682 4965 3781 5019 pe-

2207 5053 2494 5107 ricliteris.
2530 5050 2925 5105 Obscurabitur
2959 5049 3102 5102 enim
3141 5047 3230 5099 lux
3272 5046 3539 5105 scientizc,
3574 5058 3690 5111 qua:
3724 5042 3781 5094 in

2206 5145 2311 5197 illis
2338 5153 2442 5207 est,
2480 5153 2531 5196 te
2576 5159 2681 5197 non
2721 5140 3172 5195 subministrante
3204 5139 3378 5192 olemn
3427 5137 3681 5199 lucernae,
3727 5140 3787 5186 et

2364 5288 2408 5317 ³³
2450 5286 2603 5349 ihid.,
2642 5284 2733 5339 '26.
2824 5284 2868 5314 ⁸ο
2908 5281 3066 5336 Joau.
3095 5282 3346 5342 “"324.
3450 5279 3494 5311 “
3535 5276 3667 5332 ibid.
3690 5274 3784 5330 21.

2274 5478 2386 5546 (~25)
2430 5477 2577 5531 Esse.
2626 5476 2789 5531 Deest
2840 5475 2891 5529 iu
2930 5473 3061 5528 libb.
3119 5471 3302 5537 editis,
3347 5470 3442 5524 sed
3496 5475 3681 5522 exstat
3725 5464 3783 5519 in

2204 5564 2383 5690 "15:21)
2410 5616 2486 5669 Ab
2532 5614 2780 5669 Israelita
2830 5612 3083 5690 sacerdos
3113 5621 3158 5665 et
3214 5610 3618 5690 levit'a_terr_e'ua
3656 5620 3779 5690 qua

2200 5676 2303 5743 non
2332 5676 2563 5750 habent;
2599 5696 2645 5739 et
2680 5701 2864 5737 rursus
2891 5682 3164 5735 laruelites
3203 5679 3476 5745 percipiat.
3517 5677 3638 5750 IIruc
3677 5676 3779 5728 de-

2198 5760 2512 5883 sillierautnr
2538 5747 2587 5811 in
2616 5756 2768 5810 libris
2795 5764 2951 5809 antea
2971 5752 3151 5815 editis,
3180 5750 3275 5806 sed
3296 5750 3551 5818 leguntur
3585 5747 3637 5799 in
3657 5759 3782 5801 om-

2199 5848 2249 5883 Ill
2294 5845 2353 5882 IIS
2387 5844 2514 5881 IIISS.

2199 5844 2353 5883 IIIUIIS
2387 5844 2514 5881 IIISS.
