4146 6394
394 382 505 439 915

1379 375 1444 431 IN
1486 372 1747 437 LIBRUM
1789 369 1952 426 JESU
1986 366 2171 422 NAVE
2211 367 2497 422 IIOMILIA
2542 365 2729 422 XVIII.

3557 365 3668 422 9i"

393 498 555 568 culpa
590 504 680 552 tua
707 494 833 551 illud
867 493 1100 562 eveniet,
1135 492 1278 563 quod
1313 492 1449 547 dixit
1480 491 1737 547 Dominus
1760 488 1829 554 “,
1853 486 1978 557 quia
2010 489 2061 547 Α
2089 486 2253 538 etiam
2287 495 2503 553 possunt
2542 500 2641 539 nos
2678 484 2947 538 instruere
2976 481 3039 537 ad
3065 480 3313 536 salutem.
3339 480 3523 535 l’rimo
3545 498 3663 535 om-

404 605 614 647 «czecus
633 604 777 645 cazco
813 588 1069 644 ducatum
1121 588 1394 655 praebens,
1452 585 1614 639 ambo
1666 585 1718 637 in
1770 582 1981 636 foveam

400 685 611 738 cadent.
646 701 664 733 ι
696 681 800 735 Sed
831 689 885 733 et
921 679 1050 733 illud
1088 679 1139 733 in
1179 689 1227 732 te
1257 677 1617 747 eomplebitur
1641 676 1780 743 quod
1802 674 1984 729 Domi-

399 792 503 832 nus
532 777 665 829 dixit
692 774 737 807 ⁸⁸⁵
767 789 782 828 :
817 794 835 825 ‹
871 773 927 828 Si
954 772 1097 827 enim
1129 772 1217 825 lux
1248 788 1366 842 quae
1408 774 1458 825 in
1506 782 1557 825 te
1606 781 1713 834 est,
1749 770 1984 823 tenebrie

402 876 549 930 sunt,
608 868 738 936 ipsa:
784 868 1023 920 tenebrat
1072 874 1285 933 quantae
1340 865 1499 918 sunt?
1539 884 1554 915 ι
1596 862 1664 917 Ut
1712 878 1843 932 ergo
1893 861 1983 913 lux

402 962 644 1017 scientiae
688 962 741 1015 in
774 961 1148 1017 sacerdotibus
1180 960 1405 1029 fulgeat.
1444 970 1499 1013 et
1534 959 1751 1013 lucerna
1794 972 1981 1011 eorum

402 1053 473 1106 sit
504 1067 722 1123 semper
752 1068 1006 1116 accensa,
1051 1062 1104 1106 tu
1145 1052 1307 1120 imple
1333 1051 1566 1105 oﬂicium
1606 1060 1777 1110 tuum,
1830 1065 1983 1104 eom-

401 1144 489 1214 ple
522 1146 831 1199 mandatum
872 1145 963 1199 Dei
996 1161 1123 1214 erga
1152 1144 1407 1213 obsequia
1435 1145 1804 1198 sacerdotum.
1832 1139 1983 1205 Quod

403 1233 448 1287 si
476 1234 617 1288 forte
657 1234 923 1303 susceptis
966 1249 996 1288 a
1042 1242 1096 1288 te
1135 1249 1254 1303 qua:
1300 1232 1605 1287 necessaria
1640 1239 1785 1295 sunt,
1820 1239 1873 1282 et
1903 1229 1982 1283 sic

402 1338 511 1377 non
537 1322 689 1390 quasi
719 1323 945 1376 avaritia
976 1322 1069 1377 sed
1112 1322 1268 1391 quasi
1320 1322 1695 1377 benedictione
1732 1318 1868 1390 (25),
1909 1319 1982 1374 illi

402 1413 745 1483 neglexerint
776 1415 1069 1469 eruditioni
1129 1429 1352 1484 operam
1388 1418 1539 1478 dare,
1579 1423 1632 1468 et
1682 1414 1846 1466 verbo
1888 1412 1981 1467 Dei

402 1519 622 1570 vacare,
666 1506 795 1559 etin
829 1505 945 1575 lege
987 1506 1077 1560 Dei
1118 1507 1370 1561 meditari
1424 1505 1513 1560 die
1554 1520 1616 1558 ac
1669 1515 1850 1570 nocte,
1882 1504 1981 1574 ipsi

403 1598 671 1652 videbunt
718 1599 992 1668 quomodo
1040 1615 1140 1669 pro
1187 1600 1475 1655 animabus
1521 1600 1719 1654 vestris
1755 1598 1985 1652 reddant

399 1688 628 1743 Domino
658 1691 947 1745 rationem.
982 1689 1089 1745 Sed
1116 1692 1473 1760 deprecemur
1504 1691 1681 1760 potius
1716 1689 1811 1743 Dei
1868 1688 1981 1759 ('26)

395 1781 786 1850 omnipotentis
823 1781 1283 1847 misericordiam,
1337 1790 1399 1836 ut
1446 1797 1544 1836 suo
1605 1781 1830 1843 lumine,
1881 1795 1980 1835 sua

393 1867 653 1933 veritate,
695 1884 794 1923 suo
834 1869 1142 1938 splendore,
1171 1885 1360 1925 omnes
1399 1886 1498 1926 nos
1538 1871 1843 1926 illuminare
1891 1871 1976 1924 di-

394 1970 592 2027 gnetur
639 1969 692 2015 et
742 1963 871 2017 dare
925 1963 1201 2019 lucernam
1250 1964 1479 2034 pedibus
1513 1966 1715 2019 nostris
1752 1964 1975 2018 verbum

2083 576 2233 631 nium
2264 577 2428 632 Caleb
2456 578 2850 645 interpretatur
2878 576 3027 644 quasi
3060 592 3150 628 car
3178 575 3315 646 (52).
3356 574 3484 639 Quis
3532 590 3659 637 ergo

2083 682 2164 726 est
2201 672 2351 742 quasi
2388 686 2503 736 cor,
2537 669 2638 723 nisi
2665 670 2709 722 is
2733 669 2823 738 qui
2852 669 2902 722 in
2933 666 3503 722 omnibusintetleclui
3535 680 3661 733 epe-

2085 776 2199 814 ram
2259 760 2469 827 tribuit,
2500 761 2591 829 qui
2634 776 2743 813 non
2790 760 3007 829 aliquod
3060 758 3359 810 membrum
3414 756 3660 822 corporis

2090 852 2349 906 Ecclesia:
2375 868 2494 907 esse
2541 852 2763 919 dicitur,
2800 853 2905 906 nisi
2946 853 3078 906 illud
3124 851 3265 920 quod
3302 859 3384 903 est
3421 850 3473 901 in
3513 848 3663 901 nobis

2084 944 2402 1015 praeclarius
2454 959 2590 1002 cor:
2631 945 2681 998 id
2714 954 2817 1010 est,
2854 947 2940 1016 qui
2984 948 3161 1000 omnia
3202 962 3323 999 cum
3364 945 3573 997 ratione
3610 952 3662 995 et

2084 1037 2372 1105 prudentia
2420 1036 2584 1105 gerit,
2627 1046 2680 1091 et
2709 1038 2781 1091 ita
2814 1048 3008 1092 cuncta
3041 1040 3317 1109 dispensat
3348 1039 3501 1107 quasi
3554 1052 3661 1090 non

2085 1132 2155 1185 sit
2186 1130 2357 1195 aliud,
2393 1130 2493 1183 nisi
2543 1130 2675 1184 cor?
2721 1129 3117 1199 Interpretatur
3160 1145 3339 1187 autem
3372 1144 3423 1186 et
3455 1130 3665 1185 .Ieli'nne

2084 1234 2238 1295 pater
2264 1221 2378 1291 ejus
2405 1224 2671 1277 conversio
2713 1222 2850 1295 (55).
2891 1224 2991 1279 liic
3027 1242 3154 1295 ergo
3190 1226 3353 1280 Caleb
3403 1224 3545 1277 ﬁlius
3580 1233 3665 1275 est

2084 1316 2475 1373 conversionis.
2505 1316 2643 1383 Quid
2693 1317 2795 1371 nisi
2840 1317 2967 1386 quia
3001 1319 3066 1371 ad
3122 1319 3290 1373 Deum
3342 1332 3664 1375 conversus,

2087 1408 2244 1462 talem
2274 1422 2338 1460 ex
2370 1422 2426 1461 se
2462 1406 2696 1461 fructum
2734 1408 3023 1476 proferret,
3068 1419 3126 1463 ut
3156 1426 3249 1463 eor
3291 1408 3453 1460 lilium
3505 1421 3668 1475 gene-

2086 1500 2271 1554 raret?
2304 1499 2399 1554 Est
2434 1516 2565 1568 ergo
2599 1501 2776 1555 omnis
2806 1503 2895 1570 qui
2949 1502 3149 1556 divinis
3202 1502 3455 1555 sensibus
3487 1506 3662 1556 vacat.

2085 1602 2140 1647 et
2172 1595 2469 1664 prudenter
2495 1604 2691 1650 cuncta
2745 1610 2809 1650 ac
2860 1595 3257 1650 rationabiliter
3292 1594 3422 1663 agit,
3472 1593 3662 1647 Caleb.

2086 1686 2183 1741 nic
2206 1689 2378 1755 primo
2414 1689 2631 1756 quidem
2661 1688 2905 1743 eruditus
2930 1704 2957 1740 a
2987 1686 3156 1749 Mnse,
3183 1684 3421 1740 secundo
3446 1701 3573 1739 vero
3599 1686 3666 1736 ab

2085 1778 2231 1841 Iesu,
2263 1780 2349 1833 cui
2400 1781 2716 1840 assistebat,
2759 1780 2895 1834 dicit
2916 1779 3007 1834 ηε
3054 1798 3071 1829 ι
3130 1778 3210 1832 Tu
3258 1779 3396 1833 nosti
3437 1778 3677 1830 verbum

2086 1875 2229 1938 quod
2256 1870 2469 1923 loeutus
2508 1880 2591 1925 est
2617 1870 2881 1925 Dominus
2911 1872 2975 1924 ad
3020 1869 3205 1923 Mosen
3240 1868 3514 1923 hominem
3548 1867 3662 1920 Dei.

2086 1961 2164 2015 Tu
2198 1960 2363 2032 440
2397 1963 2504 2015 scis
2531 1964 2755 2016 verbum
2789 1963 2932 2032 quod
2959 1962 3173 2015 locutus
3205 1970 3287 2015 est
3323 1958 3598 2013 Dominus.
3644 1976 3661 2008 ι

392 2064 574 2117 suum,
610 2060 666 2105 et
710 2051 890 2106 lumen
941 2054 1155 2109 semitis
1191 2054 1416 2121 nostris,
1460 2055 1633 2124 ipsum
1690 2054 1978 2111 Dominum
2081 2049 2212 2117 Quis
2240 2053 2382 2107 enim
2409 2053 2544 2107 alius
2569 2069 2725 2109 nosse
2744 2056 3162 2125 potestverbum
3186 2053 3323 2123 quod
3354 2053 3563 2107 locutus
3582 2062 3667 2106 est

390 2150 643 2194 nostrum
678 2140 859 2196 Jesutn
909 2143 1211 2209 Christum,
1236 2145 1328 2214 qui
1361 2154 1446 2199 est
1472 2160 1599 2201 vera
1633 2145 1723 2200 lux
1773 2146 1979 2213 nnnuli,

395 2232 487 2285 cui
512 2241 595 2287 est
623 2232 797 2303 gloria
832 2245 885 2290 et
932 2237 1221 2306 imperium
1256 2238 1367 2311 (27)
1402 2240 1456 2295 in
1503 2238 1701 2296 saecula
1751 2239 1981 2296 saeculo-

395 2338 539 2380 rum.
574 2326 771 2385 Amen.

926 2419 1209 2477 IIOMILIA
1265 2422 1449 2479 XVIII.

396 2527 476 2583 De
503 2531 654 2585 initio
686 2535 955 2606 divisionis
981 2547 1155 2594 terrm.
1180 2554 1297 2606 quw
1321 2539 1494 2592 divisa
1522 2551 1599 2594 est
1646 2543 1711 2593 ab
1738 2540 1887 2602 Iesu,
1934 2552 1981 2593 et

469 2605 728 2680 quomodo
773 2607 991 2659 accessit
1016 2608 1085 2659 ad
1123 2607 1304 2662 Iesum
1356 2607 1538 2676 Caleb,
1565 2622 1612 2664 et
1648 2611 1799 2680 petiit
1831 2612 1895 2664 ab
1924 2627 1982 2664 eo

470 2670 734 2725 Chebron.

472 2784 521 2840 1.
574 2784 854 2843 Discamus
898 2804 959 2846 ex
1016 2790 1131 2861 lege
1162 2808 1323 2863 quam
1358 2795 1673 2850 necessarie
1705 2796 1981 2866 descripta

396 2887 481 2933 est
509 2888 669 2934 terrai
722 2882 939 2950 divisio,
970 2901 1089 2953 qua:
1128 2886 1307 2954 primo
1352 2902 1450 2956 per
1499 2887 1705 2955 Mosen,
1741 2892 1983 2943 secundo

397 2971 567 3025 etiam
594 2972 705 3044 (28)
741 2990 837 3043 per
870 2974 1053 3030 Jesum
1091 2978 1291 3032 dicitur
1326 2978 1491 3042 facta,
1541 2995 1646 3034 non
1682 2990 1740 3033 ut
1779 2989 1984 3034 utram—

396 3076 505 3131 que
563 3079 866 3132 servemus,
916 3070 1008 3121 sed
1057 3069 1329 3123 rationem
1383 3071 1673 3138 utriusque
1712 3072 1985 3125 discentes

2085 2145 2344 2200 Dominus
2376 2146 2441 2199 ad
2478 2146 2684 2211 Mosen,
2722 2148 2825 2201 nisi
2859 2145 3018 2202 Jesus
3044 2146 3230 2201 solus?
3257 2145 3427 2199 Nemo
3471 2145 3547 2199 sic
3576 2144 3663 2196 in-

2087 2235 2290 2290 tcllexit
2319 2236 2488 2306 legem
2520 2238 2662 2292 sicut
2688 2237 2876 2291 docuit
2906 2236 3083 2291 Iesus.
3132 2235 3254 2305 Ipse
3281 2236 3425 2289 enim
3480 2236 3664 2293 omnia

2084 2330 2289 2395 docuit,
2316 2341 2370 2385 et
2402 2331 2637 2398 aperuit,
2669 2331 2784 2399 ipse
2832 2330 3093 2384 reveluvit
3135 2328 3322 2391 Paulo,
3361 2328 3489 2396 quia
3519 2345 3537 2378 ι
3581 2327 3661 2380 lex

2083 2422 2345 2490 spiritalis
2366 2435 2446 2477 est
2477 2425 2543 2478 δ’.
2584 2422 2738 2477 Sicut
2766 2422 2979 2476 loeutus
3005 2430 3109 2485 est,
3160 2420 3341 2490 inquit
3364 2419 3432 2487 ⁵⁸,
3471 2418 3537 2473 de
3581 2434 3668 2472 me

2086 2523 2139 2568 et
2173 2514 2239 2567 de
2272 2523 2346 2569 te.
2388 2532 2405 2565 ι
2444 2515 2517 2568 De
2548 2530 2654 2576 me,
2684 2512 2883 2582 inquit,
2913 2520 2967 2564 et
2999 2511 3063 2565 de
3092 2520 3145 2565 te
3191 2509 3405 2563 loeutus
3435 2516 3520 2561 est
3550 2505 3666 2560 Mo-

2086 2621 2193 2659 ses.
2227 2607 2298 2659 De
2336 2615 2385 2659 te
2413 2606 2655 2676 quidem,
2695 2606 2798 2660 hoc
2821 2614 2904 2660 est
2934 2604 3081 2674 quod
3116 2601 3255 2656 dixit
3287 2599 3549 2654 Dominus
3574 2597 3619 2628 ⁸¹
3644 2638 3660 2662 ,

2086 2700 2211 2768 quia
2261 2692 2350 2752 «Si
2377 2699 2676 2753 crederetis
2702 2698 2860 2765 Mosi,
2890 2697 3191 2752 crederetis
3216 2696 3400 2767 utique
3419 2703 3473 2748 et
3509 2692 3667 2755 mihi,

2087 2792 2152 2845 de
2183 2808 2267 2844 me
2288 2791 2430 2844 enim
2461 2790 2549 2843 ille
2594 2790 2838 2859 scripsit.
2886 2809 2902 2841 ι
2945 2790 3017 2844 De
3050 2803 3135 2843 me
3161 2802 3290 2841 vero
3332 2785 3474 2855 quod
3510 2784 3668 2846 dixit,

2088 2882 2189 2935 hoc
2226 2882 2404 2936 estde
2435 2879 2620 2941 Caleb.
2647 2882 2739 2949 qui
2790 2896 2887 2936 cor
2930 2889 3035 2947 est,
3069 2889 3279 2934 certum
3324 2887 3408 2933 est
3447 2878 3569 2949 quia
3604 2876 3669 2931 de

2088 2977 2251 3029 corde
2282 2974 2564 3043 scripserit
2602 2974 2795 3041 Moses,
2826 2974 3024 3044 quippe
3064 2973 3156 3043 qui
3192 2972 3372 3028 omnia
3428 2970 3670 3045 pruden-

2092 3077 2173 3120 ter
2197 3068 2582 3135 sapienterque
2608 3066 3016 3135 conscripserit.
3046 3062 3135 3119 Ait
3163 3079 3292 3135 ergo
3314 3064 3400 3114 5':
3444 3080 3462 3113 ι
3502 3061 3670 3116 Ilodie
3750 3074 3751 3077 ‘

397 3155 545 3210 iilam
576 3157 747 3211 solam
788 3168 1090 3227 teneamus,
1116 3175 1235 3230 quae
1265 3162 1331 3215 ab
1357 3159 1486 3216 Jesu
1528 3170 1717 3216 nostro
1758 3162 1985 3216 Domino
2012 3180 2055 3239 ο
2094 3160 2248 3215 valeo
2287 3160 2428 3214 sicut
2464 3159 2710 3214 valebam
2748 3168 2899 3217 tunc.
2945 3178 2963 3211 ι
3005 3157 3238 3215 Sanctus
3285 3156 3483 3226 quippe
3515 3154 3671 3209 simi-

398 3246 651 3299 traditur.
688 3247 853 3316 Igitur
886 3248 1032 3302 illam
1072 3260 1297 3317 terram,
1320 3267 1451 3321 gum
1481 3261 1565 3307 est
1600 3261 1751 3307 trans
1795 3250 1985 3307 Jorda-

398 3352 546 3404 nem,
572 3337 784 3409 Moyses
818 3341 1097 3396 distribuit
1134 3360 1148 3397 :
1182 3342 1321 3397 hanc
1349 3354 1532 3399 autem
1564 3360 1683 3414 quae
1713 3354 1798 3399 est
1838 3354 1985 3398 terra

396 3442 581 3487 sancta
608 3442 662 3487 et
689 3444 832 3488 terra
863 3435 977 3505 (29)
1008 3435 1174 3499 bona,
1205 3435 1488 3490 distribuit
1517 3435 1676 3492 Jesus
1699 3445 1748 3491 et
1774 3437 1987 3507 princi-

397 3538 493 3593 pes
531 3525 764 3579 tribuum
800 3527 989 3581 Israel.
1040 3528 1206 3583 Vides
1233 3543 1364 3598 ergo
1395 3529 1547 3599 quia,
1592 3544 1716 3583 cum
1758 3530 1989 3596 coeperit

400 3631 529 3670 vera
565 3618 657 3671 illa
688 3619 978 3674 lmreditas
1004 3629 1166 3675 terrae
1195 3629 1396 3675 sanetze
1428 3636 1457 3674 a
1491 3619 1779 3675 Salvatore
1808 3620 1990 3675 distri-

399 3708 518 3773 bui,
555 3722 907 3767 assumentur
939 3712 1050 3785 (50)
1086 3714 1251 3767 etiam
1299 3713 1572 3783 principes
1606 3713 1847 3767 tribuum
1877 3714 1987 3768 veri

399 3812 454 3857 et
480 3804 739 3872 spiritalis
762 3806 957 3860 Israel.
990 3806 1139 3873 Quos
1173 3816 1353 3861 autem
1398 3816 1654 3875 putamus
1686 3820 1808 3861 esse
1839 3806 1990 3874 prin-

397 3899 547 3967 cipes
586 3898 823 3952 tribuum
880 3908 1212 3965 nostrarum,
1246 3900 1329 3953 vel
1375 3898 1634 3954 Ecclesiae.
1684 3900 1986 3969 principes,

401 3988 504 4041 nisi
556 3999 774 4042 sanctos
806 3988 1100 4058 apostolos,
1147 3989 1213 4043 ad
1264 4005 1403 4060 quos
1440 3990 1571 4045 dicit
1624 3989 1878 4044 Salvator
1921 3991 1986 4058 “,

400 4081 533 4149 quia
568 4097 587 4131 ι
622 4080 881 4134 sedebitis
904 4088 959 4134 et
985 4095 1082 4135 vos
1110 4094 1273 4150 super
1298 4081 1584 4136 duodecim
1628 4080 1873 4147 thronos,
1903 4082 1992 4151 ju-

404 4171 652 4227 dicantes
689 4172 970 4227 duodecim
1022 4172 1197 4228 tribus
1243 4173 1454 4228 Israel?
1487 4192 1507 4227 ι
1545 4174 1862 4229 Assumitur
1912 4185 1992 4231 ta-

404 4277 529 4318 men
558 4264 623 4316 ad
658 4262 979 4318 divisionem
1008 4263 1172 4319 etiam
1202 4266 1482 4330 sacerdos,
1510 4265 1603 4335 qui
1648 4276 1729 4321 est
1756 4282 1991 4324 arcanus

402 4364 460 4410 et
497 4355 759 4426 mysticus
780 4369 962 4411 sermo
992 4356 1108 4411 Dei.
1147 4356 1241 4410 Sic
1279 4358 1424 4411 enim
1456 4357 1610 4422 dicit,
1636 4357 1766 4427 quia
1794 4375 1992 4416 conve-

405 4450 592 4504 nerint
618 4450 775 4506 Jesus
805 4458 860 4507 et
892 4451 1125 4508 Eleazar
1176 4451 1339 4508 simul
1386 4452 1453 4508 ad
1489 4452 1835 4509 dividendam
1883 4463 1992 4509 ter-

400 4558 519 4598 ram
546 4542 685 4612 (51).

474 4635 525 4688 2.
558 4635 624 4691 Et
643 4636 927 4693 videanms
963 4637 1085 4708 quis
1116 4646 1219 4704 est,
1253 4638 1345 4708 qui
1393 4639 1602 4708 primus
1636 4637 1842 4707 accepit
1875 4638 1989 4694 hae-

403 4732 690 4786 reditatem
722 4731 789 4785 ab
813 4729 960 4786 Jesu.
993 4749 1011 4783 ι
1036 4731 1227 4797 Caleb,
1255 4731 1433 4801 inquit
1456 4731 1523 4797 ⁸⁷,
1556 4732 1696 4785 lilius
1722 4730 1979 4786 Jetl‘one.»

407 4821 511 4877 llic
550 4822 695 4874 enim
728 4821 939 4890 primus
977 4823 1134 4892 petit,
1185 4831 1241 4878 et
1291 4824 1426 4893 petit
1461 4823 1628 4879 certis
1662 4824 1983 4893 quibusdam

406 4914 714 4970 rationibus
742 4925 795 4970 et
820 4916 1017 4981 verbis,
1056 4932 1176 4987 quae
1207 4918 1479 4987 descripta
1504 4928 1649 4983 sunt,
1680 4931 1799 4985 quae
1823 4915 1983 4970 verba

481 5028 527 5061 “
549 5026 737 5083 Matth.
773 5029 970 5094 xv,II.
1049 5031 1092 5062 "
1120 5029 1307 5084 Matth.
1338 5048 1411 5093 vt,
1439 5031 1531 5086 25.

408 5114 520 5165 xw,
546 5102 598 5153 ὅ.
675 5098 889 5157 "Joan.
928 5118 980 5168 ν,
1014 5102 1102 5156 46.
1180 5102 1225 5132 ⁵’
1251 5101 1366 5157 Jos.
1406 5118 1519 5167 xiv,
1556 5103 1640 5156 ll.

480 5198 595 5269 (25)
626 5197 784 5256 Lihb.
822 5199 975 5263 editi,
1010 5218 1026 5251 ι
1077 5198 1385 5263 avaritiam,
1424 5198 1518 5252 sed
1557 5197 1711 5266 quasi
1759 5196 1983 5251 benedi-

407 5271 671 5333 ctionem,
708 5288 725 5320 ι
754 5270 849 5323 Ms.
882 5270 1238 5337 Sangerman.
1276 5281 1332 5321 ut
1359 5270 1409 5322 in
1457 5280 1641 5322 nostro
1667 5277 1839 5323 textu.

501 5338 592 5405 26)
620 5338 799 5409 Qodex
831 5340 1117 5409 Sangerm.
1156 5358 1173 5391 ι
1212 5342 1304 5394 sed
1345 5339 1523 5408 potius
1560 5354 1778 5409 oremus
1804 5337 1915 5390 Dei.
1961 5354 1979 5387 ι

501 5357 592 5405 20)
620 5357 799 5394 bouex
831 5357 1117 5409 Sangerm.
1156 5358 1173 5391 ι
1212 5357 1304 5394 seu
1345 5357 1523 5408 ponus
1560 5357 1778 5391 oremus
1805 5357 1915 5390 uel.
1961 5357 1979 5387 ι

480 5357 593 5480 (27)
619 5408 771 5480 Unus
798 5411 1139 5464 Ebroicensis
1169 5419 1289 5480 post
1333 5426 1351 5458 ε
1396 5408 1679 5477 imperium
1722 5409 1925 5462 Laddit
1968 5424 1981 5459 :

415 5499 436 5533 ι
467 5479 589 5533 cum
622 5479 828 5549 Spiritu
871 5490 1082 5534 saneto.
1122 5500 1140 5532 ι

480 5550 592 5621 (28)
628 5550 828 5605 Etiam.
856 5550 1020 5605 Abest
1059 5569 1087 5603 a
1114 5551 1245 5605 libb.
1274 5550 1456 5613 editis,
1489 5552 1584 5604 sed
1629 5550 1895 5619 reperitur
1933 5549 1984 5602 in

408 5638 512 5677 ms.
546 5623 831 5691 Sangertn.

481 5692 594 5761 (20)
626 5689 812 5745 Terra.
868 5695 1026 5748 Deest
1065 5693 1119 5747 in
1167 5692 1297 5748 libb.
1348 5691 1532 5759 editis,
1588 5691 1679 5745 sed
1726 5699 1902 5747 exstat
1935 5690 1986 5743 in

409 5762 597 5833 emicant
645 5779 745 5816 ms.
778 5764 1060 5833 Saugerm.

483 5831 593 5903 (30)
628 5833 767 5889 Idem
806 5831 906 5891 ms.
944 5854 961 5888 ‹
1003 5846 1367 5892 assumentur.
1408 5854 1423 5885 ι
1458 5832 1615 5889 Libb.
1645 5834 1772 5889 editi
1810 5856 1819 5886 ;
1854 5850 1873 5884 ι
1902 5848 1990 5886 as-

1608 5031 1652 5062 “
1685 5030 1875 5085 Matth.
1900 5046 2012 5093 nx,
2033 5030 2124 5084 28.

1716 5101 1763 5133 ⁸⁸
1802 5101 1964 5165 ibid.,
1994 5101 2080 5155 12.

2091 3253 2218 3307 liter
2245 3252 2389 3307 valet
2418 3261 2471 3307 et
2501 3252 2554 3306 in
2605 3251 2966 3323 praesentibus
2993 3259 3046 3306 et
3087 3251 3155 3305 itL
3184 3248 3507 3319 praeteritis,
3532 3256 3586 3298 et
3617 3245 3670 3298 in

2090 3346 2245 3400 novis
2278 3352 2333 3400 et
2367 3345 2421 3399 in
2457 3347 2753 3409 veteribus,
2784 3354 2840 3400 et
2890 3344 2943 3398 in
2990 3341 3299 3410 Evangeliis
3326 3348 3378 3395 et
3428 3340 3481 3392 in
3532 3337 3669 3407 lege.
3708 3340 3711 3341 ⁷

2089 3439 2205 3494 Hoc
2233 3450 2472 3507 estergo
2508 3439 2648 3507 quod
2679 3438 2832 3505 dicit,
2870 3436 3069 3492 valere.
3108 3451 3168 3494 se
3217 3433 3378 3489 hodie
3410 3434 3509 3487 sub
3542 3430 3670 3485 Jesn

2090 3532 2231 3586 sicut
2263 3541 2389 3584 tunc
2419 3530 2519 3583 sub
2552 3528 2722 3595 Mose,
2751 3528 2878 3603 quia
2926 3527 2978 3582 in
3026 3527 3310 3595 utriusque
3363 3522 3671 3577 testamenti

2092 3623 2371 3697 mysteriis
2406 3638 2501 3677 cur
2531 3621 2756 3693 vigilans
2784 3621 2945 3676 valet.

2160 3720 2216 3772 ‘5.
2251 3718 2359 3772 Sed
2418 3715 2699 3773 videamus
2733 3714 2895 3769 etiam
2954 3712 3270 3783 petitionem
3324 3710 3443 3776 ejus
3504 3723 3687 3778 quam.

2092 3812 2325 3880 primam
2360 3812 2608 3882 peposcit
2642 3811 2711 3868 ab
2731 3809 2856 3867 Jesu
2877 3809 3042 3865 Caleb
3066 3809 3205 3863 [ilius
3233 3806 3460 3862 Jeft‘oue.
3494 3823 3513 3855 ι
3543 3805 3680 3861 Peto

2093 3919 2124 3959 a
2158 3916 2209 3959 te
2240 3917 2478 3959 montem
2516 3905 2682 3968 hunc,
2718 3903 2892 3973 inquit
2926 3902 2995 3965 ⁵³,
3033 3902 3179 3955 sicut
3226 3900 3361 3953 dixit
3416 3898 3675 3954 Dominus

2095 3996 2147 4050 in
2186 3996 2273 4050 die
2303 3996 2413 4049 illa.
2457 4014 2474 4046 ι
2511 3994 2654 4048 Nihil
2679 3994 2903 4059 humile,
2931 3993 3012 4045 vel
3044 3991 3311 4059 dejeetunt
3346 4000 3565 4044 sanctus
3591 4004 3675 4041 re-

2092 4084 2280 4153 quirit,
2317 4084 2455 4139 nihil
2499 4086 2641 4157 quod
2695 4084 2748 4139 in
2785 4084 3051 4138 demersis
3087 4081 3426 4137 convallibus
3472 4079 3675 4146 jaceat,

2092 4177 2185 4231 sed
2225 4178 2690 4245 montemqnaerit
2724 4177 3022 4241 excelsum,
3058 4176 3149 4229 sed
3199 4186 3439 4229 montem
3473 4174 3525 4226 in
3569 4188 3677 4240 quo

2091 4270 2341 4324 civitates
2391 4286 2604 4340 magna:
2650 4280 2706 4324 et
2759 4271 2979 4325 munita:
3036 4278 3185 4322 sunt.
3260 4268 3531 4336 Scriptum
3588 4273 3674 4317 est

2092 4362 2239 4417 enim
2272 4362 2340 4428 “,
2371 4362 2495 4431 quia
2545 4379 2563 4412 ι
2602 4362 2671 4415 ibi
2699 4371 2825 4415 sunt
2860 4360 3056 4425 Maelii,
3088 4360 3337 4415 civitates
3382 4370 3589 4426 magna:
3622 4364 3678 4407 et

2093 4454 2368 4511 munitam
2395 4454 2459 4507 Et
2490 4454 2604 4508 haec
2634 4453 2914 4523 poscebat,
2939 4452 3064 4522 quia
3093 4461 3320 4506 noverat
3346 4448 3677 4519 lielligcrari,

2023 4542 2069 4598 D
2100 4547 2245 4601 sicut
2273 4547 2537 4616 scriptum
2568 4554 2655 4600 est
2682 4546 2728 4578 ⁸⁵
2767 4562 2780 4600 :
2818 4564 2835 4597 ι
2870 4545 3133 4600 Civitates
3177 4544 3413 4597 munitas
3443 4556 3681 4609 oecupa-

2096 4637 2176 4692 bit
2205 4639 2443 4708 sapiens,
2479 4648 2532 4692 et
2580 4638 2826 4693 destruet
2866 4637 3224 4691 munitionem
3270 4636 3319 4688 in
3354 4650 3457 4703 qua
3503 4634 3679 4687 conti-

2096 4731 2292 4785 debaut
2334 4732 2502 4800 impii.
2542 4752 2559 4782 ι
2602 4731 2767 4786 Putas
2818 4747 2939 4786 cum
2985 4731 3099 4785 Itzec
3139 4729 3343 4783 diceret
3400 4727 3679 4788 Salomon,

2094 4823 2200 4878 hoc
2225 4839 2322 4878 nos
2358 4825 2574 4879 volebat
2617 4825 2838 4889 docere,
2879 4825 3003 4893 quia
3043 4826 3262 4893 sapiens
3294 4830 3515 4891 caperet
3540 4818 3679 4873 civi-

2098 4925 2237 4971 tates
2262 4925 2315 4970 et
2346 4919 2679 4972 munitiones
2696 4919 3006 4974 destrueret
3034 4932 3099 4971 ex
3129 4916 3400 4987 lapidibus
3425 4921 3680 4969 constru.

2203 5028 2371 5083 "Jos.
2406 5047 2495 5085 xlv
2518 5072 2532 5093 ,
2562 5030 2615 5084 6.
2693 5031 2738 5061 ⁸⁸
2771 5031 2902 5083 ibid.
2947 5030 2990 5062 ιο
3023 5030 3180 5085 Itoni.
3212 5047 3309 5093 vti,
3334 5028 3421 5083 I4.
3495 5028 3542 5061 ⁸⁰
3566 5026 3681 5085 .Ios.

2157 5103 2205 5132 ⁵⁸
2241 5101 2375 5154 ibid.
2451 5102 2496 5133 ⁸⁸
2522 5102 2684 5156 Prov.
2709 5118 2824 5160 xxi.
2848 5101 2940 5156 22.

2091 5206 2395 5249 διηιιιιιιιιιτ.
2434 5216 2453 5249 ι

2166 5268 2276 5335 (3t)
2307 5266 2451 5321 Idem
2505 5284 2605 5321 ms.
2643 5285 2662 5318 ‹
2709 5268 2918 5337 primus
2962 5268 3193 5338 accepit.
3233 5285 3252 5319 ι
3300 5264 3671 5321 LIbI).C(IIII1

2099 5353 2117 5387 c
2155 5338 2386 5405 primum
2418 5339 2580 5407 cepit.
2615 5358 2632 5390 ι

2168 5407 2281 5478 (5‘2)
2316 5404 2667 5463 Unus—codex
2700 5408 3049 5464 Ehroicensis
3083 5423 3099 5462 :
3140 5426 3157 5458 ι
3189 5406 3405 5478 Primus
3433 5404 3675 5478 otn_nium

2093 5473 2278 5532 Caieb.
2308 5480 2473 5533 Caleb
2511 5481 2903 5547 interpretatus
2930 5480 3128 5533 dicitur
3149 5477 3301 5546 quasi
3319 5492 3437 5529 cor.
3467 5493 3484 5524 ι
3508 5473 3685 5547 Ρονιτι

2095 5549 2261 5601 Caleb
2313 5546 2706 5619 interpretatur
2750 5567 2768 5598 ι
2802 5550 2955 5620 quasi
3000 5563 3133 5605 cor»
3185 5563 3214 5600 a
3246 5559 3278 5603 ἓ
3319 5565 3337 5597 ι
3368 5546 3519 5615 quasi
3558 5564 3575 5595 ι
3621 5554 3691 5598 (ξιΔ

2108 5625 2187 5672 2'1
2216 5634 2232 5663 ‹
2256 5628 2367 5669 cor.
2386 5633 2402 5665 ι

2169 5714 2281 5783 (53)
2335 5711 2720 5781 Interpretatur
2778 5721 2953 5765 autem
3010 5722 3056 5764 et
3097 5710 3302 5781 Je/fone
3361 5718 3503 5779 pater
3563 5706 3693 5764 eius~

2100 5784 2388 5839 conversio.
2420 5786 2460 5837 A
2495 5794 2600 5847 ωε
2643 5804 2661 5838 ι
2695 5783 2981 5841 convertit.
3017 5802 3035 5835 ι

3015 6011 3035 6036 ο
