4146 6394
508 318 615 375 915

511 526 651 580 muri
687 533 815 581 sunt
848 523 1138 593 impiorum
1170 522 1442 591 dogmata,
1486 530 1540 574 et
1573 522 1872 592 syllogismi
1920 522 2095 591 philu-

508 619 831 687 soplmrum,
860 617 1057 685 quibus
1090 625 1343 670 astruunt
1374 615 1534 684 impia
1572 631 1800 685 qumque
1823 624 1877 669 et
1903 615 2098 669 divinre

508 714 609 784 legi
640 711 942 783 contraria,
973 726 1094 779 qua:
1120 710 1260 779 apud
1311 724 1551 777 paganos
1575 709 1660 763 vel
1711 710 1972 764 barbaros
2002 708 2099 763 ob-

506 804 837 861 servantur?
866 803 971 858 Sed
1001 812 1056 857 et
1090 802 1179 856 illa
1228 802 1281 856 in
1311 801 1397 855 bis
1435 802 1744 872 deputanda
1780 812 1908 857 sunt
1938 813 1991 856 et
2020 805 2098 857 ci-

508 898 707 951 vitales
740 896 963 949 munitae
1004 908 1147 958 esse,
1183 903 1346 964 atque
1382 894 1433 948 in
1482 894 1759 948 montibus
1793 892 2097 961 collocatm,

508 1003 628 1057 qua:
661 987 903 1042 haeretici
933 986 985 1040 in
1020 985 1431 1054 Scripturarnm
1468 986 1891 1051 assertionibus,
1928 985 2093 1039 veluti

508 1082 561 1135 in
588 1080 711 1135 altis
742 1080 1043 1142 montibus,
1077 1078 1369 1133 collocant.
1402 1078 1534 1133 Istas
1574 1093 1702 1148 ergo
1728 1079 1979 1133 civitates
2009 1093 2097 1133 sa-

508 1171 663 1241 piens
689 1170 920 1239 quisque
948 1172 1169 1223 verbum
1202 1169 1503 1239 praedicans
1526 1169 1818 1236 destruxit,
1850 1180 1905 1224 et
1933 1168 2098 1224 urbes

507 1263 779 1318 mendacii
822 1262 1075 1317 veritatis
1105 1262 1275 1315 ariete
1309 1262 1598 1326 subvertit,
1640 1262 1783 1317 sicut
1820 1264 2097 1331 apostolus

507 1354 711 1409 Paulus
760 1353 976 1409 dicebat
1014 1354 1103 1405 ’σε
1149 1372 1167 1405 ‹
1209 1353 1587 1422 C0gitationes
1642 1354 2015 1419 destruentes,
2043 1366 2099 1411 et

508 1462 728 1501 onmem
756 1446 1095 1500 altitudinem
1130 1460 1250 1515 qum
1282 1461 1339 1498 se.
1365 1446 1576 1499 extollit
1607 1447 1868 1502 adversus
1912 1448 2093 1501 scien-

514 1541 645 1593 tiam
678 1538 924 1594 Deialta
969 1553 1099 1607 ergo
1131 1537 1295 1591 etiam
1339 1554 1482 1591 nttnc
1513 1538 1601 1592 hic
1656 1539 2095 1607 sapientissimus

505 1630 674 1686 Caleb
708 1632 917 1687 assistit
958 1640 1085 1684 ante
1128 1627 1338 1695 Jesum,
1374 1640 1428 1684 et
1476 1630 1750 1700 promittit
1800 1632 1981 1689 valere
2034 1649 2094 1688 se

507 1723 573 1775 ad
602 1722 825 1787 bellum,
862 1731 913 1776 et
942 1730 1256 1791 promptum
1307 1736 1430 1776 esse
1462 1723 1530 1776 ad
1562 1722 1838 1792 praelium;
1877 1735 1932 1778 et
1974 1727 2094 1780 ideo

2010 310 2333 368 ORIGENlS

510 432 664 489 etas?
710 432 793 489 An
853 431 983 486 illud
1046 430 1228 499 potius
1286 429 1508 494 indicat,
1563 434 1707 501 quod
1758 430 2007 485 civitates
2048 435 2173 489 οιΑ

3684 313 3786 367 91η

2769 429 3047 485 ιιολιιιιΑ
3094 429 3233 485 XIX.

2458 521 2531 575 De
2553 520 2749 591 ﬁnibus
2790 522 3117 576 [imredilalis
3158 522 3322 576 tribus
3353 522 3531 577 Judtc.

2278 615 2324 669 l.
2358 614 2639 670 Distribuit
2668 613 2847 669 Moses
2875 615 3267 681 baereditatem,
3302 615 3579 669 distribuit
3611 616 3786 672 lirerc-

2200 710 2422 761 ditatem
2450 718 2504 761 et
2534 706 2712 765 Jesus.
2744 705 2851 761 Sed
2887 722 2991 760 non
3020 718 3101 761 est
3134 707 3395 775 scriptum
3440 710 3489 762 in
3526 709 3786 766 distribu-

2203 799 2345 853 tione
2376 799 2707 853 lnereditatis
2734 798 3067 868 Moysi,quia
3092 800 3327 853 cessavit
3364 809 3507 855 terra
3534 818 3561 853 a
3588 801 3744 856 bellis
3768 821 3781 858 :

2202 892 2254 945 in
2285 892 2671 947 distributione
2696 908 2825 947 vero
2853 891 2980 947 Jesu
3011 892 3124 962 ipsa
3148 894 3297 948 verbi
3331 893 3577 961 pnefatio
3596 896 3675 950 sic
3703 898 3785 951 in-

2201 986 2333 1054 cipit
2368 1004 2379 1038 :
2421 1004 2439 1036 ‹
2482 986 2547 1040 Et
2570 989 2829 1052 cessavit,
2874 988 3139 1059 inquit",
3171 997 3317 1041 terra
3363 1004 3393 1040 a
3448 988 3621 1043 bellis.
3678 1008 3695 1039 ι
3725 987 3784 1044 Si

2200 1091 2330 1147 ergo
2356 1088 2407 1131 tu
2441 1079 2635 1149 dignus
2672 1081 2753 1135 vis
2781 1079 2919 1135 eliici
2943 1082 3034 1150 qui
3076 1081 3450 1135 lucreditatem
3479 1097 3787 1151 consequa-

2200 1170 2277 1224 ris
2300 1171 2367 1225 ab
2394 1170 2545 1237 .lesu,
2576 1183 2631 1227 et
2658 1188 2874 1229 sumere
2908 1172 2978 1228 ab
3008 1189 3073 1228 eo
3108 1175 3435 1243 portionem,
3466 1183 3683 1242 oportet
3732 1184 3785 1230 te

2198 1262 2352 1331 prius
2377 1263 2559 1317 omnia
2586 1264 2725 1318 bella
2757 1264 2940 1331 finire,
2966 1274 3019 1322 et
3067 1267 3120 1321 in
3166 1282 3301 1335 pace
3351 1265 3679 1330 consistere,
3725 1274 3784 1319 ut

2199 1352 2364 1407 etiam
2410 1354 2479 1408 de
2513 1364 2615 1410 tum
2654 1356 2841 1411 carnis
2900 1367 3048 1412 terra
3101 1358 3334 1424 dicatur,
3364 1355 3490 1426 quia
3549 1355 3785 1410 cessavit

2201 1455 2345 1498 terra
2373 1461 2401 1497 a
2429 1447 2613 1503 bellis.

2270 1535 2324 1589 ‘2.
2357 1534 2509 1591 Tunc
2539 1539 2738 1593 deinde
2766 1555 2889 1594 eum
2921 1539 3264 1595 consuetudo
3298 1537 3369 1593 sit
3406 1546 3610 1591 sanetae
3638 1535 3786 1590 Seri-

2200 1637 2373 1695 ptura:
2426 1639 2656 1696 quatuor
2700 1641 2885 1699 partes
2926 1630 3075 1684 orbis
3127 1640 3303 1693 terrm,
3355 1644 3491 1698 quas
3523 1629 3603 1681 vel
3656 1642 3785 1681 axes

2202 1722 2282 1772 κει-Ι
2312 1721 2497 1791 plagas
2530 1722 2816 1777 nominant
2849 1722 2986 1794 (56),
3013 1723 3310 1793 appellare,
3341 1722 3393 1775 in
3423 1721 3787 1789 descriptions

505 1814 755 1883 deposcit
781 1814 1020 1883 permitti
1065 1814 1167 1867 sibi
1202 1813 1353 1868 velut
1391 1791 1698 1884 disputandi
1753 1814 2088 1881 facultatem,
2129 1791 2167 1843 Β
2202 1813 2388 1865 finium
2421 1813 2595 1868 tribus
2619 1811 2791 1877 ludar,
2824 1791 2952 1869 dum:
2979 1791 3361 1869 tantummodo
3405 1813 3780 1878 nominantur,

504 1917 562 1960 ut
586 1908 971 1978 congrediatur
998 1923 1120 1961 cum
1155 1907 1469 1962 dialecticis
1505 1906 1712 1973 sarculi,
1745 1923 1865 1964 cum
1901 1912 1967 1967 iis
1998 1912 2087 1981 qui

504 2015 604 2068 pro
632 2004 777 2055 veris
812 2000 947 2056 falsa
987 2000 1337 2067 confirmant,
1367 2011 1425 2056 ut
1453 2016 1547 2057 eos
1571 2003 1815 2057 confutet
1837 2012 1891 2058 et
1926 2019 2088 2074 supe-

503 2100 607 2157 ret,
641 2102 696 2146 et
740 2093 1022 2149 subvertat
1079 2095 1285 2163 omnia,
1312 2110 1433 2166 qua:
1496 2094 1570 2150 illi
1610 2095 1765 2150 falsis
1824 2098 2088 2152 assertio-

502 2183 662 2238 nibtts
693 2193 1139 2241 construxerunt.
1165 2186 1289 2242 ideo
1321 2186 1553 2255 denique
1592 2188 1785 2243 videns
1831 2187 2087 2244 alacrita-

502 2285 613 2331 tem
666 2276 804 2345 ejus,
842 2296 859 2328 ι
920 2278 1216 2345 benedicit,
1270 2280 1447 2350 inquit
1495 2282 1563 2347 ⁸⁷,
1599 2297 1748 2349 eum,
1807 2302 1825 2334 ι
1877 2282 2087 2339 scilicet

502 2369 647 2436 quod
680 2371 802 2423 talia
829 2370 1107 2439 deposcat,
1141 2381 1197 2426 et
1230 2373 1444 2427 audeat.
1476 2373 1582 2428 Sed
1605 2383 1660 2427 et
1690 2383 1742 2427 tu
1770 2375 1815 2429 si
1845 2375 1926 2429 vis
1958 2374 2087 2428 dare

500 2476 719 2531 operam
763 2464 977 2529 studiis,
1020 2475 1073 2518 et
1105 2466 1278 2534 legem
1303 2464 1400 2520 Dei
1427 2464 1722 2535 prudenter
1747 2467 1996 2520 meditari
2032 2477 2087 2520 et

498 2552 635 2607 νηὶρὶ
668 2567 762 2607 cor
803 2554 854 2607 in
891 2552 1011 2623 lege
1060 2555 1174 2621 Dei,
1208 2564 1363 2623 potes
1396 2555 1532 2609 istas
1565 2569 1787 2622 magnas
1820 2562 1874 2608 et
1909 2556 2083 2609 muni-

501 2655 583 2697 tas
612 2644 794 2710 urbes,
824 2643 878 2698 id
913 2654 999 2697 est
1051 2646 1391 2701 asscrtiones
1432 2649 1751 2701 subvertere
1800 2646 2081 2711 falsitatis,

500 2747 557 2789 ut
590 2745 646 2789 et
681 2746 735 2789 tu
771 2736 1033 2791 mercaris
1062 2736 1314 2792 benedici
1363 2735 1429 2790 ab
1458 2736 1609 2803 Jcsu,
1646 2747 1700 2792 et
1730 2738 1979 2808 accipere
2014 2738 2082 2792 ab

496 2844 563 2880 reo
604 2827 882 2882 Chebron.
928 2826 1325 2897 Interpretatur
1367 2839 1549 2883 autem
1581 2829 1831 2884 Chebron
1889 2851 1906 2881 ι
1952 2847 2082 2885 cott-

491 2918 722 2988 junctio,
744 2918 823 2971 vel
850 2918 1161 2988 conjugium
1179 2917 1457 2991 (54).»Per
1471 2920 1614 2989 quod
1647 2930 1823 2988 potest
1848 2919 2081 2976 fortasse

496 3010 625 3063 illud
653 3011 887 3075 ostendi,
918 3011 1060 3080 quod
1114 3010 1377 3080 spelunca
1419 3009 1613 3078 duplex
1663 3020 1978 3078 comparata
2011 3010 2079 3065 ab

496 3102 769 3157 Abraham
806 3103 1117 3171 patriarcha
1147 3104 1211 3191 in
1248 3119 1311 3158 ea
1340 3114 1446 3166 est,
1484 3102 1534 3157 in
1575 3118 1679 3172 qua
1707 3103 1954 3172 coniugia
1980 3119 2077 3173 pa-
2108 3136 2149 3194 ε

495 3206 638 3248 trum
683 3205 738 3249 et
782 3194 1025 3265 reliquis:
1081 3182 1269 3250 eorum
1311 3196 1522 3265 jacent,
1576 3195 1626 3249 id
1667 3207 1748 3250 est
1803 3196 2078 3252 Abraham

494 3301 615 3339 cum
649 3285 806 3352 Sara,
840 3286 990 3342 Isaac
1017 3302 1139 3341 cum
1168 3287 1440 3351 Rebecca,
1474 3286 1642 3343 Jacob
1679 3306 1800 3345 cum
1826 3290 1941 3345 Lia.
1974 3288 2083 3343 Mc—

497 3379 605 3431 rnit
635 3394 769 3449 ergo
812 3378 982 3434 Caleb
1028 3393 1242 3449 patrum
1292 3381 1551 3450 reliquias
1603 3383 1653 3436 in
1704 3383 2081 3439 hmreditatem

492 3472 795 3541 suscipere,
827 3473 946 3526 sine
979 3472 1145 3527 dubio
1177 3473 1304 3541 quia
1340 3488 1437 3541 per
1484 3476 1809 3546 sapientiam
1853 3492 1972 3547 qua:
2026 3478 2079 3533 in

491 3577 556 3615 eo
590 3571 729 3629 erat,
757 3579 863 3634 qua
897 3563 1119 3633 vigebat
1168 3572 1222 3618 et
1264 3565 1365 3620 sub
1396 3564 1545 3622 Mose
1578 3578 1631 3623 et
1663 3568 1763 3624 sub
1800 3568 1951 3637 Jesu,
1995 3571 2079 3623 in-

496 3656 781 3710 tellcxerat
836 3654 1244 3724 conjunctionis
1291 3656 1461 3727 ipsius
1511 3660 1805 3726 rationem,
1858 3670 1914 3715 et
1958 3675 2081 3731 per-

490 3753 745 3813 spexerat
781 3744 909 3812 quid
938 3754 1082 3798 esset
1109 3760 1311 3813 causa),
1337 3749 1480 3817 quod
1506 3765 1629 3804 cum
1652 3750 1930 3806 Abraham
1965 3752 2078 3807 sola

492 3838 627 3891 Sara
663 3836 732 3890 ibi
757 3834 995 3903 jaceret,
1028 3844 1084 3890 et
1116 3850 1296 3905 neque
1322 3838 1492 3908 Agar,
1538 3856 1714 3911 neque
1744 3841 1981 3897 Cetlmra
2026 3845 2077 3900 ei

489 3930 781 3983 meruisset
814 3926 1035 4000 adjungi
1076 3949 1087 3983 :
1118 3930 1203 3983 vel
1239 3931 1371 4001 quid
1402 3941 1550 3988 esset
1577 3949 1757 3989 causae
1783 3935 1923 4005 quod
1953 3952 2076 3991 cum

486 4018 661 4073 .lacob
683 4018 799 4073 sola
826 4017 921 4074 Lia
949 4020 1137 4087 jacere
1177 4022 1477 4088 videretur,
1529 4034 1584 4079 et
1622 4039 1799 4095 neque
1845 4026 2075 4097 Rachel,

486 4127 607 4181 qua:
636 4112 867 4181 amplius
898 4112 1079 4170 fuerat
1119 4116 1339 4182 dilecta,
1382 4132 1561 4188 neque
1600 4118 1785 4189 aliqua
1825 4135 1889 4175 ex
1940 4137 2076 4178 con-

491 4203 707 4260 cubinis
732 4209 785 4260 in
818 4207 1071 4276 sepulcro
1097 4209 1145 4264 ei
1175 4208 1353 4264 fuerat
1376 4211 1649 4281 copulata.
1681 4212 1802 4282 Ipse
1844 4229 1976 4287 ergo
2020 4214 2074 4270 in

485 4296 767 4352 memoriis
795 4308 1008 4368 patrum
1036 4299 1419 4355 haereditatem
1450 4302 1596 4372 capit
1618 4304 1860 4373 prudens
1900 4314 1955 4360 et
1988 4322 2077 4359 sa-

482 4388 636 4458 piens
664 4388 849 4445 Caleb.
884 4391 989 4461 Ipsi
1015 4392 1174 4449 Jesus
1203 4392 1599 4450 Enacbitarum
1645 4398 1826 4467 gentis
1876 4409 2076 4454 metro-

482 4482 647 4549 polim
680 4483 867 4538 tribuit
898 4484 1176 4554 Chebron,
1211 4497 1266 4544 et
1293 4488 1527 4543 efﬁcitur
1559 4491 1607 4544 ei
1648 4505 1769 4546 sors
1812 4508 1984 4562 usque
2020 4494 2073 4546 in
2108 4486 2151 4541 Ι)

484 4573 802 4628 hodiernum
824 4574 989 4631 diem.
1024 4576 1241 4633 Utinam
1264 4588 1319 4635 et
1351 4580 1481 4635 mihi
1512 4583 1731 4638 daretur
1748 4600 1867 4639 sors
1893 4586 2072 4641 Abra—

452 4665 636 4729 ham,
668 4674 721 4719 et
766 4665 936 4733 Isaae,
971 4678 1026 4724 et
1052 4668 1246 4738 Jacob,
1292 4682 1347 4727 et
1386 4672 1697 4730 efﬁceretur
1734 4692 1885 4732 meus
1933 4677 2073 4734 Deus

483 4774 635 4813 lucus
665 4759 776 4831 (55)
807 4762 948 4818 sicut
976 4764 1203 4821 effectus
1233 4776 1317 4823 est
1344 4766 1485 4824 Deus
1508 4769 1808 4839 Abraham,
1845 4782 1898 4828 et
1930 4773 2071 4829 Deus

481 4851 650 4916 Isaac,
670 4863 723 4907 et
752 4854 893 4909 Deus
918 4854 1108 4925 Jacob,
1134 4858 1188 4913 in
1216 4857 1434 4915 Christo
1459 4859 1585 4916 Jesu
1608 4861 1835 4917 Domino
1861 4875 2067 4935 nostro,

480 4945 672 4999 cniest
707 4946 877 5016 gloria
924 4960 978 5005 et
1025 4950 1314 5021 imperium
1376 4953 1431 5009 in
1485 4954 1679 5009 smeula
1726 4956 2067 5013 saeculorum-

476 5037 672 5092 Amen.

2196 1906 2318 1961 dua:
2380 1907 2699 1964 reticentur.
2754 1907 3032 1979 Scriptum
3080 1910 3227 1965 enim
3280 1910 3357 1964 sic
3400 1918 3483 1964 est
3537 1908 3581 1941 ⁸³
3618 1925 3630 1961 :
3662 1929 3680 1960 ε
3723 1908 3785 1963 Et

2200 1997 2327 2052 lacti
2387 2010 2516 2053 sunt
2587 1995 2726 2053 fines
2775 2000 2954 2054 tribus
3004 2000 3236 2055 filiorum
3285 1998 3423 2053 Juda
3486 1999 3783 2054 secmtdum

2192 2091 2377 2158 plebes
2415 2106 2626 2157 eorum,
2676 2106 2703 2145 a
2766 2091 2967 2147 finibus
3014 2092 3284 2171 ldumaaae,
3343 2108 3370 2147 a
3407 2092 3623 2147 deserto
3664 2093 3784 2156 Sin,

2192 2186 2259 2241 ad
2290 2184 2769 2241 υρρίἀριιιριιι.ιΕι
2808 2202 2932 2242 cum
2989 2188 3369 2258 descripsisset
3420 2188 3551 2241 lines
3584 2188 3650 2240 ab
3690 2203 3787 2240 oc-

2192 2279 2426 2345 cidente,
2484 2288 2613 2334 tunc
2660 2280 2856 2335 deinde
2913 2282 3050 2335 dicit
3096 2281 3140 2312 ⁶⁰
3200 2296 3212 2330 :
3269 2300 3287 2331 ε
3339 2280 3404 2333 Ει
3456 2281 3524 2333 ab
3569 2280 3783 2333 oriente

2188 2368 2348 2440 441
2405 2389 2569 2430 omne
2591 2415 2604 2439 ,
2660 2372 2869 2441 inquit,
2895 2387 3044 2425 mare
3073 2371 3276 2425 salsum
3307 2388 3320 2423 :
3362 2389 3378 2421 ο
3400 2378 3450 2424 et
3484 2369 3618 2423 alias
3649 2370 3783 2421 duas

2188 2474 2371 2531 partes
2404 2464 2640 2529 reticuit,
2682 2464 2733 2517 id
2766 2472 2848 2518 est
2897 2464 3305 2531 septentrionis,
3339 2463 3419 2516 vel
3467 2462 3775 2517 meridiani.

2191 2553 2324 2609 Vide
2362 2570 2494 2624 ergo
2527 2556 2571 2609 si
2610 2571 2715 2608 non
2762 2555 2965 2623 repleta
2993 2566 3123 2607 sunt
3161 2555 3263 2607 ista
3299 2554 3596 2624 mysteriis.
3632 2552 3785 2608 Licet

2189 2663 2287 2701 nos
2328 2647 2539 2713 singula
2588 2645 2670 2699 vel
2706 2646 2909 2698 sentire
2935 2685 2950 2709 ,
2983 2645 3065 2698 vel
3099 2645 3377 2714 explicare
3414 2660 3781 2712 nequeamus,

2190 2747 2369 2790 tamen
2405 2745 2565 2804 prout
2602 2734 2864 2788 Dominus
2895 2734 3139 2803 prccbere
3171 2735 3445 2802 dignatur,
3474 2742 3527 2785 et
3564 2747 3662 2786 nos
3692 2747 3782 2785 ca-

2185 2843 2311 2898 pere
2344 2826 2583 2880 valcmus
2616 2826 2726 2896 (57)
2749 2869 2763 2893 ,
2798 2825 3069 2879 discutere
3103 2825 3309 2895 singula
3337 2840 3565 2894 quaeque
3606 2835 3782 2878 tenta-

2184 2919 2383 2973 bimus.
2410 2939 2427 2971 ι
2456 2918 2605 2974 Facti
2624 2928 2772 2986 sunt,
2802 2917 3002 2987 inquit,
3036 2918 3167 2970 fines
3186 2915 3323 2969 Jnda
3349 2917 3645 2970 secundmn
3664 2916 3780 2985 plc-

2183 3013 2279 3069 bes
2313 3028 2501 3070 eorum
2535 3029 2563 3067 a
2602 3013 2800 3066 finibus
2835 3012 3078 3065 ldumaezc
3109 3027 3138 3064 a
3173 3010 3391 3065 deserto
3414 3010 3509 3064 Sin
3539 3012 3604 3064 ad
3631 3012 3783 3065 oeci»

2185 3106 2424 3160 dentem.
2448 3124 2466 3157 ι
2489 3105 2658 3175 Igitur
2681 3101 3028 3159 ﬁnesJudmm
3045 3103 3276 3172 proximi
3303 3114 3429 3156 sunt
3448 3104 3781 3158 finibusldu-

2188 3214 2354 3253 mane.
2392 3198 2623 3252 Idumam
2654 3213 2807 3264 vero,
2844 3197 2987 3252 sicut
3009 3212 3149 3268 szepe
3177 3200 3289 3269 jam
3321 3197 3579 3261 diximus,
3612 3198 3776 3252 inter-

2186 3302 2432 3361 pretatur
2481 3300 2689 3342 terrena
2746 3287 2883 3359 (38').
2931 3288 3054 3343 Post
3102 3301 3379 3346 terrenam
3414 3306 3545 3358 ergo
3595 3291 3777 3343 statim

2184 3394 2591 3451 consequuntur
2623 3385 2757 3437 lines
2782 3380 3004 3436 Judaeaa.
3038 3382 3145 3437 Sed
3169 3393 3223 3437 et
3248 3400 3275 3436 a
3310 3383 3548 3444 deserto,
3580 3380 3775 3449 inquit,

2185 3476 2306 3533 Sin.
2343 3478 2739 3548 Interpretatur
2768 3487 2947 3532 autem
2980 3478 3075 3532 Sin
3116 3478 3425 3530 tentationes
3467 3476 3604 3546 (59).
3649 3474 3779 3529 Post

2186 3568 2519 3624 tentationes
2548 3584 2678 3637 ergo
2710 3582 3123 3641 consequuntur
3153 3571 3288 3623 lines
3313 3566 3653 3622 bmredilatis
3682 3566 3777 3621 Ju-

2184 3662 2331 3717 daaaa.
2370 3663 2636 3718 Occidens
2670 3675 2725 3717 et
2757 3666 2940 3718 oriens
2978 3664 3319 3726 nominatur,
3357 3670 3413 3716 et
3452 3661 3628 3715 vicina
3658 3660 3775 3714 loca

2184 3770 2247 3810 ea
2290 3771 2413 3826 qua:
2458 3773 2623 3826 supra
2661 3758 2919 3821 diximus,
2958 3757 3065 3810 imo
3096 3754 3349 3810 confinia.
3387 3754 3492 3808 Sed
3534 3764 3589 3807 et
3620 3752 3775 3808 vallis

2182 3846 2405 3920 Egypti
2442 3850 2620 3903 vicina
2656 3848 3093 3905 occidentalibus
3137 3849 3384 3917 partibus
3417 3846 3773 3916 designatur,

2181 3959 2301 4012 qua:
2346 3956 2429 3998 est
2463 3959 2494 3996 a
2528 3945 2742 4021 deserto
2776 3943 2843 3996 ad
2876 3944 3218 3997 occidentem
3255 3960 3269 3997 ;
3305 3942 3373 3996 ab
3404 3943 3615 3997 oriente
3644 3956 3774 3997 vero

2180 4037 2473 4106 cinguntur
2505 4038 2644 4093 fines
2676 4038 2811 4093 mari
2840 4038 3007 4091 salso.

2252 4126 2305 4183 ὅ.
2346 4128 2471 4182 Post
2502 4129 2641 4197 hoc,
2675 4147 2693 4180 ι
2728 4146 2756 4183 a
2786 4130 3041 4195 collibus,
3075 4130 3251 4200 inquit
3287 4130 3327 4162 ⁶¹
3361 4170 3377 4197 ,
3412 4131 3501 4201 qui
3545 4132 3774 4187 tenduno

2183 4232 2268 4278 tur
2299 4225 2365 4278 ad
2406 4225 2769 4292 occidentem,
2802 4234 2855 4279 et
2892 4224 3014 4279 inde
3049 4225 3366 4280 ascenditur
3393 4226 3461 4280 ab
3490 4225 3773 4279 occidente

2179 4330 2351 4385 usque
2383 4315 2560 4372 Cades
2599 4316 2773 4371 Barne
2798 4360 2813 4385 ,
2853 4336 2870 4370 ι
2913 4328 2969 4373 et
3011 4318 3093 4373 sic
3140 4318 3481 4387 pertenditur
3517 4319 3584 4372 ab
3620 4319 3770 4373 occi—

2178 4410 2343 4464 dente
2378 4411 2445 4463 ad
2473 4412 2811 4466 occidentem
2846 4411 3041 4467 Cades.
3068 4411 3133 4466 Et
3170 4412 3225 4467 bi
3261 4420 3387 4465 sunt
3416 4409 3554 4464 fines
3580 4425 3769 4465 eorum

2182 4501 2250 4555 ab
2269 4500 2479 4567 Africo,
2509 4513 2565 4556 et
2595 4504 2717 4559 inde
2742 4503 2987 4573 perrexit
3015 4518 3187 4573 usque
3212 4504 3280 4557 ad
3302 4501 3495 4557 vallem
3523 4500 3770 4573 Egypti.

2184 4590 2348 4648 Vides
2378 4595 2651 4663 quomodo
2681 4595 2732 4648 in
2762 4594 3066 4649 occidentis
3096 4595 3343 4663 partibus
3369 4604 3421 4649 et
3443 4592 3685 4649 Africum
3717 4604 3774 4647 et

2180 4682 2477 4755 Egyptutn
2510 4686 2756 4740 nominat
2787 4695 2841 4739 et
2868 4685 3163 4740 occasum?
3194 4684 3325 4741 Sine
3349 4685 3537 4749 dubio,
3575 4695 3634 4739 ut
3657 4686 3772 4740 haec

2179 4782 2361 4835 omnia
2388 4781 2525 4836 sciat
2544 4782 2646 4837 sibi
2676 4780 3051 4850 unusquisque
3073 4779 3349 4834 evadenda
3377 4794 3496 4835 esse
3522 4790 3577 4834 et
3597 4789 3774 4833 trans-

2179 4872 2382 4938 eunda,
2417 4882 2475 4926 ut
2508 4873 2579 4925 ita
2613 4874 2827 4927 demum
2868 4873 3039 4942 possit
3082 4874 3149 4927 ad
3183 4873 3380 4928 tribum
3413 4872 3614 4942 regiam
3646 4887 3773 4940 per-

2181 4967 2408 5033 venire,
2456 4968 2522 5020 de
2570 4982 2677 5035 qua
2722 4967 2850 5021 dicit
2895 4965 3186 5035 Apostolus
3212 4968 3256 4998 ”
3296 4985 3309 5021 :
3359 4984 3376 5018 ι
3420 4965 3642 5020 Certum
3684 4974 3768 5021 est

2183 5068 2362 5113 autem
2414 5058 2558 5128 quod
2585 5073 2647 5112 ex
2676 5058 2810 5114 .luda
2846 5070 2999 5114 ortus
3027 5069 3111 5116 est
3140 5059 3402 5115 Dominus
3434 5068 3633 5113 noster.
3668 5076 3685 5109 ι
3722 5057 3765 5110 Α

546 5196 594 5228 ⁵⁸
620 5199 824 5288 l.llCor.
854 5220 906 5267 κ,
950 5205 1002 5274 4,
1028 5207 1081 5261 5.
1161 5210 1205 5240 ⁵⁷
1238 5208 1350 5267 Jos.
1398 5224 1510 5273 xtv,
1540 5208 1627 5264 l5.
1725 5211 1771 5243 ⁸⁸
1796 5212 1907 5271 Jos.
1935 5233 2043 5282 xtv,
2086 5230 2088 5240 ί

2242 5221 2424 5277 “los.
2462 5239 2552 5288 xv,
2605 5224 2657 5279 ι.
2732 5186 2779 5254 έο
2816 5224 2945 5280 ibid.
2999 5223 3054 5277 5.
3147 5224 3341 5281 “ibid.
3368 5225 3423 5281 9.
3504 5224 3549 5255 οι
3602 5223 3767 5279 llebr.

476 5284 589 5336 v.1,
626 5272 713 5327 l4.

550 5406 1087 5489 ($4)..Iuterp_relalur
1135 5425 1309 5489 autem
1355 5415 1599 5473 Chebron
1633 5420 1935 5489 conjunctio
1992 5425 2071 5478 vel

474 5482 800 5561 coniugium.
825 5482 1055 5561 Διὶ-τιτι
1096 5503 1113 5535 ι
1156 5486 1500 5554 conjunctus,
1544 5482 1783 5546 sociatus
1808 5503 1913 5547 est.
1942 5514 1957 5543 ι

546 5548 662 5617 (55)
689 5550 871 5623 codex
898 5548 1288 5623 Sangernmnﬂ
1325 5575 1343 5608 ‹
1390 5548 1703 5614 elliccretur
1745 5578 1897 5617 meus
1928 5564 2070 5620 Deus

480 5633 658 5691 ηεαρδ.
700 5638 729 5691 ξ-
754 5619 908 5673 Libb.
937 5619 1063 5676 editi
1098 5643 1108 5675 :
1149 5644 1166 5673 ‹
1201 5626 1510 5683 efficeretur
1537 5631 1679 5687 Deus
1733 5648 1906 5691 meus.
1936 5655 1955 5687 ι

553 5685 666 5766 (ξϐ)
693 5689 1416 5769 CodexSangcrmanensis,
1452 5717 1469 5752 t
1508 5685 2062 5761 nominantjivlsibb.

480 5760 611 5807 ειηιί
639 5772 648 5805 :
675 5770 691 5799 ι
743 5760 1055 5818 nominat.)

2255 5428 2366 5495 (57)
2399 5427 2541 5480 Idem
2573 5447 2584 5481 :
2617 5428 2863 5483 valemus.
2895 5428 3051 5484 Libb.
3083 5429 3235 5495 editi,
3267 5431 3552 5483 valeamus.

2253 5499 2366 5565 (58)
2420 5497 2661 5554 Idumam
2718 5516 2931 5556 vero....
2987 5502 3365 5571 interpretatur
3413 5512 3639 5554 terrena.
3686 5500 3765 5554 Ab

2181 5579 2344 5627 .‘iD‘lR
2388 5579 2527 5622 terra
2538 5609 2550 5622 .

2251 5642 2371 5720 ‘59).
2410 5638 2795 5709 Interpretatur
2844 5652 3017 5696 autem
3076 5642 3174 5699 Sin
3220 5643 3549 5700 tentationes.
3593 5642 3635 5696 Α
3663 5647 3768 5702 τε)

2181 5719 2412 5767 lculut’tl.
