4146 6394
460 329 566 388 917

460 541 698 597 diximus
719 537 786 592 de
814 537 1030 591 deserto
1059 532 1153 588 Sin
1175 572 1192 598 ,
1226 530 1368 601 quod
1402 529 1727 583 tentationes
1768 526 2039 596 signiﬁca-

464 643 578 697 ret,
607 640 660 685 et
683 630 802 683 ideo
831 640 1051 681 necesse
1080 634 1163 678 est
1194 638 1290 677 nos
1321 621 1554 676 transire
1588 634 1829 673 eremum
1864 627 2038 672 tenta-

471 725 693 784 tionum,
723 729 780 773 ut
822 719 900 772 sic
944 721 1216 786 possimus
1261 714 1547 784 pervenire
1579 713 1632 766 iu
1671 709 2039 765 luereditatem

470 811 698 866 ﬁliorum
726 808 887 864 Juda.
918 806 1023 862 Sed
1055 815 1107 862 et
1141 805 1439 860 ascendere
1473 818 1569 858 nos
1598 810 1812 872 oportet
1847 815 2041 854 ascen-

470 918 584 958 sum
646 900 860 955 collium
925 898 1193 963 Aerabin,
1252 897 1394 966 quod
1448 896 1838 964 interpretatur
1899 909 2042 948 scor-

463 995 644 1063 piones
677 991 811 1063 (40).
843 990 1183 1045 Transeundi
1217 1003 1345 1061 ergo
1376 988 1533 1044 nobis
1563 996 1691 1042 sunt
1723 998 1777 1042 et
1803 985 2043 1042 ealcandi

469 1086 631 1140 etiam
659 1081 996 1151 scorpiones,
1031 1080 1106 1133 illi
1138 1080 1254 1134 sine
1286 1077 1450 1133 dubio
1479 1078 1545 1133 de
1572 1077 1768 1147 quibus
1798 1077 2048 1133 Salvator

469 1177 548 1230 ait
575 1177 620 1208 “
649 1190 664 1229 :
700 1193 718 1226 ι
757 1175 893 1229 Ecce
924 1172 1046 1227 dedi
1066 1171 1219 1226 vobis
1245 1179 1570 1240 potestatem
1604 1169 1852 1225 calcandi
1887 1185 2050 1239 super

475 1270 776 1329 serpentes,
807 1271 860 1315 et
889 1262 1218 1331 scorpiones.
1253 1281 1271 1314 ι
1303 1263 1404 1328 Qui
1430 1279 1556 1334 ergo
1580 1266 1723 1327 vult,
1751 1277 1805 1320 et.
1829 1267 2042 1322 deside-

473 1361 559 1405 rat
581 1352 786 1421 ingredi
811 1353 862 1406 in
889 1353 1256 1408 lizereditatem
1283 1354 1452 1409 tribus
1487 1356 1657 1421 Iudae,
1684 1368 1898 1426 oportet
1917 1373 2042 1414 eum

472 1444 765 1496 ascendere
793 1446 1135 1498 ascensiones
1159 1445 1304 1508 istas,
1332 1456 1385 1501 et
1411 1448 1616 1502 calcare
1634 1459 1795 1518 atque
1817 1452 2042 1506 evadere

472 1535 785 1603 scorpiones
827 1536 917 1604 qui
949 1537 1236 1592 obsistunt.
1282 1537 1435 1593 Unde
1468 1540 1701 1594 arbitror
1728 1541 1868 1610 quod
1898 1541 2039 1596 istud

384 1640 391 1646 ·
474 1625 577 1679 iter
607 1625 784 1696 agenti
817 1627 1089 1682 Ezechieli
1121 1629 1400 1698 propheta:
1427 1629 1641 1685 dicebat
1666 1631 1926 1686 Dominus
1953 1632 1997 1664 σε
2022 1651 2034 1685 :

476 1734 496 1766 ι
530 1714 626 1768 Fili
656 1716 908 1782 hominis,
934 1717 988 1772 in
1011 1719 1188 1773 medio
1212 1719 1554 1789 scorpionum
1587 1730 1643 1776 tu
1671 1721 1900 1777 habitas.
1925 1741 1943 1773 ι
1969 1753 2040 1762 ~—

1506 316 1573 372 ΙΝ
1610 315 1868 371 LIBRUM
1902 311 2067 370 JESU
2103 311 2290 366 NAVE
2321 306 2606 365 llOMlLlA
2647 305 2762 360 ΧΧ.

465 449 668 507 ﬁnibus
713 452 890 498 autem
944 439 1192 496 ldumaeae
1242 444 1327 493 est
1364 435 1665 490 desertum.
1710 433 1878 487 Paulo
1925 441 2048 485 ante
2080 435 2122 490 Α
2154 429 2293 483 ferto
2318 470 2334 495 ,
2374 429 2440 481 de
2487 439 2605 495 quo—
2637 423 2848 477 dicebat
2879 419 3034 477 Jesns
3079 422 3120 453 ⁸⁷
3158 439 3170 474 :

3607 303 3717 358 91³⁸8³

3233 440 3250 473 ‹
3291 421 3392 487 Qtll
3435 430 3616 475 autem
3653 423 3735 474 Dl-

2144 525 2284 582 berit
2314 527 2377 577 dc
2401 535 2538 590 aqua
2570 534 2730 588 quam
2761 529 2860 585 ego
2890 515 2958 568 do
2985 514 3033 568 ei
3057 553 3074 579 ,
3129 513 3221 568 ﬁet
3252 514 3304 567 in
3335 528 3400 567 eo
3430 511 3551 566 lous
3581 528 3738 582 aqua:

2145 616 2397 675 Salientis
2426 615 2478 667 in
2499 613 2667 667 vitam
2697 618 2980 665 aeternam.
3011 627 3029 659 ι
3063 606 3233 676 llujus
3261 605 3429 674 igitur
3450 605 3583 660 solis
3610 620 3734 658 cum

2113 711 2308 796 .talem
2345 707 2560 776 qualem
2610 703 2846 758 diximus
2892 700 3167 754 inveneris
3217 699 3450 765 l'mitem,
3495 697 3739 750 invenies

2145 803 2309 858 etiam
2327 800 2601 857 civitatem
2636 795 2772 864 ejus.
2807 813 2825 846 ι
2863 793 2956 848 Est
2976 793 3120 846 enim
3141 832 3155 856 ,
3183 793 3357 861 inquit
3388 791 3464 856 ⁸⁸,
3495 790 3566 845 ibi
3584 798 3641 844 et
3659 790 3737 844 ci-

2146 897 2287 950 vitas
2314 892 2465 948 solis.
2500 910 2518 942 ι
2560 889 2766 944 Dicitur
2787 897 2841 943 et
2876 889 2928 940 in
2954 885 3188 956 Egypto
3217 885 3407 939 civitas
3444 883 3594 940 solis.
3627 880 3734 936 Sed

2148 988 2250 1043 ista
2279 985 2475 1040 civitas
2504 998 2625 1052 qua:
2656 981 2710 1035 in
2737 979 2972 1050 [Egypto
2998 988 3113 1042 est,
3157 977 3314 1044 hujus
3353 975 3486 1030 solis
3528 988 3726 1028 nomen

2149 1077 2382 1147 accepit,
2412 1089 2572 1144 quem
2607 1071 2768 1126 Pater
2793 1069 3032 1126 cmlestis
3074 1067 3229 1134 jubet
3268 1067 3399 1121 oriri
3435 1080 3596 1133 super
3635 1063 3731 1116 bo-

2151 1185 2251 1226 nos
2291 1176 2346 1224 et
2391 1168 2580 1223 malos.
2633 1166 2726 1219 Illa
2770 1180 2901 1219 vero
2943 1162 3138 1216 Civitas
3168 1175 3287 1229 qum
3319 1159 3370 1212 in
3397 1157 3580 1211 Judaea
3616 1164 3734 1218 est,

2133 1273 2461 1320 .sanctorum
2498 1257 2876 1314 tantummodo
2914 1254 3186 1315 efﬁcitur,
3230 1252 3353 1321 quia
3401 1252 3594 1304 civitas
3642 1249 3734 1301 Dei

2151 1366 2254 1412 est.
2313 1357 2376 1411 Et
2415 1356 2534 1409 fons
2579 1352 2666 1406 ille
2705 1352 2769 1404 de
2801 1363 2908 1417 quo
2945 1347 3196 1415 superius
3219 1345 3502 1407 .diximus,
3545 1341 3740 1394 ﬂuvius

2153 1447 2378 1502 eﬂ'ectus
2405 1454 2488 1500 est
2517 1443 2797 1496 Iretilicans
2829 1435 2941 1508 (4'5)
2973 1436 3250 1490 civitatem
3286 1434 3400 1488 Dei.
3433 1433 3538 1487 Sed
3581 1442 3636 1485 et
3683 1443 3738 1484 tu

2154 1542 2201 1596 si
2233 1556 2298 1594 ex
2331 1537 2480 1592 omni
2518 1544 2674 1606 parte
2702 1530 2942 1586 munitus
2972 1529 3082 1593 sis,
3122 1539 3178 1582 et
3211 1527 3560 1584 continentia:
3587 1539 3742 1578 muro

2156 1631 2560 1696 circumdatus,
2605 1628 2648 1682 si
2683 1624 2962 1694 sapientia:
2994 1633 3048 1676 et
3079 1620 3543 1687 magnanimitatis
3582 1617 3746 1670 turri-

2160 1724 2256 1779 bus
2295 1722 2652 1779 conﬁrmatus
2694 1734 2751 1772 es
2774 1760 2788 1782 ,
2822 1718 2986 1772 etiam
3027 1724 3080 1768 tu
3117 1714 3375 1769 et‘licieris
3401 1712 3591 1766 civitas
3627 1711 3740 1764 Dei.

475 1823 494 1856 ι
531 1806 598 1860 Et
628 1814 773 1868 sunt,
812 1825 830 1857 ι
865 1807 1038 1876 inquit
1063 1808 1127 1874 ⁸⁵,
1171 1828 1187 1859 ι
1223 1808 1356 1865 ﬁnes
1389 1826 1558 1880 usque
1586 1811 1778 1868 Cades.
1811 1831 1830 1863 ι
1865 1813 2038 1868 Gades
2085 1789 2128 1844 Β
2159 1816 2215 1870 Si
2256 1830 2386 1868 vero
2432 1814 2498 1866 ad
2558 1813 2672 1865 haec
2714 1808 2895 1862 omnia
2946 1805 3213 1873 adjeceris
3255 1804 3347 1859 tibi
3393 1801 3634 1856 scientiae
3665 1800 3745 1852 ln-

467 1895 856 1966 interpretatur
897 1908 1136 1953 sanctum
1178 1901 1258 1954 vel
1300 1903 1649 1971 sanctiﬁcatio
1699 1903 1830 1975 (41).
1877 1905 2036 1961 Fines

464 2001 593 2057 ergo
620 1987 770 2042 Judae
801 2004 968 2058 usque
997 1991 1062 2044 ad
1090 1991 1568 2047 sanctiﬁcationetn
1600 1995 1942 2064 perveniunt.

539 2087 595 2140 4.
628 2086 731 2140 Sed
764 2085 1042 2140 videamus
1077 2087 1241 2140 etiam
1274 2088 1366 2158 qui
1397 2087 1512 2143 sint
1544 2087 1679 2142 ﬁnes
1715 2102 1778 2141 ex
1809 2085 2056 2155 partibus

471 2175 849 2231 orientalibus.
891 2174 1010 2230 Non
1047 2191 1153 2246 quo
1183 2175 1341 2232 velim
1389 2192 1534 2232 nunc
1569 2176 1810 2232 locorum
1851 2175 2056 2231 catalo-

471 2282 594 2336 gtnn
636 2267 854 2334 facere,
886 2269 980 2323 sed
1021 2279 1076 2323 ut
1114 2269 1503 2340 mysteriorum
1546 2286 1664 2341 qua:
1701 2285 1798 2339 per
1834 2271 1950 2324 haec
1983 2269 2057 2323 si-

469 2357 816 2427 gniﬁcantur,
844 2369 1203 2414 eontueamur
1225 2357 1340 2430 (42)
1367 2358 1651 2430 imagines.
1684 2360 1894 2414 Dicitur
1924 2374 2056 2427 ergo

470 2444 542 2500 ab
575 2449 804 2504 orientis
836 2451 1081 2520 partibus
1109 2450 1280 2505 tribus
1308 2447 1463 2505 Judte
1493 2467 1644 2505 mare
1674 2465 1793 2505 esse
1827 2449 2054 2512 salsum,

467 2549 523 2592 et
557 2549 677 2607 post
711 2542 812 2596 hoc
845 2543 896 2596 in
939 2554 1090 2612 parte
1134 2543 1250 2613 ejus
1285 2545 1597 2599 nominatur
1642 2542 1763 2596 l'ons
1810 2541 1974 2605 solis,
2005 2549 2058 2595 et

447 2629 663 2686 'civitas
704 2633 865 2697 solis,
916 2644 971 2688 et
1013 2635 1064 2688 in
1107 2636 1295 2690 eadem
1331 2636 1477 2690 tribu
1507 2650 1630 2690 esse
1660 2634 1823 2688 etiam
1860 2633 2058 2687 civitas

470 2720 792 2778 litterarum.
827 2724 1043 2795 Oportet
1090 2727 1257 2797 igitur
1289 2743 1505 2783 omnem
1550 2727 1643 2796 qui
1673 2726 1788 2780 vult
1830 2725 2056 2780 introire

469 2814 524 2868 in
572 2826 782 2884 partem
827 2818 1063 2873 liliorutn
1105 2817 1242 2874 Juda
1264 2862 1292 2888 ι
1319 2820 1552 2876 transire
1586 2820 1736 2888 prius
1766 2834 1916 2872 mare
1948 2817 2055 2872 sal-

469 2921 614 2976 sum,
642 2911 767 2963 vitae
795 2911 1004 2968 scilicet
1031 2912 1196 2984 hujus
1222 2914 1392 2969 undas
1415 2923 1470 2968 et
1499 2913 1743 2968 turbines
1772 2927 2056 2980 superare,

470 3011 525 3053 et
549 3000 778 3055 evadere
809 3005 987 3056 omnia
1017 3018 1136 3072 quae
1172 3004 1223 3058 in
1254 3005 1356 3060 hoc
1385 3005 1584 3058 mundo
1613 3020 1709 3073 pro
1735 3005 1943 3057 incerto
1973 3003 2064 3056 sui

471 3099 526 3142 et
561 3089 765 3145 lubrico
796 3092 1021 3146 marinis
1057 3091 1312 3149 ﬂuctibus
1336 3101 1734 3162 comparantur
1754 3131 1769 3155 ,
1799 3103 1858 3145 ut
1885 3090 2056 3159 possit

2159 1923 2280 1961 men
2303 1949 2318 1972 ,
2358 1907 2497 1960 sicut
2520 1905 2654 1973 dixit
2682 1901 2849 1954 Isaias
2875 1898 2918 1930 ⁸⁸
2945 1915 2958 1952 :
2993 1914 3013 1949 ι
3054 1897 3358 1951 llluminate
3387 1894 3539 1948 vobis
3563 1893 3743 1946 lumen
3834 1924 3836 1927 -

2157 2002 2423 2065 scientiae,
2461 2018 2480 2052 ι
2515 2009 2569 2053 et
2617 1998 2695 2052 sol
2749 2007 2798 2050 te
2846 1993 3071 2065 justitize
3118 1989 3455 2053 radiaverit,
3487 1986 3748 2040 elticieris

2158 2097 2323 2151 etiam
2355 2103 2409 2147 tu
2440 2092 2640 2147 civitas
2677 2089 2830 2156 solis,
2857 2086 2942 2142 vel
2977 2084 3252 2140 civitatem
3290 2082 3421 2135 solis
3453 2087 3603 2134 sorte
3635 2079 3749 2131 haz-

2161 2183 2406 2240 reditatis
2442 2181 2696 2250 accipies.
2737 2180 2844 2234 Sed
2890 2184 2945 2232 et
2989 2173 3034 2228 si
3078 2183 3130 2227 te
3163 2171 3454 2226 tradideris
3492 2170 3592 2237 legi
3627 2170 3748 2231 Dei,

2158 2285 2212 2332 et
2263 2277 2315 2330 in
2369 2275 2483 2344 ipsa
2535 2270 2888 2328 meditaberis
2929 2268 3044 2340 (44)
3083 2270 3170 2324 die
3203 2281 3269 2321 ac
3315 2274 3502 2326 nocte,
3538 2271 3597 2315 ut
3640 2277 3746 2314 non

2160 2367 2379 2423 recedat
2426 2365 2563 2420 liber
2610 2364 2746 2436 legis
2789 2365 2857 2416 de
2898 2376 3063 2414 manu
3099 2369 3220 2424 tua,
3264 2358 3404 2412 sicut
3442 2354 3640 2408 dicitur
3678 2352 3747 2404 ad

2159 2461 2342 2517 Iesum
2363 2499 2378 2523 ,
2403 2467 2460 2513 et
2493 2459 2538 2512 si
2572 2471 2779 2512 memor
2816 2455 2892 2510 sis
2923 2453 3180 2525 praecepti
3220 2447 3526 2506 Salvatoris
3560 2447 3748 2514 inquo

2161 2551 2237 2605 ait
2269 2567 2281 2602 :
2307 2566 2326 2599 ι
2353 2545 2686 2603 Scrutamini
2707 2543 3021 2613 Scripturas
3041 2542 3184 2611 (45);
3213 2560 3232 2592 ι
3256 2539 3299 2594 si
3318 2552 3449 2608 ergo
3466 2536 3666 2590 talibus
3698 2542 3756 2587 te

2160 2633 2358 2686 studiis
2399 2629 2833 2700 mancipaveris,
2869 2637 2923 2683 et
2957 2627 3323 2682 eruditionem
3367 2624 3497 2691 legis
3528 2622 3748 2681 divinae.

2163 2725 2243 2780 vel
2270 2724 2500 2796 legendo
2522 2721 2653 2788 ,.vel
2675 2721 2950 2775 audiendo
2978 2720 3281 2775 obtinueris
3304 2757 3320 2784 ,
3347 2726 3450 2771 tuae
3486 2716 3752 2786 portionis

2159 2814 2430 2870 efﬁcietur
2450 2813 2643 2870 civitas
2672 2812 3003 2866 litterarum.
3037 2809 3248 2878 Ettharc
3271 2807 3489 2876 quidem
3516 2820 3615 2860 nos
3645 2819 3744 2873 pro

2161 2907 2530 2978 possibilitate
2559 2919 2754 2960 sensus
2783 2904 2993 2966 nostri,
3021 2900 3106 2954 vel
3141 2901 3304 2955 etiam
3339 2914 3436 2968 pro
3464 2898 3626 2952 vestri
3659 2912 3753 2950 au-

2161 3000 2311 3056 ditus
2337 2997 2640 3066 eapacitate
2659 2995 3016 3051 discussimus
3043 3008 3059 3048 :
3083 3005 3296 3045 summa
3325 3004 3453 3043 vero
3482 2989 3748 3052 scientia),

2158 3097 2210 3143 et
2256 3086 2576 3158 profundior
2615 3100 2682 3141 ac
2718 3083 2956 3140 lucidior
2988 3083 3186 3136 horum
3222 3079 3576 3148 intelligentia
3609 3080 3750 3149 apud

472 3181 542 3233 ad
569 3178 722 3234 ἆιιόεε
749 3190 949 3235 terrain
985 3183 1291 3251 pervenire,
1326 3194 1379 3238 et
1407 3185 1472 3237 ad
1504 3182 1706 3236 fontem
1739 3183 1871 3236 solis
1897 3196 2056 3234 acce-
2084 3168 2125 3224 Ο
2162 3182 2283 3235 illos
2314 3180 2452 3243 erit,
2491 3177 2584 3248 qui
2620 3192 2803 3232 veram
2838 3175 3210 3230 haereditatem
3262 3172 3373 3225 veri
3408 3179 3462 3223 et
3488 3170 3749 3241 unigeniti

473 3270 620 3323 dere.
651 3271 785 3337 Quis
807 3281 983 3327 autem
1009 3287 1091 3328 est
1117 3273 1240 3328 fons
1264 3274 1419 3340 solis,
1443 3274 1532 3327 vel
1551 3274 1703 3342 cujus
1726 3272 1894 3328 solis?
1915 3272 2058 3327 illius

471 3358 593 3414 sine
636 3361 801 3414 dubio
824 3401 839 3424 ,
874 3363 939 3415 de
969 3377 1078 3431 quo
1109 3362 1378 3430 scriptum.
1411 3373 1496 3415 est
1529 3362 1576 3392 ⁸⁸
1605 3379 1617 3414 :
1660 3379 1682 3412 ι-
1718 3359 2059 3414 Timentibus

472 3460 655 3503 autem
711 3466 904 3504 nomen
947 3467 1120 3504 meum
1171 3452 1378 3506 orietur
1417 3452 1496 3506 sol
1534 3450 1782 3519 justitiaa.
1835 3469 1854 3502 ι
1892 3448 2061 3518 llnjus

471 3554 602 3609 ergo
644 3540 806 3606 solis,
849 3542 894 3595 si
940 3543 1087 3610 prius
1133 3543 1376 3605 evaseris
1412 3560 1562 3599 mare
1597 3544 1819 3610 salsum,
1854 3542 2059 3596 fontem

471 3632 718 3687 invenies
753 3632 804 3686 in
842 3642 987 3688 terra
1020 3633 1192 3690 ludas.
1238 3634 1407 3702 Quem
1447 3634 1691 3692 fontem?
1739 3635 1888 3689 lllnnt
1937 3649 2062 3705 pro-

479 3889 584 3945 Ἐκ
618 3890 737 3973 τςῖιν
776 3893 1106 3973 ᾮρέγένοιξς
1150 3897 1241 3973 εζς
1285 3896 1392 3973 τὸ]ρ
1432 3898 1818 3973 Ἰησοῦνᾼεὸν
1854 3900 2053 3973 Ναυῆ.

548 3993 615 4042 τ
652 3963 794 4042 ’Ajro
819 3963 926 4031 τῆς
955 3970 1005 4042 κς
1031 3968 1267 4034 ὁμιλίας
1298 3967 1415 4020 τῶν
1441 3963 1526 4034 sic
1547 3972 1654 4022 τὸν
1685 3971 1921 4040 Ἰησοῦν
1955 3963 2059 4023 tor

549 4033 738 4100 Ναυῆ,
772 4051 904 4103 κερ.
938 4034 1026 4089 ιε’.

556 4121 623 4174 'H
658 4123 756 4192 μὲν
783 4123 926 4195 ἄκρα
969 4125 1204 4194 ὠφέλεια
1241 4127 1350 4180 ἀπὸ
1379 4128 1488 4184 τῶν
1528 4129 1783 4183 τοιούτων
1813 4131 2062 4198 ἀναγνω-

479 4212 700 4282 σμάτων
729 4214 838 4284 (46)
893 4215 972 4287 τῷ
995 4216 1277 4289 δυναμένῳ
1301 4219 1488 4289 νοῆσαι
1520 4220 1618 4292 τὴν
1652 4221 1826 4293 ἀληθῆ
1861 4221 2058 4293 κληρο-

475 4303 658 4358 δοσίαν
705 4306 812 4359 ἀπὸ
858 4307 1030 4378 Ἰησοῦ
1082 4309 1445 4383 μεριζομένην
1494 4316 1606 4376 τοῖς
1656 4315 1791 4378 υἱοῖς
1850 4313 2064 4386 Ἰσραὴλ

477 4397 707 4466 γίνεται,
734 4401 827 4453 καὶ
861 4399 939 4471 τῷ
971 4403 1067 4472 οἴῳ
1109 4420 1166 4455 τε
1205 4405 1482 4475 γενομένῳ
1517 4406 1782 4477 ἀναϐῆναι
1831 4408 1922 4460 ἐπὶ
1963 4406 2061 4478 τὴν

478 4489 581 4559 γῆν
603 4488 700 4559 τὴν
734 4489 915 4558 ἁγίαν,
945 4491 1043 4562 τὴν
1071 4492 1350 4564 ἀληθινὴν,
1382 4495 1482 4567 τὴν
1510 4496 1680 4558 ὅντως
1705 4496 1939 4568 ἀγαθὴν,
1970 4499 2063 4551 καὶ

478 4583 784 4653 ἐφαρμόσαι
832 4585 895 4638 ἐκ
925 4586 1021 4656 τῆς
1051 4585 1344 4657 ὀνομασίας
1383 4588 1491 4641 τῶν
1514 4589 1816 4662 εἰρημένων
1847 4594 1912 4662 τῇ
1944 4591 2061 4644 δια-

479 4675 622 4746 φορᾷ
650 4675 758 4730 τῶν
783 4675 1260 4749 κληρονομούντων
1301 4678 1369 4733 τὰ
1414 4681 1556 4734 κατὰ
1597 4682 1724 4745 τοὺς
1751 4682 1951 4745 τόπους
1980 4682 2072 4734 λεο-

2165 3268 2285 3323 Filii
2324 3268 2442 3332 Dei,
2467 3283 2586 3338 quae
2614 3265 2948 3336 repromissa
2976 3273 3059 3318 est
3089 3263 3155 3317 iis
3176 3258 3311 3330 ,qui
3349 3275 3471 3315 eum
3509 3261 3752 3329 perfecte

2161 3362 2495 3426 dilexerint,
2551 3359 2818 3430 consequi
2871 3357 3226 3413 merebuntur
3271 3355 3323 3409 in
3367 3353 3586 3409 Christo
3623 3351 3756 3409 Jesu

2172 3451 2400 3506 Domino
2441 3462 2653 3516 nostro,
2683 3449 2767 3506 cui
2810 3457 2896 3504 est
2931 3447 3104 3520 gloria
3133 3455 3187 3501 et
3222 3445 3506 3516 imperium
3548 3445 3600 3499 in
3641 3460 3768 3500 ste~

2170 3543 2292 3597 cula
2324 3543 2681 3598 saeculorum.
2703 3541 2897 3596 Amen.
3502 3540 3508 3546 '

2163 3899 2327 3972 M2
2350 3899 2430 3972 Ex
2453 3900 3106 3972 Origeniscounnentariis
3116 3899 3171 3952 in
3187 3897 3369 3952 Jesum
3394 3896 3561 3972 ape.
3581 3924 3651 3937 --
3668 3895 3756 3951 Ba:

2398 3965 2617 4024 Ιιυηιιῖὶα
2643 3970 2713 4024 20
2746 3971 2800 4023 in
2829 3967 3013 4024 Iesum
3053 3968 3233 4036 Nave,
3265 3984 3379 4033 cap.
3428 3965 3517 4021 i5.

2241 4124 2464 4177 Summa
2495 4123 2700 4178 utilitas
2724 4123 2794 4178 ab
2815 4122 3085 4192 ejusmodi
3117 4121 3347 4177 lectione
3375 4121 3442 4176 ad
3465 4136 3587 4177 eum
3615 4136 3742 4192 per-

2170 4216 2351 4280 venit,
2379 4217 2469 4284 qui
2501 4230 2683 4269 veram
2713 4213 3335 4269 terraaldistributiouem
3373 4228 3403 4268 a
3438 4213 3563 4270 Jesu
3597 4212 3748 4267 Nave

2173 4305 2374 4360 lactant
2402 4307 2528 4361 ﬁliis
2568 4305 2733 4360 Israel
2765 4304 3064 4373 intelligere
3089 4313 3301 4374 potest,
3329 4316 3384 4360 et
3407 4305 3474 4358 ad
3501 4319 3623 4358 eum
3654 4307 3752 4373 qui

2096 4388 2139 4441 Ι)
2167 4402 2343 4472 potuit
2389 4401 2683 4454 ascendere
2735 4398 2790 4453 in
2846 4409 3047 4452 terram
3094 4405 3377 4462 sanctam,
3424 4411 3648 4460 veram,
3693 4407 3764 4450 et.

2171 4510 2300 4549 vere
2321 4496 2537 4560 bonam,
2559 4503 2615 4547 et
2636 4507 2700 4546 ex
2723 4491 3089 4561 appellatione
3114 4505 3300 4546 eorum
3327 4506 3448 4560 quae
3472 4492 3749 4552 dicuntur.

2170 4586 2401 4640 diversis
2441 4585 2826 4650 sortientibus,
2865 4597 2985 4652 qua:
3019 4583 3085 4638 de
3123 4582 3350 4652 singulis
3384 4582 3518 4636 locis
3550 4597 3753 4636 memo—

2185 4689 2398 4743 rantur,
2431 4677 2861 4732 acco-mmodare.
2891 4672 2996 4731 Sed
3029 4676 3282 4746 quoniam
3310 4675 3530 4731 difﬁcile
3555 4686 3641 4730 est
3670 4676 3753 4728 iu-

553 4790 754 4870 εξιιιιιει,
784 4808 846 4857 x,
1040 4794 1299 4850 “Ezech.
1351 4812 1412 4861 ιι,
1451 4800 1504 4852 6.
1581 4799 1625 4829 ⁶³
1653 4796 1765 4852 Jos.
1801 4814 1886 4862 xv,
1929 4798 1981 4851 l.

2158 4795 2381 4850 Malach.
2414 4810 2484 4858 Iv,
2511 4793 2568 4847 ‘2.
2641 4793 2686 4824 ⁸⁷
2707 4789 2864 4870 Joan.
2894 4806 2972 4857 tv,
3014 4791 3104 4856 15,
3141 4790 3232 4844 14.
3309 4789 3354 4822 ⁸⁸
3391 4789 3504 4845 Jos.
3543 4804 3636 4854 xv,
3663 4789 3752 4846 lO.

484 4859 529 4889 ⁶⁴³
574 4859 734 4914 Osce.
771 4878 828 4924 Χ,
866 4863 954 4920 12.

557 4957 670 5025 (40)
717 4957 968 5038 Acrabin,
1014 4963 1153 5031 quod
1195 4963 1574 5034 interpretatur
1611 4965 1930 5035 scorpiones.
1977 4963 2058 5017 Ab

481 5036 642 5115 23p}?
673 5036 895 5096 scorpio.

561 5122 670 5189 (Η)
699 5121 866 5175 Cades
908 5123 1281 5192 interpretatur
1303 5136 1546 5180 sanctum
1580 5127 1657 5180 vel
1685 5125 2059 5194 sanctiﬁcatio.

485 5193 530 5246 Α.
559 5201 685 5268 mp
711 5201 950 5246 sanctum
974 5210 1105 5252 esse.
1505 5227 1508 5230 ~

705 5282 837 5362 diss.
896 5295 1258 5362 eontueamur.
1279 5288 1460 5362 _Libb..>
1482 5290 1609 5343 editi
1647 5308 1659 5344 :
1693 5300 2060 5345 contueantur.

554 5352 668 5428 (ιβ)
705 5352 943 5428 [iterque
977 5356 1320 5412 Ebroicensis
1353 5375 1367 5411 :
1401 5360 1615 5428 effectus
1647 5361 1905 5428 lwti/icat.

581 5424 669 5490 44)
709 5423 858 5478 Unus
894 5426 1109 5480 Eln‘oic.
1143 5430 1428 5482 mediteris.

514 5490 672 5575 “(45)
713 5490 785 5575 λιι
836 5498 1054 5575 quo_ait
1098 5512 1116 5549 :
1145 5499 1472 5575 Scrutantini
1503 5499 2064 5575 Scripttgjas._llzec_in

491 5563 620 5618 libb.
655 5563 818 5618 editis
848 5563 1052 5620 'ornissa
1081 5568 1292 5637 snpplet
1327 5585 1463 5622 unus
1494 5563 1659 5623 codex
1695 5570 2060 5625 Ehroiceusis.

559 5655 672 5725 (46)
920 5655 1040 5730 τῷν
1097 5659 1380 5712 τοιούτων
1427 5660 1931 5730 ἀναγνωσμάτων.
1998 5662 2062 5714 Et

489 5740 614 5780 mox
665 5749 675 5784 :
720 5726 1025 5798 BouMpeba
1060 5726 1564 5799 παραμυθήσασθαι
1602 5726 1726 5796 τοὺξ
1769 5731 2064 5793 ἀκούοντας

2170 4954 2532 5033 μὴμεκκαιςεϊν
2578 4957 2672 5033 ἐπὶ
2695 4958 2836 5033 ⁸ταῖς·
2863 4955 3218 5033 ἀναγνώᾳεσι.
3256 4957 3350 5033 Ἰξίς
3379 4951 3534 5033 οὗν-ἡ
3577 4972 3750 5033 παρα-

2172 5026 2340 5102 μύθία
2365 5030 2502 5100 ὑπὲρ
2524 5027 2626 5102 αιτοῦΔ
2650 5028 2724 5100 μὴ
2745 5030 3003 5102 sumer
3049 5027 3140 5102 τῂν
3165 5026 3554 5102 ἀκούοντα-τῶν
3581 5026 3752 5102 τριού-
3789 5041 3795 5045 ‘

2168 5096 2274 5155 ’ὶων
2303 5096 2764 5169 ἁναγνὼσμάέων,
2798 5099 3036 5152 λεκτέον.
3062 5099 3127 5152 Ει
3152 5113 3295 5167 saepe
3327 5097 3574 5169 lectionis
3602 5096 3750 5169 Scri-

2170 5183 2347 5241 plura:
2400 5168 2732 5224 mentionem
2784 5169 2914 5241 facit
2958 5169 3062 5241 hoc
3105 5170 3280 5238 capite
3323 5185 3338 5222 :
3385 5168 3577 5241 prisca:
3607 5168 3750 5219 enim

2172 5239 2428 5296 Ecclesiae
2465 5254 2527 5293 ea
2573 5240 2908 5296 consuetudo
2965 5239 3098 5304 l‘uit,
3145 5251 3202 5293 ut
3247 5239 3440 5308 p0pu|o
3478 5239 3543 5289 ad
3596 5251 3749 5290 sacra

2167 5321 2356 5367 coacto
2387 5320 2566 5379 partes
2592 5313 2852 5378 quasdam
2891 5309 3186 5380 Scriptura:
3216 5308 3454 5380 praelegi,
3486 5316 3538 5361 et
3568 5322 3597 5359 a
3626 5321 3745 5358 cou-

2171 5377 2449 5436 cionatore
2492 5377 2687 5448 exponi
2735 5390 2952 5435 curaret
3001 5377 3310 5448 episcopus.
3366 5377 3742 5448 llue'rtus._-—

2179 5450 2306 5505 Vide
2339 5446 2746 5520 insuper—notas
2775 5454 2839 5507 ad
2865 5446 3122 5520 Origenis
3148 5447 3423 5520 homiliant
3451 5447 3514 5499 de
3549 5446 3722 5520 Pytho

2171 5524 2313 5578 nissa
2358 5521 2375 5574 l
2411 5517 2543 5588 Reg.
2597 5538 2789 5577 xxvm.
2829 5521 2944 5574 Mox
2969 5517 3286 5588 'Pltilocalia
3323 5517 3739 5588 ιῃεηιηριρ-Ιιει-

2167 5593 2255 5672 be_t
2282 5592 2361 5663 τῷ
2385 5584 2669 5665 δυναμένῳ
2692 5592 2900 5663 νοῆσαι.
2933 5589 3082 5644 Libri
3114 5585 3279 5653 editi,
3303 5584 3412 5639 τῶν
3437 5584 3766 5657 δυναμένων-

2163 5678 2376 5735 veneat.
