4146 6420
450 311 556 365 9m

1948 300 2270 358 ORIGENIS

3615 300 3723 355 990

451 444 642 481 ventre
665 469 678 491 ,
712 429 801 496 qui
834 437 1040 482 tantum
1075 428 1253 497 capiat
1284 427 1540 485 utilitatis
1565 466 1579 492 ,
1627 426 1908 481 adhortari
1940 441 2017 479 vo-

2141 422 2348 491 γόμενα
2372 439 2385 451 ·
2413 422 2535 476 ἐπεὶ
2562 420 2618 474 δὲ
2643 402 2898 473 δύσκολόν
2921 419 3066 472 ἐστιν
3088 420 3267 491 εὑρεῖν
3290 421 3376 475 τὸν
3404 421 3725 491 οὖτωςώφερ

451 522 631 575 lumus
672 522 989 585 audientes,
1028 537 1092 575 ne
1138 522 1375 575 animum
1429 522 1572 574 inter
1616 522 1903 587 legendum
1941 521 2035 571 de-

450 611 773 680 spondeant.
823 609 1105 677 Quodnam
1158 611 1318 680 igitur
1364 610 1618 665 solatium
1653 611 1747 673 sit,
1797 626 1865 663 ne
1910 623 2034 663 suc-

449 701 710 768 enimbat,
743 701 840 769 qui
863 701 922 755 ἐἰ
963 700 1177 756 lectioni
1209 704 1459 767 interest,
1488 703 1793 758 dicendum.
1835 702 2034 768 Quem-

450 791 741 843 admodum
795 790 957 859 igitur
1014 792 1257 845 carmina
1314 794 1418 846 vim
1474 792 1765 861 quamdam
1832 793 2032 845 habent

450 881 692 945 insitam,
720 890 885 950 utque
910 883 1225 951 imprudens
1246 884 1448 952 aliquid
1476 899 1506 936 a
1537 883 1781 937 carmine
1809 882 2030 950 accipit,

447 973 539 1043 qui
571 973 895 1039 incantatur,
917 989 978 1028 ea
1005 976 1261 1029 nimirum
1288 985 1369 1031 est
1399 986 1594 1029 natura
1625 990 1881 1030 sonorum
1909 990 2031 1029 car-

447 1065 642 1131 minis,
676 1065 788 1119 sive
812 1065 865 1118 in
899 1066 1154 1119 damnum
1176 1108 1190 1130 ,
1218 1067 1333 1120 sive
1360 1067 1424 1119 ad
1460 1068 1747 1120 sanitatem
1779 1066 2030 1135 corporis

448 1156 531 1209 vel
583 1156 749 1209 animi
790 1156 872 1210 sui
920 1175 933 1211 :
983 1158 1062 1211 sic
1098 1158 1257 1212 velim
1296 1158 1577 1213 existimes
1606 1159 1753 1213 omni
1783 1159 2027 1214 carmine

448 1249 808 1315 potentiorem
850 1264 972 1303 esse
1015 1249 1471 1318 signiﬁcationem
1510 1251 1788 1305 nominum
1830 1251 2026 1305 divinae

446 1342 770 1412 Scriptura}.
819 1344 959 1396 Sunt
1002 1343 1147 1396 enim
1192 1344 1438 1411 quaadam
1481 1343 1535 1397 in
1568 1344 1725 1397 nobis
1760 1344 2023 1411 virtutes,

443 1451 675 1503 quarum
723 1452 842 1505 qua:
886 1436 1141 1491 meliores
1184 1447 1350 1501 sunt,
1396 1451 1492 1505 per
1534 1437 1650 1493 ba2c
1698 1440 1856 1493 veluti
1899 1456 2021 1494 car-

444 1526 612 1593 mina,
639 1526 837 1595 quibus
863 1544 981 1581 cum
1015 1537 1256 1596 cognatae
1285 1538 1450 1596 atque
1480 1527 1668 1583 aﬂines
1707 1534 1836 1595 sint,
1868 1531 2025 1585 alun-

442 1629 561 1683 tur,
608 1620 764 1673 nobis
802 1634 906 1673 non
939 1620 1364 1689 pereipientibus
1397 1620 1625 1674 virtutes
1656 1621 2021 1692 intelligentes

438 1724 502 1762 ea
524 1725 643 1778 qua:
673 1711 964 1774 dicuntur,
1011 1712 1341 1779 potentiores
1371 1713 1422 1763 in
1458 1712 1616 1765 nobis
1652 1712 1770 1765 ﬁeri
1802 1714 1865 1765 ad
1900 1714 2021 1767 vita:

441 1812 642 1856 nostra:
675 1802 976 1856 subsidium
1014 1814 1177 1872 atque
1220 1800 1620 1868 adjumentum.
1659 1803 1789 1857 Esse
1824 1806 2022 1874 quippe
2052 1776 2094 1829 Β

442 1894 496 1947 in
545 1894 736 1959 nobis,
772 1911 891 1962 qua:
926 1912 1031 1949 non
1067 1896 1387 1959 videantur,
1421 1912 1593 1969 eaque
1629 1896 1795 1950 multa
1821 1936 1837 1962 ,
1879 1897 2022 1951 indi-

435 1986 577 2039 cabit
604 1986 842 2056 psalmus
876 1987 966 2056 qui
1000 1987 1130 2041 dicit
1162 1989 1207 2019 ⁷ο
1239 2004 1255 2043 :
1303 2007 1320 2038 ι
1362 1988 1615 2052 Benedic,
1658 1988 1834 2041 anima
1878 2005 2019 2057 mea,

438 2076 686 2145 Domino,
720 2087 775 2131 et
800 2078 985 2131 omnia
1013 2093 1134 2147 qua:
1167 2080 1308 2131 intra
1336 2093 1420 2131 me
1450 2088 1577 2132 sunt
1598 2077 1805 2131 nomini
1830 2091 2021 2133 sancto

434 2168 571 2235 ejus.
626 2187 647 2221 ι
684 2168 827 2223 Sunt
858 2169 1028 2238 igitur
1060 2170 1112 2223 in
1151 2169 1308 2223 nobis
1333 2170 1577 2239 plurima;
1614 2171 1874 2235 virtutes,
1901 2186 2021 2240 quae

435 2261 602 2315 veluti
651 2263 942 2317 sortitione
983 2264 1194 2317 animas
1236 2274 1456 2317 nostras
1487 2274 1539 2317 et
1579 2278 1807 2332 corpora
1845 2266 2019 2333 pOSsi-

433 2355 595 2421 dent,
628 2370 771 2425 quae,
811 2355 854 2409 si
881 2363 1085 2409 sancta:
1127 2355 1269 2419 sint,
1319 2354 1553 2411 lectione
1597 2357 1895 2428 Scriptura:
1929 2358 2020 2425 ju-

433 2457 667 2512 vantur,
709 2456 763 2501 et
820 2446 1109 2501 validiores
1142 2447 1312 2510 ﬁunt;
1350 2448 1452 2503 etsi
1502 2464 1651 2503 mens
1685 2460 1867 2505 nostra
1903 2449 2018 2505 fruo

431 2553 577 2594 ctum
632 2556 737 2595 non
784 2540 1009 2602 sentiat,
1054 2540 1511 2607 quemadmodum
1543 2540 1805 2610 scriptum
1837 2551 1916 2597 est
1950 2543 2016 2596 de

432 2650 517 2698 eo,
545 2634 634 2701 qui
664 2633 843 2701 lingua
867 2630 1165 2700 loquitur“
1200 2648 1254 2685 ει
1286 2629 1422 2697 Quia
1445 2632 1670 2701 spiritus
1695 2649 1846 2687 meus
1870 2642 2011 2698 orat,

435 2741 585 2776 lllt'llS
608 2733 788 2777 autem
814 2738 929 2776 mea
953 2722 1070 2776 sine
1091 2720 1266 2776 fructu
1286 2731 1388 2777 est.
1416 2742 1435 2776 ι
1465 2724 1655 2795 Cogita
1686 2725 1869 2795 igitur,
1891 2740 2010 2779 cum

432 2816 725 2883 aliquando
770 2832 919 2871 mens
957 2828 1142 2871 nostra
1179 2815 1419 2870 fructum
1453 2832 1560 2871 non
1596 2818 1859 2887 percipit,
1901 2818 2010 2871 vir-

433 2918 577 2961 tutes
603 2924 723 2977 qua:
741 2907 922 2961 animo
947 2917 1003 2961 et
1030 2908 1200 2961 menti
1230 2916 1286 2962 et
1313 2908 1744 2962 nobisomnibus
1769 2906 2011 2961 subsidio

430 3009 556 3053 sunt
576 3039 591 3062 ,
624 3000 724 3053 hoc
750 2998 1083 3063 rationabili,
1108 2997 1249 3067 quod
1277 3013 1307 3051 a
1338 2997 1514 3053 sacris
1539 2998 1738 3052 litteris
1766 3006 1822 3051 et
1846 2998 2013 3050 nomi-

430 3091 590 3144 nibus
604 3101 707 3154 est,
732 3091 1067 3144 nutrimento
1087 3089 1331 3152 educari,
1352 3097 1406 3141 et
1420 3088 1675 3142 educatas
1692 3086 1806 3141 ﬁeri
1827 3087 1892 3141 ad
1910 3101 2008 3140 nos

423 3181 690 3247 juVaudos
706 3184 1054 3252 potentiores.
1068 3181 1138 3237 Ut
1156 3182 1320 3252 igitur
1336 3180 1586 3235 meliores
1601 3180 1828 3234 virtutes
1841 3180 2007 3235 veluti

430 3278 837 3346 permulceatur
860 3287 913 3331 et
935 3275 1214 3343 iuvantur,
1248 3274 1492 3341 ﬁuntque
1519 3289 1613 3343 per
1628 3274 1892 3344 ejusmodi
1922 3277 2010 3331 lit-

425 3368 589 3441 m
622 3380 764 3423 teras
795 3380 849 3423 et
894 3370 1113 3422 nomina
1159 3366 1531 3436 potentiores;
1567 3368 1645 3423 sic
1680 3369 2009 3424 adversaria:

431 3466 483 3516 in
519 3462 674 3516 nobis
708 3462 937 3516 virtutes
1013 3458 1217 3512 divinis
1264 3457 1604 3512 carminibus
1641 3458 2004 3525 deducuntur,

431 3565 484 3609 ut
526 3556 600 3609 ita
634 3556 831 3615 dicmn,
869 3562 924 3607 et
959 3551 1272 3617 vincuntur,
1312 3558 1366 3603 et
1395 3549 1550 3603 victm
1594 3550 1920 3620 sopiuntur:
1953 3563 2009 3607 et

427 3651 470 3702 si
508 3648 629 3716 quis
664 3660 900 3715 unquam
939 3652 1181 3697 nostrum
1229 3641 1369 3696 vidit
1409 3642 1743 3698 carminibus
1774 3646 2005 3714 sopitam

426 3742 694 3810 aspidem,
748 3750 838 3793 aut
880 3738 1023 3791 aliud
1058 3751 1089 3791 e
1122 3736 1428 3800 venenatis,
1466 3735 1595 3789 illud
1640 3748 1885 3791 assumat
1938 3740 2007 3794 ad

428 3834 767 3901 Scripturam
796 3827 1104 3896 exemplum
1132 3843 1147 3880 :
1171 3841 1291 3895 quae
1330 3826 1374 3881 si
1421 3826 1635 3896 legatur
1667 3842 1768 3882 nec
1806 3828 2009 3883 intelli-

426 3935 610 3995 gatur,
642 3922 913 3977 interdum
965 3920 1268 3992 languescit
1308 3930 1364 3975 et
1414 3923 1718 3976 succumbit
1754 3924 2003 3990 auditor;

425 4027 481 4071 et
509 4014 696 4070 credat
744 4028 865 4083 quae
904 4012 957 4066 in
989 4026 1046 4067 se
1076 4022 1204 4065 sunt
1236 4011 1474 4080 aspides,
1506 4018 1561 4065 et
1597 4027 1717 4080 qua:
1753 4012 1805 4065 in
1839 4028 1897 4067 se
1927 4014 2009 4067 vi-

425 4122 591 4179 perae,
629 4105 1011 4160 imbecilliores
1062 4103 1181 4159 ﬁeri
1230 4104 1641 4159 medicamentis
1671 4105 2004 4171 curantium,

424 4199 882 4270 quemadmodum
916 4215 944 4252 a
974 4197 1222 4267 sapiente
1251 4195 1420 4263 Mose,
1455 4212 1483 4250 a
1520 4196 1763 4266 sapiente
1794 4196 1939 4263 Jesu,
1974 4214 2004 4253 a

424 4294 763 4362 sapientibus
819 4290 1025 4347 sanctis
1073 4290 1378 4360 prophetis.
1428 4288 1546 4343 Non
1596 4290 1760 4359 igitur
1820 4291 2005 4347 animo

425 4386 806 4456 langueamus,
841 4399 961 4438 cum
989 4383 1243 4437 audimus
1266 4382 1585 4451 Scripturas
1614 4397 1750 4452 quas
1781 4398 1888 4438 non
1919 4385 2004 4438 in-

428 4481 741 4549 telligimus,
781 4478 873 4534 sed
908 4478 999 4532 iiat
1028 4476 1186 4531 nobis
1216 4477 1514 4530 secundum
1544 4475 1703 4531 tidem
1733 4486 2001 4543 nostram,
2039 4505 2085 4560 Β

426 4589 533 4644 qua
581 4584 635 4627 et
677 4572 949 4626 credimus
982 4570 1110 4636 quia
1165 4587 1184 4620 ι
1213 4569 1393 4623 oumis
1417 4568 1699 4637 Scriptura
1746 4569 2006 4625 divinitus

428 4669 688 4738 inspirata
716 4666 863 4720 utilis
884 4675 968 4719 est
985 4664 1086 4715 ⁷³.»
1110 4663 1352 4717 Alterum
1367 4662 1509 4717 enim
1538 4679 1568 4717 e
1587 4664 1798 4718 duobus
1815 4663 2007 4718 admit-

429 4771 543 4812 tere
582 4769 632 4813 te
669 4764 886 4826 oportet
916 4756 970 4809 in
1015 4755 1080 4809 iis
1113 4754 1435 4823 Scripturis,
1462 4754 1543 4809 vel
1571 4770 1676 4809 non
1710 4770 1831 4809 esse
1859 4756 2002 4810 divi—

429 4851 575 4903 nitus
601 4851 775 4913 datas,
806 4847 1069 4916 siquidem
1098 4846 1257 4900 utiles
1290 4862 1396 4899 non
1428 4855 1570 4909 sunt,
1603 4857 1660 4901 ut
1696 4847 2004 4916 suspicetur

427 4942 626 5011 aliquis
664 4940 899 4995 inlidelis
929 4958 941 4993 :
974 4939 1057 4992 vel
1093 4947 1151 4992 ut
1191 4937 1364 4993 ﬁdelis
1401 4938 1651 5003 admitte,
1684 4939 1810 5007 quia
1847 4939 2005 4993 utiles

427 5046 574 5101 sunt,
608 5035 870 5089 divinitus
893 5048 1012 5087 esse
1033 5033 1204 5086 datas.
1222 5030 1517 5085 Sciendum
1542 5040 1627 5084 est
1654 5030 1823 5100 igitur
1848 5030 2005 5086 nobis

429 5144 529 5185 nec
554 5129 917 5184 sentientibus
960 5140 1197 5197 perszepe
1242 5124 1527 5178 utilitatem
1568 5124 1772 5189 venire,
1812 5138 2006 5191 quem-

426 5221 718 5277 admodum
773 5236 916 5289 saepe
965 5220 1146 5274 cibum
1194 5217 1429 5286 aliquem
1477 5229 1695 5268 sumere
1748 5214 2005 5285 jubemur

424 5315 686 5373 acuendis
721 5314 914 5379 oculis,
948 5312 1176 5367 necdum
1215 5320 1395 5363 tamen
1436 5309 1491 5361 in
1524 5322 1590 5363 eo
1638 5307 1902 5361 sumendo
1929 5306 2006 5362 le-

534 5458 583 5490 7°
623 5458 766 5513 [’sal.
802 5473 899 5518 cn,
934 5458 983 5509 l.

2138 515 2416 587 λούμενον,
2451 514 2750 585 βουλόμεθα
2792 513 3292 585 παραμυθήσασθαι
3335 516 3461 578 τοὺς
3501 517 3725 571 ἀκούον-

2135 624 2233 669 τας
2268 606 2341 677 μὴ
2384 609 2640 659 ἐκκακεῖν
2700 605 2794 657 ἐπὶ
2843 608 2962 668 ταῖς
3015 606 3373 674 ἀναγνώσεσι.
3428 609 3523 672 Τίς
3562 605 3655 664 οῦν
3683 610 3718 682 ἠ

2135 699 2457 771 παραμυθία
2480 700 2619 769 ὑπὲρ
2654 697 2747 751 τοῦ
2793 698 2867 769 μὴ
2906 700 3160 751 ὲκκακεῖν
3191 700 3284 752 τὸν
3316 700 3581 755 ἀκούοντα
3610 701 3721 757 τῶν

2132 792 2388 845 τοιούτων
2420 792 2886 861 ἀναγνωσμάτων,
2919 790 3171 844 λεκτέον’
3219 790 3407 864 ῶσπερ
3440 793 3620 846 τοίνυν
3660 793 3720 848 αἱ

2132 883 2338 953 ἐπῳδαὶ
2358 882 2584 953 δύναμίν
2611 899 2733 936 τινα
2777 882 2957 953 ἔχουσι
3003 884 3257 954 φυσικὴν,
3286 885 3382 937 καὶ
3423 884 3495 955 μὴ
3522 886 3657 938 νοῶν
3688 886 3720 941 ό

2130 974 2564 1045 κατεπᾳδόμενος
2591 973 2857 1045 λαμϐάνει
2889 992 2940 1026 τι
2975 976 3038 1027 ὲκ
3066 974 3166 1045 τῆς
3192 975 3424 1047 ἐπῳδῆς,
3452 978 3592 1030 κατά
3618 978 3717 1049 τὴν

2129 1065 2290 1133 φύσιν
2310 1065 2418 1119 τῶν
2446 1066 2695 1135 φθόγγων
2719 1066 2817 1136 τῆς
2840 1065 3073 1136 ἐπῳδῆς,
3102 1065 3210 1118 εἴτε
3235 1070 3316 1130 είς
3348 1068 3570 1141 βλάϐην,
3603 1070 3711 1124 εἴτε

2127 1156 2208 1218 εἰς
2234 1155 2375 1209 ἴασιν
2395 1156 2644 1226 σώματος
2672 1157 2703 1227 ἢ
2737 1156 2914 1226 ψυχῆς
2935 1156 3150 1221 ἑαυτοῦ,
3178 1156 3321 1211 οὕτω
3347 1177 3441 1229 μοι
3475 1162 3588 1213 νόει
3612 1163 3712 1215 πάι

2129 1264 2227 1318 σης
2249 1248 2461 1319 ἐπῳδῆς
2491 1247 2863 1318 δυνατωτέραν
2900 1245 3039 1302 εἶναι
3077 1249 3176 1320 τὴν
3211 1252 3480 1321 σημασίαν
3509 1253 3617 1305 τῶν
3655 1256 3711 1306 tv

2125 1342 2243 1402 ταῖς
2275 1339 2445 1402 θείαις
2468 1340 2709 1411 Γραφαῖς
2734 1340 3046 1409 ὀνομάτωνο
3082 1343 3189 1394 eici
3222 1344 3329 1414 γάρ
3370 1360 3514 1408 τινες
3551 1344 3713 1398 δυνά-

2130 1450 2251 1503 μεις
2294 1435 2351 1486 ὲν
2386 1436 2520 1504 ἡμῖν
2559 1427 2633 1487 ὧν
2674 1435 2729 1486 αἱ
2771 1432 2868 1502 μὲν
2903 1434 3211 1504 κρείττονες
3251 1436 3337 1489 διὰ
3368 1438 3573 1491 τούτων
3603 1440 3714 1497 τῶν

2123 1526 2287 1577 οἱονεὶ
2337 1524 2558 1595 ἐπῳδῶν
2613 1525 2922 1596 τρέφονται,
2962 1530 3245 1594 συγγενεῖς
3288 1523 3444 1581 οὖσαι
3497 1530 3710 1599 αὑταῖς,

2126 1618 2219 1670 καὶ
2248 1616 2403 1687 ἡμῶν
2450 1617 2523 1686 μὴ
2573 1616 2836 1670 νοούντων
2872 1617 3087 1681 ὲκείνας
3125 1617 3225 1683 τὰς
3268 1620 3527 1693 δυνάμεις
3558 1625 3712 1678 νοού-

2127 1723 2223 1770 σας
2275 1706 2348 1759 τὰ
2402 1707 2671 1777 λεγόμενα
2698 1748 2713 1772 ,
2757 1708 3133 1782 δυνατωτέρας
3184 1715 3241 1765 tv
3283 1715 3416 1784 ἡμῖν
3466 1716 3711 1783 γίνεσθαι

2125 1801 2259 1872 πρὸς
2293 1802 2353 1854 τὸ
2398 1806 2679 1873 συνεργεῖν
2725 1803 2803 1873 τῷ
2854 1804 3109 1876 ἡμετέρῳ
3149 1804 3287 1876 βίῳ·
3322 1808 3403 1860 ὅτι
3435 1810 3543 1879 γάρ
3592 1810 3714 1863 ὲστί

2122 1912 2241 1947 τινα
2286 1897 2343 1948 ὲν
2385 1897 2514 1966 ἡμῖν
2553 1896 2779 1966 ἀόρατα,
2812 1897 2905 1949 καὶ
2934 1896 3104 1950 πολλά
3149 1914 3213 1967 γε
3250 1899 3442 1962 ταῦτα,
3473 1900 3707 1971 δηλώσει

2122 1988 2149 2038 ὁ
2188 1986 2357 2041 είπών
2400 1988 2634 2059 ψαλμός⁹
2667 2007 2685 2039 ι
2723 1987 2973 2057 Εὐλόγει,
3011 1990 3045 2059 ἡ
3089 1989 3234 2061 ψυχή
3262 2009 3398 2061 μου,
3446 1993 3538 2046 τὸν
3591 1994 3707 2048 Κύ-

2088 2098 2258 2157 ριον,
2306 2082 2399 2133 καὶ
2425 2081 2600 2134 πάντα
2648 2079 2717 2133 τὰ
2767 2080 2917 2145 ἐντός
2970 2099 3069 2152 μου
3120 2081 3182 2135 τὸ
3234 2084 3407 2155 ὄνομα
3447 2084 3507 2137 τὸ
3556 2085 3710 2155 ἅγιον

2120 2173 2541 2228 αύτοῦ.›“Έστιν
2560 2170 2653 2226 οῦν
2693 2172 2895 2244 πλῆθός
2946 2192 2999 2227 τι
3040 2177 3097 2229 ὲν
3135 2178 3267 2248 ἡμῖν
3298 2177 3579 2248 δυνάμεων
3615 2195 3711 2233 κε-

2123 2268 2225 2338 κλη
2235 2269 2490 2339 ρωμένων
2513 2270 2545 2337 ἡ
2554 2267 2669 2337 μῶν
2702 2265 2801 2330 τὰς
2826 2267 3000 2337 ψυχὰς
3032 2270 3127 2321 καὶ
3150 2268 3220 2321 τὰ
3242 2269 3488 2341 σώματα,
3511 2271 3712 2335 αἵτινες

2118 2359 2215 2414 ἐὰν
2258 2354 2390 2413 ὦσιν
2425 2359 2598 2427 ἅγιαι,
2622 2360 2721 2430 τῆς
2756 2359 2981 2431 Γραφῆς
3022 2362 3536 2433 ἀναγινωσκομένης
3567 2362 3711 2433 ὠφε-

2116 2453 2333 2505 λοῦνται
2378 2453 2472 2505 καὶ
2511 2452 2749 2521 γίνονται
2794 2454 3136 2525 ἰσχυρότεραι
3160 2471 3173 2484 ’
3209 2453 3310 2507 κᾶν
3340 2456 3367 2507 ὁ
3399 2456 3523 2518 νοῦς
3550 2459 3581 2526 ἡ
3592 2455 3709 2527 μῶν

2117 2544 2365 2615 ἄκαρπος
2386 2540 2442 2618 ᾗ,
2464 2544 2540 2606 ὠς
2559 2543 2871 2615 γέγραπται
2894 2563 2960 2597 πε
2969 2547 3023 2616 pi
3044 2546 3136 2598 τοῦ
3154 2547 3372 2616 γλώσσῃ
3401 2547 3707 2609 λαλοῦντος,

2122 2635 2345 2689 «Ὄτιτὸ
2362 2633 2581 2705 πνεῦμά
2615 2652 2714 2705 μου
2744 2636 2854 2705 (47)
2888 2636 3271 2707 προσεύχεται,
3299 2640 3327 2689 ὁ
3353 2638 3408 2689 δὲ
3452 2638 3574 2701 νοῦς
3604 2656 3705 2707 μου

2115 2724 2363 2796 ἄκαρπός
2385 2726 2524 2781 ἐστι,
2547 2743 2564 2775 ι
2587 2724 2715 2776 Νόει
2741 2719 2833 2776 οὖν
2862 2741 2950 2794 μοι
2981 2725 3062 2777 ὄτι
3090 2724 3219 2776 ποτε
3253 2723 3345 2775 τοῦ
3373 2726 3429 2776 ὲν
3453 2726 3585 2794 ἡμῖν
3611 2722 3703 2776 νοῦ

2115 2818 2363 2887 ἀκάρπου
2381 2815 2553 2878 ὄντος,
2578 2817 2631 2867 αἱ
2672 2814 2932 2885 δυνάμεις
2968 2817 3021 2867 αἱ
3067 2814 3424 2886 συνεργοῦσαι
3459 2818 3525 2885 τῇ
3560 2814 3705 2885 ψυχῇ

2114 2908 2209 2962 καὶ
2238 2908 2315 2979 τῷ
2342 2908 2438 2979 νῷ,
2462 2910 2558 2961 καὶ
2586 2909 2750 2960 πᾶσιν
2774 2910 2926 2977 ἡμῖν,
2961 2907 3250 2978 τρέφονται
3280 2905 3471 2976 λογικῇ
3501 2907 3567 2976 τῇ
3598 2903 3708 2958 ἀπὸ

2112 3000 2221 3053 τῶν
2246 3000 2406 3071 ἱερῶν
2429 3001 2772 3071 γραμμάτων
2794 3001 2888 3053 καί
2915 3000 3024 3053 τῶν
3046 2998 3325 3069 ὀνομάτων
3351 2997 3554 3050 τούτων
3582 3013 3718 3068 τρο-

2116 3094 2210 3162 φῇ,
2230 3091 2323 3145 καὶ
2343 3092 2673 3162 τρεφόμεναι
2694 3092 2932 3160 γίνονται
2951 3089 3318 3160 δυνατώτεραι
3341 3089 3475 3160 πρὸς
3496 3087 3556 3141 τὸ
3576 3088 3707 3159 ἡμῖν

2120 3187 2402 3257 συνεργεῖν
2418 3202 2431 3215 ο
2449 3185 2641 3256 ὥσπερ
2656 3185 2713 3238 δὲ
2735 3185 2791 3238 αί
2818 3183 3098 3256 κρείττους
3121 3183 3379 3253 δυνάμεις
3401 3180 3560 3233 οἱονεὶ
3578 3197 3709 3233 κατ-

2117 3277 2402 3348 επᾴδονται
2433 3278 2525 3330 καὶ
2559 3276 2915 3345 ὠφελοῦνται,
2955 3275 3048 3328 καὶ
3073 3274 3309 3342 γίνονται
3339 3271 3705 3342 δυνατώτεραι

2116 3369 2224 3421 ἀπὸ
2261 3369 2369 3421 τῶν
2405 3367 2512 3438 (48)
2557 3367 2810 3421 τοιούτων
2854 3367 3199 3438 γραμμάτων
3253 3366 3348 3417 καὶ
3395 3365 3698 3434 ὀνομάτων,

2115 3460 2287 3524 οὕτως
2314 3462 2370 3513 αἱ
2400 3460 2774 3530 ἁντικείμεναι
2814 3459 2923 3511 τῶν
2967 3461 3024 3511 tv
3063 3460 3195 3528 ἡμῖν
3225 3457 3507 3525 δυνάμεων
3540 3455 3703 3508 οἱονεὶ

2115 3556 2471 3610 καθέλκονται
2498 3553 2591 3606 καὶ
2621 3551 2877 3607 νικῶνται
2902 3549 3009 3602 ἀπὸ
3029 3549 3137 3601 τῶν
3166 3547 3258 3601 τοῦ
3290 3546 3425 3599 Θεοῦ
3454 3545 3698 3615 ἐπῳδῶν,

2116 3650 2213 3702 καὶ
2261 3646 2559 3717 νικώμεναι
2609 3642 2970 3713 κοιμίζονται.
3023 3641 3135 3693 Καὶ
3186 3638 3366 3692 εἴποτέ
3410 3656 3494 3702 τις
3543 3635 3700 3707 ἡμῶν

2116 3741 2358 3811 ἑώρακεν
2395 3737 2505 3809 (49)
2551 3736 2659 3790 ἀπὸ
2700 3732 2922 3804 ἐπῳδῶν
2970 3732 3172 3785 ἀσπίδα
3214 3729 3628 3801 κοιμιςομένην,
3662 3725 3699 3798 ἢ

2115 3828 2244 3882 ἄλλο
2273 3844 2326 3879 τι
2360 3824 2563 3878 τούτων
2596 3823 2703 3877 τῶν
2737 3821 2976 3886 ἰοϐόλων,
3015 3824 3192 3874 έκεῖνο
3221 3820 3572 3891 παράδειγμα
3601 3819 3701 3871 λα-

2116 3917 2257 3970 ϐέτω
2292 3918 2369 3979 εἰς
2400 3914 2498 3985 τὴν
2538 3912 2782 3983 Γραφὴν,
2816 3907 2885 3983 ἧς
2918 3908 3438 3979 ἀναγινωσκομένης
3482 3906 3578 3960 καὶ
3625 3907 3697 3979 μὴ

2118 4007 2432 4078 νοουμένης,
2449 4005 2618 4057 ἐνίοτε
2647 4002 2845 4073 ἀκηδιᾷ
2866 4001 2959 4053 καὶ
2982 4001 3210 4053 έκκακεῖ
3233 4000 3261 4050 ὁ
3285 3995 3580 4069 ἀκροατὴς,
3606 3996 3700 4049 καὶ

2117 4098 2420 4152 πιστευέτω
2451 4098 2533 4149 ὅτι
2564 4095 2620 4148 αἱ
2654 4097 2710 4146 tv
2749 4091 2896 4163 αύτῷ
2938 4091 3184 4155 ἀσπίδες,
3219 4090 3314 4143 καὶ
3350 4090 3405 4141 αἱ
3450 4090 3507 4141 ὲν
3553 4085 3701 4157 αὑτῷ

2115 4191 2321 4262 ἔχιδναι
2398 4186 2728 4257 ἀτονώτεραι
2776 4186 3017 4255 γίνονται
3076 4184 3184 4237 ἀπὸ
3237 4181 3345 4235 τῶν
3389 4180 3697 4251 φαρμάκων

2113 4282 2224 4335 τῶν
2259 4278 2745 4352 φαρμακευόντων,
2783 4270 2895 4329 οἷον
2928 4274 3081 4347 παρά
3124 4271 3289 4342 σοφοῦ
3321 4271 3514 4340 Μωσῆ,
3546 4269 3700 4339 παρά

2118 4372 2280 4440 σοφοῦ
2338 4370 2533 4442 Ἰησοῦ,
2583 4368 2734 4439 παρά
2785 4367 2964 4437 σοφῶν
3013 4365 3121 4418 τῶν
3166 4364 3336 4433 ἀγίων
3379 4362 3697 4433 προφητῶν.

2115 4466 2207 4535 Μὴ
2230 4464 2555 4534 ὲκκακῶμεν
2581 4458 2671 4516 οὖν
2696 4460 2985 4523 ἀκούοντες
3000 4456 3254 4529 Γραφῶν,
3273 4456 3338 4518 ἃς
3363 4455 3421 4507 ού
3447 4454 3696 4523 νοοῦμεν,

2114 4555 2252 4609 ἀλλά
2286 4555 2568 4626 γενηθήτω
2601 4554 2732 4624 ἡμῖν
2762 4549 2904 4605 κατὰ
2934 4548 3032 4616 τὴν
3072 4549 3256 4600 πίστιν
3291 4544 3467 4617 ἡμῶν,
3509 4546 3573 4616 ἢν
3608 4544 3700 4595 καὶ

2115 4648 2462 4719 πιστεύομεν,
2520 4650 2601 4701 ὅτι
2664 4646 2853 4698 (πᾶσα
2886 4642 3081 4714 Γραφὴ
3125 4640 3482 4701 θεόπνευστος
3539 4634 3695 4701 οὖσα,

2113 4739 2386 4809 ὠφέλιμός
2414 4740 2549 4792 ἐστι·
2580 4756 2597 4788 ι
2650 4737 2709 4789 τὸ
2748 4734 2855 4807 γὰρ
2890 4734 2946 4787 ἓν
2976 4732 3085 4785 τῶν
3116 4733 3209 4785 δύο
3241 4732 3323 4783 δεῖ
3353 4749 3411 4783 σε
3458 4728 3699 4801 παραδέο

2115 4829 2307 4894 ξασθαι
2340 4830 2433 4881 ἐπὶ
2464 4828 2666 4881 τούτων
2702 4825 2809 4879 τῶν
2840 4824 3092 4897 Γραφῶν,
3128 4824 3161 4895 ἢ
3206 4824 3287 4877 ὅτι
3314 4824 3413 4876 οὐκ
3440 4824 3545 4875 εἰσὶ
3584 4821 3701 4874 θεό-

2114 4936 2389 4981 πνευστοι,
2434 4918 2555 4970 ἐπεὶ
2582 4917 2681 4970 οὐκ
2714 4917 2849 4969 εἰσὶν
2895 4916 3180 4987 ὠφέλιμοι,
3211 4914 3286 4978 ὠς
3330 4914 3700 4984 ὑπολαμϐάνοι

2114 5009 2181 5063 ἂν
2211 5010 2238 5061 ὁ
2273 5008 2519 5071 ἄπιστος,
2564 5007 2597 5077 ἢ
2651 5005 2727 5069 ὠς
2764 5006 2953 5068 πιστὸς
2986 5004 3415 5077 παραδέξασθαι,
3454 5006 3534 5057 ὅτι
3576 5004 3700 5057 ὲπεί

2112 5102 2250 5153 εἰσιν
2308 5097 2594 5168 ὠφέλιμοι,
2631 5096 2977 5151 θεόπνευστοί
3036 5098 3193 5151 εἰσιν·
3232 5098 3404 5149 ἰστέον
3452 5097 3700 5165 μέντοιγε

2112 5204 2194 5258 ὅτι
2224 5203 2319 5255 καὶ
2342 5199 2753 5269 ἀνεπαισθήτως
2788 5202 2947 5271 ἡμῶν
2974 5200 3234 5263 πολλάκις
3260 5199 3523 5269 γίνεταιή
3557 5198 3703 5267 ὠφέ-

2112 5306 2253 5371 λεια,
2288 5299 2397 5357 οἷον
2418 5300 2675 5365 πολλάκις
2690 5302 2898 5374 τροφήν
2919 5318 3040 5357 τινα
3055 5299 3455 5371 διατασσόμεθα
3475 5299 3697 5363 ἐσθίειν,

1063 5455 1105 5487 τ’
1154 5452 1325 5507 lCor.
1359 5468 1471 5517 xw,
1509 5451 1593 5505 l4.
1672 5449 1779 5504 7“ll
1835 5450 1976 5506 Tim.
2028 5450 2226 5517 "1,16.

503 5608 614 5675 (47)
660 5605 948 5658 I’Iiilocalia
982 5620 1108 5665 ms.,
1136 5602 1195 5675 τὸ
1226 5597 1445 5675 πνεῦμά
1470 5596 1790 5675 _pou.__L_ibb_.
1819 5598 1950 5675 editi
1988 5617 2000 5651 :

2119 5597 2322 5667 γλῶσσά
2354 5614 2473 5667 μου.

503 5668 618 5741 (18)
648 5676 908 5727 I’Iiiiocal.
942 5692 1041 5727 ms.
1076 5671 1183 5725 ἀπὸ
1212 5669 1521 5741 τῶνηιμίιὼ.
1552 5668 1682 5722 editi
1713 5668 1856 5741 nam
1884 5668 2013 5741 τῶν.

506 5731 615 5811 ξω)
670 5746 738 5799 Εἴ
775 5745 917 5797 ,ττιτέ
964 5762 1047 5809 τις
1086 5742 1253 5812 ἡμῶν
1283 5737 1561 5807 ἑώρακεν,
1596 5748 1701 5796 Clc.
1742 5737 1867 5795 Vide
1900 5739 2013 5794 Plin

2119 5756 2128 5793 ι
2161 5738 2254 5793 lib.
2288 5753 2404 5803 vm,
2439 5752 2558 5806 cap.
2589 5735 2671 5800 ιο,
2697 5743 2749 5791 ct
2785 5733 2878 5789 lib.
2913 5746 3102 5800 xxvm,
3130 5746 3248 5800 cap.
3278 5731 3338 5787 2.
