4146 6424
427 349 526 410 θ’ὶὶ

1462 343 1528 398 ΙΝ
1568 343 1827 399 LIBRUM
1867 344 2028 402 JESU
2072 345 2260 399 NAVE
2304 345 2584 401 llOMlLIA
2628 342 2743 401 XX.

3605 346 3710 402 92?.

431 464 807 535 ὀξυδερκικὴν,
855 464 953 516 καὶ
993 464 1231 534 οὐδήπου
1285 463 1341 516 ὲν
1386 462 1466 535 τῷ
1520 464 1722 519 ἐσθίειν
1772 463 2011 517 αἰσθανό-

2129 465 2240 519 vari
2269 467 2483 521 oculum
2514 467 2809 531 sentimus;
2848 464 2940 518 sed
2964 468 3199 520 secunda
3228 464 3313 520 vel
3343 464 3502 520 tertia
3536 464 3708 520 inter-

432 560 573 633 μεθα
590 559 698 630 (50)
725 559 804 610 ὅτι
834 555 1193 627 ὠφελούμεθα
1219 556 1306 608 τὸν
1335 556 1632 627 ὀφθαλμὸν,
1656 556 1771 609 ἀλλ’
1798 555 2012 627 ἡμέρας

431 650 817 720 ὃιαγενομένης
862 648 1122 719 δευτέρας
1157 648 1251 701 καὶ
1292 649 1503 718 τρίτης,
1546 651 1579 720 ὴ
1628 648 1876 712 ἀνάδοσις
1919 649 2020 718 τῆς

433 745 639 814 τροφῆς
669 744 763 812 τῆς
796 740 1112 811 ὠφελούσης
1153 742 1244 794 τὸν
1278 741 1554 811 ὀφθαλμὸν
1594 744 1739 795 ποιεῖ
1771 743 1919 812 ἡμᾶς
1953 744 2016 811 τῇ

433 834 599 904 πείρᾳ
628 833 912 886 πιστεῦσαι
937 834 1018 886 ὅτι
1043 834 1132 887 τὸν
1154 834 1428 905 ὀφθαλμὸν
1448 833 1826 905 ὠφελούμεθα.
1860 833 2021 887 Ἀλλὰ

431 926 525 979 καὶ
552 926 637 977 ἐπ’
664 925 836 979 ἄλλων
862 926 1081 997 τροφῶν
1110 925 1434 994 ὠφελουσῶν
1463 944 1583 979 τινα
1622 925 1755 997 μέλη
1786 925 1878 978 τοῦ
1915 922 2019 976 σώ-

437 1035 602 1090 ματος
640 1017 753 1072 ἔστι
786 1020 943 1072 τοῦτο
976 1019 1121 1073 ἱδεῖψ
1151 1019 1294 1072 οὕτω
1316 1020 1497 1072 τοίνυν
1526 1019 1747 1071 πίστευε
1772 1019 1866 1070 καὶ
1891 1016 2021 1088 περ).

432 1115 532 1184 τῆς
558 1114 708 1176 θείας
739 1114 981 1184 Γραφῆς,
1026 1114 1108 1167 ὅτι
1157 1113 1445 1183 ὠφελεῖταί
1504 1130 1596 1165 σου
1639 1114 1672 1183 ἡ
1709 1110 1876 1181 ψυχὴ,
1919 1108 2021 1162 κᾶν

439 1208 513 1278 μὴ
556 1206 584 1257 ὁ
630 1205 756 1269 νοῦς
801 1206 892 1258 τὸν
948 1207 1155 1277 καρπὸν
1198 1206 1448 1279 λαμϐάνῃ
1498 1206 1598 1275 τῆς
1629 1203 1894 1274 ὠφελείας
1925 1202 2023 1272 τῆς

2115 557 2261 625 jecta
2298 559 2385 613 die
2418 559 2728 613 distributio
2758 558 2861 612 cibi
2898 558 2986 628 qui
3023 558 3239 613 oculum
3263 558 3442 627 juvat,
3478 558 3611 612 facit
3648 565 3707 612 ut
3732 598 3753 609 α

2124 652 2332 719 experti
2359 652 2667 717 credamus,
2699 652 2859 707 oculo
2893 668 2991 705 nos
3022 668 3143 708 esse
3179 654 3382 708 levatos
3412 671 3423 706 :
3451 655 3543 707 sed
3573 660 3628 705 et
3654 652 3708 705 iu

2126 741 2348 812 reliquis
2384 744 2541 809 cibis,
2580 744 2912 811 quibusdam
2964 746 3211 813 partibus
3256 746 3506 814 corporis
3556 745 3709 799 utili-

2124 833 2247 900 bus,
2290 836 2341 888 id
2377 836 2575 890 intueri
2610 836 2755 891 licet.
2802 838 2893 892 Sic
2940 838 3105 906 igitur
3131 846 3184 891 et
3222 838 3290 892 de
3339 839 3521 891 divina
3560 838 3709 892 Scri-

2127 937 2283 995 ptura
2322 938 2530 982 certum
2571 928 2734 993 habe,
2768 929 2945 997 juvari
2978 931 3244 996 animum,
3278 932 3380 984 etsi
3409 945 3562 985 mens
3593 930 3711 983 fru-

2129 1027 2274 1070 ctum
2311 1034 2416 1072 non
2445 1020 2709 1090 percipiat
2740 1021 2879 1088 ejus,
2909 1037 3029 1091 qua:
3060 1039 3088 1075 a
3126 1023 3324 1077 litteris
3353 1039 3383 1077 e
3420 1026 3560 1077 nuda
3593 1023 3709 1076 sola

2129 1106 2363 1164 lectione
2415 1110 2652 1180 prolluit,
2688 1113 2985 1167 utilitatis:
3015 1114 3371 1168 iucantantur
3407 1115 3551 1168 enim
3587 1129 3710 1183 qua:

2132 1202 2183 1255 in
2223 1203 2378 1257 nobis
2425 1216 2570 1267 sunt,
2605 1205 2823 1260 aluntur
2856 1207 3103 1273 meliora,
3137 1206 3319 1275 pejora
3354 1207 3504 1259 irrita
3544 1206 3696 1259 ﬁunt.

436 1300 546 1353 ἀπὸ
586 1300 690 1353 τῶν
731 1301 1097 1369 γραμμάτων,
1137 1302 1202 1353 ἐκ
1246 1300 1418 1371 μόνης
1462 1299 1625 1369 ψιλῆς
1665 1299 1762 1369 τῆς
1797 1293 2178 1364 ἀναγνώσεως.
2232 1296 2313 1350 Τὰ
2359 1296 2467 1368 γὰρ
2529 1300 2587 1353 ὲν
2632 1301 2762 1369 ἡμῖν
2797 1299 3080 1370 ἐπᾴδεται,
3115 1300 3211 1353 καὶ
3266 1298 3336 1352 τὰ
3384 1298 3481 1369 μὲν
3523 1296 3708 1369 sepsit—

433 1410 565 1453 τονα
586 1400 864 1470 τρέφεται,
890 1398 958 1455 τὰ
986 1397 1042 1451 δὲ
1067 1397 1283 1469 χείρονα
1316 1398 1693 1466 καταργεῖται.

864 1690 1094 1745 EADEM
1140 1689 1421 1747 HOMILIA
1462 1689 1581 1744 XX.

922 1801 1264 1841 INTEBPRETE
1304 1802 1518 1841 RUFINO.

435 1879 511 1934 De
559 1878 865 1948 diﬂirultate
918 1878 1301 1949 intelligentia},
1338 1888 1385 1931 el
1414 1879 1521 1949 Vde,
1552 1877 1712 1949 Caleb
1755 1878 2015 1949 quomodo

670 1948 869 2017 accepit
910 1947 1170 2012 Chebron,
1211 1962 1258 2002 et
1295 1949 1359 2001 de
1386 1948 1603 2017 ﬁliabus
1636 1947 1773 2017 ejus.

508 2065 559 2118 l.
595 2064 653 2118 Si
697 2064 896 2132 quibus
934 2063 1189 2133 possibile
1223 2074 1305 2118 est
1347 2065 1647 2120 ascendere
1699 2064 1764 2119 ad
1814 2071 2014 2119 terram
2048 2140 2053 2147 ι

432 2166 699 2221 sanctam,
732 2166 787 2211 et
830 2156 1027 2211 bonam
1065 2166 1268 2210 terram
1298 2157 1614 2222 viventium,
1644 2157 1698 2210 in
1730 2172 1834 2226 qua
1870 2171 2017 2211 mors

432 2263 539 2300 non
569 2256 671 2315 cst,
691 2248 734 2302 si
764 2249 886 2318 quis
915 2264 1008 2317 per
1032 2248 1284 2317 spiritum
1314 2248 1513 2303 meruit
1545 2249 1612 2303 ad
1644 2249 1759 2302 haec
1780 2248 2015 2301 videnda

431 2337 817 2403 conscendere,
884 2340 975 2394 ille
1034 2349 1215 2410 potest
1271 2338 1453 2393 verius
1502 2354 1661 2394 nosse
1728 2338 2016 2393 haeredita-

433 2435 544 2481 tum
573 2427 709 2498 (51),
745 2438 801 2483 et
834 2428 1076 2484 locorum
1116 2438 1172 2484 et
1206 2429 1633 2500 appellationum
1675 2445 1798 2499 quae
1845 2430 1896 2483 in
1930 2430 2016 2485 his

432 2522 567 2576 locis
595 2524 814 2589 scripta:
843 2532 991 2588 sunt,
1024 2522 1384 2578 diﬁ‘erentias.
1417 2523 1616 2578 Verum
1646 2524 1773 2593 quia
1798 2522 2015 2577 diﬁicile

429 2624 517 2669 est
554 2615 624 2667 ita
656 2615 949 2679 eruditam,
984 2614 1067 2667 vel
1107 2616 1279 2684 gratia
1313 2615 1538 2684 spiritus
1573 2615 1832 2685 repletam
1863 2616 2015 2670 inve-

429 2709 547 2762 nire
580 2708 843 2771 animam,
876 2708 1198 2762 conabimur
1227 2722 1325 2761 nos
1350 2706 1745 2763 consolationis
1770 2724 2015 2763 commu-

430 2798 516 2851 nis
540 2812 725 2857 causa,
750 2813 817 2851 ne
837 2796 983 2853 forte
1005 2799 1163 2853 taedio
1183 2796 1450 2852 elﬁciatur
1472 2799 1812 2853 auditoribus
1831 2816 2013 2856 sermo

430 2889 647 2944 divinus
678 2899 732 2943 et
776 2891 958 2955 lectio,
1009 2892 1054 2946 si
1108 2892 1244 2946 nihil
1287 2892 1691 2962 explanationis
1741 2896 2010 2963 accipiat,

429 2984 716 3039 orantibus
764 2986 939 3051 vobis,
993 2996 1049 3041 et
1104 2986 1331 3042 Domino
1364 2990 1599 3043 donante
1637 2991 1751 3043 haec
1793 2992 2010 3043 interim

431 3075 498 3128 de
530 3074 905 3143 hujuscemodi
939 3077 1267 3133 lectionibus
1298 3080 1688 3150 perstringere,
1723 3098 1845 3150 quas
1876 3082 2011 3137 trdi-

430 3164 596 3221 ﬁcare
634 3169 844 3237 possint
878 3169 1093 3223 animas
1122 3178 1355 3224 nostras.
1393 3171 1449 3225 Si
1502 3188 1607 3241 qua
1637 3183 1820 3228 autem
1859 3183 2009 3242 sunt,

427 3277 550 3328 quae
577 3262 657 3315 vel
690 3276 791 3316 nos
832 3264 898 3315 ad
936 3278 1177 3331 prmsens
1206 3265 1414 3325 sentire
1446 3280 1550 3319 non
1582 3280 1895 3335 possumus,
1927 3270 2013 3325 vel

425 3369 525 3407 vos
559 3354 798 3408 nondum
837 3356 1064 3423 potestis
1090 3357 1300 3424 audire,
1327 3371 1391 3411 ex
1428 3357 1511 3412 his
1548 3368 1726 3413 tamen
1757 3376 1877 3429 qua:
1904 3363 2013 3419 dis-

426 3445 658 3501 si-rimus
701 3447 1065 3503 corrcctiores
1114 3458 1278 3517 atque
1328 3449 1732 3507 emendatiores
1781 3456 2007 3521 redditi,

425 3535 586 3601 etiam
619 3536 705 3591 illa
735 3553 854 3606 qum
887 3554 1031 3594 nunc
1058 3554 1255 3608 capere
1283 3553 1388 3592 non
1417 3554 1727 3608 possumus,
1755 3546 2011 3602 meliores

423 3628 602 3683 eﬁecti
648 3633 1144 3700 comprehensuros
1190 3648 1289 3689 nos
1332 3651 1560 3707 sperare
1609 3638 1894 3694 debemus.
1945 3640 2011 3695 Et

420 3722 642 3792 quidem
669 3724 938 3793 optimum
966 3726 1071 3780 erit
1096 3730 1210 3782 haec
1239 3729 1479 3798 assequi,
1511 3729 1636 3784 dum
1670 3730 1722 3784 in
1761 3731 1866 3788 hac
1897 3733 2009 3789 vita

424 3830 637 3879 sumus,
667 3816 755 3870 ubi
786 3816 987 3873 laboris
1011 3820 1294 3887 praemium
1314 3820 1521 3889 justum
1545 3831 1632 3877 est
1656 3841 1670 3877 :
1694 3824 1777 3879 sin
1806 3826 2007 3893 minus,

425 3917 550 3975 post
585 3908 791 3962 obitum
828 3906 1062 3964 fortasse
1095 3909 1442 3967 innotescent
1474 3914 1540 3968 iis
1573 3915 1668 3983 qui
1712 3918 2008 3972 merebun-

426 4009 535 4053 tur.
568 4000 958 4055 Verumtamen
987 4002 1155 4055 etiam
1189 4002 1316 4058 illud
1355 4004 1645 4072 admoneo,
1681 4022 1787 4061 non
1817 4024 2006 4076 parum

423 4104 490 4143 ex
526 4090 628 4142 hoc
662 4088 779 4157 ipso
815 4091 1067 4145 utilitatis
1105 4092 1304 4147 anima:
1351 4095 1613 4159 conferri,
1652 4098 1798 4166 quod
1846 4115 2009 4156 aures

424 4189 640 4233 nostras
663 4179 788 4235 licet
806 4180 1215 4253 Mobseura
1238 4185 1673 4260 videantur(5:’.),
1697 4202 2005 4259 penetrant.

424 4270 482 4324 Si
530 4270 675 4325 enim
721 4273 989 4327 creditum
1041 4281 1125 4327 est
1171 4289 1203 4328 a
1246 4277 1522 4343 gentibus,
1567 4279 1709 4347 quod
1757 4284 2006 4351 quaedam

2044 1697 2396 1758 Bstuporcm
2457 1687 2750 1759 quemdam
2810 1703 3004 1743 sensus
3058 1687 3324 1759 inﬂigere,
3379 1688 3466 1742 ubi
3523 1700 3705 1742 tamen

2118 1781 2321 1836 Christi
2371 1796 2477 1835 non
2534 1782 2797 1836 restiterit
2834 1782 3010 1837 ﬁdes:
3043 1793 3250 1851 quanto
3311 1781 3483 1847 magis
3539 1781 3709 1834 totius

2119 1874 2587 1943 prmcantationis,
2619 1883 2674 1927 et
2714 1875 2982 1928 carminis
3013 1874 3332 1928 validiorem
3359 1882 3411 1926 et
3438 1871 3708 1941 potentio-

2121 1982 2234 2021 rem
2281 1966 2587 2021 ducendam
2635 1967 2911 2022 credimus
2947 1981 3330 2038 quamcunque
3365 1964 3511 2019 illam
3555 1963 3705 2018 Scri-

2119 2070 2288 2128 ptura:
2304 2068 2527 2124 sanctae,
2548 2057 2629 2112 vel
2648 2073 2984 2121 sermonum,
3004 2059 3084 2113 vel
3099 2059 3378 2113 nominum
3391 2055 3504 2127 (56)
3521 2057 3707 2126 appel-

2118 2149 2405 2204 lationem?
2436 2150 2590 2204 Sicut
2613 2151 2759 2204 enim
2804 2149 2947 2218 apud
2988 2148 3232 2202 inﬁdeles
3269 2149 3561 2202 contraria:
3598 2146 3707 2198 vir-

2121 2250 2261 2296 tutes
2281 2240 2563 2295 audientes
2585 2240 2672 2294 illa
2687 2239 2770 2293 Vel
2784 2239 2872 2292 illa
2899 2240 3115 2293 nomina
3133 2239 3245 2308 (57)
3268 2237 3320 2290 in
3345 2236 3703 2299 carminibus,

2118 2334 2201 2389 vel
2234 2335 2782 2402 praicantationilms,
2828 2334 3030 2388 adsnnt
3065 2342 3120 2387 et
3166 2333 3432 2388 exhibent
3477 2330 3707 2384 famula-

2119 2434 2251 2492 tum,
2282 2436 2338 2480 et
2367 2427 2497 2480 dant
2530 2440 2752 2495 operam
2793 2428 2845 2479 in
2882 2427 3005 2488 hoc,
3054 2424 3121 2479 ad
3170 2424 3316 2495 quod
3375 2423 3615 2478 invocari
3645 2437 3705 2476 se

2117 2532 2185 2572 ex
2224 2518 2313 2573 illo
2339 2518 2424 2573 vel
2450 2534 2514 2572 ex
2548 2518 2637 2573 illo
2667 2517 2886 2573 nomine
2911 2521 3209 2581 senserint,
3252 2514 3412 2571 ofﬁcii
3448 2517 3532 2569 sui
3587 2530 3703 2567 rem

2116 2611 2518 2681 quodammodo
2557 2627 2624 2665 ac
2657 2611 2948 2666 ministerii
2990 2612 3074 2665 cui
3122 2611 3452 2679 semetipsos
3500 2609 3708 2663 manci-

2117 2707 2365 2776 paverint
2417 2706 2826 2774 dependentes:
2860 2719 2925 2759 eo
2974 2703 3146 2771 magis
3206 2705 3395 2772 utique
3448 2701 3703 2757 cmlestrs

2118 2799 2347 2852 virtutes
2373 2810 2429 2854 et
2461 2797 2637 2867 angeli
2679 2797 2796 2859 Dei,
2837 2796 2928 2865 qni
2965 2795 3248 2848 nobiscum
3281 2806 3429 2859 sunt,
3472 2795 3614 2848 sicut
3649 2804 3706 2845 et.

2116 2892 2378 2946 Dominus
2412 2890 2479 2944 de
2533 2888 2771 2959 parvulis
2809 2888 3070 2943 Ecclesia:
3117 2888 3333 2952 dicit",
3365 2888 3490 2957 quia
3526 2887 3705 2955 angeli

2119 2999 2307 3039 eorum
2342 2996 2559 3050 semper
2598 2983 2863 3036 assistunt
2914 2983 2966 3035 in
3010 2990 3309 3049 conspectu
3347 2979 3584 3043 Domini,
3619 2980 3705 3033 vi-

2043 3046 2086 3107 C
2118 3078 2308 3132 dentes
2346 3046 2542 3129 faciem
2576 3074 2713 3143 ejus,
2748 3074 2989 3127 libenter
3032 3082 3087 3125 et
3132 3046 3287 3142 grate
3323 3072 3618 3140 accipiunt,
3658 3072 3703 3125 si

2115 3179 2334 3234 semper
2367 3164 2533 3218 verba
2586 3162 2903 3231 Scripturaa,
2936 3169 2990 3216 et
3034 3163 3228 3215 horum
3281 3162 3565 3214 nominum
3602 3178 3703 3231 ap-

2114 3269 2434 3336 pellationes
2463 3265 2608 3321 velut
2634 3265 2873 3320 carmina
2893 3262 3138 3332 quaedam
3163 3274 3219 3318 et
3242 3263 3704 3333 praecantationes

2113 3376 2179 3415 ex
2208 3370 2398 3415 nostro
2426 3374 2522 3414 ore
2544 3371 2883 3429 promamus.
2917 3358 3056 3423 Quia
3091 3355 3190 3410 etsi
3227 3371 3326 3410 nos
3360 3370 3463 3409 non
3500 3353 3703 3408 intelli-

2114 3454 2291 3522 gimus
2317 3465 2437 3520 qua:
2464 3448 2532 3504 de
2566 3462 2661 3503 ore
2708 3443 3056 3515 proferimus,
3094 3445 3197 3500 illae
3251 3454 3434 3500 tamen
3475 3443 3706 3498 virtutes

2113 3558 2233 3612 quae
2264 3542 2423 3597 nobis
2446 3543 2645 3596 adsunt
2665 3538 2995 3610 intelligunt,
3017 3548 3072 3593 et
3103 3538 3253 3591 velut
3286 3537 3530 3593 carmine
3564 3552 3703 3605 quo-

2111 3638 2235 3691 dam
2269 3636 2512 3689 invitata:
2546 3634 2740 3689 adesse
2770 3639 2946 3702 nobis,
2988 3644 3041 3687 et
3074 3632 3221 3688 ferre
3254 3631 3516 3685 auxilium
3551 3630 3702 3686 dele-

2112 3740 2350 3785 ctantur.
2406 3730 2543 3796 Quia
2589 3739 2768 3783 autem
2804 3736 2931 3783 sunt
2986 3743 3092 3782 non
3151 3725 3327 3781 solum
3389 3724 3540 3779 circa
3600 3737 3702 3777 nos

2113 3823 2297 3877 multa:
2328 3822 2527 3877 divina:
2562 3822 2817 3889 virtutes,
2848 3820 2941 3877 sed
2974 3819 3139 3874 etiam
3165 3818 3306 3871 intra
3341 3831 3459 3883 nos,
3492 3815 3702 3869 indicat

2111 3914 2381 3984 Propheta
2422 3929 2549 3969 cum
2595 3913 2726 3968 dicit
2776 3913 2831 3967 in
2871 3909 3164 3965 Psalmis"
3197 3927 3210 3963 :
3246 3908 3540 3971 tBenedie,
3574 3906 3700 3959 ani-

2110 4023 2197 4062 ma
2231 4022 2375 4072 mea,
2398 4005 2712 4070 Dominum,
2736 4012 2792 4059 et
2812 4003 2996 4058 omnia
3029 4001 3289 4057 interiora
3324 4014 3464 4065 mea,
3501 4013 3697 4052 nomen

2110 4108 2360 4155 sanctum
2391 4097 2529 4164 ejus.
2554 4115 2571 4147 ι
2612 4095 2725 4150 Hoc
2758 4103 2843 4150 est
2878 4094 3063 4148 omnia
3103 4108 3225 4161 qua:
3255 4092 3396 4145 intra
3432 4105 3519 4144 me
3552 4099 3698 4143 sunt.

2108 4192 2332 4247 Constat
2361 4206 2489 4261 ergo
2520 4191 2725 4244 multas
2759 4203 2882 4243 esse
2912 4188 3147 4241 virtutes
3173 4188 3317 4240 intra
3348 4200 3471 4245 nos.
3500 4184 3700 4253 quibus

2109 4284 2194 4339 vel
2227 4284 2533 4337 animarum
2565 4291 2900 4346 nostrarum,
2944 4279 3029 4333 vel
3075 4294 3367 4348 corporum
3406 4293 3535 4332 cura
3570 4292 3698 4345 pcr-

420 4364 689 4430 carmina,
740 4379 878 4433 quas
930 4367 1389 4433 prmcantationes
1443 4371 1750 4439 appellant,
1810 4375 2007 4443 quibus
2039 4392 2083 4447 Ι)
2115 4377 2280 4429 missa
2308 4385 2415 4438 est,
2449 4388 2570 4443 quia
2619 4372 2808 4441 utique
2862 4376 2906 4426 si
2952 4381 3157 4427 sanctae
3196 4381 3348 4437 sunt,
3383 4385 3507 4425 cum
3548 4368 3701 4423 Scri-

420 4456 568 4511 istud
604 4455 741 4510 artis
772 4466 879 4521 est,
925 4456 1357 4523 insusurrantes,
1406 4462 1718 4517 nominibus
1741 4465 1853 4536 (55)
1879 4468 2002 4537 qui-

417 4547 647 4602 busdam
676 4547 1016 4617 compellatis
1057 4562 1179 4617 quae
1214 4565 1283 4605 ne
1323 4550 1397 4604 illi
1446 4552 1665 4621 quidem
1712 4557 1805 4625 qui
1843 4559 2002 4615 invo-

417 4647 568 4703 cant,
602 4648 823 4702 norunt,
864 4653 931 4693 ex
976 4638 1093 4693 solo
1128 4640 1278 4694 vocis
1325 4654 1462 4694 sono
1505 4643 1590 4695 vel
1638 4645 1857 4713 sopiunt
1886 4663 2007 4703 ser-

417 4742 635 4800 pentes,
674 4731 759 4786 vel
801 4733 967 4787 etiam
1002 4734 1068 4788 de
1113 4736 1367 4790 cavernis
1413 4738 1741 4806 protrahunt
1784 4742 2001 4797 abstru-

422 4824 497 4875 sis
523 4822 657 4894 (54).
690 4822 847 4893 Saepe
892 4836 1072 4879 autem
1102 4836 1157 4881 et
1186 4828 1239 4882 in
1272 4833 1597 4897 corporibus
1635 4833 1889 4889 humanis
1918 4845 2003 4888 tu-

423 4930 625 4983 mores,
662 4915 746 4969 vel
787 4917 1175 4989 l‘ervores(55),
1200 4931 1293 4976 aut
1322 4924 1427 4977 alia
1462 4925 1833 4993 hujuscemodi
1868 4945 2002 4985 voce

420 5009 538 5062 sola
591 5008 892 5078 reprimere
934 5011 1210 5077 dicuntur,
1256 5014 1529 5070 interdum
1586 5021 1754 5074 etiam
1802 5023 2002 5079 anima:

489 5122 537 5155 ⁷³
565 5123 758 5179 Matth.
818 5141 975 5191 xvtn,
1028 5126 1110 5182 10.
1185 5127 1235 5160 ⁷⁸
1256 5129 1398 5185 Psal.
1424 5148 1542 5199 cur,
1574 5136 1627 5190 1.

489 5222 606 5308 (50)
636 5222 788 5308 Libri
820 5235 976 5308 antea
1016 5225 1171 5291 editi,
1220 5229 1423 5308 ἐσθίειν
1467 5233 1585 5308 ούκ-
1614 5235 2004 5308 αἰσθανόμεθα,

417 5294 513 5382 sed
546 5304 695 5349 recte
719 5310 748 5349 a
780 5295 1063 5351 codicibus
1100 5314 1233 5355 mss.
1264 5304 1421 5357 abest
1450 5306 1717 5373 particula
1751 5294 2004 5377 neg‘ativa

414 5379 533 5417 ουκ.

490 5433 606 5503 (st)
648 5434 849 5492 Omnes
890 5451 1023 5494 mss.
1069 5442 1461 5501 Iurredilatum.
1500 5445 1653 5501 Libb.
1694 5422 2004 5508 editi-:Iue-

416 5508 713 5557 reditalem.

475 5522 713 5560 (ιιιαιειη.

634 5574 877 5659 Uterque
907 5575 1260 5659 Ebroicensis
1284 5586 1482 5652 codex,
1519 5588 1810 5644 «videatur
1834 5589 1998 5649 lectio

417 5646 582 5696 divini
618 5646 1178 5713 sermonis,illahitur.
1205 5676 1223 5709 ι

633 5716 813 5791 (ξοδεχ
841 5718 1154 5791 Sangerm.,
1188 5728 1512 5783 numinibus.

490 5786 603 5857 (ὑὶ)
635 5787 856 5859 Sopiuut
896 5786 1183 5863 serpentes,
1215 5802 1292 5854 vel
1338 5801 1494 5854 etiam
1524 5801 1587 5858 de
1617 5805 1854 5860 cavernis
1881 5822 1996 5877 pro-

2117 4478 2291 4537 pturzc
2322 4466 2574 4536 leguntur
2614 4464 2728 4537 (58)
2761 4480 2788 4518 a
2826 4465 3006 4530 nobis,
3055 4463 3424 4529 delectantur,
3474 4471 3529 4516 et
3559 4462 3698 4517 vali-

2115 4561 2294 4616 diores
2336 4574 2462 4628 erga
2515 4559 2687 4613 nostri
2735 4558 3073 4626 diligentiam
3121 4558 3257 4611 ﬁunt
3299 4557 3345 4611 si
3390 4556 3588 4628 linguis
3619 4556 3701 4611 lo-

2113 4671 2365 4725 quamur,
2421 4664 2476 4707 et
2530 4654 2752 4723 spiritus
2817 4661 3007 4706 noster
3057 4660 3202 4716 oret,
3265 4665 3461 4705 sensus
3515 4662 3698 4706 autem

2115 4761 2301 4803 noster
2331 4749 2447 4803 sine
2480 4748 2657 4802 fructu
2690 4749 2759 4802 sit
2807 4742 2877 4795 ⁷⁵.
2930 4746 3074 4801 Dixit
3095 4746 3240 4800 enim
3267 4754 3321 4800 et
3353 4745 3453 4799 hoc
3477 4757 3699 4802 sanctus

2110 4838 2423 4909 Apostolus,
2458 4848 2512 4892 et
2541 4840 2740 4893 mirum
2786 4839 3197 4910 quodammodo
3228 4840 3544 4907 mysterium
3593 4838 3697 4891 hn-

2112 4936 2288 4987 manis
2324 4933 2549 4986 auribus
2571 4931 3024 5001 protulit.dicens
3055 4930 3352 5002 aliquando
3373 4931 3488 4985 ﬁeri
3515 4943 3697 5000 posse,

2111 5036 2170 5079 ut
2199 5025 2424 5095 spiritus
2453 5024 2545 5093 qui
2582 5024 2634 5078 in
2684 5023 2841 5078 nobis
2879 5031 2960 5079 est
2999 5035 3143 5090 oret,
3179 5035 3237 5080 et
3286 5041 3478 5081 sensus
3513 5032 3700 5080 noster

1707 5138 1752 5169 '"‘
1774 5137 1791 5191 Ι
1817 5138 1942 5196 Cor.
1971 5159 2082 5211 xxv,
2108 5143 2197 5198 Η.

2113 5241 2328 5294 trahunt
2351 5239 2631 5293 abstrusis.
2657 5238 2749 5295 Sic
2779 5248 2925 5294 recte
2953 5239 3117 5293 habet
3140 5254 3281 5292 unus
3305 5236 3653 5292 Ebroicensis
3674 5255 3692 5292 :

2111 5310 2237 5365 libri
2284 5325 2411 5364 vero
2460 5310 2590 5364 editi
2638 5330 2654 5362 ι
2677 5311 2961 5378 SOpiantur
2990 5319 3294 5379 serpentes,
3322 5310 3404 5361 vel
3432 5309 3596 5361 etiam
3625 5308 3694 5363 de

2111 5381 2365 5441 cavernis
2395 5380 2784 5447 protrahantur
2818 5382 3079 5435 abstrusi.
3115 5399 3133 5432 ι

2180 5451 2293 5523 (55)
2335 5446 2428 5523 Vel
2449 5452 2699 5523 fervores.
2725 5450 2887 5506 Deest
2918 5452 2971 5505 in
2992 5451 3158 5505 ’libris
3189 5456 3346 5503 antea
3380 5446 3561 5509 editis,
3595 5447 3691 5502 sed

2108 5520 2308 5593 legitur
2338 5522 2393 5593 in
2429 5520 2680 5593 Omnibus
2710 5538 2841 5577 mss.

2181 5590 2294 5663 (56)
2323 5592 2505 5647 Codex
2531 5590 2844 5663 Sangerm.,
2874 5610 2894 5644 ε
2920 5592 3222 5647 numinum.
3245 5609 3263 5641 ι

2176 5662 2291 5730 (⁷57)
2326 5663 2468 5717 Idem
2497 5680 2511 5716 :
2547 5680 2565 5713 ‹
2589 5662 2831 5715 numina.
2857 5681 2875 5713 ι

2177 5733 2290 5805 (58)
2315 5731 2474 5805 Libh.
2503 5732 2635 5787 editi
2669 5750 2682 5786 :
2714 5748 2734 5783 ι
2763 5733 2804 5784 si
2830 5740 3035 5790 sanctae
3062 5730 3355 5804 Scriptura:
3378 5731 3680 5804 leguntum

2106 5803 2236 5862 Mss.
2274 5803 2333 5860 ut
2364 5804 2416 5860 in
2455 5812 2642 5860 nostro
2676 5812 2842 5858 textu.
3194 5803 3198 5804 ⁷
3438 5842 3443 5845 -
