4146 6460
439 346 547 402 9'23

1908 342 2234 401 ORIGENIS

3625 354 3730 407 9‘23

444 472 567 527 sine
602 470 778 526 fructu
812 472 900 527 sit.
946 473 1194 544 lntellige
1226 486 1358 542 ergo
1388 486 1454 527 ex
1485 472 1609 538 hoc,
1655 473 1779 541 quia
1830 472 1889 527 fit
1934 474 2032 527 ali-
2061 478 2107 534 Α
2139 481 2315 526 tamen
2351 471 2616 525 debemus
2650 471 2778 540 quia
2806 471 2957 525 utilis
2985 479 3090 526 est.
3126 470 3318 526 Solent
3358 471 3551 526 medici
3593 487 3739 540 prae-

449 569 675 634 quando
711 576 897 620 noster
928 568 1148 636 quidem
1186 582 1380 620 sensus
1411 567 1529 619 sine
1563 564 1741 619 fructu
1771 580 1784 616 :
1812 566 2038 634 spiritus

448 672 655 721 autem,
704 662 755 714 id
802 670 884 715 est
917 662 1149 715 virtutes
1197 660 1322 725 illae,
1361 675 1482 729 qua:
1518 660 1715 713 anima:
1750 670 1951 713 nostra!
1985 659 2037 711 in

451 751 783 820 adjutorium
850 754 989 806 datae
1042 763 1191 817 sunt,
1252 760 1555 821 pascuntur
1607 759 1662 803 et
1719 750 2041 804 reficiuntur

449 858 515 897 ex
550 844 740 897 auditu
769 844 1073 913 Scriptura:
1102 855 1333 909 sanctte,
1367 843 1516 897 velut
1541 858 1609 896 ex
1636 841 1837 895 divinis
1869 854 1922 896 et
1953 858 2042 896 ra-

456 937 806 992 tionabilibus
856 937 1015 991 cibis.
1065 936 1206 1002 Quid
1257 935 1380 990 diro
1410 936 1536 1004 quia
1586 934 1782 988 divinae
1811 934 2041 989 virtutes

450 1040 747 1099 pascantur
783 1041 837 1085 et
880 1032 1171 1100 cpulentur
1216 1029 1270 1083 in
1310 1030 1490 1094 nobis,
1535 1027 1578 1081 si
1630 1042 1729 1082 nos
1762 1028 1927 1082 verba
1963 1028 2044 1081 di-

452 1122 594 1177 vinae
629 1122 930 1193 Scriptura:
970 1122 1322 1193 proferamus
1351 1136 1417 1175 ex
1462 1120 1593 1176 ore?
1624 1119 1747 1190 lpse
1781 1119 2044 1174 Dominus

452 1227 643 1271 noster
669 1216 828 1271 Jesus
853 1216 1106 1271 Christus
1139 1215 1182 1270 si
1228 1230 1326 1270 nos
1375 1214 1618 1267 inveniat
1648 1213 1733 1267 his
1759 1223 2041 1279 vacantes,

451 1318 508 1361 et
541 1308 915 1376 hujuscemodi
950 1310 1147 1362 studiis
1174 1318 1229 1363 et
1258 1309 1543 1364 exercitiis
1570 1324 1793 1378 operam
1826 1311 2040 1378 dantes,

454 1418 561 1453 non
604 1401 780 1454 solum
812 1402 959 1468 pasci
991 1410 1042 1455 et
1076 1400 1223 1456 refici
1258 1403 1515 1471 dignatur
1558 1404 1611 1458 iu
1644 1408 1822 1471 nobis,
1855 1420 2041 1461 verum

454 1493 621 1545 etiam
660 1492 703 1546 si
764 1490 865 1546 bas
919 1495 1107 1563 epulas
1143 1495 1285 1563 apud
1342 1511 1439 1549 nos
1480 1496 1676 1551 viderit
1727 1511 2039 1570 apparatas,

456 1583 672 1639 Patrem
722 1600 906 1639 secum
963 1586 1217 1655 dignatur
1267 1587 1559 1641 adducere.
1608 1587 1712 1643 Sed
1762 1592 1876 1645 haec
1916 1593 2043 1661 quia

457 1676 591 1730 satis
621 1691 810 1745 magna
842 1686 898 1731 ct
925 1692 1087 1745 supra
1123 1678 1398 1731 hominem
1432 1678 1711 1745 videntur,
1751 1696 1857 1734 non
1911 1684 2046 1737 meis

458 1770 573 1837 tibi,
606 1770 697 1823 sed
752 1770 924 1839 ipsius
982 1769 1196 1823 Domini
1245 1776 1299 1823 et
1340 1769 1646 1826 Salvatoris
1696 1772 2045 1828 sermonibus

2143 566 2272 620 here
2294 565 2564 619 interdum
2587 566 2764 618 cibum
2786 565 3043 635 aliquem,
3062 566 3335 619 interdum
3361 567 3525 618 etiam
3548 576 3730 638 potum

2144 657 2291 715 dare.
2321 656 2468 711 verbi
2506 658 2677 727 gratia
2704 658 2770 711 ad
2798 657 3198 711 discutiendam
3225 659 3509 727 caliginem
3542 660 3728 716 visus:

2141 746 2303 820 445
2361 764 2456 802 nec
2515 758 2693 803 tamen
2742 750 2792 803 iu
2828 751 3039 805 edendo
3074 752 3189 820 ipso
3221 752 3382 816 cibo,
3418 752 3499 807 vel
3552 754 3602 807 in
3637 770 3733 824 p0-

2146 841 2309 893 tando
2333 841 2603 895 sentimus
2642 842 2768 910 quia
2811 842 2943 897 utile
2991 852 3095 907 est,
3138 853 3193 897 et
3244 844 3465 912 prodest
3508 844 3729 901 oculis:

2144 933 2239 986 sed
2278 949 2399 985 cum
2431 934 2711 987 transierit
2744 936 2860 987 dies
2906 951 3013 988 una
3044 946 3098 989 et
3124 936 3291 989 altera
3334 943 3385 990 et
3408 937 3564 990 tertia
3592 936 3731 1010 (Gl),

2144 1039 2242 1079 suo
2270 1026 2319 1079 iu
2354 1035 2593 1095 tempore
2630 1044 2728 1096 per
2757 1028 3001 1083 occultos
3025 1031 3287 1098 quosdam
3330 1044 3540 1089 meatus
3567 1037 3732 1091 relata

2146 1118 2211 1171 ad
2245 1118 2414 1173 visum
2447 1121 2553 1175 cibi
2596 1122 2737 1178 illius
2776 1134 2869 1177 aut
2895 1126 3071 1194 poculi
3100 1129 3292 1191 virtus,
3317 1130 3576 1198 paulatim
3610 1147 3737 1202 pur-

2145 1224 2235 1284 gat
2279 1224 2587 1284 aspectum,
2620 1228 2675 1272 et
2723 1227 2850 1273 tunc
2891 1218 3106 1273 demum
3155 1223 3364 1276 sentire
3418 1225 3732 1293 incipimus,

2147 1307 2273 1375 quia
2309 1308 2462 1362 cibus
2496 1308 2583 1363 ille
2620 1310 2702 1365 vel
2752 1322 2910 1381 potus
2955 1311 3157 1380 profuit
3207 1315 3405 1370 oculis.
3439 1316 3547 1372 Sed
3593 1328 3645 1375 et
3678 1320 3730 1377 in

2146 1397 2269 1452 aliis
2301 1399 2549 1455 similiter
2590 1403 2841 1472 corporis
2882 1404 3124 1473 partibus
3160 1407 3348 1461 eadem
3394 1408 3506 1463 ﬁeri
3532 1412 3733 1468 solent.

2148 1485 2263 1542 lloc
2298 1504 2428 1559 ergo
2466 1492 2625 1545 modo
2654 1494 2980 1548 credendum
3021 1506 3101 1549 est
3145 1497 3310 1551 etiam
3352 1500 3417 1555 de
3452 1501 3735 1573 Scriptura

2148 1589 2356 1644 sancta,
2404 1584 2529 1649 quia
2582 1584 2732 1637 utilis
2761 1594 2868 1652 est,
2899 1598 2953 1641 et
2998 1590 3192 1645 anima:
3237 1592 3478 1660 prodest,
3512 1595 3732 1650 etiamsi

2148 1684 2341 1727 sensus
2376 1685 2568 1730 uoster
2590 1676 2656 1730 ad
2688 1692 2930 1745 praesens
2967 1680 3385 1753 intelligentiam
3425 1702 3529 1741 non
3572 1690 3737 1759 capit,

2151 1767 2426 1834 quoniam,
2454 1779 2510 1823 ut
2539 1771 2794 1837 diximus,
2820 1783 2873 1827 et
2895 1773 3047 1829 bona:
3064 1777 3288 1833 virtutes
3317 1794 3435 1847 qua:
3469 1780 3621 1834 nobis
3645 1781 3739 1834 ad-

454 1865 879 1933 comprobentur
921 1863 1227 1920 dicentis”
1258 1882 1271 1918 ;
1303 1882 1321 1914 1
1347 1864 1518 1919 Amen
1561 1864 1684 1919 dico
1732 1865 1884 1920 vobis
1918 1866 2046 1936 quia
2080 1850 2122 1904 Β
2150 1869 2297 1927 sunt,
2329 1861 2652 1918 reficiuntur
2676 1868 2727 1918 in
2754 1866 2839 1920 his
2864 1870 3211 1924 sermonibus
3235 1878 3288 1923 et
3319 1881 3643 1940 pascuntur.
3680 1887 3736 1928 et

453 1973 555 2028 ego
585 1968 638 2010 et
670 1957 832 2012 Pater
862 1958 1171 2023 veniemus,
1206 1967 1261 2011 et
1302 1959 1641 2013 mansionem
1673 1959 1961 2024 faciemus,
1993 1968 2050 2012 et

455 2050 795 2105 ccenabimus
828 2050 971 2119 apud
1018 2064 1169 2103 eum.
1201 2069 1220 2101 1
1262 2049 1474 2116 Quem?
1506 2049 1653 2103 illum
1683 2052 1927 2119 profecto
1956 2050 2049 2121 qui

454 2153 550 2192 Sua
582 2141 836 2194 mandata
879 2140 1134 2194 custodit.
1169 2139 1299 2207 Sed,
1330 2142 1474 2194 sicut
1508 2140 1769 2206 diximus,
1820 2142 1951 2210 quia
1980 2156 2046 2197 ex

457 2230 833 2297 hujuscemodi
881 2231 1350 2296 meditationibus,
1397 2232 1707 2287 divinarum
1757 2248 1889 2303 erga
1946 2249 2045 2290 nos

462 2326 722 2376 virtutum
751 2324 1023 2376 consortia
1043 2334 1098 2376 et
1121 2323 1295 2378 ofﬁcia
1325 2338 1692 2394 provocamus
1718 2341 1733 2379 :
1762 2324 1836 2379 ita
1867 2339 1897 2379 e
1920 2340 2053 2380 con-

462 2415 631 2469 trario
660 2416 1018 2485 maliguarum
1045 2416 1302 2470 virtutum
1329 2417 1578 2481 insidias,
1599 2427 1654 2472 et
1685 2418 2048 2486 pessimorum

460 2508 769 2561 daemonum
803 2507 1168 2572 incursiones,
1199 2524 1263 2563 ex
1318 2510 1695 2581 hujuscemodi
1734 2525 2049 2565 sermonum

460 2610 513 2654 et
554 2604 833 2655 nominum
878 2603 1336 2674 appellationibus
1368 2604 1694 2673 ell'ugamus.
1725 2602 1888 2658 Verbi
1923 2617 2051 2673 gra-

467 2694 563 2753 tia,
588 2703 648 2746 ut
677 2695 723 2747 si
758 2696 880 2764 quis
903 2708 1141 2752 vestrum
1170 2698 1469 2769 aliquando
1495 2697 1768 2768 perspexit
1798 2712 2049 2766 praacan-

464 2788 759 2843 tationibus
799 2791 1033 2857 snpitum
1075 2802 1391 2862 serpentem
1430 2794 1640 2862 portari
1678 2794 1732 2847 iu
1769 2792 2047 2859 manibus,

462 2878 546 2930 vel
578 2881 819 2946 protrahi
859 2882 924 2936 de
948 2884 1196 2939 cavernis
1243 2884 1377 2939 nihil
1437 2887 1710 2940 valentem
1741 2900 1938 2940 nocere
1963 2900 2055 2940 ve-

469 2972 646 3037 nenis,
678 2983 867 3042 utpote
896 2975 1285 3032 incantationis
1325 2978 1528 3033 virtute
1564 2977 1907 3048 torpentibus
1938 2996 1951 3031 :
1981 2978 2056 3032 ita

461 3066 627 3119 etiam
661 3066 909 3123 lectionis
949 3070 1144 3125 divinae
1178 3071 1400 3135 virtute,
1430 3072 1473 3125 si
1503 3072 1625 3140 quis
1663 3071 1805 3125 intra
1836 3084 1936 3125 nos
1963 3078 2051 3124 est

463 3162 755 3216 contraria:
805 3166 1095 3233 potestatis
1141 3180 1397 3236 serpens,
1449 3166 1493 3221 si
1532 3166 1655 3234 quis
1689 3164 1756 3219 ad
1793 3164 2056 3219 insidian-

464 3253 591 3305 dum
621 3255 844 3311 coluber
876 3246 1031 3324 latet,
1066 3258 1110 3313 si
1156 3259 1433 3329 patienter
1460 3258 1627 3323 feras,
1660 3258 1707 3312 si
1739 3272 1844 3312 non
1896 3258 2057 3313 taedio

465 3344 723 3414 fatigatus
750 3358 969 3403 avertas
998 3350 1266 3416 auditum,
1298 3350 1604 3419 Scriptum
1636 3349 1978 3406 carminibus
2002 3357 2058 3403 et

466 3436 635 3490 divini
672 3440 941 3494 sermonis
973 3441 1300 3496 assiduitate
1332 3442 1643 3511 depcllitur.

538 3528 594 3581 2.
623 3527 679 3582 Si
716 3545 846 3601 ergo
884 3532 1059 3597 vides,
1091 3549 1123 3588 ο
1160 3533 1398 3601 auditor,
1425 3534 1720 3603 aliquando
1742 3533 1882 3605 legis
1909 3532 2061 3589 Scri-

468 3634 684 3687 pluram
718 3622 769 3676 in
803 3624 1032 3679 auribus
1065 3626 1169 3680 tuis
1196 3642 1359 3695 quam
1392 3642 1496 3681 non
1526 3626 1805 3697 intelligis,
1838 3637 1893 3684 et
1926 3643 2058 3683 sen-

470 3732 564 3769 sus
587 3715 702 3783 ejus
732 3718 825 3771 tibi
851 3720 1064 3773 videtur
1093 3720 1383 3785 obscurus,
1409 3721 1625 3774 interim
1656 3721 1796 3774 hanc
1823 3721 2058 3789 primam

469 3810 688 3877 suscipe
718 3811 1027 3874 utilitatem.
1066 3815 1212 3882 quod
1246 3813 1362 3868 solo
1394 3813 1584 3868 auditu
1625 3813 1773 3868 velut
1808 3829 2059 3883 praecan-

473 3900 680 3953 tatioue
730 3901 988 3969 quadam,
1020 3904 1308 3956 noxiarum
1343 3903 1626 3965 virtutum,
1666 3918 1788 3971 quae
1834 3912 1886 3958 te
1913 3902 2062 3958 obsi-

473 3991 607 4044 dent
633 4001 686 4044 et
716 4007 835 4059 quae
862 3992 956 4045 tibi
1004 3993 1349 4057 insidiantur,
1379 3993 1531 4047 virus
1572 3992 1863 4060 depcllitur
1891 4005 1945 4049 et
1980 3994 2063 4048 fu-

473 4094 654 4153 gatur.
690 4083 930 4139 Observa
982 4095 1188 4139 tantum
1241 4100 1307 4139 ne
1358 4084 1611 4140 trlﬁciaris
1656 4087 1796 4141 sicut
1846 4087 2066 4157 aspides

476 4176 683 4240 surdm,
721 4188 775 4231 et
808 4178 1131 4233 obturantes
1157 4179 1270 4252 (59)
1302 4196 1461 4235 aures
1493 4183 1813 4247 suas",'ne
1839 4184 2068 4237 audiant

477 4282 665 4321 vocem
697 4268 1083 4325 incarnationis
1111 4280 1164 4325 et
1192 4272 1467 4338 veneficii,
1500 4275 1642 4342 quod
1687 4274 2003 4328 incantatur
2034 4287 2064 4326 a

478 4360 746 4429 Sapiente.
790 4361 948 4415 Verbi
983 4378 1169 4429 causa,
1199 4374 1283 4418 est
1316 4377 1539 4417 carmen
1587 4363 1732 4432 quod
1765 4375 2067 4432 praecanta-

480 4461 571 4511 tur
597 4467 651 4507 et
684 4456 899 4509 canitur
929 4455 1044 4526 (60)
1092 4471 1119 4508 a
1154 4456 1403 4525 sapiente
1443 4456 1616 4521 Mnse,
1655 4466 1710 4510 et
1745 4458 1890 4525 quod
1928 4470 2069 4525 prae-

480 4559 732 4601 cantatur
763 4559 819 4603 et
849 4550 1066 4603 canitur
1100 4564 1130 4603 a
1169 4549 1416 4619 sapiente
1446 4546 1574 4604 Jesu
1606 4548 1782 4613 Nave,
1830 4558 1888 4604 et
1921 4551 2067 4618 quod

483 4650 852 4714 praecattlalttr
883 4649 937 4694 et
974 4641 1188 4695 canitur
1219 4656 1247 4693 a
1282 4640 1626 4710 sapientibus
1657 4638 1915 4695 omnibus
1943 4654 2070 4708 pro-

485 4732 684 4801 phetis.
723 4733 848 4788 llaec
884 4744 1062 4787 autem
1115 4733 1323 4788 idcirco
1371 4733 1627 4797 diximus,
1672 4747 1740 4786 ne
1790 4731 2069 4787 fastidium

485 4826 766 4893 rapiamus
796 4826 1080 4880 audientes
1115 4825 1459 4895 Scripturas,
1492 4826 1659 4880 etiam
1693 4828 1738 4881 si
1777 4840 1883 4879 nou
1915 4822 2075 4878 intel-

486 4918 726 4986 ligimus,
776 4915 870 4971 sed
916 4920 1009 4972 tiat
1054 4918 1214 4972 nobis
1260 4919 1558 4973 secundum
1605 4916 1766 4971 [idem
1803 4925 2073 4980 nostram,

484 5011 840 5067 credentibus
865 5012 995 5082 quia
1043 5031 1062 5065 1
1086 5014 1265 5067 omnis
1295 5012 1581 5081 Scriptura
1610 5009 1875 5066 divinitus
1907 5009 2077 5078 inspi-

487 5115 605 5158 rata
641 5104 791 5158 utilis
817 5108 981 5159 est”.
1016 5121 1034 5153 1
1075 5105 1133 5160 Si
1161 5121 1291 5176 ergo
1321 5105 1588 5159 divinitus
1622 5103 1883 5172 inspirata
1910 5109 1995 5153 est
2021 5108 2078 5153 et

489 5198 658 5264 utilis,
701 5198 917 5253 etiamsi
980 5213 1086 5253 non
1141 5199 1443 5253 sentiamus
1490 5194 1807 5258 utilitatem,
1852 5192 2078 5247 credere

1137 5318 1180 5348 ⁷⁷
1204 5314 1294 5371 Ps.
1326 5331 1481 5383 Lvut,
1518 5316 1572 5381 4,
1607 5316 1659 5373 5.

562 5435 675 5504 (591
717 5434 897 5487 Codex
928 5431 1239 5504 S‘angerm"
1276 5451 1295 5486 1
1318 5434 1670 5489 obduraules.
1693 5454 1711 5487 1

566 5505 678 5573 (60;
727 5504 788 5557 Et
830 5503 1061 5557 canitur.
1094 5505 1251 5559 Deest
1284 5506 1334 5558 in
1374 5505 1502 5560 libb.
1531 5506 1714 5571 editis,
1744 5507 1837 5561 sed
1878 5503 2078 5574 legitur

495 5575 548 5629 in
590 5574 844 5627 munibus
882 5593 1013 5629 mss.

559 5317 607 5350 ⁷⁸
631 5314 791 5371 Joan.
824 5331 936 5383 xw,
968 5316 1063 5371 25.

1736 5316 1782 5347 ⁷⁸
1812 5314 1853 5368 ll
1884 5315 2025 5373 Tim.
2058 5330 2142 5385 111,
2169 5313 2258 5369 16.

2152 1955 2446 2009 contrariae
2480 1963 2798 2027 torpescunt
2851 1960 2936 2015 his
2984 1965 3461 2031 meditationibus,
3500 1977 3554 2020 et
3601 1965 3737 2021 ellu-

2151 2059 2368 2115 gantur.
2389 2048 2494 2102 Sed
2515 2048 2748 2107 fortasse
2765 2053 2966 2109 dicitur
2993 2056 3062 2109 ab
3089 2058 3426 2114 auditoribus
3445 2059 3588 2130 (62):
3616 2061 3741 2116 Haec

2153 2138 2310 2194 nobis
2345 2140 2552 2196 idcirco
2577 2143 2735 2210 dicis,
2771 2155 2827 2200 ut
2852 2155 2902 2202 te
2926 2148 2993 2203 ab
3022 2149 3200 2205 ollieio
3232 2151 3625 2221 disputationis
3645 2168 3741 2207 ex-

2152 2247 2310 2288 cuses
2338 2244 2393 2288 et
2434 2234 2487 2288 in
2524 2235 2591 2291 iis
2627 2237 2807 2303 ﬁnias,
2849 2254 3023 2311 neque
3062 2243 3356 2312 quidquam
3404 2258 3627 2312 prorsus
3656 2243 3741 2297 vel

2152 2339 2221 2380 ex
2254 2325 2321 2380 iis
2354 2328 2553 2395 quibus
2602 2331 2861 2400 possibile
2889 2341 2995 2394 est,
3029 2333 3422 2387 consolationis
3454 2334 3739 2401 exhibeas,

2155 2431 2331 2487 neque
2388 2429 2447 2474 ut
2496 2420 2787 2477 Dominum
2835 2425 3150 2492 depreceris
3189 2437 3450 2495 praestare
3506 2427 3739 2497 gratiam

2154 2524 2307 2564 suam
2346 2512 2412 2566 ad
2457 2514 2749 2569 revelanda
2800 2531 2863 2570 ea
2905 2532 3024 2586 qua:
3074 2518 3212 2573 lecta
3246 2529 3391 2582 sunt,
3420 2529 3478 2573 ut
3514 2536 3739 2589 parvum

2155 2603 2350 2659 saltem
2389 2606 2570 2660 cibum
2607 2622 2674 2662 ex
2723 2609 3062 2663 occultorum
3093 2620 3149 2665 et
3180 2622 3515 2665 secretorum
3551 2612 3741 2679 expla-

2158 2698 2382 2752 natione
2431 2712 2741 2755 sumamus.
2789 2699 2904 2756 Non
2953 2702 3055 2756 ista
3086 2702 3152 2756 de
3209 2718 3374 2756 causa
3432 2704 3547 2757 haec
3598 2703 3743 2757 dixi-

2157 2804 2302 2853 mus,
2336 2805 2434 2844 uec
2492 2801 2819 2846 excusantes
2877 2807 2976 2847 nos
3027 2794 3124 2847 ista
3163 2793 3522 2861 protulimus.
3551 2795 3643 2849 sed
3688 2802 3748 2849 ut

2160 2882 2582 2937 ostenderemus
2623 2883 2677 2937 in
2710 2882 3011 2953 Scripturis
3045 2886 3248 2940 sanctis
3276 2900 3395 2941 esse
3425 2886 3531 2940 vim
3564 2902 3757 2955 quam-

2158 2973 2306 3041 dam,
2360 2988 2480 3043 qua:
2518 2973 2715 3045 legenti
2754 2975 2919 3030 etiam
2986 2977 3104 3032 sine
3152 2977 3539 3046 explanatione
3595 2978 3746 3033 suill-

2159 3068 2290 3122 ciat.

2231 3158 2284 3212 5.
2324 3157 2479 3215 Nunc
2502 3173 2658 3223 vero,
2684 3160 2942 3228 quoniam
2986 3175 3093 3215 non
3126 3162 3283 3217 nobis
3314 3163 3510 3218 suilicit
3542 3172 3753 3232 tempus

2162 3258 2219 3303 ut
2241 3250 2308 3305 de
2334 3252 2588 3307 omnibus
2623 3268 2743 3320 quae
2786 3253 2920 3308 lecta
2967 3262 3093 3309 sunt
3128 3252 3239 3326 (65)
3273 3256 3626 3321 disseramus,
3667 3258 3752 3311 vel

2160 3357 2333 3412 pauca
2362 3343 2576 3408 Saltem,
2606 3344 3044 3413 proutDominns
3058 3348 3370 3412 donaverit,
3410 3350 3756 3420 perstringeo

2162 3449 2304 3491 mus.
2347 3434 2564 3489 Initium
2605 3436 2999 3493 distribuenda:
3034 3440 3367 3493 barreditatis
3404 3455 3565 3507 quam
3594 3439 3754 3496 Jesus

2161 3526 2451 3590 distribuit,
2477 3528 2661 3596 incipit
2681 3530 3062 3585 aCaleb.Data
3096 3541 3179 3585 est
3206 3531 3404 3585 etenim
3436 3534 3558 3585 huic
3587 3531 3759 3587 Caleb

2163 3619 2433 3689 partionis
2468 3636 2579 3674 sua:
2609 3636 2731 3675 sors
2775 3620 3093 3690 priusquam
3118 3622 3291 3676 tribus
3308 3636 3428 3685 sua,
3450 3636 3570 3690 quae
3590 3634 3671 3676 est
3699 3624 3755 3675 ti-

2164 3711 2360 3766 liorum
2386 3711 2542 3776 Juda,
2571 3712 2908 3782 perciperet;
2935 3722 2989 3767 et
3018 3714 3177 3766 datur
3197 3713 3245 3768 ei
3276 3730 3381 3766 non
3418 3714 3468 3766 iu
3498 3715 3759 3768 extremis

2166 3805 2439 3874 aliquibus
2462 3807 2725 3873 partibus,
2744 3808 2836 3861 sed
2861 3807 2912 3861 111
2933 3807 3108 3861 medio
3129 3806 3358 3861 filiorum
3376 3804 3513 3860 Juda
3536 3808 3755 3860 :etdata

2166 3906 2251 3951 est
2276 3899 2323 3951 ei
2353 3899 2529 3965 portio
2556 3914 2661 3952 non
2681 3914 2775 3968 per
2794 3908 3020 3959 sortem,
3043 3897 3134 3950 sed
3173 3910 3268 3965 per
3290 3906 3623 3967 praeceptum
3653 3896 3757 3951 Do-

2169 3989 2321 4053 mini,
2340 3999 2394 4043 et
2415 3990 2577 4044 datur
2598 3990 2645 4043 ei
2672 3990 2869 4044 civitas
2898 3990 3126 4057 integra.
3144 3986 3315 4054 Quem
3334 3988 3500 4041 alium
3530 3987 3754 4057 dignum

2168 4098 2285 4137 erat
2312 4083 2470 4137 talem
2500 4082 2755 4151 consequi
2791 4082 3187 4149 haereditatcm,
3212 4092 3265 4137 et
3289 4081 3449 4136 talem
3477 4082 3759 4150 percipere

2170 4176 2501 4246 portionem,
2544 4177 2643 4230 nisi
2670 4175 2854 4239 (laleb,
2882 4175 2974 4245 qui
3019 4175 3168 4230 solus
3211 4175 3393 4229 salvus
3418 4172 3641 4227 ellectus
3676 4182 3761 4226 est

2170 4283 2291 4323 Cum
2315 4267 2441 4323 Jesu
2461 4267 2625 4334 Nave,
2646 4282 2709 4322 ex
2735 4268 3009 4321 sexcentis
3031 4266 3267 4320 millibus
3288 4274 3643 4321 armatorum,
3666 4261 3761 4326 qui

2173 4362 2419 4416 exierant
2442 4360 2509 4413 de
2537 4358 2777 4430 [Egypto
2801 4360 2823 4412 i
2858 4357 3035 4427 Ipsum
3064 4360 3350 4425 oportebat
3372 4354 3484 4425 (61)
3517 4355 3763 4421 accipere

2176 4453 2543 4523 metropolim.
2567 4451 2635 4508 Et
2658 4453 2775 4507 ideo
2810 4452 3073 4522 scriptum
3106 4458 3192 4504 est
3213 4449 3281 4502 7°:
3312 4467 3331 4499 1
3362 4446 3578 4501 Deditei
3605 4444 3764 4500 Jesus

2177 4542 2452 4598 civitatem
2472 4543 2650 4596 Arbnc
2668 4539 3010 4610 metropolim
3029 4537 3235 4601 Enacb,
3253 4552 3374 4605 quae
3391 4546 3472 4590 est
3487 4536 3764 4599 Chebron,

2176 4636 2231 4689 in
2270 4650 2375 4703 qua
2415 4642 2574 4688 erant
2621 4632 2896 4687 memoriae
2940 4639 3173 4699 patrum.
3204 4646 3224 4680 1
3258 4627 3357 4682 llic
3418 4628 3583 4699 igitur
3630 4627 3768 4681 civi-

2177 4737 2287 4783 tate
2314 4727 2518 4791 Arboc,
2555 4741 2675 4796 quae
2710 4736 2829 4779 erat
2876 4721 3189 4791 metropolis
3237 4721 3419 4775 Enach
3443 4762 3458 4785 ,
3516 4735 3637 4788 quin
3681 4728 3767 4773 est

2176 4819 2450 4881 Chebron,
2489 4814 2871 4871 exterminavit
2912 4812 3033 4867 inde
3072 4820 3182 4865 tres
3221 4810 3361 4865 filios
3396 4811 3580 4865 Enach
3622 4808 3759 4879 (65).

2128 4912 2322 4979 ,Quid
2409 4920 2568 4979 putas
2636 4907 2796 4963 nobis
2868 4905 3053 4960 volens
3121 4905 3407 4975 Scriptura
3476 4904 3763 4957 ostendere

2182 5004 2346 5059 etiam
2377 5004 2479 5057 hoc
2508 4998 2833 5069 designavit,
2870 4995 3011 5067 quod
3052 4994 3217 5051 Caleb
3254 5004 3476 5063 accepta
3512 4995 3761 5062 portione

2185 5093 2518 5150 haereditatis
2532 5100 2735 5158 suae,et
2764 5099 2875 5145 tres
2907 5087 3043 5141 filios
3068 5086 3254 5141 Enach
3286 5083 3696 5146 exterminavit,
3717 5088 3771 5134 et

2188 5187 2408 5243 nomina
2439 5200 2626 5241 eorum
2652 5179 3029 5252 descripsit,id
3052 5192 3136 5235 est
3160 5177 3344 5244 Susui,
3372 5176 3693 5239 Achlmacb,
3716 5183 3771 5227 et

2335 5312 2380 5344 ⁷⁹
2404 5311 2515 5367 Jos.
2561 5326 2650 5375 xv,
2686 5309 2773 5375 15,
2810 5306 2891 5362 14.

2188 5440 2392 5485 10111111.
2436 5447 2453 5479 1

2286 5500 2373 5565 (15)
2412 5498 2572 5552 Iidem
2594 5512 2636 5547 ε(
2662 5496 2799 5549 lecta
2819 5502 2963 5551 sunt.
3004 5512 3022 5544 1
3046 5492 3202 5546 Libb.
3235 5490 3443 5565 811111⁵1⁵1
3467 5486 3608 5565 dicta
3628 5492 3775 5565 sunt.

2286 5502 2373 5565 115)
2412 5502 2572 5552 Iidem
2594 5512 2636 5547 ε(
2664 5502 2799 5549 lecta
2819 5502 2963 5551 sunt.
3004 5512 3022 5544 1
3048 5502 3202 5546 Libb.
3235 5502 3396 5546 editi:
3428 5507 3443 5536 1
3467 5502 3608 5539 meta
3628 5502 3773 5565 sunt.

2261 5502 2379 5641 liii)
2419 5568 2621 5625 Omnes
2680 5582 2811 5621 mss.
2864 5585 2881 5615 1
2931 5564 3244 5635 oportebat.
3302 5580 3320 5612 1
3368 5558 3525 5612 Libb.
3584 5557 3713 5609 editi
3759 5570 3773 5607 ;

2201 5660 2220 5693 ι
2248 5651 2581 5782 Ὑδὲδιῗῖιῷ.
2617 5708 2846 5782 11111111⁸1
2889 5721 3007 5782 qua:
3045 5713 3160 5782 erat
3186 5702 3478 5782 'Qhebron.
3507 5708 3560 5782 et
3596 5705 3776 5782 carice.

2202 5767 2425 5835 tniiiavit
2460 5780 2583 5833 inde
2615 5789 2723 5833 tres
2760 5767 3579 5838 111105Ἐ1111011.)5101111811111113
3611 5767 3777 5822 omit-

2202 5863 2339 5908 tunt.
2367 5850 2494 5907 Mss.
2528 5865 2657 5905 vero
2692 5858 2747 5903 ut
2777 5849 2830 5903 in
2868 5858 3054 5901 nostra
3085 5853 3254 5898 textu.

575 5647 690 5715 (61)
730 5646 851 5698 Dies
878 5664 983 5699 una
1008 5656 1058 5699 et
1090 5648 1261 5699 altera
1284 5660 1330 5701 et
1350 5646 1505 5699 tertia
1524 5663 1619 5700 suo
1650 5646 1701 5699 in
1736 5656 1965 5713 tempore
1993 5659 2085 5715 per

498 5720 728 5768 occultos
747 5719 1001 5783 quosdam
1034 5730 1237 5771 meatus
1265 5718 1429 5771 relata
1455 5718 1545 5769 ad.
1580 5717 1703 5771 lltec
1732 5718 1994 5774 desuntiu
2018 5714 2086 5769 li-

500 5784 613 5838 bris
646 5786 827 5847 editis,
862 5788 955 5840 sed
986 5798 1204 5840 exstant
1230 5789 1278 5840 iu
1309 5788 1561 5841 omnibus
1599 5804 1732 5841 mss.

576 5855 689 5926 t6?)
733 5854 849 5911 Duo
884 5873 1015 5912 mss.
1056 5857 1455 5914 Ebroiccuscs:
1501 5876 1519 5911 1
1554 5858 1684 5914 dicit
1716 5857 1912 5927 aliquis
1937 5855 2089 5911 audi-
