4146 6440
490 373 597 425 9°25

1485 369 1553 423 IN
1599 368 1861 424 LIBRUM
1902 366 2061 422 JESU
2102 367 2287 421 NAVE
2327 366 2610 423 IIOMILIA
2648 367 2762 421 XX.

3634 369 3738 423 9'36

494 491 761 558 Thalami,
792 490 1166 562 generationes
1194 489 1419 543 Enach?
1451 490 1740 543 Videamus
1786 504 1914 558 ergo
1939 489 2063 558 quid
2096 496 2137 548 Α
2168 491 2329 545 Caleb
2360 490 2698 557 metropolim
2740 488 3056 543 lmtnilitatis
3100 489 3298 544 inanis.
3335 490 3474 545 Duas
3513 493 3735 546 humili-

494 585 744 653 estquod
770 598 869 637 nec
918 583 1115 637 Suﬂicit
1156 583 1204 636 ei
1252 583 1435 636 dicere
1474 581 1611 636 ﬁlios
1660 581 1865 643 Enach,
1896 580 1985 634 sed
2012 590 2067 635 et

497 679 713 732 nomina
751 679 989 745 ipsorum
1022 674 1248 737 addidit,
1290 682 1343 728 et
1379 689 1538 742 super
1558 674 1739 727 omnia
1778 673 2064 742 adjecit”,

498 792 517 821 ‹
558 772 671 824 ista:
705 776 864 822 erant
895 768 1275 835 generationes
1302 765 1511 819 Enach.
1551 784 1569 815 ι
1610 764 1717 817 Sed
1752 775 1803 819 et
1845 766 1898 818 in
1932 780 2063 821 con-

494 860 843 928 sequentibus
879 859 1062 923 refert,
1095 857 1260 925 quod,
1291 866 1511 922 accepta
1546 856 1875 909 ltmreditatis
1900 867 2061 920 sorte,

493 952 655 1004 Caleb
689 968 708 1001 ‹
740 950 981 1004 ascendit
1012 948 1079 1003 ad
1116 962 1209 1002 eos
1236 947 1328 1015 qui
1381 945 1699 1001 habitabant
1754 946 1934 1003 Dahir.
1964 947 2068 1002 No-

497 1059 615 1096 men
660 1053 841 1095 autem
873 1040 1039 1094 Dabir
1067 1051 1188 1094 erat
1242 1039 1391 1107 prius
1439 1038 1633 1092 civitas
1685 1038 2005 1092 litterarum.
2042 1054 2060 1086 ι

498 1132 795 1186 Videndum
826 1146 954 1199 ergo
978 1138 1059 1184 est
1085 1129 1215 1197 quid
1252 1137 1334 1182 est
1361 1127 1505 1196 quod
1536 1126 1689 1196 prius
1725 1135 1841 1182 erat
1873 1126 2067 1181 civitas

492 1224 818 1287 litterarum,
850 1230 903 1277 et
928 1232 1110 1291 postea
1132 1220 1286 1284 facta
1321 1227 1404 1273 est
1434 1218 1620 1273 Dabir.

562 1316 618 1368 4.
661 1315 928 1368 Praeterea
958 1312 1213 1375 refertur,
1238 1312 1361 1379 quia
1397 1320 1451 1364 et
1482 1310 1643 1365 ﬁliam
1672 1310 1879 1365 habens
1905 1308 2068 1363 Caleb

494 1406 836 1478 proposuerit
864 1405 1026 1459 talem
1054 1403 1344 1472 quamdam
1386 1402 1752 1458 conditionem
1784 1400 2025 1455 dicens"
2050 1416 2063 1451 :

499 1519 516 1550 ι
565 1501 882 1566 Quicunque
924 1498 1242 1551 exscindere
1277 1496 1509 1567 potuerit
1539 1494 1817 1549 civitatem
1860 1492 2067 1546 littera-

495 1604 637 1653 rmn,
667 1597 723 1641 et
752 1588 1046 1641 obtinuerit
1074 1602 1215 1651 eam,
1250 1587 1389 1641 dabo
1412 1587 1460 1640 ei
1496 1586 1667 1639 Axam
1699 1585 1865 1650 ﬁliam
1893 1598 2065 1637 meam

494 1694 739 1732 uxorem.
785 1698 803 1730 ι
836 1678 1077 1747 Cumque
1104 1679 1193 1731 ille
1225 1679 1326 1732 hoc
1362 1679 1752 1747 proposuisset,
1779 1677 2067 1732 Gothoniel

494 1772 634 1825 ﬁlius
681 1770 931 1825 Chenner
977 1770 1148 1824 frater
1180 1769 1341 1824 Caleb
1375 1769 1563 1839 junior
1606 1769 1750 1837 cepit
1793 1769 2064 1822 civitatem

2170 592 2303 638 tates
2341 597 2459 637 esse
2482 591 2691 636 certum
2720 592 2823 635 est.
2842 581 3013 635 Unam
3042 581 3389 648 laudabilem,
3415 584 3481 636 de
3522 599 3626 653 qua
3658 586 3738 636 di-

2167 675 2241 728 cit
2272 675 2519 729 Salvator
2546 673 2592 705 ⁸³
2627 689 2640 726 :
2673 693 2692 725 ι
2738 674 2935 728 Discite
2969 690 2997 726 a
3042 689 3150 737 me,
3179 674 3305 741 quia
3348 674 3494 727 tnitis
3526 690 3641 726 sum
3682 682 3739 727 et

2169 766 2386 822 humilis
2412 765 2595 829 corde,
2629 776 2685 818 et
2731 766 3016 820 invenietis
3057 768 3300 835 requiem
3338 765 3623 818 animabus
3644 781 3738 816 ve-

2168 858 2315 912 stris.
2363 875 2381 907 i
2421 857 2482 910 Et
2525 859 2593 910 de
2629 858 2728 911 hac
2774 858 3085 912 humilitate
3130 856 3336 910 dictmn
3396 868 3478 910 est
3504 855 3570 918 ⁸⁸,
3610 854 3735 922 quia

2174 968 2192 1000 ι
2231 949 2408 1003 omnis
2437 948 2526 1017 qui
2569 962 2627 1002 se
2656 948 2924 1013 humilial,
2968 946 3316 1003 cxaltabitur.
3348 968 3366 1000 ι
3408 949 3467 1002 Et
3513 950 3637 1001 alibi
3666 951 3733 1001 εστ

2174 1058 2192 1091 ‹
2222 1041 2593 1096 llumiliamini
2609 1038 3097 1109 subpotentissima
3113 1053 3275 1093 manu
3296 1036 3409 1091 Dei.
3425 1058 3440 1087 ι
3459 1040 3623 1111 446
3647 1041 3739 1094 Est

2168 1143 2345 1186 autem
2374 1141 2426 1185 et
2450 1132 2557 1185 alia
2591 1131 2871 1185 humilitas
2910 1130 3195 1199 culpabilis
3229 1141 3597 1200 peccatorum,
3626 1136 3739 1188 sic-

2169 1234 2228 1276 ut
2262 1223 2348 1277 illa
2380 1238 2542 1291 quam
2576 1224 2641 1277 de
2689 1223 2880 1278 illicito
2916 1222 3062 1277 coitu
3113 1224 3246 1279 dicit
3277 1224 3579 1292 Scriptura,
3612 1229 3736 1293 quia

2169 1316 2475 1370 humiliavit
2506 1316 2675 1379 illam,
2696 1317 2836 1384 quod
2869 1316 2934 1369 tle
2958 1317 3185 1370 Ammon
3214 1319 3472 1387 scriptum
3497 1321 3738 1388 est,quia

2169 1407 2472 1461 humiliavit
2500 1405 2741 1460 Thamar
2783 1421 3025 1461 sororem
3057 1420 3210 1460 suam
3240 1405 3306 1459 ⁸⁸.
3342 1408 3434 1461 Est
3474 1424 3602 1478 ergo
3637 1410 3739 1462 hu-

2172 1499 2368 1553 militas
2399 1498 2575 1553 inanis
2603 1512 2723 1566 quae
2746 1499 3027 1552 descendit
3056 1515 3119 1553 ex
3163 1509 3403 1563 peccato.
3432 1500 3603 1569 IIujus
3638 1501 3742 1568 igi-

2172 1600 2256 1643 tur
2294 1589 2617 1644 humilitatis
2658 1590 2834 1643 inanis
2860 1591 3200 1657 metropolim
3233 1592 3374 1661 cepit
3404 1593 3483 1647 vel
3510 1594 3743 1647 exscidit

2171 1678 2355 1742 Caleb,
2382 1688 2436 1733 et
2460 1679 2737 1733 interemit
2779 1690 2891 1735 tres
2918 1681 3055 1736 ﬁlios
3086 1683 3290 1747 Euach,
3323 1684 3411 1749 qui
3445 1693 3603 1737 erant
3648 1683 3740 1736 ﬁlii

2171 1768 2348 1821 inanis
2369 1767 2704 1834 hutnilitatis,
2729 1776 2784 1822 et
2812 1768 2917 1825 illis
2940 1769 3241 1825 interfectis
3263 1772 3378 1838 ipse
3403 1773 3607 1825 habitat
3629 1773 3741 1841 (67)

495 1862 818 1915 litterarum.
854 1860 959 1915 Sed
1002 1868 1059 1914 et
1096 1861 1269 1929 ipsum
1327 1859 1639 1927 qurestionis
1696 1859 1871 1913 locum
1920 1858 2066 1912 Scri-
2099 1849 2140 1903 Β
2169 1858 2465 1921 civitatem,
2495 1867 2551 1910 et
2597 1856 2725 1910 facit
2770 1873 2891 1925 qua:
2939 1859 2992 1911 in
3026 1859 3484 1926 consequentibus
3540 1861 3740 1928 scripta

492 1964 651 2021 plura
705 1963 895 2006 sancta
931 1953 1192 2021 posuerit,
1228 1952 1271 2005 si
1310 1961 1509 2015 tamen,
1544 1961 1602 2004 ut
1649 1950 1906 2013 diximus,
1933 1951 2065 2003 nihil

490 2046 668 2098 otiose
689 2044 741 2097 in
783 2045 866 2097 his
905 2044 1081 2097 verbis
1112 2045 1572 2112 praetereundum,
1605 2044 1750 2111 quod
1777 2042 2068 2097 Gothouiel

493 2138 662 2191 frater
707 2152 826 2193 esse
879 2138 1078 2192 dicitur
1126 2135 1312 2199 Caleb,
1338 2144 1390 2189 et
1432 2134 1595 2191 Caleb
1632 2136 1776 2191 ﬁlius
1808 2136 2068 2191 scribitur

492 2228 718 2293 Jeifune,
752 2243 806 2284 et
828 2230 1118 2286 Gothoniel
1157 2230 1299 2283 ﬁlius
1327 2229 1600 2284 Chenner.
1632 2229 1911 2297 Quomodo
1940 2244 2069 2299 ergo

494 2324 763 2376 videbitur
802 2321 972 2375 frater
1004 2336 1126 2377 esse
1165 2320 1356 2385 Caleb,
1392 2321 1485 2390 qui
1528 2336 1635 2374 non
1670 2331 1754 2375 est
1786 2322 1927 2375 ﬁlius
1955 2322 2067 2376 Jef-

494 2414 644 2479 fone,
672 2415 762 2468 sed
789 2414 877 2467 ille
906 2415 1105 2467 dicitur
1154 2412 1298 2467 ﬁlius
1330 2411 1554 2475 Jeli'one,
1579 2412 1683 2466 iSte
1716 2424 1896 2466 autem
1933 2414 2071 2469 ﬁlius

493 2505 764 2569 Cheuner,
800 2504 891 2574 qui
917 2504 1121 2558 dicitur
1149 2506 1358 2573 cepisse
1388 2503 1666 2557 civitatem
1718 2502 2070 2559 litterarum?

494 2598 569 2652 De
605 2612 712 2667 quo
743 2599 984 2662 additur,
1017 2598 1145 2666 quia
1190 2606 1246 2650 et
1272 2597 1461 2667 junior
1510 2605 1648 2661 erat,
1676 2604 1727 2650 et
1758 2611 1854 2664 per
1894 2599 2073 2651 condi-

495 2691 695 2744 tionem
722 2689 941 2744 virtutis
988 2690 1182 2743 merito
1213 2689 1483 2759 acceperit
1514 2689 1687 2742 Axam
1711 2688 1876 2741 tiliam
1909 2688 2072 2743 Caleb

493 2797 741 2843 uxorem,
772 2782 899 2851 quia
931 2783 1166 2837 exscidit
1203 2791 1259 2836 et
1288 2780 1521 2852 perdidit
1560 2780 1836 2834 civitatem
1866 2780 2075 2834 littera-

489 2889 634 2927 runt.
677 2871 879 2927 Exiens
936 2883 1115 2927 autem
1154 2873 1223 2927 de
1260 2873 1419 2926 domo
1450 2872 1617 2941 patris
1654 2870 1738 2924 sui
1770 2870 1905 2935 Atta,
1955 2885 2075 2938 qua:

496 2962 539 3014 ei
574 2980 639 3015 ex
671 2973 819 3017 certa
864 2962 1175 3017 conditione
1226 2970 1450 3030 nuptum
1485 2961 1682 3013 tradita
1729 2966 1846 3024 est,
1881 2960 2075 3012 sedens

495 3070 657 3122 super
706 3055 917 3107 asinum
957 3053 1169 3107 dicebat
1214 3054 1332 3104 viro
1388 3066 1487 3104 suo
1514 3051 1559 3081 ⁸¹
1593 3068 1605 3102 :
1639 3067 1658 3100 ι
1710 3050 1891 3103 Petam
1924 3065 1950 3101 a
1985 3064 2076 3116 pa-

496 3158 579 3201 tre
613 3160 735 3199 tneo
776 3146 1078 3214 portionem
1128 3144 1266 3211 agri.
1307 3142 1371 3195 Et
1400 3141 1728 3194 exclamavit
1774 3141 1840 3194 de
1872 3150 2071 3203 monte,
2105 3187 2143 3214 ρ

494 3252 550 3291 et
599 3239 735 3291 dixit
780 3239 827 3292 ei
867 3235 1228 3303 Caleb,Quid
1284 3242 1369 3287 est
1412 3232 1555 3286 tibi?
1588 3242 1642 3287 et
1685 3233 1820 3286 dixit
1859 3232 1906 3285 ei
1946 3248 1962 3284 ς
2003 3232 2072 3283 Da

496 3328 627 3381 mihi
654 3328 1105 3392 benedictionem,
1136 3327 1259 3394 quia
1290 3325 1340 3378 in
1367 3334 1515 3378 terra
1544 3324 1714 3378 austri
1745 3332 1964 3391 nuptum
1992 3337 2078 3377 nte

496 3422 789 3484 tradidisti.
826 3422 891 3475 Et
931 3421 1140 3489 acoepit
1172 3419 1457 3475 Gonetlam
1488 3418 1845 3486 superiorem,
1877 3427 1930 3471 et
1968 3416 2078 3472 Go-

496 3515 697 3569 netlam
736 3514 1072 3568 inferiorem.
1104 3533 1122 3564 »
1150 3513 1215 3567 Ει
1240 3510 1510 3566 conclusit
1540 3509 1820 3576 Scriptura
1852 3508 2072 3563 dicens:

504 3624 525 3657 ι
563 3605 688 3660 llaec
738 3616 823 3660 est
858 3604 1150 3659 haereditas
1202 3603 1376 3657 tribus
1430 3600 1587 3657 Inda.
1625 3618 1643 3651 ι
1692 3598 1899 3655 Videtis
1948 3599 2073 3669 quia

493 3714 622 3752 vere
650 3698 856 3753 auxilio
885 3697 974 3752 Dei
1001 3712 1137 3765 opus
1172 3705 1276 3757 est,
1304 3705 1361 3748 ut
1392 3695 1505 3749 haec
1530 3693 1807 3763 explanari
1839 3690 2076 3761 queant?

497 3789 836 3860 [inpossibile
875 3803 1100 3858 prorsus
1131 3796 1215 3841 est
1256 3788 1421 3841 ullum
1459 3787 1737 3840 hominum
1767 3784 1831 3837 de
1871 3784 1937 3837 iis
1965 3784 2074 3838 dis-

495 3897 712 3942 serere,
757 3879 859 3932 nisi
908 3878 1243 3932 illuminatns
1292 3892 1390 3945 per
1451 3876 1543 3931 Dei
1595 3873 1823 3945 gratiam
1886 3871 2069 3928 fuerit.

502 3971 625 4025 Ideo
666 3986 796 4040 ergo
835 3968 1017 4036 iuvate
1050 3984 1133 4023 me
1155 3968 1519 4029 orationibus,
1550 3977 1604 4021 et
1632 3983 1842 4022 mecum
1869 3968 2074 4038 pariter

499 4063 760 4123 laborate,
782 4070 841 4114 ut
872 4060 1131 4113 Dominus
1163 4060 1214 4113 in
1239 4060 1323 4114 his
1352 4068 1461 4113 tam
1489 4061 1735 4114 obscuris
1757 4069 1811 4113 et
1837 4060 2070 4114 abscon-

498 4154 624 4206 ditis
660 4151 795 4207 locis
818 4152 991 4217 lucem
1013 4153 1266 4207 veritatis
1294 4154 1449 4206 nobis
1480 4153 1735 4221 dignetur
1763 4153 2069 4216 ostendere,

499 4252 557 4296 ut
586 4254 638 4296 et
668 4257 766 4295 nos
797 4241 948 4295 vobis
974 4240 1243 4310 possimus
1268 4242 1480 4311 aperire
1502 4240 1771 4310 quomodo
1792 4242 1909 4296 haec
1937 4256 2069 4296 vera

498 4345 551 4390 et
586 4334 737 4388 utilia
767 4344 821 4387 et
860 4333 1040 4386 divina
1067 4340 1213 4399 sunt,
1240 4334 1334 4386 sed
1359 4348 1455 4402 pro
1488 4332 1785 4399 fragilitate
1814 4333 2067 4387 humana:

501 4434 706 4478 naturae
746 4423 962 4477 obtecta
1011 4423 1369 4476 sacramentis
1408 4431 1463 4476 et
1492 4423 1731 4477 involuta
1772 4423 2065 4493 mysteriis.

2169 1956 2317 2001 sunt.
2368 1947 2468 2012 Qui
2506 1957 2684 1999 autem
2736 1957 2862 2000 sunt
2911 1947 2999 2000 isti
3050 1945 3141 2001 ﬁlii
3192 1948 3370 2001 inanis
3422 1948 3745 2002 humilitatis

2169 2053 2305 2108 quos
2342 2040 2730 2095 exterminavit
2755 2038 2966 2093 Caleb?
2998 2039 3210 2094 Primus
3250 2039 3407 2094 Susui
3436 2042 3526 2108 qui
3575 2040 3746 2094 inter-

2171 2142 2410 2199 pretatur
2434 2141 2579 2184 extra
2610 2147 2689 2182 me
2720 2127 2854 2201 (68),
2884 2129 2985 2184 hoc
3008 2140 3089 2185 est
3130 2138 3283 2183 extra
3321 2142 3591 2188 sanctum,
3620 2131 3742 2198 quia

2170 2231 2324 2275 extra
2355 2231 2600 2276 sanctum
2648 2231 2731 2275 est
2774 2220 2915 2273 ﬁlius
2956 2222 3137 2274 inanis
3174 2219 3523 2284 humilitatis,
3553 2221 3661 2273 imo
3691 2228 3745 2273 et

2171 2322 2323 2367 extra
2361 2313 2549 2368 Deum.
2574 2313 2670 2367 Est
2699 2322 2754 2367 et
2793 2314 2934 2367 alius
2962 2314 3250 2376 Aeliiman,
3285 2313 3374 2381 qui
3420 2314 3749 2380 interpreta-

2174 2416 2261 2461 tur
2282 2406 2444 2475 [rater
2461 2422 2604 2458 meus
2629 2413 2778 2458 extra
2798 2405 3073 2458 consilium
3099 2404 3231 2475 (69),
3251 2404 3401 2459 velut
3422 2404 3467 2457 si
3494 2405 3744 2458 dicamus

2174 2498 2341 2551 frater
2398 2498 2517 2551 sine
2540 2496 2784 2550 consilio.
2833 2496 3032 2552 Omnes
3082 2499 3279 2551 etenim
3314 2498 3511 2551 fratres
3542 2498 3633 2567 qui
3681 2498 3748 2551 de

2176 2591 2480 2647 humilitate
2512 2588 2662 2642 inani
2711 2599 3028 2652 nascuntur,
3063 2598 3270 2642 certum
3301 2600 3385 2642 est
3410 2588 3536 2657 quia
3566 2600 3621 2641 et
3652 2602 3744 2641 ex-

2178 2696 2257 2741 tra
2293 2687 2581 2742 consilium
2622 2696 2768 2742 sunt.
2807 2684 3021 2738 Tertius
3055 2682 3326 2746 Thalami,
3359 2683 3449 2750 qui
3487 2682 3750 2749 interpre-

2177 2788 2322 2832 tatur
2349 2778 2699 2847 pra’cipilium
2734 2776 2815 2831 vel
2843 2776 3112 2844 suspensio
3141 2776 3253 2844 (70)
3285 2792 3299 2828 :
3326 2776 3469 2844 quod
3504 2775 3752 2844 designat

2178 2860 2311 2923 nihil
2344 2871 2395 2923 in
2428 2883 2493 2923 eo
2521 2870 2854 2931 stabilitatis,
2877 2869 2970 2923 sed
3000 2882 3127 2935 vaga
3155 2867 3333 2920 omnia
3353 2878 3408 2920 et
3431 2868 3483 2920 in
3515 2882 3752 2937 prarccps

2181 2964 2408 3016 ruentia.
2446 2961 2583 3017 Istos
2621 2976 2751 3030 ergo
2774 2970 2883 3014 tres
2910 2960 3046 3014 ﬁlios
3080 2960 3256 3012 Enach
3286 2960 3668 3013 exterminavit
3697 2970 3753 3013 et

2180 3054 2451 3107 interfecit
2484 3053 2669 3117 Caleb,
2705 3063 2759 3106 et
2803 3062 2927 3121 post
2964 3052 3095 3105 istos
3141 3051 3420 3105 descendit
3461 3050 3514 3103 in
3567 3051 3746 3105 Dahir.

2183 3143 2386 3199 Nomen
2429 3157 2546 3200 erat
2588 3147 2753 3201 Dabir
2804 3149 2954 3215 prius
2988 3148 3184 3200 civitas
3226 3145 3554 3201 litterarum.
3585 3144 3753 3200 Dahir

2183 3237 2568 3305 interpretatur
2597 3239 2803 3308 loquela
2834 3240 2967 3309 (71).
2997 3239 3103 3293 Sed
3136 3254 3332 3292 nomen
3379 3237 3562 3300 Dahir,
3599 3237 3751 3305 prius

2178 3327 2370 3382 civitas
2428 3327 2759 3384 litterarum.
2802 3330 2972 3400 Igitur
3018 3331 3291 3384 civitatem
3330 3330 3632 3383 litterarqu
3670 3330 3752 3382 in-

2181 3418 2359 3488 tellige
2404 3436 2566 3474 omne
2625 3422 2959 3476 Testamenti
3003 3420 3215 3476 Veteris
3284 3421 3748 3474 instrumentum:

2178 3508 2228 3561 id
2250 3521 2332 3565 est
2360 3518 2413 3564 et
2441 3511 2581 3566 hanc
2608 3512 2774 3580 ipsam
2810 3528 2970 3581 quam
3008 3529 3147 3567 nunc
3191 3512 3459 3567 disserere
3488 3527 3753 3567 conamur

2177 3600 2510 3670 Scripturam
2536 3644 2550 3669 ,
2595 3603 2957 3673 intelligamus
2992 3604 3749 3665 essccivitatemlitterarum,

2138 3716 2145 3725 ι
2174 3708 2294 3761 qua:
2324 3694 2661 3763 postmodum
2696 3693 2959 3749 efﬁciatur
2992 3695 3174 3763 Dahir,
3218 3694 3360 3764 quod
3404 3704 3486 3749 est
3518 3693 3750 3763 loquela.

2177 3784 2302 3842 Haec
2331 3787 2532 3842 etenim
2561 3803 2681 3857 quze
2712 3789 2861 3857 prius
2887 3789 2940 3843 in
2973 3788 3164 3843 litteris
3194 3797 3332 3849 erat,
3363 3796 3416 3842 et
3445 3788 3745 3841 secundum

2173 3876 2480 3932 litterarum
2524 3879 2944 3947 intelligebatur,
2978 3882 3139 3933 modo
3164 3879 3217 3931 in
3249 3877 3506 3932 Ecclesiis
3539 3876 3755 3931 Christo

2174 3969 2447 4023 revelante
2486 3970 2735 4031 Domino,
2770 3970 2980 4039 loquela
3027 3970 3217 4024 effecta
3247 3978 3354 4034 est,
3403 3969 3754 4038 loquentibus

2174 4073 2231 4117 et
2278 4063 2674 4118 disserentibus
2716 4062 2892 4130 primo
2929 4063 3133 4116 sanctis
3170 4062 3448 4131 apostolis,
3475 4073 3532 4117 et
3575 4078 3755 4130 remo-

2169 4154 2422 4208 ventibus
2464 4154 2805 4221 superﬁciem
2838 4154 3056 4220 litterae,
3103 4153 3506 4222 proferentibus
3532 4169 3663 4208 vero
3686 4154 3755 4209 de

2170 4258 2232 4299 ea
2278 4245 2576 4312 Spiritalem
2608 4245 2901 4313 loquelam.
2944 4244 3050 4300 Sed
3091 4254 3146 4299 et
3184 4244 3385 4314 singuli
3420 4245 3623 4314 quique
3655 4245 3754 4299 do-

2169 4345 2349 4389 ctores
2393 4336 2758 4390 Ecclesiarum
2800 4335 3033 4389 litteram
3058 4334 3193 4405 legis
3229 4334 3522 4404 loquelam,
3553 4344 3607 4389 et
3640 4335 3755 4388 dis-

2170 4426 2502 4496 putationem
2557 4427 2924 4497 evangelicam
2969 4426 3197 4481 faciunt.
3250 4424 3350 4491 Qui
3402 4434 3583 4479 autem
3630 4432 3763 4481 sunt

569 4516 622 4571 5.
662 4516 845 4570 Primo
870 4529 1000 4583 ergo
1027 4513 1388 4568 discutiamus
1415 4530 1587 4583 quare
1615 4516 1952 4582 metr0polim
1979 4528 2068 4569 ac-
2099 4541 2143 4594 ι)
2175 4529 2284 4577 tres
2339 4519 2430 4571 ﬁlii
2473 4518 2677 4579 Euach,
2724 4532 2863 4588 quos
2892 4516 3149 4583 Caleb,in
3185 4515 3338 4584 cujus
3376 4530 3609 4584 persona
3650 4516 3757 4569 virs

497 4609 643 4677 cepit
679 4606 862 4670 Caleb,
892 4616 945 4661 et
978 4606 1125 4659 illam
1160 4620 1282 4673 qua:
1322 4606 1499 4675 prima
1532 4607 1674 4661 inter
1699 4616 1922 4662 caeteras
1949 4622 2063 4660 om-

501 4716 598 4755 nes
629 4701 681 4754 in
712 4710 855 4754 terra
906 4698 1346 4767 repromissionis
1392 4701 1706 4768 metmpolis
1736 4700 2067 4766 nominatur,

499 4801 549 4846 el
588 4791 925 4860 metropolim
973 4790 1180 4845 Enach.
1229 4791 1409 4846 Enach
1456 4793 1842 4861 interpretatur
1894 4791 2067 4844 humi—

499 4886 623 4936 litos
652 4883 844 4949 inanis,
888 4882 967 4937 vel
994 4885 1260 4952 responsio
1298 4883 1632 4955 inaniswﬁ).
1674 4884 1899 4954 Accepit
1938 4898 2068 4952 ergo

566 4987 946 5055 90105.“,15.
988 4997 1031 5029 ⁸¹
1060 4997 1213 5064 ibid.,
1239 4997 1328 5052 16.
1404 4998 1627 5065 "ibid.,
1704 4999 1790 5062 18,
1833 5000 1915 5065 l9,
1945 5000 2038 5055 20.

499 5068 544 5099 ⁸⁸
576 5065 597 5120 I
625 5067 758 5138 Reg.
797 5082 917 5122 xm.

573 5209 687 5275 (66)
729 5208 917 5262 Enaclt
948 5211 1325 5279 interpretatur
1365 5211 1640 5265 humilitas
1682 5210 1855 5264 inanis
1890 5211 1965 5263 vel
1992 5223 2072 5261 re-

505 5283 718 5335 sponsio
765 5280 964 5350 inanis.
1000 5281 1079 5333 Ab
1123 5291 1227 5345 my
1264 5298 1282 5330 ι
1316 5282 1617 5350 respondit,
1651 5280 2081 5345 Ittttniliavit,iet

500 5348 1085 5427 pij‘i_vacuusl,_iuanis.
1122 5369 1140 5402 ι

503 5416 820 5540 L.l(ﬁl7)ll\ls.
853 5418 1160 5488 Sangerm.,
1182 5438 1200 5471 ι
1228 5420 1457 5476 habitat.
1499 5439 1517 5471 ι
1551 5420 1704 5476 L'hb.
1736 5421 1901 5475 editi:
1937 5440 1954 5472 t
1984 5421 2077 5474 ha—

545 5504 556 5538 I
587 5504 612 5537 il
640 5505 682 5538 »ει
718 5529 732 5540 .
771 5506 789 5538 ι

545 5497 732 5543 ttahat.
771 5506 789 5538 ι

577 5557 688 5641 ((58)
733 5556 1018 5641 Susui,qui
1068 5558 1445 5641 interpretatur
1477 5571 1629 5613 extra
1672 5576 1772 5613 me.
1832 5559 1913 5613 Ab
1970 5567 2076 5641 γῚΠ

512 5644 529 5675 α
568 5639 718 5679 extra
747 5646 763 5676 ι
799 5639 852 5679 et
890 5629 1205 5695 pronomine
1247 5630 1401 5682 allixo
1433 5637 1473 5682 τ.

575 5697 686 5765 (69)
730 5696 1009 5761 ΛεΙιὲηιυιι,
1045 5699 1131 5767 qui
1168 5701 1543 5767 interpretatur
1565 5698 1730 5767 frater
1756 5714 1898 5752 meus
1922 5711 2074 5753 ατη-ιι

508 5769 802 5822 consilium.
828 5768 1079 5837 SUspicio
1111 5782 1191 5823 est
1214 5770 1652 5840 etytnulogistam
1686 5770 1876 5839 legisse
1905 5771 2071 5823 Achi-

2128 5001 2173 5033 ⁸³
2200 4999 2390 5058 Matth.
2444 5016 2521 5064 ιι,
2569 5000 2658 5056 29.

2179 4621 2347 4667 tulem
2390 4611 2522 4681 legis
2567 4610 2989 4677 ascripseramus
3016 4649 3032 4675 ,
3070 4608 3373 4664 interimit?
3423 4607 3605 4661 Inanis
3657 4607 3759 4661 hu-

2177 4702 2378 4755 militas
2406 4698 2722 4770 accipienda
2762 4709 2844 4753 est
2874 4699 2993 4764 illa,
3025 4714 3188 4769 quam
3231 4714 3421 4755 omnes
3460 4696 3617 4767 hujus
3651 4712 3757 4753 saa-

2175 4792 2279 4847 culi
2320 4805 2489 4861 poeta:
2528 4792 2607 4845 vel
2638 4791 2933 4859 philosophi
2986 4792 3049 4845 de
3105 4790 3383 4845 divinitate
3435 4799 3758 4854 senserunt,

2175 4884 2302 4953 quia
2339 4894 2387 4937 et
2428 4883 2646 4937 humilia
2676 4891 2727 4938 et
2761 4883 2871 4937 Dco
2908 4883 3124 4954 indigna
3148 4892 3273 4939 sunt
3308 4897 3426 4951 qua:
3448 4889 3753 4937 senserunt.

2735 5000 2942 5055 l“Luc.
2989 5016 3099 5065 xw,
3139 5001 3226 5055 II.
3303 4999 3396 5053 ⁸⁵1
3442 4998 3583 5055 Petr.
3610 5013 3666 5064 v,
3698 4997 3752 5052 6.

2186 5215 2358 5263 maaz,
2383 5208 2438 5253 et
2462 5199 2833 5270 etvm0l0giatn
2876 5214 3027 5252 suam
3069 5197 3287 5252 duxisse
3316 5211 3380 5250 ex
3414 5205 3519 5255 ints
3546 5217 3563 5247 ‹
3596 5197 3761 5270 frater

2186 5284 2342 5393 {heus
2378 5288 2395 5319 ι
2424 5279 2480 5323 et
2501 5279 2593 5357 pa,
2625 5268 2743 5333 12,1
2778 5278 2992 5339 prmter,
3023 5277 3171 5321 extra
3193 5310 3207 5333 ,
3247 5285 3263 5317 ι
3293 5276 3349 5320 et
3374 5276 3487 5330 an:
3521 5288 3539 5318 ε
3578 5268 3760 5320 consi-

2207 5354 2337 5393 tum.
2372 5357 2389 5388 ι

2207 5354 2337 5393 tum.
2372 5357 2389 5388 ι

2259 5423 2369 5493 ('70)
2398 5423 2654 5486 Thalami,
2684 5424 2771 5493 qui
2798 5423 3175 5493 interpretatur
3202 5423 3549 5491 praecipitium
3576 5422 3654 5474 vel
3677 5438 3761 5473 su-

2186 5489 2407 5573 spensio.
2444 5489 2737 5574 SuspenSio
2761 5522 2790 5559 a
2817 5489 2975 5567 rhni
3009 5489 3319 5575 suspendit,
3354 5489 3371 5555 ί
3402 5505 3756 5575 pnecipitium

2187 5570 2365 5711 autelm
2402 5570 2641 5643 Thalami
2677 5589 2780 5644 dici
2834 5604 2991 5659 posse
3036 5570 3143 5642 non
3175 5570 3417 5653 videtur;-
3436 5587 3538 5641 nisi
3570 5570 3611 5639 ἐξ
3641 5570 3759 5644 εαξη

2194 5678 2211 5709 ‹
2245 5674 2306 5711 su
2331 5674 2446 5711 cus.
2490 5679 2507 5711 ι

2194 5678 2211 5709 (
2245 5674 2446 5711 SUICUS.
2490 5679 2507 5711 ι

2254 5742 2304 5811 (7
2318 5744 2359 5811 l)
2375 5740 2919 5811 Dabit-interpretatur
2932 5740 3154 5812 loquela.
3169 5741 3334 5802 A'D‘t
3351 5760 3368 5793 t
3389 5740 3598 5795 locutus
3618 5746 3715 5792 est.
3733 5756 3751 5788 ι
