4146 6438
500 364 609 420 939
1477 353 1544 413 IN
1583 353 1847 410 LIBRUM
1884 352 2050 411 JESU
2090 352 2278 409 NAVE
2318 351 2604 410 IIOMILIA
2646 355 2810 412 XXII.
3663 369 3770 425 930

494 481 602 535 bus
640 478 721 533 vel
745 476 906 533 dubia
930 475 1012 531 vel
1046 473 1253 530 occulta
1277 483 1497 545 peccata
1532 484 1677 529 sunt.
1706 472 1890 543 Neque
1934 474 2079 527 enim
2111 476 2157 532 Α
2190 480 2477 540 potuerunt
2502 472 2594 525 ﬁlii
2630 472 2861 542 Ephrem
2886 475 3198 546 disperdere
3230 479 3561 539 Chananteos
3587 526 3602 549 ,
3638 488 3766 542 illud

495 574 731 628 dicimus
770 572 835 625 de
872 570 939 623 iis
967 568 1057 638 qui
1086 565 1371 621 manifeste
1404 574 1457 620 et
1492 567 1771 621 evidenter
1802 566 2075 620 criminosi
2180 566 2410 619 observa
2430 568 2574 635 quod
2601 568 2884 637 Apostolus
2904 572 3244 629 commendat
3269 574 3457 631 dicens
3483 578 3529 609 ³⁷
3549 596 3562 631 :
3584 598 3601 629 ι
3625 577 3765 631 Sub-

499 674 659 727 sunt,
689 670 747 715 ut
794 676 899 714 non
954 660 1019 715 de
1055 657 1293 714 Ecclesia
1343 655 1708 726 expellantur.
1760 656 1896 709 Audi
1950 670 2078 724 ergo
2184 659 2489 713 trahitevos
2532 656 3755 739 abomuifratreinquieteamlmlante443.i

502 753 836 824 Scripturam
867 751 1131 806 dicentem
1152 790 1168 815 ,
1195 748 1320 819 quia
1357 764 1460 802 non
1494 756 1788 818 potuerunt
1818 747 1908 801 ﬁlii
1941 745 2075 802 Jnda
2182 748 2286 802 Sed
2322 750 2576 818 quoniam
2600 748 2853 804 Salomon
2889 751 3085 807 suadet
3116 752 3231 809 haec
3264 770 3383 825 qua:
3409 756 3634 827 legimus
3662 762 3761 816 de-

501 845 814 917 disperdere
836 843 1131 906 Jebusaaos,
1153 842 1247 895 sed
1280 840 1666 894 habitaverunt
1696 854 1818 893 cum
1853 838 1985 908 ipsis
2024 836 2074 891 in
2178 838 2341 893 scribi
2388 839 2444 894 in
2471 840 2631 895 corde
2662 841 2945 909 tripliciter
2976 843 3044 911 9',
3077 845 3240 899 etiam
3293 856 3489 916 przeter
3519 850 3605 903 illa
3644 869 3764 920 quze

499 937 793 995 Jerusalem
825 950 994 1005 usque
1032 935 1083 988 in
1134 932 1450 987 hodiernum
1494 931 1657 985 diem.
1691 929 1844 986 Unde
1886 930 2077 998 depre-
2178 930 2447 997 diximus,
2475 934 2616 1001 quod
2637 934 2785 987 cordi
2813 950 2932 988 meo
2958 938 3236 1001 occurrit,
3264 939 3329 993 ad
3369 955 3532 996 aures
3554 956 3765 998 vestras

445 1016 448 1037 ἶ
496 1044 594 1082 cor
625 1043 720 1081 vos
764 1026 854 1094 qui
886 1022 1069 1079 ﬁdeles
1110 1022 1277 1087 estis,
1307 1030 1366 1075 ut
1406 1022 1478 1075 ita
1527 1022 1692 1074 vitam
1742 1030 1975 1074 vestram
2021 1028 2076 1073 et
2178 1021 2669 1091 proferamzetvos
2688 1024 2849 1080 facite
2871 1029 3761 1099 quodseriptumest",utnundi-

497 1118 965 1175 conversationem
991 1112 1250 1175 servetis,
1278 1127 1346 1167 ne
1377 1111 1427 1165 in
1473 1110 1657 1179 aliquo
1677 1111 1760 1166 vel
1790 1111 1888 1180 ipsi
1917 1127 2076 1166 scan-
2176 1122 2333 1167 cente
2353 1130 2541 1169 omnes
2573 1115 2685 1185 (8|)
2723 1118 3059 1173 examinent.
3098 1120 3181 1175 Me
3204 1137 3332 1193 ergo
3370 1125 3585 1180 dicente
3616 1128 3759 1194 quod

492 1213 676 1267 delum
708 1209 1009 1281 patiamini,
1052 1208 1134 1262 vel
1160 1208 1279 1261 aliis
1322 1205 1635 1262 scandalum
1686 1204 1903 1261 faciatis
1934 1224 1947 1260 :
1980 1208 2073 1261 sed
2177 1205 2387 1270 sentio,
2426 1221 2523 1261 vos
2558 1208 2852 1264 discet-nite
2883 1219 2936 1265 et
2970 1214 3280 1267 examinate
3308 1214 3353 1268 si
3394 1216 3519 1283 quid
3554 1230 3759 1272 rectum

494 1306 568 1359 sit
598 1303 752 1358 vobis
786 1302 982 1356 summi
1022 1300 1214 1366 studii,
1247 1313 1580 1368 summmque
1607 1298 1919 1353 cauteltene
1950 1299 2073 1368 quis
2174 1304 2257 1349 est
2309 1306 2401 1351 aut
2445 1299 2622 1353 minus
2677 1310 2901 1355 rectum.
2957 1303 3028 1357 De
3077 1302 3384 1360 Jerusalem
3438 1306 3763 1379 frequenter

498 1396 553 1450 in
590 1396 730 1449 hanc
760 1401 1002 1446 sanctam
1053 1390 1522 1461 congregationem
1562 1399 1803 1443 vestram
1836 1388 2074 1458 pollutus
2176 1388 2410 1444 diximus
2452 1391 2596 1459 quod
2648 1392 2776 1446 visio
2810 1394 2959 1459 pacis
2996 1394 3406 1464 interpretatur.
3449 1398 3506 1452 Si
3538 1414 3668 1470 ergo
3704 1403 3758 1456 in

498 1485 752 1548 introeat,
784 1497 853 1536 ne
890 1480 1010 1551 quis
1034 1478 1313 1536 Jehusaeus
1344 1480 1550 1534 habitet
1579 1478 1877 1534 vobiscum.
1912 1479 2073 1535 Vides
2176 1480 2337 1534 corde
2374 1491 2559 1536 nostro
2588 1480 2888 1539 Jerusalem
2920 1486 3184 1541 aediﬁcata
3209 1530 3223 1553 ,
3265 1493 3369 1544 hoc
3401 1501 3519 1559 est,
3549 1495 3592 1548 si
3623 1496 3760 1549 visio

497 1594 628 1650 ergo
658 1577 786 1647 quia
819 1576 949 1630 dicit
991 1574 1273 1643 Scriptura
1295 1614 1311 1640 ,
1343 1574 1486 1643 quod
1526 1588 1631 1627 non
1658 1582 1945 1643 potuerunt
1971 1572 2072 1639 eji-
2174 1573 2325 1640 pacis
2354 1572 2404 1625 in
2439 1576 2603 1629 corde
2631 1585 2817 1631 nostro
2852 1576 3073 1631 fundata
3100 1589 3204 1645 est,
3229 1593 3279 1635 et
3309 1583 3585 1640 Christum
3616 1603 3762 1643 sem-

497 1686 624 1727 cere
674 1669 767 1724 ﬁlii
811 1666 946 1723 Juda
1003 1664 1278 1720 Jebusazos
1321 1664 1387 1720 de
1425 1664 1744 1719 Jerusalem.
1794 1664 2071 1719 Jehnsatus
2174 1676 2270 1731 per
2308 1665 2507 1732 quiest
2549 1681 2654 1734 pax
2703 1677 2922 1735 nostra,
2974 1669 3249 1725 intuemur
3295 1683 3349 1726 et
3396 1690 3673 1734 servamus
3706 1681 3757 1734 in

498 1776 677 1819 autem
704 1762 1095 1830 interpretatur
1120 1758 1592 1830 conculcatio(78).
1624 1759 1765 1829 Ergo
1809 1759 1930 1828 quia
1964 1772 2067 1815 non
2106 1819 2146 1830 ﬁ
2175 1756 2336 1809 corde
2373 1777 2382 1810 :
2414 1757 2677 1825 siquidem
2728 1760 2797 1812 ita
2840 1761 2927 1813 ﬁxi
2959 1770 3013 1815 ει
3057 1762 3280 1817 stabiles
3311 1769 3359 1819 εη
3404 1769 3503 1824 hac
3552 1773 3758 1829 visione

493 1869 781 1928 possumus
834 1852 1034 1920 ejicere
1087 1853 1218 1906 istos
1273 1851 1365 1921 qui
1413 1866 1512 1907 nos
1564 1852 1881 1907 conculcant
1930 1871 1943 1907 :
1976 1868 2071 1909 eos
2106 1819 2147 1874 Β
2176 1846 2356 1915 ρκείς.
2401 1858 2459 1901 ut
2496 1865 2774 1919 nunquam
2813 1868 3038 1919 prorsus
3056 1856 3163 1913 ulla
3190 1859 3449 1928 cogitatio
3479 1863 3638 1927 mala,
3673 1866 3756 1920 vel

497 1947 687 2003 saltem
735 1943 1017 2014 ejiciamus
1046 1958 1182 2011 quos
1223 1958 1542 2013 possumus,
1573 1959 1802 2014 quorum
1848 1956 2069 2015 peccata
2175 1938 2399 2007 alicujus
2426 1940 2634 2009 peccati
2664 1942 2948 1996 consilium
2974 1948 3236 2001 ascendat
3263 1949 3314 2003 in
3352 1966 3447 2004 cor
3473 1965 3753 2021 nostrum;

469 2035 782 2091 ‘manifesta
806 2044 950 2087 sunt.
978 2032 1074 2088 Ubi
1099 2033 1242 2088 enim
1273 2041 1550 2103 peccatum
1586 2050 1691 2089 non
1715 2044 1799 2089 est
1826 2036 2067 2102 evidens,
2173 2031 2218 2084 si
2251 2032 2349 2087 hoc
2376 2034 2445 2086 ita
2476 2031 2590 2087 ﬁeri
2637 2036 2832 2104 possit,
2862 2040 3162 2103 poterimus
3188 2041 3393 2105 dicere,
3424 2045 3550 2113 quia
3583 2045 3633 2100 in
3665 2046 3758 2103 Je-

488 2134 694 2201 ejirere
728 2132 793 2184 de
839 2129 1077 2184 Ecclesia
1130 2128 1401 2183 neminem
1454 2142 1775 2197 possumus,
1822 2143 1889 2182 ne
1930 2129 2071 2183 forte
2174 2123 2404 2177 rusaleni
2450 2141 2668 2190 sumus,
2703 2137 2755 2180 et
2778 2128 2954 2183 nullus
2993 2130 3130 2186 alius
3180 2134 3387 2188 habitat
3428 2137 3753 2206 nobiscum,

489 2222 836 2277 eradicantes
883 2221 1131 2287 zizania,
1180 2220 1518 2275 eradicemus
1563 2219 1723 2274 simul
1763 2234 1885 2275 cum
1941 2222 2070 2293 ipsis
2173 2212 2271 2267 nisi
2320 2213 2416 2268 soli
2453 2216 2543 2285 qui
2586 2216 2759 2270 sancti
2795 2228 2943 2271 sunt.
2983 2218 3136 2275 Nunc
3177 2237 3307 2277 vero
3337 2240 3460 2279 cum
3495 2227 3657 2281 etiam
3687 2229 3755 2282 ad

490 2316 656 2371 etiam
698 2314 955 2368 triticum.
2170 2307 2426 2373 grandem
2459 2308 2757 2376 profectum
2805 2312 3119 2377 veniamus,
3150 2322 3203 2367 et
3245 2317 3472 2372 summis
3518 2333 3756 2375 nosmet-

562 2408 620 2461 2.
667 2405 844 2460 Movet
880 2421 964 2459 me
998 2414 1175 2459 tamen
1211 2404 1353 2474 quod
1387 2403 1562 2469 dixit,
1588 2403 1711 2472 quia
1742 2419 1845 2457 non
1880 2412 2069 2474 potue-
2172 2397 2317 2467 ipSOS
2344 2400 2538 2453 Sllldiis
2585 2402 2933 2466 CXCOIMDIIS.
2965 2412 3141 2458 tamen
3197 2422 3301 2461 non
3339 2419 3468 2478 puto
3495 2410 3751 2480 cuiquam

490 2508 621 2554 runt
654 2498 848 2566 ejicere
866 2494 1177 2560 Jelmsmos,
1217 2495 1267 2548 id
1310 2505 1393 2548 est
1428 2510 1521 2549 eos
1552 2494 1644 2564 qui
1696 2495 2066 2564 iuterpretan-
2173 2498 2381 2543 tantum
2418 2491 2468 2544 in
2505 2494 2664 2546 corde
2696 2494 2947 2561 puritatis
2984 2498 3233 2561 evenire,
3266 2508 3324 2553 ut
3355 2516 3629 2571 nunquam
3658 2504 3756 2558 ad-

495 2603 580 2647 tur
608 2590 967 2648 conculcatio.
1004 2589 1067 2643 Et
1094 2582 1530 2642 ideo‘videamus
1561 2587 1651 2656 qui
1704 2595 1827 2640 sunt
1874 2587 1925 2639 in
1966 2586 2068 2639 Ec-
2170 2596 2363 2641 νει-δᾶερ
2396 2583 2742 2652 cogitationis
2793 2587 3120 2654 contagione
3170 2590 3473 2645 maculatur
3503 2614 3515 2645 :
3543 2604 3753 2649 certum

489 2684 655 2740 clesia
689 2682 1089 2738 conculcantes.
1140 2679 1217 2733 llli
1251 2678 1368 2733 sine
1405 2677 1566 2732 dubio
1599 2677 1663 2731 de
1699 2676 1893 2745 quibus
1934 2676 2066 2730 dicit
2170 2686 2250 2728 est
2282 2676 2444 2729 etiam
2478 2675 2752 2730 Jebusmos
2799 2678 3045 2734 habitare
3084 2697 3205 2736 cum
3242 2683 3367 2738 ﬁliis
3395 2682 3533 2739 Juda
3576 2686 3627 2741 in
3662 2686 3754 2742 Je-

491 2776 753 2832 Domiuus
782 2776 833 2830 in
873 2775 1177 2842 Evangeliis
1202 2773 1247 2805 ⁹⁵
1279 2790 1292 2827 :
1326 2793 1344 2825 ‹
1378 2772 1553 2827 Nolite
1577 2773 1790 2826 mittere
1820 2780 2063 2825 sanctum
2168 2766 2425 2821 rusalem.
2462 2765 2579 2821 Non
2628 2779 2807 2823 tamen
2848 2770 2967 2824 ideo
3001 2772 3113 2826 hmc
3158 2774 3425 2841 diximus,
3479 2778 3623 2847 quod
3655 2795 3755 2836 ne-

486 2872 746 2938 canibus,
779 2884 953 2939 neque
990 2868 1317 2939 margaritas
1350 2878 1564 2921 vestras
1598 2877 1723 2919 ante
1753 2878 1969 2932 porcos,
1997 2878 2065 2919 ne
2167 2859 2433 2929 gligamus
2462 2870 2725 2930 quantum
2758 2863 2870 2918 ﬁeri
2905 2872 3084 2930 potest
3116 2864 3318 2935 ejicere
3349 2884 3463 2935 eos,
3489 2871 3584 2924 sed
3614 2874 3753 2927 satis

492 2968 631 3019 forte
671 2961 990 3017 conculcent
1027 2975 1121 3015 eas
1155 2957 1379 3029 pedibus
1426 2958 1573 3018 suis,
1608 2965 1661 3010 et
1684 2954 1928 3008 conversi
1968 2954 2062 3007 eli-
2168 2954 2436 3020 agendum
2471 2954 2629 3009 nobis
2652 2964 2773 3019 est,
2804 2966 2857 3009 et
2892 2957 3212 3011 tentandum
3252 2959 3496 3026 quotidie
3530 2976 3623 3016 eos
3653 2964 3756 3031 eji-

487 3058 620 3111 dant
661 3070 778 3110 vos.
815 3071 836 3105 ι
892 3051 1000 3106 Iste
1042 3060 1124 3104 est
1178 3064 1306 3117 ergo
1346 3047 1657 3110 Jebusteus,
1690 3045 2057 3109 conculcatio,
2167 3056 2291 3096 cere
2334 3043 2401 3097 de
2447 3043 2747 3099 Jerusalem
2780 3065 2792 3099 :
2826 3047 2919 3099 sed
2946 3087 2962 3114 ,
3011 3048 3149 3101 sicut
3187 3049 3448 3119 scriptum
3490 3061 3607 3115 est,
3643 3070 3750 3108 non

486 3150 577 3217 qui
618 3144 818 3214 indigni
854 3143 1077 3196 audiunt
1110 3140 1330 3193 verbum
1377 3137 1506 3203 Dei,
1539 3146 1593 3190 et
1627 3151 1748 3189 cum
1786 3135 2059 3190 audierint
2087 3159 2130 3217 ο
2165 3150 2450 3203 possumus
2500 3137 2661 3192 simul
2714 3155 2903 3195 omnes
2958 3141 3171 3207 ejicere.
3228 3142 3339 3197 Hoc
3380 3144 3518 3198 idem
3569 3157 3749 3201 autem

488 3254 662 3307 neque
707 3248 763 3292 ut
808 3236 1055 3289 inﬁdeles
1086 3234 1402 3297 discedunt,
1445 3244 1619 3299 neque
1647 3238 1962 3301 permanent
2007 3240 2065 3284 ut
2166 3224 2327 3277 etiam
2370 3226 2421 3277 in
2460 3225 2526 3279 iis
2576 3228 2665 3295 qui
2713 3226 3042 3282 frnctiﬁcant
3093 3231 3436 3285 sentiendum
3480 3244 3601 3301 est,
3655 3236 3763 3304 qui

486 3330 706 3395 ﬁdeles,
762 3328 853 3383 sed
905 3334 1156 3397 percepta
1223 3324 1597 3395 mysteriorum
1656 3322 1876 3387 notitia,
1941 3322 2061 3377 ﬁdei
2167 3312 2400 3385 Ephrem
2436 3316 2530 3371 ﬁlii
2563 3320 2932 3386 nominantur,
2964 3320 3055 3389 qui
3088 3331 3143 3375 et
3171 3322 3270 3392 ipsi
3302 3323 3662 3392 Chananaeos,
3696 3331 3749 3384 id

484 3430 684 3478 nostra:
729 3418 1115 3474 secretioribus
1173 3416 1460 3478 scrutatis,
1520 3414 1767 3469 conversi
1823 3424 2065 3482 postmo-
2165 3415 2249 3462 est
2298 3423 2463 3478 vagas
2495 3419 2550 3463 et
2599 3410 2837 3464 lubricas
2892 3413 3250 3480 cogitationes
3285 3428 3501 3485 semper
3546 3417 3750 3475 debent

482 3515 609 3568 dum
641 3513 953 3581 impugnant
984 3524 1082 3562 nos
1102 3548 1117 3572 ,
1145 3517 1198 3561 et
1238 3506 1758 3561 contradictionibus
1789 3507 1904 3562 suis
1933 3521 2060 3561 cor-
2163 3501 2360 3569 ejicere
2390 3502 2456 3556 de
2484 3503 2765 3557 animabus
2805 3504 2936 3559 suis.
2970 3503 3167 3560 Potens
3207 3516 3290 3562 est
3345 3517 3529 3563 autem
3566 3512 3704 3566 Deus
3725 3551 3745 3578 ,

480 3607 546 3660 da
578 3613 767 3661 nostra
812 3603 1156 3671 dirumpunt,
1207 3598 1584 3655 conculcantes
1616 3599 1764 3653 verbi
1794 3599 2060 3655 Dominici
2164 3595 2255 3663 qui
2283 3603 2336 3647 et
2365 3591 2643 3648 ειρὺιιδωοε
2668 3604 2723 3648 et
2757 3594 3096 3652 Chananazos
3122 3598 3372 3668 subjiciat
3401 3600 3581 3669 nobis,
3602 3602 3744 3657 sicut

480 3695 830 3766 margaritas,
882 3702 940 3747 et
999 3702 1318 3747 ornamenta
1380 3689 1505 3744 ﬁdei
1572 3691 1927 3746 maculantes.
1988 3693 2062 3746 De
2164 3686 2423 3754 scriptum
2478 3694 2561 3739 est
2598 3686 2937 3755 ‘:tSubjecit
2990 3698 3169 3744 autem
3223 3690 3562 3749 Chananteos
3619 3695 3749 3752 ﬁliis

480 3791 597 3846 istis
628 3802 759 3858 ergo
789 3786 1007 3848 dicitur,
1039 3783 1162 3852 quia
1195 3797 1301 3837 non
1325 3791 1619 3851 potuerunt
1650 3780 1743 3835 ﬁlii
1777 3780 1929 3837 Judce
1956 3782 2058 3852 eji-
2163 3775 2641 3850 Ephremaipsum
2662 3793 2790 3846 ergo
2816 3778 3098 3833 Dominum
3132 3782 3507 3850 deprecemur,
3551 3794 3609 3838 ut
3642 3787 3745 3856 eji-

477 3897 603 3939 cere
641 3880 949 3936 Jebusteum
984 3876 1051 3931 de
1073 3874 1376 3930 Jerusalem
1413 3887 1586 3942 usque
1632 3872 1685 3927 in
1732 3874 2056 3928 hodiernum
2162 3866 2311 3922 ciens
2339 3881 2368 3920 a
2402 3867 2557 3923 nobis
2578 3868 2747 3923 malas
2771 3870 3158 3938 cogitationes,
3187 3871 3360 3927 bonas
3381 3873 3582 3929 inferat
3603 3876 3746 3946 (82),

476 3978 642 4031 diem.
696 3971 887 4028 Simile
943 3978 1125 4024 autem
1173 3966 1376 4035 aliquid
1447 3965 1707 4034 scriptum
1766 3970 1854 4020 est
1894 3974 1949 4019 et
1992 3962 2059 4021 de
2160 3954 2349 4023 dignas
2388 3949 2685 4011 JErusalem
2729 3956 2949 4010 civitate
2983 3957 3232 4021 caelesti,
3282 3959 3334 4012 in
3372 3960 3570 4028 quibus
3607 3962 3744 4025 nihil

478 4070 734 4137 Ephrem;
765 4065 843 4119 ait
870 4062 1015 4117 enim
1044 4060 1327 4130 Scriptura
1344 4060 1426 4116 "t
1452 4078 1470 4112 ι
1493 4060 1560 4114 Et
1591 4072 1694 4113 non
1735 4056 2058 4129 disperdidit
2159 4046 2418 4116 pollutum
2472 4048 2784 4101 inveniantur
2817 4056 2871 4102 et
2903 4049 3179 4102 sordidum
3203 4088 3219 4115 ,
3249 4051 3391 4119 quod
3423 4067 3523 4107 nos
3564 4053 3615 4107 in
3657 4054 3744 4108 die

477 4160 712 4229 Ephrem
757 4157 1122 4211 Cbananteum
1178 4153 1270 4222 qui
1315 4151 1592 4206 habitabat
1643 4150 1697 4205 in
1745 4149 1952 4212 Gazer,
2003 4157 2058 4204 et
2152 4137 2340 4229 judicii
2397 4154 2465 4193 ex
2518 4140 2871 4195 conscientia:
2909 4140 3334 4209 cogitationibus
3377 4153 3600 4214 arguat,
3646 4147 3742 4200 sed

476 4227 742 4307 mulavit
779 4248 1121 4302 Chananmus
1170 4243 1225 4298 in
1267 4242 1503 4313 Ephrem
1550 4256 1719 4310 usque
1752 4241 1802 4295 in
1838 4241 2055 4295 ιιοιιίειι-
2157 4227 2468 4283 inveniatur
2502 4229 2556 4283 itt
2600 4230 2758 4284 nobis
2805 4229 3014 4299 pnritas
3046 4230 3226 4284 cordis
3266 4231 3319 4284 in
3366 4231 3583 4287 Christo
3614 4232 3740 4288 Jesu

477 4357 607 4399 num
643 4342 804 4395 diem.
848 4358 866 4390 ι
908 4336 1139 4407 Ephrem
1179 4344 1360 4388 autem
1402 4334 1790 4402 interpretatur
1822 4330 2054 4401 fructi/i-

2156 4317 2384 4373 Domino
2415 4329 2633 4384 nostro,
2661 4320 2744 4374 cui
2779 4330 2861 4375 est
2895 4320 3066 4387 gloria
3098 4329 3155 4376 et
3212 4321 3500 4392 imperium
3534 4324 3587 4379 in
3634 4340 3739 4379 tite-

472 4435 611 4490 catio
636 4433 769 4506 (79).
798 4430 899 4498 Qui
925 4444 1053 4499 ergo
1079 4428 1371 4482 fructiﬁcat
1396 4435 1451 4481 et
1480 4427 1683 4482 crescit
1726 4428 1778 4481 in
1807 4427 1928 4491 ﬁde,
1946 4442 2050 4482 non
2080 4502 2108 4506 _
2155 4409 2275 4464 cum
2310 4410 2658 4468 δωοωοτυῐηο
2692 4412 2888 4506 fligi}:

470 4500 655 4600 potest.
692 4500 1057 4581 exterminare
1095 4521 1459 4578 Chananaeum
1502 4534 1684 4574 semen
1718 4520 2005 4587 pessimum
2029 4557 2046 4584 ,
2079 4502 2124 4557 Ῑ)
2694 4500 2978 4557 ΗΟΜΠΛΑ
3037 4501 3203 4558 XX".

472 4633 659 4675 semen
700 4614 1080 4680 maledictum,
1134 4626 1316 4675 semen
1343 4625 1559 4679 semper
1598 4610 1829 4676 mobile,
1865 4625 2048 4664 semen
2455 4613 2533 4669 De
2568 4616 2705 4668 tribu
2750 4613 2976 4681 Ephrem
3012 4627 3061 4670 et
3094 4616 3429 4673 Chananceis.

472 4711 756 4765 incerlum-
805 4706 919 4762 HOC
942 4707 1084 4760 enim
1129 4706 1515 4774 interpretatur
1547 4703 1880 4758 Chananmus
1913 4702 2047 4774 (80).
2224 4707 2277 4762 1.
2297 4707 2586 4763 Chanantei
2610 4710 2769 4763 tertio
2788 4708 2916 4763 dicti
2944 4720 3069 4763 sunt
3087 4710 3137 4763 in
3160 4710 3283 4765 ﬁliis
3306 4727 3428 4767 esse
3456 4713 3689 4784 Ephrem
3717 4733 3732 4771 :

469 4806 537 4859 Et
582 4813 789 4860 certum
838 4810 942 4865 est,
971 4799 1098 4869 quia
1139 4812 1261 4853 cum
1304 4811 1367 4851 eo
1398 4795 1488 4863 qui
1524 4793 1817 4849 fructiﬁeat
1847 4803 1900 4850 et
1925 4811 2046 4849 cre-

2152 4800 2246 4854 sed
2271 4800 2625 4854 observemus
2654 4802 2745 4870 qui
2778 4801 2849 4855 sit
2883 4801 2936 4856 in
2977 4802 3205 4872 singulis
3253 4804 3389 4857 ordo
3428 4805 3693 4861 dictorum
3715 4847 3736 4875 ,

468 4898 590 4958 scit,
626 4909 843 4964 semper
892 4891 1097 4946 habitat
1143 4888 1505 4944 Chananteus.
1555 4884 1844 4956 Nunquam
1895 4885 2041 4940 enim
2143 4890 2195 4944 id
2229 4899 2331 4955 est,
2361 4891 2489 4961 quid
2534 4893 2777 4946 continet
2829 4893 3039 4960 printus
3066 4908 3250 4948 sermo
3287 4896 3377 4963 qui
3415 4897 3547 4950 dicit
3591 4898 3736 4954 Cha-

470 4992 826 5043 tentationum
871 4993 1048 5039 motus
1095 4989 1313 5036 cessant
1343 4982 1411 5034 ab
1456 4993 1542 5033 eo.
1584 4978 1691 5033 Sed
1734 4986 1786 5032 tu
1829 4978 1873 5032 si
1917 4990 2043 5032 vere
2143 4998 2361 5038 naitceos
2408 4997 2530 5038 esse
2559 4999 2680 5039 cum
2734 4981 2859 5038 ﬁliis
2898 4983 3168 5054 Ephrem,
3212 4995 3266 5040 et
3301 4988 3430 5056 quid
3462 4991 3733 5043 secundus

469 5082 765 5139 l'tuetiﬁcas
806 5079 859 5134 in
892 5079 1032 5142 Deo,
1068 5083 1122 5130 et
1154 5074 1307 5128 vides
1348 5072 1511 5127 talem
1553 5071 1785 5140 aliquem
1830 5071 2043 5141 inquie-
2141 5083 2195 5128 et
2228 5075 2438 5129 tertius.
2464 5073 2520 5129 Si
2549 5074 2692 5129 enim
2724 5076 3035 5145 diligentius
3072 5079 3427 5133 observemus
3461 5083 3736 5147 quomodo

467 5188 611 5241 tum,
646 5174 953 5237 turbidum,
1009 5167 1293 5235 mobilem,
1347 5167 1485 5222 scito
1530 5165 1658 5235 quia
1707 5164 2042 5219 Chananaeus
2145 5164 2302 5218 tertio
2324 5164 2578 5219 dicantur
2604 5180 2724 5220 esse
2774 5164 3066 5222 Chananmi
3115 5184 3236 5222 cum
3293 5170 3415 5223 ﬁliis
3458 5170 3731 5240 Ephrem,

463 5281 565 5323 cst.
596 5268 652 5322 Si
690 5282 793 5320 non
825 5275 976 5336 potes
1001 5278 1125 5318 eum
1159 5261 1357 5333 ejicere
1382 5258 1450 5314 de
1483 5256 1744 5322 Ecclesia,
1778 5256 1902 5326 quia
1934 5271 2041 5310 non
2141 5265 2219 5322 et,
2252 5248 2479 5311 Domino
2508 5266 2820 5327 prtestante,
2854 5261 3152 5329 poterimus
3203 5260 3530 5332 investigare
3580 5264 3732 5317 ordi-

534 5414 581 5448 ³⁵
603 5412 793 5467 Matth.
813 5426 908 5473 vn,
930 5409 985 5464 6.
1060 5408 1107 5439 “
1135 5405 1248 5463 Jos.
1273 5418 1400 5470 xu,
1428 5402 1517 5459 10.
1593 5403 1640 5444 ’ν
1673 5400 1716 5457 ii
1738 5401 1931 5457 Thess.
1962 5415 2044 5469 nt,
2080 5400 2133 5457 6.
2210 5403 2256 5441 ⁸⁸
2284 5403 2445 5460 Prov.
2476 5419 2609 5471 χιιι,
2636 5404 2726 5459 20.
2801 5405 2848 5439 ”
2874 5406 2891 5460 Ι
2923 5405 3049 5461 Cor.
3086 5422 3199 5460 xiv.
3275 5407 3291 5438 ¹
3327 5404 3438 5459 Jus.
3467 5420 3608 5468 xvii,
3639 5403 3726 5456 13.

538 5550 649 5613 (78)
703 5548 977 5603 Jebusaaus
1025 5558 1198 5600 autem
1250 5545 1628 5613 interpretatur
1696 5539 2045 5595 conculcatto.
2158 5562 2176 5594 ι
2210 5543 2408 5600 mobile
2438 5562 2455 5595 ι
2499 5542 2958 5611 auttincertunm
2998 5558 3026 5597 a
3052 5549 3141 5606 ιω
3172 5559 3191 5594 t
3233 5537 3468 5604 moveri,
3554 5539 3722 5592 insta-

467 5598 1234 5712 ;13'ispeﬁiereﬁnculcare.
1259 5634 1277 5667 ›
1387 5598 1398 5613 ’
2152 5613 2259 5669 bile
2301 5598 2441 5671 esse.
2484 5634 2503 5667 ι
2709 5598 2753 5601 ⁷ί
2916 5598 2926 5611 ⁷
3056 5598 3114 5606 ⁷⁷
3342 5678 3354 5690 .

539 5695 669 5712 ’”’““
733 5691 948 5712 ⁰“¹““““
1021 5697 1188 5712 ἠ’-κ’
1241 5688 1618 5712 imum-unm-
1685 5680 2023 5712 Ιν-ιμιξηρηκη
2225 5682 2551 5712 κηὶηωῃΔ
2605 5682 3069 5712 ρΛᾹΛ-ΩΜΜΜὯ
3130 5691 3354 5712 “mm”

535 5680 673 5763 (71f)
723 5680 949 5758 Ephrem
1015 5697 1191 5741 autem
1240 5688 1618 5752 interpretatur
1680 5680 2045 5750 fructiﬁcatio.
2223 5682 2570 5826 ἕ81)οηιηεε,
2605 5684 2785 5741 Codex
2810 5682 3091 5749 Sangerm.
3130 5700 3151 5736 ς
3175 5680 3380 5738 caeteri.
3411 5694 3438 5733 ι

536 5772 652 5821 rma
689 5783 705 5813 ι
741 5760 1103 5815 fructiﬁcavit.
1130 5777 1148 5809 ι
1474 5822 1521 5826 -ν
1844 5819 1884 5826 __
2245 5756 2332 5825 82)
2370 5756 2514 5813 Idem
2541 5772 2644 5811 ms.
2678 5772 2696 5808 ε
2732 5756 2996 5810 instituat.
3038 5777 3057 5804 ι

467 5767 503 5817 Α
536 5756 652 5821 in:
689 5783 705 5813 ι
741 5756 1103 5815 fructiﬁcavit.
1130 5777 1148 5809 ι
1475 5822 1496 5825 _
1844 5819 1884 5825 __
2223 5756 2332 5825 (82)
2370 5756 2514 5813 Idem
2541 5772 2644 5811 ms.
2678 5772 2696 5808 ε
2732 5756 2996 5810 instituat.
3038 5777 3057 5804 ι

533 5819 647 5904 (Str)
693 5833 804 5887 Hoc
853 5832 988 5887 enim
1039 5830 1415 5897 interpretatur
1461 5822 1810 5878 Chanana’us.
1844 5819 2043 5890 Nempe
2231 5819 2239 5826 “
2318 5819 2325 5825 ’
2554 5862 2557 5863 ν
