4146 6384
415 355 517 413 93-1

1878 348 2201 407 ()RiGENIS

3580 358 3684 413 9'59.

429 492 550 526 nent
584 474 913 537 dictionum,
963 472 1090 542 quid
1121 471 1172 523 in
1223 471 1425 538 primo,
1458 469 1585 537 qttid
1622 469 1671 521 in
1731 470 1999 529 set-nudo,
2032 475 2076 529 Α
2108 468 2331 521 ferimus
2354 507 2368 530 ,
2424 468 2771 522 exterminari
2810 484 2841 523 a
2885 469 3039 523 nobis
3091 469 3289 524 dicitur
3322 470 3679 531 Cha-nanzeus.

418 567 548 633 quid
581 566 631 618 in
676 568 831 619 tertio
864 565 1061 617 factum
1098 561 1334 615 refertur
1370 578 1383 615 :
1419 570 1548 630 puto
1583 561 1726 629 quod
1761 577 1868 614 non
1896 561 2000 613 eri-

424 672 543 708 mus
595 656 890 720 increduli,
930 654 1053 723 quia
1089 667 1217 706 vere
1259 652 1377 708 hzec
1417 666 1523 703 non
1564 661 1622 703 ut
1676 650 1787 703 sola
1845 651 2003 705 nobis

417 761 599 799 rerum
648 755 925 813 gestarum
965 743 1209 796 narratio
1257 742 1585 804 traderetur,
1616 743 1816 811 scripta
1846 750 1999 806 sunt,

418 837 510 889 Sed
544 836 901 890 sacramentis
926 835 1128 888 divinis
1174 834 1394 900 Deoque
1425 832 1599 902 dignis
1633 834 1857 901 repleta.
1884 832 2003 885 Pri-

420 946 507 981 mo
529 945 657 996 ergo
692 929 892 981 dictum
946 937 1027 981 est
1063 928 1104 991 ’,
1142 944 1159 975 ι
1203 926 1327 993 quia
1360 940 1465 977 non
1496 925 1725 993 perdidit
1767 926 1999 992 Ephrem

419 1021 783 1073 Chanaua'mn
819 1019 907 1086 qui
942 1018 1148 1070 habitat
1179 1017 1231 1068 in
1268 1015 1465 1077 Gazer,
1518 1018 1609 1069 sed
1654 1016 1861 1069 habitat
1892 1017 2001 1088 (85)

417 1110 759 1165 Chananmus
806 1108 855 1162 iu
890 1108 1124 1175 Ephrem
1169 1122 1339 1175 usque
1380 1107 1431 1161 in
1467 1108 1788 1161 hodiernum
1823 1108 1999 1173 diem,

420 1216 472 1257 et
509 1204 681 1256 factus
724 1211 807 1256 est
856 1205 957 1255 sub
988 1203 1188 1255 tributo
1230 1217 1419 1256 servus
1447 1217 1728 1271 usquequo
1764 1204 2007 1257 ascendit

427 1296 639 1350 Pharao
673 1311 763 1347 rex
801 1294 1023 1364 Aigypti
1049 1305 1102 1347 et
1128 1296 1337 1363 accepit
1368 1295 1669 1356 civitatem,
1693 1305 1744 1347 ct
1770 1295 2007 1348 int-endit

419 1399 538 1437 eam
576 1384 705 1451 igni,
732 1394 783 1436 et
805 1384 1170 1446 Chananzcos,
1197 1394 1249 1438 ct
1284 1383 1622 1447 Pherezmos,
1644 1387 1802 1454 etqui
1858 1386 2005 1437 habi-

426 1477 617 1529 tabant
663 1476 715 1530 in
746 1474 921 1529 Gazer
952 1476 1257 1542 trucidavit,
1287 1485 1337 1529 et
1372 1476 1511 1529 dedit
1538 1490 1654 1528 eam
1688 1476 1899 1531 Pharao
1953 1480 2003 1529 iu

424 1572 605 1625 dotem
640 1571 759 1623 ﬁlia:
783 1585 913 1623 sum.
944 1589 962 1621 ι
990 1570 1274 1624 Secundo:
1300 1587 1318 1620 ι
1345 1571 1407 1623 Et
1426 1570 1622 1623 factum
1645 1584 1750 1636 est,
1774 1572 1944 1640 inquit
1963 1572 2005 1634 ³,

421 1662 677 1729 quoniam
712 1662 1054 1713 int-aluerunt
1090 1662 1179 1713 ﬁlii
1209 1658 1395 1727 Israel,
1421 1672 1474 1714 et
1518 1661 1766 1716 fecerunt
1799 1664 2007 1717 Chana-

423 1768 568 1806 nazos
596 1751 887 1818 subjectos,
915 1753 1369 1806 exterminatione
1406 1764 1583 1807 autem
1611 1770 1714 1808 non
1750 1758 2008 1810 extermi-

2171 558 2226 610 5.
2270 556 2373 611 Sed
2416 568 2469 612 et
2524 558 2649 611 illud
2708 575 2811 613 non
2870 563 3044 614 otiose
3085 568 3514 629 praetereundum
3566 578 3683 629 est,

2104 649 2245 717 quod
2311 650 2512 703 dicitur
2566 651 2774 705 Pharao
2834 651 3051 706 venisse
3124 662 3179 706 et
3208 655 3484 722 accepisse
3545 658 3684 711 civi-

2106 750 2269 795 tatem
2316 741 2480 814 M9
2526 743 2723 808 Gazcr,
2770 744 2823 798 in
2868 760 2972 815 qua
3010 744 3351 800 Chananccus
3394 748 3681 808 habitabat

2106 850 2226 888 cum
2259 835 2513 904 Ephrem,
2557 848 2611 889 et
2642 837 2856 890 dedisse
2898 852 3017 890 eam
3055 838 3107 890 in
3158 838 3338 891 dotem
3388 841 3511 895 ﬁlia:
3547 858 3680 898 suae.

2106 923 2281 979 Gazer
2319 936 2497 980 autem
2528 926 2920 996 interpretatur
2943 931 3265 983 constructio
3296 931 3433 1001 (85).
3459 933 3514 987 Si
3550 950 3683 1005 ergo

2107 1030 2304 1082 corpus
2337 1027 2387 1070 et
2412 1017 2589 1071 anima
2624 1018 2676 1071 in
2708 1035 2816 1071 una
2853 1028 3015 1087 atque
3040 1022 3229 1075 eadem
3267 1028 3677 1082 constructione

2106 1105 2375 1168 habitent,
2418 1107 2467 1161 id
2515 1117 2597 1162 est
2638 1112 2943 1180 conjunctae
2988 1113 3093 1166 sibi
3143 1115 3370 1169 invicem
3413 1126 3466 1170 et
3496 1118 3680 1186 sociae,

2111 1197 2181 1249 ita
2211 1209 2265 1251 ut
2294 1214 2491 1269 corpus
2518 1202 2812 1257 carnaliter
2841 1205 3007 1269 vivat,
3037 1215 3091 1259 et
3120 1222 3223 1260 non
3253 1207 3472 1263 festinet
3500 1212 3681 1264 anima

2109 1288 2349 1342 velocius
2395 1292 2495 1345 sibi
2546 1294 2887 1349 obedientem
2937 1308 2991 1351 et
3037 1292 3529 1356 subditamfacere
3562 1320 3683 1357 car-

2111 1396 2254 1445 nem,
2302 1384 2595 1438 verendum
2637 1396 2723 1439 est
2757 1404 2823 1440 ne
2854 1389 3037 1444 veniat
3061 1391 3269 1444 Pharao
3304 1407 3369 1446 ex
3408 1392 3673 1464 .IEgypto,

2108 1486 2162 1529 ct
2196 1477 2463 1543 captivam
2492 1480 2651 1531 ducat
2684 1479 2957 1535 infelicem
3002 1484 3267 1546 animam,
3304 1485 3375 1537 ita
3412 1496 3467 1538 ut
3502 1487 3551 1538 in
3578 1487 3682 1537 do-

2113 1580 2217 1623 tcm
2257 1583 2374 1623 eam
2409 1572 2581 1625 tradat
2614 1572 2737 1626 ﬁlia:
2766 1588 2896 1627 suae.
2929 1574 2982 1628 Si
3032 1576 3176 1629 enim
3206 1578 3525 1632 consideres
3550 1578 3678 1631 illud

2109 1667 2249 1735 quod
2280 1666 2417 1719 dixit
2457 1665 2751 1733 Apostolus
2778 1667 2827 1731 τ,
2881 1683 3177 1737 exsurgere
3212 1669 3371 1721 aliam
3404 1668 3575 1739 legem
3627 1670 3679 1722 in

2116 1759 2375 1813 membris
2425 1759 2649 1825 nostris,
2700 1769 2754 1813 et
2794 1760 3037 1828 captivos
3077 1777 3179 1815 nos
3228 1764 3425 1817 ducere
3458 1763 3510 1815 in
3569 1763 3683 1831 lege

421 1852 688 1898 naverunt
709 1858 822 1897 eos.
860 1863 877 1895 ι
906 1844 1089 1898 Tertio
1118 1886 1132 1907 ,
1158 1848 1379 1914 quando
1417 1848 1868 1902 contradixerunt
1897 1850 1996 1903 viri
2037 1846 2076 1899 Β
2105 1852 2331 1920 peccati,
2362 1850 2605 1906 invenies
2638 1852 2909 1920 quomodo
2946 1852 3033 1906 ille
3067 1851 3305 1917 Pharao,
3356 1855 3445 1923 qni
3478 1866 3562 1909 est
3586 1872 3680 1907 au-

419 1938 483 1988 de
514 1934 654 1988 tribu
694 1936 927 2004 prrcm
962 1934 1115 2001 Jesu,
1144 1937 1390 1991 volentes
1417 1939 1714 1993 secundum
1746 1955 2002 1996 numero-

418 2024 631 2077 sitatem
667 2040 820 2079 suam
841 2065 854 2089 ,
888 2025 1012 2093 quia
1049 2025 1232 2093 plures
1258 2036 1413 2080 erant
1441 2037 1495 2081 et
1526 2026 1714 2092 validi,
1740 2030 1997 2099 majorem

362 2141 371 2150 -
420 2116 669 2184 accipere
718 2119 882 2170 etiam
942 2117 1282 2172 hmreditatis
1334 2127 1573 2183 sortem;
1643 2129 1698 2173 ct
1743 2122 2001 2190 jnbcntur

419 2208 717 2261 ascendere
751 2210 801 2262 in
832 2211 1031 2264 saltum
1051 2252 1064 2275 ,
1092 2216 1146 2262 et
1175 2209 1275 2262 sibi
1305 2209 1436 2279 ipsis
1474 2211 1790 2279 ampliorem
1826 2214 1999 2268 locum

417 2316 645 2369 capere;
678 2311 731 2355 et
759 2311 817 2355 ut
840 2304 1051 2369 possint
1075 2303 1266 2356 latiora
1305 2304 1475 2371 spatia
1497 2306 2000 2375 occupare,juben-

423 2401 509 2442 tur
534 2393 903 2446 exterminare
926 2394 1286 2447 Chananmum
1316 2391 1360 2447 ⁵.

488 2486 544 2536 2.
580 2484 866 2541 Videamus
910 2502 1042 2557 ergo
1092 2504 1234 2543 nunc
1262 2488 1392 2557 quid
1437 2489 1537 2543 sibi
1584 2488 1839 2561 velit(84)
1886 2492 2003 2546 hrec

418 2577 487 2630 de
509 2577 830 2633 Chanantnis
862 2580 1132 2649 tripartita
1154 2582 1419 2635 narratio.
1453 2580 1634 2634 Primo
1662 2582 2001 2638 Chananaeus

423 2670 701 2723 nobiscum
749 2682 829 2724 cst
861 2673 1107 2741 quidem,
1135 2684 1188 2727 et
1220 2674 1319 2729 sub
1365 2674 1566 2727 tributo
1607 2684 1727 2739 εει,
1769 2690 1876 2728 non
1917 2684 2001 2731 est

424 2776 601 2816 tamen
665 2764 923 2820 obediens
978 2767 1171 2832 nobis,
1236 2782 1411 2838 neque
1477 2783 1689 2823 servus.
1754 2766 2003 2823 Secundo

419 2859 584 2909 etiam
621 2870 807 2911 servus
841 2856 1069 2912 efﬁcitur
1108 2868 1159 2912 et
1204 2858 1480 2913 obediens.
1515 2860 1882 2916 Chanauaaum
1917 2862 2003 2918 hic

423 2963 641 3003 carnem
700 2960 936 3003 nostram
987 2953 1350 3019 accipiamus,
1404 2951 1487 3005 vel
1528 2967 1590 3006 ca
1643 2969 1766 3022 quae
1818 2956 2002 3009 carnis

424 3048 567 3092 sunt.
626 3038 747 3094 Ilaec
783 3042 959 3110 primo
1009 3042 1286 3096 nobiscum
1341 3052 1445 3108 est,
1512 3043 1615 3099 hoc
1673 3054 1755 3100 est
1808 3047 2002 3099 animat

418 3135 607 3202 juncta
634 3142 747 3197 est,
773 3135 865 3189 sed
900 3150 1003 3189 non
1032 3136 1321 3201 obediens,
1353 3136 1453 3190 lliSi
1489 3146 1696 3191 tantum
1730 3139 1871 3206 quod
1908 3138 1999 3190 tri-

423 3225 550 3278 buta
577 3226 839 3293 dependet
873 3246 884 3279 :
922 3226 970 3279 id
1019 3235 1101 3280 est
1154 3227 1512 3280 tniniSterium
1546 3228 1767 3295 quidem
1807 3228 1998 3297 agendi

421 3316 623 3384 aliquid
671 3320 909 3381 exhibet,
966 3317 1047 3371 vel
1108 3318 1404 3383 movendi;
1454 3319 1789 3387 concupiscit
1824 3330 2001 3372 tamen

426 3409 687 3462 adversus
724 3409 972 3477 spiritum
1006 3416 1058 3461 et
1106 3422 1214 3460 non
1241 3418 1324 3461 est
1352 3409 1612 3462 obediens
1654 3412 1877 3471 animar.
1908 3410 2003 3464 sed

425 3500 536 3550 suis
567 3500 850 3553 desideriis
882 3500 1043 3553 cedit.
1082 3497 1137 3551 Si
1174 3513 1302 3551 vero
1335 3499 1447 3569 jam
1499 3501 1839 3571 aliquantum
1873 3519 2002 3572 pro-

427 3590 749 3651 fecerimus,
783 3588 1010 3642 cﬁicitur
1044 3589 1198 3642 nobis
1231 3603 1359 3642 caro
1406 3605 1631 3655 servus,
1663 3602 1718 3646 et
1748 3594 2006 3649 obediens

426 3693 488 3729 ac
544 3693 739 3745 parens
786 3677 976 3729 auima-
1002 3677 1288 3730 voluntati.
1335 3677 1401 3731 Et
1460 3679 1558 3733 iste
1615 3689 1697 3735 cst
1738 3683 2006 3736 secundus

426 3769 622 3822 animae
660 3766 961 3834 profectus,
996 3782 1119 3823 eum
1160 3769 1260 3824 sibi
1303 3787 1522 3827 carnem
1573 3783 1627 3827 et
1668 3774 1875 3827 servire
1925 3773 2006 3829 fe-

425 3861 562 3915 cerit
591 3868 645 3911 et
679 3860 918 3913 obedire.
952 3858 1195 3914 Tertium
1226 3877 1354 3917 vero
1381 3871 1493 3929 est,
1523 3864 1666 3932 quod
1703 3862 2004 3933 perfectum

424 3961 530 4003 est.
564 3949 618 4003 Si
676 3952 817 4004 enim
860 3951 972 4019 jam
1021 3953 1304 4007 veniamus
1349 3955 1413 4007 ad
1461 3955 1791 4025 perfectum,
1836 3956 2006 4011 etiam

424 4042 869 4099 exterminandus
918 4044 1070 4099 nobis
1102 4045 1299 4098 dicitur
1328 4046 1696 4112 Chananazus,
1746 4058 1802 4103 et
1844 4049 2005 4103 morti

431 4135 738 4189 tradendus.
787 4137 1065 4203 Quomodo
1110 4146 1290 4191 autem
1330 4140 1433 4194 hoc
1501 4140 1555 4193 in
1608 4149 1792 4193 nostra
1840 4153 2006 4195 carne

426 4226 752 4295 completur,
810 4232 933 4284 attdi
974 4233 1275 4300 apostolum
1330 4232 1557 4286 Paulum
1615 4231 1887 4285 dicentem
1931 4231 2002 4285 δε

432 4335 452 4369 ι
488 4319 805 4375 Mortiﬁcate
830 4322 1068 4375 membra
1093 4332 1274 4379 vestra
1300 4339 1418 4392 quae
1443 4332 1568 4379 sunt
1600 4338 1759 4391 super
1786 4332 2005 4386 terram,

429 4410 869 4476 fornicationem,
910 4412 1347 4476 iunnuuditiam,
1387 4432 1403 4464 ι
1442 4421 1499 4466 ει
1538 4422 1729 4466 caetera
1754 4427 1874 4481 qum
1916 4428 2006 4466 se-

2107 1955 2225 1997 ctor
2258 1953 2312 1997 et
2339 1958 2431 1997 rex
2465 1944 2700 2013 peccati,
2738 1943 2861 1998 ﬁlia:
2892 1960 3024 2009 sum,
3056 1961 3176 2015 quae
3216 1955 3299 2001 est
3335 1946 3415 2000 lex
3448 1948 3681 2015 peccati,

2106 2034 2344 2088 animam
2378 2049 2497 2103 quae
2532 2034 2827 2089 carnaliter
2864 2036 3082 2098 vixerit,
3129 2035 3182 2088 in
3218 2038 3398 2091 dotem
3431 2038 3681 2092 conscri-

2104 2130 2201 2184 bit.

2175 2220 2229 2273 4.
2278 2219 2407 2274 Post
2446 2220 2561 2274 hcec
2611 2219 2774 2273 etiam
2822 2220 2925 2273 hoc
2954 2218 3244 2272 videndum
3280 2228 3384 2283 est,
3420 2219 3561 2287 quod
3590 2217 3680 2271 ﬁlii

2103 2309 2300 2380 Joseph
2337 2310 2690 2381 quaestionem
2743 2309 3059 2363 movcntde
3107 2307 3463 2372 haereditate,
3513 2308 3684 2375 majo-

2106 2418 2218 2458 rem
2248 2411 2452 2458 sortem
2478 2402 3043 2470 requirunt,diccntes
3071 2402 3135 2453 ad
3152 2399 3335 2454 Jesum
3355 2401 3377 2431 ⁸
3408 2416 3423 2454 :
3460 2420 3477 2451 ι
3503 2400 3683 2464 Quare

2108 2494 2263 2550 nobis
2298 2493 2493 2550 dedisti
2544 2493 2879 2547 hzereditatis
2911 2502 3114 2546 sortem
3149 2492 3262 2563 (86)
3290 2509 3474 2557 unam,
3507 2502 3560 2546 et
3585 2507 3679 2560 pe-

2106 2588 2354 2641 daturam
2384 2584 2591 2638 uuam?
2626 2584 2741 2652 Ego
2766 2594 2950 2636 autem
2979 2584 3204 2651 pepulus
3230 2586 3429 2635 multus
3458 2599 3599 2641 sum,
3628 2590 3679 2636 et

2108 2676 2368 2731 Dominus
2398 2674 2677 2727 benedixit
2715 2687 2821 2725 me.
2878 2691 2896 2723 ι
2950 2672 3004 2726 Si
3062 2686 3190 2740 ergo
3234 2683 3287 2726 et
3318 2688 3414 2725 nos
3448 2673 3680 2739 populus

2107 2772 2277 2825 simus
2326 2767 2554 2831 multus,
2586 2774 2641 2821 et
2678 2764 2965 2818 benedicat
3016 2780 3114 2819 nos
3152 2765 3434 2829 Dominus,
3487 2762 3671 2815 audii;-

2109 2877 2230 2916 mus
2276 2861 2344 2914 ab
2382 2859 2507 2913 Jesu
2537 2858 2559 2890 ⁹
2592 2879 2602 2912 :
2641 2876 2659 2909 ι
2699 2856 2935 2926 ΡοριιΙιιε
2984 2856 3185 2910 ιιιιιΙιιιε
3212 2871 3295 2920 cs,
3339 2854 3575 2909 ascende
3623 2853 3681 2908 in

2107 2952 2327 3017 saltum,
2361 2960 2417 3003 ct
2455 2949 2653 3002 munda
2679 2948 2771 3002 tibi
2806 2947 2929 3016 ipsi,
2960 2956 3014 2999 et
3045 2962 3173 3015 para
3209 2945 3385 2999 locum
3431 2944 3480 2997 in
3509 2953 3678 2995 terra.

2109 3044 2364 3113 Expurga
2415 3041 2733 3095 Pherezzeos
2793 3048 2848 3092 et
2900 3039 3187 3106 Rapliaim.
3250 3057 3268 3089 ι
3325 3036 3556 3091 Necesse
3594 3044 3678 3089 est

2108 3150 2238 3204 ergo
2266 3149 2363 3188 nos
2393 3134 2592 3202 ejicere
2633 3132 2970 3210 Pherezrcos.
3012 3129 3315 3183 Invenimus
3339 3138 3516 3180 autem
3542 3126 3683 3180 Phe-

2111 3240 2313 3281 rezaeos
2344 3224 2689 3293 interpretari
2725 3223 3195 3291 fructiﬁcationem
3224 3220 3361 3290 (87).
3400 3220 3527 3283 Sed,
3570 3219 3682 3273 sic-

2108 3328 2166 3373 ut
2220 3333 2360 3387 saepe
2411 3318 2522 3387 jam
2558 3316 2795 3371 diximus
2818 3316 2884 3368 de
2930 3313 3057 3368 aliis
3106 3311 3438 3375 nominibus,
3478 3310 3531 3364 in
3581 3310 3684 3363 hoe

2108 3411 2306 3480 duplex
2358 3419 2443 3463 est
2490 3406 2893 3476 interpretatio.
2949 3404 3045 3457 Est
3080 3403 3281 3458 etenim
3338 3400 3684 3455 fruct-iﬁeatio

2107 3502 2249 3556 bona
2283 3510 2337 3554 et
2366 3499 2719 3554 fructiﬁcatio
2770 3495 2935 3559 mala,
2964 3494 3107 3548 sicut
3144 3496 3198 3547 in
3233 3491 3539 3561 Evnngeliis
3590 3490 3685 3543 de-

2108 3594 2356 3663 signatur
2384 3591 2450 3656 ιο,
2474 3588 2601 3659 quia
2634 3606 2653 3639 ι
2692 3589 2856 3640 arbor
2884 3586 3023 3640 bona
3060 3584 3231 3638 bonos
3261 3582 3473 3635 fructus
3529 3581 3682 3645 facit,

2108 3691 2163 3736 et
2206 3679 2368 3732 arbor
2398 3676 2539 3730 mala
2577 3675 2748 3730 malos
2798 3674 3009 3728 fructus
3043 3672 3191 3726 facit.
3246 3690 3265 3723 ι
3299 3670 3527 3735 Oportet
3552 3684 3684 3740 ergo

2111 3785 2212 3825 nos
2240 3767 2516 3836 expellere
2548 3779 2711 3820 onme
2745 3766 3008 3836 quidquid
3063 3778 3169 3818 non
3198 3765 3333 3817 bene
3367 3761 3679 3826 fructiﬁcat,

2108 3868 2165 3914 et
2194 3858 2517 3913 abscindere
2546 3857 2781 3911 fructum
2825 3854 3091 3923 pecccati,
3124 3863 3178 3908 et
3210 3868 3514 3922 expurgare
3569 3854 3685 3905 fru-

2108 3960 2227 4006 ctus
2253 3950 2554 4019 iniustitiae.
2582 3948 2688 4003 Sed
2721 3956 2777 4002 et
2814 3947 3100 4012 Raphaim,
3122 3946 3315 4015 inquit,
3343 3943 3570 4014 expelle,
3601 3941 3687 3997 vel

2113 4043 2297 4113 potius
2322 4056 2564 4112 expurga
2611 4042 2678 4096 de
2717 4050 2792 4095 te.
2849 4041 3116 4109 Raphaim
3172 4039 3479 4093 invenimus
3511 4039 3685 4091 inter-

2109 4143 2382 4206 pretatum
2420 4133 2653 4187 resoluta
2680 4142 2851 4187 mater
2882 4132 3018 4203 (88).
3049 4132 3147 4185 Est
3187 4131 3239 4185 in
3286 4132 3461 4183 anima
3498 4138 3685 4183 nostra

2109 4232 2287 4285 virtus
2334 4230 2607 4300 quaedam,
2639 4243 2762 4298 quae
2791 4228 2932 4298 parit
2978 4242 3196 4292 sensus,
3226 4236 3280 4280 et
3325 4223 3471 4278 velut
3506 4235 3687 4289 prater

2108 4333 2190 4377 est
2217 4337 2407 4376 eorum
2430 4336 2687 4376 sensuum
2712 4321 2799 4373 vel
2829 4319 3227 4381 intellectuum,
3260 4319 3350 4385 qui
3384 4316 3686 4386 procedunt

2111 4430 2141 4468 e
2173 4415 2351 4478 nobis,
2376 4417 2677 4468 secundum
2706 4413 2847 4482 quod
2878 4412 3081 4466 dicitur
3111 4413 3163 4464 in
3197 4420 3545 4465 sacramento
3572 4407 3686 4478 (89)

428 4512 684 4572 quuntur.
714 4503 777 4555 Et
803 4504 994 4558 iterum
1031 4503 1164 4558 dicit
1188 4505 1209 4535 ⁸
1244 4522 1257 4559 :
1296 4521 1314 4555 ι
1356 4504 1458 4570 Qui
1488 4513 1668 4557 autem
1699 4516 1825 4558 sunt
1849 4503 2003 4557 Chri-
2038 4531 2082 4586 ο
2115 4508 2182 4560 de
2204 4506 2381 4561 anima
2400 4506 2555 4575 quasi
2586 4508 2655 4560 de
2676 4506 2903 4560 muliere
2927 4504 2967 4534 “
3002 4521 3058 4558 ει
3086 4504 3245 4558 Salva
3271 4502 3571 4557 autcmerit
3593 4515 3688 4571 per

427 4594 761 4656 sti,carnem
810 4612 962 4649 suam
1012 4596 1403 4651 cruciﬁxerunt
1432 4614 1556 4652 cum
1598 4598 1744 4652 vitiis
1777 4606 1830 4651 et
1871 4611 2001 4651 con-

430 4685 791 4753 cupiscentiis.
819 4706 836 4739 ι
859 4685 949 4744 Sic
964 4702 1094 4758 ergo
1142 4690 1302 4743 tertio
1323 4729 1338 4753 ,
1370 4690 1472 4743 hoc
1514 4698 1597 4744 est
1624 4704 1746 4743 cum
1778 4689 1844 4744 ad
1876 4704 2001 4758 per—

430 4778 714 4833 fectionem
758 4780 1039 4845 venimus,
1087 4791 1142 4836 et
1198 4784 1437 4836 membra
1473 4792 1653 4836 nostra
1706 4782 2003 4836 mortiﬁca-

430 4888 544 4924 mus
568 4912 583 4936 ,
615 4889 676 4926 ac
710 4883 933 4927 mortem
980 4874 1181 4928 Christi
1214 4876 1263 4928 in
1307 4890 1536 4945 corpore
1563 4884 1748 4930 nostro
1776 4876 2008 4928 circum-

499 5011 520 5040 ²
557 5008 671 5064 Jos.
747 5027 859 5075 xw,
890 5011 976 5066 10.
1068 5010 1234 5069 ’Jos.
1280 5028 1417 5071 xvtt,
1468 5012 1554 5065 15.
1631 5012 1653 5043 δ
1712 5012 1869 5075 Ibid.,
1922 5012 2008 5067 18.

428 5078 449 5109 ⁸
488 5076 603 5136 Jos.
654 5099 790 5147 χιιι,
822 5085 906 5137 11.
983 5083 1182 5147 'ibid.,
1219 5082 1301 5138 15.
1381 5085 1421 5115 ⁸ο
1458 5082 1640 5137 Matth.
1679 5098 1773 5147 vn,
1810 5085 1895 5137 17.

1068 5013 1088 5044 ³
1119 5010 1234 5069 Jos.
1280 5028 1417 5071 xvtt,
1468 5012 1554 5065 15.

983 5084 1004 5114 ⁹
1028 5083 1182 5150 ibid.,
1219 5082 1301 5138 15.

498 5226 610 5296 (8'5)
637 5226 788 5281 Libb.
820 5227 988 5294 editi,
1025 5247 1043 5278 ι
1078 5227 1285 5284 habitat
1308 5228 1361 5281 in
1384 5226 1580 5293 Gazcr,
1605 5226 1698 5281 sed
1726 5225 1951 5281 habitat.
1987 5244 2006 5278 ι

428 5298 526 5352 Ms.
565 5300 847 5366 Saugerm.
884 5300 1203 5369 utrobique,
1245 5317 1262 5348 ι
1294 5298 1591 5352 habitabat.
1633 5316 1652 5348 ι

500 5371 611 5437 (81)
651 5369 789 5421 Idem
824 5384 923 5422 ms.
955 5387 972 5419 ι
1005 5372 1237 5423 videtur.
1282 5387 1300 5419 ι

502 5436 611 5505 (85)
649 5436 820 5491 Cazer
850 5451 1023 5491 autent
1057 5442 1436 5504 interpretatur
1462 5440 1803 5491 constructio.
1836 5437 1879 5489 A
1916 5450 2011 5503 ’πῃ

429 5526 524 5563 seu
558 5520 693 5570 mu
726 5528 742 5558 ι
782 5520 1142 5578 segmentum,
1172 5511 1396 5572 cxcisio,
1426 5519 1658 5577 septum,
1691 5508 2009 5573 tabulatum,

429 5590 732 5646 separatum
768 5594 785 5639 ς
822 5600 838 5629 ι
876 5581 1015 5632 unde
1041 5580 1214 5635 Gazer
1247 5581 1651 5648 quodammodo
1693 5580 1797 5632 dici
1839 5580 2011 5647 possit

434 5669 453 5699 ε
494 5660 848 5703 construetto.
892 5668 911 5701 ι

504 5720 643 5787 (86)
704 5718 879 5774 Codex
936 5721 1223 5789 Sangcrm.
1277 5738 1294 5770 ι
1359 5720 1411 5772 in
1462 5720 1832 5774 hzet'cditatetn
1883 5734 2002 5773 sor-

436 5797 565 5842 tem.
632 5808 650 5838 ο

2096 5013 2117 5044 ⁵
2161 5013 2366 5069 Culuss.
2416 5028 2499 5078 Ill,
2534 5012 2587 5067 5.

1973 5084 2014 5114 ¹¹
2044 5082 2226 5138 ΙΤὶιιι.
2260 5100 2320 5149 ιι,
2349 5084 2435 5138 15.

2120 4598 2357 4653 ﬁliorum
2388 4600 2822 4669 generationem,
2846 4600 2888 4653 si
2916 4596 3274 4667 permanserit
3303 4596 3355 4649 in
3382 4596 3483 4648 ﬁde
3512 4603 3567 4648 et
3590 4608 3686 4647 ve-

2113 4694 2289 4747 ritate.
2335 4712 2352 4743 »
2386 4692 2505 4747 Isne
2533 4706 2666 4761 ergo
2702 4700 2925 4750 matres.
2954 4692 3055 4744 hoc
3098 4697 3185 4744 est
3230 4689 3328 4741 ista
3362 4688 3535 4740 virtus
3569 4684 3688 4738 ani—

2114 4801 2236 4851 ma»,
2264 4784 2370 4840 illis
2440 4787 2491 4838 in
2526 4786 2721 4853 quibus
2766 4782 2923 4837 fortis
2956 4792 3037 4835 est
3069 4793 3124 4835 et
3146 4781 3320 4834 valida
3348 4794 3410 4833 ac
3439 4781 3685 4841 robusta,

2115 4886 2346 4943 generat
2380 4890 2572 4929 sensus
2607 4873 2811 4928 validos
2846 4885 2900 4927 et
2932 4884 3196 4941 potentes,
3232 4879 3287 4926 et
3314 4872 3403 4940 qui
3442 4867 3686 4937 superari

2662 5012 2683 5043 °
2710 5011 2830 5068 Gal.
2867 5027 2929 5079 v,
2991 5010 3084 5067 24.
3179 5011 3199 5043 τ
3226 5010 3381 5065 Rom.
3424 5026 3530 5075 vtt.
3590 5010 3684 5065 25.

2192 5226 2302 5296 (8'7)
2329 5226 2629 5281 Invenimus
2650 5236 2823 5279 autem
2854 5226 3160 5279 Pherezteos
3182 5228 3517 5296 interpretari
3542 5228 3687 5295 [ruc-

2122 5298 2485 5364 iiﬁcationem.
2525 5300 2566 5351 A
2597 5306 2713 5359 .T‘a
2760 5315 2778 5347 ί
2819 5297 3187 5352 fructiﬁcavit.
3227 5318 3245 5349 ι

2196 5367 2305 5437 (88)
2342 5366 2611 5437 Raphaint
2665 5368 2956 5422 invenimus
3004 5371 3401 5435 interpretatum
3452 5370 3682 5423 resoluta

2116 5435 2305 5491 mater.
2335 5435 2424 5490 Sic
2447 5440 2584 5491 alter
2606 5454 2668 5493 ex
2706 5438 3145 5503 Ebt'oit‘cttsibus,
3195 5439 3314 5491 IiIH‘i
3346 5451 3524 5492 autem
3549 5440 3681 5491 editi

2116 5525 2215 5575 pro
2253 5526 2269 5559 ι
2326 5510 2559 5560 resoluta
2599 5518 2793 5570 mater,
2851 5526 2868 5557 ι
2919 5508 3166 5561 habent:
3208 5527 3225 5559 ι
3284 5511 3530 5561 resoluta:
3564 5524 3682 5559 tua-

2118 5590 2246 5633 tres.
2287 5597 2304 5628 ι
2340 5578 2670 5648 Etymologia
2704 5579 2920 5631 ducitur
2960 5593 3022 5632 ex
3064 5587 3181 5641 m1
3223 5598 3239 5630 ι
3284 5580 3683 5644 remissmn,re-

2113 5652 2348 5703 solutum
2374 5663 2585 5705 BSSCDCI
2606 5660 2691 5706 DN
2721 5650 2976 5699 «mater.»

2184 5722 2293 5785 (89)
2337 5719 2401 5770 In
2433 5731 2782 5771 sacramento.
2840 5718 3000 5772 lteest
3049 5721 3099 5771 itl
3141 5718 3271 5777 libi).
3306 5727 3461 5773 antea
3495 5718 3681 5787 editis,

2112 5795 2204 5845 sed
2241 5800 2419 5843 exstat
2450 5791 2501 5843 in
2536 5790 2789 5842 omnibus
2822 5803 2953 5842 mss.
