4146 6436
470 385 580 442 955

1423 384 1485 437 IN
1530 384 1788 440 LIBRUM
1829 384 1994 440 JESU
2026 384 2211 439 NAVE
2249 374 2533 441 IIOMI'LIA
2564 386 2750 442 XXIII.

3640 399 3747 455 93L

470 522 505 562 a
537 509 945 563 contradicente
977 524 1082 561 non
1111 508 1340 576 possint.
1375 509 1427 562 ln
1478 512 1596 565 aliis
1639 513 1856 581 quidem
1884 514 2055 565 virtus
2086 520 2129 571 Α
2158 526 2279 565 cum
2305 522 2408 575 est,
2441 512 2606 567 citius
2652 511 2922 582 subjicere
2963 514 3139 581 nobis,
3172 523 3225 571 et
3258 517 3604 573 obedientem
3656 522 3737 575 fa-

479 603 581 655 ista
615 601 845 655 resoluta
878 610 961 655 est
1005 610 1059 656 et
1090 604 1339 665 remissa,
1361 606 1504 672 quod
1544 605 1811 657 indicatur
1836 620 1901 657 ex
1930 619 2054 658 sen-

476 692 629 746 sibus
662 708 783 747 cnrn
830 693 1070 761 languidi
1110 694 1330 761 quidam
1392 695 1744 763 proferuntur
1773 705 1827 749 et
1863 696 2052 765 inepti,

417 773 420 778 ’
470 797 528 839 et
561 786 692 838 nihil
730 787 778 838 in
807 800 865 838 se
896 785 1234 840 fortitudinis
1270 788 1639 840 continentes.
1674 786 1785 840 iloc
1812 801 1941 855 ergo
1974 789 2051 842 si-

479 876 770 943 gniﬁcatur
802 878 904 931 sub
938 878 1156 931 nomine
1191 877 1461 946 Raphaim
1502 888 1559 930 ut
1590 877 1960 944 hujuscemodi
1989 880 2056 934 de

476 968 631 1021 nobis
676 979 879 1023 matres
921 970 1214 1033 remissas,
1252 985 1374 1038 qua:
1415 984 1610 1024 sensus
1653 970 1956 1024 ineruditos
2000 980 2055 1026 et

474 1060 693 1112 inutiles
720 1061 960 1127 pariunt,
993 1075 1382 1128 expurgemus.
1414 1059 1480 1114 Et
1501 1064 1641 1116 bene
1676 1063 1916 1116 servavit
1944 1061 2052 1129 spi-

477 1151 648 1204 ritalis
686 1152 1059 1221 intelligentiae
1106 1156 1519 1225 proprietatem.
1571 1152 1687 1207 Non
1728 1153 1873 1209 enim
1916 1152 2056 1206 dixit

476 1243 907 1299 interminandos
969 1246 1277 1315 Raphaim,
1334 1248 1428 1301 sed
1476 1246 1875 1315 expurgandus.
1935 1244 2052 1300 Non

472 1337 620 1389 enim
653 1337 800 1404 ipsos
851 1340 1129 1394 naturales
1178 1340 1291 1410 (90)
1352 1342 1546 1395 animas
1593 1349 1775 1394 motus
1804 1348 2053 1395 evertere

474 1438 639 1495 atque
671 1432 1039 1485 exterminare
1090 1432 1428 1502 prtecipitur,
1479 1433 1573 1486 sed
1613 1446 1938 1502 expurgare,
1999 1431 2053 1485 id

467 1527 557 1571 est
603 1521 791 1575 sordes
838 1531 894 1575 et
922 1523 1307 1590 immunditias,
1357 1541 1477 1594 qua:
1514 1526 1596 1580 eis
1626 1541 1693 1580 ex
1744 1534 1925 1579 nostra
1957 1538 2053 1579 ne-

472 1612 730 1682 gligentia
772 1615 1133 1681 advenerunt,
1184 1632 1420 1687 purgare
1463 1627 1625 1687 atque
1673 1618 1960 1687 depellere,
1992 1625 2053 1670 ut

476 1704 734 1758 naturalis
762 1705 879 1773 ejus
900 1708 1051 1777 vigor
1084 1710 1315 1778 propria:
1358 1718 1523 1779 atque
1559 1710 1809 1780 ingenitae
1871 1710 2052 1763 virtu-

477 1797 547 1850 tis
576 1796 847 1868 eﬂulgeat.

546 1890 597 1942 5.
643 1888 776 1944 Post
813 1892 926 1947 hinc
972 1894 1179 1947 addunt
1229 1896 1405 1949 adhuc
1436 1890 1544 1949 'ﬁlii
1576 1895 1834 1965 Ephrem,
1868 1906 1923 1950 et
1967 1896 2049 1951 di-

476 1988 605 2032 cunt
640 1980 681 2010 "
716 1999 729 2034 :
762 1999 780 2032 ι
818 1981 933 2035 Non
953 1982 1319 2039 sullicitnohis
1341 2000 1518 2053 mons,
1550 1994 1602 2040 et
1632 2002 1805 2057 equus
1822 1988 2047 2052 electus,

468 2076 529 2123 et
558 2070 756 2123 ferrum
805 2072 1115 2129 Chanaan
1147 2086 1229 2130 est
1273 2077 1365 2145 qui
1406 2078 1624 2131 habitat
1651 2080 1703 2133 in
1742 2096 1827 2132 me
1852 2080 1985 2149 (9i).
2024 2100 2044 2133 ι

474 2158 760 2226 Nunquam
810 2162 1053 2218 invenies
1097 2168 1187 2235 qui
1238 2184 1434 2237 equum
1489 2170 1686 2225 habeat
1727 2170 2046 2239 lsraelitam,

472 2255 568 2304 sed
598 2253 936 2309 Chananazus
970 2258 1133 2312 habet
1176 2260 1324 2314 illum
1373 2275 1592 2329 eqnurn,
1635 2264 1727 2330 qui
1769 2261 1937 2318 falsus
1964 2272 2051 2319 est

471 2345 538 2397 ad
570 2346 822 2403 salutem.
854 2348 1028 2403 liabet
1062 2359 1117 2403 et
1163 2350 1369 2405 ferrum
1407 2354 1659 2409 bellicum
1686 2355 2048 2416 Chananaaus.

472 2435 580 2489 Sed
608 2438 735 2505 quid
772 2441 1053 2509 respondit
1085 2442 1190 2496 illis
1213 2442 1418 2499 Jesus?
1455 2463 1473 2496 ι
1510 2445 1564 2500 Si
1592 2451 1817 2516 populus
1847 2450 2050 2506 multus

475 2543 534 2581 es
563 2537 639 2593 tu,
679 2541 735 2583 et
765 2531 1021 2586 virtutem
1057 2535 1285 2603 habens,
1326 2552 1432 2591 non
1465 2541 1572 2593 erit
1602 2541 1696 2595 tibi
1742 2556 1867 2597 sors
1916 2558 2047 2611 una,

475 2621 602 2689 quia
625 2623 794 2680 saltus
818 2636 904 2680 est
937 2628 1053 2694 tibi,
1090 2640 1146 2685 et
1197 2634 1522 2688 emundabis
1557 2650 1680 2689 eum
1726 2636 1796 2686 ι’.
1830 2656 1850 2690 ι
1887 2637 2053 2693 Vides

474 2716 603 2783 quid
634 2719 699 2771 ad
734 2734 832 2773 nos
864 2735 963 2789 per
999 2723 1298 2791 spiritalem
1326 2726 1734 2797 intelligentiam
1753 2731 1969 2800 dicitur,
1995 2740 2054 2788 ut

476 2809 832 2863 emundemus
889 2812 1079 2865 silvam
1108 2830 1228 2882 quae
1284 2816 1333 2869 in
1370 2819 1527 2872 nobis
1560 2829 1664 2883 est,
1698 2832 1753 2874 et
1790 2822 2051 2878 exciden-

475 2908 557 2952 tes
589 2901 812 2956 inutiles
836 2912 890 2957 et
918 2904 1285 2961 infructuosus
1328 2924 1392 2961 ex
1434 2910 1840 2981 nobismetipsis
1887 2915 2051 2971 arbo-

474 3005 581 3053 res,
616 2990 880 3049 l‘aciamus
921 2995 989 3048 ibi
1028 2997 1239 3050 novalia
1282 3014 1401 3067 qua:
1436 3015 1655 3069 semper
1704 3004 2048 3075 innovemus,

472 3090 526 3133 et
564 3097 629 3136 ex
658 3084 855 3151 quibus
884 3084 1123 3141 fructum
1174 3091 1458 3158 capiamus
1498 3093 1835 3148 tricesimum
1875 3105 1931 3150 et
1961 3112 2050 3152 se-

473 3178 808 3243 xagesimum
844 3188 898 3232 et
949 3182 1357 3237 centesimum?
1405 3184 1598 3239 Annon
1651 3186 1839 3242 eadem
1896 3190 2050 3245 nobis

478 3267 760 3338 Evangelii
795 3284 977 3325 sermo
1007 3273 1313 3341 denuntiat,
1359 3277 1547 3331 dicens
1577 3277 1621 3308 ¹¹ι
1656 3296 1668 3331 :
1713 3297 1731 3329 ι
1775 3279 2049 3347 Eccejam

473 3359 683 3411 securis
711 3360 883 3426 posita
916 3372 999 3414 est
1033 3363 1099 3417 ad
1127 3364 1360 3419 radicem
1396 3365 1608 3420 arboris
1636 3367 1659 3420 ?
1698 3368 1888 3423 Omnis
1908 3384 2040 3440 ergo

471 3450 636 3503 arbor
656 3466 775 3519 qua:
792 3468 897 3507 non
923 3453 1079 3508 aﬂ‘ert
1103 3454 1363 3524 fructum,
1386 3459 1690 3524 excidetur,
1716 3468 1771 3514 et
1794 3462 1843 3515 in
1868 3462 2047 3532 ignem

470 3542 742 3597 mittetur.
775 3564 793 3596 ι
830 3544 957 3601 litae
988 3547 1265 3615 prioribus
1318 3549 1520 3604 nostris
1562 3548 1708 3604 Nave
1741 3552 1878 3607 ﬁlius
1910 3568 2049 3623 prae-

469 3636 611 3701 cepit
643 3633 803 3690 Jesus
842 3637 907 3691 de
940 3638 1296 3693 inl‘ructuosis
1342 3640 1631 3704 arboribus
1706 3642 2048 3709 excidendis,

469 3725 585 3780 hzec
616 3729 777 3782 nobis
828 3728 1093 3785 Dominus
1141 3728 1300 3787 Jesus
1350 3732 1404 3786 in
1442 3731 1748 3802 Evangeliis
1795 3735 2048 3790 mandata

469 3820 733 3875 describit
764 3837 779 3873 :
817 3829 874 3875 et
905 3822 1178 3890 quomodo
1220 3839 1328 3877 non
1361 3838 1549 3878 verum
1582 3828 1831 3896 estquod
1860 3827 2049 3883 umbra

464 3911 749 3977 praecessit
784 3917 839 3965 et
874 3912 1078 3967 veritas
1116 3922 1302 3967 secuta
1327 3913 1455 3968 est?

537 4001 591 4055 6.
654 4001 794 4068 Quid
847 4013 1027 4058 autem
1077 4013 1159 4058 est
1211 4006 1357 4073 quod
1404 4007 1609 4060 addidit
1653 4006 1811 4061 Jesus
1853 4024 1867 4062 :
1925 4026 1945 4060 ι
1989 4009 2047 4063 Si

466 4094 885 4157 emundaveris,
956 4096 1134 4165 inquit
1187 4096 1272 4162 ⁸³,
1338 4097 1576 4162 silvam,
1615 4099 1718 4153 erit
1778 4100 1875 4155 tibi
1924 4116 2045 4157 cum

467 4184 921 4241 exterminaveris
950 4186 1359 4241 Chananaeurn?
1392 4206 1409 4239 ι
1460 4189 1710 4244 Diximus
1748 4190 1857 4259 jam
1896 4206 2048 4261 supe-

470 4274 585 4327 rius
608 4277 879 4344 quomodo
912 4279 1190 4333 nobiscqu
1225 4279 1434 4347 positus
1467 4279 1831 4347 Chananteus,
1869 4286 2046 4351 primo

468 4376 676 4421 tantum
704 4369 906 4424 tributa
952 4369 1245 4438 dependet,
1293 4371 1530 4423 secundo
1580 4372 1845 4427 obediens
1880 4373 2046 4428 cﬁici-

464 4467 555 4514 tur
604 4469 659 4513 et
705 4459 995 4528 subjectus,
1057 4461 1217 4515 tertio
1290 4476 1419 4516 vero
1450 4462 1501 4515 in
1553 4463 1920 4517 membrorum
1955 4478 2047 4519 no-

2075 3220 2122 3282 (Ζ

2158 620 2304 668 cere,
2331 614 2453 674 post
2490 606 2605 659 lnec
2633 607 2795 660 etiam
2829 608 3217 673 exterminare;
3256 612 3407 680 quia,
3446 612 3489 666 si
3520 613 3747 668 dimitti-

2160 714 2280 750 mus
2313 714 2437 751 eum
2464 708 2517 752 et
2550 699 2899 769 negligimus,
2929 701 3106 755 veniet
3129 701 3343 759 Pharao
3380 719 3445 758 ex
3482 704 3741 775 Egypto,

2158 798 2213 843 et
2237 790 2463 859 incipiet
2487 791 2660 845 locum
2695 802 2942 846 nostrum
2981 794 3032 846 in
3065 792 3247 849 dotem
3288 798 3417 850 dare
3461 798 3581 852 ﬁlia:
3606 814 3742 866 suae,

2112 926 2121 931 ρ
2156 891 2211 935 et
2242 883 2490 945 captivos
2514 898 2611 937 nos
2658 885 2869 939 tradere
2888 884 3003 956 legi
3054 888 3287 955 peccati.
3326 888 3430 943 Sed
3465 890 3608 944 absit
3640 891 3743 945 hoc

2158 970 2546 1027 ablsraelitica
2586 975 2891 1043 nobilitate,
2947 986 3006 1031 ut
3034 979 3240 1032 serviat
3291 979 3414 1033 ﬁlia:
3442 980 3746 1036 Pharaonis

2156 1062 2424 1128 Israelita,
2469 1065 2634 1135 450
2683 1082 2845 1136 quem
2891 1068 3002 1137 jam
3042 1069 3183 1124 Deus
3231 1072 3417 1126 eduxit
3470 1074 3539 1127 de
3594 1084 3743 1129 terra

2156 1156 2393 1227 Aﬁgypti,
2425 1159 2625 1213 iterum
2656 1162 2858 1215 serviat
2890 1162 2987 1227 illi,
3017 1164 3110 1231 qui
3154 1164 3205 1217 in
3234 1165 3369 1218 mari
3400 1163 3583 1219 Rubro
3608 1168 3741 1221 sub-

2157 1264 2367 1303 mersus
2392 1260 2495 1314 est,
2525 1251 2793 1307 Pharaoni
2820 1256 2832 1307 ι
2870 1254 3234 1310 Observemus
3262 1272 3391 1325 ergo
3414 1258 3552 1310 sicut
3579 1268 3633 1311 et
3657 1260 3743 1312 hic

2156 1338 2290 1392 dicit
2339 1338 2528 1405 Iesus,
2582 1352 2638 1396 ut
2692 1344 3079 1413 pra-valeamus
3137 1362 3234 1401 nos
3278 1356 3473 1400 contra
3527 1347 3743 1401 Chana-

2157 1443 2301 1483 naaos
2342 1447 2354 1482 :
2391 1445 2456 1484 ne
2483 1432 2526 1485 si
2560 1432 2697 1487 forte
2734 1434 2847 1503 (92)
2900 1434 2972 1487 illi
3006 1434 3338 1489 invaluerint
3372 1452 3537 1504 super
3566 1452 3662 1490 nos
3688 1447 3742 1491 et

2154 1521 2489 1576 obtinuerint
2517 1539 2635 1588 nos,
2671 1525 2738 1578 de
2782 1525 3099 1581 lsraeliticis
3132 1516 3488 1581 'Chananteos
3528 1542 3628 1581 nos
3654 1527 3737 1579 ῆι-

2155 1614 2325 1681 ciant,
2358 1614 2502 1669 sicut
2535 1628 2590 1670 et
2633 1617 2725 1671 ille
2776 1616 3005 1673 eﬁ‘ectus
3054 1628 3155 1681 est,
3188 1634 3349 1687 quem
3386 1629 3742 1688 superaverat

2154 1705 2337 1759 carnis
2374 1706 2655 1771 illecebra,
2681 1708 2764 1761 cui
2792 1707 2995 1763 dicitur
3017 1723 3045 1761 a
3070 1710 3334 1778 prepbela
3362 1711 3405 1741 ¹⁶
3435 1730 3446 1764 :
3481 1729 3499 1761 ι
3538 1712 3736 1766 Semen

2156 1795 2443 1860 Chanaan,
2488 1807 2541 1851 et
2574 1813 2678 1851 non
2720 1797 2879 1862 .luda,
2936 1801 3146 1869 species
3181 1802 3401 1854 seduxit
3435 1810 3506 1855 te.
3560 1822 3579 1854 ι
3616 1803 3734 1858 Non

2151 1890 2371 1941 eveniat
2420 1904 2550 1957 ergo
2605 1889 2761 1944 nobis
2812 1892 3006 1946 audire
3057 1906 3240 1946 semen
3278 1895 3564 1959 Chanaan,
3606 1896 3734 1962 quia

2157 1997 2176 2029 ι
2236 1979 2552 2035 maledictns
2594 1982 2849 2035 Chanaan
2895 1996 3029 2051 puer
3076 2000 3266 2039 servus
3309 1987 3418 2039 erit
3464 1985 3730 2041 fratribus

2150 2073 2263 2123 suis
2318 2072 2380 2129 ³⁷.
2448 2093 2469 2123 ι
2534 2071 2701 2127 Nobis
2760 2084 2938 2129 autem
3009 2086 3227 2144 prmstet
3290 2076 3594 2143 Dominus,
3675 2088 3734 2130 ut

2151 2160 2247 2215 ﬁlii
2276 2161 2448 2216 simus
2490 2162 2789 2228 Abraham,
2815 2176 2867 2218 et
2897 2165 3075 2233 Isaac,
3119 2176 3173 2221 et
3204 2166 3395 2234 Jacob,
3440 2168 3737 2222 secundum

2149 2254 2570 2322 promissionem
2609 2256 2877 2320 ltmredes,
2910 2267 2962 2311 et
2986 2259 3055 2311 ob
3087 2259 3190 2313 hoc
3218 2275 3282 2314 ex
3324 2259 3594 2328 lapidibus
3612 2274 3737 2313 sus-

2153 2347 2328 2410 citati,
2373 2358 2431 2400 ut
2475 2347 2648 2401 simus
2699 2346 2791 2403 ﬁlii
2831 2350 3107 2405 Abraham
3150 2367 3179 2406 a
3216 2353 3433 2407 Christo
3477 2351 3602 2407 Jesu
3633 2353 3738 2406 Dom

2154 2439 2299 2493 mino
2326 2448 2536 2505 nostro,
2585 2440 2672 2494 cui
2718 2448 2800 2494 est
2827 2441 2997 2511 gloria
3023 2452 3079 2497 et
3124 2444 3412 2512 imperium
3447 2445 3499 2498 in
3532 2444 3729 2499 srecula

2153 2530 2500 2587 sazculorum.
2527 2532 2718 2586 Arnen.

2680 2624 2965 2689 HOMILIA
3011 2625 3202 2680 XXIII.

2259 2713 2335 2769 De
2380 2719 2587 2772 ratione
2618 2718 2844 2771 sortium
2888 2719 2976 2770 ubi
3002 2730 3192 2787 septem
3225 2719 3391 2773 tribus
3418 2720 3630 2788 capiunt

2746 2789 3131 2844 Itwreditatem.

2223 2898 2276 2952 1.
2326 2897 2385 2952 1η
2418 2900 2814 2956 consuetudine
2863 2900 3141 2953 hominum
3175 2916 3296 2954 cum
3343 2901 3544 2970 aliquid
3587 2913 3737 2957 sorte

2153 2989 2436 3055 dividitur,
2492 2992 2714 3046 fortuitu
2757 2992 2975 3046 videtur
3008 3007 3129 3046 sors
3182 2993 3266 3046 illa
3313 2996 3380 3047 ad
3433 2993 3607 3060 illum,
3650 2996 3735 3049 vel

2153 3081 2255 3137 alia
2309 3084 2377 3137 ad
2418 3084 2588 3138 alium
2645 3085 2759 3156 (95)
2808 3087 3004 3140 cadere
3055 3108 3066 3140 :
3111 3087 3165 3139 in
3215 3086 3498 3154 Scriptura
3551 3097 3730 3142 autem

2155 3182 2343 3230 sancta
2372 3190 2478 3229 non
2510 3176 2578 3228 ita
2615 3185 2720 3230 est.
2762 3175 3069 3245 Aliquoties
3100 3177 3411 3245 qumrebam
3448 3179 3734 3247 apud'me—

2155 3265 2461 3334 metipsum,
2491 3267 2534 3320 si
2574 3267 2641 3321 de
2675 3283 2732 3321 re
2765 3276 2913 3319 tanta
2966 3282 3030 3321 ac
3068 3267 3158 3321 tali
3202 3268 3316 3337 (94)
3348 3279 3528 3336 patres
3557 3271 3733 3322 sancti

2151 3356 2392 3411 sortibus
2438 3355 2705 3424 judicium
2753 3358 3176 3421 commisissent,
3210 3361 3351 3428 quod
3376 3358 3421 3411 si
3445 3369 3588 3412 esset
3638 3360 3737 3413 hoc

2151 3446 2292 3515 apud
2335 3457 2555 3502 sanctos
2594 3448 2665 3501 ita
2715 3459 2948 3517 gestum,
2994 3449 3107 3519 jam
3162 3450 3226 3503 de
3270 3450 3389 3504 aliis
3428 3450 3737 3504 horninibus

2145 3541 2228 3596 vel
2279 3539 2570 3609 gentilibus
2605 3539 2715 3612 (95)
2752 3541 2883 3595 nihil
2926 3540 3121 3595 mirum
3154 3541 3450 3605 videretur,
3502 3542 3561 3609 si.
3597 3541 3731 3595 nihil

2149 3630 2446 3686 haberetur
2470 3632 2731 3686 eximium
2778 3634 2838 3687 in
2889 3633 2974 3695 iis,
3007 3646 3127 3702 qua:
3175 3648 3204 3686 a
3234 3634 3439 3687 sanctis
3468 3642 3615 3688 sorte
3650 3634 3733 3687 di-

2148 3730 2347 3777 cuntur
2392 3723 2587 3777 divisa.
2632 3722 2735 3777 Sed
2776 3725 3058 3779 videamus
3082 3725 3125 3779 si
3166 3724 3307 3778 forte
3349 3726 3400 3778 in
3432 3724 3736 3794 Scripturis

2148 3810 2461 3866 invenimus
2488 3812 2689 3882 aliquid
2729 3815 2990 3882 positum,
3015 3815 3158 3883 quod
3204 3814 3360 3868 nobis
3386 3813 3514 3882 quid
3551 3815 3724 3866 virtu-

2150 3904 2218 3959 tis
2257 3905 2601 3959 contineatur
2646 3906 2697 3959 in
2744 3906 2985 3985 sortibus
3028 3904 3360 3959 manifestet.
3409 3903 3735 3972 Incipiamus

2149 4010 2281 4066 ergo
2314 4013 2342 4048 a
2386 3994 2653 4063 Levitico,
2699 3997 2789 4050 ubi
2838 3996 3105 4064 scriptum
3153 4006 3238 4052 est
3266 3996 3310 4027 ¹⁸
3349 4009 3366 4049 :
3416 4014 3435 4046 ι
3476 3996 3542 4049 Ει
3589 3997 3734 4051 acci-

2147 4089 2335 4157 pient,
2412 4089 2626 4158 inquit,
2700 4090 2836 4144 duas
2883 4100 3077 4144 sortes.
3145 4088 3277 4144 Sors
3333 4104 3438 4142 una
3482 4088 3734 4156 Domino,

2146 4189 2201 4235 et
2248 4194 2369 4235 sors
2401 4195 2507 4235 una
2555 4196 2925 4251 apopompaeo,
2972 4200 2991 4233 ι
3030 4182 3131 4236 hoc
3166 4190 3271 4245 est,
3331 4181 3735 4238 transmissori.

2152 4288 2171 4323 ι
2226 4272 2291 4327 Ει
2322 4288 2484 4342 super
2516 4290 2895 4344 quemcunque
2956 4274 3174 4328 venerit
3227 4288 3350 4328 sors
3397 4274 3733 4342 ap0pompzei

2147 4365 2376 4436 accipiet
2405 4367 2617 4421 hircum
2666 4368 2841 4431 illum,
2882 4376 2937 4421 et
2966 4366 3198 4421 adducet
3228 4366 3374 4420 illum
3402 4366 3454 4419 in
3484 4380 3729 4419 eremnm

2146 4462 2358 4526 vivum,
2388 4470 2444 4516 et
2472 4462 2709 4517 dimittet
2751 4462 2898 4517 illum
2952 4462 3025 4517 ibi
3076 4462 3129 4516 in
3183 4461 3502 4516 dimissione
3548 4477 3666 4516 sua.
3704 4481 3723 4512 ι

464 4559 703 4604 strorum
736 4550 1158 4604 mortiﬁcatione
1214 4551 1383 4604 etiam
1427 4552 1781 4607 exterminari
1820 4554 2040 4609 dicitur.
2075 4577 2119 4632 ι)
2147 4553 2328 4608 Alium
2362 4568 2491 4607 vero
2508 4553 2718 4607 hircum
2745 4553 3107 4608 imrnolabunt
3136 4552 3387 4619 Domino,
3417 4562 3471 4606 et
3500 4551 3731 4621 reliqua,

462 4640 594 4708 Quae
626 4643 669 4697 si
702 4651 849 4698 recte
890 4642 1263 4710 intelligimus,
1307 4652 1362 4698 et
1410 4643 1638 4698 donavit
1669 4645 1824 4700 nobis
1865 4646 2045 4700 Domi-

465 4751 568 4789 nus
597 4751 694 4804 per
715 4736 945 4805 gratiam
984 4751 1136 4790 suam
1172 4736 1244 4789 ita
1298 4735 1412 4791 hare
1462 4736 1789 4807 intelligere,
1834 4738 1906 4793 sit
1953 4738 2047 4792 ali-

462 4829 590 4897 quid
621 4826 802 4904 oper’a:
830 4829 994 4899 pretii
1031 4830 1144 4883 inec
1171 4830 1236 4883 de
1265 4831 1493 4885 secretis
1524 4840 1579 4886 et
1630 4832 1962 4886 absconditis
1988 4832 2040 4885 in

462 4921 736 4989 publicum
765 4921 1105 4989 produxisse,
1141 4930 1194 4974 et
1223 4924 1435 4976 venisse
1461 4921 1527 4975 ad
1558 4922 1891 4992 agnitionem
1946 4937 2042 4976 no-

464 5024 660 5078 stram,
696 5029 817 5084 qua:
868 5013 1232 5068 servabantur
1268 5015 1523 5079 obtecta;
1569 5024 1623 5069 et
1645 5029 1904 5068 conemur
1950 5029 2040 5069 se-

458 5108 695 5161 cundum
726 5108 842 5161 haec
865 5121 985 5176 quae
1025 5107 1283 5169 diximus,
1314 5106 1687 5161 Chanana-um
1719 5108 1807 5177 qui
1861 5106 2038 5161 nobis-

529 5296 573 5327 "
612 5293 726 5351 .Ios.
753 5311 888 5354 xvrl.
924 5294 1011 5349 16.

460 5365 504 5398 ί³
547 5367 720 5420 Levit.
772 5382 881 5430 va,
907 5365 964 5431 8,
998 5366 1084 5420 10.

526 5482 640 5553 (90)
660 5480 860 5537 Omnes
884 5495 1015 5536 mss.
1050 5497 1068 5532 ι
1103 5479 1401 5535 naturales.
1433 5497 1453 5532 ι
1484 5478 1645 5533 Libb.
1678 5478 1806 5533 editi
1836 5494 1848 5533 :
1883 5494 1904 5529 σ
1938 5492 2036 5531 na-

458 5554 847 5694 iuigilihitdex
880 5620 1169 5694 Sangerm.
1201 5635 1326 5675 cum
1362 5635 1472 5675 uno
1492 5619 1706 5676 Ebroic.
1732 5636 1751 5670 ι
1792 5618 1845 5671 in
1876 5630 1980 5670 me.
2011 5636 2029 5667 ι

455 5692 610 5747 Libb.
656 5696 807 5755 editi,
841 5712 860 5744 ι
895 5692 947 5745 in
977 5692 1220 5745 meridie.
1267 5711 1285 5742 ι

459 5833 481 5886 f
536 5763 679 5833 (92)
737 5765 861 5820 Mss.
918 5780 936 5813 ι
990 5778 1057 5817 ne
1096 5763 1139 5816 si
1186 5763 1348 5817 forte.
1413 5780 1429 5811 ι
1481 5759 1637 5816 Libb.
1680 5758 1807 5813 editi
1850 5775 1915 5810 ει
1970 5772 2033 5810 1ιο

479 5848 618 5887 orte.
668 5855 685 5884 ι

2150 4657 2271 4712 qua:
2328 4643 2399 4698 ibi
2441 4650 2589 4697 sunt.
2641 4642 2770 4708 Quae
2819 4642 3005 4711 utique
3047 4643 3230 4696 sciunt
3275 4642 3366 4710 qui
3419 4642 3623 4710 legunt.
3668 4642 3735 4694 lit

2149 4734 2347 4789 iterum
2381 4734 2470 4787 ubi
2493 4732 2703 4803 Moyses
2734 4741 2884 4787 sorte
2920 4734 3105 4788 divisit
3135 4734 3294 4788 tribui
3322 4733 3536 4798 Ruben,
3569 4743 3622 4787 et
3642 4734 3737 4787 tri-

2147 4824 2237 4881 bui
2262 4825 2399 4891 Gad,
2420 4836 2473 4882 et
2497 4826 2734 4881 dimidiae
2759 4827 2920 4881 tribui
2941 4826 3211 4893 Manasse,
3238 4841 3359 4895 quae
3379 4835 3735 4895 poposcerant

2152 4918 2613 4974 translordanem
2653 4920 2902 4989 accipere
2944 4927 3146 4972 terram
3181 4918 3350 4983 illam,
3378 4932 3540 4985 quam
3572 4930 3732 4971 act-e-

2148 5022 2347 5080 perunt
2389 5012 2481 5066 lilii
2519 5012 2706 5066 Israel.
2738 5011 2903 5065 Dedit
2944 5021 3121 5064 autem
3154 5010 3317 5063 etiam
3348 5009 3503 5063 Jesus
3538 5024 3730 5063 secun-

2150 5106 2276 5159 dum
2342 5116 2670 5173 pncceptum
2735 5104 2825 5158 Dei
2886 5102 3054 5157 Calcb
3117 5102 3224 5156 ﬁlio
3280 5099 3491 5155 Jell'one
3559 5100 3736 5153 tribus

1090 5294 1132 5326 ⁸³
1157 5293 1291 5348 ibid.
1332 5294 1421 5360 l7,
1456 5298 1543 5349 18.
1622 5294 1666 5324 ¹⁵
1691 5293 1879 5347 Matth.
1909 5310 1991 5358 HI,
2031 5293 2048 5344 1

2197 5292 2239 5323 ¹⁸
2261 5291 2372 5346 Jos.
2400 5307 2518 5352 xv",
2544 5291 2634 5345 28.
2714 5289 2757 5320 ¹⁶
2786 5288 2920 5342 Dan.
2956 5305 3078 5342 xm.
3108 5288 3198 5342 56.
3281 5287 3320 5317 ¹⁷
3353 5285 3490 5340 Gen.
3531 5299 3604 5346 rx,
3632 5281 3729 5334 ‘25.

2210 5474 2322 5544 (93)
2370 5470 2465 5523 Vel
2493 5471 2602 5523 alia
2629 5472 2697 5544 ad
2733 5470 2921 5544 alium.
2955 5469 3079 5544 μςηο
3107 5468 3309 5544 desunt
3338 5462 3389 5515 in
3428 5459 3584 5513 libris
3607 5458 3726 5510 edi.

2140 5534 2226 5609 tis,
2258 5534 2351 5596 scd
2387 5551 2603 5595 exstant
2630 5541 2681 5593 in
2712 5542 2923 5611 duobus
2958 5534 3444 5611 lihroicensibus.”
3563 5595 3581 5611 Ι
3608 5598 3617 5607 ν

2208 5595 2320 5686 (94)
2353 5612 2554 5686 Omnes
2587 5626 2717 5686 mss.
2756 5629 2774 5661 ι
2817 5610 2861 5663 si
2900 5612 3049 5686 dere
3081 5616 3226 5686 tanta
3259 5617 3323 5656 ac
3355 5600 3467 5655 tali.
3510 5616 3531 5649 ι
3558 5595 3722 5651 Libb.

2135 5680 2262 5739 editi
2294 5700 2307 5735 :
2348 5700 2365 5732 ι
2404 5682 2447 5735 si
2482 5680 2551 5734 de
2579 5683 2742 5734 tantis
2774 5695 2839 5732 ac
2870 5680 3089 5732 talibus.
3132 5694 3151 5725 ι
3178 5680 3213 5729 .‘
3559 5734 3578 5747 ο
3606 5737 3617 5747 ,

2208 5734 2321 5825 (95)
2364 5734 2544 5825 codex
2587 5751 2871 5825 Sangerm.
2927 5766 2946 5799 ι
2989 5747 3070 5801 vel
3122 5742 3438 5815 gentilibus.
3492 5758 3509 5791 ι
3558 5734 3721 5792 Libb.

2136 5820 2263 5879 editi
2303 5820 2313 5875 ξ
2353 5841 2370 5873 ι
2412 5821 2490 5875 vel
2520 5820 2796 5887 gentibus.
2846 5841 2864 5870 ι
