4146 6434
424 369 534 427 9ἳῖ

1888 370 2215 431 ORIGENIS

3606 379 3713 437 936

424 499 581 555 Juda:
598 499 713 571 (96)
747 506 970 554 sortem.
999 497 1157 553 Dedit
1181 506 1363 552 autem
1388 506 1443 553 et
1470 497 1633 553 tribui
1668 496 1929 567 Ephrem,
1960 506 2016 553 et
2044 502 2092 558 Α
2120 506 2326 564 mento,
2356 496 2529 554 sicubi
2578 510 2699 553 sors
2734 496 2787 552 in
2827 496 3048 555 Christo
3085 498 3171 555 vel
3221 500 3272 553 in
3330 499 3572 556 Ecclesia
3611 519 3712 558 uo-

428 594 503 648 iili
551 608 673 662 quae
722 599 1052 660 supererat,
1110 588 1352 643 dimidiae
1409 588 1574 643 tribui
1623 589 1890 645 Manasse.
1948 590 2017 645 Et

427 694 552 753 post
586 685 699 737 hmc
750 681 1127 752 congregavit,
1177 680 1398 749 inquit,
1440 680 1728 734 ecclesiam
1781 682 2014 735 ﬁliorum

426 774 618 840 Israel,
649 784 705 829 et
740 774 879 828 dixit
901 774 942 812 ¹⁹
972 790 986 827 :
1025 791 1044 824 ι
1083 771 1292 824 Mittam
1319 772 1549 837 sortem,‘
1575 783 1629 826 et
1660 773 1936 840 proferam
1960 774 2013 827 in

424 879 721 940 conspectu
775 868 990 923 Domini
1039 877 1283 930 sortem,
1340 867 1383 920 si
1437 867 1590 936 prius
1637 869 2017 923 describentes

422 972 663 1028 terram,
713 961 1008 1016 attuleritis
1057 959 1484 1028 descriptionem
1542 960 1683 1028 ejus.
1738 979 1757 1012 ι
1811 960 1879 1015 Et
1940 961 2015 1014 ita

424 1066 549 1126 post
582 1056 701 1110 haec
734 1053 976 1109 sortibus
1011 1054 1195 1107 missis
1230 1051 1526 1105 luereditas
1551 1051 1752 1121 p0pnlo
1785 1052 1878 1107 Dei
1899 1053 2013 1108 dis-

425 1147 706 1211 tribuitur,
732 1156 787 1202 et
809 1148 1054 1219 agitatur
1077 1162 1199 1201 sors
1229 1145 1331 1199 ista
1359 1159 1465 1198 non
1505 1145 1762 1208 fortuitu.
1797 1146 1891 1201 sed
1930 1161 2017 1202 se-

423 1242 663 1291 cundum
710 1239 834 1301 hoc,
865 1239 1008 1307 quod
1048 1238 1498 1309 praedestinatum
1537 1238 1622 1293 est
1646 1254 1676 1291 a
1702 1240 1830 1293 Deo.
1859 1237 2017 1292 Deni-

424 1343 530 1397 qne
560 1328 733 1384 tribus
777 1328 1059 1398 Benjamin
1104 1331 1281 1400 prima
1321 1329 1394 1385 ibi
1445 1330 1656 1399 accepit
1684 1340 1887 1385 sortem
1920 1330 2012 1385 ubi

423 1434 541 1478 erat
570 1422 907 1488 Jerusalem,
944 1432 1067 1493 post
1108 1423 1252 1477 hanc
1289 1423 1465 1477 tribus
1496 1421 1718 1475 Simeon
1749 1422 2009 1490 secunda,

423 1526 549 1584 post
583 1516 1020 1580 hanclssachar,
1064 1500 1261 1570 deinde
1304 1513 1795 1577 Zabulon,dcinde
1849 1513 2008 1578 Aser,

426 1619 550 1676 post
582 1611 747 1663 etiam
784 1607 1157 1677 Nephthalim,
1183 1607 1310 1661 inde
1346 1609 1482 1661 Dan.
1510 1608 1568 1661 In
1603 1608 1801 1676 quibus
1826 1608 2013 1661 novis-

425 1701 563 1754 sime
601 1700 828 1753 veniunt
880 1707 992 1753 tres
1036 1698 1141 1752 illa:
1188 1699 1385 1765 tribus,
1417 1715 1540 1770 qua:
1585 1715 1653 1756 ex
1686 1699 2010 1755 concubinis

425 1789 821 1842 descenderant
847 1787 1041 1843 Jacob.

495 1880 552 1933 2.
585 1882 715 1946 Quae
755 1897 883 1951 ergo
926 1883 998 1936 sit
1022 1883 1164 1937 ratio
1189 1883 1421 1937 sortium
1448 1884 1591 1952 apud
1624 1885 2008 1955 memetipsum
2044 1867 2087 1922 Β

424 1973 794 2043 requirebam,
849 1982 907 2026 ut
956 1990 1025 2029 ex
1088 1976 1276 2030 multis
1324 1976 1657 2031 testimoniis
1712 1974 2012 2047 Scriptum

422 2065 565 2134 quod
595 2065 796 2119 latebat
827 2082 1204 2137 agnoscerem.
1234 2068 1586 2123 Inveniebam
1611 2085 1745 2126 sane
1773 2072 1823 2126 in
1862 2072 2015 2130 Scri-

421 2157 599 2224 pturis
630 2157 797 2210 etiam
828 2158 1062 2227 gentiles
1111 2159 1360 2215 homines
1393 2175 1523 2215 usos
1572 2177 1696 2217 esse
1744 2167 2007 2235 sortibus,

425 2260 553 2303 tunc
583 2265 707 2305 cum
752 2250 1042 2319 navigaret
1090 2249 1277 2316 Jonas,
1326 2261 1379 2308 et
1424 2263 1721 2325 tempestas
1767 2268 2008 2329 urgeret.

422 2342 589 2394 Aiunt
632 2358 865 2410 namque
918 2342 952 2396 ii
1003 2343 1094 2413 qui
1140 2345 1476 2416 navigabant
1525 2348 1570 2379 “
1605 2363 1619 2401 :
1659 2367 1677 2401 r
1732 2348 2013 2406 Mittamus

423 2443 650 2495 sortem,
685 2443 743 2488 et
788 2434 1072 2489 videamus
1108 2434 1267 2505 cujus
1313 2452 1474 2493 causa
1508 2441 1624 2495 haec
1654 2449 1806 2495 tanta
1853 2442 2013 2496 mali-

422 2524 495 2576 tia
522 2532 625 2592 est,
660 2543 678 2576 ι
706 2524 860 2594 quasi
890 2539 1009 2581 sors
1048 2535 1255 2581 tantum
1282 2529 1508 2596 valeret,
1537 2539 1595 2583 ut
1624 2533 1858 2600 prodere
1882 2547 2006 2587 eum

423 2628 626 2687 posset,
650 2617 808 2687 cujus
831 2633 1002 2674 causa
1048 2620 1357 2688 periculum
1405 2622 1796 2692 navigantibus
1830 2625 2012 2679 immio

424 2698 605 2766 neret.
629 2709 694 2763 Et
730 2712 983 2779 quamvis
1019 2711 1250 2782 gentiles
1270 2722 1478 2777 essent,
1504 2722 1559 2768 et
1581 2714 1748 2769 alieni
1774 2730 1802 2769 a
1824 2718 2013 2787 cogni-

424 2803 571 2857 tione
604 2803 716 2870 Dei,
767 2821 874 2859 nen
931 2815 1114 2860 tamen
1169 2807 1230 2877 in.
1263 2813 1364 2862 hac
1416 2809 1677 2878 opinione
1721 2810 2010 2876 falluntur,

421 2896 515 2951 sed
540 2897 686 2967 quod
721 2914 910 2953 verum
939 2908 1078 2965 erat,
1105 2880 1343 2968 prodidit
1376 2900 1489 2972 (97;
1537 2902 1616 2957 eis
1668 2917 1813 2961 sors.
1841 2903 2010 2959 Deni-

420 3006 527 3060 que
573 3008 592 3041 ι
644 2991 789 3046 venit
823 3030 840 3058 ,
899 2992 1123 3060 inquit,
1184 3007 1305 3047 sors
1344 3008 1511 3061 super
1538 2992 1753 3051 Jonam.
1795 3015 1813 3049 ι
1850 2996 2010 3064 Quae-

420 3097 551 3137 rens
589 3098 718 3152 ergo
755 3085 820 3137 de
845 3082 934 3149 iis,
965 3083 1186 3138 invenio
1214 3090 1267 3138 et
1296 3082 1647 3139 Salomonem
1680 3086 1731 3139 in
1774 3085 2012 3144 Prover-

418 3175 522 3230 hiis
546 3177 817 3230 dicentem
841 3176 885 3207 ’ί
914 3193 927 3230 :
958 3194 976 3226 ι
1012 3176 1488 3230 Contradictiones
1522 3177 1741 3232 cohibet
1774 3188 2010 3245 sors,act

420 3270 565 3323 inter
616 3280 870 3340 potentes
914 3268 1126 3334 deﬁnit,
1163 3286 1180 3319 ›
1226 3268 1388 3321 veluti
1441 3284 1661 3326 cessare
1712 3274 2009 3329 Ostendens

419 3361 904 3426 contradictiones,
934 3359 1023 3414 ubi
1065 3361 1302 3414 mittitur
1338 3375 1477 3417 sors.
1514 3360 1621 3417 Sed
1652 3378 1775 3419 cum
1802 3366 1918 3420 haec
1953 3366 2009 3421 in

420 3451 776 3507 Testamento
828 3451 1009 3505 Veteri
1043 3466 1151 3505 non
1205 3467 1374 3522 pauca
1429 3454 1626 3510 referri
1655 3456 1724 3511 de
1771 3459 2011 3514 sortibus

422 3544 743 3609 invenirem,
800 3545 1051 3598 converti
1103 3558 1189 3598 me
1234 3546 1405 3599 etiam
1455 3547 1523 3600 ad
1562 3546 1777 3602 Novum
1814 3548 2009 3604 Testa-

420 3647 750 3712 tnentum,nt
777 3640 1016 3692 viderem
1051 3638 1096 3693 si
1145 3638 1286 3693 forte
1345 3641 1427 3694 vel
1478 3640 1553 3696 ibi
1586 3652 2013 3698 contemnuntur

427 3744 626 3789 sortes.
664 3735 732 3787 At
759 3746 827 3788 ne
863 3733 936 3788 ibi
976 3734 1194 3803 quidem
1232 3748 1421 3789 earum
1461 3750 1591 3789 usus
1626 3734 1902 3801 abjicitur,
1957 3744 2013 3790 et

422 3827 643 3882 invenio
678 3827 823 3897 quod
856 3826 1150 3895 aliquando
1186 3841 1307 3881 cum
1352 3827 1565 3881 deesset
1606 3841 1834 3882 numero
1888 3842 2014 3899 apo—

421 3919 687 3975 stolorum
725 3935 863 3974 unus
892 3918 1198 3989 apostolus,
1246 3929 1302 3974 et
1345 3928 1494 3974 esset
1544 3904 1916 3973 necessarium
1954 3920 2008 3975 in

420 4013 543 4068 loco
583 4011 733 4068 Iuda:
763 4014 929 4068 alium
960 4015 1267 4083 subrogari,
1307 4014 1698 4070 convenientes
1746 4015 2005 4083 apostoli,

422 4108 516 4175 qui
570 4107 760 4176 utique
811 4106 982 4161 multo
1009 4106 1375 4175 sapientiores
1429 4116 1787 4177 erantquam
1842 4108 1879 4162 ii
1914 4108 2008 4178 qui

423 4214 567 4254 nunc
609 4200 897 4268 episcopos
941 4198 1028 4253 vel
1066 4200 1424 4269 presbyteros
1462 4199 1545 4253 vel
1573 4200 1834 4256 diaconos
1862 4202 2010 4257 ordi—

422 4300 576 4357 nant,
619 4291 904 4361 elegerunt
941 4291 1078 4345 duos
1112 4300 1166 4345 et
1201 4300 1513 4347 statuerunt
1555 4293 1608 4348 in
1643 4295 1824 4348 medio
1860 4311 1874 4348 :
1907 4309 2011 4351 nec

425 4392 601 4435 tamen
652 4383 719 4437 de
774 4384 853 4437 eis
904 4382 1266 4454 sibimetipsis
1306 4383 1573 4452 judicium
1616 4387 2006 4453 permiserunt,

424 4484 483 4528 ut
516 4473 663 4526 illum
718 4473 968 4528 facerent
1018 4490 1179 4545 quem
1233 4475 1333 4545 ipsi
1390 4474 1694 4529 voluissent
1736 4475 1877 4548 (98),
1912 4477 2009 4532 sed

2119 588 2383 653 minatur,
2425 588 2507 642 vel
2545 589 2598 642 in
2639 589 2802 643 rebus
2831 589 3100 660 mysticis,
3132 599 3188 644 et
3218 606 3337 660 qua!
3368 592 3433 646 ad
3466 593 3705 649 animam

2118 682 2401 751 pertinere
2434 681 2750 735 videantur.
2793 681 3018 737 Invenio
3052 682 3285 736 Paulum
3315 684 3381 737 ad
3434 683 3701 753 Ephesios

2119 775 2454 829 scribentem
2489 775 2672 829 dicere
2698 775 2766 829 de
2796 774 3016 831 Christo
3058 794 3071 829 :
3121 791 3144 827 σ
3185 776 3239 829 lu
3272 790 3399 844 qua,
3443 779 3615 849 inquit
3638 780 3708 843 ’³,

2119 859 2268 922 sorte
2328 870 2505 921 vocati
2543 882 2754 933 sumus,
2820 869 3192 937 prmtléstinati
3244 870 3540 923 secundum
3585 888 3710 941 pro-

2118 960 2358 1030 positum
2394 960 2535 1031 ejus,
2567 961 2662 1029 qui
2695 962 2877 1016 omnia
2930 972 3191 1031 operatur
3245 965 3545 1017 secundum
3578 980 3707 1020 con-

2120 1052 2302 1107 silium
2363 1051 2662 1107 voluntatis
2719 1052 2880 1125 55.1
2940 1068 3082 1117 suae,
3134 1063 3192 1106 ιιι
3251 1055 3422 1109 sinitis
3473 1056 3525 1109 in
3586 1058 3708 1111 lau-

2119 1144 2241 1198 dem
2273 1144 2461 1213 gloriae
2504 1144 2621 1213 ejus
2656 1147 2746 1215 qui
2777 1156 2903 1200 ante
2943 1146 3285 1215 speravimus
3320 1148 3372 1201 in
3406 1148 3643 1206 Christo.
3682 1168 3704 1202 ι

2121 1232 2229 1290 Sed
2278 1245 2333 1289 et
2372 1237 2438 1289 ad
2474 1235 2828 1292 Colossenses
2870 1238 2982 1293 haec
3033 1237 3366 1292 scribentem
3390 1239 3475 1293 ’δε
3514 1259 3532 1291 ι
3570 1239 3706 1295 Gra-

2120 1328 2224 1382 tias
2275 1338 2502 1399 agentes
2554 1328 2665 1383 Deo
2718 1328 2866 1383 Patri
2911 1330 3005 1399 qui
3060 1332 3285 1385 idoneos
3329 1347 3427 1387 nos
3478 1331 3602 1385 fecit
3653 1334 3704 1388 in

2117 1429 2272 1487 parte
2314 1419 2479 1475 sortis
2544 1431 2863 1475 sanctorum
2904 1422 2955 1475 in
3002 1423 3276 1477 lumine»
3319 1424 3452 1478 Tam
3519 1425 3707 1481 inultis

2118 1511 2284 1581 igitur
2336 1527 2402 1568 ex
2450 1512 2755 1582 Scripturis
2810 1516 3017 1570 sanctis
3082 1516 3151 1570 de
3188 1519 3708 1575 commemoratione

2116 1604 2345 1660 sortium
2421 1604 2751 1660 testimoniis
2809 1612 3192 1679 congregatis,
3259 1625 3367 1677 quo
3434 1624 3501 1664 ex
3562 1611 3706 1665 mul-

2118 1703 2302 1751 torum
2361 1697 2609 1753 locorum
2667 1700 3108 1755 consideratione
3148 1702 3402 1755 virtutem
3454 1704 3529 1757 rei
3578 1718 3705 1772 pos-

2116 1787 2289 1843 simus
2308 1788 2622 1860 diligentius
2650 1792 3107 1861 apprehendere,
3143 1793 3273 1846 mihi
3307 1794 3523 1861 quidem
3549 1810 3615 1848 ex
3639 1795 3707 1848 iis

2118 1880 2370 1936 omnibus
2399 1881 2484 1936 vel
2514 1883 2739 1937 evidens
2773 1884 2950 1938 adhuc
2980 1900 3173 1939 sensus
3202 1886 3269 1939 ad
3309 1886 3577 1954 liquidum
3611 1902 3702 1953 pa.

2123 1980 2240 2025 tere
2262 1987 2370 2025 non
2415 1974 2628 2041 potuit,
2662 1974 2748 2028 vel
2798 1974 2963 2029 etiam
2994 1976 3059 2027 de
3091 1991 3149 2029 re
3191 1985 3340 2028 tanta
3384 1976 3705 2031 enuntiandi

2120 2070 2174 2115 et
2200 2061 2511 2132 proferendi
2554 2066 2739 2119 arcani
2784 2076 2961 2119 metus
2991 2066 3210 2120 insedit.
3244 2065 3379 2121 Illud
3413 2078 3594 2122 tamen
3649 2069 3705 2124 in

2118 2164 2382 2224 quantum
2426 2171 2513 2211 res
2544 2157 2748 2225 patitur
2793 2158 3090 2228 contigisse
3132 2158 3396 2228 suiﬁciat,
3432 2162 3576 2230 quod
3611 2178 3708 2215 nu-

2119 2246 2205 2301 bis
2232 2248 2300 2302 ab
2342 2248 2602 2318 apostolis
2639 2263 2762 2304 sors
2796 2248 2959 2303 ducta
3008 2251 3289 2319 designat,
3336 2255 3463 2321 quia
3505 2256 3594 2308 ubi
3637 2270 3707 2309 ex

2120 2338 2224 2395 ﬁde
2254 2341 2458 2411 integra
2490 2351 2545 2395 et
2574 2342 2824 2396 oratione
2850 2344 3131 2412 przetnissa
3182 2360 3303 2399 sors
3351 2347 3589 2412 ducitur,
3641 2364 3706 2402 ea

2117 2445 2236 2500 quae
2267 2431 2360 2486 Dei
2397 2433 2649 2489 voluntas
2678 2438 2924 2490 continet
2951 2438 3002 2490 in
3032 2439 3281 2506 occulto,
3318 2455 3438 2495 sors
3479 2441 3710 2495 homini-

2115 2526 2217 2581 bus
2245 2525 2486 2580 declarat
2522 2527 2574 2581 in
2601 2527 2910 2582 manifesto.

2162 2623 2243 2677 .3.
2270 2622 2583 2677 Secundum
2620 2622 2936 2675 interiorem
2984 2635 3113 2676 vero
3149 2622 3523 2688 intellectum,
3562 2624 3707 2678 sicut

2115 2716 2324 2773 Paulus
2349 2716 2565 2772 videtur
2598 2715 2846 2770 indicare
2872 2729 2995 2768 cum
3028 2714 3198 2769 dicit:
3238 2733 3257 2767 ‹
3301 2716 3359 2769 1η
3391 2726 3545 2785 parte
3581 2731 3704 2771 sor-

2120 2809 2188 2864 tis
2218 2818 2567 2873 sanctorum;
2603 2822 2622 2858 |
2658 2815 2740 2861 et:
2765 2806 2956 2862 «Sorte
2987 2806 3166 2860 vocati
3197 2806 3249 2860 in
3278 2805 3497 2861 Christo
3518 2846 3533 2871 ,
3573 2824 3592 2858 ι
3626 2806 3707 2859 vi.

2117 2901 2356 2957 dendum
2396 2909 2484 2955 est
2519 2914 2587 2955 ne
2619 2900 2761 2955 forte
2793 2914 2900 2953 non
2926 2897 3103 2954 solum
3139 2898 3193 2953 in
3228 2897 3569 2967 hominibus,
3608 2899 3704 2953 sed

2114 3005 2172 3051 et
2208 2995 2260 3050 in
2297 2994 2552 3063 supernis
2583 2991 2880 3048 virtutibus
2914 3005 3035 3046 sors
3066 3000 3286 3060 agatur,
3317 3004 3371 3047 et
3415 2992 3708 3060 praesideat

2117 3089 2302 3159 aliqua
2339 3088 2519 3142 virtus
2542 3086 2670 3142 huic
2701 3084 2879 3140 oiIicio
2905 3124 2921 3151 ,
2946 3097 3101 3151 quae,
3142 3084 3292 3139 verbi
3327 3099 3492 3138 causa
3516 3124 3531 3149 ,
3574 3082 3706 3138 Jesu

2117 3182 2230 3237 ﬁlio
2264 3179 2414 3236 Nave
2440 3195 2586 3235 nunc
2608 3187 2758 3235 sorte
2784 3179 3159 3233 Itazreditatem
3193 3178 3543 3231 distribuenti
3596 3192 3706 3233 non

2116 3277 2184 3331 ad
2216 3276 2451 3345 aliquam
2485 3274 2717 3345 gratiam
2739 3314 2755 3339 ,
2780 3272 2874 3327 sed
2909 3270 3209 3327 secundum
3248 3271 3393 3339 quod
3442 3273 3548 3325 scit
3600 3270 3709 3325 Deo

2115 3370 2365 3441 placere,
2398 3369 2653 3422 ducatum
2689 3367 2963 3436 praebeat:
2997 3374 3053 3420 et
3082 3365 3156 3419 illi
3184 3363 3260 3435 (1)
3294 3365 3511 3434 quidem
3544 3364 3710 3418 faciat

2114 3462 2333 3519 evenire
2358 3475 2480 3528 qua:
2503 3460 2678 3529 prima
2705 3466 2855 3523 sunt,
2881 3472 3042 3526 quem
3078 3458 3189 3513 scit
3216 3457 3357 3524 apud
3392 3456 3560 3510 Deum
3589 3455 3708 3523 pri-

2115 3570 2266 3610 mum
2309 3554 2490 3607 locum
2525 3563 2743 3604 tenere:
2781 3565 2890 3618 quo
2939 3550 3042 3604 hoc
3074 3550 3217 3617 quod
3258 3548 3311 3601 in
3344 3547 3573 3601 occultis
3611 3549 3709 3600 ha—

2116 3645 2283 3700 betur
2321 3643 2465 3711 apud
2504 3644 2675 3696 Deum
2705 3641 2869 3695 sortis
2901 3640 3299 3708 gubernatione
3336 3638 3499 3692 etiam
3532 3638 3710 3691 homi-

2116 3737 2277 3791 nibus
2325 3735 2832 3797 demonstraretur;
2868 3732 3034 3785 alium
3073 3745 3202 3784 vero
3247 3729 3430 3783 facere
3478 3729 3704 3783 secundi

2116 3826 2252 3890 loci,
2281 3834 2337 3881 et
2363 3825 2529 3879 alium
2561 3825 2729 3879 tertii.
2762 3824 2916 3891 Quod
2938 3823 3007 3877 ita
3042 3832 3255 3895 gestum
3290 3837 3411 3876 esse
3448 3838 3553 3875 non
3613 3836 3706 3874 so.

2116 3919 2229 3974 lum
2255 3918 2308 3972 in
2337 3916 2498 3971 terris
2522 3916 2791 3980 arbitror,
2823 3929 3009 3969 verum
3044 3914 3209 3968 etiam
3243 3913 3295 3966 in
3349 3910 3667 3968 caelestibus
3689 3949 3705 3976 ,

2114 4019 2170 4065 et
2201 4006 2515 4078 hujusmodi
2564 4017 2771 4062 sortem
2816 4021 2941 4076 qttze
2989 4004 3133 4075 apud
3177 4004 3343 4059 Deum
3384 4006 3705 4057 meritorum

2114 4100 2577 4169 contemplatione
2602 4100 2976 4168 distinguitur,
3008 4098 3172 4152 etiam
3208 4096 3301 4151 illo
3336 4106 3582 4165 tempore
3610 4096 3709 4149 ha-

2114 4194 2284 4249 bitam
2306 4211 2351 4258 ,ε
2378 4208 2502 4247 cum
2535 4192 2803 4246 divideret
2833 4202 2885 4244 et
2910 4190 3270 4244 constitueret
3291 4188 3552 4240 Excelsus
3575 4201 3706 4255 gen-

2119 4296 2235 4350 tes,
2268 4294 2327 4339 et
2357 4284 2744 4340 disseminaret
2771 4282 2913 4336 ﬁlios
2931 4280 3126 4342 Adam,
3173 4288 3227 4334 et
3249 4279 3608 4333 constitueret
3644 4280 3706 4328 tt-

2114 4394 2211 4434 nes
2245 4378 2488 4447 gentium
2526 4374 2826 4431 secundum
2880 4388 3167 4428 numerum
3214 4369 3529 4441 angelorum
3578 4368 3703 4431 Dei;

2113 4481 2170 4526 et
2218 4470 2360 4525 facta
2390 4478 2475 4523 est
2507 4467 2685 4538 portio
2718 4467 2809 4521 Dei
2839 4464 3009 4520 Jacob
3034 4504 3048 4527 ,
3099 4463 3370 4518 funiculus
3416 4461 3706 4515 haeredita-

422 4576 663 4629 orantes,
715 4567 911 4635 inqnit,
947 4568 1214 4622 miserunt
1250 4575 1453 4621 sortem
1505 4583 1572 4622 ex
1625 4567 1734 4621 illis
1789 4569 2003 4623 duobus
2038 4574 2083 4629 ι)
2117 4561 2185 4615 tis
2217 4559 2335 4627 ejus
2379 4558 2545 4614 Israel
2574 4559 2642 4610 ’⁵.
2676 4575 2695 4608 ι
2728 4556 2888 4611 Vides
2934 4556 3077 4610 enim
3119 4555 3244 4624 quia
3278 4564 3333 4607 et
3372 4554 3457 4607 hic
3494 4563 3705 4621 partem

423 4673 562 4727 quos
589 4668 895 4711 statuerant
920 4658 974 4711 in
1006 4670 1303 4729 conspectu
1337 4658 1454 4723 llei,
1481 4659 1532 4713 id
1557 4671 1640 4713 est
1666 4658 1886 4727 Joseph,
1914 4660 2007 4730 qui

425 4753 725 4805 vocabatur
758 4751 870 4820 (99)
899 4750 1200 4819 Barnabas,
1232 4752 1324 4820 qui
1349 4753 1765 4823 cognominatus
1788 4764 1873 4808 est
1912 4753 2010 4808 Ju-

426 4852 564 4904 stus,
624 4849 681 4895 et
721 4840 1026 4895 Matthiam.
1069 4861 1088 4893 ι
1140 4843 1206 4897 Et
1254 4844 1473 4909 cecidit,
1536 4844 1712 4913 inquit
1746 4844 1817 4909 ",
1888 4860 2008 4901 sors

426 4947 589 4999 super
635 4931 940 4999 Matthiam,
976 4944 1031 4987 et
1081 4944 1476 4989 annumeratus
1519 4946 1603 4989 est
1664 4951 1788 4989 cum
1841 4937 2009 4991 unde-

426 5025 532 5079 cim
573 5027 857 5094 apostolis.
903 5047 922 5081 ι
949 5028 1302 5085 Praacedeute
1330 5045 1568 5100 namque
1601 5032 1871 5098 oratione,
1897 5047 2003 5087 non

419 5117 532 5187 jam
575 5133 729 5183 casu,
775 5119 869 5174 sed
908 5120 1273 5191 providentia,
1307 5136 1426 5175 sors
1458 5121 1701 5175 divinum
1738 5119 2007 5189 judicium

426 5209 724 5267 deferebat.
775 5213 886 5269 Sed
935 5214 1112 5269 adhuc
1159 5213 1467 5283 qumrebam
1508 5215 1561 5267 in
1608 5211 1759 5266 Novo
1812 5210 2009 5267 Testa-

497 5308 540 5342 "
568 5308 681 5365 Jos.
713 5327 868 5365 xvm.
945 5311 991 5343 ³ο
1017 5310 1142 5367 Jon.
1167 5311 1281 5377 t,9.
1356 5312 1399 5342 ¹¹
1426 5309 1589 5365 Prov.
1624 5309 1875 5377 xvttt,l8.

424 5393 599 5445 nam,
631 5386 682 5443 8.
722 5384 773 5437 9.

498 5474 612 5540 (96)
645 5476 756 5527 Dno
788 5476 1145 5529 Ehroicenses
1183 5493 1195 5527 :
1235 5494 1253 5526 ι
1288 5486 1343 5529 ct
1373 5473 1533 5527 tribui
1568 5470 1739 5527 Judte.
1775 5489 1795 5524 ι

495 5546 792 5627 (Ἧλϐοιι.
830 5549 1124 5616 Sangerm.
1173 5566 1191 5596 ι
1239 5546 1498 5617 prodidit.
1547 5564 1565 5595 ι
1618 5543 1777 5597 Libb.
1812 5542 1943 5599 editi
1990 5560 2004 5597 :

429 5629 451 5664 ‘
485 5626 796 5754 pi'diiiuitis.
851 5707 868 5738 ‹
922 5687 1246 5742 voluissent.
1292 5705 1309 5738 ι
1357 5685 1512 5739 Libb.
1554 5683 1685 5739 editi
1725 5708 1735 5740 :
1782 5703 1799 5735 ι
1853 5683 2005 5738 volc-

375 5817 397 5833 ’
429 5756 612 5891 l"1919)
650 5775 842 5881 ’lidem
894 5840 1022 5881 mss.
1082 5846 1100 5879 ‹
1159 5829 1477 5883 vocabatur.
1532 5847 1546 5877 ι
1606 5825 1763 5883 Libb.
1818 5824 1946 5879 editi
1992 5839 2005 5876 :

2119 4666 2174 4713 et
2198 4654 2495 4709 funiculum
2529 4653 2696 4708 Israel
2723 4650 2950 4705 Domino
2982 4650 3113 4705 dicit
3147 4665 3267 4705 esse
3290 4650 3541 4704 sortium.
3584 4648 3701 4701 Non

2117 4762 2251 4816 ergo
2282 4746 2506 4803 fortuitu
2544 4745 2927 4801 arbitrandum
2968 4755 3051 4799 est
3085 4758 3183 4814 per
3230 4753 3438 4798 sortem
3488 4744 3708 4797 venisse

2120 4842 2199 4915 (2)
2231 4842 2305 4896 illi
2344 4841 2561 4910 quidem
2590 4838 2783 4907 angelo
2806 4838 2961 4919 illam,
2980 4849 3196 4907 gentem
3226 4840 3526 4907 suscipere,
3554 4837 3704 4891 verbi

2123 4950 2286 4991 causa
2309 4975 2323 5001 ,
2354 4933 2767 5005 Egyptiorum,
2797 4932 2885 4985 alii
2917 4944 3097 4986 autem
3121 4931 3508 4993 ldumaeorum,
3539 4939 3593 4983 et
3614 4928 3702 4980 alii

2120 5026 2511 5089 Moabitarum,
2550 5036 2605 5080 et
2635 5026 2724 5078 alii
2766 5025 2997 5090 Indiam,
3031 5024 3115 5077 vel
3141 5036 3583 5091 unamquamque
3612 5036 3708 5074 na-

2120 5122 2330 5175 tionum
2363 5136 2550 5175 earum
2583 5134 2705 5189 quae
2751 5129 2877 5172 sunt
2907 5131 3072 5187 super
3105 5127 3342 5168 terram:
3394 5116 3488 5167 sed
3528 5123 3584 5167 et
3631 5111 3704 5165 ibi

2116 5211 2329 5267 etiamsi
2360 5210 2655 5266 secundum
2709 5223 2992 5263 numerum
3044 5205 3354 5274 angelorum
3386 5203 3479 5258 Dei
3519 5203 3706 5256 dican-

1955 5308 2000 5341 ¹¹
2024 5308 2147 5365 Act.
2175 5325 2215 5375 ι,
2248 5308 2338 5365 26.
2416 5308 2461 5339 ’³
2482 5306 2680 5377 Ephes.
2705 5321 2743 5372 t,
2777 5303 2862 5369 Η,
2902 5304 2988 5357 12.
3044 5302 3087 5332 "'
3106 5301 3221 5355 Col.
3255 5316 3292 5366 I,
3321 5301 3406 5355 12.
3465 5299 3512 5331 ’³
3546 5300 3703 5355 Deut.

2126 5487 2145 5521 1
2185 5473 2432 5519 vocatur.
2472 5481 2490 5513 ι

2192 5536 2434 5608 (ιχςξυιιτ
2465 5534 2777 5608 Sattget'nt._,
2810 5548 2828 5577 ι
2869 5526 3414 5608 dnctnm_przt'beatf
3448 5533 3503 5578 et
3530 5523 3700 5608 illius

2133 5593 2668 5660 Ι)ιῖυἘι›ι·υἰεριιεέδ;
2694 5622 2710 5653 ι
2733 5593 2950 5655 ductum
2979 5593 3215 5668 pra-beat
3269 5595 3423 5650 fortis
3458 5610 3470 5647 :
3534 5604 3589 5648 et
3640 5593 3707 5646 il.

2119 5678 2267 5817 ὴὲ)
2303 5746 2415 5798 Duo
2437 5742 2651 5797 Ebroic.
2682 5760 2700 5794 ‹
2746 5743 2817 5795 illi
2852 5739 3093 5809 quidem.
3137 5758 3153 5788 ι
3194 5736 3352 5791 Libb.
3393 5734 3525 5790 editi
3558 5751 3573 5790 :
3606 5732 3706 5788 sati

2118 5819 2401 5888 liquidum.
2442 5835 2460 5865 ι
