4146 6416
311 356 421 414 957

1278 342 1343 396 ΙΝ
1379 340 1638 397 LIBRUM
1664 337 1827 394 JESU
1862 335 2051 392 NAVE
2081 336 2366 393 IIOMILIA
2399 331 2586 389 XXI".

3467 336 3571 391 938

316 480 406 524 tur
444 472 591 523 sorte
613 472 799 534 gentes
821 472 939 515 esse
972 455 1182 521 divisae,
1209 463 1387 510 tamen
1423 454 1509 508 illa
1551 468 1693 518 sors,
1742 453 1887 506 sicut
1917 456 1962 513 Α
1992 451 2257 518 cernitur,
2280 450 2365 504 vel
2390 448 2606 503 llebron
2640 443 2724 499 vel
2755 445 2877 500 alite
2906 445 3130 515 singulm
3169 446 3422 502 civitates
3450 452 3573 502 sin-

315 563 370 616 in
407 556 718 614 hominibus
748 551 982 607 diximus
1006 590 1021 616 ,
1066 548 1191 618 quia
1223 546 1316 601 Dei
1341 545 1607 615 judicium
1642 544 1784 612 quod
1831 542 1885 595 in

315 649 533 706 occulto
554 654 667 708 est,
694 659 811 699 sors
834 641 1026 712 pandit
1058 640 1111 693 in
1144 639 1394 710 publico,
1432 636 1558 689 talis
1610 634 1777 688 etiam
1814 630 1887 686 ibi

320 740 487 794 fuisse
518 735 783 791 credenda
810 741 930 788 est:
962 732 1087 799 quia
1118 739 1172 785 et
1199 728 1392 784 merito
1437 735 1492 781 et
1539 725 1740 779 virtute
1792 736 1889 776 sua

322 827 699 895 unusquisque
738 821 960 892 angelus
990 820 1132 875 illam
1155 818 1240 873 vel
1268 817 1412 871 illam
1451 826 1666 885 gentem
1715 812 1768 866 in
1811 810 1892 864 di-

321 919 530 973 visione
554 915 874 984 susciperet.
908 912 975 967 Et
1013 910 1141 982 quid
1194 909 1313 964 dico
1362 908 1427 961 de
1464 904 1677 975 magnis
1725 911 1779 958 et
1827 903 1894 956 de

322 1008 673 1082 generalibus
715 1005 926 1061 rebus?
977 1018 1099 1058 cum
1136 1016 1202 1056 ne
1252 1015 1352 1071 per
1396 998 1638 1068 singulos
1673 995 1889 1065 quidem

320 1110 567 1157 nostrum
601 1099 805 1167 absque
836 1092 1145 1165 hujusmodi
1198 1100 1349 1145 sorte
1377 1103 1497 1159 quae
1545 1087 1638 1142 Dei
1684 1084 1893 1154 judicio

324 1193 689 1261 dispensatur,
732 1187 953 1242 evenire
983 1183 1267 1240 dicendum
1297 1189 1381 1235 est
1406 1220 1421 1245 ,
1452 1177 1598 1233 verbi
1628 1191 1809 1242 causa,
1835 1182 1894 1228 ut

323 1284 462 1337 alius
493 1290 736 1336 nostrum
779 1279 941 1332 talem
980 1276 1064 1329 vel
1104 1274 1267 1327 talem
1313 1273 1478 1327 vitam
1524 1271 1710 1324 statim
1747 1284 1774 1321 a
1798 1282 1894 1322 na-

329 1375 541 1429 tivitate
582 1371 879 1426 sortiatur:
912 1365 993 1421 vel
1016 1376 1163 1421 certe
1194 1362 1321 1419 illud
1358 1361 1500 1431 quod
1555 1374 1680 1429 erga
1720 1357 1892 1411 homi-

328 1482 423 1521 nes
450 1466 561 1535 geri
587 1479 650 1517 ex
682 1458 976 1528 Scripturis
1029 1459 1232 1512 sanctis
1266 1472 1407 1525 saepe
1442 1445 1893 1515 docuimus,quod

327 1570 380 1612 et
405 1558 525 1612 boni
562 1554 741 1625 angeli
771 1552 969 1605 adsunt
994 1550 1303 1604 hominibus
1332 1557 1383 1601 et
1423 1542 1681 1600 contrarii
1709 1555 1723 1593 :
1753 1538 1894 1607 quod

328 1665 436 1705 non
472 1648 662 1716 utique
692 1644 919 1699 fortuitu
970 1650 1021 1695 et
1060 1640 1264 1707 absque
1297 1635 1501 1705 judicio
1545 1634 1635 1688 ille
1677 1630 1898 1699 angelus

330 1742 475 1795 illius
510 1737 705 1791 anima:
725 1775 740 1800 ,
770 1733 923 1787 verbi
966 1746 1129 1786 causa
1159 1769 1174 1794 ,
1209 1729 1354 1783 Petri
1391 1734 1574 1781 custos
1602 1738 1722 1777 esse
1744 1720 1899 1775 sorti-

1993 541 2130 610 gulis
2152 539 2457 608 quibusque
2489 534 2735 588 tribubus
2775 533 3216 593 conscribuntur,
3272 534 3373 587 nisi
3414 537 3563 601 quia,

1996 640 2057 684 ut
2077 630 2314 684 diximus
2339 669 2353 693 ,
2381 628 2467 681 illa
2493 626 2733 681 coelestia
2768 624 2882 677 loca
2904 666 2919 689 ,
2951 624 3001 676 in
3029 622 3226 690 quibus
3258 630 3313 675 et
3344 621 3562 678 Jerusa-
3650 669 3669 688 ι

1991 722 2096 777 lem
2122 728 2174 774 et
2198 719 2328 775 Sion
2354 730 2474 772 csse
2505 716 2839 780 nominatur,
2893 712 3013 766 sine
3062 711 3226 765 dubio
3262 720 3320 765 et
3364 724 3562 767 caetera

1992 827 2113 882 quae
2153 812 2222 867 iis
2264 809 2442 863 vicina
2473 806 2553 861 vel
2588 805 2875 874 conjuncta
2917 802 3078 875 452
3109 811 3235 858 sunt
3260 803 3377 857 loca
3403 844 3420 869 ,
3465 805 3568 859 hoc

1994 903 2047 957 in
2080 915 2139 956 se
2171 914 2352 955 causm
2374 906 2427 952 et
2458 896 2683 951 rationis
2712 894 3065 949 continebant
3098 894 3153 947 in
3181 894 3334 949 caelis
3364 932 3380 959 ,
3421 896 3565 962 quod

1994 1001 2142 1048 sorte
2178 991 2466 1045 distributa
2499 986 2943 1057 gubernabantur
2978 985 3030 1039 in
3069 986 3248 1041 terris.
3271 984 3411 1041 llinc
3436 1001 3570 1057 ergo

1995 1082 2245 1152 estquod
2284 1078 2619 1149 dispensavit
2663 1078 2845 1133 divina
2881 1078 3144 1147 sapientia
3174 1079 3389 1132 nomina
3420 1094 3569 1147 qut!!-

1998 1177 2120 1230 dam
2160 1175 2400 1229 locorum
2433 1171 2595 1226 scribi
2639 1171 2692 1224 in
2729 1170 3053 1240 Scripturis,
3095 1185 3216 1238 quae
3282 1172 3567 1240 mysticam
3628 1148 3637 1153 I

1998 1265 2288 1333 quamdam
2337 1261 2842 1331 interpretationem
2905 1260 3243 1323 contineant,
3301 1274 3400 1329 per
3450 1276 3572 1329 qua:

1999 1356 2270 1410 iudicetur
2298 1354 2475 1416 nobis,
2511 1352 2637 1421 quia
2670 1352 2783 1405 lucc
2814 1352 2974 1405 certis
3030 1351 3337 1421 quibusque
3395 1353 3569 1406 ratio-

2001 1448 2160 1501 nibus
2196 1486 2210 1509 ,
2247 1454 2301 1499 et
2336 1461 2443 1499 non
2482 1458 2611 1497 casn
2646 1442 2726 1496 vel
2754 1442 2978 1496 fortuitu
3011 1442 3125 1496 fieri
3158 1444 3562 1512 dispensentur.

2006 1540 2161 1594 Sicut
2196 1538 2339 1593 enim
2371 1554 2475 1591 non
2513 1546 2593 1591 est
2624 1534 2926 1604 putandum
2953 1536 3093 1604 quod
3152 1536 3377 1589 fortuitu
3423 1537 3572 1591 acci-

2000 1631 2163 1696 derit,
2196 1629 2346 1683 verbi
2379 1642 2566 1692 causa,
2600 1636 2656 1679 ut
2692 1626 2778 1679 ille
2812 1625 3039 1694 angelus
3071 1625 3301 1681 Michael
3358 1641 3576 1682 vocare-

2005 1732 2111 1786 tur,
2146 1720 2285 1775 alius
2342 1729 2521 1773 autem
2570 1716 2811 1782 Gabriel,
2858 1717 2998 1770 alius
3029 1731 3161 1771 vero
3185 1718 3428 1783 Raphael
3465 1732 3480 1770 :
3515 1728 3572 1773 et

330 1833 541 1894 tussit,
568 1839 621 1884 et
648 1828 785 1882 alius
810 1825 962 1880 Pauli
993 1865 1007 1890 ,
1042 1822 1127 1877 vel
1168 1821 1307 1875 alius
1354 1818 1513 1871 unius
1559 1813 1784 1869 infantis
1822 1812 1888 1865 de
1929 1800 1971 1854 Β
2007 1822 2065 1867 ιιι
2090 1815 2155 1867 ad
2182 1814 2416 1867 humana
2449 1810 2798 1871 descendam,
2830 1810 2973 1863 sicut
3002 1823 3106 1864 non
3137 1807 3236 1862 fuit
3261 1808 3487 1863 fortuitu
3513 1816 3575 1862 ut

329 1924 610 1988 Ecclesia,
657 1922 723 1976 de
760 1932 991 1989 quorum
1046 1914 1252 1985 angelis
1299 1910 1429 1965 dicit
1478 1908 1736 1963 Dominus
1773 1903 1895 1973 quia

328 2030 545 2093 semper
569 2013 787 2066 videant
817 2008 1009 2063 faciem
1037 2005 1217 2060 Patris
1240 2004 1320 2058 sui
1349 2000 1439 2071 qui
1469 1999 1522 2053 in
1541 1998 1692 2052 ctelis
1718 2006 1801 2050 est
1832 1996 1897 2047 “.

332 2086 406 2162 De
437 2106 635 2176 quibus
658 2103 845 2172 utique
869 2097 1223 2155 dubitandum
1252 2107 1358 2147 non
1391 2100 1472 2145 est
1495 2132 1509 2156 ,
1535 2086 1904 2159 quodjndicio

334 2200 427 2253 Dei
456 2197 546 2266 qui
599 2195 814 2249 illorum
841 2191 1197 2260 dignitatem,
1225 2184 1309 2238 vel
1360 2191 1559 2235 nostra:
1605 2177 1797 2232 anima:
1839 2177 1904 2228 ad

333 2291 596 2361 liquidum
647 2284 906 2357 perspicit
957 2279 1274 2351 qualitatem
1299 2315 1315 2340 ,
1352 2270 1773 2337 uniuscujusque
1814 2280 1908 2319 no-

340 2394 514 2440 strum
550 2378 855 2436 custodiam
889 2373 1194 2429 sortiantur
1232 2373 1381 2423 sorte
1420 2362 1652 2433 quadam
1684 2357 1906 2427 mystica

335 2473 535 2529 Christi
569 2467 973 2540 dispensatione
1020 2464 1244 2517 directa.
1281 2458 1390 2526 Ego
1420 2461 1615 2533 autem
1646 2456 1905 2520 quantum

337 2567 405 2620 ad
435 2563 745 2633 Opinionem
777 2572 952 2614 meam
986 2562 1233 2626 spectat,
1267 2559 1401 2621 puto
1431 2547 1695 2602 audenter
1726 2542 1909 2597 dicen-

338 2656 463 2711 dum
495 2654 657 2708 etiam
678 2652 745 2708 de
770 2650 837 2705 iis
857 2648 1153 2705 virtutibus
1181 2658 1299 2716 quae
1344 2639 1528 2697 mundi
1556 2636 1714 2706 hujus
1755 2634 1912 2690 minio

342 2749 509 2803 steria
542 2750 927 2814 susceperunt,
961 2738 1107 2811 quod
1137 2752 1244 2792 non
1280 2733 1505 2790 fortuitu
1530 2731 1613 2784 vel
1645 2743 1774 2785 casu
1821 2726 1912 2781 illa

337 2839 515 2894 virtus
533 2848 691 2891 terras
705 2833 786 2889 vel
808 2832 1061 2886 arborum
1077 2825 1561 2899 germinationibus
1578 2819 1785 2890 praesit,
1819 2818 1911 2873 illa

344 2931 580 2986 fontium
611 2943 676 2982 ac
699 2924 979 2979 ﬂuminum
1021 2919 1255 2975 sufficiat.
1304 2930 1369 2969 ac
1399 2907 1727 2968 sullicientct'
1757 2909 1913 2963 exhi-

345 3026 500 3088 beat,
526 3020 631 3073 alia
662 3015 921 3071 imbrium
947 3053 962 3077 ,
993 3011 1096 3065 alia
1128 3016 1412 3063 ventorum
1436 3044 1451 3069 ,
1500 3002 1603 3055 alia
1654 2996 1911 3059 marinis,

344 3115 449 3169 alia
473 3086 653 3165 autem
693 3104 1044 3161 terrestribus
1065 3097 1417 3159 animalibus,
1448 3092 1529 3146 vel
1549 3087 1773 3157 singulis
1794 3086 1916 3154 qui-

342 3207 552 3272 busque
594 3214 623 3253 e
651 3208 796 3250 terra
827 3188 1174 3263 gignentibus
1212 3183 1395 3255 praesit
1426 3199 1439 3234 :
1490 3191 1545 3235 et
1573 3191 1695 3233 esse
1726 3178 1780 3229 in
1825 3173 1911 3228 his

341 3261 568 3360 singulis
597 3261 934 3340 sacramenta
981 3273 1272 3332 ineffabilia
1301 3270 1498 3325 divinae
1544 3261 1911 3334 dispensatio-

347 3385 459 3441 nis,
490 3389 547 3433 ut
578 3377 771 3432 ordine
794 3388 892 3428 suo
918 3377 1111 3426 cuncta
1152 3374 1205 3421 et
1243 3358 1569 3429 competenti
1603 3370 1700 3425 per
1727 3367 1911 3407 unam-

345 3483 613 3539 quamque
640 3467 895 3518 virtutem
938 3460 1265 3515 dirimantur
1289 3451 1485 3507 cilicio.
1528 3446 1622 3503 Sic
1667 3444 1812 3500 enim
1856 3452 1915 3497 et

347 3558 623 3628 apostolus
666 3554 866 3609 Paulus
895 3550 1025 3605 dicit
1047 3549 1091 3582 ¹¹¹
1119 3565 1132 3601 :
1174 3564 1191 3598 ι
1222 3544 1412 3598 Nonne
1436 3552 1625 3594 omnes
1652 3543 1777 3590 sunt
1808 3532 1912 3586 mi-

344 3649 499 3704 nistri
528 3646 749 3716 spiritus
779 3643 832 3696 in
887 3636 1249 3694 ministerium
1306 3629 1489 3695 missi,
1554 3634 1777 3696 propter
1821 3634 1916 3676 eos

344 3740 432 3810 qui
466 3735 834 3791 Increditatem
870 3730 1088 3800 capiunt
1115 3720 1383 3781 salutis?»

415 3832 468 3884 4.
502 3830 583 3883 Ad
608 3830 799 3882 borum
848 3822 1013 3889 igitur
1051 3814 1411 3871 imitationem
1451 3805 1785 3863 credendum
1830 3810 1918 3856 est

345 3922 506 3979 etiam
531 3921 619 3975 hic
652 3914 988 3983 Scripturam
1009 3906 1218 3961 referre
1246 3912 1424 3959 sortes
1441 3897 1565 3954 duci
1595 3892 1914 3966 perJesum,

345 4027 401 4071 et
446 3982 813 4068 haereditatem
864 4018 961 4072 per
1005 4006 1445 4065 unamquamque
1489 3988 1689 4044 tribum
1732 3982 1916 4037 divina

347 4102 751 4175 dispensatione
775 4096 853 4166 (3)
880 4092 1139 4155 decerni,
1173 4098 1230 4143 et
1253 4100 1351 4156 per
1390 4078 1709 4136 ineffabilem
1739 4073 1917 4145 provi-

348 4165 586 4253 dentiam
617 4190 745 4252 Dei,
781 4165 845 4241 ac
869 4179 1217 4254 praisentiam
1244 4178 1297 4231 in
1321 4176 1405 4229 his
1437 4171 1680 4228 sortibus
1722 4165 1916 4219 adum-

346 4288 495 4346 brari
520 4284 712 4338 futura:
762 4280 815 4333 in
846 4275 1003 4330 ctelis
1054 4267 1391 4326 hazreditatis
1437 4258 1737 4329 exemplar.
1769 4256 1915 4319 Quo-

349 4388 495 4441 niam
514 4378 731 4450 quidem
754 4393 772 4426 ‹
797 4375 880 4427 lex
899 4366 1145 4422 umbram
1170 4377 1189 4412 ι
1209 4360 1406 4417 dicitur
1432 4355 1636 4411 habere
1655 4368 1673 4402 ι
1703 4349 1918 4402 futuro-

348 4491 465 4532 rum
490 4434 751 4529 bonorum
774 4467 841 4530 ’⁸,
867 4484 886 4517 ι
914 4471 969 4517 et
989 4457 1145 4516 sicuti
1172 4454 1302 4510 dicit
1324 4442 1617 4517 Apostolus
1641 4440 1708 4495 de
1737 4439 1804 4493 iis
1825 4434 1917 4506 qui

349 4568 416 4622 ad
445 4559 922 4620 DominumJesum
946 4553 1221 4610 Christum
1253 4547 1549 4598 venerunt:
1573 4536 1665 4605 qui
1688 4552 1709 4586 ι
1732 4546 1917 4588 acces-

349 4659 498 4713 sistis
527 4657 593 4709 ad
618 4652 749 4707 Sion
794 4655 1069 4707 mentem,
1093 4647 1150 4695 et
1183 4638 1250 4692 ad
1278 4632 1557 4688 civitatem
1590 4626 1686 4681 Dei
1725 4624 1917 4678 viven-

348 4751 421 4804 tis
450 4745 748 4803 Jerusalem
782 4738 1055 4795 ctelestem
1088 4735 1134 4766 η
1164 4746 1179 4786 :
1215 4752 1230 4781 ι
1259 4734 1346 4781 est
1379 4722 1557 4790 aliqua
1583 4719 1636 4772 in
1661 4716 1814 4773 caelis
1839 4713 1917 4769 ci-

349 4843 490 4894 vitas
514 4851 635 4906 qua:
657 4833 861 4889 dicitur
892 4822 1191 4884 Jerusalem
1212 4827 1269 4873 et
1292 4829 1449 4870 mons
1477 4810 1609 4866 Sion
1646 4824 1663 4860 :
1700 4821 1806 4861 non
1833 4812 1916 4858 est

353 4893 674 4999 ntiquesine
688 4936 849 4979 causa
867 4916 1010 4988 quod
1033 4909 1310 4980 Beniamin
1330 4906 1384 4961 in
1415 4911 1562 4958 sorte
1592 4912 1687 4953 sua
1706 4893 1923 4999 accepit

347 4979 648 5075 Jerusalem
676 5022 731 5066 et
769 4979 1002 5062 mon-tem
1035 4979 1207 5056 Sion:
1245 4993 1348 5049 nisi
1390 4989 1518 5060 quia
1568 4982 1809 5041 caelestis
1850 4979 1918 5032 il-

351 5072 457 5163 lius
488 5100 788 5160 Jerusalem
825 5095 965 5151 ratio
1015 5090 1134 5145 sine
1161 5085 1323 5141 dubio
1372 5081 1478 5135 hoc
1511 5072 1802 5142 exigebat,
1860 5074 1921 5120 ut

351 5160 530 5267 aliqua
560 5188 839 5260 Benjamin
870 5183 986 5240 dari
1019 5181 1239 5235 deberet
1270 5168 1570 5227 Jerusalem
1607 5160 1885 5267 terrestri:
1905 5197 1921 5223 ,

352 5246 474 5361 qu;
510 5287 651 5341 illius
668 5246 923 5335 'caslestis
953 5274 1182 5342 figuram
1228 5271 1413 5320 servat
1458 5273 1522 5313 ac
1549 5255 1800 5310 formam.
1837 5246 1925 5302 Si-

1089 5359 1097 5361 .
1140 5358 1151 5361 -
1327 5351 1357 5361 ..
1474 5340 1497 5361 μ.
1576 5359 1588 5361 _
1785 5336 1923 5361 mw,

296 5378 299 5381 ’
353 5336 557 5437 aniliter
607 5379 787 5425 autem
834 5365 901 5418 de
949 5336 1264 5414 Bethlehem
1309 5340 1596 5406 dicendum
1631 5350 1743 5401 cst,
1783 5336 1924 5406 quod

357 5485 464 5525 non
503 5465 621 5521 sine
646 5469 795 5515 certa
822 5452 1057 5524 quadam
1091 5446 1300 5501 ratione
1346 5441 1401 5494 in
1437 5435 1593 5491 Judae
1633 5439 1781 5485 sorte
1830 5428 1926 5480 de-

424 5579 470 5611 “
503 5575 695 5632 Matth.
726 5583 875 5632 svnt,
899 5564 985 5619 lO.
1080 5561 1121 5591 ’⁷
1153 5556 1288 5612 lleb.
1310 5570 1350 5622 ι,
1375 5552 1463 5607 14.

353 5650 401 5683 ³⁵
434 5648 562 5705 Luc.
602 5657 715 5699 xu.

426 5757 503 5829 (δ)
530 5754 710 5811 codex
743 5746 1065 5829 meum»,
1094 5718 1919 5829 οξυξεέιίξρεηξέῑξὶεξιξ.·.ῖςξῖξίηῖ

362 5803 732 5902 ι)οέῗὶιῇἶῆνεῖ
771 5803 1161 5887 ρι’ὄνὶιιθίιιίηιιι
1195 5806 1284 5861 Dei
1314 5819 1379 5857 ac
1433 5803 1850 5867 praescienttam.
1892 5807 1910 5840 ι

625 5921 917 5999 Panos.
964 5910 1083 5972 Gn.
1132 5904 1273 5966 Xll.

1566 5547 1611 5579 “
1638 5541 1772 5601 Heb.
1808 5542 1942 5607 x,~l.

2007 1904 2097 1959 ille
2122 1902 2431 1973 patriarcha
2469 1900 2740 1954 Abraham
2769 1908 3075 1960 vocaretur,
3109 1908 3163 1951 et
3198 1898 3288 1952 ille
3314 1897 3484 1963 Isaac,
3518 1908 3577 1953 et

2006 1995 2144 2048 alius
2174 1991 2337 2046 Israel
2369 2009 2382 2045 :
2410 1990 2501 2043 sed
2536 2005 2602 2044 ne
2635 1990 2688 2043 in
2739 1988 2958 2043 feminis
2989 1988 3206 2058 quidem
3256 2002 3387 2041 casu
3426 1989 3577 2041 acci-

2008 2106 2104 2171 dit,
2148 2102 2240 2158 sed
2268 2110 2414 2157 certa
2444 2110 2496 2155 ct
2538 2098 2720 2153 divina
2756 2098 2986 2160 ratione,
3030 2107 3088 2151 ut
3119 2096 3208 2150 illa
3245 2094 3379 2149 Sara
3411 2109 3577 2149 voca-

2010 2206 2160 2251 retur
2193 2210 2259 2248 ex
2316 2192 2495 2256 Sarai,
2535 2189 2619 2244 vel
2665 2188 2753 2244 ille
2782 2188 2946 2245 Israel
2984 2202 3052 2242 ex
3104 2185 3296 2250 Jacob,
3346 2186 3426 2243 vel
3487 2186 3576 2241 ille

2007 2284 2281 2338 Abraham
2308 2298 2372 2337 ex
2412 2281 2613 2337 Abram
2650 2298 2663 2335 :
2693 2289 2748 2333 ct
2800 2290 2859 2333 nt
2882 2285 3088 2333 certum
3115 2287 3199 2333 est
3236 2278 3382 2347 quod
3408 2292 3578 2332 unus-

2008 2379 2238 2447 quisque
2267 2376 2351 2431 vel
2404 2373 2756 2443 angelorum,
2796 2371 2879 2426 vel
2921 2369 3204 2426 hominum
3241 2384 3306 2425 ex
3348 2369 3412 2423 iis
3453 2384 3578 2440 quae

2010 2469 2111 2523 sibi
2143 2468 2496 2537 injungnmur
2530 2462 2718 2519 ciliciis
2763 2470 2818 2517 et
2868 2461 3079 2515 actibus
3130 2458 3297 2514 etiam
3360 2463 3578 2515 nomina

2012 2561 2330 2624 sortiantur,
2365 2559 2437 2611 ita
2462 2568 2802 2624 consequens
2837 2561 2923 2607 est
2948 2551 3111 2606 etiam
3160 2550 3278 2607 loca
3330 2551 3579 2620 quaedam

2012 2665 2135 2706 esse
2162 2649 2405 2704 ccelcstia
2435 2657 2489 2701 ct
2516 2645 2790 2707 civitates,
2821 2642 2965 2696 sicut
3010 2641 3312 2697 Jerusalem
3340 2641 3582 2695 cmlestis

2015 2743 2215 2799 dicitur
2238 2751 2296 2796 et
2323 2740 2452 2795 Sion
2490 2756 2502 2792 :
2538 2749 2656 2792 esse
2685 2734 2849 2789 etiam
2889 2731 3021 2787 alias
3048 2747 3276 2802 quarum
3307 2742 3495 2802 typum
3527 2743 3585 2787 et

2017 2836 2304 2906 imaginem
2330 2834 2446 2888 ista:
2474 2845 2595 2901 quae
2622 2830 2675 2883 in
2717 2828 2877 2883 terris
2926 2834 3053 2879 sunt
3112 2820 3430 2889 continent,
3462 2839 3596 2893 quas

2014 2942 2160 2980 nunc
2198 2926 2248 2978 in
2292 2925 2396 2979 hac
2435 2922 2714 2991 Scriptura
2756 2916 2981 2990 mystice
3043 2916 3199 2969 nobis
3251 2932 3348 2985 per
3398 2915 3582 2970 Jesuut

2016 3017 2189 3073 lilium
2224 3016 2363 3070 Nave
2403 3014 2782 3084 designantur.
2818 3011 2885 3066 Et
2918 3011 2983 3067 de
3010 3011 3141 3079 ipsis
3169 3019 3301 3079 puto
3348 3008 3585 3063 civitati-

2015 3107 2119 3162 bus
2143 3107 2348 3159 dictum
2384 3103 2429 3136 '°
2458 3143 2471 3157 .
2503 3121 2522 3154 ι
2552 3102 2991 3158 ΔΕιΙίίὶεειὺιιηιιιι·
3044 3101 3293 3157 civitates
3324 3097 3480 3161 Jnda,
3531 3107 3588 3152 es

2019 3195 2404 3252 inhabitabant
2432 3194 2527 3259 ibi,
2564 3203 2617 3247 et
2655 3193 3056 3247 bzcreditabunt
3084 3206 3224 3246 eam.
3264 3209 3281 3241 ι
3344 3189 3417 3244 De
3457 3190 3587 3259 ipsis

2015 3289 2180 3343 etiam
2214 3286 2477 3341 Dominus
2500 3294 2553 3339 et
2579 3284 2831 3338 Salvator
2869 3284 3021 3347 dicit,
3055 3285 3179 3352 quia
3225 3283 3405 3336 multa:
3434 3298 3588 3335 man-

2017 3380 2195 3434 siones
2213 3385 2340 3432 sunt
2373 3375 2512 3444 apud
2540 3374 2761 3428 Patrem
2788 3375 2855 3427 ³¹.
2894 3375 2959 3429 Et
2991 3374 3057 3428 de
3103 3374 3236 3443 ipsis
3256 3373 3585 3427 credendum

2017 3469 2333 3526 civitatibus
2361 3481 2521 3523 servo
2548 3465 2619 3519 illi
2660 3466 2748 3531 qui
2781 3468 2917 3521 bene
2946 3466 3252 3535 negotiatus
3268 3462 3446 3517 fuerat
3485 3464 3589 3517 Do-

2018 3565 2222 3618 minum
2246 3563 2448 3627 dicere,
2480 3561 2604 3630 quia
2629 3567 2949 3630 potestatem
2971 3557 3194 3612 habebis
3210 3570 3372 3625 super
3399 3564 3585 3611 decem

2017 3655 2288 3719 civitates,
2318 3662 2374 3708 et
2404 3653 2495 3707 alii
2522 3667 2686 3721 super
2708 3651 2946 3719 quinque
2978 3648 3226 3703 civitates
3251 3647 3316 3701 ³².
3354 3646 3478 3701 Haec
3522 3648 3590 3699 de

2018 3747 2284 3801 divisione
2312 3745 2538 3800 sortium
2563 3752 2723 3797 terra:
2759 3740 2909 3795 Juda'.
2961 3738 3204 3809 proferre
3261 3738 3326 3792 ad
3361 3751 3456 3791 vos
3507 3738 3592 3791 in-

2019 3867 2280 3928 quantum
2307 3855 2387 3911 fas
2418 3855 2539 3918 luit,
2567 3857 2682 3908 ausi
2710 3866 2898 3908 sumus
2943 3848 3223 3918 Scriptura
3260 3853 3592 3916 provocante

2018 3964 2138 4019 qum
2166 3946 2474 4002 Jerusalem
2511 3944 2644 3999 dicit
2667 3941 2986 3998 cmlestem:
3024 3947 3083 3994 et
3140 3947 3378 3993 montem
3430 3937 3590 4006 Sion,

2019 4053 2074 4099 et
2100 4050 2295 4097 cmtera
2322 4053 2444 4109 qua:
2490 4035 2742 4091 similiter
2774 4036 2978 4102 scripta
3033 4040 3180 4097 sunt,
3209 4044 3333 4085 esse
3368 4029 3502 4083 dicit
3536 4029 3591 4083 in

2020 4131 2173 4188 ctelis
2203 4148 2217 4184 :
2269 4144 2391 4195 quae
2424 4126 2579 4181 nobis
2607 4122 2948 4180 occasionem
2992 4122 3256 4175 dederunt
3285 4121 3491 4175 sentire
3520 4119 3591 4173 de

2018 4225 2106 4279 bis
2145 4220 2420 4282 omnibus,
2462 4216 2603 4287 quod
2653 4216 2906 4285 mysteria
2960 4215 3012 4267 in
3072 4213 3139 4267 iis
3198 4210 3438 4266 cmlestia
3501 4210 3595 4263 de-

2023 4316 2356 4371 scribantur.
2391 4310 2456 4364 Et
2482 4309 2603 4362 ideo
2636 4305 2897 4369 dicimus,
2938 4319 3008 4359 ne
3059 4318 3181 4358 cum
3231 4302 3451 4357 fastidio
3479 4303 3595 4356 lucc

2022 4407 2239 4476 legatis,
2263 4415 2317 4460 et
2342 4405 2542 4475 putetis
2588 4404 2745 4457 vilem
2785 4398 3018 4466 aliquam
3068 4408 3190 4449 esse
3224 4392 3592 4462 Scripturam,

2022 4515 2119 4571 pro
2160 4513 2225 4555 eo
2265 4496 2408 4569 quod
2459 4504 2541 4551 est
2587 4493 2772 4549 multis
2810 4489 3085 4544 nominum
3142 4486 3594 4557 appellationibus

1945 4558 1997 4618 υ
2023 4591 2231 4648 consita
2274 4606 2289 4643 :
2330 4590 2457 4658 quin
2505 4585 2684 4656 potius
2746 4584 2939 4638 scitote
2993 4575 3282 4631 ineffabilia
3335 4590 3431 4643 per
3479 4576 3595 4629 haec

2024 4681 2287 4753 mysteria
2318 4676 2611 4741 contineri,
2642 4682 2695 4729 et
2722 4670 2927 4741 majora
2957 4682 3120 4738 quam
3148 4676 3321 4736 potest
3354 4666 3436 4720 vel
3487 4666 3594 4724 hu:

2027 4788 2221 4829 ntanus
2252 4784 2435 4827 sermo
2455 4767 2723 4838 proferre,
2756 4763 2842 4818 vel
2864 4760 3082 4816 auditus
3109 4754 3356 4811 mortalis
3380 4755 3591 4820 audire;

2025 4879 2168 4933 quae,
2217 4872 2277 4916 ut
2321 4874 2424 4932 ego
2469 4857 2731 4920 arbitror,
2763 4854 2927 4924 digne
2965 4857 3021 4905 et
3065 4849 3276 4917 integre
3313 4847 3593 4909 explanari

2018 4974 2131 5014 non
2174 4957 2347 5012 solum
2376 4970 2404 5006 a
2442 4966 2527 5006 me
2554 4953 2784 5005 minimo
2807 4961 2914 5001 non
2944 4951 3193 5014 possunt,
3231 4944 3325 4995 sed
3379 4954 3478 4994 nec
3527 4939 3597 4991 ab

2021 5051 2149 5122 ipsis
2171 5048 2385 5118 quidem
2418 5044 2508 5116 qui
2551 5058 2636 5096 me
2676 5038 2850 5094 multo
2896 5038 3152 5093 meliores
3202 5041 3349 5089 sunt.
3398 5030 3595 5085 Nescio

2022 5121 2202 5195 autem
2233 5139 2277 5191 si
2311 5136 2392 5190 vel
2426 5137 2493 5189 ab
2518 5133 2649 5203 ipsis
2671 5130 2877 5186 sanctis
2906 5127 3166 5200 apostolis
3192 5125 3351 5191 plene
3373 5132 3428 5176 et
3449 5121 3598 5175 inte-

2021 5246 2116 5302 gre
2138 5228 2517 5299 proferuntur.
2550 5224 2669 5280 Non
2694 5222 2806 5277 dixi
2835 5222 2978 5291 quod
3008 5235 3115 5276 non
3150 5216 3307 5285 plene
3329 5213 3597 5274 sciantur,

2023 5325 2116 5379 sed
2147 5336 2253 5376 nou
2291 5320 2448 5389 plene
2487 5314 2858 5385 proferantur.
2912 5311 3134 5367 Certum
3187 5314 3270 5360 est
3317 5303 3463 5358 enim
3503 5316 3598 5352 co-

2025 5418 2174 5485 gnita
2228 5427 2350 5470 esse
2394 5412 2552 5475 haec,
2608 5420 2663 5463 et
2714 5409 2924 5479 integre
2984 5401 3319 5473 apprehensa
3369 5393 3447 5447 illi
3500 5390 3595 5460 qui

2018 5537 2060 5567 ’³
2104 5532 2238 5587 llcb.
2271 5544 2369 5595 xu,
2394 5527 2485 5591 22.
2547 5527 2591 5558 ³ο
2628 5523 2770 5580 Psal.
2795 5536 2944 5585 Lm,
2968 5518 3061 5574 55.
3137 5514 3177 5543 ³¹
3202 5508 3358 5564 Joan.
3390 5519 3503 5570 xlv,
3535 5504 3597 5589 2'.

2028 5715 2178 5794 Unus
2201 5702 2578 5765 Ebroicensis:
2618 5720 2636 5755 ι
2685 5693 3152 5769 Dispensationem
3178 5684 3274 5740 Dei
3336 5695 3400 5737 ac
3457 5695 3589 5750 prae.

2026 5793 2278 5843 sentiant.
2310 5798 2330 5831 ι

3152 5852 3231 5915 30
