4146 6400
518 370 621 428 939

1973 370 2298 429 ()RIGF.NIS

3671 384 3776 443 950

520 505 707 565 raptus
737 502 819 548 est
850 503 1017 561 usque
1055 491 1122 544 ad
1168 491 1385 545 tertium
1416 490 1613 547 ccelum
1635 530 1651 556 ,
1696 494 1787 563 qui
1820 494 2002 565 utique
2035 494 2090 548 in
2121 502 2165 559 Α
2195 493 2356 565 453
2383 508 2447 548 ex
2485 494 2871 549 amaritudinis
2923 504 3099 551 turma
3128 498 3354 553 veniens
3403 499 3645 555 obsideat
3683 504 3765 557 ali-

519 585 659 639 coelo
686 584 892 652 positus
921 581 1053 635 vidit
1087 580 1359 643 caalestia,
1387 582 1516 637 vidit
1568 581 1872 639 Jerusalem
1909 599 2094 639 veram

516 674 790 728 civitatem
816 673 932 737 Dei,
975 673 1108 726 vidit
1138 673 1209 727 ibi
1236 682 1291 727 et
1332 672 1467 728 Sion
1512 685 1749 729 montem
1776 690 2098 747 quocunque

516 767 619 822 loci
648 774 754 830 est,
784 765 917 819 vidit
962 776 1017 821 et
1066 765 1308 828 Hebron,
1340 766 1477 821 vidit
1507 775 1562 821 et
1596 766 1778 821 omnia
1823 769 1924 823 ista
1973 784 2097 839 qua:

519 856 835 912 scribuntur
861 866 1009 913 sorte
1051 857 1223 912 divisa
1254 875 1267 912 ε
1300 867 1354 911 et
1383 872 1488 911 non
1516 858 1690 913 solum
1722 859 1886 926 vidit,
1914 862 2008 915 sed
2041 870 2095 916 et

516 948 760 1004 rationes
780 962 975 1004 eorum
1003 948 1055 1003 in
1103 948 1297 1016 spiritu
1335 948 1774 1019 comprehendit,
1820 950 1949 1019 quia
1982 951 2096 1020 ipse

510 1040 803 1117 conﬁtetur
831 1054 890 1095 se
919 1041 1138 1095 audisse
1163 1039 1329 1094 verba
1374 1048 1431 1094 et
1480 1041 1799 1096 traditiones
1822 1041 1921 1113 (4).
1986 1042 2093 1097 Sed

514 1146 635 1200 quae
666 1131 870 1186 verba?
903 1149 921 1183 ι
958 1129 1277 1194 Ineffabilia,
1311 1129 1485 1199 inquit
1510 1130 1575 1198 ³³,
1601 1140 1655 1186 et
1687 1147 1809 1201 quae
1836 1148 1939 1187 non
1968 1134 2095 1189 licet

517 1224 721 1280 homini
754 1223 955 1293 loqui.»
995 1221 1156 1277 Vides
1185 1237 1315 1291 ergo
1368 1223 1494 1291 quia
1548 1223 1628 1277 sic
1658 1226 1840 1278 omnia
1896 1223 2095 1283 Paulus

515 1316 926 1387 comprehendit
954 1315 1029 1385 (5)
1063 1315 1115 1368 in
1152 1314 1367 1383 spiritu,
1401 1314 1494 1368 sed
1528 1329 1634 1370 non
1680 1315 1882 1371 licebat
1907 1319 1956 1372 ei
1992 1319 2090 1373 ho-

518 1409 757 1463 minibus
782 1408 883 1463 ista
916 1409 1181 1476 proferre.
1211 1406 1419 1472 Quibus
1445 1406 1752 1461 hominibus
1776 1408 1798 1461 ἲ
1820 1408 1925 1463 illis
1975 1411 2093 1465 sine

514 1504 681 1557 dubio
717 1502 786 1558 de
828 1502 1024 1571 quibus
1076 1500 1421 1570 culpabiliter
1468 1500 1682 1555 dicebat
1717 1501 1763 1533 “
1796 1523 1808 1557 :
1849 1522 1867 1553 ι
1902 1502 2093 1559 Nonne

519 1600 767 1655 homines
799 1599 949 1665 estis,
989 1606 1044 1654 et
1069 1600 1367 1655 secundum
1400 1599 1671 1655 hominem
1700 1598 2035 1655 ambulatis?
2065 1620 2084 1653 ι

516 1690 626 1747 Sed
653 1692 869 1747 dicebat
900 1691 1151 1746 fortassis
1195 1692 1304 1747 illis
1329 1693 1421 1762 qui
1469 1693 1582 1763 jam
1634 1707 1739 1747 non
1789 1693 2088 1748 secundum

514 1780 791 1835 hominem
826 1780 1197 1836 ambulabant.
1231 1781 1455 1837 Dicebat
1515 1783 1631 1837 haec
1662 1781 1973 1849 Timotheo,
2002 1784 2088 1838 di-

514 1873 673 1928 cebat
696 1871 857 1927 Lucae
889 1880 944 1926 et
977 1874 1191 1927 caeteris
1218 1872 1503 1942 discipulis
1523 1888 1660 1943 quos
1688 1874 1895 1929 sciebat
1921 1888 2086 1943 capa-

514 1978 609 2018 ces
637 1978 757 2017 esse
803 1962 1159 2018 ineﬁ‘abilium
1193 1973 1684 2021 sacramentorum.
1744 1966 1987 2036 Denique
2034 1975 2090 2021 et

517 2055 570 2107 in
602 2054 859 2124 mysterio
890 2054 996 2108 tale
1024 2054 1102 2126 (6)
1147 2054 1350 2124 aliquid
1397 2053 1745 2110 Timotheum
1777 2071 2089 2111 commone-

512 2146 607 2200 bat
635 2147 822 2200 dicens
842 2144 891 2177 "
922 2164 937 2199 :
979 2162 998 2197 ι
1040 2145 1246 2201 Memor
1280 2156 1399 2202 esto
1432 2148 1723 2203 verborum
1757 2162 1881 2217 quae
1927 2162 1957 2202 a
2004 2161 2089 2203 me

513 2237 733 2300 audisti,
760 2251 880 2306 quae
907 2237 1226 2292 commenda
1266 2237 1517 2293 fidelibus
1556 2236 1870 2294 hominibus
1918 2246 1974 2293 et
2023 2238 2088 2295 iis

512 2330 605 2398 qui
639 2329 816 2384 idonei
856 2336 984 2384 sunt
1018 2328 1155 2385 alios
1190 2329 1409 2385 docere.
1439 2348 1457 2382 ι
1494 2329 1587 2384 Sic
1609 2344 1739 2399 ergo
1762 2328 1942 2384 divina
1974 2329 2089 2385 haec

513 2436 637 2477 esse
658 2422 945 2477 credentes
969 2428 1025 2476 et
1048 2422 1273 2491 mystica
1302 2460 1317 2485 ,
1351 2421 1541 2489 dignos
1588 2436 1687 2477 nos
1720 2428 1774 2475 et
1820 2428 1975 2490 aptos
2019 2420 2087 2476 ad

511 2527 703 2567 eorum
738 2511 1099 2581 capacitatem
1126 2514 1250 2568 vita:
1292 2514 1507 2569 actibus
1539 2527 1605 2567 ac
1636 2513 1848 2569 meritis
1874 2528 2087 2583 praepa-

511 2618 714 2668 remus,
741 2611 798 2656 ut
846 2617 972 2657 cum
1030 2603 1191 2673 digne
1239 2619 1269 2658 a
1318 2603 1474 2659 nobis
1531 2603 1741 2659 fuerint
1790 2604 2087 2673 intellecta,

508 2694 678 2748 etiam
710 2692 1027 2749 haereditate
1060 2708 1125 2750 ea
1157 2695 1209 2749 in
1250 2694 1405 2750 etelis
1440 2697 1703 2765 consequi
1757 2710 2085 2763 mereamur,

508 2784 565 2839 in
591 2783 812 2845 Christo
834 2782 961 2841 Iesu
996 2785 1221 2841 Domino
1254 2796 1463 2851 nostro,
1494 2787 1582 2843 cui
1605 2797 1689 2844 est
1710 2786 1881 2859 gloria
1916 2788 2089 2845 etim-

506 2879 719 2948 perium
745 2877 799 2936 in
828 2880 1023 2936 smcula
1050 2879 1393 2935 saeculorum.
1420 2880 1615 2935 Amen.

1042 2991 1322 3049 HOMILIA
1367 2994 1557 3052 XXIV.

516 3081 596 3138 De
622 3083 951 3160 Amorraei:
978 3084 1240 3160 quomodo
1264 3085 1630 3160 habitaverunt
1663 3107 1782 3144 cum
1832 3090 2084 3160 Ephrem,

2197 582 2354 651 cujus
2380 597 2601 651 corpus,
2639 584 2923 653 perturbet
2956 601 3019 641 ac
3048 586 3288 657 decipiat
3320 597 3578 656 mentem,
3605 592 3766 648 adhi-

2198 674 2433 728 beantur
2506 684 2685 728 autem
2742 675 2924 730 multae
2972 678 3265 743 orationes,
3325 678 3489 733 multa
3540 679 3769 750 jejunia,

2199 763 2380 817 multa:
2405 763 2810 819 exorcistarum
2842 765 3237 832 invocationes,
3267 778 3325 823 et
3357 769 3423 823 ad
3448 770 3563 825 hmc
3585 772 3770 826 omnia

2196 856 2392 910 surdus
2413 854 2624 909 daemon
2651 855 2703 910 iu
2730 856 2959 912 obsesso
2983 873 3213 928 corpore
3240 871 3555 930 permaneat
3580 873 3635 917 et
3656 879 3774 932 per-

2196 946 2371 1011 sistat,
2415 946 2753 1001 tolerabilius
2816 948 3001 1004 ferens
3044 952 3434 1005 exorcistarum
3476 967 3692 1023 poenas,
3720 964 3775 1009 et

2198 1037 2438 1091 adhibita
2460 1037 2561 1093 sibi
2590 1053 2656 1093 ex
2690 1037 2784 1093 Dei
2813 1039 3049 1095 nominis
3085 1040 3430 1097 invocatione
3476 1053 3773 1109 tormenta,

2196 1141 2361 1194 quam
2396 1128 2675 1183 discedere
2701 1130 2768 1184 ab
2798 1129 3021 1185 homine
3050 1146 3208 1199 quem
3244 1133 3589 1201 impudenter
3623 1137 3769 1189 obsi-

2195 1216 2285 1272 det
2314 1228 2369 1273 et
2413 1219 2663 1287 nequiter
2693 1238 2705 1274 :
2740 1220 2810 1274 ita
2843 1221 3006 1275 etiam
3039 1222 3127 1275 hic
3158 1222 3566 1293 intelligendum
3602 1238 3685 1279 est
3716 1228 3769 1279 in

2194 1309 2314 1364 istis
2344 1310 2433 1379 qui
2461 1313 2720 1366 dicuntur
2742 1313 3073 1380 Amorrhaei,
3098 1316 3188 1384 qui
3221 1327 3543 1385 permanent
3568 1326 3623 1372 et
3650 1333 3772 1387 pcr-

2194 1405 2395 1459 sistunt
2441 1405 2690 1460 habitare
2718 1406 2771 1460 in
2799 1406 2952 1461 Elom
2995 1416 3051 1462 et
3088 1408 3139 1461 in
3174 1406 3436 1462 Salamin.
3470 1408 3535 1463 Et
3564 1418 3771 1463 utvere

2193 1494 2508 1549 ostenderet
2568 1493 2876 1565 Scriptura,
2918 1497 3045 1566 quia
3099 1499 3434 1567 perferentes
3485 1513 3673 1568 pinnas
3716 1511 3772 1553 et

2191 1586 2401 1657 ﬂagella
2426 1588 2751 1658 persistunt,
2794 1589 2927 1644 dicit
2953 1607 2967 1644 :
3004 1608 3021 1642 ι
3051 1590 3112 1644 Et
3142 1593 3323 1661 gravis
3356 1589 3544 1646 eﬂ'ecta
3576 1601 3660 1647 est
3681 1608 3773 1647 su-

2190 1692 2288 1748 per
2314 1691 2410 1732 eos
2441 1692 2635 1732 manus
2692 1678 2948 1746 Ephrem.
2978 1698 2996 1731 ι
3029 1677 3309 1745 Quomodo
3358 1687 3537 1732 autem
3588 1679 3769 1748 gravis

2192 1767 2421 1823 eﬁicitur
2470 1784 2663 1824 manus
2713 1769 2948 1839 Ephrem
3014 1785 3177 1838 super
3224 1770 3616 1825 Amorrharos?
3668 1766 3767 1825 Vel

2189 1860 2607 1926 exorcistarum,
2649 1872 2707 1914 ut
2753 1860 3016 1926 diximus,
3053 1876 3245 1916 manus
3290 1860 3638 1930 impositione
3670 1876 3765 1915 ve-

2190 1951 2499 2007 hementius
2533 1952 2784 2021 imposita
2830 1953 3050 2024 gravari
3101 1954 3303 2008 dicitur
3343 1968 3505 2022 super
3532 1954 3768 2007 immun-

2189 2045 2286 2099 dos
2333 2044 2556 2113 spiritns
2602 2060 2794 2100 manus
2838 2045 3101 2116 Ephrem,
3130 2045 3216 2101 vel
3265 2046 3393 2116 quia
3455 2045 3580 2100 boni
3615 2055 3769 2101 actus

2188 2136 2272 2191 vel
2311 2135 2452 2190 bona
2500 2150 2663 2204 opera
2704 2145 2938 2207 gravant
2979 2148 3033 2192 et
3077 2136 3645 2209 aflliguntdacmonum
3675 2152 3770 2208 ge-

2190 2242 2315 2292 nus,
2350 2229 2767 2298 contrariasquc
2802 2229 3054 2284 virtutes.
3085 2228 3301 2295 Quanto
3334 2230 3481 2284 enim
3515 2244 3613 2284 nos
3649 2244 3767 2283 me-

2188 2318 2324 2375 liora
2352 2320 2649 2390 egerimus,
2679 2330 2736 2377 et
2781 2329 2989 2390 quanto
3016 2320 3068 2374 in
3102 2321 3325 2386 optimis
3355 2335 3766 2385 conversamur,

2190 2418 2341 2465 tanto
2394 2410 2502 2467 illis
2550 2412 2777 2469 molesta
2808 2414 2921 2469 haec
2961 2412 3271 2470 efﬁciuntur
3297 2423 3351 2468 et
3382 2413 3594 2483 gravia.
3626 2411 3766 2467 Gra-

2188 2509 2302 2553 tum
2333 2516 2463 2556 vero
2512 2503 2621 2559 illis
2653 2510 2739 2559 εει
2785 2513 2840 2557 et
2887 2516 3195 2575 acceptum,
3240 2516 3295 2560 et
3338 2506 3647 2576 voluptates
3685 2506 3767 2560 eis

2185 2592 2592 2660 quodammodo
2613 2596 2860 2661 exhibet,
2893 2596 2984 2664 qui
3030 2597 3083 2648 in
3115 2597 3452 2666 turpitudine
3469 2606 3523 2651 et
3548 2595 3767 2665 flagitiis

2188 2680 2340 2734 vivit.
2372 2681 2474 2748 Qui
2504 2696 2635 2737 vero
2669 2681 2725 2737 in
2761 2682 2919 2738 bouis
2946 2685 3164 2739 actibus
3199 2699 3418 2737 manum
3451 2699 3604 2739 suam
3642 2699 3767 2753 gra-

2187 2774 2398 2829 vaverit
2443 2788 2608 2844 super
2640 2790 2757 2840 eos,
2794 2776 2958 2831 etiam
3014 2776 3056 2832 si
3102 2778 3319 2847 penitus
3351 2790 3445 2831 eos
3491 2776 3766 2844 expellere

2188 2879 2295 2920 non
2311 2868 2567 2936 potuerit,
2583 2878 2734 2924 certe
2756 2869 3077 2924 tributarios
3102 2884 3199 2924 eos
3223 2869 3386 2924 faciet
3403 2879 3456 2924 et
3471 2870 3765 2939 subjectos.

2257 2977 2313 3033 2.
2361 2997 2380 3031 ε
2407 2978 2475 3034 Ει
2505 2980 2799 3036 abierunt»
2848 2980 2942 3036 ﬁlii
2988 2983 3222 3052 Ephrem
3273 3001 3291 3034 ι
3320 2997 3613 3052 peragrare
3658 2992 3767 3037 ter-

2193 3085 2306 3125 ram
2338 3071 2640 3126 secundum
2689 3072 2823 3129 fines
2874 3088 3001 3127 suos
3020 3074 3083 3125 ³⁷.
3111 3092 3130 3125 i
3174 3073 3241 3127 Et
3286 3089 3410 3127 cum
3456 3082 3767 3127 enarrasset

584 3163 633 3242 et
804 3153 935 3210 Jcsu
993 3153 1257 3224 quomodo
1309 3162 1505 3225 accepit
1562 3159 1825 3216 civitatem
1870 3153 1903 3217 ὰ
1957 3153 2084 3231 ﬁliis
2112 3183 2155 3242 ο
2191 3161 2335 3217 illam
2376 3161 2682 3229 historiam,
2717 3163 2768 3217 in
2804 3164 3159 3233 sequentibus
3198 3172 3461 3233 quautam
3506 3179 3761 3218 mansue-

594 3222 789 3283 Israel.

584 3341 637 3396 l.
671 3338 747 3393 De
772 3336 1033 3394 Jebusaris
1068 3338 1159 3407 qui
1192 3339 1510 3395 habitabant
1532 3339 1854 3409 Jerusalem,
1881 3344 2083 3399 dudum

512 3430 714 3486 dictum
746 3438 851 3494 est,
880 3432 1153 3499 quomodo
1194 3444 1288 3487 eos
1319 3433 1686 3489 exterminare
1736 3450 1840 3489 non
1893 3444 2086 3503 potue-

505 3535 643 3583 runt
673 3525 770 3580 ﬁlii
793 3523 956 3590 Juda,
984 3526 1077 3580 sed
1110 3533 1167 3581 et
1193 3527 1259 3581 de
1287 3525 1608 3581 Chananazis
1633 3542 1770 3598 quos
1823 3544 1930 3585 non
1988 3544 2087 3598 po-

502 3625 738 3671 tuerunt
762 3617 1131 3671 exterminare
1154 3616 1247 3671 lilii
1276 3617 1533 3686 Ephrem,
1559 3619 1866 3675 habitantes
1895 3621 1947 3676 in
1982 3636 2089 3677 me-

508 3710 604 3765 dio
633 3707 737 3762 sui.
761 3706 968 3773 Quibus
992 3706 1190 3761 similia
1224 3707 1392 3763 etiam
1438 3722 1682 3777 praesens
1708 3710 1873 3765 lectio
1922 3711 2088 3767 refert

502 3802 580 3856 de
611 3797 941 3854 Amorrhzeis
971 3797 1162 3853 dicens
1198 3798 1270 3865 “,
1304 3798 1433 3867 quia
1477 3817 1496 3850 ‹
1541 3801 1837 3867 permansit
1886 3801 2087 3855 Amor-

506 3892 700 3947 ‘rhzeus
733 3889 984 3946 habitare
1013 3890 1066 3944 in
1095 3888 1247 3945 Elom
1277 3900 1332 3945 et
1388 3890 1440 3945 in
1483 3889 1743 3956 Salamis,
1802 3902 1856 3946 et
1908 3893 2089 3962 gravis

513 3984 704 4041 effecta
735 3992 818 4038 est
850 3996 1052 4037 manus
1088 3981 1322 4051 Ephrem
1347 3995 1513 4050 super
1536 3995 1653 4037 eos.
1692 4002 1709 4035 ι
1739 3983 2088 4040 Amorrhaeus

504 4079 903 4147 interpretatur
928 4090 1146 4128 amarus
1181 4073 1265 4127 vel
1309 4073 1611 4127 amaritudo
1639 4074 1737 4145 (7).
1775 4074 2090 4131 Habitantes

514 4187 646 4243 ergo
684 4171 740 4225 in
760 4170 946 4233 Elom,
968 4183 1088 4239 quae
1123 4168 1522 4239 interpretatur
1571 4169 1853 4222 arietames
1883 4166 1977 4240 (8),
2005 4170 2088 4224 vel

515 4265 571 4319 in
603 4261 858 4325 Salamis,
882 4260 1025 4330 quod
1056 4260 1448 4328 interpretatur
1476 4258 1691 4327 paciﬁci
1726 4259 1828 4329 (9),
1873 4276 2089 4330 perma-

508 4358 731 4409 vnent‘et
762 4350 1014 4405 habitant
1054 4348 1449 4404 amaritudines
1479 4348 1531 4402 in
1562 4348 1923 4405 arietautibus
1951 4360 2005 4404 et
2037 4351 2087 4406 in

508 4441 785 4515 pacificis.
815 4440 1126 4494 Arietantes
1154 4447 1279 4492 sunt
1305 4438 1339 4491 ii
1363 4438 1454 4507 qui
1480 4438 1532 4492 in
1580 4437 1848 4506 agonibus
1898 4440 2084 4510 positi,

2191 3254 2435 3309 tudinem
2465 3264 2520 3309 et
2558 3254 2921 3310 humilitatem
2964 3255 3160 3309 habeat
3186 3253 3364 3320 Jcsus,
3398 3254 3486 3323 qui
3516 3270 3642 3309 vere
3683 3255 3767 3309 di-

2186 3361 2322 3416 gnus
2353 3356 2473 3400 erat
2519 3345 2664 3400 ferre
2696 3361 2895 3401 nomen
2936 3345 3155 3400 Domini
3191 3344 3320 3401 Jesu
3362 3357 3420 3401 et
3464 3345 3765 3400 Salvatoris

2188 3438 2388 3503 no‘stri,
2444 3437 2705 3491 declarat.
2754 3437 2847 3489 Ait
2897 3439 3043 3490 enim
3070 3437 3155 3487 3“:
3193 3454 3212 3487 ι
3247 3438 3534 3502 Dederunt,
3565 3437 3763 3507 inquit,

2187 3529 2282 3583 filii
2310 3527 2475 3582 Israel
2506 3537 2708 3582 sortem
2737 3525 2865 3580 Jesu
2892 3527 3002 3580 ﬁlio
3027 3526 3174 3580 Nave
3218 3528 3270 3579 in
3307 3528 3615 3595 semetipsis
3651 3530 3763 3597 (l0)

2189 3629 2289 3686 per
2336 3626 2664 3686 pmceptum
2719 3615 2960 3680 Domini,
2997 3624 3053 3669 et
3078 3615 3343 3668 dederunt
3387 3615 3434 3666 ei
3489 3617 3761 3669 civitatem

2189 3723 2349 3778 quam
2372 3708 2564 3777 petivit
2583 3705 2905 3761 Thaunasac
2932 3716 3054 3770 tutae
3066 3706 3217 3765 estin
3236 3712 3419 3759 monte
3436 3697 3690 3770 Ephrem,
3713 3714 3765 3759 et

2190 3799 2474 3856 aediﬁcavit
2499 3800 2569 3853 ibi
2592 3799 2893 3863 civitatem,
2917 3807 2971 3852 et
3000 3798 3266 3851 habitavit
3300 3799 3351 3849 in
3373 3811 3457 3851 ea.
3495 3815 3512 3847 ι
3542 3794 3661 3867 Ipse
3680 3807 3767 3851 est

2190 3892 2282 3961 qui
2306 3887 2454 3946 dedit
2484 3890 2858 3944 hmreditatem
2887 3890 3140 3944 omnibus
3175 3888 3300 3942 ﬁliis
3323 3887 3482 3953 Juda,
3502 3889 3592 3957 qui
3620 3889 3769 3943 dedit

2190 3980 2446 4050 Ephrem,
2464 3990 2516 4034 et
2537 3978 2774 4033 dimidiae
2790 3978 3217 4034 tribuihlanasse
3239 3996 3251 4032 :
3274 3981 3391 4047 ipse
3414 3979 3564 4035 dedit
3586 3990 3639 4034 et
3659 3996 3769 4034 ma-

2189 4070 2386 4142 gniﬁco
2409 4069 2483 4123 illi
2513 4069 2677 4123 Caleb
2700 4068 2810 4124 ﬁlio
2824 4067 3031 4123 Jeﬁ‘one
3054 4068 3429 4123 hzzereditatem
3450 4086 3465 4125 :
3484 4070 3599 4139 ipse
3618 4070 3769 4123 misit

2190 4171 2376 4218 ternos
2398 4176 2495 4231 per
2511 4161 2756 4230 singulas
2770 4160 2962 4224 tribus,
2981 4161 3072 4230 qui
3090 4163 3399 4215 universam
3427 4171 3625 4215 terram
3647 4176 3768 4230 pcr-

2191 4261 2468 4323 agrarent,
2493 4262 2658 4322 atque
2680 4252 3060 4308 describerent
3086 4252 3138 4305 in
3168 4252 3326 4314 libro,
3354 4261 3407 4305 ct
3424 4252 3689 4316 redirent,
3714 4260 3771 4305 et

2190 4344 2582 4399 ostenderent:
2618 4345 2731 4413 ipse
2762 4343 2914 4399 misit
2940 4343 3193 4398 omnibus
3226 4352 3425 4405 sortes,
3442 4352 3496 4395 et
3510 4344 3639 4396 sein
3666 4357 3770 4399 uo-

2196 4434 2440 4489 vissimis
2465 4434 2974 4501 rescrvavit.Quare
3002 4443 3161 4502 putas
3184 4434 3354 4489 voluit
3382 4449 3505 4489 esse
3522 4434 3767 4504 omnium

515 4546 834 4604 expugnare
854 4532 1153 4586 diabolicae
1182 4531 1324 4585 aedes
1347 4538 1764 4600 strueturasque
1796 4541 2087 4606 conantur;
2122 4545 2167 4600 ι)
2198 4525 2566 4581 novissimus?
2599 4526 2723 4582 sine
2739 4526 2903 4580 dubio
2925 4534 2984 4579 ut
3006 4533 3152 4579 esset
3178 4528 3419 4580 omnium
3451 4527 3679 4595 primus.
3706 4523 3771 4579 Et

508 4621 724 4695 paciﬁci
771 4636 905 4677 vero
932 4620 1024 4690 qui
1049 4619 1362 4676 carnalibus
1383 4620 1842 4691 concupiscentiis
1868 4636 2091 4692 supera-

521 4718 591 4767 tis
617 4726 802 4783 pacem
835 4712 1270 4780 animaegerunt.
1297 4710 1355 4765 In
1385 4710 1634 4780 utrisque
1669 4719 1849 4766 tamen
1901 4726 2090 4779 perse-

519 4814 675 4859 verat
701 4812 755 4858 et
778 4803 1060 4857 contendit
1089 4802 1367 4858 contraria
1406 4802 1576 4856 virtus
1615 4802 1919 4856 amaritudo
1965 4816 2089 4872 per-

517 4897 730 4950 sistere.
763 4894 821 4948 ln
876 4908 982 4963 quo
1030 4892 1135 4948 tale
1183 4890 1382 4961 aliquid
1441 4892 1737 4963 intelligere
1781 4907 2088 4962 possumus,

519 4988 647 5056 quia
710 4987 894 5052 dicit,
953 4985 1253 5055 permansit
1310 4983 1562 5041 habitare
1629 4984 1981 5039 Amorrhaeus
2034 4982 2087 5038 in

532 5080 686 5151 ipsis.
742 5076 905 5133 Verbi
960 5078 1129 5149 gratia
1168 5119 1185 5147 ,
1240 5077 1285 5132 si
1334 5076 1554 5132 inimica
1602 5077 1774 5133 virtus
1829 5076 2088 5131 daemonis

580 5207 626 5240 ³³
654 5208 695 5263 ll
725 5207 852 5266 Cor.
891 5224 987 5275 xu,
1027 5209 1082 5264 4.
1158 5207 1242 5262 ³⁵1
1272 5209 1398 5266 Cor.
1432 5224 1511 5273 ut,
1542 5208 1632 5264 54.

615 5368 647 5420 4
706 5367 854 5423 Unus
893 5366 1263 5434 Ebroicensis,
1303 5385 1320 5417 ι
1358 5373 1411 5421 et
1436 5364 1695 5418 rationes.
1732 5383 1750 5415 ι

588 5368 671 5509 ἓῦζ
700 5438 814 5509 Duo
841 5437 1222 5503 Ebroiceuses,
1260 5456 1278 5489 ς
1317 5437 1434 5507 quia
1474 5435 1576 5489 scit
1604 5436 1749 5489 omni

524 5508 952 5566 comprehendit.
981 5526 999 5559 ι

630 5525 644 5559 ι
688 5521 780 5560 ren
820 5521 952 5560 nuit.
981 5526 999 5559 ι

598 5521 682 5648 ῗδῗ
698 5522 877 5631 Codex
904 5577 1336 5648 Sangcrm.cum
1357 5589 1475 5648 uno
1516 5574 1848 5648 Ebroicensi,
1887 5590 1906 5624 ι
1939 5573 2093 5648 deni-

526 5642 632 5714 que
657 5642 715 5700 et
744 5647 797 5700 iu
839 5642 1093 5714 mysterio
1137 5646 1260 5699 tale.
1302 5664 1319 5695 ι
1355 5642 1510 5698 Libb.
1547 5646 1701 5709 editi,
1738 5663 1755 5696 ί
1789 5646 1857 5699 de
1892 5644 2092 5713 quibus

527 5728 582 5768 et
606 5731 657 5767 in
692 5714 991 5769 ministerio
1026 5715 1147 5768 tale.
1186 5734 1202 5765 δ

598 5784 675 5853 (7)
700 5783 1034 5838 Amorrlueus
1087 5786 1458 5852 interpretatur
1500 5800 1714 5839 amarus
1764 5783 1841 5838 vel
1886 5785 2088 5839 amari-

1729 5208 1775 5241 ⁸⁸
1811 5208 1852 5262 ll
1881 5208 2023 5265 Tim.
2053 5224 2117 5276 ll,
2160 5209 2216 5263 2.

700 5438 814 5492 Duo
841 5437 1222 5503 Ebroicenses,
1248 5432 1278 5489 Vt
1317 5437 1434 5507 quia
1474 5435 1576 5489 scit
1604 5436 1784 5489 omnia
1820 5432 2019 5488 Paulus
2041 5443 2095 5489 et

2197 4618 2431 4687 necipse
2448 4618 2552 4674 sibi
2571 4618 2937 4673 hereditatem
2957 4626 3105 4672 sorte
3128 4616 3491 4685 praesumpsit,
3507 4617 3599 4673 sed
3621 4634 3649 4671 a
3675 4632 3771 4687 po-

2195 4711 2325 4781 pulo
2353 4712 2591 4781 accepit,
2615 4718 2673 4765 et
2704 4709 2781 4764 illi
2813 4710 2906 4764 dat
2928 4709 3159 4779 populus
3188 4708 3558 4764 haareditatem
3594 4726 3622 4762 a
3663 4724 3772 4778 quo

2199 4802 2315 4869 ipse
2343 4808 2651 4869 acceperat.
2671 4798 2763 4853 Sic
2786 4800 3211 4869 cnimscriptum
3243 4808 3354 4854 est;
3386 4798 3480 4853 «Et
3507 4800 3772 4855 dederunt

2198 4891 2291 4946 ﬁlii
2318 4889 2481 4946 lsrael
2509 4901 2710 4947 sortem
2737 4888 2864 4945 Jesu
2897 4891 3008 4946 ﬁlio
3031 4890 3230 4946 Nave.»
3254 4891 3365 4947 Sed
3404 4900 3456 4946 et
3487 4891 3601 4946 haec
3636 4892 3772 4961 figu-

2196 4985 2386 5038 raliter
2419 4983 2808 5053 coutingebant
2840 4984 2970 5049 illis,
2995 4999 3116 5053 qua:
3141 4985 3296 5040 nobis
3336 4994 3773 5052 proponerentur

2195 5076 2263 5129 ad
2302 5076 2555 5142 formam,
2590 5086 2649 5130 ut
2683 5084 2739 5131 et
2786 5091 2887 5131 nos
2929 5091 3211 5131 servemus
3260 5085 3593 5146 praeceptum
3638 5076 3769 5131 illud

2315 5210 2360 5240 ³⁸
2392 5207 2506 5264 Jos.
2552 5225 2665 5273 xix,
2698 5208 2786 5264 47.
2886 5208 2927 5241 ⁸⁷
2960 5208 3090 5265 ibid.
3124 5206 3215 5263 f9.
3315 5209 3361 5241 ³⁸
3394 5210 3527 5265 ibid.
3560 5208 3651 5274 49.
3677 5208 3769 5265 50.

2203 5368 2351 5416 tudo.
2385 5361 2426 5415 Α
2456 5372 2588 5423 Tm
2621 5382 2639 5414 ι
2670 5379 2911 5419 amarum
2944 5381 3082 5421 esse.
3131 5385 3149 5419 ι

2271 5419 2706 5515 (8)1:‘10htiqute
2762 5419 3132 5504 interpretatur
3183 5437 3489 5491 arietantes.
3560 5436 3640 5489 Ab
3674 5419 3774 5496 ⁸3⁷8

2203 5520 2224 5554 1
2263 5518 2425 5557 anes.
2462 5523 2480 5555 ο

2271 5571 2346 5643 (9)
2383 5571 2641 5643 Salamis,
2686 5574 2825 5641 quod
2872 5574 3249 5639 interpretatur
3284 5574 3514 5642 paciﬁci.
3552 5575 3591 5627 Α
3643 5558 3774 5633 Ωιτΰ

2203 5660 2222 5695 ι
2260 5642 2546 5710 pacificum
2576 5658 2714 5696 esse.
2749 5661 2767 5692 ι

2269 5712 2380 5781 (10)
2416 5712 2616 5767 Omnes
2651 5714 3003 5783 iiianuscripti
3037 5732 3055 5765 ε
3086 5714 3141 5769 in
3188 5713 3517 5783 semetipsis.
3553 5729 3572 5764 ι
3611 5712 3770 5769 Lihb.

2191 5783 2346 5846 editi,
2386 5799 2404 5834 I
2428 5792 2481 5837 et
2514 5783 2850 5850 semetipsos.
2878 5802 2897 5833 ι
