4146 6392
374 454 469 512 Si“
1304 449 1374 503 lN
1416 444 1673 502 LIBRUM
1709 441 1871 498 JESU
1908 438 2094 495 NAVE
2129 439 2410 497 HOMILIA
2458 441 2549 497 XX
2565 441 2625 496 ι’.

3538 449 3643 505 9ῖὲ

372 577 519 647 quod
556 577 657 630 iste
681 588 842 642 opere
872 571 1137 642 implevit,
1172 572 1316 640 quod
1349 570 1549 624 dicitur
1572 569 1617 600 ³⁹
1646 586 1659 621 :
1693 585 1711 617 ι
1733 565 1950 631 Quanto
1981 564 2028 622 Α
2055 577 2164 632 qua
2202 564 2323 633 quis
2378 565 2552 632 prima
2605 573 2751 618 sorte
2811 565 3002 632 dignus
3046 563 3358 629 haberetur,
3398 577 3450 619 ct
3500 568 3641 623 alius

374 684 605 737 magnus
647 682 725 731 es,
785 676 936 722 tanto
981 665 1152 731 magis
1188 663 1408 719 humilia
1438 672 1511 727 te,
1534 670 1587 715 et
1617 668 1742 715 ante
1769 657 1953 713 Domi-

378 776 507 814 nnm
543 761 783 813 invenies
825 760 1076 828 gratiam.
1106 779 1124 808 ι
1164 756 1227 809 Et
1263 756 1456 809 iterum
1507 738 1649 822 quod
1689 750 1953 819 scriptum

375 860 458 904 est
483 850 568 903 ⁸ος
605 869 623 901 ι
652 848 706 903 Si
740 860 790 904 te
837 850 1025 902 ducem
1076 846 1471 907 ordinaverint,
1530 858 1595 898 ne
1648 840 1949 903 cxtollaris,

377 942 473 996 sed
509 952 628 994 esto
657 942 804 994 inter
833 954 925 994 eos
956 937 1113 1007 quasi
1144 952 1283 991 nitus
1327 951 1393 992 ex
1425 935 1577 1003 ipsis.
1609 953 1627 986 ι
1662 933 1795 988 Vide
1822 945 1953 1001 ergo

374 1033 648 1104 quomodo
680 1034 786 1085 dux
821 1038 941 1084 erat
971 1029 1177 1099 populi,
1212 1030 1328 1097 ipse
1362 1028 1453 1096 qui
1502 1040 1599 1081 eos
1640 1024 1953 1078 introduxe-

377 1138 462 1182 rat
491 1128 543 1181 in
581 1138 782 1180 terram
832 1136 1099 1186 sanctam,
1138 1123 1192 1176 in
1224 1132 1428 1176 terram
1466 1118 1949 1189 repromissionis:

378 1222 495 1288 ipse
517 1230 638 1273 erat
663 1232 953 1271 successor
986 1215 1179 1285 Moysi,
1207 1224 1260 1268 et
1286 1228 1393 1267 non
1422 1213 1536 1282 ipse
1564 1211 1665 1266 sibi
1688 1210 1957 1281 permittit

375 1325 592 1364 sumere
644 1319 844 1363 sortem
912 1317 1096 1369 terrae,
1148 1307 1240 1360 sed
1301 1313 1583 1370 exspectat
1635 1312 1693 1356 ut
1723 1301 1957 1371 accipiat

376 1403 776 1475 portiunculam
805 1416 833 1455 a
873 1400 1087 1469 populo,
1114 1400 1294 1467 populi
1325 1400 1462 1463 dux;
1493 1404 1548 1450 et
1579 1406 1801 1465 accepta
1830 1410 1956 1463 por-

379 1493 619 1548 tiuncnla
674 1506 770 1545 sua
821 1488 1002 1554 Jcsns,
1056 1490 1251 1558 dignus
1302 1488 1405 1541 hoc
1458 1486 1679 1541 nomine
1722 1484 1956 1539 :edilicat

379 1585 556 1641 locum
607 1586 781 1655 ipsum
837 1597 998 1651 quem
1039 1582 1267 1649 accepit,
1300 1591 1354 1634 et
1394 1579 1701 1642 constituit,
1740 1586 1798 1630 ut
1829 1591 1953 1629 eum

378 1694 509 1735 vere
586 1676 750 1733 faciat
810 1678 1032 1748 dignum
1100 1690 1325 1730 munere
1391 1673 1481 1728 Dei
1534 1680 1590 1727 et
1640 1671 1957 1725 haereditate

375 1773 579 1829 divina.

446 1869 499 1922 5.
544 1866 650 1921 Sed
710 1864 964 1935 quoniam
1028 1862 1096 1915 ad
1151 1859 1440 1914 Dominum
1493 1866 1548 1911 et
1610 1856 1951 1912 Salvatorem

376 1970 625 2014 nostrum
671 1972 732 2012 ea
771 1970 891 2027 qua:
938 1956 1004 2009 de
1034 1953 1162 2009 Jesu
1195 1953 1531 2015 Scribuntur,
1568 1947 1774 2004 referre
1816 1962 1952 2002 con-

376 2054 677 2118 suevimus,
709 2051 958 2107 fortassis
997 2049 1160 2102 etiam
1193 2056 1382 2101 noster
1407 2044 1586 2099 omnis
1613 2042 1701 2097 hic
1731 2040 1959 2111 populus

379 2147 474 2200 dat
507 2154 715 2216 partem
747 2143 985 2212 aliquam
1015 2154 1136 2195 meo
1169 2137 1400 2192 Domino
1424 2133 1577 2198 Jesu,
1609 2142 1662 2187 et
1690 2133 1840 2187 velut
1876 2133 1958 2185 lo-

375 2251 499 2293 cum
527 2236 816 2308 quemdam
849 2229 1171 2289 habitationi
1204 2228 1321 2296 ejus
1350 2226 1563 2282 tribuit.
1597 2223 1705 2279 Sed
1757 2239 1825 2279 ne
1873 2224 1956 2277 in-

369 2332 637 2400 juriosum
686 2342 809 2383 esse
854 2327 1100 2381 videatur
1137 2324 1282 2394 quod
1333 2321 1558 2384 dicitur,
1608 2318 1957 2387 requiramus

374 2424 648 2497 quomodo
694 2424 743 2478 ei
799 2422 991 2477 damus
1028 2435 1129 2475 nos
1174 2419 1318 2474 servi
1351 2417 1468 2486 ejus
1495 2414 1851 2470 habitationis
1876 2414 1956 2468 lo-

378 2533 522 2573 cum.
558 2515 667 2585 Ego
693 2514 738 2568 si
773 2526 988 2584 possem
1024 2513 1197 2567 bonus
1216 2510 1362 2573 ﬁeri,
1400 2510 1587 2564 darem
1613 2508 1789 2564 locum
1814 2508 1957 2564 Filio

380 2609 477 2663 Dei
508 2607 560 2661 in
602 2621 709 2671 me,
741 2615 797 2661 et
831 2613 1113 2674 acceptum
1151 2602 1330 2657 locum
1361 2614 1389 2655 a
1424 2614 1510 2657 me
1543 2603 1595 2655 iu
1627 2602 1807 2655 anima
1838 2615 1956 2655 mea

381 2702 639 2756 Dominus
702 2699 864 2755 Jesus
924 2698 1226 2753 tedilicaret
1274 2710 1420 2759 eum,
1471 2703 1527 2750 et
1560 2694 1877 2758 adornaret,
1905 2701 1959 2746 et

380 2794 585 2848 laceret
642 2793 694 2846 in
725 2807 789 2846 eo
842 2800 1028 2846 muros
1063 2787 1535 2857 inexpugnabiles,
1559 2796 1613 2840 et
1640 2795 1822 2840 turres
1851 2799 1953 2839 ex-

378 2886 577 2949 celsas,
610 2894 666 2940 et
690 2883 985 2940 mdilicaret
1016 2881 1067 2934 in
1100 2892 1186 2935 me
1219 2880 1579 2942 mansionem,
1611 2878 1655 2931 si
1690 2891 1954 2943 mererer,

376 2973 592 3042 dignam
631 2990 689 3029 se
712 2981 767 3029 et
794 2974 967 3039 Patre,
997 2983 1053 3029 et
1077 2974 1147 3028 ita
1174 2975 1461 3031 adornaret
1487 2976 1722 3031 animam
1753 2989 1956 3042 meam,

376 3078 431 3124 et
470 3084 721 3139 capacem
760 3084 878 3124 eam
919 3084 1029 3123 sua:
1069 3067 1347 3138 sapientia:
1384 3079 1439 3122 et
1476 3068 1745 3131 scientia},
1789 3068 1957 3123 totius

375 3160 677 3215 sanctitatis
723 3159 997 3225 elliceret,
1038 3159 1092 3213 in
1149 3168 1356 3213 tantum
1409 3169 1468 3214 ut
1514 3168 1569 3213 ct
1606 3159 1768 3214 etiam
1808 3158 1957 3214 face-

2059 657 2323 721 sccunda,
2358 658 2423 710 de
2451 669 2582 726 qua,
2615 669 2775 726 prout
2798 659 3094 726 potuimus,
3122 656 3235 724 jam
3266 668 3394 712 ante
3429 669 3634 714 tracta-

2058 749 2235 803 vimus
2270 766 2283 801 :
2315 749 2411 803 sed
2451 759 2507 803 et
2547 751 2615 804 de
2657 750 2723 803 iis
2758 750 2848 818 qui
2895 764 2991 818 pcr
3023 750 3240 820 Moysen
3272 750 3408 803 ultra
3440 750 3637 808 Jorda-

2059 855 2181 894 nem
2218 849 2273 895 ct
2305 841 2374 895 ab
2402 838 2531 896 Jcsu
2568 842 2620 895 in
2678 852 2820 895 terra
2853 840 3129 910 accipiunt
3174 843 3638 911 repromissionis,

2059 933 2150 988 ubi
2185 934 2360 1003 prima
2387 949 2507 989 sors
2534 934 2737 993 cecidit
2768 934 2831 988 ad
2863 933 3169 1006 Benjamin.
3200 944 3256 990 et
3292 938 3638 1003 postmodum

2059 1025 2126 1079 ad
2150 1035 2377 1080 caeteros
2428 1026 2480 1080 in
2518 1026 2719 1095 quibus
2744 1026 2848 1080 l'nit
2876 1026 3098 1081 ultimus
3130 1028 3241 1081 Dan
3272 1044 3288 1083 :
3315 1027 3389 1083 ita
3417 1042 3642 1084 necesse

2058 1128 2141 1174 est
2167 1134 2288 1174 esse
2312 1129 2369 1174 et
2398 1120 2637 1189 aliquam
2668 1119 2935 1175 rationem
2964 1120 3127 1174 etiam
3156 1120 3210 1174 in
3240 1121 3433 1176 ordine
3460 1137 3645 1179 sacer-

2057 1211 2257 1266 dotalis
2284 1221 2338 1266 et
2375 1212 2636 1267 Levitica:
2659 1213 2853 1275 sortis,
2879 1221 2938 1266 ut
2968 1211 3061 1266 alii
3092 1213 3289 1283 prima,
3327 1213 3417 1268 alii
3442 1230 3642 1271 secun-

2060 1304 2152 1367 da,
2184 1304 2276 1358 alii
2326 1304 2483 1359 tertia
2534 1320 2655 1361 sors
2711 1305 2964 1367 ducatur,
2994 1319 3091 1373 per
3125 1319 3264 1376 quas
3292 1306 3404 1371 illa,
3434 1308 3517 1362 vel
3552 1308 3642 1362 illa

2060 1395 2175 1450 loca
2222 1397 2521 1467 unicuique
2564 1399 2953 1453 decernantur.
2993 1396 3266 1455 Dicuntur
3310 1411 3493 1456 autem
3545 1401 3641 1455 lilii

2058 1502 2180 1543 esse
2214 1487 2367 1551 Levi,
2402 1489 2614 1545 Gerson
2647 1502 2701 1545 et
2735 1491 2907 1547 Chaat
2937 1503 2993 1549 et
3022 1492 3255 1548 Merari:
3283 1502 3340 1549 et
3387 1496 3635 1550 ostendi-

2062 1591 2149 1635 tur
2198 1582 2404 1651 primas
2439 1595 2622 1652 partes
2662 1584 2903 1640 tenuisse
2939 1585 2993 1640 in
3032 1586 3240 1640 honore
3283 1585 3480 1654 Chaat,
3510 1588 3641 1655 quia

2060 1674 2154 1729 lilii
2204 1676 2378 1729 Chaat
2414 1675 2634 1730 luerunt
2656 1676 2881 1743 Amran,
2923 1676 3155 1749 Moyses,
3206 1678 3387 1734 Aaron
3436 1689 3493 1734 et
3523 1679 3640 1733 Ma-

2062 1770 2161 1823 ria.
2201 1769 2367 1838 igitur
2400 1769 2465 1824 de
2497 1768 2671 1825 Chaat
2714 1786 2844 1841 pars
2873 1771 3094 1840 quidem
3142 1771 3316 1841 plebis
3336 1768 3527 1827 effecta
3556 1781 3645 1827 est

2060 1864 2442 1927 sacerdotalis,
2496 1878 2616 1932 qua:
2664 1875 2748 1918 est
2784 1865 2967 1919 Aaron
3020 1874 3075 1919 et
3122 1864 3214 1918 lilii
3253 1863 3393 1933 ejus.
3430 1863 3647 1935 Moyses

2063 1965 2247 2010 autem
2298 1966 2393 2010 aut
2436 1957 2491 2010 in
2543 1956 2871 2012 sacerdmali
2920 1958 3134 2021 ordine,
3162 1968 3260 2011 aut
3285 1957 3330 2012 si
3357 1957 3448 2027 qui
3476 1959 3645 2012 etiam

2063 2048 2180 2115 plus
2213 2063 2239 2101 a
2274 2047 2605 2104 sacerdotali
2657 2064 2779 2103 esse
2818 2061 3018 2118 potest,
3052 2049 3337 2105 habendus
3378 2059 3483 2106 est.
3523 2051 3643 2104 Alia

2064 2154 2191 2195 vero
2219 2151 2299 2196 est
2333 2142 2477 2196 ratio
2507 2142 2573 2196 de
2618 2140 2744 2195 liliis
2786 2142 2922 2210 ejus.
2953 2143 3148 2199 Cmteri
3186 2152 3367 2197 autem
3411 2157 3477 2197 ex
3520 2142 3647 2197 liliis

2060 2232 2235 2288 Chaat
2265 2235 2559 2288 secundum
2604 2235 2855 2289 ordinem
2891 2242 3184 2290 tenuerunt
3218 2236 3272 2289 in
3313 2234 3455 2291 tribu
3491 2234 3643 2300 Levi,

2059 2327 2151 2395 qui
2184 2336 2310 2379 sunt
2334 2342 2401 2380 ex
2428 2328 2577 2382 lsaar
2610 2338 2665 2382 et
2682 2327 2936 2383 Chebron
2966 2337 3020 2383 et
3053 2328 3228 2383 (ldiel.
3258 2325 3425 2384 Tunc
3442 2328 3647 2382 deinde

2064 2430 2182 2489 post
2208 2421 2305 2476 hos
2328 2422 2605 2491 accipiunt
2633 2433 2845 2493 partem
2879 2432 3002 2491 post
3037 2422 3234 2487 Chaat,
3261 2438 3326 2477 ex
3360 2423 3486 2477 liliis
3512 2420 3645 2477 Levi

2060 2512 2269 2568 Gerson
2321 2515 2483 2568 tertio
2522 2515 2657 2577 loco,
2699 2514 3032 2569 novissimus
3084 2529 3216 2569 vero
3248 2515 3493 2570 omnium
3535 2514 3646 2568 Me-

2064 2608 2194 2661 rari.
2239 2606 2363 2662 Haec
2412 2617 2499 2662 est
2540 2617 2719 2663 autem
2750 2606 3060 2661 diti‘erentia
3102 2608 3261 2678 primi
3306 2609 3541 2674 ordinis,
3588 2618 3644 2663 ct

2067 2698 2288 2754 secundi
2334 2710 2391 2754 et
2425 2699 2569 2754 tertii
2604 2700 2686 2753 vel
2725 2697 2911 2769 quarti
2957 2714 3120 2768 quam
3177 2701 3357 2770 primo
3392 2702 3640 2755 omnium

2063 2791 2479 2847 observavimus
2504 2793 2557 2846 in
2592 2791 2866 2849 Numeris.
2895 2794 3085 2848 Postea
3125 2794 3270 2847 enim
3298 2806 3460 2863 quam
3495 2795 3647 2849 ordio

2064 2891 2205 2939 natae
2256 2884 2478 2940 fuerant
2520 2888 2806 2942 duodecim
2859 2887 3033 2942 tribus
3086 2902 3181 2956 per
3218 2897 3451 2956 quatuor
3490 2888 3644 2944 orbis

2066 2983 2227 3029 terra:
2256 2984 2445 3045 partes
2472 2976 2619 3031 circa
2654 2993 2840 3032 arcam
2877 2978 3187 3033 testamenti
3233 2978 3444 3032 Domini
3482 2994 3647 3033 excu-

2062 3065 2177 3120 bias
2216 3081 2402 3134 agere,
2436 3078 2493 3122 et
2523 3076 2739 3123 statutae
2763 3079 2893 3125 sunt
2938 3078 3050 3126 tres
3093 3071 3311 3140 quidem
3355 3073 3529 3127 tribus
3580 3077 3647 3127 ah

2063 3158 2297 3223 oriente,
2336 3167 2449 3215 tres
2474 3169 2652 3217 autem
2682 3162 2749 3217 ab
2770 3161 2960 3217 Africo
2982 3163 3065 3218 vel
3101 3178 3129 3217 a
3164 3164 3494 3226 meridiano,
3534 3175 3646 3219 tres

376 3263 458 3305 ret
499 3253 667 3304 Deum
706 3251 918 3306 Patrem
960 3266 1144 3305 secum
1195 3251 1431 3316 intrare,
1473 3258 1528 3304 et
1580 3250 1633 3303 in
1674 3264 1737 3305 ea
1776 3250 1957 3307 facere
1986 3281 2032 3344 α
2066 3258 2248 3304 autem
2284 3253 2352 3306 ad
2390 3268 2542 3308 mare
2570 3255 2713 3320 quod
2747 3264 2830 3309 est
2871 3258 2938 3310 ad
2974 3256 3337 3321 occidentem,
3374 3268 3485 3312 tres
3514 3273 3649 3314 vero

378 3344 742 3409 mansionem,
771 3352 826 3398 et
855 3354 1077 3397 camare
1126 3339 1294 3394 etiam
1336 3336 1475 3406 apud
1515 3334 1677 3390 talem
1719 3336 1955 3390 animam

377 3440 530 3496 cibos
561 3454 697 3505 quos
735 3440 854 3508 ipse
896 3437 1144 3492 donaret.
1174 3429 1326 3499 Quod
1357 3439 1415 3484 ut
1444 3429 1706 3500 consequi
1742 3443 1956 3484 merca-

376 3546 521 3596 mur,
556 3542 925 3599 praeparemus
958 3525 1011 3580 in
1047 3523 1202 3579 nobis
1232 3536 1326 3577 cor
1354 3521 1616 3575 mundum
1641 3536 1748 3589 quo
1784 3520 1958 3575 liben-

378 3634 460 3678 ter
512 3635 567 3677 et
615 3633 770 3693 grate
823 3620 1085 3675 Dominus
1134 3616 1295 3671 Jcsus
1327 3612 1441 3683 (ιι)
1479 3612 1740 3667 mundum
1776 3615 1956 3668 cordis

376 3718 547 3772 nostri
625 3713 852 3768 introire
880 3712 1134 3782 dignetur
1159 3708 1455 3778 hospitium
1483 3719 1498 3759 :
1530 3705 1623 3761 cui
1656 3714 1742 3761 cst
1779 3706 1954 3777 gloria

374 3826 430 3871 et
466 3813 826 3886 imperiumin
851 3810 1052 3866 saecula
1074 3808 1423 3863 saeculorum.
1456 3805 1649 3859 Amen.

926 3919 1207 3977 HOMILIA
1246 3918 1415 3972 XXV.

377 4025 453 4081 De
493 4021 792 4078 civitatibus
820 4033 938 4087 qua:
968 4019 1108 4068 data:
1143 4025 1263 4067 sunt
1302 4011 1520 4076 Levitis,
1542 4022 1590 4067 et
1612 4012 1843 4067 sortibus
1866 4028 1954 4065 eo-

1104 4102 1164 4138 τρι
1174 4102 1245 4137 m.

447 4187 509 4245 1.,
541 4184 746 4240 Omnes
781 4179 876 4233 lilii
924 4177 1087 4233 Israel
1139 4183 1475 4244 acceperunt
1524 4183 1703 4229 sortes
1743 4187 1873 4227 suas
1900 4188 1953 4225 ιη

372 4287 542 4338 terra,
590 4272 796 4327 Levitis
853 4278 1033 4324 autem
1082 4268 1134 4320 in
1198 4265 1518 4319 haereditate
1563 4265 1713 4321 solus
1757 4264 1957 4320 suilicit

376 4370 535 4423 Dens.
568 4365 764 4420 Verum
790 4362 1048 4431 quoniam
1084 4358 1361 4426 accipiunt
1384 4357 1590 4412 Levita:
1619 4358 1861 4412 decimas
1893 4373 1957 4412 ac

373 4459 643 4533 primitias
674 4460 740 4512 de
776 4453 1047 4509 fructibus
1071 4465 1102 4505 a
1137 4450 1261 4504 liliis
1288 4451 1453 4505 Israel
1496 4464 1589 4519 per
1624 4462 1952 4519 prmceptum

372 4553 610 4617 Domini,
639 4549 923 4620 oportebat
947 4561 1043 4602 eos
1070 4546 1235 4599 etiam
1263 4544 1330 4597 de
1354 4553 1522 4607 terra,
1555 4552 1613 4597 ut
1645 4544 1718 4598 ita
1751 4544 1949 4606 dicam,

2067 3342 2134 3397 ad
2161 3342 2498 3411 aquilonem,
2530 3346 2623 3414 qui
2654 3355 2739 3402 est
2763 3349 3088 3417 septentrio,
3112 3348 3185 3402 ibi
3217 3351 3384 3403 etiam
3422 3351 3509 3404 isti
3552 3364 3649 3421 per

2062 3442 2295 3505 quatuor
2309 3437 2461 3492 orbis
2494 3447 2656 3494 terrae
2685 3450 2869 3510 partes
2916 3443 3107 3497 eodem
3147 3442 3341 3496 ordine
3373 3445 3643 3512 deputan-

2065 3536 2171 3583 tur.
2225 3528 2291 3582 Et
2326 3532 2393 3584 ab
2424 3530 2637 3585 oriente
2672 3532 2890 3601 quidem
2953 3534 3042 3589 ubi
3095 3544 3215 3588 erat
3270 3535 3444 3589 tribus
3478 3534 3643 3601 Jnda,

2061 3634 2183 3689 qua:
2222 3629 2342 3675 erat
2390 3622 2535 3675 inter
2575 3634 2804 3677 caeteras
2846 3626 3040 3693 prima,
3081 3625 3265 3681 Aaron
3322 3638 3485 3697 atque
3523 3628 3641 3696 ejus

2067 3713 2164 3766 lilii
2191 3712 2531 3767 collocantur
2556 3753 2570 3765 .
2598 3714 2775 3769 Chaat
2800 3729 2929 3769 vero
2954 3715 3081 3771 liliis
3107 3719 3197 3786 qui
3229 3729 3386 3772 erant
3423 3720 3641 3789 reliqui,

2064 3819 2248 3859 arcam
2306 3807 2613 3860 testamenti
2670 3804 2884 3861 Domini
2922 3807 3105 3864 levare
3165 3811 3216 3864 in
3272 3812 3535 3875 humeris,
3589 3823 3646 3863 ct

2065 3897 2207 3951 tubis
2230 3911 2434 3951 cauere
2472 3898 2758 3963 statuitur,
2805 3899 2877 3952 ita
2907 3910 2965 3952 ut
3015 3915 3138 3954 cum
3171 3902 3343 3970 prima
3393 3903 3519 3957 tuba
3554 3918 3642 3958 ce-

2065 3989 2308 4051 cinisset,
2342 3998 2621 4044 moverent
2663 4001 2842 4044 castra
2875 3991 2908 4045 ii
2941 3991 3035 4060 qui
3064 4001 3221 4047 erant
3266 3994 3337 4047 ab
3387 3996 3639 4057 oriente;

2065 4096 2189 4134 cum
2242 4096 2372 4134 vero
2418 4083 2658 4136 secunda
2691 4083 3004 4147 cecinisset,
3034 4084 3070 4138 ii
3104 4085 3195 4155 qui
3227 4094 3385 4139 erant
3420 4101 3446 4139 a
3482 4087 3646 4140 meri-

2063 4173 2224 4227 diano
2246 4184 2675 4245 consurgerent;
2717 4176 2876 4230 tertia
2908 4178 2975 4231 ab
3011 4178 3321 4243 occidente,
3349 4192 3541 4248 quarta
3573 4180 3643 4233 ab

2061 4266 2334 4335 aquilone.
2382 4267 2547 4323 Vides
2593 4278 2831 4337 quantus
2864 4272 3022 4336 ordo,
3056 4281 3105 4327 et
3158 4282 3358 4341 quanta
3405 4274 3455 4326 iu
3492 4270 3644 4327 Scri-

2061 4360 2240 4427 pturis
2263 4362 2473 4415 sanctis
2509 4377 2687 4416 rerum
2712 4367 3098 4433 consequentia
3132 4366 3443 4420 custoditur
3469 4382 3642 4436 :quo-

2062 4453 2223 4506 modo
2258 4454 2389 4507 nihil
2421 4455 2522 4509 nisi
2551 4457 2712 4510 modo
2751 4467 2806 4511 et
2840 4458 3054 4512 ratione
3082 4471 3137 4513 et
3168 4458 3360 4513 ordine
3404 4462 3636 4530 geritur.

2060 4544 2277 4597 Intuere
2313 4544 2654 4613 diligentius,
2692 4557 2748 4601 et
2784 4547 2834 4601 in
2873 4549 3021 4602 omni
3071 4548 3353 4618 Scriptura
3405 4552 3519 4605 haec
3567 4552 3638 4603 ita

372 4647 516 4701 etde
548 4641 876 4699 habitaculis
908 4640 1150 4694 decimas
1176 4638 1446 4705 accipere,
1476 4635 1579 4691 hoc
1605 4646 1686 4689 eSI
1710 4635 1854 4689 enim
1881 4634 1949 4689 ab
1986 4622 2028 4678 ο
2063 4637 2310 4691 invenies
2352 4638 2633 4693 ordinata.
2669 4636 2774 4694 Sed
2813 4641 2857 4694 si
2896 4641 2994 4695 tibi
3027 4640 3243 4697 difﬁcile
3272 4654 3356 4697 est
3391 4660 3487 4713 per
3520 4661 3642 4698 om-

375 4735 625 4791 omnibus
649 4733 893 4787 decimas
923 4727 1225 4797 accepisse.
1252 4726 1319 4779 Et
1349 4726 1470 4779 ideo
1500 4726 1820 4780 accedentes
1843 4726 1951 4795 pri-

375 4828 530 4884 marii
583 4827 685 4881 viri
738 4825 830 4895 qui
877 4832 1056 4880 erant‘
1086 4824 1140 4878 in
1191 4822 1317 4877 ﬁliis
1349 4820 1501 4884 Levi,
1528 4821 1594 4874 ad
1627 4819 1950 4875 Eleazarum

371 4919 736 4984 sacerdotem,
763 4924 819 4972 et
843 4916 909 4972 ad
937 4916 1121 4970 Iesum
1152 4916 1325 4969 lilium
1359 4914 1526 4976 Nave,
1557 4922 1612 4967 et
1649 4914 1713 4966 ad
1743 4914 1949 4982 princi-

370 5025 467 5078 pes
499 5010 735 5065 tribuum
765 5008 1001 5064 ﬁliorum
1033 5006 1229 5071 Israel,
1263 5008 1315 5059 in
1346 5006 1509 5061 Selon
1544 5006 1598 5059 in
1631 5014 1774 5060 terra
1807 5005 1953 5058 (iba-

371 5117 535 5167 naan,
584 5101 939 5156 dixerunt“:
986 5117 1005 5150 ι
1042 5099 1301 5153 Dominus
1350 5099 1610 5168 prtccepit
1669 5100 1720 5152 in
1785 5114 1947 5152 manu

369 5190 538 5263 Moysi
603 5193 719 5247 dari
784 5192 943 5247 nobis
983 5191 1237 5245 civitates
1288 5190 1354 5243 ad
1432 5190 1832 5253 habitandum,
1894 5200 1949 5243 et

368 5286 680 5340 suburbana
735 5298 924 5339 earum
976 5284 1305 5337 animalibus
1348 5283 1612 5338 nostris.»
1652 5280 1956 5352 Oportebat

370 5378 536 5432 etiam
573 5377 641 5431 de
687 5376 1017 5432 suburbanis
1042 5386 1099 5431 et
1125 5377 1194 5431 de
1226 5376 1539 5431 civitatibus
1570 5386 1776 5431 sortem
1808 5376 1947 5441 ﬁeri,

370 5490 437 5529 ne
468 5470 635 5544 ἀει
660 5470 802 5525 lorte
831 5470 1129 5525 indiscrete
1180 5480 1236 5525 et
1286 5470 1513 5523 fortuitu
1556 5470 1698 5524 inter
1732 5468 1951 5524 Levitas

370 5565 647 5620 celebrata
697 5563 891 5619 divisio
946 5562 1249 5617 videretur.
1286 5561 1441 5615 Sicut
1472 5575 1603 5631 ergo
1632 5562 1949 5616 distributio

371 5660 537 5716 sortis
566 5674 686 5727 quas
717 5657 860 5713 facta
894 5666 981 5711 est
1012 5656 1064 5710 in
1093 5655 1218 5710 ﬁliis
1247 5653 1436 5720 Israel,
1460 5655 1652 5710 habuit
1676 5656 1944 5710 rationem

477 5765 521 5798 "
549 5772 713 5829 Eccli.
744 5788 826 5840 nl,
860 5771 953 5828 20.
1047 5772 1093 5804 “
1116 5772 1283 5829 Eccli.
1316 5788 1488 5841 χχιιι,
1515 5774 1566 5828 Ι.

2061 4742 2156 4782 nes
2184 4728 2354 4784 libros
2391 4730 2708 4798 vigilantem
2741 4731 2927 4788 cordis
2949 4734 3168 4788 oculum
3200 4735 3422 4800 ducere,
3461 4737 3512 4790 in
3542 4738 3644 4791 hoc.

2059 4821 2252 4878 saltem
2290 4826 2414 4878 loco
2438 4824 2757 4891 diligentius
2793 4840 2913 4894 qua:
2941 4824 3259 4880 referuntur
3286 4831 3528 4887 adverte.

2129 4915 2184 4968 2.
2231 4935 2249 4968 ι
2276 4914 2481 4979 Prima,
2524 4916 2787 4985 inquit",
2818 4931 2938 4971 sors
2982 4916 3120 4971 exiit
3162 4918 3358 4983 Chaat,
3394 4930 3448 4973 et
3496 4921 3638 4977 facta

2056 5016 2134 5060 est
2181 5006 2306 5061 liliis
2356 5006 2538 5061 Aaron
2604 5006 2907 5061 sacerdotis
2958 5007 3049 5076 qui
3099 5018 3217 5063 erat
3261 5010 3313 5063 in
3358 5008 3580 5067 Levitis.
3612 5028 3634 5065 ι

2059 5098 2227 5166 Cujus
2253 5100 2482 5169 primam
2524 5108 2726 5154 sortem
2755 5098 2910 5153 exire
2942 5100 3208 5155 decebat?
3231 5101 3315 5155 cui
3348 5106 3642 5173 oportebat

2060 5193 2328 5261 primatus
2363 5190 2502 5257 dari,
2535 5190 2639 5245 nisi
2691 5192 2871 5245 Aaron
2921 5194 3097 5262 primo
3143 5194 3415 5262 pontiﬁci,
3457 5197 3637 5265 primo

2053 5285 2109 5338 in
2144 5282 2268 5337 vitae
2293 5281 2529 5347 meritis,
2566 5283 2742 5350 primo
2764 5281 2816 5335 in
2842 5281 3142 5338 honoribus
3166 5294 3221 5338 et
3245 5286 3481 5339 virtute?
3502 5285 3639 5339 Cer-

2054 5385 2166 5429 tum
2190 5384 2275 5428 est
2295 5373 2439 5442 apud
2468 5380 2522 5428 te
2558 5387 2699 5426 nunc
2730 5374 2926 5427 saltem
2959 5374 3101 5442 quod
3135 5388 3240 5426 non
3287 5375 3357 5428 sit
3380 5388 3500 5426 sors
3528 5374 3633 5427 ista

2052 5465 2296 5528 fortuita,
2343 5466 2437 5521 sed
2478 5465 2618 5520 adsit
2659 5466 2835 5519 virtus
2880 5481 3135 5535 superna,
3165 5466 3474 5534 gubernans
3511 5479 3632 5518 eam

2049 5561 2350 5616 secundum
2385 5559 2584 5613 divina:
2632 5556 3003 5625 providentiae
3028 5557 3312 5624 judicium.
3360 5555 3457 5610 Ubi
3500 5571 3635 5627 ergo

2051 5656 2177 5708 liliis
2212 5654 2398 5708 Aaron
2427 5653 2602 5722 prima
2635 5649 2943 5708 habitacula
2968 5663 3089 5704 sors
3124 5648 3236 5704 haec
3261 5648 3409 5720 justa
3441 5651 3634 5707 decoro

1642 5772 1688 5804 “
1720 5771 1836 5832 Jos.
1867 5790 1979 5841 χιιι,
2004 5774 2058 5830 2.
2137 5775 2181 5806 ⁵¹
2210 5771 2341 5827 ibid.
2368 5771 2416 5828 4.

441 5905 549 5983 (ιι)
584 5912 836 5970 Dominus
857 5913 1036 5973 Iesus.
1068 5914 1233 5971 Deest
1263 5916 1315 5971 in
1352 5916 1484 5972 libb.
1517 5918 1693 5984 editis,
1721 5918 1814 5974 sed
1853 5918 2049 5991 legitur
2079 5919 2131 5973 in
2167 5917 2457 5988 Sangerm.
2493 5929 2597 5970 ms.
