4146 6440
511 474 616 528 913

1976 472 2297 531 OIiIGENIS

3663 473 3771 531 9M

513 586 625 639 nit?
663 606 680 637 ι
706 586 759 639 lu
808 586 969 647 tribu,
1023 586 1195 653 inquit
1223 588 1288 650 ⁵³,
1316 586 1489 651 Iudae,
1541 588 1590 642 in
1632 589 1773 642 tribu
1828 588 2080 649 Simeon,
2114 594 2156 646 Α
2186 588 2460 649 cerdotes,
2498 587 2592 639 sed
2626 585 2766 641 inter
2805 596 3032 642 caeteros
3062 588 3292 658 primam
3339 595 3518 643 tamen
3555 591 3766 658 accepit

510 687 565 729 et
614 677 664 729 in
712 678 851 727 tribu
891 674 1197 743 Bcnjamin,
1247 694 1344 747 per
1389 690 1563 733 Sortes
1603 680 1857 735 civitates
1913 680 2085 735 trede-

511 770 639 823 cim.
666 786 681 817 ι
720 766 883 824 Vides
910 770 1181 839 quomodo
1210 770 1403 824 electis
1442 772 1572 825 viris
1606 772 1660 826 in
1701 772 1890 827 electis
1915 774 2087 825 tribu-

512 858 612 911 bus
644 857 953 913 habitacula
984 859 1388 927 dispensantur.
1438 860 1586 927 Quos
1618 872 1801 917 autem
1844 860 2087 930 oportuit

508 949 798 1002 secundam
860 960 1069 1005 sortem
1139 952 1452 1021 suscipere?
1513 952 1747 1018 «Filios,
1822 953 2082 1021 inquit“,

506 1039 703 1104 Chaat,
731 1041 822 1108 qui
856 1042 1046 1111 reliqui
1073 1051 1232 1096 erant
1268 1052 1387 1111 post
1413 1043 1551 1097 ﬁlios
1572 1044 1776 1097 Aaron.
1804 1063 1823 1096 ι
1853 1043 1917 1097 Εῑ
1948 1058 2084 1111 quas

511 1126 684 1180 tribus
710 1129 795 1183 isti
820 1131 1129 1199 accipiunt?
1157 1130 1241 1184 rln
1272 1132 1439 1197 tribu,
1463 1132 1656 1203 inquit,
1677 1133 1937 1203 Ephrem,
1956 1142 2009 1187 et
2028 1132 2080 1187 in

510 1220 653 1273 tribu
689 1220 827 1284 Dan,
862 1230 917 1275 et
967 1223 1019 1276 in
1055 1223 1279 1277 dimidia
1324 1226 1465 1279 tribu
1510 1225 1782 1291 Manasse,
1827 1226 2078 1281 civitates

508 1310 692 1364 decem
729 1326 825 1380 per
856 1322 1084 1368 sortem.
1109 1333 1129 1365 υ
1176 1315 1277 1381 Qui
1310 1325 1437 1371 sunt
1469 1328 1651 1371 autem
1688 1317 1877 1371 tertii?
1908 1335 1926 1367 ι
1955 1316 2079 1371 Filii

507 1400 782 1456 Gerson.»
837 1402 906 1457 Et
969 1404 1021 1456 in
1071 1405 1269 1473 quibus
1326 1406 1579 1461 tribubus
1634 1408 1981 1462 sortiuntur?
2026 1411 2077 1463 in

514 1491 821 1555 (Issaehar,
857 1494 1117 1563 inquit“,
1150 1505 1203 1550 et
1229 1496 1368 1551 Aser
1409 1506 1463 1552 et
1499 1497 1871 1568 Nephthalim,
1923 1512 1979 1555 et
2027 1501 2079 1554 in

509 1585 729 1639 dimidia
769 1586 910 1639 tribu
966 1585 1236 1652 Manasse,
1288 1603 1409 1657 quae
1449 1598 1534 1643 est
1570 1590 1621 1643 in
1656 1590 1854 1655 Basan,
1890 1591 2078 1646 itidem

509 1678 760 1730 civitates
793 1678 1075 1731 duodecim
1102 1678 1236 1749 (l2).
1264 1697 1281 1730 ι
1313 1680 1416 1745 Qui
1446 1691 1573 1735 sunt
1598 1691 1777 1736 autem
1810 1681 1983 1737 ultimi
2025 1683 2077 1737 in

504 1764 749 1819 Levitis?
789 1786 805 1817 t
830 1766 973 1829 Filii,
1016 1769 1212 1837 inquit,
1264 1768 1480 1823 Illerari.
1511 1790 1529 1822 ι
1568 1770 1657 1825 Isti
1704 1773 1986 1827 novissimi
2026 1775 2078 1828 in

504 1858 699 1924 quibus
754 1857 1025 1927 accipiant
1068 1861 1347 1925 tribubus,
1391 1865 1689 1917 videamus.
1740 1883 1757 1915 ι
1788 1864 1863 1918 Ex
1908 1865 2075 1931 tribu,

508 1942 768 2011 inquit“,
807 1943 995 1999 Ruben
1037 1956 1189 2002 trans
1238 1949 1527 2005 Jordanent
1568 1960 1621 2006 et
1653 1951 1789 2017 Gad,
1827 1954 1917 2023 qui
1963 1964 2080 2010 erat
2109 1935 2152 1991 Β

505 2048 627 2099 cum
674 2036 792 2103 ipso
820 2046 971 2091 trans
996 2036 1308 2104 Jurdauem,
1340 2051 1392 2096 ct
1419 2044 1484 2099 de
1520 2044 1660 2097 tribu
1691 2043 1955 2109 Zabulon,
1990 2047 2081 2115 qui

504 2134 560 2178 et
614 2126 728 2195 ipse
771 2126 990 2180 ultimus
1024 2138 1105 2182 est
1156 2131 1294 2184 inter
1334 2133 1475 2188 ﬁlios
1531 2133 1659 2199 Lite,
1703 2134 1977 2203 accipiunt
2029 2136 2083 2189 in

505 2226 653 2270 sorte
683 2216 933 2273 civitates
954 2220 1257 2276 duodecim.
1276 2247 1291 2277 ι

576 2306 629 2359 5.
675 2307 779 2362 Sed
814 2312 1050 2364 noudtnn
1073 2326 1135 2365 ea
1162 2328 1279 2381 qua;
1308 2315 1481 2381 magis
1503 2316 1838 2373 observanda
1864 2328 1993 2374 sunt
2037 2318 2075 2369 it

505 2397 640 2453 Iocis
673 2400 998 2471 contigimus
1025 2403 1136 2474 (15)
1166 2420 1179 2454 :
1210 2405 1276 2459 de
1307 2408 1507 2476 quibus
1537 2410 1700 2465 etiam
1747 2411 1791 2465 si
1842 2413 2083 2481 pandere

504 2491 855 2560 prolundiora
890 2509 994 2547 non
1026 2510 1335 2564 possmnus,
1362 2499 1555 2554 saltem
1599 2515 1812 2556 summa
1850 2518 2082 2572 quaeque

506 2584 877 2653 perstringere
929 2601 1035 2641 non
1088 2590 1289 2658 pigebit
1321 2590 1456 2661 (14),
1496 2602 1554 2645 ιιι
1598 2608 1665 2647 ex
1694 2594 1762 2649 iis
1794 2597 2082 2665 unusquis-

506 2688 611 2741 que
643 2678 949 2731 auditorum
978 2682 1322 2735 occasionem
1373 2683 1556 2751 capiat
1588 2684 1959 2754 intelligentia:
2002 2687 2080 2743 al-

508 2767 661 2823 tioris
684 2777 737 2824 et
760 2772 1001 2840 mysticae
1030 2775 1427 2842 perquirenda'.
1468 2775 1603 2831 Cum
1639 2788 1872 2845 quatuor
1897 2789 2080 2849 partes

505 2859 614 2915 sint
646 2863 793 2918 orbis
833 2874 1014 2928 terrai,
1046 2865 1219 2921 Chaat
1244 2870 1457 2935 accepit
1487 2880 1690 2925 sortem
1744 2871 1952 2940 primus
1992 2872 2080 2926 in-

507 2962 591 3007 ter
642 2953 780 3009 ﬁlios
826 2953 1015 3010 Levia
1048 2971 1201 3027 parte
1247 2959 1477 3015 orientis
1525 2976 1646 3015 cum
1690 2962 1798 3018 illis
1834 2963 2080 3020 tribubus

502 3057 623 3111 quae
657 3052 713 3098 et
752 3044 880 3112 ipsae
926 3046 1220 3116 primatum
1257 3050 1502 3104 onmium
1543 3060 1749 3109 tenent.
1777 3054 1906 3109 Vide
1948 3070 2079 3126 ergo

505 3135 774 3199 quomodo
821 3135 1072 3191 universa
1125 3139 1473 3196 cenveuiunt.
1528 3140 1583 3195 In
1644 3153 1879 3212 quatuor
1930 3148 2080 3203 orbis

502 3226 752 3295 partibus
785 3237 991 3282 certum
1024 3237 1107 3283 est
1147 3230 1469 3286 orientalem
1505 3234 1713 3303 plagam
1756 3238 2076 3294 nobiliorem

504 3318 697 3383 videri,
725 3319 775 3372 in
810 3333 915 3387 qua
939 3329 992 3373 et
1028 3320 1261 3374 nobilior
1288 3324 1528 3378 omnium
1563 3328 1897 3397 reliquarum
1926 3329 2078 3387 Juda:

503 3410 678 3464 tribus
710 3411 1012 3465 habebatur
1044 3427 1057 3463 ε
1086 3422 1138 3467 et
1174 3412 1264 3466 ﬁlii
1300 3415 1472 3469 Chaat
1506 3421 1806 3475 sacerdotis
1844 3423 2073 3488 primam

503 3500 707 3554 ducunt
744 3500 795 3555 in
828 3502 1019 3569 primis
1048 3513 1104 3557 et
1136 3505 1384 3563 tribubus
1425 3517 1478 3562 et
1509 3511 1661 3565 orbis
1692 3514 1935 3581 partibus
1961 3516 2075 3585 (15)

503 3600 734 3655 sortem,
763 3606 885 3646 cum
928 3592 1135 3650 Gerson
1167 3606 1220 3652 et
1252 3597 1445 3653 Merari
1484 3601 1575 3671 qui
1607 3612 1763 3656 erant
1802 3605 1959 3672 primi
1990 3606 2076 3660 in-

504 3693 591 3737 ter
626 3682 766 3736 ﬁlios
810 3683 962 3738 Levi.
1004 3684 1096 3741 Sic
1130 3702 1258 3757 ergo
1290 3697 1397 3745 tres
1433 3690 1529 3745 ﬁlii
1577 3694 1735 3761 primi
1772 3693 1901 3748 Levi
1934 3697 2080 3752 acci-

502 3776 660 3846 piunt
683 3776 1026 3833 orientalem.
1061 3779 1409 3835 Occidentem
1441 3798 1569 3838 vero
1610 3785 1702 3840 ubi
1735 3797 1853 3841 erat
1884 3786 2074 3843 Ruben

504 3867 809 3923 etSimeon
839 3879 893 3924 et
921 3869 1057 3935 Gad,
1099 3872 1329 3926 sortitur
1372 3877 1607 3929 secunda
1636 3886 1784 3933 sorte
1814 3879 1983 3934 Chaat
2011 3897 2077 3936 ex

506 3959 653 4013 tribu
707 3959 997 4016 Simeonis.
1032 3961 1227 4016 Merari
1258 3977 1385 4017 vero
1414 3965 1650 4033 primum
1697 3971 1925 4024 sortitur
1970 3970 2079 4024 liu-

502 4049 632 4117 ben,
660 4059 713 4105 et
740 4051 932 4105 iterum
962 4050 1157 4106 Ilerari
1195 4056 1388 4110 tertius
1411 4055 1462 4107 in
1500 4056 1754 4113 Numeris
1780 4060 1847 4115 ab
1868 4061 2077 4117 oriente

502 4142 713 4211 accepit
763 4142 1027 4208 Zabulon,
1069 4153 1127 4199 ut
1165 4144 1378 4211 justitia
1434 4158 1704 4215 servetur,
1752 4160 1806 4206 ut
1840 4164 1987 4209 sorte
2012 4169 2075 4209 ea

501 4246 623 4301 quae
681 4233 976 4286 secundum
1020 4233 1304 4290 Dominum
1354 4236 1593 4301 ducitur,
1638 4248 1693 4295 et
1729 4243 2071 4298 credentium

502 4332 715 4380 utentes
762 4323 828 4377 ad
880 4324 1139 4393 mysteria
1173 4321 1337 4379 futuri
1368 4327 1551 4381 saeculi
1588 4330 1789 4400 dirigat
1821 4342 2076 4388 contuen-

504 4415 593 4467 da.
646 4412 776 4469 Post
833 4412 949 4467 haec
999 4426 1189 4467 eorum
1229 4414 1319 4482 qui
1373 4416 1440 4469 ad
1488 4432 1638 4472 mare
1688 4431 1868 4487 erant,
1899 4423 1949 4477 id
1990 4434 2073 4478 est

503 4502 738 4573 Ephrem
793 4511 849 4556 et
925 4501 1205 4569 Beniamin
1259 4513 1314 4557 et
1361 4504 1655 4575 Manasse,
1717 4510 1891 4563 Chaat
1951 4528 2073 4567 cum

503 4591 835 4661 suscepisset
883 4593 1124 4646 secunda
1210 4601 1359 4648 sorte
1410 4593 1711 4664 Benjamin,
1768 4602 1947 4655 ςαξιαί
2005 4618 2071 4656 ex
2107 4620 2151 4674 ι)

505 4682 711 4736 familia
765 4681 883 4750 ejus
941 4682 1120 4735 sortiti
1174 4692 1304 4737 sunt
1358 4685 1616 4746 Ephrem.
1674 4687 1802 4744 Post
1844 4691 1950 4747 hoc
1980 4709 2075 4749 eos

504 4774 595 4842 qui
655 4780 814 4826 erant
873 4786 939 4826 ex
1007 4773 1181 4827 media
1231 4774 1371 4827 tribu
1431 4775 1683 4833 Manasse
1713 4796 1833 4849 quae
1880 4781 1981 4837 fuit
2021 4785 2072 4839 in

500 4864 665 4939 455
704 4874 845 4919 terra
879 4874 1065 4919 sancta
1101 4865 1331 4921 sortitur
1365 4866 1599 4936 Gerson,
1634 4880 1688 4926 et
1719 4873 1925 4943 ,iterum
1964 4876 2079 4946 ipse

501 4962 717 5016 Gerson
757 4961 986 5014 sortitur
1020 4959 1185 5014 etiam
1220 4958 1379 5014 aliam
1412 4961 1689 5016 dimidiam
1729 4964 1929 5018 tribum
1957 4966 2075 5019 bla-

502 5062 681 5102 nasse.
723 5047 827 5102 Sed
854 5047 978 5117 quia
1009 5050 1294 5116 oportebat
1328 5064 1422 5104 eos
1443 5051 1533 5120 qui
1562 5062 1718 5108 erant
1747 5054 1799 5108 in
1824 5056 2077 5125 aquilone

500 5141 706 5210 aliquid
759 5140 1113 5195 sacerdotalis
1152 5143 1349 5210 gratiae
1402 5146 1687 5215 consequi,
1741 5162 1811 5202 ne
1864 5150 2075 5217 penitus

498 5231 694 5289 nudari
727 5232 885 5286 donis
914 5231 1229 5288 caelestibus
1258 5235 1595 5299 viderentur,
1632 5238 1683 5291 in
1730 5239 1797 5293 iis
1839 5255 2072 5309 quorum

499 5325 832 5382 novissimus
857 5325 990 5378 ordo
1031 5334 1149 5379 erat
1189 5325 1242 5379 in
1276 5329 1546 5394 aquilone,
1599 5330 1648 5382 id
1680 5340 1763 5384 est
1806 5328 1938 5392 Dan,
1973 5330 2073 5386 Ne—

498 5418 785 5492 phthalim,
808 5418 977 5472 Aser:
1013 5432 1228 5470 rursum
1247 5416 1419 5471 Chaat
1445 5433 1549 5472 non
1579 5420 1795 5488 quidem
1820 5421 1960 5475 inter
1983 5437 2072 5475 sa-

570 5535 753 5591 “Jos.
794 5550 913 5600 ut,
954 5533 1008 5588 4.
1084 5535 1129 5566 ⁸⁸
1154 5534 1283 5590 ibid.
1314 5535 1368 5589 5.
1443 5537 1487 5567 “‘
1520 5537 1657 5591 ibid.
1684 5536 1738 5592 6.
1829 5538 1873 5569 ⁸⁸
1899 5538 2029 5593 ibid.
2062 5538 2115 5592 7.

573 5675 687 5744 (12)
706 5673 896 5729 Codex
922 5672 1237 5744 Sangcrm.,
1279 5691 1298 5722 ι
1321 5673 1627 5733 duodecim.
1656 5697 1674 5731 ι
1708 5676 1862 5731 Libb.
1906 5679 2061 5742 editi,

509 5743 800 5797 «decem.»
861 5743 1214 5811 Septuaginta
1264 5744 1591 5812 interpretes
1654 5748 1815 5802 hodie
1868 5749 2072 5803 habent

499 5813 796 5883 δεκαεξρείς.

555 5879 703 5960 105)-
724 5880 903 5936 Codex
920 5879 1230 5949 Sangerut.,
1262 5902 1280 5937 ι
1303 5883 1645 5952 contigimus.
1674 5905 1690 5939 ι
1724 5885 1882 5943 Libb.
1916 5887 2069 5952 editi,

1108 6156 1133 6185 ο

2105 3277 2148 3336 C

2188 689 2391 733 sortem
2443 680 2494 732 in
2533 678 2669 741 Dan,
2720 680 3014 733 secundam
3057 696 3189 735 vero
3235 680 3445 737 Gerson
3496 681 3551 735 in
3605 682 3766 745 Aser,

2188 779 2243 825 et
2274 773 2490 824 tertiam
2518 770 2656 825 idem
2686 769 2892 825 Gerson
2926 771 2977 824 in
3011 771 3377 841 Nephtbalim.

2257 860 2313 914 4.
2345 860 2477 928 Quis
2507 869 2685 930 potest
2710 863 2924 931 assequi
2962 863 3077 918 haec
3108 863 3287 918 omnia
3314 872 3371 918 et
3401 863 3759 933 comprehen-

2187 952 2347 1006 dere?
2372 952 2504 1019 Quis
2534 952 2842 1008 meminisse
2871 953 3062 1007 saltem
3097 954 3474 1019 etobservare
3515 954 3765 1009 ordinem

2186 1043 2361 1111 ipsum
2396 1042 2822 1098 ministeriorum
2854 1042 3039 1097 valet?
3085 1043 3240 1110 Quod
3265 1043 3310 1098 si
3346 1046 3641 1098 secundum
3678 1044 3770 1097 lit-

2188 1141 2356 1186 teram
2390 1132 2563 1187 solum
2595 1133 2815 1189 diﬁicile
2856 1142 3044 1189 textus
3088 1135 3202 1203 ipse
3234 1134 3562 1189 narrationis
3591 1134 3767 1203 expli-

2185 1226 2299 1279 cari
2333 1232 2529 1294 potest,
2560 1234 2613 1279 et
2644 1226 2926 1295 permistio
2956 1226 3039 1279 vel
3078 1225 3344 1289 locorum,
3390 1225 3473 1281 vel
3501 1239 3764 1296 persona-

2188 1332 2330 1383 rttm,
2361 1332 2480 1386 qua:
2504 1318 2564 1371 in
2604 1318 2825 1371 historia
2861 1318 3231 1381 continentur,
3260 1316 3473 1381 evolvi;
3521 1316 3648 1386 quid
3683 1314 3768 1368 di-

2184 1407 2358 1461 cimus
2402 1407 2468 1461 de
2497 1407 2563 1461 iis
2593 1408 2972 1472 sacramentis,
3003 1422 3123 1477 quae
3169 1421 3265 1477 per
3298 1407 3415 1461 haec
3444 1406 3764 1461 describun-

2187 1508 2276 1551 tur
2322 1508 2377 1551 et
2426 1497 2479 1551 in
2516 1499 2714 1567 quibus
2745 1499 3161 1553 distributiones
3203 1496 3401 1551 futurae
3426 1496 3765 1551 hzereditatis

2184 1589 2597 1653 adumbrantur,
2631 1600 2682 1644 et
2714 1605 2808 1659 per
2836 1605 2959 1659 qua:
2992 1599 3192 1645 sancta:
3224 1599 3384 1645 terrae
3409 1603 3573 1656 quam
3609 1602 3767 1641 man-

2184 1680 2321 1733 sueti
2372 1681 2690 1735 hrereditate
2734 1682 3052 1750 suscipient,
3112 1681 3305 1735 divisio
3357 1676 3762 1735 celebrabitur?

2184 1767 2315 1835 Quis
2361 1782 2665 1825 castrorum
2722 1771 2880 1826 sedes
2927 1771 3169 1825 diversas
3198 1769 3459 1840 explicet,
3490 1766 3766 1837 quomodo

2185 1860 2299 1916 haec
2327 1860 2380 1915 in
2435 1862 2838 1917 resurrectione
2874 1876 2971 1931 per
3002 1860 3244 1932 singulos
3277 1876 3522 1930 quosque
3550 1870 3766 1915 sancto-

2185 1966 2304 2005 rum
2331 1952 2654 2007 sacerdotali
2676 1952 2759 2008 vel
2780 1952 3024 2007 Levitico
3052 1953 3245 2007 ordine
3272 1953 3518 2007 habenda
3550 1951 3621 2005 sit
3652 1951 3764 2006 dis—

2185 2040 2426 2107 tributio,
2460 2050 2537 2104 ut,
2578 2042 3027 2110 quemadmodum
3074 2040 3206 2096 dicit
3232 2040 3542 2109 Apostolus,
3588 2040 3639 2093 in
3673 2056 3763 2093 re-

2184 2131 2520 2187 surrectione
2548 2147 2655 2187 non
2687 2132 2911 2187 confuse
2940 2141 3172 2201 agantur
3203 2132 3406 2195 omnia,
3454 2133 3547 2186 sed
3579 2131 3765 2186 veniat

2186 2221 2600 2291 «unusquisque
2671 2221 2725 2275 in
2797 2234 2898 2275 suo
2960 2220 3172 2286 ordine,
3223 2221 3437 2274 initium
3488 2219 3761 2287 Christus,

2181 2313 2378 2368 deinde
2404 2313 2439 2368 ii
2468 2313 2560 2384 qui
2591 2322 2719 2369 sunt
2751 2312 2978 2377 Christi,
3010 2313 3099 2382 qui
3134 2313 3190 2366 in
3232 2313 3463 2366 adventu
3492 2312 3609 2374 eius
3637 2326 3762 2366 cre-

2182 2403 2454 2470 diderunt,
2483 2420 2606 2460 cum
2640 2405 2923 2460 tradiderit
2961 2419 3184 2474 regnum
3220 2403 3329 2458 Deo
3358 2414 3411 2458 et
3438 2402 3607 2467 Patri,
3638 2418 3760 2457 cum

2181 2494 2473 2562 subiecerit
2498 2495 2545 2550 ei
2570 2508 2783 2550 omnem
2805 2495 3192 2564 principatum,
3210 2502 3263 2548 et
3285 2502 3603 2564 potestatem
3626 2491 3711 2546 ‘7?
3735 2511 3755 2544 ι

2182 2585 2260 2639 Ibi
2304 2587 2424 2640 sine
2454 2585 2619 2639 dubio
2648 2584 2783 2639 tales
2814 2585 3057 2653 quaedam
3091 2592 3395 2639 castrorum
3435 2583 3765 2637 observatio-

2181 2691 2301 2741 nes,
2352 2685 2405 2731 et
2439 2674 2809 2729 sacerdotales
2841 2673 3273 2738 distributiones,
3321 2684 3376 2728 et
3405 2674 3650 2736 ordines,
3695 2686 3761 2727 ac

2183 2767 2432 2821 tubarum
2467 2765 2891 2834 signiﬁcationes
2926 2774 3084 2818 erunt
3120 2783 3134 2819 :
3174 2764 3420 2819 fortassis
3446 2764 3591 2817 enim
3619 2764 3761 2816 sicut

2182 2858 2454 2912 ordinavit
2507 2858 2649 2911 Deus
2679 2856 2866 2912 stellas
2900 2856 3046 2921 C(Bli,
3098 2865 3153 2911 et
3185 2856 3485 2909 rationibus
3516 2870 3610 2910 eas
3639 2855 3761 2922 qni-

2181 2949 2408 3003 busdam
2440 2948 2705 3003 mirandis
2733 2957 2785 3002 et
2813 2946 3173 3003 ineﬁ'abilibus
3215 2946 3517 3011 collocavit,
3548 2954 3601 2999 et
3626 2945 3762 2999 alias

2180 3040 2399 3110 quidem
2434 3039 2671 3109 ipsarum
2724 3039 2916 3094 statuit
2961 3040 3014 3093 in
3067 3053 3171 3093 axe
3202 3038 3492 3108 aquilonis,
3535 3037 3673 3092 alias
3704 3037 3757 3090 in

2182 3131 2424 3200 partibus
2454 3130 2701 3196 orientis,
2754 3131 2890 3187 alias
2936 3145 3069 3187 vero
3096 3131 3149 3185 in
3182 3130 3407 3185 australi
3452 3138 3602 3200 parte
3631 3143 3761 3183 con-

2182 3237 2340 3286 vexa,
2392 3231 2554 3289 atque
2603 3220 2736 3275 alias
2790 3223 2842 3275 in
2898 3236 3095 3276 occasu
3142 3240 3156 3275 :
3204 3220 3276 3275 ita
3314 3220 3480 3275 credo
3527 3219 3668 3289 quod
3704 3226 3760 3272 et

2182 3329 2275 3369 eos
2290 3315 2381 3383 qui
2409 3328 2474 3368 ex
2494 3314 2892 3369 resurrectione
2919 3322 3253 3367 mortuorum
3284 3313 3415 3366 tales
3435 3322 3617 3377 erunt,
3647 3312 3758 3366 sic-

2183 3414 2244 3457 ut
2290 3404 2457 3459 stella:
2504 3403 2627 3458 coeli
2675 3404 2727 3456 in
2778 3401 3123 3456 multitudine
3157 3411 3213 3457 et
3247 3401 3513 3467 claritate,
3548 3402 3760 3455 venien-

2183 3507 2263 3552 tes
2290 3499 2500 3551 scilicet
2548 3510 2613 3551 οι
2645 3495 2854 3550 semine
2884 3495 3178 3558 Abraham,
3220 3494 3493 3561 ordinabit
3525 3494 3665 3548 Deus
3703 3493 3757 3546 in

2183 3602 2351 3656 regno
2388 3587 2675 3651 caelorum,
2724 3585 3023 3640 secundum
3071 3585 3320 3639 ordinem
3374 3583 3651 3638 stellarum
3703 3592 3761 3639 et

2182 3679 2415 3746 partium
2454 3677 2575 3732 coeli
2613 3692 2627 3730 :
2664 3685 2718 3731 et
2750 3675 2899 3730 dabit
2947 3675 3068 3728 aliis
3100 3684 3303 3729 sortem
3349 3676 3415 3729 ad
3465 3675 3755 3741 orientem,

2180 3769 2301 3822 aliis
2326 3770 2391 3822 ad
2427 3769 2788 3829 occidentem,
2830 3766 2896 3820 ad
2931 3775 3176 3820 austrum
3211 3765 3358 3831 aliis,
3390 3774 3440 3819 et
3471 3780 3609 3835 quos
3642 3767 3759 3833 ipse

2182 3859 2332 3915 novit
2354 3868 2557 3914 statuet
2584 3859 2649 3911 ad
2677 3855 2987 3926 aquilonem
3013 3871 3029 3910 :
3053 3856 3306 3924 quoniam
3334 3857 3548 3925 quidem
3582 3873 3601 3907 ι
3630 3854 3758 3908 mul-

2182 3950 2219 4003 ti
2252 3950 2472 4004 venient
2496 3948 2564 4003 ab
2597 3950 2811 4005 oriente
2844 3958 2897 4003 et
2925 3949 3224 4015 occidente,
3251 3966 3268 3999 ι
3309 3964 3373 4003 ex
3409 3961 3643 4018 quatuor
3669 3964 3757 4001 or-

2181 4041 2262 4094 bis
2291 4041 2555 4110 partibus,
2602 4059 2620 4092 ι
2647 4049 2702 4097 et
2734 4041 3050 4095 recumbent
3079 4054 3198 4093 cum
3228 4039 3498 4093 Abraham
3529 4049 3582 4093 et
3609 4038 3756 4094 Isaac

2178 4142 2229 4187 et
2259 4131 2425 4187 Jacob
2455 4133 2507 4186 in
2537 4148 2703 4203 regno
2733 4133 2994 4189 caelorum
3018 4134 3087 4199 ιθ,
3112 4150 3129 4183 ι
3162 4146 3257 4201 per
3286 4133 3515 4204 gratiam
3543 4132 3753 4188 Domini

2180 4223 2347 4278 nostri
2397 4222 2521 4279 Jesu
2567 4225 2797 4291 Christi,
2857 4226 2945 4280 cui
2980 4235 3063 4281 est
3109 4226 3278 4296 gloria
3306 4233 3360 4280 et
3386 4225 3669 4295 imperium
3702 4226 3753 4280 in

2179 4316 2380 4370 saecula
2419 4315 2760 4371 saaculnrum.
2800 4317 2993 4372 Amen.

2714 4429 2989 4488 HOMILIA
3020 4430 3209 4485 XXVI.

2180 4524 2257 4578 De
2306 4541 2364 4579 eo
2396 4525 2537 4594 quod
2575 4524 2789 4592 sepulta:
2833 4535 2954 4579 sunt
2999 4527 3218 4590 patrima
3265 4526 3561 4587 machazraa,
3605 4535 3653 4579 et
3688 4525 3754 4578 de

2251 4611 2348 4647 ara
2389 4612 2544 4663 quant
2575 4603 2953 4665 exstruxerunt
2979 4599 3099 4649 dua:
3129 4605 3177 4649 et
3223 4596 3377 4649 semis
3410 4597 3601 4662 tribus,
3635 4610 3753 4665 qua:

2249 4674 2367 4717 sunt
2397 4678 2541 4717 trans
2572 4663 2881 4719 Iordanem.

2249 4773 2302 4826 l.
2334 4772 2389 4825 lu
2444 4772 2817 4841 superioribus
2866 4772 3083 4841 quidem
3116 4774 3317 4829 dictum
3351 4783 3454 4841 est,
3485 4776 3613 4851 quia
3657 4772 3750 4827 ﬁlii

2180 4859 2345 4916 Israel
2370 4863 2634 4916 dederunt
2685 4872 2889 4917 sortem
2919 4860 3048 4918 Jesu
3096 4863 3153 4918 in
3191 4873 3373 4920 monte
3403 4865 3659 4936 Ephrem,
3697 4876 3754 4920 et

2180 4954 2303 5021 quia
2341 4963 2562 5022 accepta
2604 4962 2755 5008 sorte
2783 4952 2941 5009 Jesus
2969 4954 3319 5011 aediﬁcaverit
3346 4957 3416 5012 ibi
3452 4958 3748 5023 civitatem,

2181 5056 2235 5102 et
2268 5048 2654 5103 inhabitaverit
2688 5047 2741 5101 in
2790 5061 2874 5101 ea.
2934 5046 3087 5104 Nunc
3131 5058 3311 5104 autem
3340 5051 3529 5105 eadem
3575 5049 3752 5104 denuo

2187 5146 2380 5215 repetit
2408 5145 2710 5215 Scriptura,
2737 5155 2797 5201 ut
2824 5145 2987 5202 addat
3008 5149 3113 5202 hoc
3142 5148 3286 5215 quod
3326 5142 3621 5197 macharas
3660 5156 3753 5211 pe-

2186 5237 2376 5301 trinas,
2431 5238 2482 5292 id
2534 5248 2615 5293 est
2663 5239 2865 5294 cultros
2910 5253 2943 5294 e
2986 5253 3121 5294 saxo
3164 5238 3363 5308 quibus
3410 5233 3751 5291 circumcidit

2179 5327 2335 5383 Jesus
2366 5329 2504 5383 lilios
2528 5328 2693 5384 Israel
2723 5330 2774 5384 in
2811 5344 3015 5397 eremo,
3051 5328 3415 5386 recondiderit
3449 5328 3498 5381 in
3527 5340 3590 5379 ea
3618 5324 3752 5378 civi-

2183 5428 2292 5472 tate
2322 5434 2482 5486 quam
2530 5421 2913 5488 tediﬁcaverat,
2946 5432 3000 5478 et
3029 5423 3082 5477 in
3123 5435 3225 5490 qua
3258 5419 3558 5475 habitabat.
3600 5414 3752 5471 Unde

2198 5537 2237 5565 ⁸⁷
2278 5536 2294 5590 1
2325 5536 2449 5591 Cor.
2481 5552 2571 5605 xv,
2604 5538 2695 5604 25,
2724 5538 2815 5593 25.
2890 5539 2935 5571 ⁸⁸
2960 5537 3155 5592 Matth.
3189 5550 3304 5601 vttt,
3349 5535 3431 5588 li.

2179 5692 2196 5725 ι
2222 5678 2606 5747 contingimus.
2634 5695 2652 5729 ι
2982 5686 2988 5747 ξ
3070 5746 3075 5747 ί
3107 5744 3115 5747 _
3245 5743 3260 5747 _
3290 5743 3319 5747 __
3344 5742 3357 5747 _
3482 5745 3511 5747 η
3546 5746 3549 5747 ν
3722 5737 3732 5747 .

2252 5744 2361 5817 (ίά)
2396 5742 2526 5802 Cod.
2560 5750 2868 5817 Saugertn.,
2900 5765 2918 5798 ‹
2940 5744 3163 5817 pigebit.
3186 5764 3204 5795 ι
3242 5742 3398 5799 Libb.
3426 5745 3581 5807 editi,
3631 5754 3649 5786 ι
3683 5742 3763 5808 pi-

2180 5825 2371 5958 393.53
2395 5887 2543 5943 Unus
2566 5884 2928 5951 Ebroicensis,
2960 5901 2978 5935 ι
2999 5884 3257 5941 extribus
3275 5882 3424 5939 orbis
3448 5881 3749 5951 partibus.)
