4146 6410
458 357 562 415 955

1459 352 1523 409 IN
1564 351 1824 409 LIBRUM
1852 348 2018 407 IBSU
2061 348 2249 404 NAV'E
2288 344 2572 404 HOMIIJA
2603 346 2790 404 XXVI.

3620 351 3726 405 9-I6

460 475 639 529 denuo
671 481 725 529 et
755 470 915 529 nobis
940 470 1229 542 repetenda
1260 470 1527 541 expositio
1560 479 1661 535 est,
1688 478 1741 523 et
1767 468 1908 537 quod
1940 466 2036 520 ad-
2063 469 2108 527 Α
2138 466 2269 534 petit
2292 465 2449 521 Iesus
2480 465 2593 537 (21)
2643 474 2696 520 et
2749 464 2986 548 accepit;
3031 466 3083 520 iu
3138 467 3256 522 loco
3296 482 3456 536 quem
3488 472 3729 538 possidet

458 566 659 636 fectum
707 573 790 619 est
821 563 1246 632 explanandum,
1298 572 1357 617 ut
1404 563 1512 617 Deo
1559 561 1794 615 donante
1845 572 2040 611 sensus

461 655 760 726 Scriptura
786 655 995 725 integer
1015 655 1320 724 expleatur.
1358 654 1603 708 Diximus
1626 652 1769 707 enim
1800 652 1853 704 in
1882 666 2041 721 supe-

462 746 721 812 rioribus,
776 746 904 816 quia
954 757 1012 800 et
1044 746 1303 803 Dominus
1354 754 1540 800 noster
1586 742 1745 798 Iesus
1789 741 2040 796 Christus

463 837 579 906 (l6)
613 845 760 905 petat
793 853 823 891 a
856 837 1013 893 nobis
1061 838 1240 893 locum
1273 853 1434 909 quem
1466 836 1720 901 aediﬁcet,
1752 842 1807 889 et
1841 834 1896 888 in
1934 847 2042 903 quo

464 928 669 983 habitet
702 951 715 984 :
766 938 822 985 et
856 930 980 999 quia
1014 929 1280 985 debemus
1330 928 1464 983 tales
1508 926 1667 991 elIici,
1716 936 1823 981 tam
1855 924 2040 979 mundi

466 1019 651 1085 corde,
689 1028 795 1074 tam
825 1019 1099 1089 simplices
1149 1027 1352 1085 mente,
1387 1026 1495 1073 tam
1524 1017 1699 1073 sancti
1732 1029 1960 1085 corpore
1988 1022 2044 1070 et

463 1110 683 1175 spiritu,
710 1120 766 1165 ut
796 1118 853 1164 et
884 1112 934 1165 in
967 1112 1145 1165 anima
1178 1119 1425 1166 nostrum
1462 1109 1637 1163 locum
1675 1108 1924 1178 dignetur
1954 1121 2043 1160 ac-

464 1200 673 1268 cipere,
703 1209 760 1254 et
784 1200 1056 1255 adiﬁcare
1086 1216 1233 1265 eum,
1263 1210 1319 1256 et
1346 1199 1592 1255 habitare
1618 1199 1669 1252 in
1705 1212 1770 1252 eo
1800 1196 1933 1266 (Π).
1978 1195 2046 1251 Et

467 1290 559 1359 qui
586 1299 748 1359 putas
780 1301 912 1346 sunt
940 1296 993 1345 in
1022 1293 1166 1347 omni
1194 1293 1395 1362 populo
1424 1294 1496 1346 ita
1531 1289 1887 1360 acceptabiles
1912 1287 2042 1351 Deo,

472 1379 568 1450 qui
602 1382 667 1435 ad
698 1382 803 1437 hoc
854 1382 977 1450 eIigi
1027 1384 1170 1453 digni
1206 1384 1369 1438 sunt?
1407 1385 1512 1438 Aut
1543 1382 1682 1436 forte
1717 1395 1819 1434 nec
1849 1376 2043 1447 singuli

473 1474 541 1527 ad
574 1474 678 1528 hoc
711 1488 942 1543 capaces
976 1489 1105 1529 esse
1146 1484 1394 1545 possunt,
1428 1474 1520 1529 sed
1558 1471 1845 1525 universus
1879 1483 2046 1539 popu-

466 1564 551 1618 lus
581 1574 635 1619 et
661 1574 859 1619 cuncta
904 1564 1065 1620 simul
1095 1564 1334 1621 Ecclesia
1366 1566 1455 1620 vix
1505 1579 1672 1635 capax
1704 1577 1823 1618 esse
1850 1570 2043 1631 potest,

466 1664 527 1709 ut
562 1657 787 1727 recipiat
818 1657 871 1712 in
903 1673 964 1716 se
992 1658 1279 1713 Dominum
1305 1658 1514 1724 Iesum,
1544 1668 1599 1713 et
1627 1657 1837 1711 habitet
1864 1656 1915 1709 in
1944 1655 2047 1709 ea?

472 1744 761 1801 Videamus
786 1762 919 1818 ergo
963 1750 1085 1816 quis
1113 1749 1185 1803 sit
1228 1749 1332 1802 iste
1363 1748 1534 1809 locus,
1582 1747 1633 1800 in
1665 1762 1773 1816 quo
1797 1745 2044 1800 habitare

469 1839 627 1894 debet
657 1837 812 1895 Iesus
846 1858 859 1893 :
899 1857 917 1891 ι
945 1840 1000 1893 lu
1033 1848 1241 1902 monte,
1293 1839 1469 1908 inquit
1494 1838 1561 1904 δ’,
1596 1836 1856 1905 Ephrem,
1882 1855 1899 1888 ι
1947 1837 2050 1890 hoc
2083 1824 2124 1878 Β

468 1942 553 1987 est
601 1932 654 1985 in
709 1941 892 1984 monte
929 1930 1232 1984 fructifera.
1276 1929 1378 1996 Qui
1432 1939 1589 1998 putas
1631 1936 1758 1981 sunt
1812 1928 1864 1979 in
1897 1926 2053 1980 nobis

473 2031 684 2077 montes
718 2021 985 2077 fructiferi
1021 2023 1072 2076 in
1105 2021 1305 2091 quibus
1340 2020 1549 2074 habitet
1578 2018 1777 2073 Iesus?
1816 2016 1890 2072 llli
1926 2033 2052 2087 pro-

472 2113 612 2167 lecto
638 2114 689 2167 in
724 2113 923 2183 quibus
946 2120 1072 2167 sunt
1102 2112 1311 2166 fructus
1344 2109 1590 2179 spiritus,
1619 2108 1897 2179 gaudium,
1926 2122 2051 2176 pax,

471 2205 758 2275 patientia,
791 2204 1055 2267 charitas,
1087 2214 1196 2258 etc.
1232 2201 1325 2256 Isti
1370 2217 1503 2271 ergo
1534 2209 1660 2255 sunt
1692 2208 1903 2254 montes
1940 2198 2053 2252 l'ru-

471 2296 675 2363 ctil'eri,
728 2297 819 2366 qui
855 2295 1091 2349 fructum
1134 2292 1338 2349 Christi
1389 2292 1640 2356 afferunt,
1694 2303 1748 2346 et
1784 2300 1963 2344 mente
1991 2302 2055 2342 ac

472 2400 568 2455 spe
593 2400 811 2455 semper
836 2384 1036 2438 excelsi
1068 2393 1214 2437 sunt.
1258 2382 1323 2436 Et
1364 2382 1487 2436 licet
1516 2382 1669 2451 pauci
1702 2396 1820 2435 esse
1847 2379 2054 2449 possint

474 2478 631 2541 tales,
672 2486 850 2529 tamen
900 2478 945 2530 si
976 2475 1059 2530 vel
1110 2474 1266 2544 pauci
1299 2472 1523 2537 fuerint,
1552 2474 1604 2526 iu
1638 2472 1772 2541 ipsis
1802 2472 2052 2525 habitans

480 2569 739 2622 Dominus
768 2568 928 2633 Deus,
966 2568 1055 2635 qui
1089 2581 1170 2621 est
1198 2567 1286 2619 lux
1314 2579 1464 2630 vera,
1495 2564 1707 2619 emittet
1736 2562 1850 2635 (I8)
1876 2561 2054 2615 radios

478 2658 614 2713 lucis
646 2672 758 2713 sua
791 2659 952 2712 etiam
988 2673 1152 2728 super
1202 2657 1439 2723 reliquos
1485 2669 1698 2718 omnes,
1748 2668 1886 2722 quos
1915 2667 2053 2705 non-

475 2750 603 2803 dum
633 2748 825 2818 dignos
857 2746 970 2821 (l9)
1005 2764 1103 2805 suo
1134 2746 1447 2803 habitacqu
1489 2743 1865 2816 principaliter
1910 2741 2055 2811 judi-

478 2840 642 2895 carit.

543 2932 603 2986 2.
635 2930 790 2986 Nunc
823 2939 1004 2985 autem
1034 2930 1311 2985 videamus
1341 2941 1461 2998 qua
1494 2933 1622 2981 sunt
1652 2923 1934 2979 machara
1964 2935 2055 2992 pe-

478 3021 657 3087 trina,
718 3021 914 3090 quibus
969 3018 1313 3073 circumcidit
1357 3014 1516 3071 Iesus
1564 3013 1705 3067 ﬁlios
1754 3011 1939 3066 Israel.
1998 3012 2053 3066 Si

479 3114 648 3169 oretis
681 3127 778 3181 pro
808 3112 966 3165 nobis
1014 3120 1072 3163 ut
1099 3124 1282 3163 sermo
1317 3116 1503 3162 noster
1536 3106 1722 3159 vivens
1757 3104 1827 3159 sit
1854 3113 1910 3159 et
1939 3103 2046 3159 elli-

479 3203 686 3266 cacior,
737 3211 792 3256 et
825 3203 1039 3256 acutior
1068 3214 1232 3269 super
1275 3212 1491 3252 onmem
1541 3195 1889 3261 macharam,
1924 3208 2062 3263 prae-

480 3294 648 3347 stabit
679 3304 732 3347 et
769 3292 925 3347 nobis
956 3291 1216 3346 Dominus
1240 3288 1421 3354 Iesus,
1458 3297 1516 3341 ut
1538 3286 1763 3341 verbum
1795 3284 1888 3340 Dei
1917 3282 2062 3354 quod

480 3383 756 3452 loquimur
789 3382 902 3453 (20)
935 3382 1000 3436 ad
1034 3396 1152 3448 vos,
1185 3378 1542 3435 circumcidat
1580 3392 1793 3432 omnem
1822 3377 2061 3430 immun-

482 3474 693 3539 ditiam,
724 3483 933 3529 resecet
953 3472 1317 3541 impuritates,
1343 3469 1628 3524 abscindat
1656 3469 1785 3522 vitia
1814 3468 1881 3522 de
1907 3467 2063 3521 audi-

486 3567 711 3629 toribus,
769 3574 823 3619 et
851 3572 1089 3633 amputet
1114 3576 1274 3617 omne
1305 3576 1416 3630 quo
1456 3561 1541 3614 vis
1569 3561 1765 3614 mentis
1797 3568 1851 3614 et
1881 3558 2063 3613 elIica-

481 3660 562 3715 cia
597 3657 861 3713 naturalis
891 3655 1166 3725 obtegitur
1191 3671 1204 3707 :
1232 3663 1285 3708 et
1313 3654 1390 3708 sic
1414 3666 1510 3721 per
1541 3652 1765 3705 verbum
1798 3651 1893 3706 Dei
1922 3650 2065 3722 quod

484 3767 626 3807 nunc
663 3751 928 3806 machara
955 3748 1165 3816 petrina
1196 3745 1413 3810 dicitur,
1441 3742 1607 3816 556
1636 3741 2066 3797 circumcidemi-

485 3845 537 3898 ui
575 3854 629 3900 et
659 3858 754 3898 vos
806 3841 874 3897 ab
900 3838 1029 3894 Iesu
1079 3848 1132 3894 et
1166 3837 1421 3899 audietis,
1448 3837 1572 3905 quia
1604 3835 1829 3890 abstulit
1862 3849 2063 3905 Oppre-

485 3934 662 3989 brium
694 3930 914 4002 Aigypti
942 3944 973 3983 a
1005 3929 1158 3982 vobis
1192 3927 1373 3981 hodie.
1412 3926 1551 3992 Quid
1574 3926 1717 3979 enim
1747 3926 1899 3980 nobis
1937 3940 2063 3995 pro-

484 4025 606 4080 dest
657 4024 837 4077 exisse
909 4019 977 4075 de
1026 4020 1281 4090 Egypto,
1344 4026 1399 4072 et
1443 4018 1722 4071 nobiscum
1775 4016 2063 4086 opprobria

488 4113 708 4184 Egypti
743 4112 1139 4167 circumferre?
1195 4109 1334 4179 Quid
1383 4110 1605 4177 prodest
1654 4109 1939 4163 ambulare
1969 4123 2065 4178 per

484 4218 752 4269 eremum,
801 4203 905 4257 hoc
934 4212 1041 4269 est,
1073 4201 1203 4270 quid
1240 4215 1338 4255 nos
1375 4199 1529 4269 juvat
1563 4199 1616 4252 in
1661 4198 1928 4268 baptismo
1966 4213 2065 4254 sa-

484 4297 606 4353 culo
657 4294 1014 4359 renuntiasse,
1064 4302 1124 4356 et
1178 4306 1390 4347 morum
1443 4300 1755 4346 nostrorum
1806 4291 2064 4361 pristinas

485 4388 681 4443 sordes
712 4401 778 4441 ac
807 4386 1057 4439 vitiorum
1104 4381 1404 4437 carnalium
1447 4381 1823 4436 innuunditias
1858 4382 2061 4436 retine-

2149 558 2200 611 in
2226 557 2404 611 anima
2426 557 2582 626 justi,
2616 558 2669 611 in
2703 558 2819 626 ipso
2849 560 3094 614 recondit
3124 571 3177 613 et
3213 563 3535 617 macharas.
3570 563 3726 632 Sape

2147 648 2487 703 ostendimus
2541 648 2869 703 macharam
2922 652 3147 704 verbum
3199 652 3294 706 Dei
3344 655 3572 717 dictum,
3622 672 3729 723 quo

2148 739 2315 793 verbo
2342 738 2740 793 abscinduntur
2769 747 2821 794 et
2856 750 3153 809 purgantur
3182 751 3402 808 peccata
3438 740 3505 794 de
3532 742 3731 795 animis

2148 827 2504 883 audientium.
2550 827 2672 883 llaec
2719 843 2859 898 ergo.
2887 829 3063 883 virtus
3094 830 3244 884 verbi
3280 831 3445 884 divini
3483 834 3731 886 recondi-

2150 928 2238 975 tur
2269 920 2322 975 in
2354 934 2421 974 eo
2472 919 2592 975 loco
2617 920 2703 975 cui
2736 921 2894 975 datur
2945 936 3123 977 sermo
3155 923 3399 978 scicntia
3450 933 3503 978 et
3548 939 3730 979 sermo

2149 1012 2451 1082 sapientia,
2489 1022 2548 1067 ut
2579 1023 2889 1082 opportuno
2944 1024 3187 1085 tempore
3236 1018 3416 1071 anima
3466 1017 3554 1073 illa
3606 1033 3733 1089 qua.

2148 1120 2245 1176 per
2296 1107 2501 1159 donum
2552 1106 2781 1175 Spiritus
2834 1107 3038 1175 repleta
3087 1118 3173 1163 est
3209 1111 3378 1165 verbo
3426 1112 3727 1179 sapientia,

2149 1196 2314 1251 verbo
2363 1196 2629 1262 scientia,
2678 1198 2923 1267 proferat
2950 1200 3083 1254 istas
3114 1202 3415 1257 machaeras
3461 1204 3513 1257 in
3547 1203 3729 1258 Eccle-

2150 1288 2253 1353 sia,
2288 1298 2343 1343 et
2396 1288 2758 1343 circumcidat
2807 1290 3046 1344 secundo
3073 1290 3186 1365 (22)
3234 1308 3328 1347 eos
3374 1296 3463 1363 qui
3492 1297 3727 1349 secunda

2152 1380 2402 1450 indigent
2437 1380 2878 1435 circumcisione.
2922 1380 3075 1448 Quod
3120 1394 3300 1439 autent
3332 1386 3463 1440 dicit
3490 1388 3731 1455 petriuas

2152 1473 2474 1537 macharas,
2511 1473 2613 1527 hoc
2640 1482 2745 1538 est,
2797 1488 2828 1526 e
2854 1489 2985 1527 saxo
3026 1475 3251 1541 cultros,
3290 1487 3343 1530 et
3380 1494 3483 1531 non
3526 1495 3555 1533 e
3589 1478 3734 1534 ferro

2152 1560 2376 1617 artiﬁcis
2401 1578 2572 1631 opera
2634 1562 2928 1618 fabricatos
2963 1579 2977 1618 :
3014 1565 3143 1619 illud
3169 1570 3409 1622 ostendit
3436 1570 3578 1638 quod
3614 1586 3733 1625 ser-

2154 1669 2242 1709 mo
2273 1654 2362 1708 hic
2393 1652 2485 1706 Dei
2516 1652 2608 1721 qui
2644 1653 3040 1711 circumcidere
3070 1657 3137 1710 de
3174 1657 3373 1713 animis
3419 1660 3729 1715 auditorum

2154 1742 2528 1799 immunditias
2573 1751 2773 1812 potest,
2819 1760 2924 1798 non
2960 1756 3043 1800 est
3085 1761 3154 1801 ex
3201 1758 3322 1803 arte
3373 1756 3731 1818 grammatica

2155 1837 2237 1893 vel
2270 1837 2542 1891 rhetorica
2574 1836 2821 1903 veniens,
2855 1853 3030 1906 neque
3057 1842 3339 1896 doctorum
3366 1845 3574 1898 malleis
3603 1850 3733 1902 cdo-

2155 1927 2340 1991 mitus,
2372 1936 2466 1981 aut
2499 1927 2803 1981 studiorum
2864 1929 3149 1985 incudibus
3189 1932 3442 1988 elimatus
3467 1933 3604 2005 (25),
3638 1939 3733 1991 sed

2154 2036 2221 2075 ex
2249 2019 2337 2074 illa
2372 2026 2522 2089 petra
2557 2018 2919 2086 descendens,
2964 2036 3083 2089 quae
3114 2022 3179 2077 de
3207 2033 3388 2079 monte
3414 2027 3532 2080 sine
3562 2030 3735 2082 mani-

2156 2114 2258 2167 bus
2284 2113 2525 2167 abscissa
2561 2121 2667 2175 est,
2699 2122 2754 2164 et
2799 2117 2989 2166 orbem
3026 2124 3184 2169 terra
3214 2117 3527 2186 complevit,
3550 2135 3614 2174 ac
3644 2122 3735 2175 do-

2156 2220 2223 2257 na
2266 2204 2534 2272 spiritalia
2586 2201 2937 2259 credentibus
2980 2205 3188 2260 tribuit.
3250 2207 3381 2262 Post
3430 2210 3545 2265 hac
3576 2209 3737 2267 Iesus

2155 2309 2425 2354 convocat
2473 2297 2613 2353 ﬁlios
2646 2296 2834 2351 Ruben
2887 2306 2944 2351 et
2999 2299 3137 2355 ﬁlios
3165 2300 3301 2368 Gad,
3354 2312 3410 2357 et
3455 2305 3734 2360 dimidiam

2159 2391 2361 2445 tribum
2393 2390 2668 2457 Mauasse,
2713 2392 2805 2462 qui
2837 2405 3023 2446 secum
3054 2392 3426 2461 militaverunt
3453 2397 3519 2450 ad
3550 2399 3738 2454 lrastes

2156 2480 2487 2537 lsraeliticos
2514 2484 2854 2553 superandos
2887 2496 2902 2535 :
2940 2491 2995 2537 et
3024 2482 3248 2538 dimittit
3285 2499 3381 2540 eos
3407 2487 3472 2540 ad
3504 2487 3735 2543 haredi-

2156 2581 2321 2628 tatem
2354 2589 2537 2641 suam,
2573 2575 2716 2631 datis
2762 2575 2829 2630 iis
2853 2575 3017 2630 etiam
3046 2575 3362 2631 muneribus
3387 2578 3735 2648 quibusdam,

2156 2666 2295 2722 sicut
2334 2668 2596 2736 scriptum
2641 2675 2743 2721 est.
2807 2666 2865 2721 In
2908 2681 3016 2735 quo
3061 2668 3271 2722 videtur
3318 2669 3449 2724 illud
3495 2670 3740 2726 indicare

2156 2759 2502 2830 mysterium,
2555 2760 2699 2828 quod
2733 2773 2857 2813 cum
2913 2758 3192 2826 plenitudo
3231 2761 3472 2828 gentium
3520 2763 3747 2819 introie-

2158 2851 2249 2915 rit,
2285 2861 2339 2906 et
2369 2866 2489 2920 qua
2520 2851 2847 2921 repromissa
2876 2858 3002 2903 sunt
3028 2852 3109 2905 eis
3137 2867 3166 2904 a
3198 2852 3425 2906 Domino
3452 2851 3581 2908 Iesu
3612 2870 3740 2924 perv-

2158 2943 2404 3013 ceperint
2450 2941 2523 2996 illi
2575 2944 2669 3012 qui
2723 2958 2823 3013 per
2857 2942 3077 3015 Moysen
3124 2944 3325 3001 eruditi
3378 2954 3435 2998 et
3482 2945 3740 3002 instructi

2158 3036 2398 3100 fuerant,
2450 3044 2504 3089 et
2536 3035 2630 3104 qui
2680 3034 2836 3089 nobis
2873 3034 2926 3088 in
2967 3037 3263 3090 certamine
3308 3037 3500 3106 positis
3539 3038 3740 3092 auxilia

2090 3154 2137 3217 ρ
2167 3126 2510 3183 orationibus
2542 3136 2599 3182 et
2648 3127 2900 3197 precibus
2942 3126 3273 3194 detulerunt,
3327 3127 3451 3197 quia
3502 3131 3741 3183 nondum

2167 3223 2616 3293 repromissioues
2686 3222 2966 3277 consecuti
3030 3232 3178 3290 sunt,
3244 3233 3622 3293 exSpectautes
3684 3230 3744 3276 ut

2166 3316 2332 3371 etiam
2361 3316 2572 3369 vacatio
2612 3326 2794 3371 nostra
2842 3315 3233 3385 compleretur,
3267 3318 3408 3370 sicut
3440 3316 3571 3369 dicit
3596 3315 3742 3384 Apo-

2168 3409 2337 3463 stolus
2358 3409 2426 3473 ⁵ο,
2460 3424 2603 3465 nunc
2632 3410 2850 3466 demum
2891 3409 3274 3482 perfectionem
3315 3425 3432 3479 qua
3460 3410 3528 3463 ab
3554 3409 3633 3463 eis
3662 3410 3745 3462 di-

2168 3500 2276 3556 lata
2323 3499 2524 3566 fuerat,
2597 3512 3008 3573 consequantur
3069 3519 3190 3559 cum
3249 3502 3566 3557 muneribus
3620 3516 3743 3571 qua

2166 3596 2443 3664 accipiunt
2470 3596 2539 3651 ab
2565 3594 2716 3662 Iesu,
2746 3607 2803 3652 ut
2850 3598 3230 3668 unusquisque
3262 3595 3473 3650 habitet
3505 3595 3557 3649 in
3588 3609 3741 3663 pace,

2166 3687 2312 3742 omni
2347 3687 2487 3743 bello
2524 3698 2688 3758 atque
2717 3689 2863 3743 omni
2899 3690 3307 3759 impugnatione
3342 3695 3611 3743 cessante.

2238 3816 2293 3870 5.
2336 3815 2611 3872 Posthac
2653 3817 2851 3873 lectum
2884 3824 2969 3873 est
3002 3817 3179 3882 nobis,
3223 3816 3346 3886 quia
3394 3814 3485 3869 ﬁlii
3524 3813 3742 3877 Ruben,

2166 3916 2223 3962 et
2245 3906 2340 3963 ﬁlii
2377 3908 2517 3973 Gad,
2548 3918 2604 3964 et
2656 3909 2881 3964 dimidia
2928 3909 3107 3965 tribus
3155 3908 3406 3963 Mauasse
3448 3908 3539 3977 qui
3585 3916 3744 3961 erant

2168 4010 2318 4056 trans
2341 4000 2658 4069 Iordanem,
2694 4000 3057 4056 adiﬁcasseut
3094 4016 3248 4054 aram
3290 4000 3560 4069 ingentem
3593 4017 3607 4053 :
3646 3999 3741 4052 ﬁlii

2166 4106 2296 4148 vero
2311 4092 2475 4149 Israel
2510 4093 2699 4164 reliqui
2725 4092 3063 4162 ignorantes,
3091 4106 3261 4160 quare
3293 4091 3409 4145 hac
3428 4105 3519 4142 ara
3554 4089 3746 4164 luisset

2166 4196 2466 4253 exstructa,
2481 4161 2963 4241 mittuntPhincem
2980 4183 3146 4237 lilium
3166 4183 3354 4236 Eleaza
3366 4183 3406 4235 ri
3428 4181 3520 4235 lilii
3541 4161 3742 4245 Aaron,

2168 4297 2293 4338 cum
2319 4281 2510 4335 decem
2537 4276 2676 4332 viris
2725 4276 2791 4331 de
2836 4274 3065 4345 singulis
3102 4275 3349 4328 tribubus
3398 4273 3594 4327 electis
3636 4288 3650 4325 :
3695 4273 3740 4326 si

2167 4375 2311 4431 forte
2340 4382 2595 4439 tanquam
2628 4368 2973 4423 discedentes
3006 4381 3036 4419 a
3069 4364 3178 4420 Deo
3208 4365 3309 4418 hoc
3344 4363 3623 4425 fecissent,
3656 4364 3741 4417 vel

486 4480 590 4535 re?
620 4477 847 4549 Oportet
881 4492 1012 4546 ergo
1062 4485 1185 4545 post
1226 4472 1620 4543 digressionem
1652 4470 1819 4527 Rubri
1872 4473 2060 4539 maris,
2098 4498 2140 4553 Β
2170 4462 2455 4536 θροειθιίεἰ
2487 4459 2668 4516 circe“
2704 4459 2841 4528 (Ἡ),
2869 4465 2925 4512 ει
2950 4464 3147 4512 εοηῑνει
3184 4455 3494 4553 "Wfilin?"
3532 4455 3623 4553 υξδί
3655 4471 3747 4524 ἕθ-

488 4567 542 4623 id
570 4577 673 4627 est,
704 4575 822 4634 post
852 4565 1083 4634 gratiam
1108 4561 1382 4631 baptismi,
1415 4559 1620 4616 auferri
1651 4576 1681 4616 a
1719 4562 1873 4617 nobis
1899 4563 2062 4617 etiam

489 4663 729 4719 carnalia
753 4660 954 4717 veteris
985 4656 1392 4715 consuetudinis
1415 4655 1542 4709 vitia
1572 4670 1669 4725 per
1698 4653 1882 4710 Iesum
1910 4655 2066 4711 Chri-

484 4763 630 4810 stum
664 4754 947 4808 Dominum
987 4759 1249 4812 nostrum,
1280 4756 1338 4800 ut
1385 4747 1454 4801 ita
1483 4746 1697 4800 demum
1728 4744 2069 4817 Egyptiacis

487 4860 679 4901 carere
729 4844 1005 4915 possimus
1051 4841 1379 4911 opprobriis.
1445 4838 1732 4892 Ponuntur
1780 4854 1911 4909 ergo
1962 4839 2069 4896 illa

460 4938 622 5007 .ipsa
653 4937 940 4990 machara
988 4933 1232 5002 petrina,
1287 4939 1341 4985 et
1386 4929 1546 4984 cultri
1597 4930 1811 4999 lapidei,
1864 4931 2067 5001 quibus

488 5028 730 5084 secundo
756 5024 1067 5082 circumcisi
1096 5038 1284 5079 sumus
1314 5024 1382 5077 ab
1409 5021 1559 5088 Iesu,
1594 5020 1645 5075 in
1671 5036 1737 5077 eo
1760 5022 1878 5078 loco
1899 5038 2060 5093 quem

548 5118 734 5174 "Ios.
807 5134 923 5182 xu,
973 5115 1061 5171 50.
1136 5116 1183 5148 '°
1228 5114 1394 5171 llebr.
1442 5131 1500 5171 ιι.

562 5212 676 5283 (l6)
709 5212 976 5283 Christas.
1009 5211 1168 5265 Deest
1193 5208 1246 5264 in
1278 5210 1409 5265 libb.
1442 5218 1603 5266 antea
1635 5210 1818 5277 editis,
1856 5211 1951 5267 sed
1982 5210 2060 5267 le-

490 5281 848 5354 gitur_iu_ms.
877 5281 1162 5351 Sangerm.

565 5352 677 5419 (17)
706 5352 911 5405 Omnes
940 5349 1070 5406 mss.
1105 5368 1125 5403 ι
1173 5349 1443 5403 adiﬁrare
1482 5365 1604 5403 eum
1630 5358 1684 5405 et
1726 5350 1978 5404 habitare
2009 5351 2063 5404 in

491 5438 633 5479 eo.»

489 5508 632 5554 63.!

561 5562 676 5645 (tt!)
709 5561 909 5645 _(iodex
954 5559 1242 5632 Sangcrm.
1288 5576 1307 5611 ι
1344 5561 1575 5619 emittet.
1622 5578 1640 5612 ι
1696 5558 1854 5615 Libb.
1898 5558 2058 5625 editi,

497 5651 520 5688 ⁸
546 5641 1280 5781 ᾞέὶιῗδηῖηθξεῐιεηυεενίριὶ
1308 5719 1327 5756 t
1361 5699 1600 5757 nondum
1629 5699 1839 5772 dignos.
1869 5717 1887 5753 ι
1910 5698 2045 5755 Libb

494 5775 651 5845 editi,
681 5793 701 5830 ι
736 5789 843 5832 non
881 5774 1094 5844 dignos.
1126 5789 1145 5824 ι

708 5421 819 5475 ibb.
852 5421 1012 5488 editi,
1046 5437 1065 5472 ι
1098 5419 1371 5475 adiﬁcare
1423 5420 1567 5474 illam
1610 5431 1665 5475 et
1714 5422 1961 5476 habitare
2010 5422 2063 5475 itt

2175 4567 2378 4621 rentes,
2408 4562 2860 4624 expugnarentur
2895 4566 2925 4604 a
2961 4550 3193 4619 reliquis
3246 4548 3372 4603 ﬁliis
3417 4547 3621 4613 Israel;
3662 4549 3745 4601 sin

2172 4649 2356 4713 aliter,
2392 4651 3129 4717 utcognoscerentcausam.
3186 4640 3294 4695 Alii
3339 4654 3471 4694 vero
3524 4640 3749 4693 satisfa-

2171 4741 2322 4796 ciunt
2353 4738 2420 4793 de
2445 4751 2562 4801 ara,
2587 4746 2642 4790 et
2665 4736 2853 4788 dicunt
2887 4751 2900 4787 :
2982 4732 3197 4788 Scimus
3213 4734 3339 4804 quia
3364 4733 3534 4787 altare
3559 4749 3745 4787 verum

2170 4841 2255 4888 est
2287 4832 2427 4902 apud
2458 4844 2579 4893 vos,
2609 4827 2697 4882 ubi
2730 4823 2889 4879 Iesus
2917 4825 3153 4889 habitat;
3191 4841 3289 4879 nos
3313 4834 3494 4879 autem
3520 4825 3748 4881 fecimus

2172 4928 2277 4982 hoc
2318 4924 2487 4979 altare
2505 4922 2570 4976 ad
2595 4919 3008 4974 similitudinem
3036 4916 3179 4970 illius
3200 4917 3413 4983 altaris,
3441 4917 3585 4984 quod
3607 4916 3746 4985 apud

2174 5034 2271 5075 vos
2298 5022 2637 5073 exstructum
2669 5021 2773 5080 cst,
2808 5020 2868 5066 ut
2895 5021 2949 5065 et
2984 5011 3123 5081 apud
3158 5023 3255 5063 nos
3291 5009 3462 5080 ﬁgura
3493 5018 3548 5063 et
3570 5010 3747 5077 imago

2254 5205 2367 5276 (20)
2399 5203 2600 5261 Omnes
2645 5216 2775 5256 mss.
2811 5220 2827 5252 α
2861 5200 3154 5255 loouimur.
3187 5220 3206 5254 ι
3239 5198 3398 5254 Libb.
3425 5197 3578 5263 editi,
3611 5213 3632 5249 ι
3664 5196 3747 5250 Ιο-

2167 5279 2371 5333 (tuitur.
2418 5295 2436 5326 ι

2184 5297 2563 5418 ιυ(2ἳ)’.1ἓειιδ.
2608 5343 2766 5418 Deest
2797 5343 2857 5418 in
2915 5340 3046 5398 libb.
3077 5340 3261 5404 editis,
3302 5338 3396 5393 sed
3439 5334 3639 5405 legitur
3684 5335 3743 5389 in

2167 5414 2425 5475 omnibus
2455 5414 2859 5481 mauuscriptis.

2263 5486 2354 5538 22)
2388 5484 2510 5538 Mss.
2546 5502 2564 5533 ι
2598 5473 2851 5536 secundo.
2880 5502 2899 5533 ι
2929 5480 3083 5534 Libb.
3130 5477 3281 5536 editi,
3312 5492 3331 5525 ε
3364 5473 3685 5527 secundum.
3717 5491 3739 5527 ι

2263 5486 2332 5538 22
2388 5486 2510 5538 Mss.
2546 5502 2564 5533 ι
2598 5486 2851 5536 secundo.
2880 5502 2899 5533 ι
2929 5486 3083 5534 Libb.
3130 5486 3281 5536 etllll,
3312 5492 3331 5525 ε
3364 5486 3685 5527 secundum.
3717 5491 3739 5527 ι

2238 5486 2354 5627 (25)
2377 5551 2873 5627 Codc§_S.ing_e_rni._
2912 5569 2929 5598 ι
2964 5559 3057 5627 aut
3082 5546 3458 5627 historicorum
3487 5543 3742 5627 cordibus

2175 5612 2448 5684 cli‘ma'tus.
2477 5643 2498 5675 ›
2530 5622 2681 5678 Unus
2700 5612 3060 5674 'Ebroiccnsis
3092 5633 3110 5667 ‹
3146 5623 3238 5668 aut
3277 5612 3581 5668 studiorum
3606 5613 3738 5668 cuti-

2178 5701 2375 5836 hui-2i}
2399 5762 2544 5819 Unus
2572 5763 2736 5819 codex
2774 5756 2991 5813 Ebroic.
3031 5773 3052 5809 ι
3080 5753 3164 5810 vel
3202 5758 3467 5824 apostata
3490 5748 3689 5811 allecti.
3718 5768 3739 5804 ι
