4146 6444
396 322 500 381 947

1812 312 1906 368 EX
1942 309 2244 367 ORIGENE

3555 316 3659 373 958

402 440 516 496 veri
568 438 763 491 altaris
813 436 1096 500 habeatur,
1157 449 1225 487 ne
1267 434 1407 485 forte
1459 431 1725 494 crastino,
1788 428 1981 497 inquit,
2015 428 2059 483 A
2089 432 2142 478 et
2174 424 2484 478 intercessit
2523 422 2733 479 medius
2778 425 2919 480 inter
2962 426 3260 481 morientes
3301 436 3358 481 et
3399 428 3567 491 vivos,
3609 430 3660 482 id

407 532 621 602 placeat
654 529 810 583 vobis
845 528 1048 591 dicere,
1098 526 1227 595 quia
1274 523 1531 579 Jordanis
1590 524 1852 577 ﬁnitimus
1899 532 1982 575 est

407 626 555 680 inter
598 638 696 677 nos
739 631 792 675 et
836 636 953 683 vos,
990 628 1042 673 et
1081 618 1196 686 ipse
1231 618 1561 671 determinat
1607 626 1662 669 et
1715 616 1836 667 ideo
1875 630 1979 667 non

406 715 624 770 habetis
657 714 967 783 portionem
1020 711 1074 765 in
1131 709 1290 763 altari
1335 719 1545 763 nostro.
1629 706 1753 761 llazc
1786 706 1859 760 illi
1898 720 1983 759 re-

406 820 602 874 sponsa
627 805 914 858 miserunt.
948 801 1053 857 Sed
1081 800 1361 855 videamus
1385 815 1483 854 nos
1504 798 1633 869 quid
1671 798 1796 852 facti
1821 796 1981 862 hujus

404 895 684 950 comineat
734 900 1162 949 sacramentum.
1228 890 1391 944 Prior
1435 889 1662 959 populus
1694 887 1981 941 circumci-

330 1042 333 1045 .
403 989 643 1045 siouisiu
674 986 865 1041 Ruben
890 985 982 1056 qui
1011 985 1186 1038 fuerat
1206 982 1618 1052 primogenitus,
1640 980 1976 1049 designatur;

346 1154 353 1159 .
404 1082 500 1136 sed
523 1090 576 1135 et
608 1080 662 1133 iu
694 1078 832 1139 Gad.
858 1078 949 1147 qui
977 1086 1033 1131 et
1071 1078 1184 1146 ipse
1212 1075 1604 1145 primogenitus
1626 1084 1710 1126 est
1748 1088 1812 1126 ex
1860 1070 1977 1136 Lia,

334 1238 335 1241 η
403 1182 459 1225 et
504 1170 752 1225 blanasse
780 1169 1136 1224 nihilominus
1162 1166 1582 1238 primogenitus.
1618 1165 1771 1231 Quod
1799 1174 1976 1217 autem

402 1261 528 1318 dico
563 1262 976 1331 primogenitos,
1005 1259 1304 1316 secundum
1350 1269 1565 1329 tempus
1598 1257 1806 1327 loquor.
1859 1256 1980 1310 lla'e

330 1368 336 1377 ·
404 1369 537 1425 ergo
563 1355 841 1417 dicuntur,
873 1368 940 1406 ne
968 1354 1111 1409 inter
1151 1368 1250 1407 nos
1269 1365 1323 1407 et
1351 1351 1471 1407 illos
1492 1353 1584 1421 qui
1612 1362 1737 1405 ante
1773 1351 1971 1405 adven-

408 1455 521 1497 tum
553 1444 755 1499 Christi
787 1445 1007 1499 fuerunt
1029 1444 1180 1514 justi,
1202 1443 1398 1499 divisio
1422 1442 1600 1512 aliqua
1619 1458 1679 1496 ac
1707 1441 1981 1512 separatio

402 1536 686 1591 videretur
715 1554 729 1591 :
754 1537 846 1590 sed
894 1548 950 1591 ut
983 1537 1333 1591 ostenderent
1377 1550 1435 1588 se
1475 1534 1687 1588 e:iamsi
1726 1545 1849 1588 ante
1884 1535 1980 1587 ad-

405 1638 630 1681 ventum
646 1628 849 1682 Christi
888 1628 1127 1696 fuerant,
1160 1628 1355 1682 fratres
1391 1638 1568 1681 tamen
1598 1637 1813 1680 nostros
1836 1641 1975 1681 esse.

411 1715 731 1772 Licctenim
778 1719 1073 1772 habuerint
1114 1719 1286 1774 altare
1325 1728 1452 1771 tunc
1504 1728 1630 1771 ante
1684 1719 1976 1772 adventum

408 1800 711 1855 Salvatoris
758 1804 953 1869 nostri,
1002 1804 1249 1858 sciebant
1297 1814 1476 1858 tamen
1530 1814 1584 1857 et
1648 1804 1977 1867 sentiebant,

408 1894 534 1959 quia
580 1910 685 1948 non
723 1907 869 1950 esset
905 1896 1031 1949 illud
1057 1896 1227 1953 altare
1268 1911 1476 1959 verum,
1523 1898 1617 1950 sed
1648 1898 1771 1966 quia
1807 1896 1981 1952 forma

409 1996 463 2035 et
496 1984 663 2054 ﬁgura
699 1997 817 2040 erat
841 1985 1006 2041 futuri
1040 1998 1092 2042 el
1130 1989 1244 2041 veri
1279 1986 1439 2056 hujus
1467 1987 1679 2041 altaris.
1706 1986 1984 2043 Noverant

408 2074 484 2128 illi
518 2075 654 2143 hanc,
696 2079 822 2147 quia
853 2094 990 2132 vera:
1020 2079 1230 2145 hostiae,
1261 2091 1313 2132 et
1340 2094 1461 2147 qua‘
1504 2087 1725 2147 possent
1766 2079 1984 2136 auferre

411 2178 655 2235 peccata,
685 2185 792 2223 non
831 2171 884 2223 in
915 2172 1006 2224 illo
1032 2170 1188 2224 altari
1217 2169 1605 2234 offerebantur,
1640 2174 1782 2240 quod
1821 2174 1984 2229 habe-

409 2260 503 2312 bat
537 2261 931 2331 primogenitus
975 2263 1226 2331 populus,
1267 2263 1361 2317 sed
1394 2264 1444 2316 in
1480 2264 1581 2317 isto
1617 2264 1703 2317 ubi
1741 2275 1858 2318 erat
1890 2265 1984 2320 Je-

407 2366 528 2417 sus,
554 2353 642 2407 hic
664 2352 913 2408 caelestes
941 2354 1153 2419 hostiae,
1183 2355 1269 2409 hic
1293 2371 1417 2409 vera
1445 2356 1710 2411 sacriﬁcia
1735 2373 1987 2413 consum—

412 2455 649 2499 mantur.
705 2445 793 2500 Fit
823 2462 954 2517 ergo
999 2462 1140 2502 unus
1181 2462 1309 2516 grex
1361 2459 1416 2501 et
1466 2464 1605 2503 unus
1661 2460 1863 2519 pastor,
1908 2452 1984 2507 illi

411 2537 625 2603 priores
649 2538 802 2607 justi,
837 2550 891 2594 et
913 2541 1001 2608 qui
1034 2558 1178 2597 nunc
1206 2551 1331 2597 sunt
1365 2542 1681 2601 Christiani.
1721 2543 1853 2600 Volo
1884 2563 1985 2599 au-

411 2637 521 2679 tem
546 2628 613 2680 ad
645 2627 835 2681 horum
868 2631 1239 2698 probationem
1269 2631 1585 2685 memoriam
1612 2634 1790 2689 facere
1822 2636 1986 2691 etiam

410 2719 655 2775 historia:
678 2720 978 2790 cujusdam,
1001 2724 1047 2777 si
1074 2735 1253 2779 tamen
1284 2727 1546 2782 Dominus
1574 2730 1775 2783 donare
1804 2731 1987 2799 digne-

414 2819 525 2871 tur,
564 2818 624 2862 ιιι
670 2810 1105 2879 explanationem
1155 2815 1325 2884 ipsius
1386 2817 1689 2886 spiritalem
1742 2820 1988 2877 invenire

408 2901 704 2972 possimus.
740 2902 982 2958 Cadebat
1024 2905 1318 2977 aliquando
1354 2909 1583 2979 populus
1610 2912 1662 2965 in
1690 2911 1904 2966 deserto
1935 2922 1989 2967 et

411 2993 772 3050 moriebatur.
809 2996 967 3051 Venit
997 2999 1175 3054 Aaron
1210 3001 1478 3070 pontifex,
1513 3013 1567 3058 et
1606 3006 1757 3060 stetit
1786 3006 1841 3060 in
1875 3021 1989 3062 me-

2084 523 2168 567 est
2196 513 2340 568 inter
2368 528 2463 568 eos
2492 514 2585 583 qui
2612 529 2680 569 ex
2714 511 2916 569 Judaeis
2964 531 3118 569 suam
3152 520 3498 586 praesentiam
3538 532 3658 574 sus-

2086 617 2368 675 ceperunt,
2397 617 2453 662 et
2492 607 2635 662 inter
2666 621 2761 662 eos
2790 608 2878 676 qui
2922 622 3027 661 non
3057 608 3234 662 solum
3274 624 3379 663 non
3409 624 3663 679 suscepe-

2089 712 2234 767 runt,
2271 701 2364 755 sed
2389 699 2712 769 semetipsos
2741 699 2912 768 magis
2934 714 3096 767 quam
3128 699 3277 754 illum
3321 701 3659 765 occiderunt,

2086 793 2331 846 dicentes
2365 807 2379 843 :
2417 807 2438 842 ι
2475 790 2710 859 Sanguis
2746 788 2893 843 illius
2921 804 3083 859 super
3112 806 3212 845 nos
3250 802 3300 843 et
3333 806 3493 860 super
3522 791 3663 847 ﬁlios

2085 894 2302 939 nostros
2336 884 2403 936 ".
2440 901 2460 934 ›
2508 882 2661 937 Unde
2702 891 2757 936 et
2798 899 2815 932 t
2869 882 3049 937 omnis
3089 883 3309 953 Sanguis
3346 882 3525 950 justus
3567 886 3660 954 qui

2087 975 2296 1031 eli‘usus
2323 985 2408 1029 est
2433 990 2595 1044 super
2632 984 2832 1027 terram
2860 991 2888 1024 a
2917 973 3181 1042 sanguine
3218 973 3351 1027 Abel
3391 973 3520 1043 justi
3573 991 3661 1030 us-

2085 1083 2193 1137 que
2220 1068 2286 1122 ad
2323 1066 2639 1137 sanguinem
2664 1065 2941 1119 Zachariae
2970 1065 3060 1117 lilii
3094 1062 3395 1131 Barachiae,
3434 1080 3593 1133 quem
3636 1084 3656 1118 ι

2084 1160 2408 1214 occiderunt
2457 1178 2473 1208 ι
2513 1160 2656 1213 inter
2697 1160 2864 1210 autem
2913 1167 2966 1210 et
3015 1158 3188 1210 altare
3235 1158 3303 1219 ⁸³,
3356 1158 3662 1227 rcquiretnr

2086 1271 2113 1307 a
2194 1254 2549 1323 generatione
2594 1271 2611 1303 ι
2673 1251 2761 1305 illa
2822 1268 2946 1320 qua:
2973 1251 3114 1305 dixit
3155 1264 3167 1298 :
3209 1268 3229 1300 ι
3268 1250 3501 1312 Sanguis
3549 1249 3663 1318 ejus

2082 1345 2242 1417 457
2273 1359 2434 1415 super
2466 1358 2562 1398 nos
2590 1354 2644 1399 et
2674 1358 2835 1411 super
2863 1343 3000 1397 lilios
3030 1351 3268 1396 nostros.
3306 1361 3325 1393 ι
3363 1341 3503 1395 Sunt
3528 1356 3660 1410 ergo
3709 1398 3717 1409 ,

2084 1440 2169 1492 isti
2221 1452 2347 1507 pars
2404 1434 2583 1506 populi
2625 1437 2819 1489 mortui
2867 1431 3019 1503 (25),
3050 1433 3173 1501 quia
3226 1444 3402 1499 neque
3448 1445 3663 1500 azyma,

2085 1543 2261 1599 neque
2311 1527 2425 1583 dies
2459 1526 2627 1582 festos
2661 1533 3031 1594 competenter
3059 1531 3246 1591 agunt,
3293 1520 3387 1575 sed
3421 1521 3664 1576 conversi

2084 1630 2208 1676 sunt
2246 1620 2363 1675 dies
2394 1618 2516 1674 festi
2572 1634 2757 1674 eorum
2791 1619 2843 1671 in
2873 1615 3100 1681 luctum,
3134 1626 3190 1668 et
3227 1613 3439 1668 cantica
3477 1628 3665 1667 eorum

2087 1714 2138 1766 in
2170 1711 2610 1767 lamentationem
2640 1726 2652 1763 :
2696 1709 2786 1780 qui
2830 1708 3041 1764 etiamsi
3082 1709 3249 1760 velint
3282 1720 3389 1760 non
3420 1712 3669 1773 poterunt

2086 1806 2227 1861 diem
2262 1805 2455 1860 festum
2483 1804 2758 1859 celebrare
2791 1805 2841 1856 in
2873 1818 2937 1858 eo
2963 1803 3078 1857 loco
3104 1816 3262 1870 quem
3292 1799 3456 1867 elegit
3483 1797 3665 1851 Domi-

2086 1913 2189 1953 nus
2218 1896 2379 1951 Deus.
2406 1896 2468 1950 Et
2491 1911 2587 1951 nos
2621 1896 2838 1965 quidem
2869 1910 2973 1950 non
3010 1895 3245 1947 diximus
3276 1890 3502 1962 adjllos,
3542 1889 3665 1957 quia

2088 2006 2193 2044 non
2228 1990 2332 2045 erit
2364 1988 2517 2045 vobis
2547 2004 2675 2057 pars
2705 1988 2755 2041 in
2801 1987 2903 2042 hoc
2936 1987 3114 2052 altari,
3148 1984 3227 2037 vel
3274 1985 3324 2037 in
3359 1982 3670 2037 haereditate

2086 2082 2322 2147 Domini,
2354 2082 2449 2135 sed
2480 2081 2580 2150 ipsi
2629 2088 2821 2149 sponte
2854 2093 2949 2132 sua
2984 2078 3162 2131 altare
3200 2089 3387 2130 verum
3416 2084 3469 2128 et
3502 2072 3669 2127 cccle-

2086 2186 2222 2232 stem
2247 2173 2559 2243 pontiﬁcem
2608 2170 2934 2238 refularunt,
2963 2179 3019 2224 et
3039 2183 3105 2224 eo
3128 2182 3298 2237 usque
3332 2164 3671 2220 infelicitatis

2088 2269 2303 2325 adducti
2335 2276 2479 2332 sunt,
2504 2276 2565 2321 ut
2589 2276 2642 2321 et
2666 2264 2952 2333 imaginem
2989 2264 3299 2332 perderent,
3322 2269 3377 2314 et
3409 2274 3515 2313 non
3541 2273 3667 2313 sus-

2088 2365 2329 2431 ciperent
2383 2360 2699 2420 veritatem,
2758 2367 2811 2409 et
2870 2356 2990 2409 ideo
3055 2354 3255 2408 dicitur
3303 2351 3371 2405 ad
3425 2363 3519 2403 eos
3570 2348 3663 2402 "z

2095 2476 2113 2507 ι
2150 2455 2289 2511 Ecce
2334 2456 2669 2523 relinquetur
2710 2450 2863 2505 vobis
2898 2448 3091 2503 domus
3132 2456 3314 2501 vestra
3363 2444 3604 2499 deserta.
3644 2461 3661 2493 ι

2090 2548 2376 2603 Translata
2403 2556 2485 2600 est
2510 2545 2653 2600 enim
2694 2543 2760 2596 ad
2783 2552 2971 2611 gentes
2993 2540 3163 2610 gratia
3204 2538 3439 2605 Spiritus
3466 2535 3669 2594 sancti.

2090 2637 2367 2694 translata:
2400 2646 2525 2690 sunt
2564 2633 2935 2689 solemnitates
2963 2631 3030 2684 ad
3057 2645 3176 2693 nos,
3205 2631 3330 2698 quia
3358 2627 3575 2681 transiit
3600 2624 3668 2677 ad

2092 2743 2190 2784 nos
2210 2737 2264 2782 et
2302 2726 2544 2796 pontifex
2581 2738 2687 2778 non
2734 2720 3112 2791 imaginarius,
3134 2721 3228 2773 sed
3255 2732 3439 2782 verus,
3471 2730 3669 2771 secun-

2093 2817 2220 2870 dum
2249 2814 2494 2869 ordinem
2520 2810 2915 2866 Melchisedech
2945 2809 3149 2864 electus
3177 2827 3190 2863 :
3221 2819 3278 2862 et
3332 2820 3555 2862 necesse
3590 2815 3672 2858 est

2090 2924 2215 2963 eum
2273 2922 2431 2961 veras
2465 2904 2694 2969 hostias,
2753 2904 2806 2958 id
2854 2913 2939 2958 est
2978 2900 3271 2971 spiritales,
3301 2898 3499 2955 oli'erre
3532 2896 3672 2966 apud

2094 3016 2217 3065 nos,
2244 2999 2332 3053 ubi
2362 2999 2659 3053 :edilicatur
2685 2994 2940 3064 templum
2976 2994 3067 3047 Dei
3120 3008 3184 3046 ex
3218 2992 3479 3062 lapidibus
3515 2989 3671 3053 vivis,

408 3086 501 3140 dio
524 3101 715 3141 eorum
731 3089 824 3158 qui
857 3092 1258 3158 moriebantur,
1290 3104 1345 3150 et
1377 3111 1565 3152 eorum
1590 3100 1680 3167 qui
1711 3100 1982 3171 vivebam,
2015 3119 2057 3177 ρ
2094 3107 2213 3161 quae
2230 3098 2312 3144 est
2332 3087 2569 3142 Ecclesia
2597 3086 2689 3140 Dei
2721 3086 2974 3150 viventis,
3003 3094 3056 3138 et
3082 3085 3171 3139 ubi
3202 3094 3285 3138 est
3310 3098 3467 3137 verus
3485 3077 3672 3145 Israel,

411 3190 482 3233 ne
509 3177 740 3234 ulterius
761 3184 993 3238 vastatio
1023 3185 1213 3241 mortis
1245 3186 1537 3255 proﬁceret
1572 3189 1685 3257 jam
1731 3191 1782 3246 in
1819 3202 1984 3247 caete-

414 3280 526 3322 ros.
570 3265 724 3324 Venit
757 3282 812 3326 et
862 3288 1005 3328 nunc
1054 3287 1215 3329 verus
1244 3275 1486 3343 pontifex
1519 3290 1671 3331 meus
1703 3277 1983 3346 Dominus,

521 3445 565 3477 "
614 3446 808 3504 Matth.
860 3466 1031 3515 xxvn,
1073 3450 1163 3507 25.
1238 3454 1286 3484 ⁵³
1317 3450 1511 3508 Matth.
1540 3470 1698 3520 mn,
1725 3455 1816 3509 55.

2095 3188 2149 3243 in
2206 3185 2427 3239 Christo
2475 3181 2601 3237 Jesu
2648 3178 2877 3234 Domino
2927 3188 3135 3241 nostro,
3172 3178 3258 3231 cui
3292 3184 3375 3232 est
3415 3173 3587 3244 gloria
3621 3180 3675 3227 et

2094 3278 2378 3347 imperium
2416 3277 2468 3331 in
2495 3275 2692 3330 smeula
2721 3273 3063 3329 mulorum.
3090 3272 3280 3324 Amen.

1893 3456 1937 3485 ⁸³
1969 3456 2100 3510 Luc.
2122 3470 2241 3520 xm,
2271 3454 2361 3509 55.

483 3580 596 3653 (25)
645 3579 796 3647 Mss,
843 3601 861 3633 ι
902 3593 1025 3637 sunt
1047 3598 1175 3655 ergo
1211 3585 1296 3640 isti
1329 3600 1454 3654 pars
1479 3588 1661 3657 populi
1690 3591 1907 3645 mortui.
1941 3609 1959 3642 ι
1990 3588 2150 3644 Libb.
2174 3589 2327 3653 editi,
2365 3608 2383 3640 ‹
2414 3596 2537 3642 sunt
2560 3601 2689 3655 ergo
2726 3583 2904 3654 populi
2931 3596 3056 3653 pars
3084 3578 3305 3635 mortui.
3348 3596 3363 3627 ι

425 3779 3665 3816 W

1749 3887 2330 4049 MONITUM

1226 4145 1316 4200 AD
1352 4144 1674 4200 ORIGENIS
1713 4146 2114 4204 ΕΞΗΓΗΤΙΚΑ
2156 4147 2221 4203 ΙΝ
2256 4145 2513 4201 LIBRUM
2541 4146 2864 4203 JUDICUM.

480 4459 789 4543 Ruﬁnus-in
836 4461 1165 4543 peroratiqne
1195 4461 1474 4543 subiuncta
1505 4460 1908 4543 Commenta-riis
1946 4463 2213 4543 0rigeni_s_
2239 4467 2293 4517 in
2336 4462 2632 4543 Epistulam
2671 4464 2741 4516 ad
2776 4461 3040 4543 [fontanos
3084 4472 3306 4543 testqtur
3342 4476 3396 4513 se
3419 4474 3522 4543 qua
3573 4459 3678 4540 fide

412 4530 683 4612 transtulit
712 4529 1040 4612 ΙιοηξίΙὶω-ξη
1072 4529 1254 4612 Iesum
1286 4527 1454 4612 lysi-te,
1486 4533 1664 4612 eadem
1693 4531 1879 4587 Latiae
1899 4527 2126 4612 _rer_ti§se
2156 4527 2459 4612 ὲξηγηςτιρςὰ
2483 4535 2538 4587 in
2573 4534 2762 4612 librum
2787 4530 3041 4611 Judicunt
3068 4547 3087 4583 :
3125 4549 3158 4612 ι⁸
3187 4529 3329 4583 Nam
3362 4529 3550 4612 etnilla,
3590 4531 3677 4608 in-

411 4601 547 4681 quit,
575 4615 693 4681 quae
723 4600 777 4651 in
797 4597 1178 4681 {esu'yavenet‘
1202 4600 1255 4652 in
1287 4599 1541 4681 udicum
1582 4602 1798 4681 librum“
1806 4596 2478 4681 scripsimus,_sintp1iciter
2501 4603 2871 4681 expressimus
2897 4610 2961 4681 ⁸ιιι
2986 4602 3301 4681 inuenimus.
3334 4617 3353 4650 ι
3393 4596 3592 4650 Novem
3624 4600 3677 4651 in

416 4666 555 4750 hunc
582 4666 1065 4750 libruj‘tsnltomilias
1084 4666 1325 4750 Origenis
1354 4681 1725 4750 commemorat
1758 4666 2317 4750 Ca‘s‘siodoruslnstit.‘
2343 4674 2545 4750 capLi.
2584 4666 2957 4750 Novem_hodie
2978 4670 3252 4750 (tegemus,
3283 4684 3506 4748 quarunt
3530 4676 3675 4720 sexta

413 4739 676 4821 canticum
705 4736 923 4821 Debet-'33
948 4740 1219 4821 explanat,
1245 4742 1320 4821 uti
1342 4742 1656 4821 promiserat
1687 4742 1795 4821 ipse
1818 4740 2075 4821 Origenes
2200 4736 2417 4821 prologo
2434 4741 2948 4821 (Ignari-tentoriorum
2977 4736 3329 4821 iaC-anticum.
3346 4738 3675 4791 canticorum

409 4808 495 4890 Itis
530 4808 699 4890 verbis
730 4823 818 4888 ἧς
856 4806 1041 4890 Verum
1067 4819 1112 4861 et
1142 4809 1209 4890 de
1237 4810 1319 4890 liis
1350 4810 1643 4890 pleniusjn
1817 4806 2166 4890 oratiunculis
2184 4806 2340 4890 quas
2354 4806 2430 4866 vde
2464 4812 2639 4890 libello
2670 4811 2923 4890 J_udicum
2964 4809 3247 4873 edidimus,
3273 4809 3495 4890 differta
3526 4823 3675 4890 repe_-

414 4880 539 4958 ries.
578 4860 944 4960 sui’erisjptile
976 4894 1099 4960 ergo
1135 4887 1210 4960 est
1241 4880 1336 4960 ραι
1350 4860 2995 4960 internuntium
3035 4860 3247 4960 armant,
3271 4860 3377 4933 240
3404 4860 3675 4960 fuisse'ab

410 4948 530 5029 ipso
553 4947 747 5029 editas.
794 4945 972 5029 Verani
1004 4945 1285 5029 haudtscio
1308 4964 1375 5001 an
1401 4947 1863 5029 (quemadmodum
1888 4951 2139 5017 opinatur
2180 4945 2409 5005 [laetius
2435 4945 2880 5029 Origenianilli‘b.
2919 4948 3237 5029 ttt._sect.._-2,
3276 4966 3417 5029 num.
3462 4949 3537 5017 Ξ),
3575 4964 3674 5029 pa—

412 5020 546 5098 riter
571 5016 693 5098 inde
722 5017 965 5098 concludi
988 5018 1199 5098 “possit,
1240 5020 1380 5087 ipsas
1409 5016 1512 5071 non
1538 5019 1716 5098 fuisse
1739 5036 1803 5073 ex
1838 5016 2068 5098 ten’tpore
2106 5032 2381 5098 conceptas
2414 5031 2460 5073 et
2504 5016 2771 5098 recitatos.
2800 5018 2952 5073 Certe
2994 5020 3212 5098 homjlia
3244 5021 3582 5098 primaprim.
3616 5017 3673 5080 2,

412 5097 561 5169 locus
579 5096 654 5169 est
672 5102 824 5169 quem
847 5087 954 5153 ipse
980 5084 1235 5169 Qtigeues
1260 5084 1605 5169 {edatur-sibi
1636 5088 1884 5169 sontumjn
1911 5084 2134 5144 tuentem
2156 5084 2378 5154 venisse,
2406 5107 2533 5169 cum_
2562 5091 2966 5169 condonaretur
2990 5104 3009 5141 :
3039 5107 3057 5140 ι
3096 5088 3200 5143 Sed
3217 5098 3265 5142 et
3291 5089 3446 5147 illud,
3482 5089 3674 5169 inquit,

411 5156 550 5225 quod
581 5156 874 5210 dicentibus
905 5158 1050 5236 nobis
1074 5158 1326 5219 occurrit,
1356 5168 1404 5210 et
1423 5160 1647 5236 _utinam_
1677 5158 1898 5236 Domino
1924 5172 2235 5229 suggerente
2269 5162 2578 5226 occurrerit,
2604 5160 3030 5230 prwtereuudum
3069 5175 3173 5215 non
3203 5168 3299 5222 est,
3331 5178 3349 5209 ι
3384 5169 3482 5211 etc.
3517 5156 3674 5220 Illas,

410 5235 689 5300 postquam
719 5229 1073 5300 pronuntiata:
1099 5236 1253 5300 sunt,
1282 5228 1455 5300 potuit
1484 5230 1675 5300 litteris
1712 5229 1965 5282 mandare
1994 5228 2085 5283 aut
2122 5246 2505 5300 recognoscere.

482 5293 689 5348 Prtrter
713 5293 982 5360 homilias,
1028 5313 1096 5349 an
1143 5293 1293 5370 aliud
1323 5298 1594 5370 quidpiam
1627 5301 1751 5351 data
1781 5316 1936 5370 opera
1960 5301 2013 5351 in
2045 5293 2524 5353 librum'ludicum
2560 5300 2828 5367 scripserit
2857 5298 3129 5370 Origenes,
3158 5301 3412 5353 incertum
3442 5307 3538 5370 est.
3576 5296 3678 5351 Ve-

410 5377 953 5505 ;pplt'tgizﬁgﬁgq't’ezw
995 5369 1369 5437 manuscriptw
1415 5369 1614 5439 aliquot
1659 5370 1752 5424 sub
1805 5369 1919 5439 ejus
1953 5372 2159 5424 nomine
2205 5370 2506 5440 fragmenta
2544 5370 2728 5426 Crwca
2770 5367 3032 5435 exhibent,
3065 5387 3182 5442 qua:
3211 5386 3304 5425 nos
3336 5367 3679 5423 lioutiliarum

704 5454 711 5467 '
905 5455 951 5493 s.

466 5452 574 5488 orm
605 5452 951 5511 pra'pgmzus.

2005 5626 2070 5636 -ι
