4146 6442
459 368 566 427 949

1720 370 2034 428 SELECTA
2068 369 2133 427 IN
2167 372 2194 429 J
2205 371 2468 429 UDiCES.

467 525 3703 559 mw

1209 621 2154 815 ΩΡΙΓΕΝΟΥΣ
2229 680 2981 818 ΕΚΛΟΓΑΙ

1607 923 1778 1008 ΕΙΣ
1815 922 2104 1009 ΤΟΥΣ
2165 924 2585 1012 ΚΡΙΤΑΣ.

991 1259 1154 1348 EX
1227 1258 1766 1352 ORIGENE
1841 1260 2350 1353 SELECTA
2432 1261 2556 1351 IN
2632 1259 3174 1350 JUDICES.

519 1615 630 1670 Kal
662 1568 880 1677 εὔξῖιτο
921 1611 1137 1680 Ἰεφθάε
1161 1612 1355 1681 εὐχὴν
1389 1615 1467 1680 τῷ
1508 1616 1724 1683 Κυρίῳ.
1755 1616 1819 1673 Εἰ
1853 1616 2024 1670 Πνεῦ-

2294 1613 2425 1666 uouit
2451 1611 2637 1678 Iephte
2666 1617 2839 1662 votum
2872 1607 3098 1664 Domino
3140 1610 3208 1662 ⁸⁵.
3253 1611 3308 1665 Si
3348 1609 3581 1680 Spiritus
3619 1611 3721 1667 Du-

452 1724 529 1776 μα
561 1707 766 1779 Κυρίου
800 1707 886 1760 ἐπ’
922 1701 1108 1770 αὑτὸν,
1142 1705 1258 1769 πῶς
1292 1705 1508 1776 εὔχεται
1547 1707 1583 1763 δι
1618 1709 1692 1780 μὴ
1727 1711 2027 1782 προσήκεις

461 1797 616 1868 Ἐνῆν
641 1798 749 1870 γὰρ
771 1799 865 1851 καὶ
897 1796 1032 1850 κύνα
1060 1798 1368 1867 ἀπαντῆσαι
1396 1800 1669 1854 ἐπανιόντι
1696 1801 1773 1872 τῷ
1800 1803 2027 1872 Ἰεφθάε.

450 1887 573 1963 'Ap’
609 1888 701 1946 οὖν
727 1891 932 1962 ἐσφάλη
973 1891 1032 1943 τὸ
1067 1890 1328 1962 Πνεῦμα;
1363 1891 1632 1962 οὐδαμῶς·
1668 1893 1802 1948 ἀλλὰ
1833 1895 1893 1947 τὸ
1934 1894 2032 1966 μὲν

448 1983 670 2054 Πνεῦμα
727 1983 939 2054 βοηθεῖν
990 1983 1384 2053 παραγέγονεν,
1419 1985 1517 2052 οὐχ
1562 1984 1884 2040 ὑποϐάλλειν
1934 1986 2032 2058 τὴν

445 2075 667 2131 ἄτοπον,
692 2076 876 2145 εὐχήν·
928 2075 1089 2139 αὐτὸς
1133 2074 1190 2126 δὲ
1261 2075 1550 2143 σφάλλεται
1613 2078 2031 2148 ἀπερισκέπτως

452 2165 846 2236 ὑποσχόμενος.

514 2342 625 2396 Καὶ
647 2338 824 2396 εἶπαν
855 2341 1016 2408 αὺτῷ
1035 2343 1249 2397 Ἐἰπὸν
1273 2343 1349 2412 δὴ
1380 2346 1630 2417 στάχυς.
1668 2349 1731 2401 Ol
1759 2349 1816 2402 δὲ
1848 2349 2030 2416 ἔλεγον

441 2431 692 2502 στάχυς·
742 2435 996 2505 σημαίνει
1029 2435 1277 2503 celi-qia,
1305 2439 1442 2508 ὅπερ
1463 2440 1609 2492 ἐστὶν
1639 2439 1930 2511 ἄσταχυς.
1967 2442 2029 2500 Οί

441 2523 496 2576 δὲ
529 2524 714 2592 ἔλεγον
747 2525 986 2592 σεϐήλω
1035 2529 1127 2580 καὶ
1169 2528 1269 2580 οὐκ
1328 2529 1579 2584 ἐδύναντο
1611 2533 1824 2600 τρανῶς
1857 2537 2029 2588 εἰπεῖν

439 2612 691 2683 adﬁnia.
729 2617 790 2670 El
825 2617 932 2687 γάρ
966 2621 1060 2671 καὶ
1094 2619 1332 2690 Ἑϐραῖοι
1363 2621 1675 2692 ἐτύγχανον,
1711 2624 1847 2678 ἀλλὰ
1891 2628 2030 2680 κατὰ

443 2708 785 2780 συμμετρίαν
817 2708 1115 2780 βραχύτητι
1140 2712 1522 2784 παρήλλασσον
1542 2716 1602 2768 ὲν
1625 2718 1692 2788 τῇ
1727 2717 1827 2790 τῆς
1853 2718 2029 2772 διαλέ-

441 2795 576 2862 ξεως
605 2802 873 2872 προφορᾷ.
913 2802 986 2856 Τὸ
1037 2798 1129 2856 οὖν
1159 2804 1400 2876 σύνθεμα
1432 2800 1499 2876 ἦν
1530 2806 1781 2875 σέϐηλα,
1812 2811 1950 2879 ὅπερ
1979 2813 2028 2866 οἱ

441 2889 859 2961 ἐπερωτώμενοι
922 2893 1169 2960 λέγοντες
1227 2894 1500 2962 σεϐήλω,
1579 2897 1872 2968 ἠλέγχοντο
1928 2900 2027 2952 οὐκ

2135 1705 2262 1760 mini
2293 1715 2413 1758 erat
2464 1718 2625 1770 super
2669 1702 2842 1766 illum,
2874 1715 2972 1755 cur
3005 1713 3166 1756 vovet
3200 1718 3319 1772 quae
3363 1719 3561 1758 vovere
3610 1721 3716 1758 non

2133 1811 2347 1865 aequum
2376 1796 2534 1850 erat?
2564 1795 2707 1850 Fieri
2745 1794 2890 1848 enim
2919 1800 3132 1861 poterat
3169 1801 3227 1846 ιιι
3256 1794 3417 1847 etiam
3442 1793 3594 1848 canis
3622 1811 3716 1850 oc-

2133 1897 2379 1948 curreret
2414 1884 2702 1942 revertenti
2738 1881 3137 1956 5581epbte.
3165 1881 3416 1954 Nunquid
3456 1885 3714 1953 deceptus

2134 1987 2216 2033 est
2246 1978 2526 2049 Spiritus?
2555 1977 2800 2031 minime.
2831 1975 2935 2028 Sed
2964 1974 3198 2044 Spiritus
3236 1975 3286 2028 in
3319 1975 3579 2030 auxilium
3622 1978 3719 2032 ad-

2133 2082 2270 2134 erat,
2331 2084 2437 2124 non
2473 2083 2600 2124 vero
2634 2078 2692 2122 ut
2737 2066 3028 2123 absurdqu
3077 2067 3181 2120 boc
3221 2075 3405 2121 votum
3437 2065 3713 2120 suaderet.

2132 2161 2250 2230 Ipse
2304 2175 2432 2218 vero
2485 2159 2684 2230 Jepbte
2734 2159 2961 2225 erravit,
3027 2158 3433 2214 inconsiderate
3487 2159 3715 2230 proruit-

2135 2262 2280 2308 tens.

2204 2343 2271 2398 Et
2295 2345 2542 2398 dixerunt
2586 2344 2631 2396 ei
2671 2358 2689 2395 :
2728 2341 2823 2396 Dic
2851 2358 2987 2397 nunc
3011 2344 3156 2411 spica
3190 2342 3254 2395 ⁵³.
3292 2341 3393 2396 Alii
3436 2341 3720 2401 dicebant.

2131 2440 2295 2509 spica.
2338 2438 2391 2492 Id
2417 2447 2495 2492 est
2521 2435 2714 2500 sebela,
2742 2436 2884 2504 quod
2915 2445 2996 2490 est
3015 2437 3181 2503 spica.
3208 2435 3307 2488 Alii
3343 2436 3595 2488 dicebant
3633 2451 3713 2488 se-

2133 2531 2264 2598 belo,
2323 2545 2421 2585 nec
2469 2530 2617 2585 clare
2666 2537 2916 2597 poterant
2958 2528 3138 2582 dicere
3173 2528 3362 2580 sebela.
3391 2525 3714 2596 Quanquam

2131 2621 2276 2676 enim
2327 2620 2536 2676 Hebraei
2570 2629 2746 2684 erant,
2789 2628 2844 2673 at
2882 2635 2947 2674 ex
2979 2618 3192 2672 dialecti
3229 2633 3342 2672 suae
3374 2617 3506 2672 vitio
3559 2618 3717 2687 hujus

2131 2713 2282 2768 vocis
2313 2726 2620 2768 mensuram
2650 2709 3052 2780 pronuntiando
3072 2707 3456 2778 corripiebant.
3483 2707 3713 2765 Tessera

2129 2817 2260 2874 ergo
2299 2812 2420 2858 erat
2457 2803 2651 2868 sebela,
2699 2818 2795 2873 pro
2829 2817 2935 2873 qua
2967 2815 3089 2856 cum
3119 2801 3438 2871 interrogati
3465 2802 3712 2856 dicerent

2131 2894 2322 2960 sebelo,
2349 2897 2718 2965 arguebantur
2741 2910 2848 2948 non
2873 2907 2994 2950 esse
3012 2907 3078 2948 ex
3109 2894 3353 2962 cognatis
3375 2891 3592 2961 Jcpbtc.
3618 2892 3715 2948 sed

439 2975 592 3041 ὄντες
643 2979 750 3031 τῶν
809 2981 1020 3036 οίκείων
1064 2981 1158 3036 τοῦ
1224 2984 1451 3054 Ἰεφθάε,
1499 2984 1635 3042 ἀλλὰ
1683 2986 1792 3042 τῶν
1824 2990 2026 3044 ἐπανα-

2132 2999 2200 3042 ex
2226 3000 2455 3043 numero
2483 2985 2790 3044 rebellium.

446 3071 708 3122 στάντων.

515 3159 623 3211 Καὶ
657 3158 811 3226 γυνὴ
829 3161 1016 3214 αὐτοῦ
1041 3162 1250 3230 στεῖρα
1278 3165 1372 3217 καὶ
1397 3165 1508 3218 οὐκ
1539 3166 1762 3221 ἔτεκεν.
1786 3169 1898 3222 Ούκ
1920 3171 2029 3224 ἀπὸ

440 3245 542 3316 τῆς
561 3247 794 3316 φύσεως,
814 3249 929 3302 ἀλλ’
958 3251 1068 3304 ἀπὸ
1095 3252 1194 3322 τῆς
1228 3253 1501 3320 διακονίας
1519 3257 1611 3310 ἐπὶ
1643 3257 1736 3312 τοῦ
1761 3261 2028 3332 παρόντος

447 3336 664 3406 στεῖραν
691 3338 861 3392 καλεῖ.

510 3428 764 3498 Σίδηρος
812 3433 922 3485 οὐκ
958 3432 1140 3502 ἀνέϐη
1175 3433 1273 3488 ἐπὶ
1310 3435 1424 3504 τὴν
1471 3438 1743 3507 κεφαλήν
1786 3459 1906 3512 μου
1937 3443 2027 3498 ὅτι

435 3517 742 3588 Ναᾷραῐος
772 3523 874 3576 τοῦ
906 3525 1054 3578 Θεοῦ
1074 3526 1188 3595 ἐγώ
1215 3531 1350 3597 ειμι.
1379 3531 1458 3582 Δι’
1480 3529 1607 3603 ὅλης
1639 3532 1737 3602 τῆς
1775 3535 1904 3606 περὶ
1937 3536 2026 3589 τὸν

440 3608 677 3679 Σαμψὼν
709 3613 953 3684 ἱστορίας
981 3619 1037 3668 αἱ
1065 3617 1248 3692 τρίχες
1287 3621 1564 3688 φαίνονται
1593 3621 1692 3695 τὴν
1723 3627 1905 3682 πᾶσαν
1929 3629 2027 3684 αὑ-

435 3700 514 3770 τῷ
545 3707 847 3773 περιποιεῖν
881 3708 1056 3778 ἰσχύν.

515 3793 624 3850 Τοῦ
644 3797 851 3852 αὑτοῦ.
888 3797 1184 3872 Ναζιραῖον
1207 3803 1268 3856 τὸ
1304 3797 1719 3882 πεῴυλαγμένον
1755 3811 1896 3870 κατὰ
1929 3813 2024 3884 τὴν

435 3886 623 3956 Σύρων
662 3889 844 3962 φωνὴν
873 3893 1149 3963 ὀνομάζει.
1174 3896 1266 3966 Μὴ
1294 3897 1666 3964 ὲξακολουθεῖν
1692 3903 1748 3956 δὲ
1779 3907 1844 3975 τῇ
1873 3905 2024 3971 τάξει

435 3979 543 4031 τῶν
602 3980 953 4053 Ἰσραηλιτῶν
1000 3985 1092 4038 τὸν
1133 3987 1371 4058 Σαμψὼν
1413 3993 1442 4044 ὁ
1485 3992 1619 4058 Θεὸς
1670 3998 2021 4065 προστάσσει,

435 4067 558 4120 κατ’
597 4068 774 4122 ἐκεῖνο
803 4072 996 4142 καιροῦ
1043 4073 1141 4146 τὴν
1196 4078 1435 4149 κεφαλὴν
1467 4081 1794 4154 ξυρωμὲνων
1828 4086 1914 4142 διὰ
1964 4089 2023 4141 τὸ

436 4160 714 4234 εὐσήμους
744 4160 882 4222 εἶναι
919 4168 1054 4238 πρὸς
1076 4169 1306 4234 πάντας.

509 4254 620 4307 Καὶ
681 4255 993 4324 ἐποίησεν
1046 4261 1232 4330 Ἐφὼδ
1293 4265 1392 4317 καὶ
1452 4267 1758 4336 Θεραφείν.
1847 4270 2020 4339 Ἑφὼδ

438 4341 668 4417 ὕφασμα
712 4343 778 4419 ἦν
820 4350 1110 4421 ἱερατικὸν,
1169 4353 1305 4425 ὅπερ
1340 4359 1709 4428 περικειμένῳ
1755 4360 1832 4430 τῷ
1887 4364 2022 4433 ἱερεῖ

435 4436 626 4504 ἐφοίτα
659 4439 750 4492 τοῦ
777 4441 933 4510 ἁγίου
966 4443 1335 4518 Πνεύματοςή
1369 4448 1548 4519 χάρις.
1577 4451 1649 4503 Τὸ
1673 4452 1730 4504 δὲ
1751 4451 2022 4523 Θεραφεὶν

436 4527 644 4583 τοιοῦτο
671 4530 876 4602 μέντοι,
911 4534 972 4586 ού
1017 4534 1198 4590 θεῖκὸν
1243 4537 1320 4604 δὲ,
1356 4537 1470 4592 ἀλλ’
1503 4540 1800 4608 εἰδωλικὸν,
1834 4545 1910 4610 ὼς
1961 4547 2021 4598 ἐν

434 4622 556 4684 ταῖς
581 4620 880 4690 βασιλείαις
911 4625 1208 4682 δείκνυται.

509 4800 617 4856 Καὶ
644 4776 904 4870 ἐξῆλθον
931 4805 984 4856 οί
1023 4803 1138 4858 υἱοὶ
1185 4807 1488 4876 Βενιαμίν.
1524 4806 1679 4872 Τίνος
1712 4809 1896 4862 ἕνεκεν
1929 4811 2021 4880 ἡτ-

2201 3165 2270 3220 Ει
2323 3184 2461 3222 uxor
2512 3171 2626 3244 ejus
2677 3173 2898 3240 sterilis,
2951 3185 2998 3228 et
3061 3191 3163 3228 non
3207 3177 3443 3244 pariebat
3485 3178 3552 3232 ".
3590 3179 3714 3236 Non

2128 3273 2191 3311 ex
2234 3263 2588 3325 natura,-sed
2647 3278 2715 3319 ex
2771 3264 3076 3322 ministerio
3138 3283 3280 3322 nunc
3339 3269 3577 3325 sterilem
3612 3287 3708 3326 vo-

2125 3359 2234 3405 cat.

2202 3427 2428 3484 Ferrum
2472 3445 2576 3485 non
2633 3429 2871 3485 ascendit
2930 3447 3088 3500 super
3143 3441 3298 3500 caput
3349 3449 3521 3488 meum
3579 3451 3710 3504 qus-

2132 3520 2274 3574 m'am
2317 3518 2597 3576 Nazirteus
2641 3520 2738 3576 Dei
2778 3537 2871 3591 ego
2917 3537 3032 3576 sum
3059 3523 3125 3576 ".
3179 3522 3284 3579 Per
3340 3533 3506 3581 totam
3552 3525 3709 3581 Sam-

2129 3611 2282 3667 sonis
2343 3611 2625 3669 historiam
2683 3611 2944 3668 fortitudo
2999 3613 3117 3683 ejus
3163 3615 3382 3672 videtur
3419 3616 3474 3672 in
3501 3618 3709 3684 capillis

2129 3705 2255 3760 sita.

2194 3796 2469 3869 Ejusdem.
2497 3795 2761 3870 Syrorum
2793 3799 2974 3870 lingua
3029 3799 3328 3870 Nazirtnum
3377 3807 3708 3861 custoditum

2128 3900 2303 3944 vocat.
2354 3890 2605 3960 Praecipit
2645 3900 2827 3946 autem
2879 3893 3020 3966 Deus
3072 3903 3128 3947 ut
3192 3895 3420 3950 Samson
3469 3913 3574 3951 non
3624 3913 3710 3952 8e-

2125 3991 2326 4050 quatur
2392 3997 2597 4037 morem
2667 3983 3036 4040 lsraelitarum
3110 3987 3201 4052 qui
3270 3996 3402 4043 tunc
3453 3991 3710 4060 temporis

2126 4071 2491 4139 radebantur,
2548 4082 2606 4127 ut
2657 4072 2813 4129 facile
2872 4076 2941 4130 ab
2992 4076 3244 4132 omnibus
3295 4080 3515 4148 agnosci
3575 4097 3708 4150 pos-

2125 4171 2270 4224 sent.

2200 4251 2268 4306 Et
2323 4253 2446 4323 fecit
2505 4254 2694 4323 Ephod
2741 4266 2791 4312 et
2847 4261 3121 4328 Terapltim
3171 4261 3237 4317 ⁸⁸.
3291 4261 3478 4333 Ephod
3542 4267 3708 4322 vestis

2125 4357 2243 4404 erat
2299 4351 2655 4406 sacerdotalis
2719 4369 2824 4423 qua
2886 4355 3105 4410 indutus
3166 4360 3426 4414 sacerdos
3472 4359 3708 4429 Spiritus

2119 4439 2294 4502 sancti
2336 4442 2567 4510 gratiam
2634 4446 2953 4516 recipiebat.
2998 4447 3330 4518 Tberapbim
3370 4462 3550 4507 autem
3598 4452 3706 4508 tale

2120 4531 2397 4600 quippiam
2460 4543 2578 4588 crat
2615 4537 2760 4604 quod
2801 4553 2907 4592 non
2977 4541 3164 4604 Deum,
3230 4542 3324 4596 sed
3365 4542 3566 4598 idolum
3607 4544 3705 4600 ali-

2118 4624 2260 4688 quod
2321 4637 2762 4696 repraesentaret,
2817 4640 2875 4686 ut
2905 4630 2956 4686 in
2997 4633 3152 4689 libris
3184 4634 3493 4706 Regnorum
3521 4648 3704 4694 osten-

2119 4713 2291 4770 ditur.

2192 4805 2261 4860 Et
2293 4807 2533 4863 exierunt
2564 4810 2663 4878 ﬁlii
2703 4811 2986 4880 Benjamin
3022 4814 3088 4869 ".
3123 4815 3233 4872 Cur
3261 4817 3551 4874 vincuntur
3607 4823 3704 4890 qui

433 4891 634 4946 τῶνται
661 4893 882 4957 δικαίως
915 4895 1267 4962 ἐπελθόντες
1309 4899 1379 4951 Ἦ
1411 4897 1570 4968 δῆλον
1604 4900 1686 4952 ὅτι
1709 4900 1794 4954 διὰ
1821 4902 2022 4972 προλα-

2140 4907 2257 4952 uste
2295 4900 2531 4968 aggressi
2560 4904 2754 4958 erant?
2798 4903 2992 4976 Liquet
3035 4910 3088 4964 id
3121 4909 3386 4968 accidisse
3407 4911 3476 4965 ob
3494 4926 3704 4980 praece-

433 4980 634 5054 6ούσης
666 4983 866 5047 αἰτίας.
918 4983 1026 5036 Καὶ
1057 4987 1086 5037 ό
1113 4985 1326 5056 ψαλμός
1371 5006 1553 5059 φησιν·
1589 5007 1608 5041 ι
1661 4991 1828 5043 Ὅταν
1871 4991 2019 5048 λάϐω

2128 4985 2328 5042 lentem
2348 5003 2592 5048 causam.
2611 4993 2668 5062 ιιι
2687 4996 2898 5065 psalmo
2922 4997 3119 5054 dicitur
3135 4998 3180 5029 ‘°
3204 5015 3216 5050 :
3251 4999 3413 5056 «Cum
3434 5016 3701 5072 accepero

435 5075 648 5144 καιρὸν,
679 5073 790 5144 ἐγὼ
823 5075 1123 5148 εὐθύτητας
1181 5079 1369 5151 κρινῶ.
1414 5101 1432 5132 ι
1477 5076 1610 5134 Εἶτα
1645 5085 1737 5137 καὶ
1773 5083 1916 5153 μετὰ
1958 5084 2019 5137 τὸ

2116 5085 2345 5145 tempus,
2390 5094 2491 5150 ego
2528 5081 2768 5154 justitias
2803 5085 3078 5156 judicabo.
3116 5108 3135 5143 ι
3169 5090 3374 5148 Deinde
3416 5103 3699 5162 postquam

436 5165 754 5235 ἡττηθῆναι,
790 5167 883 5220 καὶ
929 5167 1060 5238 μίαν
1113 5169 1207 5222 καὶ
1261 5170 1540 5242 δευτέραν,
1576 5172 1840 5244 μετῆλθεν
1879 5175 2018 5246 ὀργὴ

2128 5172 2279 5226 semel
2333 5181 2389 5226 et
2439 5174 2638 5231 iterum
2673 5177 2801 5234 victi
2858 5190 3002 5245 sunt,
3037 5181 3090 5236 in
3129 5191 3383 5239 auctores
3425 5186 3694 5243 malorum

434 5256 528 5310 ἐπὶ
550 5258 676 5321 τοὺς
700 5259 1050 5330 ἠδικηκότας,
1079 5261 1174 5316 καὶ
1194 5262 1385 5316 νικῶσι
1408 5263 1624 5319 δίκαιαν
1657 5263 1834 5335 νίκην.

539 5471 586 5551 _“
614 5471 734 5551 _Jud.
763 5489 836 5536 xt,
869 5475 960 5551 5_0.
1034 5476 1079 5508 "
1115 5477 1237 5536 .lud.
1269 5496 1365 5551 xu,
1399 5483 1453 5539 6.

432 5531 476 5563 ⁸⁰
505 5542 646 5600 Psal.
673 5531 858 5612 um,
881 5546 932 5602 5.

1559 5483 1607 5517 ³⁸
1641 5480 1766 5539 Jud.
1812 5497 1932 5552 xui,
1987 5483 2042 5540 2.

2122 5260 2204 5315 ira
2255 5264 2347 5322 Dei
2399 5271 2734 5339 supervenit,
2775 5279 2829 5326 et
2865 5271 3015 5342 jusla
3051 5272 3121 5330 de
3155 5274 3238 5336 eis
3276 5287 3584 5348 reportatur
3612 5277 3696 5332 vi-

2121 5355 2314 5413 ctoria.

2158 5489 2203 5522 "
2228 5491 2354 5552 lud.
2391 5513 2504 5568 xvr,
2536 5499 2624 5558 17.
2731 5502 2776 5535 ³⁸
2803 5499 2927 5562 Jud.
2961 5519 3090 5567 xvii,
3117 5503 3172 5559 5.
3248 5500 3438 5558 "Jud.
3479 5519 3570 5570 xx,
3597 5504 3689 5560 3|.
