4146 6440
1943 344 2265 403 ORIGENIS

3616 355 3720 414 959

2444 497 3690 522 —-———————————_——_—

1135 654 1710 748 OBIGENIS
1790 658 1913 746 IN
1991 657 2449 749 LIBRUM
2541 659 3070 751 JUDICUM

1661 867 2302 982 HOMILI/E
2343 866 2506 979 (’6’.

986 1247 1271 1304 llOMlLIA
1302 1247 1539 1303 PRIMA.

416 1408 423 1415 .
475 1361 551 1416 De
577 1378 636 1414 eo
666 1363 805 1431 quod
852 1363 1105 1429 scriptum
1134 1372 1208 1416 est
1239 1363 1281 1393 “
1318 1379 1333 1417 :
1391 1381 1409 1414 ι
1459 1362 1524 1416 Et
1568 1363 1771 1418 servivit
1822 1363 2043 1430 papulas

543 1432 769 1484 Domino
793 1433 1030 1485 omnibus
1051 1434 1234 1485 diebus
1264 1432 1416 1496 Iesu,
1444 1441 1492 1487 et
1514 1435 1773 1486 seniorum
1796 1434 1887 1500 qui
1910 1434 2044 1486 vitle-

545 1513 666 1623 }'unt
702 1504 890 1622 lautitia
920 1517 1079 1571 opera
1118 1501 1330 1556 Domini
1368 1519 1558 1572 magna
1609 1519 1726 1572 qua:
1771 1503 1897 1571 fecit
1924 1520 2042 1556 cum

578 1588 697 1625 ενιιε
755 1591 772 1623 ι

543 1707 594 1759 Ι.
621 1703 813 1759 Lector
834 1703 1047 1774 quidem
1087 1706 1368 1774 praesentis
1398 1704 1645 1761 lectionis
1682 1706 1753 1760 ita
1792 1706 2038 1776 legebat:

476 1808 495 1840 ι
532 1790 595 1844 Ει
620 1791 1037 1861 timuitpopulus
1065 1793 1347 1848 Dominum
1366 1794 1615 1849 omnibus
1642 1796 1832 1850 diebus
1854 1795 2036 1852 Jesu.»

467 1879 576 1936 Nos
611 1892 789 1935 autem
828 1882 1127 1937 habemus:
1165 1902 1184 1935 ι
1229 1882 1298 1938 Ει
1333 1885 1558 1939 servivit
1594 1888 1825 1956 populus
1857 1889 2037 1943 Domi.

465 1986 537 2025 no
564 1971 814 2027 omnibus
846 1972 1035 2028 diebus
1072 1973 1220 2039 Jesu,
1261 1984 1315 2030 et
1342 1976 1597 2031 omnibus
1628 1978 1817 2033 diebus
1863 1980 2042 2034 senio-

465 2076 585 2115 rum
604 2077 790 2116 eorum
829 2063 922 2133 qui
957 2063 1263 2133 longiorum
1303 2064 1512 2119 dierum
1543 2063 1761 2121 luerunt
1789 2077 1911 2136 post
1950 2066 2041 2123 Je-

465 2168 607 2207 sum.
638 2172 658 2207 »
692 2153 914 2223 Oportet
942 2167 1068 2224 ergo
1087 2154 1228 2209 scire
1255 2155 1379 2223 quia
1401 2156 1769 2225 unusquisque
1794 2167 2037 2212 nostrum

465 2243 584 2313 ipse
616 2243 720 2300 sibi
745 2253 985 2314 praestat,
1017 2254 1076 2299 ut
1106 2245 1157 2298 in
1195 2244 1352 2300 nobis
1380 2246 1572 2302 diebus
1609 2247 1681 2301 sit
1707 2258 1798 2301 aut
1824 2248 1877 2303 in
1925 2265 2039 2303 ma-

466 2336 553 2402 lis,
586 2346 639 2393 et
665 2347 724 2393 ut
756 2339 869 2393 dies
897 2338 1009 2408 (27)
1044 2337 1239 2392 habeat
1270 2337 1424 2403 .lesu,
1467 2338 1552 2393 vel
1592 2339 1704 2394 dies
1743 2341 2037 2409 justorum,

464 2437 558 2484 aut
612 2430 727 2485 dies
776 2430 970 2484 habeat
1007 2429 1314 2498 impiorum.
1367 2428 1425 2484 Si
1470 2430 1615 2484 enim
1676 2431 2037 2499 intelligamus

467 2539 487 2571 ι
527 2520 705 2574 lumen
754 2534 939 2573 verum
990 2520 1133 2589 quod
1188 2519 1455 2574 illuminat
1505 2535 1720 2574 omnem
1762 2522 2034 2578 hominem

2076 1255 2119 1311 Α
2150 1248 2269 1316 ejus
2307 1245 2479 1303 fuisse
2519 1245 2793 1301 videbitur
2828 1244 2967 1315 apud
2996 1259 3112 1311 eos,
3139 1245 3230 1314 qui
3258 1258 3381 1298 eum
3410 1244 3462 1297 in
3487 1254 3698 1304 mortem

2148 1339 2299 1395 falsis
2328 1337 2807 1394 criminationibus
2835 1338 3183 1392 tradiderunt
3207 1336 3231 1391 ?
3261 1334 3545 1402 Quomodo
3594 1336 3712 1390 istis

2146 1431 2479 1484 videbuntur
2527 1428 2642 1483 dies
2683 1427 2907 1497 iustitia:
2956 1435 3013 1481 et
3058 1426 3174 1481 dies
3215 1427 3365 1495 pacis
3403 1430 3606 1490 exorti,
3660 1426 3713 1480 in

2141 1538 2371 1593 quorum
2437 1524 2708 1579 mentibus
2760 1522 3069 1591 iniquitatis
3110 1529 3164 1574 et
3215 1519 3416 1574 [ιιτοιὶε
3475 1522 3713 1575 tenebrae

2144 1614 2540 1670 versabantur?
2565 1624 2619 1668 et
2650 1629 2866 1668 rursum
2899 1612 2944 1667 si
2998 1612 3066 1666 ad
3101 1612 3225 1667 tllos
3268 1613 3386 1666 dies
3418 1626 3555 1681 quos
3589 1610 3711 1664 Sal-

2141 1715 2298 1761 vator
2326 1706 2507 1776 exegit
2533 1707 2586 1760 in
2619 1720 2814 1770 carne,
2843 1707 3114 1763 referatur
3141 1707 3244 1761 hoc
3271 1703 3417 1774 quod
3449 1704 3709 1771 scriptum

2140 1805 2258 1853 est:
2290 1815 2307 1847 ι
2334 1793 2609 1851 Orictur‘o
2630 1797 3034 1869 indiebusejus
3060 1797 3294 1869 justitia,
3331 1808 3384 1853 et
3419 1794 3707 1850 multitudo

2140 1888 2310 1957 pacis,
2345 1907 2363 1940 ι
2408 1903 2551 1941 nunc
2577 1889 2831 1955 quoniam
2862 1904 2969 1943 non
3007 1901 3138 1945 sunt
3166 1890 3239 1944 illi
3267 1889 3402 1952 dies,
3438 1903 3570 1958 ergo
3599 1901 3706 1941 non

2139 1979 2321 2034 oritur
2428 1980 2644 2049 iustitia
2681 1981 2817 2049 ejus.
2855 1996 2957 2036 nec
2988 1982 3281 2035 multitudo
3313 1981 3465 2050 pacis
3505 1978 3707 2034 Christi

2139 2071 2280 2139 apud
2334 2069 2518 2125 ﬁdeles
2564 2080 2619 2126 et
2688 2071 2970 2139 religiosos
3021 2070 3310 2135 invenitur.
3365 2071 3532 2140 Magis
3582 2083 3710 2121 vero

2141 2160 2508 2230 unusquisque
2530 2175 2628 2229 pro
2655 2162 2866 2216 actibus
2894 2161 3006 2215 suis
3039 2170 3088 2214 et
3116 2161 3532 2215 conversatione
3563 2159 3707 2222 vitae,

2137 2250 2253 2305 dies
2304 2251 2406 2307 sibi
2463 2253 2545 2306 vel
2595 2252 2903 2321 iniquitatis
2956 2261 3012 2306 et
3056 2251 3210 2315 belli,
3262 2251 3348 2306 vel
3390 2250 3613 2318 iustitia:
3657 2258 3712 2303 et

2138 2342 2290 2412 pacis
2321 2342 2580 2411 acquirit.
2611 2342 2747 2396 Audi
2788 2342 3020 2410 denique
3054 2342 3375 2412 prophetam
3408 2341 3709 2396 dicentem:

2142 2450 2165 2484 ι
2200 2432 2560 2498 Timentibus,
2589 2434 2768 2502 inquit
2800 2434 2868 2495 ⁸⁵,
2901 2447 3099 2487 nomen
3150 2442 3321 2496 tuum,
3376 2432 3585 2486 orietur
3630 2429 3711 2484 sol

2135 2523 2384 2592 iustitiae,
2427 2544 2446 2576 ι
2485 2526 2605 2580 sine
2653 2526 2821 2579 dubio
2866 2534 2922 2576 ut
2973 2523 3139 2577 faciat
3187 2524 3268 2578 eis
3308 2524 3425 2578 dies
3460 2522 3710 2593 justitiae,

459 2609 770 2664 venientem
835 2609 890 2663 in
952 2609 1096 2664 hunc
1160 2609 1419 2663 mundum
1477 2608 1552 2675 “,
1596 2630 1614 2661 ι
1673 2619 1728 2663 et
1788 2612 2030 2679 praebea-
2065 2603 2108 2658 Β
2138 2617 2256 2672 dies
2287 2615 2435 2671 Jesu.
2478 2616 2553 2671 De
2584 2616 2765 2685 impiis
2807 2615 2962 2679 dicit,
2992 2615 3116 2682 quia
3161 2615 3370 2668 occidet
3412 2615 3492 2668 eis
3521 2614 3601 2667 sol
3625 2614 3714 2682 ju-

458 2712 583 2752 mns
634 2696 683 2751 ei
736 2697 802 2750 ad
860 2696 1272 2751 illuminandutn
1330 2695 1541 2751 animas
1576 2709 1814 2765 nostras,
1859 2711 1950 2754 aut
1988 2704 2032 2757 si

457 2787 625 2859 459
646 2789 855 2843 oriatur
878 2788 1033 2843 nobis
1062 2786 1412 2857 soljustitize,
1445 2797 1500 2842 et
1538 2793 1797 2845 mundum
1835 2794 2034 2849 anima:

461 2889 664 2934 nostra:
709 2879 824 2948 (28)
864 2879 1126 2935 habemus
1172 2878 1487 2947 hospitium,
1536 2880 1799 2939 habemus
1836 2894 1890 2939 et
1936 2899 2035 2939 nos

461 2970 579 3025 dies
603 2969 729 3026 Jesn
763 2971 986 3037 Christi,
1019 2973 1134 3028 dies
1165 2970 1377 3026 salutis.
1403 2970 1458 3027 Si
1485 2975 1608 3045 quis
1636 2990 1769 3031 vero
1790 2977 2031 3031 animam

459 3079 612 3119 suam
661 3065 954 3134 prazbuerit
989 3067 1054 3120 ad
1092 3067 1462 3138 recipiendam
1504 3068 1680 3124 lucem
1725 3070 1871 3124 illam
1914 3085 2034 3139 quae

458 3158 858 3227 exstinguetur,
905 3157 1080 3214 lucem
1124 3161 1454 3215 contrariam
1489 3162 1736 3227 veritati,
1787 3163 1937 3217 etab
1967 3178 2030 3216 ea

458 3248 624 3305 fuerit
659 3250 1015 3317 illuminatus,
1050 3251 1269 3306 habebit
1304 3262 1358 3308 et
1400 3252 1519 3323 ipse
1548 3253 1685 3319 dies,
1712 3256 1805 3310 sed
1838 3254 2029 3322 malos,

457 3352 512 3397 ct
546 3358 653 3399 non
693 3344 799 3399 erit
834 3345 886 3398 in
920 3344 1111 3400 diebus
1138 3342 1286 3411 Jesu,
1314 3346 1410 3402 sed
1443 3348 1548 3402 erit
1592 3346 1644 3401 in
1687 3347 1879 3403 diebus
1912 3348 2028 3403 Ma-

461 3451 646 3503 nasse,
685 3438 770 3491 vel
805 3438 856 3491 in
894 3434 1082 3491 diebus
1117 3435 1442 3503 Pharaonis,
1477 3439 1564 3494 vel
1595 3439 1646 3494 in
1677 3440 1903 3496 alterius
1932 3456 2030 3496 cu-

456 3528 764 3599 juscunque
804 3526 995 3583 diebus
1038 3529 1311 3598 pessimis.
1342 3528 1634 3600 Propterea
1694 3533 1927 3601 denique
1973 3534 2029 3589 in

458 3622 655 3677 diebus
687 3622 876 3675 Achab
919 3622 1061 3693 regis
1112 3622 1283 3692 iniqui
1328 3632 1382 3677 et
1426 3624 1650 3694 pessimi
1703 3640 1808 3679 non
1856 3625 2033 3694 potuit

461 3714 632 3767 Isaias
683 3711 875 3767 videre
910 3710 1108 3779 visum,
1149 3728 1256 3767 non
1312 3714 1485 3782 potuit
1517 3713 1703 3769 videre
1744 3715 2030 3770 Dominum

459 3803 700 3858 Sabaoth
731 3802 1007 3857 sedentem
1042 3817 1202 3873 super
1227 3803 1485 3858 thronum
1514 3805 1790 3861 excelsum
1822 3815 1879 3861 et
1917 3806 2029 3861 ele-

456 3907 665 3949 vatnm.
699 3893 805 3949 Sed
831 3907 897 3948 ex
923 3908 1030 3964 quo
1062 3905 1310 3950 mortuus
1347 3904 1430 3950 est
1461 3910 1556 3951 rex
1584 3911 1840 3966 nequam,
1876 3896 2030 3965 cujus

456 3998 616 4041 erant
649 3987 765 4042 dies
794 3986 943 4051 ntali,
979 3995 1088 4041 tum
1121 3987 1300 4058 potuit
1328 3987 1515 4042 videre
1561 3990 1821 4059 propheta
1864 3990 2029 4045 visio-

456 4097 580 4136 nem
608 4080 698 4134 Dei
727 4080 791 4133 ⁸³.
820 4079 887 4134 Ει
911 4081 991 4135 vis
1016 4095 1176 4134 nosse
1202 4080 1329 4151 quia
1366 4080 1482 4135 dies
1512 4081 1601 4135 isti
1626 4095 1747 4135 cum
1777 4081 2030 4137 dicuntur

457 4173 512 4231 itt
540 4171 843 4241 Scripturis
876 4171 1040 4238 illius,
1074 4171 1164 4225 vel
1200 4171 1364 4237 illius,
1399 4185 1507 4224 non
1540 4170 1848 4241 signiﬁcent
1888 4180 2029 4226 tem-

454 4278 555 4332 pus
582 4262 702 4319 vita:
733 4260 876 4318 illius
920 4261 987 4315 de
1023 4276 1127 4329 quo
1164 4260 1384 4325 dicitur,
1436 4258 1521 4314 vcl
1556 4260 1865 4329 przesentia:
1908 4276 2029 4315 cor-

453 4353 705 4425 poralis?
748 4352 890 4406 Attdi
940 4351 1069 4422 quid
1098 4351 1165 4406 de
1198 4351 1389 4406 diebus
1441 4352 1653 4407 Domini
1687 4353 1858 4407 nostri
1901 4350 2028 4408 Jesu

453 4444 654 4499 Christi
678 4444 948 4512 Propheta
969 4444 1282 4513 praedixerit
1308 4460 1322 4497 :
1360 4462 1378 4494 ι
1410 4443 1724 4508 Exorielur,
1749 4442 1928 4514 inquit
1959 4444 2029 4511 “,

454 4537 508 4589 in
529 4536 718 4589 diebus
735 4534 852 4602 ejus
874 4534 1106 4601 Justitia,
1129 4541 1184 4588 et
1225 4533 1557 4588 abundantia
1579 4535 1730 4603 pacis
1747 4550 2029 4605 usqueqno

453 4627 750 4682 extollatur
779 4626 928 4679 luna.
966 4644 985 4678 ι
1023 4624 1138 4679 Hoc
1168 4626 1213 4679 si
1249 4625 1322 4678 ita
1358 4626 1711 4694 accipiamus,
1742 4627 1885 4695 quod
1911 4626 2025 4680 die-

454 4718 559 4770 bus
592 4715 792 4784 quibus
829 4713 1084 4767 Salvator
1129 4711 1521 4765 demorabatur
1558 4711 1611 4765 itt
1660 4712 1844 4775 terris,
1911 4711 2027 4765 dies

453 4806 886 4875 erantjustitiaa,
926 4816 981 4860 et
1012 4805 1126 4859 dies
1153 4804 1328 4874 pacis,
1366 4804 1635 4873 quomodo
1679 4802 2029 4872 probabimus

453 4902 571 4954 dies
611 4898 838 4967 iustitiae
886 4908 1109 4953 exorlos
1158 4912 1278 4952 esse
1319 4897 1385 4951 iis
1419 4895 1512 4966 qui
1563 4911 1688 4950 eum
1728 4896 2019 4950 cruciﬂxe-

453 4998 604 5058 runt,
626 4997 681 5043 ct
705 4989 796 5057 qui
830 4988 1114 5043 adventum
1146 4998 1199 5041 et
1237 4987 1395 5040 ﬁdem
1435 4986 1555 5055 ejus
1587 4986 1699 5056 (29)
1738 5002 1845 5040 non
1880 5001 2029 5040 rece-

452 5082 692 5151 perunt?
736 5082 840 5135 Ant
892 5081 1163 5150 quomodo
1208 5078 1499 5133 multitudo
1535 5077 1687 5147 pacis
1742 5077 1795 5131 in
1838 5078 2029 5133 diebus

564 5204 607 5235 ⁶¹
646 5202 771 5258 Jud.
811 5218 870 5265 tt,
908 5201 961 5254 7.
1036 5201 1079 5233 δ’
1104 5200 1259 5254 .loan.
1294 5199 1415 5263 t,9.

453 5275 497 5307 "
531 5274 691 5331 Prov.
720 5288 841 5336 xm,
863 5274 929 5338 9;
953 5270 1073 5327 Job.
1104 5286 1258 5339 xvut,
1296 5270 1349 5324 5.

1524 5199 1569 5230 ⁸³
1594 5198 1714 5254 lsai.
1748 5214 1799 5255 ν.

524 5414 635 5486 (26)
664 5414 887 5470 Collatze
916 5424 1045 5471 sunt
1094 5425 1385 5485 sequentes
1432 5415 1670 5472 homilire
1702 5430 1824 5469 eum
1863 5415 2035 5471 tribus

454 5502 609 5545 mss"
638 5501 747 5554 uno
776 5486 1233 5554 Sangermanensi
1265 5494 1322 5540 et
1350 5487 1559 5541 duobus
1588 5487 2032 5539 Ebroicensihns.

527 5555 639 5625 (27)
670 5553 822 5619 Mss.,
874 5553 909 5606 «ί
937 5566 991 5609 et
1035 5566 1094 5608 ut
1123 5558 1258 5609 dies.
1305 5574 1323 5607 ι
1369 5555 1425 5609 ltt
1483 5556 1611 5609 libb.
1662 5564 1821 5608 antea
1875 5555 2035 5607 editis

457 5622 611 5679 deest
652 5642 673 5673 ι
707 5633 761 5677 et
795 5636 871 5679 ut.
911 5644 929 5677 ι
967 5624 1134 5679 Paulo
1167 5635 1289 5692 post
1317 5624 1446 5678 libb.
1480 5626 1607 5678 editi
1643 5625 1864 5687 habent,
1917 5641 1935 5674 ι
1982 5625 2032 5678 id

456 5702 539 5746 est
561 5692 1012 5762 dics‘justornm.
1054 5714 1073 5744 ι
1105 5694 1255 5758 Mss.,
1285 5714 1302 5744 ι
1337 5694 1416 5748 vel
1444 5694 1557 5746 dies
1580 5695 1865 5762 justurum.
1902 5712 1920 5743 ι

529 5761 642 5832 (28)
686 5760 835 5827 Mss.,
875 5781 893 5812 ι
918 5763 1350 5820 aninmnostrm.
1378 5783 1397 5817 ι
1429 5760 1757 5832 ιιὶωιζεάὶιὶ,
1787 5781 1805 5814 ι
1837 5764 2032 5819 animus

1909 5200 1954 5231 ⁸⁸
1991 5200 2134 5258 Psal.
2179 5217 2327 5259 Lxxtt
2379 5203 2431 5258 7.

2137 2709 2319 2773 stitize,
2350 2709 2471 2763 sine
2496 2708 2658 2763 dubio
2704 2706 2810 2761 illis
2853 2706 2905 2760 in
2943 2706 3142 2775 quibus
3167 2705 3378 2774 justitia
3415 2706 3618 2759 dormit
3657 2705 3711 2757 itt

2137 2802 2236 2867 eis,
2290 2808 2346 2855 et
2395 2799 2638 2853 tenebra:
2677 2798 2758 2852 eis
2805 2796 3112 2866 iniquitatis
3164 2806 3368 2852 exorta:
3408 2805 3555 2852 sunt.
3617 2794 3713 2850 Vis

2139 2902 2323 2946 autem
2354 2890 2602 2947 similiter
2627 2904 2657 2944 a
2688 2888 2960 2959 Propheta
2987 2887 3201 2944 discere
3228 2888 3323 2958 qui
3354 2890 3462 2943 sint
3494 2888 3584 2958 qui
3615 2888 3715 2941 ha-

2138 2983 2302 3039 beant
2333 2982 2734 3039 multitudinem
2770 2979 2967 3052 pacis?
2998 2978 3142 3033 Audi
3182 2980 3456 3050 quomodo
3490 2978 3625 3034 dicit
3657 2978 3708 3032 in

2136 3074 2369 3130 Psalmis
2396 3075 2481 3130 ⁶⁶;
2515 3094 2534 3128 ι
2573 3075 2685 3130 Pax
2714 3077 2885 3130 multa
2912 3074 3269 3145 diligentibus
3302 3088 3498 3127 nomen
3536 3081 3709 3136 tuum,

2140 3175 2198 3222 et
2232 3181 2342 3220 non
2372 3174 2457 3221 est
2491 3165 2600 3221 illis
2631 3166 2973 3221 scandalum.
3010 3186 3030 3221 ι
3090 3167 3215 3222 Dies
3247 3179 3379 3234 ergo
3404 3164 3630 3234 iustitia
3655 3171 3712 3218 et

2137 3257 2426 3313 multitudo
2463 3257 2614 3329 pacis
2651 3258 2933 3312 exorietur
2974 3256 3329 3327 diligentibus
3366 3270 3562 3310 nomen
3604 3254 3710 3308 Do-

2136 3347 2292 3403 mini.
2325 3347 2432 3403 Sed
2454 3346 2659 3403 habent
2689 3357 2744 3403 et
2776 3347 2931 3417 impii
2960 3348 3137 3403 lucem
3169 3362 3346 3413 suam,
3371 3362 3437 3403 ex
3466 3361 3567 3415 qua
3593 3346 3711 3399 sine

2134 3438 2303 3494 dubio
2333 3439 2661 3493 exoriuntur
2685 3439 2766 3494 eis
2810 3441 2928 3495 dies
2957 3438 3106 3493 mali.
3153 3439 3247 3494 Vis
3291 3446 3471 3492 autem
3513 3446 3569 3490 et
3606 3437 3709 3489 hoc

2138 3529 2234 3585 tibi
2265 3530 2332 3584 de
2365 3530 2667 3599 Scripturis
2696 3530 2960 3600 probari?
2981 3531 3117 3584 Audi
3150 3530 3279 3600 quid
3304 3529 3566 3598 scriptum
3591 3538 3709 3581 est:

2142 3639 2161 3672 ι
2196 3619 2333 3681 Lux,
2363 3620 2542 3690 inquit
2570 3619 2815 3687 ",justis
2842 3635 3081 3690 semper,
3102 3620 3191 3673 lux
3215 3628 3393 3673 autem
3421 3617 3712 3687 impiorum

2134 3711 2533 3780 exstinguetur.
2568 3729 2589 3765 ι
2625 3710 2786 3779 Vides
2804 3726 2935 3781 ergo
2960 3712 3086 3781 quia
3109 3720 3193 3767 est
3219 3711 3436 3780 propria
3465 3710 3712 3778 quaedam

2136 3800 2222 3855 lux
2263 3802 2576 3872 impiorum,
2604 3818 2724 3872 qua:
2747 3805 3138 3874 exstinguitur,
3180 3814 3236 3859 et
3280 3803 3372 3857 lux
3408 3802 3707 3871 jnstornm,

2137 3907 2258 3961 quas
2286 3902 2571 3961 permanet
2600 3895 2654 3948 in
2684 3905 2971 3949 aeternum.
3008 3895 3073 3949 Et
3099 3895 3285 3950 nescio
3319 3894 3363 3948 si
3395 3904 3503 3947 tant
3533 3894 3712 3961 inepte

2136 3983 2260 4050 quis
2297 3983 2583 4054 intelligat,
2610 3994 2669 4038 ut
2697 3994 2846 4054 putet
2868 4001 2993 4041 esse
3025 3986 3263 4055 aliquam
3294 3984 3708 4039 substantialem

2138 4071 2336 4140 lucem,
2367 4073 2526 4127 aliam
2562 4088 2685 4144 quae
2715 4074 3003 4144 impiorum
3032 4074 3269 4139 dicatur,
3297 4082 3352 4129 et
3378 4073 3538 4127 aliam
3588 4086 3709 4139 quat

2133 4164 2431 4235 justorum.
2476 4166 2632 4233 Quod
2694 4168 2882 4236 utique
2941 4166 3087 4223 nullo
3138 4167 3296 4222 modo
3352 4166 3466 4219 ﬁeri
3509 4176 3705 4233 petest.

2143 4256 2258 4313 Una
2315 4258 2458 4312 enim
2507 4268 2593 4313 est
2648 4258 2736 4313 lux
2789 4260 2975 4313 mundi
3012 4275 3041 4313 a
3082 4259 3188 4313 Deo
3236 4259 3373 4312 facta
3415 4258 3551 4326 (3i),
3590 4273 3711 4326 qua:

2134 4350 2392 4404 omnibus
2430 4352 2795 4405 communiter
2847 4361 2901 4404 et
2953 4349 3235 4420 aequaliter
3269 4349 3434 4402 lucet.
3465 4346 3570 4401 Sed
3608 4347 3711 4401 hoc

2133 4441 2294 4494 modo
2351 4442 2497 4510 quod
2550 4442 2812 4511 superius
2871 4442 3242 4509 exposuimus,
3301 4439 3708 4507 intelligendum

2132 4541 2236 4597 est,
2285 4534 2429 4602 quod
2475 4533 2655 4586 anima
2691 4541 2877 4587 nostra
2932 4542 3029 4587 aut
3073 4546 3204 4585 vero
3256 4530 3459 4585 lumine
3507 4531 3709 4584 illumi-

2138 4632 2323 4687 natur,
2355 4623 2497 4692 quod
2543 4638 2817 4692 nunquam
2862 4624 3265 4691 exstinguetur,
3298 4623 3388 4691 qui
3436 4631 3519 4676 est
3549 4621 3706 4676 Chri-

2135 4724 2296 4778 sms;
2346 4724 2440 4767 aut
2484 4712 2531 4766 si
2574 4729 2678 4766 non
2722 4713 2884 4767 habet
2931 4715 2984 4767 in
3034 4729 3095 4768 se
3142 4713 3284 4767 istud
3323 4711 3501 4767 lumen
3562 4711 3704 4779 quod

2137 4814 2402 4859 aeternum
2434 4818 2540 4873 est,
2592 4805 2873 4873 temporali
2907 4806 3028 4860 sine
3071 4806 3233 4861 duhio
3259 4815 3312 4859 et
3337 4804 3706 4874 exstinguihili

2135 4898 2337 4953 lumine
2384 4900 2723 4953 illuminatur
2762 4900 2829 4951 ab
2878 4899 2970 4953 illo
3013 4900 3104 4969 qui
3155 4899 3501 4968 transfigurat
3549 4912 3607 4952 se
3654 4898 3706 4951 in

2137 4990 2387 5057 angelum
2436 4992 2593 5057 lucis,
2637 5001 2692 5044 et
2738 4989 2870 5044 I'alsa
2911 4990 3031 5045 luce
3084 4991 3355 5045 illuminat
3386 5004 3480 5045 cor
3509 5005 3707 5058 pecca-

2138 5083 2292 5145 toris,
2348 5092 2413 5136 ut‘
2449 5084 2735 5137 videantur
2789 5084 2836 5137 ei
2893 5083 2981 5136 illa
3020 5098 3142 5138 esse
3174 5084 3312 5137 bona
3342 5091 3392 5136 et
3424 5081 3707 5151 praeclara,

2531 5204 2575 5237 ⁸⁵
2624 5200 2857 5257 Malach.
2892 5218 2966 5268 tv,
3006 5202 3061 5257 2.
3171 5201 3215 5231 ⁸⁸
3240 5201 3385 5256 Psal.
3410 5197 3706 5265 cxtx,165.

2143 5422 2409 5468 nostrum.
2444 5432 2463 5466 ι

2213 5484 2324 5553 (“29)
2370 5483 2519 5549 Mss.,
2558 5501 2576 5533 ι
2611 5483 2902 5535 adventum
2932 5491 2987 5536 et
3027 5480 3182 5536 ﬁdem
3222 5481 3363 5551 ejus.
3403 5498 3423 5533 ι
3459 5479 3516 5536 ιη
3545 5490 3705 5537 antea

2140 5554 2299 5608 editis
2326 5557 2477 5607 deest
2514 5570 2533 5603 ι
2583 5564 2634 5606 et
2668 5553 2849 5605 ﬁdem.
2893 5570 2911 5602 ι

2212 5622 2324 5692 (50)
2366 5622 2517 5685 Mss.,
2558 5642 2576 5673 ι
2610 5624 2803 5675 uritur.
2842 5640 2881 5692 »ί
2918 5622 3072 5675 Libb.
3101 5621 3254 5682 editi,
3297 5621 3567 5692 «orietur.
3607 5637 3631 5676 ι

2211 5689 2321 5763 (El)
2366 5692 2517 5758 3155.,
2551 5712 2568 5744 ι
2607 5694 2773 5748 facta.
2809 5710 2828 5743 ›
2868 5691 3027 5747 LiDb.
3065 5692 3221 5757 editi,
3260 5709 3277 5742 ι
3314 5689 3467 5746 l'acli.
3502 5708 3522 5743 ι
