4146 6400
399 402 499 459 955

1459 394 1523 449 ΙΝ
1561 393 1823 449 LIBRUM
1852 344 2155 449 ίιυυιευιι
2197 386 2479 445 IIOMILIA
2520 383 2561 439 1.

3556 362 3662 424 951ι

407 534 518 592 qua:
544 526 673 575 sunt
700 514 987 586 praesentia
1020 524 1076 569 et
1104 514 1330 570 caduca.
1384 513 1492 570 lsto
1537 515 1747 570 lumine
1776 514 1974 569 illumi-
2004 518 2050 574 Λ
2080 522 2136 568 et
2187 509 2477 581 praeceptis
2523 506 2635 561 suis
2673 501 2993 559 illuminant
3030 498 3195 552 corda
3243 499 3550 592 nostrai-et.
3578 490 3662 543 fa-

399 621 598 666 nantur
639 608 714 662 illi
761 606 851 677 qui
904 622 1175 661 summum
1238 607 1438 661 bonum
1495 606 1824 676 voluptatem
1873 623 1972 675 pu-

401 711 541 757 tant.
574 699 680 756 Isto
728 699 929 753 lumine
981 698 1365 752 illuminantur
1411 697 1486 751 illi
1542 698 1634 766 qui
1676 699 1892 753 divitias
1924 708 1978 754 et

402 796 636 849 honores
681 791 793 865 (32)
842 791 1022 847 seculi
1064 799 1121 846 et
1173 800 1446 845 terrenam
1503 789 1764 860 gloriam,
1822 792 1975 859 quasi

399 883 721 941 arternitatis
765 880 1084 936 memoriam
1115 890 1388 950 quaerunt.
1436 879 1577 933 Sunt
1623 894 1757 950 ergo
1790 880 1878 934 isti
1922 880 1977 936 in

402 978 598 1033 diebus
637 974 779 1030 lucis
829 972 948 1041 ejus
1010 986 1131 1041 qua:
1185 971 1585 1041 exstinguetur.
1629 969 1823 1026 Omnia
1864 971 1981 1026 haec

405 1086 527 1139 quas
555 1078 724 1141 agunt
770 1079 826 1124 et
872 1082 993 1137 «gnte
1042 1067 1351 1123 desiderant
1395 1075 1449 1121 et
1491 1065 1736 1136 cupiunt,
1777 1065 1983 1120 exstin-

402 1168 666 1231 guuntur.
699 1158 809 1213 lloc
841 1157 1043 1214 lumine
1071 1156 1452 1213 illuminantur
1477 1165 1533 1210 et
1569 1155 1832 1222 haeretici,
1859 1155 1981 1210 falsi

404 1250 642 1306 nominis
662 1249 945 1307 scientiam
987 1249 1369 1318 praedicantes.
1405 1247 1542 1304 Hinc
1575 1247 1815 1304 Marcion
1858 1247 1982 1302 illu-

406 1341 670 1404 minatus,
702 1338 871 1393 Deum
904 1336 1289 1408 legisjustum,
1321 1337 1417 1393 sed
1458 1352 1564 1392 non
1599 1338 1797 1392 bonum
1828 1336 1977 1392 dicit.

408 1428 465 1483 Si
497 1443 626 1499 ergo
655 1439 803 1483 recte
845 1428 1217 1483 intelleximus
1266 1428 1360 1498 qui
1412 1427 1521 1483 sint
1564 1428 1713 1497 quia
1753 1427 1983 1482 Domino

408 1527 597 1575 nostro
632 1517 758 1573 Jesu
808 1519 1025 1574 Christo
1068 1535 1197 1575 vero
1240 1520 1443 1574 lumine
1487 1517 1887 1581 illuminantur,
1928 1526 1984 1573 et

407 1612 499 1680 qui
535 1611 641 1666 sint
668 1611 784 1666 dies
810 1611 899 1679 qui
937 1612 1004 1666 ab
1037 1611 1133 1666 illo
1166 1611 1568 1678 illuminantur,
1599 1610 1689 1681 qui
1720 1625 1779 1664 se
1808 1619 1983 1666 trans-

407 1701 605 1772 ﬁgurat
637 1702 689 1756 in
721 1706 972 1773 angelum
1010 1702 1146 1758 lucis
1179 1744 1193 1768 ,
1234 1713 1287 1758 et.
1342 1704 1497 1773 cujus
1548 1704 1730 1757 lumen
1779 1705 1985 1758 GXSlilt-

408 1793 627 1862 guitur,
683 1805 1057 1866 competenter
1112 1797 1414 1866 intelligere
1473 1812 1759 1865 possumus
1820 1797 1982 1850 etiam

406 1886 545 1940 istos
567 1883 691 1942 Jesu
722 1885 961 1952 Domini,
990 1886 1056 1940 de
1083 1885 1278 1956 quibus
1302 1887 1497 1941 dicitur
1528 1888 1670 1957 quod
1701 1906 1717 1937 ι
1756 1887 1983 1941 servivit

410 1976 637 2043 populus
684 1975 913 2029 Domino
962 1976 1215 2030 omnibus
1261 1976 1454 2032 diebus
1502 1976 1672 2043 Jesu;
1717 1996 1735 2029 ι
1775 1986 1982 2031 certum

410 2082 644 2137 namque
664 2077 746 2122 est
772 2070 913 2137 quod
944 2069 1033 2137 qui
1073 2070 1238 2123 habet
1272 2069 1322 2122 in
1365 2083 1423 2123 se
1452 2069 1570 2123 dies
1600 2068 1752 2133 .lesu,
1781 2068 1986 2122 serviat

408 2160 674 2214 Domino:
711 2176 810 2215 nec
853 2160 970 2214 fieri
1022 2171 1223 2229 potest,
1279 2170 1336 2215 ut
1381 2162 1590 2215 habens
1621 2161 1673 2215 in
1702 2176 1761 2216 se
1788 2160 1986 2230 aliquis

409 2251 525 2305 dies
548 2249 675 2306 Jesu
708 2262 761 2306 et
794 2252 973 2307 lumen
1005 2252 1208 2306 Christi
1239 2252 1443 2306 serviat
1474 2250 1706 2315 Zabulo,
1744 2260 1837 2305 aut
1872 2266 1987 2306 ser-

408 2344 520 2398 viat
548 2345 828 2399 avaritias:
872 2360 971 2398 nec
1003 2353 1180 2412 potest
1226 2344 1342 2398 fieri
1394 2352 1452 2397 ut
1487 2343 1826 2398 illuminetur
1865 2343 1988 2413 quis

410 2436 615 2492 lumine
645 2436 893 2491 veritatis
920 2446 973 2490 et
1019 2437 1225 2490 serviat
1279 2437 1606 2492 mendacio:
1670 2453 1769 2492 nec
1814 2445 1989 2506 potest

413 2527 749 2583 illuminalus
781 2527 981 2582 lumine
1027 2529 1505 2591 sanctificationis,
1555 2529 1766 2584 libidini
1799 2538 1852 2582 et
1881 2529 1987 2583 im~

412 2618 692 2673 munditiae
762 2621 1063 2675 deservire.
1118 2619 1364 2688 Denique
1432 2620 1513 2675 sic
1584 2628 1637 2674 et
1700 2619 1990 2688 Apostolus

416 2708 549 2763 dicit
577 2709 622 2740 ⁸⁸
649 2725 664 2762 :
696 2728 714 2764 ι
751 2708 883 2776 Quae
906 2711 1052 2764 enim
1084 2711 1433 2780 participatio
1480 2719 1564 2764 est
1608 2710 1832 2781 jnstitia:
1863 2726 1986 2765 cum

413 2800 740 2870 iniquitate?
762 2801 872 2855 Aut
891 2818 1014 2871 quae
1044 2802 1286 2857 societas
1314 2802 1417 2856 luci
1449 2802 1515 2855 ad
1541 2801 1834 2856 tenebras?
1859 2802 1991 2869 Quae

412 2902 593 2946 autem
635 2894 992 2948 consonantia
1038 2894 1262 2950 Christo
1308 2908 1434 2947 cum
1480 2893 1695 2948 Belial?
1726 2896 1829 2947 Aut
1869 2908 1992 2963 quae

409 3000 539 3055 pars
564 2985 705 3039 fideli
737 3000 860 3039 cum
896 2985 1149 3041 infideli?
1192 3005 1210 3037 ι
1262 2984 1494 3039 Oremus
1533 3000 1662 3055 ergo
1695 2995 1751 3038 ut
1777 2998 1993 3053 semper

410 3078 466 3131 in
504 3077 665 3131 nobis
704 3075 957 3131 Christus
1004 3079 1094 3146 qui
1145 3088 1229 3131 est
1285 3076 1377 3129 lux
1434 3090 1583 3141 vera,
1645 3077 1807 3129 faciat
1873 3075 1990 3129 dies

408 3165 607 3228 bonos,
640 3180 741 3220 nec
781 3181 1021 3235 unquam
1047 3168 1112 3221 de
1138 3167 1347 3221 Zabulo
1380 3181 1478 3220 nos
1510 3165 1851 3219 illuminante
1877 3163 1988 3234 (‘55)
2018 3190 2059 3247 ο

410 3258 708 3312 habeamus
758 3258 811 3311 in
865 3258 1028 3313 nobis
1085 3258 1201 3312 dies
1258 3257 1452 3323 malos,
1506 3258 1573 3312 de
1616 3258 1810 3326 quibus
1856 3256 1990 3310 dicit

409 3346 703 3415 Apostolus
734 3347 778 3379 ”’
811 3366 823 3401 :
874 3365 891 3398 ι
923 3347 1273 3403 Redimentes
1305 3358 1535 3417 tempus.
1574 3347 1834 3416 quoniam
1872 3346 1990 3401 dies

410 3435 539 3488 mali
573 3444 719 3490 sunt.
762 3454 782 3486 ι
840 3437 968 3493 Dies
1015 3438 1160 3492 enim
1212 3438 1385 3492 malos
1434 3440 1722 3500 habemus.
1774 3437 1991 3506 quando

411 3526 654 3579 carnalia
700 3541 799 3596 pro
847 3527 1183 3598 spiritalibus
1230 3529 1547 3598 quaerimus,
1609 3539 1829 3583 terrena
1891 3543 1991 3596 pro

410 3616 750 3684 ctelestibus,
792 3633 891 3687 pro
938 3619 1160 3673 aeternis
1191 3622 1417 3686 caduca,
1446 3622 1736 3690 praesentia
1778 3635 1875 3689 pro
1907 3620 1990 3673 fu-

413 3707 567 3761 turis.
603 3706 659 3762 Si
705 3710 925 3777 quando
949 3725 1079 3778 ergo
1118 3711 1490 3781 hujuscemodi
1534 3713 1586 3766 in
1632 3723 1683 3766 te
1722 3713 1992 3767 desideria

412 3800 615 3854 videris
643 3803 871 3867 exoriri,
910 3802 1052 3857 scito
1080 3810 1131 3855 te
1162 3801 1214 3856 in
1244 3802 1438 3857 diebus
1471 3803 1626 3857 malis
1650 3812 1704 3858 et
1740 3802 1994 3872 pessimis

411 3891 576 3961 4.60
607 3894 838 3961 positum
865 3911 881 3948 :
910 3905 962 3949 et
995 3894 1117 3948 ideo
1152 3894 1340 3949 insiste
1373 3896 1715 3949 orationibus
1757 3904 1815 3946 ut
1859 3894 1993 3947 libe-

414 3985 551 4037 reris
588 3998 618 4037 a
659 3986 747 4040 die
784 3985 898 4050 illo,
949 3996 1031 4050 et,
1088 3987 1228 4043 sicut
1281 3986 1413 4042 dicit
1463 3985 1748 4057 Aposrolus
1787 3986 1857 4049 "°,
1888 3986 1996 4037 eri-

414 4076 582 4143 piaris
622 4095 639 4127 r
676 4077 741 4131 de
790 4079 1040 4145 praesenti
1093 4079 1294 4134 saeculo
1345 4078 1485 4132 malo
1535 4096 1550 4144 ;
1614 4096 1633 4129 ι
1699 4077 1801 4132 hoc
1849 4076 1993 4131 enim

419 4168 615 4233 modo,
674 4169 815 4236 quod
870 4171 1121 4238 superius
1179 4171 1444 4235 diximus,
1493 4185 1597 4225 ιιοιι
1654 4169 1828 4222 solum
1882 4168 1999 4224 dies

416 4260 552 4314 fiunt
589 4260 748 4327 mali,
784 4262 877 4316 sed
921 4273 975 4317 et
1004 4264 1259 4319 saeculum
1296 4264 1526 4319 efficitur
1558 4262 1781 4315 malum.

487 4349 543 4403 2.
590 4368 608 4401 ι
654 4350 890 4408 Servivit
962 4369 1091 4425 ergo
1153 4355 1382 4424 populus
1434 4354 1685 4413 Domino.
1747 4352 1999 4406 omnibus

418 4441 609 4496 diebus
652 4443 803 4506 Jesu,
842 4455 895 4499 et
920 4445 1173 4499 onmibus
1215 4447 1488 4500 seniorum
1529 4444 1720 4498 diebus
1753 4445 1840 4512 qui
1876 4443 1996 4497 fue-

2079 604 2236 658 ciuut
2269 601 2433 654 etiam
2463 598 2565 666 ipsi
2598 596 2714 649 dies
2754 592 3015 662 quosdam
3048 588 3104 641 in
3133 585 3293 640 nobis
3323 598 3389 637 ex
3424 582 3510 635 illa
3538 581 3662 635 luce

2080 710 2243 763 quam
2270 692 2371 762 ipsi
2406 707 2471 746 ex
2509 704 2637 743 vera
2667 688 2792 741 luce
2818 679 3132 754 participati
3170 685 3317 744 sunt,
3341 673 3665 729 venientes?

2080 784 2183 851 Qui
2215 797 2348 851 ergo
2378 779 2719 834 illuminatur
2748 784 2805 829 et
2842 771 3134 827 instruitur
3165 782 3233 823 ex
3285 764 3661 836 apostolorum

2080 874 2386 943 praeceptis,
2439 879 2493 925 et
2535 869 2601 923 ad
2641 866 2921 923 servitium
2957 860 3168 917 Domini
3222 856 3537 929 apostolicis
3574 869 3657 908 re-

2082 965 2220 1036 gulis
2246 961 2554 1023 instruitur,
2585 959 2687 1013 iste
2713 964 2796 1010 est
2827 953 2917 1024 qui
2947 951 3161 1008 servire
3190 948 3393 1002 dicitur
3431 944 3660 999 Domino

2081 1034 2135 1112 in
2166 1054 2356 1110 diebus
2396 1051 2669 1107 seniorum
2723 1045 2818 1115 qui
2862 1043 3085 1098 fuerunt
3136 1048 3258 1111 post
3300 1036 3509 1093 Jesum.
3563 1034 3660 1089 Vis

2083 1156 2268 1200 autem
2320 1141 2508 1196 videre
2538 1140 2663 1208 quia
2705 1136 2848 1191 sicut
2880 1132 3134 1188 Salvator
3166 1147 3186 1182 ι
3218 1135 3338 1184 erat
3372 1127 3462 1181 lux
3506 1139 3661 1188 vera,

2083 1250 2205 1306 quae
2233 1232 2505 1289 illuminat
2532 1240 2749 1284 omnem
2772 1222 3050 1278 hominem
3088 1217 3397 1273 venientem
3430 1213 3485 1268 in
3515 1212 3662 1266 hunc

2082 1301 2346 1381 mundum
2380 1323 2448 1389 ",
2488 1339 2508 1373 ι
2546 1321 2619 1374 ita
2646 1326 2703 1373 et
2733 1304 2960 1386 apostoli
3001 1312 3089 1365 lux
3131 1315 3289 1362 erant
3330 1304 3515 1360 mundi
3545 1302 3569 1356 Ἰ
3602 1301 3660 1355 In

2093 1414 2389 1486 Evangelia
2412 1413 2676 1482 scriptum
2701 1416 2809 1472 est,
2836 1406 3051 1462 dicente
3080 1400 3308 1456 Domino
3339 1396 3407 1451 ad
3440 1410 3535 1452 eos
3566 1395 3613 1426 "
3643 1411 3658 1448 :

2091 1529 2109 1562 ι
2144 1508 2252 1564 Vos
2296 1506 2429 1562 estis
2479 1505 2567 1557 lux
2620 1500 2829 1556 mutuli.
2875 1516 2893 1549 ι
2930 1496 3082 1562 Quod
3119 1493 3163 1547 si
3210 1492 3379 1547 etiam
3428 1486 3659 1558 apostoli

2086 1600 2173 1654 lux
2210 1606 2336 1654 sunt
2365 1595 2573 1661 mundi,
2610 1593 2727 1647 sine
2762 1589 2930 1645 dubio
2961 1601 3058 1656 per
3091 1591 3363 1655 praecepta
3409 1589 3463 1634 et
3510 1594 3661 1633 man-

2085 1694 2210 1748 data
2246 1705 2343 1744 sua
2381 1685 2689 1741 illuminant
2716 1680 2872 1736 nobis
2905 1678 3046 1743 dies,
3089 1675 3144 1729 in
3176 1673 3384 1744 quibus
3429 1671 3659 1726 Domino

2115 1798 2409 1840 οΐνιίιιιιιις.

2115 1802 2409 1840 οΐνιίὶιιιιις.

2087 1802 2111 1841 5
2158 1875 2212 1929 5.
2257 1872 2409 1938 Quod
2457 1878 2637 1922 autem
2682 1862 2858 1919 dixit:
2894 1877 2913 1911 ι
2950 1855 3216 1914 Omnibus
3246 1854 3439 1907 diebus
3484 1851 3664 1905 senio-

2088 1983 2231 2031 rum,
2261 1964 2352 2034 qui
2387 1961 2695 2030 longiorum
2736 1955 2943 2009 dierum
2972 1950 3195 2004 fuerunt
3236 1954 3356 2014 post
3389 1942 3599 2005 Jesum,
3640 1960 3660 1993 ι

2088 2076 2187 2112 nee
2229 2032 2330 2110 hoc
2360 2053 2490 2108 mihi
2517 2051 2691 2103 otiose
2720 2048 2924 2101 dictum
2968 2042 3203 2101 videtur,
3256 2035 3396 2105 quod
3440 2032 3663 2102 longaevi

2088 2152 2172 2206 vel
2206 2148 2512 2217 longiorum
2547 2143 2758 2195 dierum
2792 2137 3052 2191 dicuntur
3095 2145 3216 2186 esse
3268 2127 3531 2190 seniores,
3570 2124 3662 2194 qui

2087 2250 2211 2314 post
2234 2238 2417 2294 Jesum
2459 2235 2698 2288 fuerunt.
2731 2227 2796 2282 Et
2816 2226 3032 2296 quidem
3061 2220 3152 2275 Dei
3187 2229 3268 2273 est
3300 2218 3469 2272 solius
3495 2230 3658 2314 nosse

2091 2309 2211 2404 post
2241 2329 2424 2385 Jesum
2454 2326 2578 2396 quis
2609 2321 2773 2377 fuerit
2807 2320 2947 2373 inter
2971 2315 3217 2372 seniores
3246 2310 3339 2381 qui
3368 2309 3666 2377 longiorem

2090 2398 2232 2482 diem
2278 2420 2484 2480 fecerit,
2538 2416 2589 2471 id
2626 2422 2727 2477 est,
2764 2411 2855 2483 qui
2893 2409 3156 2475 majorem
3205 2420 3270 2458 ex
3316 2417 3375 2457 se
3422 2398 3671 2455 emiserit

2090 2520 2286 2579 lucem,
2329 2523 2509 2565 ntrum
2560 2508 2774 2567 Petrus,
2830 2517 2897 2554 an
2932 2498 3159 2561 Paulus,
3203 2493 3662 2555 Bartholomzeus,

2090 2625 2155 2662 an
2228 2606 2527 2661 Joannes:
2588 2604 2960 2652 verumtamen
3039 2591 3340 2659 longiorutn
3417 2585 3672 2638 dicuntur

2092 2700 2302 2753 dierum
2329 2693 2528 2749 sancti.
2563 2686 2884 2744 Econtrario
2934 2698 3064 2737 vero
3111 2691 3260 2746 tunc,
3309 2677 3528 2748 quando
3569 2676 3673 2728 iste

2093 2788 2328 2843 mundus
2388 2783 2545 2839 malis
2601 2778 2906 2848 replebitur
2946 2772 3082 2845 (34),
3132 2770 3354 2841 quando
3404 2783 3424 2819 ι
3462 2767 3670 2818 incres-

2094 2890 2252 2936 cente
2300 2876 2585 2947 iniquitate
2623 2871 2945 2940 refrigescet
2996 2863 3239 2919 charitas
3279 2860 3570 2912 multorum
3602 2855 3672 2921 ⁷⁸,

2096 2971 2393 3041 etqnando
2431 2966 2660 3020 veniens
2702 2961 2875 3016 Filius
2933 2954 3191 3015 hominis,
3247 2949 3465 3004 dillieile
3513 2949 3672 3001 fidem

2097 3040 2338 3119 inveniet
2367 3074 2531 3128 super
2563 3066 2765 3111 terram
2803 3053 3035 3110 ".rtune
3072 3062 3179 3101 non
3211 3044 3469 3099 dicuntur
3505 3040 3675 3093 futuri

2096 3154 2242 3221 longi
2285 3152 2426 3215 dies,
2469 3148 2563 3204 sed
2617 3145 2791 3215 magis
2836 3138 3146 3197 abbreviari
3208 3136 3483 3195 dicuntur,
3535 3132 3677 3185 sicut

2095 3246 2230 3300 dixit
2261 3241 2519 3297 Dominus
2547 3237 2790 3304 ",quiac
2810 3234 2910 3289 nisi
2937 3231 3240 3287 abbreviati
3287 3231 3516 3285 fuissent
3560 3224 3678 3278 dies

2096 3336 2191 3399 illi,
2236 3348 2341 3387 non
2383 3330 2535 3385 ﬁeret
2581 3328 2729 3383 salva
2774 3325 2882 3378 ulla
2935 3339 3085 3378 caro.
3134 3341 3153 3376 ι
3218 3321 3340 3375 Mali
3381 3334 3514 3387 ergo
3555 3308 3671 3371 dics

2096 3420 2332 3476 brcviari
2381 3412 2937 3483 dicuntnrzlongzevi
2991 3421 3170 3465 autem
3217 3420 3365 3475 sunt,
3413 3418 3469 3463 et
3520 3405 3676 3461 multi

2097 3510 2357 3580 temporis
2387 3518 2440 3561 et
2480 3506 2700 3575 grandis
2730 3504 3137 3574 quodammodo
3172 3504 3332 3571 Spatii
3370 3501 3486 3555 dies
3527 3499 3677 3563 boni,

2096 3605 2149 3659 in
2201 3603 2398 3673 quibus
2448 3598 2675 3652 Domino
2729 3595 3015 3650 servimus.
3077 3593 3214 3647 Vide
3248 3601 3429 3645 tamen
3468 3589 3594 3659 quia
3624 3595 3681 3643 et

2098 3697 2200 3750 hoc
2249 3691 2555 3762 designavit
2612 3688 2663 3741 in
2716 3684 3012 3754 Evangelia
3053 3684 3118 3749 ",
3176 3684 3323 3752 quod
3387 3699 3406 3732 ι
3456 3688 3681 3750 propter

2099 3788 2309 3842 electos
2355 3781 2751 3837 breviabuntur
2797 3777 2916 3831 dies
2971 3776 3068 3831 illi.
3106 3794 3123 3827 ι
3160 3774 3359 3829 Electis
3393 3788 3522 3842 ergo
3552 3774 3681 3826 bre-

2095 3881 2391 3933 viabuntur
2441 3874 2558 3927 dies
2608 3870 2764 3935 mali,
2810 3870 2927 3923 dies
2962 3867 3268 3937 iniquitatis
3310 3874 3365 3919 et
3392 3862 3678 3919 scandali:

2099 3981 2149 4026 et
2196 3978 2254 4022 ut
2287 3983 2387 4038 ego
2432 3965 2693 4027 arbitror,
2745 3975 2869 4014 cum
2913 3959 3083 4014 semel
3144 3957 3336 4014 electis
3386 3956 3504 4010 dies
3552 3955 3681 4008 ntali

2101 4063 2369 4132 crepet-int
2399 4056 2654 4120 hreviari,
2696 4067 2914 4122 semper
2960 4051 3281 4107 breviantur
3318 4057 3374 4104 et
3425 4048 3683 4103 minuun-

2102 4166 2190 4209 tur
2227 4152 2367 4224 (35),
2395 4162 2569 4218 usque
2616 4148 2742 4200 dum
2780 4146 2847 4199 ad
2881 4144 3107 4198 nihilmn
3135 4144 3479 4211 redigantur,
3508 4151 3564 4196 et
3591 4156 3685 4212 pe-

2100 4248 2247 4303 nitus
2292 4242 2605 4299 exolescant
2657 4252 2820 4311 atque
2873 4238 2938 4290 ad
3003 4236 3252 4288 ultimum
3302 4244 3546 4306 pereant.
3605 4234 3685 4288 Ex

2100 4339 2297 4408 quibus
2349 4350 2515 4399 unus,
2570 4343 2721 4402 puto,
2773 4340 2897 4387 erat
2943 4338 2997 4383 et
3046 4326 3135 4381 ille
3182 4327 3272 4395 qui
3327 4327 3544 4381 dicebat
3593 4327 3680 4381 ἠε

2110 4449 2127 4482 ι
2172 4430 2370 4484 Pereat
2418 4428 2509 4481 illa
2542 4429 2660 4481 dies
2713 4426 2764 4480 in
2794 4439 2897 4493 qua
2956 4430 3116 4476 natus
3167 4434 3310 4473 sum.
3352 4437 3371 4472 ι
3420 4418 3511 4473 Sic
3553 4434 3686 4487 ergo

389 4531 532 4588 ’ῐὶιιι
581 4545 703 4604 post
755 4536 939 4591 .lcsum
981 4537 1047 4589 ⁷¹.
1094 4557 1114 4590 ι
1164 4536 1363 4592 Beatus
1414 4548 1499 4592 est
1548 4538 1639 4607 qui
1692 4510 1993 4590 in'diehus
2030 4533 2074 4587 ῐι
2100 4522 2288 4576 electis
2331 4520 2448 4573 dies
2480 4518 2606 4572 mali
2638 4516 2952 4571 breviantur
2988 4522 3042 4567 et
3074 4518 3308 4580 pereunt
3348 4510 3511 4564 :dies
3556 4525 3687 4565 vero

419 4623 545 4680 Jesn
597 4627 766 4680 servit
808 4626 1059 4694 Domino,
1112 4630 1200 4696 qui
1236 4629 1402 4683 verbo
1453 4638 1510 4684 et
1559 4629 1825 4697 sapientia
1878 4627 1998 4697 ejus

422 4719 778 4783 illuminatur,
813 4721 901 4789 qui
946 4722 1227 4791 praeceptis
1264 4722 1382 4791 ejus
1432 4721 1757 4785 illustratur,
1808 4720 1896 4789 qui
1932 4735 1997 4774 ex

424 4808 667 4863 doctrina
724 4808 841 4877 ejus
911 4812 1111 4880 accipit
1162 4812 1345 4866 lumen
1419 4811 1689 4867 scientiae.
1748 4810 2001 4865 Secundo

426 4910 604 4955 autem
644 4902 785 4967 loco,
824 4910 875 4955 et
920 4903 1009 4956 ille
1048 4912 1168 4972 post
1210 4904 1354 4957 hunc
1400 4913 1485 4957 est
1535 4904 1763 4965 beatus,
1818 4902 1908 4971 qui
1948 4902 2000 4955 itt

422 4992 614 5047 diebus
647 4994 920 5047 seniorum
961 4994 1055 5064 qui
1099 4993 1315 5049 fuerunt
1345 5003 1465 5065 post
1519 4993 1728 5058 Jesum,
1768 4992 1997 5047 Domino

426 5086 616 5137 servit.
649 5083 905 5138 Seniores
933 5084 1023 5153 qui
1059 5084 1140 5139 vel
1175 5100 1296 5138 cum
1327 5086 1480 5154 Jesu,
1521 5085 1601 5141 vel
1639 5092 1764 5154 post
1811 5083 1998 5139 Jesnm

429 5177 670 5243 fuerunt,
699 5179 793 5248 qui
824 5187 951 5233 sunt
983 5179 1083 5235 nisi
1113 5180 1371 5251 apostoli,
1404 5182 1498 5252 qui
1529 5189 1584 5236 et
1633 5180 1735 5249 ipsi
1784 5177 2003 5247 scriptis

499 5340 546 5372 ⁸³
570 5340 633 5394 ll.
666 5340 789 5395 Cor.
811 5356 887 5406 vr,
918 5341 1003 5402 Μ,
1034 5341 1121 5395 15.
1198 5343 1243 5375 ⁸³
1273 5343 1467 5409 Ephes.
1495 5339 1656 5403 v.16.

428 5410 478 5446 ⁷⁸
522 5412 713 5467 Matth.
764 5426 929 5477 xxrv,
971 5411 1059 5466 12.

503 5592 617 5661 (52)
663 5590 813 5647 Unus
869 5594 1037 5647 codex
1080 5592 1447 5655 Ebroicensis,
1497 5609 1514 5642 ι
1545 5591 1634 5661 qui
1691 5591 1911 5645 divitias
1952 5597 2007 5644 et

432 5665 745 5734 voluptates
773 5663 1034 5734 pessitnas
1059 5673 1115 5715 et
1142 5665 1374 5716 honores
1434 5681 1453 5734 ξ

492 5730 625 5815 ,(53)
664 5730 821 5799 Μεεζ,
879 5751 899 5784 1
944 5732 1308 5787 illuminante.
1361 5752 1380 5784 ι
1432 5732 1587 5787 Libb.
1630 5732 1783 5796 editi,
1836 5747 1855 5781 r
1886 5730 2007 5784 illu-

435 5815 647 5857 ltttttalt.
687 5821 705 5852 ι

507 5873 621 5943 (54)
668 5870 814 5932 Unus
840 5874 1033 5944 codex,
1086 5894 1101 5928 ι
1134 5889 1272 5930 nunc
1309 5889 1432 5930 cum
1461 5871 1733 5928 scandulis
1777 5865 2007 5926 mundus

1733 5339 1780 5368 ⁷⁰
1802 5338 1923 5393 Gal.
1964 5353 2001 5401 I,
2035 5339 2094 5394 4.
2164 5334 2208 5364 ⁷³
2246 5329 2369 5384 Jtttl.
2407 5345 2466 5393 lt,
2499 5328 2552 5381 7.

1135 5413 1184 5444 "
1234 5402 1366 5467 Luc.
1432 5402 1600 5476 xvttt,
1649 5409 1704 5464 8.
1744 5405 1791 5437 ⁷⁸
1834 5409 2199 5467 Matth.xxtv,
2226 5402 2316 5455 22.

2097 4615 2370 4671 seniorum
2415 4620 2726 4665 sanctorum
2778 4603 3003 4674 longrevi
3034 4611 3165 4656 sunt
3195 4611 3247 4654 et
3283 4600 3508 4669 prolixi.
3575 4598 3688 4653 Sed

2097 4717 2150 4762 ct
2174 4705 2301 4759 illud
2340 4703 2482 4774 quod
2531 4700 2844 4755 dicentibus
2882 4696 3037 4751 nobis
3073 4694 3341 4759 occurrit,
3375 4702 3431 4747 et
3474 4693 3687 4746 utinam

2101 4798 2328 4854 Domino
2376 4801 2700 4864 suggerente
2727 4790 3032 4846 occurrerit
3069 4788 3208 4858 (56),
3247 4784 3686 4855 praetereundum

2106 4908 2216 4949 non
2243 4898 2349 4955 est,
2385 4887 2531 4957 quod
2559 4884 2790 4951 dixit",
2822 4884 2949 4953 quia
3003 4900 3021 4934 ι
3052 4882 3278 4937 servivit
3324 4878 3554 4950 populus
3587 4878 3691 4931 Do-

2110 4984 2258 5038 mino
2285 4978 2541 5035 omnibus
2571 4975 2768 5031 diebus
2799 4973 2927 5029 Jcsu
2960 4989 2974 5038 ;
3010 4991 3029 5025 ι
3059 4988 3164 5027 non
3197 4971 3332 5025 dixit
3359 4986 3522 5024 unum
3549 4969 3691 5024 diem

2112 5078 2279 5133 fuisse
2330 5076 2481 5143 Jesu,
2517 5077 2612 5131 sed
2666 5072 2819 5128 multi
2853 5079 2980 5126 sunt
3029 5071 3144 5125 dies
3184 5068 3334 5125 Jesu.
3382 5067 3528 5135 Quos
3560 5078 3694 5135 ergo

2113 5170 2225 5241 (3'7)
2259 5169 2459 5224 multos
2492 5167 2745 5239 ponimus
2775 5166 2895 5221 dies
2924 5163 3228 5220 secundum
3260 5162 3406 5215 hunc
3442 5158 3694 5214 ordinem

3197 5324 3242 5355 ’³
3277 5320 3469 5377 Matth.
3515 5334 3565 5378 ν,
3600 5317 3690 5372 H.

3192 5394 3237 5424 "’
3279 5391 3401 5447 Jud.
3440 5404 3500 5455 ιι,
3531 5387 3586 5442 7.

2659 5329 2703 5358 τί
2744 5325 2902 5382 Joan.
2953 5342 2989 5389 I,
3034 5324 3087 5378 9.

2394 5401 2438 5430 ⁷⁷
2466 5401 2599 5454 ibid.
2678 5399 2722 5429 ⁷⁸
2768 5396 2870 5453 Job
2924 5411 3006 5461 ιιι,
3049 5394 3105 5448 5.

2117 5584 2434 5654 replebitur.
2474 5598 2493 5631 ι
2748 5646 2761 5654 _
2886 5646 2900 5654 _
2941 5645 2955 5654 _
3063 5652 3069 5654 Α
3213 5650 3223 5654 _
3312 5639 3325 5652 _

2187 5645 2301 5723 (55)
2343 5651 2496 5707 Unus
2530 5664 2656 5711 ms.,
2698 5665 2717 5698 ι
2748 5645 3647 5723 breviabuntur-et.minuentur.)

2185 5708 2297 5794 (56)
2343 5722 2492 5776 Unus
2517 5708 2652 5783 ms.,
2685 5736 2703 5768 ι
2741 5713 3065 5771 occurrerit.
3105 5731 3123 5764 ι
3159 5711 3316 5769 Libb.
3342 5708 3501 5773 editi,
3541 5723 3563 5760 ι
3599 5719 3691 5762 0.:-

2116 5801 2383 5852 curreret.
2419 5809 2438 5842 ι

2188 5867 2300 5938 (57)
2346 5862 2495 5918 Unus
2528 5876 2656 5926 ms.,
2693 5875 2710 5910 ι
2746 5855 2887 5927 quod
2918 5868 3068 5924 ergo.
3106 5871 3123 5904 ι
