4146 6416
506 350 612 407 95‘i

1973 347 2298 405 ORIGENIS

3660 348 3763 408 95ίῖ

495 483 659 539 quem
709 463 1107 535 exposuimus?
1171 462 1282 535 Ego
1348 463 1429 518 sic
1484 461 1726 517 arbitror
1775 465 1917 530 quod
1965 463 2082 518 dies
2113 467 2154 523 Α
2188 481 2306 534 qua:
2339 465 2465 520 fecit
2494 465 2544 518 in
2570 463 2770 519 Israel?
2803 483 2820 516 ι
2850 463 2990 531 Quid
3013 463 3356 519 enim?Sunt
3392 463 3572 538 aliqua
3597 479 3762 536 Opera

497 577 638 616 unus
692 561 863 630 ipsius
903 567 988 612 est
1025 557 1258 627 iustitia,
1309 557 1448 610 alius
1498 557 1884 624 sanctiﬁcatio,
1939 557 2080 611 alius

495 652 812 720 prudentia,
847 649 988 703 alius
1022 649 1426 712 misericordia,
1479 656 1535 701 et
1584 648 1666 703 sic
1723 664 1820 720 per
1862 649 2077 719 singula

497 744 760 798 virtutum
807 741 946 796 dona
989 741 1108 794 dies
1160 750 1542 810 computantur
1582 739 1745 804 Jesu,
1786 740 1836 793 in
1882 738 2082 809 quibus

499 833 731 890 Domino
768 834 1032 906 servitur,
1066 831 1190 899 quia
1223 830 1275 884 in
1312 831 1396 885 his
1433 831 1726 885 virtutibus
1754 832 1918 884 animi
1969 831 2074 884 D0-

497 925 649 977 mino
683 923 951 993 placetur.
988 921 1094 975 Sed
1123 932 1176 974 et
1204 921 1524 989 patientiam
1557 931 1870 991 compntato
1914 922 2079 986 dietn,

495 1027 553 1069 et
594 1013 1084 1076 mansuetudinem,
1143 1021 1200 1066 et
1254 1011 1537 1080 pietatem,
1569 1022 1625 1066 et
1651 1013 1974 1078 bonitatem,
2027 1025 2082 1068 et

496 1121 658 1160 omne
681 1106 827 1176 quod
853 1105 919 1160 ad
947 1105 1208 1160 virtutem
1233 1105 1496 1173 pertinet,
1526 1105 1696 1174 ipsius
1720 1107 1886 1162 dicito
1915 1107 2078 1161 diem.

497 1198 568 1252 Et
599 1197 679 1252 sic
712 1199 766 1252 in
792 1197 1049 1252 omnibus
1081 1195 1276 1250 diebus
1322 1195 1448 1250 .Iesu
1486 1196 1716 1252 Domino
1760 1199 1981 1262 servies,
2032 1199 2080 1254 id

497 1298 584 1346 est
624 1287 678 1342 in
721 1287 981 1342 omnibus
1008 1287 1092 1340 his
1125 1285 1438 1340 virtutibus.
1473 1285 1588 1340 Non
1621 1289 1766 1342 enim
1796 1286 1910 1344 vult
1941 1285 2084 1342 Scri-

496 1391 673 1449 ptura:
717 1387 924 1434 sancta:
969 1380 1261 1442 institutio,
1311 1391 1367 1434 ut
1412 1379 1626 1446 aliquas
1672 1395 1738 1433 ex
1787 1380 1869 1434 his
1913 1380 2080 1433 virtu-

498 1473 646 1527 tibus
678 1471 886 1528 habeas
914 1473 967 1526 in
1003 1483 1072 1536 te,
1106 1484 1154 1527 et
1190 1473 1325 1534 alias
1376 1473 1640 1539 negligas,
1690 1473 1780 1526 sed
1822 1482 1876 1525 ut
1903 1471 2084 1526 omni-

500 1563 608 1620 bus
634 1563 720 1619 bis
753 1563 1050 1618 virtutibus
1081 1564 1407 1626 adornatus,
1457 1573 1510 1616 et
1558 1563 1608 1617 in
1655 1577 1842 1616 earnm
1873 1563 2083 1616 actibus

497 1655 710 1725 positus
747 1656 956 1711 servias
993 1655 1244 1710 Domino.
1302 1655 1501 1709 Eodem
1552 1655 1712 1708 modo
1754 1655 1876 1722 quis
1919 1655 2080 1709 etiam

501 1746 788 1801 seniorum
841 1747 956 1801 dies
1009 1747 1168 1801 habet
1218 1747 1272 1800 in
1315 1762 1395 1812 se,
1444 1755 1497 1800 et
1551 1746 1604 1800 in
1653 1747 1847 1802 diebus
1891 1761 2080 1801 eorum

501 1838 670 1892 servit
705 1837 958 1904 Domino,
1008 1838 1239 1908 impleas
1287 1838 1416 1893 illud
1448 1840 1593 1908 quod
1637 1839 1769 1894 dicit
1802 1841 2083 1908 apostolus
2115 1815 2157 1870 Β

502 1925 708 1984 Paulus
742 1929 832 1987 ⁸ος
883 1948 902 1982 ι
934 1930 1245 1986 lmitatores
1299 1929 1403 1985 mei
1449 1939 1643 1995 estote,
1688 1929 1830 1986 sicut
1880 1939 1935 1984 et
1982 1944 2085 1999 ego

501 2021 730 2077 Christi.
765 2040 784 2073 ι

575 2110 630 2165 4.
679 2127 699 2160 ι
738 2109 796 2164 ln
829 2108 1047 2176 diebus,
1083 2109 1258 2181 inquit
1287 2111 1360 2177 ⁸⁸,
1392 2111 1668 2167 seniorum
1710 2126 1897 2166 eorum
1921 2150 1938 2176 ,
1989 2110 2082 2180 qui

495 2210 883 2270 cognoverunt
917 2201 1100 2255 omnia
1147 2216 1314 2270 opera
1363 2202 1598 2257 Domini.
1636 2221 1655 2255 ι
1704 2202 1836 2269 Quis
1869 2210 1951 2257 est
1992 2201 2083 2270 qui

500 2292 788 2358 cognoscit
826 2293 1010 2347 omnia
1046 2307 1213 2362 opera
1250 2294 1485 2358 Domini,
1521 2295 1621 2350 nisi
1667 2297 1760 2364 qui
1807 2294 1939 2350 facit
1982 2297 2087 2351 ea?

504 2381 657 2436 Sicut
691 2382 834 2437 enim
863 2383 1070 2438 dictum
1105 2393 1190 2438 est
1223 2385 1290 2439 de
1322 2384 1448 2440 [iliis
1478 2385 1591 2439 lleli
1636 2386 1704 2451 ⁸³,
1740 2388 1865 2455 quia
1900 2397 2086 2442 essent

506 2491 525 2524 ι
565 2473 660 2527 ﬁlii
689 2474 1029 2543 pestilentiae,
1070 2476 1375 2531 nescientes
1405 2477 1712 2541 Dominum,
1749 2497 1767 2528 ι
1799 2492 1904 2531 non
1943 2479 2084 2548 Quod

502 2565 826 2634 ignorarent
857 2566 1166 2628 Dominum,
1201 2569 1292 2636 qui
1331 2570 1521 2638 utique
1553 2581 1606 2624 et
1646 2573 1897 2625 doctores
1931 2583 2087 2626 erant

503 2669 851 2723 caelerornm,
887 2658 981 2713 sed
1013 2659 1141 2727 quia
1177 2661 1256 2714 sic
1289 2660 1521 2730 agebant
1555 2672 1616 2714 ιιι
1657 2671 1823 2730 agunt
1860 2663 1958 2727 illi,
1992 2666 2083 2734 qui

501 2748 755 2804 nesciunt
790 2749 1112 2805 Dominum:
1152 2752 1255 2807 hoc
1294 2753 1456 2807 modo
1495 2753 1664 2808 etiam
1709 2754 1797 2809 hic
1845 2756 2087 2811 sentien-

504 2841 632 2894 dum
664 2849 750 2896 est
787 2843 932 2912 quod
961 2844 1114 2907 dicit,
1149 2862 1169 2894 σ
1198 2843 1292 2913 qui
1341 2858 1715 2913 cognoverunt
1745 2862 1909 2903 omne
1949 2864 2087 2918 opus

505 2930 744 2986 Domini.
780 2951 799 2984 ι
839 2932 905 2987 Et
935 2933 1050 3004 (38)
1082 2950 1187 2988 non
1225 2935 1424 2999 solum,
1473 2935 1670 3005 inquit,
1713 2949 2088 3006 cognoverunt

503 3035 642 3091 Opus
670 3019 906 3086 Domini,
939 3024 1033 3077 sed
1063 3023 1295 3086 addidit,
1336 3041 1354 3074 ι
1392 3023 1481 3093 qui
1513 3039 1675 3080 omne
1704 3041 1840 3096 Oplls
1879 3044 2083 3099 cogno-

503 3121 702 3166 verunt
757 3111 1018 3184 Domini;
1059 3132 1078 3166 ι
1120 3114 1169 3168 id
1211 3123 1314 3179 est,
1357 3115 1450 3184 qui
1498 3129 1870 3184 cognoverunt
1909 3131 1960 3174 et
1997 3121 2085 3190 jn-

2191 555 2406 610 Domini
2434 572 2623 626 parva,
2659 556 2724 609 ad
2757 570 2988 624 quorum
3012 554 3413 610 distinctionem
3436 556 3548 610 haec
3571 573 3761 627 magna

2190 648 2474 702 dicantur?
2521 647 2632 714 Ego
2684 645 2927 702 arbitror
2981 645 3126 714 quod
3175 659 3335 700 omne
3391 646 3610 716 quidem
3667 644 3760 701 Dei

2188 753 2323 806 opus
2349 747 2432 792 est
2463 753 2739 807 magnum,
2770 737 2912 807 quod
2953 751 3050 806 pro
3082 738 3388 806 capacitate
3428 753 3618 793 eorum
3665 738 3759 808 qui

2188 839 2508 897 operantur,
2537 829 2583 882 si
2609 829 2712 884 sibi
2745 829 2984 883 invicem
3018 838 3429 898 comparentur,
3457 829 3538 882 vel
3569 841 3763 898 magna

2189 937 2352 990 opera
2389 919 2603 976 Domini
2634 921 2888 975 dicuntur
2918 936 3060 986 esse,
3099 921 3183 976 vel
3215 935 3405 992 parva.
3439 919 3600 976 Verbi
3631 936 3762 975 ean-

2189 1030 2273 1080 sa,
2303 1012 2489 1067 eduxit
2529 1009 2858 1066 ﬁlioslsrael
2885 1011 2950 1066 de
2979 1011 3214 1082 Egypto
3261 1012 3312 1065 in
3352 1026 3511 1063 manu
3551 1009 3676 1066 l'orti
3705 1019 3762 1065 et

2189 1105 2420 1161 brachio
2448 1101 2690 1168 excelso,
2714 1101 2948 1173 Egypto
2979 1103 3241 1174 prodigiis
3289 1101 3602 1156 coelestibus
3636 1116 3763 1155 ver-

2189 1198 2400 1262 berata,
2426 1197 2570 1252 viam
2600 1196 2728 1250 fecit
2765 1197 2816 1250 in
2855 1195 3028 1261 mari,
3075 1211 3271 1249 manna
3313 1196 3366 1249 in
3407 1193 3620 1251 deserto
3666 1208 3760 1261 po-

2189 1289 2316 1359 pulo
2349 1290 2517 1352 dedit,
2551 1290 2618 1342 de
2661 1288 2801 1345 cmlo
2856 1288 3068 1343 locutus
3117 1295 3202 1342 est
3244 1286 3311 1340 ad
3350 1285 3554 1348 Mosen,
3589 1283 3758 1353 legem

2190 1383 2554 1450 conscriptam
2591 1381 2642 1434 in
2697 1380 2896 1434 tabulis
2936 1379 3159 1448 lapideis
3208 1377 3379 1432 dedit.
3429 1375 3618 1430 Nonne
3648 1374 3762 1428 haec

2189 1488 2387 1544 magna
2424 1481 2551 1526 sunt
2589 1485 2751 1540 opera
2789 1469 2921 1522 Dei?
2969 1467 3077 1521 Sed
3123 1467 3169 1521 si
3225 1465 3354 1519 illud
3406 1465 3492 1519 his
3537 1475 3763 1531 compa-

2189 1581 2276 1620 res
2302 1569 2387 1631 ⁸⁸,
2419 1565 2561 1635 quod
2599 1584 2617 1616 ι
2661 1564 2730 1617 ita
2769 1563 2956 1617 dilexit
2997 1562 3138 1616 Dens
3194 1559 3338 1614 hunc
3381 1559 3671 1620 mundum,
3705 1565 3765 1610 ut

2188 1659 2383 1712 Filium
2411 1673 2568 1713 suum
2603 1656 2939 1724 unigenitum
2975 1655 3130 1708 daret
3157 1672 3175 1705 ι
3212 1668 3309 1723 pro
3341 1651 3516 1705 salute
3552 1650 3762 1712 mundi,

2194 1749 2435 1805 invenies
2459 1748 2640 1802 omnia
2677 1746 2764 1798 illa
2800 1761 2962 1816 parva
2992 1759 3115 1799 esse
3147 1745 3212 1797 ad
3244 1742 3410 1809 hujus
3438 1741 3617 1810 operis
3649 1756 3765 1794 ma-

2190 1838 2548 1910 gnitudinem.
2587 1837 2740 1904 Quod
2797 1850 2934 1904 opus
2979 1836 3143 1889 etiam
3184 1849 3284 1888 nos
3335 1843 3390 1885 et
3436 1845 3766 1900 cognoscere

2189 1931 2469 1993 debemus,
2509 1937 2563 1983 et
2613 1929 2858 1989 credere,
2921 1937 2977 1981 et
3035 1928 3249 1994 operari
3302 1938 3467 1988 opera
3530 1921 3764 1977 Domini.

2190 2021 2306 2076 Non
2337 2036 2468 2089 ergo
2502 2020 2862 2090 negligenter,
2912 2018 3004 2072 sed
3041 2015 3272 2071 fideliter
3326 2025 3380 2067 et
3427 2023 3654 2076 attente,
3708 2023 3769 2065 ut

2188 2113 2538 2167 inveniamur
2591 2123 2645 2166 et
2697 2127 2794 2165 nos
2845 2111 2897 2162 in
2961 2108 3150 2164 diebus
3187 2105 3314 2160 Jesu
3347 2105 3572 2169 Christi,
3611 2112 3667 2158 et
3713 2104 3764 2157 in

2188 2203 2380 2256 diebus
2415 2211 2730 2255 sanctorum
2757 2199 3035 2255 seniorum
3069 2197 3187 2266 ejus
3226 2196 3616 2266 apostolorum,
3642 2209 3764 2247 cum

2186 2295 2383 2364 quibus
2435 2303 2490 2348 et
2537 2293 2852 2350 societatem
2893 2291 3132 2346 caelestis
3177 2287 3509 2343 luereditatis
3556 2301 3766 2340 merea-

2188 2400 2308 2436 mur
2340 2384 2608 2454 accipere,
2648 2399 2744 2452 per
2772 2384 2944 2448 ipsum
2987 2381 3273 2437 Dominum
3308 2388 3550 2431 noStrnm
3580 2375 3764 2431 Jesum

2187 2475 2485 2539 Christum,
2521 2476 2605 2528 cui
2636 2485 2717 2530 est
2744 2475 2913 2544 gloria
2953 2483 3008 2528 et
3037 2471 3322 2541 imperium
3359 2471 3410 2522 in
3438 2469 3636 2524 saecula
3669 2484 3766 2524 sae-

2187 2570 2458 2628 Culornm.
2487 2569 2678 2624 Amen.

2778 2656 3062 2711 liOMlLIA
3101 2656 3164 2712 11.

2189 2751 2265 2807 De
2293 2767 2350 2806 eo
2381 2750 2520 2820 quod
2551 2749 2902 2885 scriptum/est
2927 2749 3004 2869 εἷς
3034 2767 3049 2797 ι
3090 2749 3152 2798 Ιιί
3187 2747 3468 2815 defunctus
3509 2756 3582 2800 est
3611 2744 3766 2798 Jews

2787 2834 2911 2870 itus
2947 2845 2964 2870 ι
3003 2834 3114 2871 are.
3145 2836 3163 2868 ι

2787 2834 2911 2870 ιιιιιδ
2947 2834 2990 2870 iV
3003 2834 3114 2871 are.
3145 2836 3163 2868 ι

2258 2925 2310 2980 1.
2348 2923 2630 2981 Recitatus
2657 2931 2739 2976 est
2768 2921 2934 3001 nobis
2969 2920 3134 2974 etiam
3175 2919 3302 2974 Jusu
3344 2919 3544 2973 obitus.
3580 2919 3646 2973 Et
3678 2918 3765 2973 ille

2188 3018 2404 3087 quidem
2456 3017 2600 3070 ﬁlius
2650 3011 2798 3067 Nave
2829 3011 2972 3082 quod
3010 3011 3299 3066 defunctus
3335 3021 3441 3072 est.
3489 3010 3619 3064 nihil
3665 3012 3766 3064 mi-

2191 3127 2332 3166 rum.
2362 3110 2579 3166 Natura:
2612 3128 2846 3182 namque
2873 3115 3016 3182 quod
3055 3112 3354 3166 debebatur
3379 3111 3628 3166 exsolvit.
3659 3107 3765 3162 Ve-

503 3204 668 3259 stitiaz
697 3218 836 3273 opus
867 3181 1100 3268 Domini,
1134 3215 1189 3259 et
1222 3207 1676 3263 sanctiﬁcationis
1716 3224 1874 3279 opus,
1901 3221 1953 3266 ei
1985 3179 2080 3280 pa-
2113 3179 2155 3237 θ
2192 3218 2308 3257 rum
2347 3205 2604 3272 quoniam
2648 3179 3062 3261 institueramus
3094 3205 3208 3259 ha-c
3235 3220 3358 3271 qua:
3383 3205 3448 3258 de
3482 3202 3591 3257 lilio
3619 3201 3767 3255 Nave

505 3296 747 3361 tientite,
803 3306 858 3352 et
905 3298 1362 3362 mansuetudinis,
1412 3310 1466 3353 et
1508 3299 1748 3370 pietatis.
1800 3303 1864 3357 Et
1920 3319 2082 3357 omne

483 3387 767 3457 quidquid
795 3402 859 3440 ex
900 3389 1172 3442 mandatis
1196 3389 1288 3443 Dei
1333 3391 1509 3456 venit,
1562 3407 1696 3462 opus
1749 3394 1954 3448 Domini
2003 3396 2084 3448 di-

503 3481 670 3533 citur.
720 3476 828 3532 Sed
876 3477 1019 3532 sicut
1070 3487 1155 3533 est
1195 3495 1333 3549 opus
1376 3481 1616 3548 Domini,
1673 3495 1757 3537 est
1805 3485 1926 3538 sine
1975 3488 2080 3539 du-

505 3571 598 3625 bio
661 3568 789 3623 huic
849 3570 1191 3623 contrarium
1257 3585 1393 3638 opus
1453 3572 1664 3627 Zabuli.
1729 3574 1947 3629 Certum
2004 3587 2087 3632 est

470 3661 686 3726 .euim,
736 3659 862 3728 quia
923 3660 1066 3714 sicut
1119 3660 1330 3729 justitia
1391 3672 1476 3716 est
1537 3679 1673 3732 opus
1719 3666 1848 3730 Dei,
1899 3670 1972 3720 ita
2032 3679 2087 3721 et

508 3749 777 3821 injustitia
818 3764 954 3819 opus
1002 3749 1196 3808 Zabuli
1225 3768 1239 3805 :
1271 3762 1328 3806 et
1363 3753 1506 3807 sicut
1549 3757 1908 3810 mansuetudo
1953 3773 2088 3824 opus

510 3839 606 3895 Dei
649 3847 758 3905 est,
805 3839 878 3894 ita
909 3849 965 3896 et
1009 3841 1088 3894 ira
1136 3850 1191 3895 et
1236 3842 1386 3898 furor
1431 3858 1566 3912 opus
1610 3844 1682 3897 sit
1722 3844 1934 3902 Zabuli.
1976 3848 2084 3901 C0-

507 3931 760 3998 gnovisse
806 3947 937 4002 ergo
980 3933 1241 3988 dicuntur
1289 3949 1427 4003 opus
1476 3935 1594 3998 Dei,
1645 3937 1718 3991 illi
1755 3939 1844 4006 qui
1881 3941 2090 3997 l‘aeiunt

505 4039 648 4092 opus
690 4023 829 4092 ejus.
865 4023 936 4080 Ut
966 4034 1148 4080 autem
1219 4027 1323 4082 hoc
1385 4028 1618 4095 amplius
1666 4045 1729 4084 ex
1779 4029 2089 4100 Scriptura-

511 4130 632 4170 rum
664 4116 985 4170 auctoritate
1028 4115 1316 4177 clarescat.
1365 4118 1638 4186 quomodo
1687 4119 1858 4173 soleat
1908 4121 2090 4176 dicere

515 4205 823 4274 Scriptura,
855 4221 1212 4275 cognoscere,
1259 4207 1341 4262 vel
1382 4208 1616 4270 nescire,
1657 4211 1776 4265 vide
1813 4215 2090 4280 quomodo

503 4297 672 4370 L61
687 4300 850 4354 etiam
878 4299 1007 4354 alibi
1035 4300 1296 4369 scriptum
1323 4310 1406 4356 est
1436 4301 1482 4333 ⁸³
1511 4318 1526 4355 :
1567 4301 1698 4369 «Qui
1737 4305 2086 4368 enstodit,in-

511 4390 657 4459 quit,
681 4391 1020 4454 mandatum,
1041 4390 1248 4454 nesciet
1274 4389 1500 4444 verbum
1524 4393 1885 4460 malum-Qui
1907 4407 2088 4450 autent

2187 3295 2528 3364 legebantur,
2563 3296 2626 3349 ad
2666 3295 2954 3351 Dominum
3000 3306 3244 3351 nostrum
3275 3293 3460 3348 Jesnm
3490 3293 3765 3348 Christum

2189 3385 2416 3448 referre,
2459 3386 2744 3440 videndum
2777 3396 2862 3441 est
2911 3386 3180 3454 quomodo
3211 3385 3376 3438 etiam
3405 3386 3472 3438 de
3508 3384 3626 3452 ipso
3659 3382 3765 3436 dici

2190 3479 2480 3532 conveniat
2522 3478 2647 3546 quia
2680 3477 2971 3532 defunctus
3008 3485 3089 3531 cst
3145 3473 3324 3529 Jesus.
3372 3475 3484 3542 Ego
3527 3473 3768 3526 arbitror

2189 3571 2488 3625 secundum
2543 3570 2844 3638 Scriptura:
2895 3568 3279 3621 auctoritatem
3339 3565 3441 3618 hoc
3495 3565 3764 3631 loquens,

2189 3662 2329 3729 quod
2364 3661 2415 3712 in
2445 3659 2770 3730 quibusdam
2795 3659 2932 3712 vivit
2971 3657 3150 3718 Jesus,
3188 3659 3242 3709 in
3277 3655 3601 3725 quibusdam
3637 3669 3768 3706 vero

2189 3751 2478 3806 defunctus
2509 3761 2612 3806 est.
2647 3752 2700 3804 lu
2735 3750 2906 3805 Paulo
2939 3749 3070 3803 vivit
3119 3748 3296 3812 Jesns,
3329 3758 3382 3802 et
3419 3747 3472 3800 in
3503 3744 3686 3807 Petro,
3713 3753 3767 3798 et

2191 3841 2243 3894 in
2281 3840 2387 3894 illis
2417 3841 2669 3896 onmibus
2694 3840 2784 3912 qui
2815 3839 3012 3895 merito
3043 3848 3272 3910 possunt
3313 3839 3497 3892 dicere
3529 3876 3542 3890 .
3584 3855 3602 3885 ι
3638 3835 3769 3889 Vivo

2191 3943 2370 3986 autem
2397 3931 2509 4000 jam
2545 3948 2648 3986 non
2691 3949 2815 4002 ego,
2841 3933 2975 3986 vivit
3011 3948 3140 3987 vero
3168 3933 3222 3985 in
3257 3947 3343 3986 me
3367 3930 3616 3986 Christus
3642 3931 3707 3984 ⁸⁸.
3745 3949 3765 3981 ι

2193 4022 2257 4074 Ει
2287 4021 2480 4076 iterum
2524 4022 2661 4076 dicit
2691 4023 2737 4056 ⁸⁹
2771 4040 2784 4076 :
2825 4039 2843 4074 ι
2883 4022 3011 4076 Mihi
3049 4031 3232 4074 autem
3279 4022 3464 4076 vivere
3518 4021 3769 4076 Christus

2191 4124 2296 4180 est,
2331 4124 2388 4170 et
2417 4116 2551 4172 mori
2585 4115 2854 4170 lucrum.»
2885 4113 2941 4168 la
2973 4113 3093 4168 istis
3121 4129 3250 4182 ergo
3281 4113 3475 4167 talibus
3508 4110 3665 4168 Jesus
3691 4112 3768 4164 vi-

2191 4222 2319 4261 vere
2348 4206 2544 4261 merito
2581 4207 2803 4261 dicitur.
2839 4205 2894 4259 In
2929 4203 3127 4274 quibus
3156 4216 3336 4259 autem
3371 4203 3658 4258 defunctus
3683 4213 3771 4259 est

2189 4297 2384 4355 Jesus?
2419 4299 2474 4352 ln
2508 4297 2613 4353 illis
2643 4298 2762 4352 sine
2810 4297 2997 4361 dubio,
3027 4297 3117 4365 qui
3161 4311 3306 4364 saepe
3357 4296 3669 4364 paenitendo
3715 4305 3770 4349 et

2192 4393 2387 4447 iterum
2422 4390 2812 4459 delinquendo,
2856 4389 3005 4442 velut
3038 4387 3299 4442 insultare
3340 4387 3496 4440 morti
3526 4385 3654 4439 Jesu
3687 4385 3772 4438 di-

513 4483 830 4536 mandatum
878 4483 1138 4546 custodit,
1178 4490 1357 4550 potest
1395 4481 1510 4536 ﬁeri
1563 4494 1621 4538 ut
1660 4487 1874 4540 nesciat
1925 4489 2089 4542 verba
2123 4524 2168 4580 υ
2194 4493 2410 4539 cuntur.
2451 4482 2526 4538 De
2569 4483 2768 4552 quibus
2797 4479 3044 4534 scribens
3075 4478 3143 4534 ad
3177 4477 3430 4532 Hebrmos
3463 4475 3595 4530 dicit
3624 4475 3770 4542 Apo-s

515 4573 695 4627 mala?
736 4572 851 4626 Scit
906 4571 1158 4642 quidem,
1206 4573 1300 4626 sed
1354 4574 1564 4628 nescire
1602 4591 1700 4642 pro
1749 4591 1815 4630 eo
1867 4577 2088 4642 dicitur,

517 4662 662 4728 quod
706 4677 767 4715 ea
812 4671 970 4715 cavet
997 4671 1054 4715 et
1078 4662 1236 4715 vitat.
1269 4660 1360 4715 Sic
1391 4663 1460 4715 de
1483 4664 1673 4717 eodem
1719 4665 1834 4734 ipso
1863 4667 2091 4722 Domino

513 4762 570 4819 et
614 4750 896 4811 Salvatore
937 4753 1082 4821 quod
1115 4748 1316 4805 dictum
1352 4762 1436 4808 est
1461 4753 1537 4820 “,
1586 4773 1604 4805 ι
1631 4772 1736 4810 non
1787 4758 1934 4810 novit
1960 4774 2090 4828 pec-

515 4853 725 4909 catum,
748 4853 986 4904 scortum
1005 4843 1221 4914 estquia
1241 4843 1521 4913 ignorasse
1551 4846 1751 4900 dicitur
1781 4826 2086 4917 pet-catum,

515 4952 616 5014 pro
643 4953 710 4992 eo
738 4936 880 5004 quod
906 4950 1012 4992 non
1036 4934 1147 5006 egit
1175 4951 1311 5004 opus
1352 4939 1584 5005 peccati.
1621 4937 1733 4993 Hoc
1767 4957 1898 5010 ergo
1928 4945 2088 4997 modo

451 5098 456 5106 ε
515 5039 568 5090 et
600 5029 690 5083 ille
724 5029 926 5082 dicitur
955 5045 1286 5100 cognoscere
1321 5048 1483 5101 opera
1523 5034 1755 5099 Domini,
1795 5038 1884 5106 qui
1922 5053 2085 5106 Opera

444 5105 455 5139 ”
515 5117 732 5183 Domini
761 5120 910 5178 facit.
940 5121 1158 5193 Ignorat
1186 5134 1365 5180 autem
1397 5141 1534 5196 Opus
1565 5127 1683 5194 Dei,
1716 5105 1825 5200 qui,
1845 5130 2092 5201 nonagit

516 5227 656 5279 opus
687 5211 805 5267 Dei.

584 5304 638 5357 5.
677 5303 781 5359 Sed
812 5313 869 5360 et
891 5304 1028 5360 illud
1059 5307 1332 5376 quomodo
1373 5310 1716 5377 prwteritnus
1752 5310 1894 5380 quod
1930 5311 2088 5365 addi-

518 5394 690 5455 dit":
725 5414 743 5447 ι
775 5397 876 5463 Qui
905 5408 1280 5468 cognoverunt
1301 5415 1466 5469 opera
1489 5401 1700 5454 Domini
1736 5417 1929 5470 magna
1949 5403 2086 5474 (39),

621 5485 668 5516 ⁸⁸
699 5482 868 5541 1Cor.
902 5504 979 5563 tv,
1006 5489 1103 5563 16.
1149 5559 1160 5563 _
1196 5492 1239 5563 ⁸ξ
1285 5490 1410 5563 .lud2
1465 5508 1526 5554 ιι,
1554 5492 1631 5563 7.;
1680 5492 1748 5563 ,θ’
1789 5493 1804 5546 1
1839 5493 1949 5563 "98

517 5554 564 5591 ⁸⁸
592 5553 750 5610 Joan.
788 5572 868 5621 ιιι,
900 5557 984 5613 16.

602 5674 922 5744 (38)ῨΜ95.,
959 5692 978 5726 ι
1022 5677 1114 5743 qui
1161 5687 1528 5744 cognoverunt
1584 5692 1744 5733 omne.
1802 5693 1936 5744 opus
1993 5679 2095 5732 Do-

525 5743 678 5820 mini.
721 5743 803 5799 Et;
840 5765 857 5798 ι
907 5743 1068 5802 Lihb.
1095 5743 1249 5816 editi,
1284 5765 1301 5800 ι
1335 5747 1424 5818 qui
1454 5748 1706 5818 cognovit
1734 5743 1892 5806 omne
1932 5764 2088 5820 opus.

439 5884 445 5898 ι
526 5811 667 5880 ιιι.»

1060 5494 1092 5542 i.
1196 5494 1239 5522 ⁸¹
1285 5494 1408 5546 Jud.
1465 5508 1526 5554 ll,
1554 5494 1601 5544 7.
1703 5494 1748 5524 ⁸⁸
1789 5494 1804 5546 1
1839 5494 1970 5563 Reg.
2006 5511 2066 5556 ιι,
2101 5494 2187 5546 19..
2265 5494 2311 5523 ⁸³
2345 5494 2505 5544 Ecele

1060 5561 1104 5593 ⁸⁷
1136 5559 1259 5615 .ΙιιιΙ.
1300 5578 1358 5624 ιι,
1386 5561 1437 5615 8.
1515 5563 1562 5594 ⁸⁸
1593 5561 1711 5616 Gal.
1751 5579 1808 5626 ιι.
1847 5564 1936 5620 20.
2014 5565 2059 5598 ⁸⁸
2099 5563 2294 5633 Philip.
2333 5577 2376 5626 I,
2413 5561 2506 5614 ‘21.

2195 4577 2365 4632 stolus
2399 4576 2484 4629 ’°:
2524 4592 2541 4625 ι
2573 4573 2808 4629 Rursum
2841 4571 3226 4640 cruciﬁgentes
3276 4568 3627 4638 sibimetipsis
3676 4566 3768 4621 Fi-

2193 4671 2327 4724 lium
2366 4667 2482 4730 Dei,
2514 4676 2567 4722 et
2587 4663 2825 4721 ostentui
2857 4664 3140 4718 habentes.
3164 4681 3183 4714 ι
3225 4661 3384 4716 Vides
3407 4675 3535 4729 ergo
3561 4659 3686 4729 quia
3717 4659 3770 4713 in

2198 4760 2549 4832 peccantibus
2594 4774 2698 4812 non
2738 4756 2916 4811 solum
2961 4755 3180 4824 defungi
3222 4754 3418 4808 dicitur
3441 4753 3634 4817 Iesus,
3671 4767 3767 4806 ve-

2197 4869 2315 4907 rum
2359 4861 2413 4906 et
2462 4850 2709 4920 cruciﬁgi
2757 4848 2826 4901 ab
2866 4848 2946 4906 eis
2986 4847 3249 4901 asseritnr
3279 4857 3333 4900 et
3372 4845 3538 4900 illudi.
3578 4844 3684 4899 Sed
3713 4852 3771 4897 et

2201 4956 2254 5000 tu
2305 4945 2420 5015 ipse
2461 4943 2748 4998 considera
2800 4941 2938 5010 apud
2977 4947 3050 5003 te,
3091 4939 3135 4996 si
3164 4938 3379 5007 quando
3425 4937 3494 4991 de
3539 4935 3771 4991 avaritia

2195 5037 2402 5107 cogitas
2437 5045 2492 5090 et
2525 5034 2682 5103 cupis
2721 5033 2899 5088 aliena
2939 5032 3197 5101 diripere,
3235 5029 3478 5100 nunquid
3511 5038 3665 5096 potes
3689 5027 3770 5081 di-

2199 5146 2361 5196 cere,
2398 5129 2524 5200 quia
2565 5127 2698 5181 vivit
2731 5127 2984 5181 Christus
3030 5125 3082 5180 in
3113 5124 3234 5178 me?
3260 5125 3365 5176 Aut
3396 5123 3442 5176 si
3481 5123 3549 5176 de
3582 5130 3774 5190 stupro

2200 5223 2434 5293 cogitas,
2474 5221 2518 5276 si
2545 5221 2728 5274 furore
2761 5217 3084 5288 exagitaris,
3123 5215 3165 5270 si
3196 5215 3364 5269 livore
3398 5213 3768 5278 succcnderis,

2197 5311 2240 5366 si
2275 5309 2478 5365 invidia
2509 5307 2825 5372 stimularis,
2869 5307 2912 5361 si
2946 5305 3260 5361 temulentis
3307 5303 3694 5368 debaccharis,
3722 5302 3768 5355 si

2196 5401 2448 5469 superbia
2493 5398 2810 5462 extolleris,
2844 5398 2890 5451 si
2925 5396 3243 5450 crudelitate
3287 5397 3578 5466 gres-saris,
3625 5408 3766 5446 nun-

2265 5492 2311 5523 ⁸³
2345 5489 2523 5544 Eccle.
2560 5505 2677 5552 vtn,
2711 5489 2764 5544 5.
2840 5490 2885 5520 ⁸⁸
2916 5488 2953 5540 ll
2979 5489 3104 5543 Cor.
3141 5503 3194 5554 ν,
3226 5489 3314 5543 21.
3388 5488 3434 5521 ⁸³
3469 5486 3592 5544 Jnd.
3625 5502 3688 5552 II,
3712 5483 3765 5538 7.

2598 5559 2642 5590 ⁹⁰
2681 5559 2812 5613 llcb.
2845 5575 2920 5623 vt,
2948 5558 3002 5612 6.

2277 5675 2387 5745 (59)
2421 5673 2570 5745 Mss.
2619 5674 2750 5745 (qui
2789 5683 3157 5745 cognoverunt
3197 5686 3358 5745 opera
3402 5670 3610 5745 Domini
3658 5684 3775 5745 tua:

2206 5739 2380 5817 gne...
2423 5743 2578 5798 Lihb.
2623 5744 2791 5809 editi,
2846 5760 2863 5793 ι
2899 5743 2987 5811 qui
3026 5741 3342 5812 cognoverit
3371 5755 3506 5808 opus
3555 5739 3770 5796 Domini

2207 5831 2417 5889 magna.
2443 5831 2461 5865 ι
