4146 6396
334 358 439 415 957

1373 357 1439 412 IN
1475 358 1735 415 LIBRUM
1770 357 2063 414 JUDICUM
2104 357 2385 413 HOMILIA
2426 357 2493 412 11.

3483 358 3589 414 958

336 469 462 539 quid
508 480 661 540 potes
708 471 763 524 in
810 470 895 525 his
943 471 1198 524 omnibus
1232 471 1447 535 dicere.
1486 476 1611 541 quia
1654 475 1906 529 Christus
1936 477 1982 535 Α
2013 484 2118 527 tam
2156 475 2336 543 magni
2375 473 2581 542 operis,
2616 473 2758 539 quod
2791 470 3031 524 surrexit
3078 484 3106 522 a
3144 470 3373 524 mortuis
3401 510 3418 536 ,
3468 471 3589 525 ﬁeri

336 560 471 613 vivit
518 561 571 614 in
616 561 740 614 me?
776 559 866 614 Sic
912 575 1046 629 ergo
1092 561 1143 613 in
1195 563 1546 629 peccantibus
1591 563 1907 634 defungitur

333 648 605 716 Christus,
638 666 735 719 pro
768 666 833 705 eo
867 652 1009 719 quod
1048 652 1180 705 nihil
1208 654 1260 705 in
1287 655 1366 707 eis
1392 654 1626 721 jnstitia,
1655 656 1786 709 nihil
1815 672 1907 724 pa-

336 739 530 795 tientia
556 781 575 807 ,
616 741 748 795 nihil
787 741 990 796 veritas
1030 751 1083 796 et
1133 743 1316 796 omnia
1360 744 1447 798 illa
1496 760 1615 813 qum
1660 747 1909 801 Christus

335 841 443 898 est,
476 840 793 901 operantur.
838 834 882 886 A
917 836 1122 890 sanctis
1163 851 1295 890 vero
1343 852 1681 905 quaecunque
1731 838 1865 891 ﬁunt
1891 878 1907 902 ,

334 921 585 977 Christus
612 939 673 978 ea
702 923 903 978 dicitur
932 929 1172 993 operari,
1205 927 1344 981 sicut
1388 938 1442 981 et
1490 929 1778 998 Apostolus
1821 930 1908 984 di-

336 1013 408 1067 cit
438 1014 483 1045 "
521 1030 534 1067 :
570 1032 589 1067 ι
628 1014 825 1069 Omnia
864 1031 1086 1084 possum
1140 1019 1191 1073 in
1228 1038 1293 1074 eo
1328 1021 1416 1083 qui
1456 1038 1542 1075 me
1582 1022 1857 1075 confortat
1886 1039 1904 1072 ι

334 1104 603 1160 Christus.
643 1105 749 1160 Sed
776 1116 825 1161 et
866 1108 978 1177 ipse
1000 1110 1262 1167 Dominus
1295 1113 1345 1165 in
1382 1112 1690 1182 Evangeliis
1718 1117 1784 1169 de
1810 1116 1911 1171 hoc

335 1196 741 1253 distinctionem
787 1199 1212 1267 pulcherrimam
1263 1204 1446 1271 dedit,
1491 1221 1613 1259 cum
1668 1207 1801 1261 dicit
1827 1209 1905 1261 ἠε

341 1306 362 1339 ι
400 1289 721 1359 Quicunque
786 1292 1072 1348 confessus
1132 1310 1216 1349 me
1260 1298 1422 1351 fuerit
1489 1313 1673 1353 coram
1738 1301 1912 1353 homi-

336 1381 523 1449 nibus,
564 1383 867 1439 conﬁtebor
895 1395 948 1439 et
973 1401 1075 1455 ego
1105 1402 1227 1441 eum
1258 1403 1441 1444 coram
1480 1390 1641 1445 Patre
1668 1407 1787 1446 meo
1817 1392 1908 1459 qui

332 1483 419 1529 est
453 1472 509 1527 in
550 1474 724 1529 ctelis.
760 1476 863 1543 Qui
914 1491 1094 1532 autem
1148 1482 1422 1551 negaverit
1458 1496 1541 1536 me
1592 1472 1772 1538 coram
1816 1484 1913 1537 hu-

336 1564 597 1632 minibus,
642 1576 697 1619 et
746 1581 847 1637 ego
887 1569 1096 1639 negabo
1130 1587 1251 1624 eum
1293 1588 1479 1627 coram
1516 1573 1677 1628 Patre
1733 1592 1904 1629 meo.)

336 1653 528 1709 Vidisti
558 1656 685 1727 quia
719 1659 1043 1715 conﬁtentes
1075 1662 1126 1715 in
1159 1666 1453 1733 semetipso
1478 1666 1614 1719 dixit
1640 1670 1908 1736 c0nliteri,

337 1758 390 1802 et
430 1750 587 1819 quasi
623 1752 713 1821 qui
750 1752 867 1822 ipse
918 1755 971 1808 in
1018 1755 1099 1809 eis
1131 1756 1280 1809 vivat
1331 1767 1384 1812 et
1439 1769 1692 1828 operetur
1748 1778 1911 1831 opera

336 1840 483 1896 vitae.
517 1839 572 1893 In
606 1841 674 1895 iis
711 1853 894 1897 autem
928 1845 1017 1915 qui
1062 1856 1279 1916 negant.
1313 1863 1419 1903 non
1455 1851 1631 1905 tenuit
1664 1854 1909 1909 eamdem

336 1928 488 1982 verbi
521 1929 957 1998 similitudinem,
1006 1945 1065 1988 ut
1104 1936 1315 1992 diceret
1345 1940 1471 2010 quia
1508 1940 1599 2010 qui
1633 1945 1910 2013 negaverit

335 2019 388 2072 in
423 2036 530 2084 me,
565 2031 619 2076 et
647 2038 748 2094 ego
777 2026 987 2095 negabo
1032 2028 1083 2081 in
1116 2045 1237 2084 enm
1270 2051 1282 2085 :
1316 2034 1409 2088 sed
1443 2053 1464 2085 ι
1506 2035 1596 2105 qui
1634 2038 1912 2105 negaverit

337 2124 426 2164 me
464 2126 651 2166 coram
694 2114 1007 2173 hominibus
1050 2133 1104 2174 et
1156 2137 1254 2190 ego
1311 2126 1519 2195 negabo
1558 2141 1681 2181 eum
1725 2143 1908 2183 coram

333 2197 497 2254 Patre
524 2219 643 2259 meo
670 2246 684 2270 ,
720 2225 741 2259 ι
783 2217 840 2262 ιιι
864 2213 1177 2268 ostenderet
1206 2216 1332 2284 quia
1369 2216 1460 2285 qui
1498 2230 1654 2287 negat
1694 2222 1909 2290 quidem

334 2308 415 2358 se,
452 2304 607 2349 extra
640 2298 815 2369 ipsum
850 2315 965 2369 eSl;
996 2305 1088 2372 qui
1127 2315 1308 2360 autem
1344 2310 1653 2376 conﬁtetur,
1698 2314 1748 2366 in
1794 2315 1911 2383 ipso

334 2395 438 2440 est.
468 2387 765 2458 Pr0pterea
795 2408 926 2464 ergo
967 2407 1020 2452 et
1059 2397 1147 2452 hic
1183 2398 1464 2468 Scriptura
1503 2404 1632 2457 dicit
1661 2405 1738 2468 ",
1783 2407 1908 2474 quia

335 2492 462 2530 cum
507 2479 801 2537 defunctus
832 2496 977 2539 esset
1009 2485 1196 2550 Jesus,
1236 2507 1253 2540 ι
1287 2492 1597 2545 exsurrexit
1635 2495 1912 2562 generatio

333 2571 439 2624 alia
475 2581 597 2641 post
641 2589 756 2638 eos,
804 2580 895 2645 qui
945 2595 1051 2634 non
1108 2581 1352 2636 scierunt
1388 2580 1608 2649 Jesum,
1656 2595 1711 2640 et
1745 2602 1908 2655 opera

333 2677 453 2731 qua:
491 2663 620 2721 fecit
655 2667 708 2719 in
744 2666 971 2723 Israel.»

401 2753 454 2808 2.
488 2773 506 2806 ι
544 2756 609 2810 Ει
642 2756 891 2814 fecerunt
935 2761 1025 2816 lilii
1054 2762 1219 2818 Israel
1253 2763 1454 2820 malum
1471 2778 1597 2823 ante
1619 2768 1788 2825 Deum
1806 2771 1904 2824 ".i

334 2843 693 2916 Omnipotens
724 2851 1038 2906 dominator
1069 2853 1209 2908 Deus
1245 2872 1522 2925 nunquam
1559 2860 1771 2913 accidat
1815 2876 1911 2913 no-

330 2938 454 3003 bis,
512 2948 573 2993 ut
619 2939 776 2997 Jesus
829 2942 1087 2999 Christus
1138 2956 1490 3016 posteaquam
1550 2951 1847 3003 resurrexit
1880 2966 1909 3005 a

332 3031 593 3097 mortuis,
654 3047 873 3086 rursum
934 3036 1197 3089 moriatur
1249 3039 1299 3092 in
1350 3039 1530 3093 nobis.
1589 3040 1727 3105 Quid
1764 3042 1909 3095 enim

2012 574 2189 633 posset
2227 564 2431 618 oblivio
2458 605 2472 626 ,
2517 563 2562 616 si
2617 562 2895 632 generatio
2938 560 3217 631 peccatrix
3256 561 3495 614 oriretur
3531 563 3586 616 in

2010 658 2195 712 corde.
2247 658 2395 712 Fecit
2434 673 2565 727 ergo
2597 657 2890 724 malignum
2928 671 3114 710 coram
3152 657 3260 710 Deo
3304 655 3590 722 generatio

2011 748 2287 813 adultera,
2324 763 2442 814 qua:
2484 747 2715 802 nescivit
2745 746 2969 811 Jesum,
3007 759 3179 815 neque
3214 745 3587 813 presbyteros.

2080 839 2133 890 3.
2172 857 2189 888 ι
2222 838 2286 891 Ει
2317 838 2560 902 servivit,
2590 839 2762 908 inquit
2788 838 2862 904 ⁸⁸,
2903 836 3106 891 Baalim
3135 879 3149 902 ,
3183 846 3237 890 et
3276 835 3587 903 derelique-

2012 938 2139 984 ruut
2168 930 2450 984 Dominum
2479 930 2643 983 Deum
2674 940 2886 998 patrum
2913 944 3189 985 suorum.»
3222 928 3343 981 llaec
3368 928 3586 997 quidem

2013 1022 2257 1076 fecerunt
2296 1023 2509 1090 antiqui
2545 1040 2557 1076 :
2591 1023 2684 1077 scd
2716 1024 2975 1091 quoniam
3018 1037 3140 1091 qum
3180 1022 3382 1088 scripta
3421 1027 3585 1081 sunt,

2012 1128 2118 1167 non
2161 1124 2380 1183 propter
2418 1113 2559 1177 illos,
2607 1114 2701 1167 sed
2744 1124 2968 1183 propter
3009 1128 3107 1167 nos
3151 1113 3353 1181 scripta
3393 1112 3587 1166 dicun-

2015 1214 2098 1259 tur
2119 1204 2188 1269 ’°,
2217 1222 2235 1256 ι
2265 1205 2317 1258 in
2343 1219 2480 1272 quos
2528 1205 2663 1259 ﬁnes
2702 1204 3022 1260 saeculorum
3064 1205 3423 1265 devenerunt,
3455 1220 3472 1251 ι
3510 1202 3591 1254 vi-

2013 1295 2239 1350 deamus
2282 1311 2348 1350 ne
2386 1297 2592 1365 majore
2628 1311 2694 1350 ex
2738 1305 2892 1365 parte
2929 1294 2996 1353 de
3039 1296 3197 1348 nobis
3228 1295 3381 1358 haec,
3423 1308 3586 1362 quam

2014 1386 2079 1439 de
2118 1387 2225 1441 illis
2266 1388 2409 1441 dicta
2441 1387 2754 1442 videantur.
2790 1387 2888 1442 Vis
2925 1386 3111 1440 videre
3143 1386 3268 1455 quia
3318 1384 3429 1455 (il)
3478 1400 3583 1438 non

2014 1493 2110 1547 per
2140 1492 2247 1540 me.
2269 1480 2362 1533 sed
2395 1494 2492 1547 per
2519 1480 2836 1548 Apostolum
2869 1481 2934 1534 de
2960 1479 3113 1532 nobis
3144 1494 3266 1533 esse
3298 1478 3396 1531 ista
3423 1492 3589 1545 expo-

2016 1571 2258 1624 nuntur?
2286 1571 2421 1624 Audi
2443 1572 2558 1640 ipse
2587 1571 2715 1641 quid
2748 1573 2944 1626 dicati:
2965 1592 2982 1620 ι
3009 1571 3062 1625 lu
3084 1570 3236 1624 Helia
3255 1580 3435 1625 autem
3459 1569 3587 1637 quid

2015 1660 2145 1714 dicit
2178 1660 2496 1729 Scriptura?
2532 1661 2815 1728 Quomodo
2852 1661 3163 1730 interpellat
3200 1662 3364 1715 Deum
3397 1661 3589 1714 adver-

2016 1767 2132 1806 sum
2159 1751 2362 1807 lsrael?
2393 1754 2645 1818 Domine,
2676 1753 2972 1823 prophetas
3000 1764 3119 1809 tuos
3145 1754 3479 1815 occiderunt,
3509 1752 3586 1804 al-

2017 1843 2152 1897 taria
2185 1854 2273 1897 tua
2312 1845 2555 1900 demoliti
2600 1854 2747 1909 sunt,
2796 1856 2851 1900 et
2878 1861 2979 1914 ego
3025 1845 3248 1900 relictus
3277 1860 3396 1896 sum
3433 1842 3585 1896 solus

2011 1944 2064 1989 et
2097 1946 2345 2002 quzernnt
2382 1937 2618 1991 animam
2653 1952 2849 1991 meam.
2902 1936 3007 1991 Sed
3041 1935 3170 2004 quid
3204 1936 3333 1989 dicit
3372 1934 3445 1988 illi
3503 1948 3589 1987 re-

2012 2043 2271 2097 sponsum
2301 2031 2580 2085 divinum?
2614 2030 2825 2099 Reliqui
2852 2031 2981 2085 tnihi
3008 2039 3214 2099 septem
3245 2029 3409 2082 millia
3437 2028 3587 2081 viro-

2013 2137 2156 2187 rum,
2179 2122 2270 2192 qui
2298 2137 2403 2177 non
2430 2132 2797 2179 curvaverunt
2820 2138 2994 2192 genua
3027 2121 3249 2184 Baalim,
3289 2139 3306 2171 ι
3329 2119 3586 2175 etaddit:

2018 2230 2036 2263 ι
2063 2213 2157 2268 Sic
2179 2228 2330 2283 ergo,
2351 2214 2549 2283 inquit,
2575 2222 2625 2268 et
2655 2214 2707 2268 in
2734 2215 2834 2269 hoc
2860 2224 3100 2283 tempore
3129 2211 3367 2281 reliquis:
3396 2225 3589 2264 secun-

2012 2307 2139 2361 dum
2191 2307 2510 2361 electionem
2541 2307 2736 2374 gratia:
2769 2306 2936 2361 salvae
2979 2307 3135 2360 l'acttc
3179 2313 3321 2359 sunt.
3356 2322 3372 2354 ι
3426 2302 3587 2357 Vides

2011 2414 2141 2466 ergo
2179 2401 2307 2467 quia
2346 2398 2467 2453 illos
2514 2400 2606 2468 qui
2640 2408 3003 2454 curvavernnt
3053 2412 3227 2467 genua
3259 2397 3490 2458 Baalim,
3533 2404 3587 2450 et

2012 2493 2101 2561 qui
2129 2506 2235 2544 non
2270 2499 2655 2554 eurvavernnt,
2690 2491 2740 2543 in
2775 2490 3017 2559 reliquiis
3050 2489 3382 2543 credentium
3436 2497 3490 2541 et
3533 2489 3584 2542 in

2014 2581 2365 2636 multitudine
2434 2596 2538 2634 non
2614 2580 2957 2635 credentium
3042 2579 3452 2647 interpretatur.
3520 2576 3590 2631 Et

2013 2673 2115 2728 hoc
2145 2668 2260 2741 (42)
2291 2671 2553 2736 ostendit,
2582 2670 2707 2740 quia
2738 2670 2813 2726 illi
2852 2670 2942 2738 qui
2981 2669 3033 2722 in
3064 2680 3304 2739 tempore
3337 2667 3587 2722 Salvato-

2012 2763 2088 2818 ris
2116 2762 2379 2818 increduli
2412 2762 2746 2817 exstiterunt
2764 2761 3004 2830 etimpii,
3023 2776 3193 2829 genua
3220 2767 3589 2815 curvavcrunt

2012 2853 2243 2921 Baalim,
2267 2862 2322 2908 et
2343 2854 2711 2908 adoraverunt
2742 2852 3056 2907 simulacra.
3091 2852 3154 2906 lli
3185 2867 3313 2906 vero
3345 2852 3435 2919 qui
3464 2866 3587 2904 cre-

2007 2946 2167 3011 dunt,
2216 2957 2271 3002 et
2320 2946 2546 3018 implent
2573 2961 2737 3017 opera
2768 2946 2911 3011 ﬁdei,
2941 2960 3046 2999 non
3081 2953 3451 2999 curvaverant
3493 2957 3587 3011 ge-

2014 3050 2121 3090 nua
2155 3034 2387 3090 Baalim.
2422 3034 2606 3104 Neque
2639 3036 2785 3092 enim
2814 3050 3041 3103 usquam
3075 3033 3310 3088 refertur
3335 3033 3386 3087 in
3410 3033 3586 3087 histo-

323 3120 471 3195 anibi
500 3122 723 3190 prodest
757 3122 802 3175 si
854 3123 905 3176 in
952 3124 1078 3179 aliis
1109 3126 1251 3180 vivat
1285 3141 1349 3181 ex
1386 3129 1617 3193 virtute,
1660 3142 1714 3185 et
1745 3132 1795 3185 in
1825 3148 1906 3187 me

2015 3126 2133 3187 riis.
2162 3125 2247 3181 vel
2276 3126 2329 3179 in
2354 3126 2705 3194 evangelicis,
2734 3125 2818 3179 vel
2848 3126 2899 3179 in
2932 3125 3051 3179 aliis
3082 3122 3413 3192 quibuslibet
3438 3121 3590 3176 Seri-

332 3209 603 3263 moriatur
630 3223 696 3265 ea
727 3210 1045 3267 inﬁrmitate
1075 3216 1319 3282 peccati?
1350 3216 1488 3284 Quid
1524 3220 1654 3274 mihi
1689 3224 1909 3291 prodest

330 3300 378 3354 si
414 3299 468 3353 in
502 3315 588 3354 me
624 3310 678 3355 et
725 3302 779 3356 in
838 3318 960 3359 meo
1005 3307 1169 3362 corde
1224 3325 1329 3363 non
1366 3312 1533 3377 vivit,
1564 3323 1615 3367 et
1644 3315 1688 3368 si
1737 3316 1788 3369 in
1824 3332 1910 3373 me

330 3401 494 3453 opera
526 3389 651 3444 vitae
684 3407 789 3444 non
821 3393 1073 3462 perﬁcit?
1100 3396 1239 3463 Quid
1275 3399 1404 3454 mihi
1438 3402 1660 3468 prodest
1693 3404 1735 3458 si
1767 3407 1906 3475 apud

331 3478 498 3533 alium
530 3494 596 3535 ex
634 3482 791 3538 bonis
819 3486 1036 3552 studiis,
1061 3504 1123 3541 ex
1166 3490 1305 3543 bona
1338 3490 1461 3555 ﬁde.
1493 3509 1556 3547 ex
1588 3495 1743 3557 bonis
1772 3513 1905 3567 ope—

332 3569 767 3627 ribnsnascitur
792 3585 848 3629 et
882 3579 1125 3632 ri-licitur
1154 3580 1266 3651 (40)
1294 3600 1306 3637 :
1339 3585 1479 3651 apud
1520 3602 1604 3641 me
1638 3598 1818 3641 autem
1848 3600 1903 3645 et

330 3659 386 3713 in
436 3676 557 3716 meo
602 3664 766 3718 corde
814 3682 909 3735 per
948 3668 1116 3722 malas
1145 3674 1502 3739 eOgitationcs
1540 3686 1595 3731 et
1634 3678 1900 3736 desideria

331 3749 589 3817 nefanda,
638 3769 737 3824 per
784 3758 965 3812 studia
1024 3764 1258 3830 pessima
1309 3765 1608 3822 suﬂ'ocatnr
1643 3776 1901 3840 quodam-

334 3844 495 3934 modo
521 3853 575 3898 et
602 3849 867 3903 necatur?
901 3850 1034 3905 Vide
1060 3854 1204 3908 enim
1240 3856 1367 3924 quid
1409 3859 1559 3913 addit
1602 3861 1904 3934 Scriptura,

330 3929 495 4004 462
528 3936 652 4005 quia
699 3955 718 3989 ι
751 3944 1015 4005 surrexit,
1047 3943 1222 4015 inquit
1252 3946 1319 4013 ⁸⁸,
1353 3951 1634 4018 generatio
1664 3929 1766 4009 alia
1790 3929 1908 4024 quae

333 4039 440 4078 non
493 4032 747 4097 cognovit
782 4030 1005 4099 Iesum,
1049 4048 1106 4092 et
1156 4052 1321 4107 opera
1361 4057 1483 4112 qua:
1500 4040 1859 4113 fecitmagna.
1888 4064 1905 4094 ι

333 4113 628 4174 Generatio
660 4121 745 4174 illa
772 4139 896 4191 quae
925 4141 1033 4180 non
1081 4131 1336 4198 cognovit
1377 4132 1663 4187 Dominum
1697 4134 1903 4201 Jesum,

334 4206 435 4260 ista
462 4217 548 4263 est
584 4210 843 4265 malarum
873 4215 1283 4283 cogitationum,
1320 4230 1375 4275 et
1424 4224 1781 4291 pessimarum
1814 4240 1907 4278 cu.

332 4299 644 4367 piditatum,
673 4317 793 4372 quae
820 4308 1118 4374 procedunt
1168 4325 1234 4364 ex
1278 4313 1462 4368 corde.
1502 4313 1606 4369 ista
1639 4325 1719 4371 est
1743 4332 1908 4386 gene-

334 4389 476 4444 ratio
500 4405 621 4460 qute
654 4409 760 4448 non
800 4401 1140 4466 recognoscit
1172 4402 1457 4459 Dominum
1487 4404 1694 4469 Jesnm,
1732 4423 1905 4478 neque

2013 3218 2189 3287 pluris
2217 3218 2360 3285 quod
2393 3217 2590 3287 aliquis
2620 3226 2863 3284 tempore
2890 3216 3194 3271 Salvatoris
3218 3229 3392 3283 genua
3419 3212 3587 3266 ﬂexe-

2013 3308 2085 3362 rit
2110 3309 2441 3372 simulacris,
2473 3310 2569 3364 sed
2604 3310 2672 3365 de
2717 3309 2822 3363 illis
2871 3309 3055 3376 utique
3088 3307 3188 3359 hoc
3226 3305 3451 3368 dicitur,
3491 3303 3587 3372 qui

2012 3400 2251 3469 peccatis
2282 3400 2395 3454 suis
2436 3400 2666 3465 astricti,
2700 3399 2842 3453 velut
2893 3399 3183 3467 compediti
3237 3398 3584 3455 tenebantur.

2016 3490 2169 3548 Unde
2198 3500 2420 3546 constat
2442 3491 2569 3562 quia
2605 3503 2661 3547 et
2691 3506 2791 3547 nos
2822 3489 3252 3559 quotiescunque
3278 3503 3586 3559 peccamus.

2011 3599 2133 3638 cum
2162 3583 2361 3654 captivi
2395 3583 2649 3637 ducimur
2677 3582 2731 3637 in
2759 3582 2875 3652 lege
2912 3582 3145 3651 peccati,
3180 3595 3352 3649 genua
3396 3592 3586 3636 nostra

2012 3689 2303 3730 curramus
2335 3673 2565 3730 Baalim.
2621 3673 2725 3729 Sed
2771 3690 2878 3729 non
2916 3674 2967 3728 in
3001 3674 3102 3729 hoc
3135 3674 3309 3729 vocati
3355 3687 3543 3729 smnus
3567 3714 3584 3735 ,

2013 3781 2113 3824 nec
2144 3767 2210 3822 ad
2244 3768 2345 3822 hoc
2382 3767 2718 3821 credidimus
2740 3806 2755 3830 ,
2786 3775 2845 3819 nt
2886 3766 3079 3819 iterum
3120 3765 3425 3820 serviamus
3455 3778 3583 3833 pec-

2011 3871 2134 3915 cato
2160 3899 2176 3926 ,
2227 3870 2282 3914 et
2321 3859 2517 3921 iterum
2562 3872 2735 3928 genua
2766 3858 3046 3913 ﬂectamus
3080 3856 3336 3919 diabolo,
3392 3855 3486 3911 sed
3530 3865 3588 3907 nt

2010 3950 2295 4006 ﬂectamus
2325 3964 2500 4020 genua
2532 3950 2586 4005 in
2620 3949 2838 4002 nomine
2868 3948 3076 4002 Domini
3104 3947 3230 4002 Jesu
3265 3965 3280 4001 :
3313 3945 3439 4014 quia
3477 3963 3496 3997 ι
3532 3946 3583 3999 iu

2015 4043 2233 4098 nomine
2261 4039 2389 4096 Jesu
2422 4054 2583 4097 omne
2611 4054 2748 4111 genu
2774 4038 3011 4094 ﬂectitur
3046 4038 3373 4101 ctelestium,
3394 4046 3450 4092 et
3478 4048 3586 4092 ter-

2012 4134 2287 4196 restrium,
2328 4142 2383 4187 ct
2427 4132 2762 4189 infernarum
2797 4134 2857 4197 ²;
2891 4150 2911 4185 ι
2944 4140 2999 4185 et
3027 4141 3085 4185 ut
3117 4130 3403 4185 ﬂectamus
3438 4148 3457 4182 ι
3492 4145 3587 4200 ge-

2011 4242 2115 4283 nua
2147 4228 2213 4282 ad
2248 4227 2465 4283 Patrem
2496 4225 2709 4281 Domini
2748 4224 2920 4280 nostri
2958 4222 3086 4278 Jesu
3118 4222 3342 4291 Christi,
3370 4235 3436 4277 ex
3477 4238 3585 4292 quo

2008 4319 2189 4375 omnis
2250 4317 2553 4388 paternitas
2599 4316 2652 4371 in
2696 4315 2892 4372 caelum
2946 4324 3003 4371 et
3050 4314 3102 4368 in
3146 4326 3293 4370 terra
3330 4316 3583 4370 nomina-

2010 4422 2099 4467 tur
2127 4413 2169 4464 ³.
2205 4430 2225 4464 ι
2274 4410 2379 4466 Sed
2412 4409 2544 4481 quid
2587 4411 2720 4465 mihi
2763 4411 2989 4479 prodest
3031 4410 3073 4465 si
3113 4423 3286 4477 genua
3333 4408 3585 4478 corporis

330 4494 468 4550 opus
499 4498 750 4554 magnum
785 4489 927 4557 quod
962 4490 1091 4547 fecit
1121 4492 1173 4547 in
1205 4494 1389 4551 lsrael.
1434 4497 1591 4553 Vides
1621 4500 1745 4568 quia
1778 4515 1906 4569 pec~
1937 4495 1983 4554 ἰ)
2011 4506 2113 4561 mei
2154 4507 2223 4561 ad
2269 4504 2569 4563 orationem
2610 4502 2837 4559 veniens
2876 4500 3088 4558 ﬂectant
3135 4502 3274 4565 Deo,
3319 4511 3375 4557 et
3406 4514 3584 4571 genua

332 4582 551 4630 catores
581 4589 648 4631 eo
678 4593 850 4648 usque
882 4587 1231 4652 perveniunt,
1272 4597 1330 4642 ut
1366 4598 1420 4643 et
1461 4606 1597 4658 opus
1628 4592 1757 4645 illud
1788 4608 1905 4647 tria-

330 4681 494 4737 gnum
518 4678 573 4725 et
596 4673 915 4740 praeclarum
943 4679 1089 4747 quod
1112 4678 1245 4735 fecit
1270 4681 1550 4750 Dominus,
1576 4686 1905 4744 obliviscan-

332 4766 456 4823 tur,
496 4764 641 4831 quod
686 4766 981 4823 cruciﬁxus
1017 4779 1102 4825 est
1148 4789 1168 4823 ι
1194 4786 1293 4841 pro
1331 4776 1572 4844 peccatis
1597 4780 1819 4844 nostris,
1853 4790 1908 4837 et

333 4856 633 4910 resurrexit
660 4868 883 4929 propter
900 4855 1347 4927 jttstiﬁcationem
1372 4880 1614 4923 nostram
1629 4872 1694 4924 ³⁸.
1710 4891 1729 4924 ι
1754 4871 1906 4929 Unde

331 4946 498 5001 credo
529 4949 672 5017 quod
705 4961 927 5020 propter
954 4954 1097 5010 hanc
1115 4958 1447 5016 oblivionem
1483 4974 1734 5019 metuens
1762 4966 1906 5033 Apo-

327 5038 506 5094 stolus
541 5041 757 5099 dicebat
784 5046 1053 5118 discipulo
1081 5065 1181 5105 suo
1218 5050 1538 5121 Timotheo,
1570 5073 1730 5126 quem
1763 5074 1903 5127 pra:-

330 5129 551 5199 cipnum
602 5135 839 5193 habebat
860 5139 941 5194 ’τι
975 5158 995 5193 ι
1033 5141 1238 5198 Memor
1276 5154 1394 5201 esto
1421 5148 1692 5204 Christum
1722 5150 1903 5208 Jesnm

332 5226 703 5283 resurrexisse
744 5244 773 5281 a
805 5233 1054 5287 mortuis.
1089 5254 1107 5285 ι
1148 5235 1369 5292 Sciebat
1398 5239 1541 5294 enim
1584 5242 1708 5310 quia
1745 5243 1906 5313 hujus

401 5316 634 5393 f‘__i’bil.
672 5336 746 5393 tv_.
774 5322 858 5376 15.
936 5325 1177 5393 f’Matth.
1211 5346 1270 5393 ιι,
1296 5330 1389 5390 39..
1422 5332 1507 5387 33.

328 5390 377 5423 τιν
405 5385 420 5438 l
448 5385 680 5466 Τέως-ιι,
710 5391 764 5446 8.
840 5393 885 5426 οι
924 5392 1050 5451 Jnd.
1094 5415 1153 5464 ιι,
1193 5385 1280 5466 tt',
1318 5385 1405 5456 12'.

330 5468 415 5517 ιιι,
443 5455 530 5525 14,
561 5459 647 5513 15.

366 5548 519 5631 tuo)
562 5553 717 5631 31:55.,
753 5572 771 5604 ι
798 5567 849 5610 et
880 5556 1144 5611 reﬁcitur.
1173 5577 1191 5609 ι
1222 5558 1376 5612 L’bh.
1409 5561 1563 5623 editi,
1600 5580 1617 5611 ι
1648 5571 1699 5615 et
1737 5561 1896 5631 perﬂ-

330 5624 493 5701 fi_t_u_r.
521 5643 539 5675 ι
567 5624 745 5701 Paulo
769 5637 888 5695 post
918 5642 1070 5701 mss,
1112 5647 1128 5676 ι
1168 5646 1261 5697 per
1286 5631 1455 5684 malas
1483 5624 1855 5701 cogitationes.
1874 5652 1890 5683 ι

328 5688 486 5765 ubi).
515 5697 669 5756 editi,
701 5713 720 5746 ι
748 5688 843 5765 per
876 5688 1092 5752 multas.
1119 5717 1138 5748 ι

401 5759 515 5836 (All)
551 5765 707 5833 Mss.,
731 5759 866 5823 (Vis
887 5767 1090 5833 videre,
1116 5769 1294 5838 quia.»
1314 5768 1469 5827 Lilvb.
1498 5772 1645 5837 editi,
1672 5789 1889 5845 «quam-

1619 5336 1665 5367 ⁹³
1692 5335 1816 5392 Jud.
1844 5351 1905 5400 ιι,
1941 5335 2029 5391 10.

1485 5405 1531 5436 ⁹⁹
1566 5405 1583 5459 1
1619 5406 1745 5460 Cor.
1784 5424 1840 5472 Χ,
1884 5408 1970 5462 11.

2008 4600 2191 4654 cordis
2216 4598 2320 4655 mei
2348 4597 2557 4657 ﬂectam
2586 4595 2838 4653 diabolo?
2861 4595 2920 4650 Si
2952 4595 3096 4651 enim
3124 4610 3230 4650 non
3256 4604 3462 4650 stetero
3491 4595 3586 4647 tir-

2009 4708 2132 4747 mus
2162 4692 2449 4749 adversum
2486 4689 2718 4745 astutias
2769 4687 3013 4753 diaboli,
3068 4686 3192 4741 ﬂexi
3235 4701 3407 4757 genua
3465 4700 3605 4753 mea,

2011 4782 2247 4837 diabolo.
2301 4782 2368 4839 Et
2415 4781 2460 4837 si
2510 4796 2616 4837 non
2667 4789 2984 4835 constanter
3037 4788 3248 4837 stetero
3294 4779 3605 4833 adversum.

2009 4876 2168 4940 iram,
2204 4874 2326 4931 ﬂexi
2357 4890 2528 4944 genua
2569 4887 2686 4928 mea
2717 4871 2829 4926 irae.
2861 4870 3122 4925 Similiter
3147 4880 3202 4924 et
3234 4870 3280 4926 si
3310 4886 3414 4924 non
3448 4883 3611 4928 con-.

2007 4975 2217 5022 stanter
2263 4965 2472 5020 libidini
2518 4963 2788 5030 restitero,
2840 4962 2962 5019 ﬂexi
3012 4961 3220 5017 libidini
3272 4978 3443 5032 genua
3478 4961 3609 5025 mei.

2006 5059 2209 5115 cordis.
2254 5058 2319 5113 Et
2375 5057 2430 5112 in
2487 5055 2718 5125 singulis
2760 5055 3068 5125 quibusque
3121 5069 3244 5123 qua:
3299 5053 3583 5113 contraria

2003 5160 2133 5205 sunt
2161 5149 2294 5215 Deo,
2336 5150 2439 5204 hoc
2470 5148 2651 5204 facere
2688 5146 2949 5211 videbor,
3011 5146 3112 5200 nisi
3154 5155 3474 5201 constanter
3527 5156 3596 5213 et,

2004 5242 2223 5297 fortiter
2279 5251 2490 5297 stetero
2513 5280 2529 5305 ,
2567 5240 2707 5294 sicut
2738 5247 2794 5293 et
2840 5237 2915 5292 illi
2957 5236 3202 5293 fecerunt
3235 5239 3363 5307 quia
3396 5239 3585 5294 coluee

2142 5338 2187 5370 "
2224 5336 2353 5390 ibid.
2384 5337 2469 5390 11.
2581 5333 2626 5365 ⁸⁸
2665 5331 2786 5387 .ΙιιιΙ.
2820 5348 2878 5394 ιι,
2914 5332 2999 5385 10.
3103 5330 3149 5361 ’⁸
3188 5329 3343 5384 Rom.
3379 5345 3455 5391 ιν,
3484 5330 3587 5393 25.

2052 5409 2064 5438 ¹
2107 5406 2264 5462 Rom.
2296 5422 2372 5473 ιιι,
2409 5406 2463 5471 2,
2505 5405 2560 5472 5,
2595 5403 2649 5468 4,
2680 5404 2734 5457 ὅ.
2811 5403 2830 5433 ⁸
2855 5401 3088 5471 Philipp.
3120 5416 3178 5466 ιι,
3212 5399 3299 5455 10.
3377 5399 3398 5431 ³
3438 5400 3587 5468 Εριι.,

2004 5568 2084 5618 vis
2116 5582 2298 5619 verum
2336 5576 2416 5621 est
2448 5565 2595 5636 quia.
2624 5584 2641 5616 ι

2006 5707 2048 5774 ρ
2079 5637 2306 5763 (ίιὲιιδίο
2344 5632 2478 5693 mss.
2514 5636 2661 5691 Libri
2700 5645 2879 5693 autent
2911 5633 3062 5697 editi,
3110 5651 3125 5684 ι
3162 5632 3570 5698 interpretatur.

2055 5724 2117 5763 uo
2206 5724 2309 5765 lOC.
2342 5727 2361 5761 ι
