4146 6446
452 428 455 429 ⁷
486 431 595 488 963

1954 422 2276 478 ORIGENIS

3656 426 3760 487 965

490 556 592 608 bus
642 552 966 618 arrogantia:
1010 549 1199 604 vitium
1234 548 1386 611 fetet,
1420 554 1474 603 et
1503 547 1569 602 de
1616 546 1776 602 altari
1815 547 2026 602 Domini
2055 588 2069 611 ,
2102 552 2148 607 Α
2178 544 2415 614 Cenep/t,
2460 547 2628 614 frater
2677 546 2871 614 (ἔπιερή
2922 559 2940 598 :
2995 544 3138 598 illius
3177 544 3467 602 laudabilis
3496 556 3550 603 et
3587 549 3760 605 admi-

490 644 633 714 quod
690 647 910 698 deberet
946 643 1148 697 incensi
1182 641 1453 695 suavitate
1505 639 1770 708 fragrare,
1820 639 1956 693 odor
1992 648 2071 693 te-

491 738 748 789 terrimus
784 734 1051 803 superbia:
1072 741 1125 786 et
1152 731 1404 786 elationis
1445 730 1677 784 renidet.
1709 730 1815 784 Sed
1851 731 2072 801 abjicia-

492 837 599 887 tur,
631 841 841 892 quaeso,
872 827 941 880 ab
976 826 1123 879 omni
1165 825 1265 878 hac
1293 832 1481 877 sancta
1509 822 1774 888 Ecclesia,
1799 832 1856 879 et
1881 824 2070 894 praeci-

486 932 593 987 pue
620 919 687 973 ab
720 917 785 971 iis
810 916 902 985 qui
921 916 1240 969 ministrant
1275 916 1330 969 in
1357 916 1582 979 sanctis,
1612 917 1748 971 odor
1777 918 1876 971 iste
1906 925 2072 972 teter-

500 1008 672 1061 rimus
713 1025 727 1062 :
758 1015 816 1062 ut
850 1008 1140 1077 possimus,
1168 1007 1307 1060 sicut
1354 1006 1551 1061 Paulus
1578 1007 1791 1063 dicebat
1821 1008 1891 1072 ὀ,
1932 1007 2071 1063 eIIici

495 1119 514 1152 ι
557 1103 734 1157 bonus
763 1103 901 1156 odor
923 1102 1169 1157 Christi:
1207 1120 1226 1153 ι
1264 1115 1334 1155 ne
1373 1100 1510 1155 forte
1541 1100 1816 1155 irascatur
1879 1100 2068 1156 Domi-

489 1206 614 1255 nus,
642 1202 697 1246 et
723 1192 789 1245 ad
832 1191 1169 1246 iracundiam
1206 1204 1564 1258 provocemus
1608 1200 1855 1245 sanctum
1904 1190 2072 1246 Israel

489 1292 547 1337 et
575 1284 756 1337 tradat
785 1298 885 1337 nos
909 1283 960 1336 in
987 1298 1181 1337 manus
1200 1283 1592 1345 Chusarsaton,
1622 1292 1678 1336 et
1709 1281 2070 1337 humilitatem

488 1388 651 1444 quam
686 1374 737 1427 in
772 1374 1002 1429 scientia
1039 1374 1244 1429 Christi
1269 1375 1465 1427 docere
1503 1374 1815 1438 debuimus,
1861 1375 1913 1429 in
1948 1389 2071 1429 cor-

494 1466 756 1533 reptionis
806 1475 1009 1521 nostra:
1056 1464 1411 1519 tribulatione
1462 1465 1760 1520 discamus.
1804 1466 1911 1520 Sed
1951 1466 2072 1522 vide

491 1558 783 1626 benignum
813 1556 1126 1619 Dominum,
1156 1557 1587 1612 misericordiam
1623 1573 1746 1612 cum
1778 1557 2072 1614 severitate

493 1649 833 1712 miscentem,
882 1657 936 1702 et
977 1649 1143 1717 ipsius
1189 1664 1365 1719 ptenae
1405 1650 1625 1703 modum
1660 1650 1806 1718 justa
1860 1659 1917 1706 ει
1953 1652 2070 1706 cle-

490 1740 659 1794 menti
722 1740 1010 1795 libratione
1066 1751 1411 1811 pensantem.
1465 1741 1581 1797 Non
1641 1742 1693 1796 in
1747 1755 2069 1815 perpetuum

487 1832 654 1886 tradit
688 1832 1084 1902 delinquentes,
1132 1835 1226 1888 sed
1284 1844 1513 1905 quanto,
1571 1834 1768 1905 inquit,
1830 1847 2073 1907 tempore

2176 638 2328 690 randi
2382 637 2485 691 viri
2530 636 2765 704 Caleph,
2798 638 2886 705 qui
2925 636 3028 689 fuit
3070 652 3255 692 eomes
3291 647 3349 691 et
3403 638 3585 693 socius
3627 638 3757 694 Jcsu

2174 729 2325 785 Nave
2352 750 2364 783 :
2400 731 2465 784 de
2493 745 2634 798 quo.
2667 739 2825 797 prout
2857 731 3160 797 potuimus,
3198 730 3250 784 in
3285 729 3400 784 suis
3432 730 3601 794 locis,
3640 746 3762 799 quae

2174 822 2288 875 visa
2336 830 2504 884 sunt,
2536 820 2919 876 disseruimus.
2958 819 3096 887 Quid
3137 836 3267 889 ergo
3306 821 3440 875 dicit
3472 821 3756 890 Scriptura

2175 916 2241 969 de
2288 915 2393 967 isto
2434 912 2762 968 Gothoniel?
2802 912 3158 979 Posteaquam
3205 913 3343 967 dixit
3384 913 3512 982 quia
3546 913 3758 971 clama—

2172 1017 2368 1061 verunt
2392 1005 2488 1061 lilii
2516 1006 2680 1061 Israel
2713 1006 2777 1060 ad
2804 999 3341 1066 Dominum,tfactus
3361 1010 3464 1064 est.
3493 1006 3669 1075 inquit
3688 1008 3759 1071 τ’.

2183 1102 2422 1176 Spiritus
2475 1103 2691 1161 Domini
2738 1112 2906 1170 super
2965 1095 3759 1165 Gothonielem,etjudicavit

2173 1187 2362 1244 Israel.
2398 1208 2416 1242 ι
2453 1189 2622 1244 Putas
2645 1199 2730 1244 est
2753 1190 2806 1244 in
2836 1189 2994 1245 nobis
3017 1188 3237 1257 aliquis,
3269 1188 3360 1258 qui
3405 1190 3479 1244 ita
3520 1191 3755 1244 validum

2172 1292 2229 1338 et
2274 1284 2349 1337 ita
2399 1283 2603 1351 justum
2649 1283 2942 1337 clamorem
2992 1282 3171 1336 mittat
3222 1282 3288 1336 ad
3332 1282 3645 1347 Dominum,
3697 1295 3760 1338 ut

2172 1374 2367 1443 dignus
2399 1376 2469 1431 sit
2498 1375 2773 1440 exaudiri,
2808 1386 2863 1430 et
2896 1384 3173 1431 mereatur
3245 1375 3479 1443 populus
3514 1374 3762 1442 accipere

2166 1465 2406 1534 judicem
2464 1476 2519 1522 ει
2565 1466 2807 1535 judicem
2847 1466 3005 1520 talem
3058 1480 3218 1535 quem
3258 1464 3494 1533 Spiritus
3535 1464 3628 1519 Dei
3674 1479 3761 1519 re-

2171 1559 2317 1628 plent
2342 1600 2356 1620 ,
2384 1569 2441 1613 ut
2470 1561 2644 1628 possit
2676 1560 2790 1628 (SI)
2825 1568 3035 1613 rectum
3071 1569 3256 1613 tenere
3279 1557 3579 1628 judicium?
3606 1557 3760 1612 Unde

2172 1662 2228 1707 et
2275 1652 2413 1707 liber
2469 1653 2587 1724 ipse
2615 1652 2867 1709 Iudicum
2902 1655 3105 1709 dicitur
3130 1694 3146 1719 ,
3188 1662 3242 1709 et
3286 1652 3672 1709 describuntur
3703 1652 3758 1706 in

2172 1758 2237 1797 eo
2274 1742 2526 1810 judices.
2565 1746 2656 1815 qui
2684 1745 3075 1815 judicaverunt
3102 1745 3380 1816 populum.
3422 1744 3578 1800 Sicut
3610 1746 3759 1799 enim

2175 1834 2264 1889 alii
2297 1834 2419 1888 libri
2451 1834 2656 1905 Regum
2687 1837 2964 1902 dicuntur,
2999 1835 3082 1892 vel
3110 1836 3445 1907 Regnorum,
3479 1836 3531 1889 in
3560 1834 3761 1903 quibus

487 1924 793 1978 servierunt
834 1924 1065 1990 Baalim,
1121 1935 1272 1980 tanto
1302 1927 1464 1981 etiam
1495 1928 1740 1983 serviunt
1773 1929 2071 1986 Chusarsa-
2101 1924 2144 1980 B
2175 1926 2506 1981 describitur
2574 1927 2949 1996 unusquisque
3005 1942 3192 1997 regum
3246 1926 3517 1996 quomodo
3568 1941 3762 1995 regna-

490 2028 615 2080 ton;
665 2018 769 2072 hoc
794 2028 897 2083 est,
931 2028 1057 2073 octo
1092 2021 1272 2074 annis.
1318 2020 1478 2075 Disce
1512 2022 1625 2076 haec
1654 2032 1709 2077 et
1740 2029 1820 2088 tu,
1851 2037 1884 2078 (ι
1915 2023 2069 2078 audi-

488 2119 594 2173 tor,
641 2110 889 2180 quisquis
933 2110 1022 2165 ille
1062 2125 1157 2175 es,
1194 2113 1284 2179 qui
1325 2112 1418 2167 tibi
1451 2113 1703 2169 conscius
1740 2130 1798 2169 es
1841 2115 2070 2185 alicujus

485 2204 714 2256 erroris.
757 2202 822 2256 Et
861 2212 1069 2271 quanto
1113 2203 1226 2273 (48)
1270 2214 1515 2275 tempore
1558 2206 1872 2275 dcliquisti.
1919 2216 2070 2263 tanto

488 2294 841 2348 nihilominus
884 2304 1126 2364 tempore
1170 2297 1394 2350 humilia
1444 2298 1671 2366 teipsum
1709 2298 1850 2363 Deo,
1882 2308 1936 2355 et
1980 2316 2070 2355 sa-

486 2386 723 2441 tisfacito
748 2386 797 2440 ei
834 2386 887 2440 in
936 2386 1283 2441 confessione
1326 2389 1682 2457 poenitentia).
1734 2388 1849 2443 Non
1877 2404 2071 2460 exspe-

486 2486 602 2531 ctes
639 2486 694 2530 ut
730 2476 977 2531 humiliet
1019 2487 1067 2531 te
1096 2477 1494 2544 Chusarsaton,
1540 2489 1594 2534 et
1634 2480 1801 2535 invito
1836 2481 2073 2536 necessi-

495 2578 577 2623 tas
604 2576 930 2638 extorqueat
962 2567 1340 2638 ptnuitentiam
1361 2608 1376 2633 ,
1420 2569 1513 2623 sed
1544 2570 1657 2639 ipse
1690 2573 1922 2640 praeveni
1957 2583 2071 2628 tor-

491 2662 627 2717 toris
655 2661 812 2715 istius
841 2676 1035 2715 manus
1065 2677 1078 2713 :
1113 2660 1241 2729 quia
1275 2660 1318 2715 si
1354 2669 1405 2714 te
1438 2661 1552 2729 ipse
1587 2663 1989 2729 emendaveris,
2024 2666 2068 2720 si

491 2763 543 2807 te
573 2756 686 2821 ipse
710 2753 1039 2818 correxeris,
1074 2752 1192 2823 pius
1217 2762 1300 2808 est
1332 2752 1476 2807 Deus
1500 2762 1555 2808 et
1601 2754 1935 2822 misericors,
1978 2756 2070 2826 qui

486 2844 783 2899 vindictam
806 2855 1068 2914 temperet
1099 2846 1168 2901 ab
1214 2860 1279 2901 eo
1308 2846 1399 2913 qui
1435 2845 1580 2900 illam
1607 2847 1920 2915 pmnitendo
1937 2865 2072 2918 pra:-

487 2934 657 2989 venit.
689 2934 794 2989 Sed
830 2934 960 2988 illud
1002 2934 1449 3002 consideremus,
1502 2935 1628 3004 quia
1664 2935 1835 2990 donec
1866 2938 2073 2993 servie-

489 3034 616 3079 runt
661 3024 774 3097 (49)
810 3025 1183 3081 Cbusarsaton
1235 3025 1273 3080 ii
1329 3027 1421 3095 qui
1476 3027 1659 3082 traditi
1708 3027 1926 3084 fuerant
1974 3044 2073 3100 pro

487 3118 724 3185 delictis,
772 3126 825 3172 ct
864 3135 971 3175 non
1005 3120 1383 3175 clamaverunt
1422 3119 1488 3175 ad
1546 3120 1858 3187 Dominum,
1916 3138 2073 3178 nemo

488 3212 783 3267 suscitatus
816 3220 902 3265 est
956 3212 1045 3278 qui
1083 3210 1303 3266 salvare
1335 3225 1430 3265 eos
1472 3223 1675 3279 posset.
1720 3213 1854 3268 Cum
1885 3222 2068 3267 autem

487 3305 862 3359 elamaverunt
890 3304 956 3358 ad
985 3302 1295 3369 Dominum,
1317 3302 1480 3376 465
1507 3314 1636 3359 tunc
1663 3305 1948 3360 suscitavit
1967 3305 2068 3360 Do-

487 3396 667 3449 minus
702 3395 1042 3448 Salvatorem
1079 3392 1268 3456 Israel,
1306 3405 1361 3448 et
1397 3393 1627 3448 salvavit
1654 3408 1768 3448 cos.

558 3487 614 3541 3.
669 3485 1009 3539 Salvatorem
1057 3494 1235 3540 autem
1285 3485 1417 3538 dicit
1459 3484 1749 3539 Gothoniel
1792 3485 1939 3558 (50),
1979 3484 2071 3553 qui

490 3582 881 3646 interpretatur
938 3587 1138 3646 tempus
1191 3578 1318 3630 mihi
1371 3576 1534 3633 Deus.
1597 3576 1700 3631 Per
1754 3577 1895 3632 hunc
1941 3591 2072 3643 ergo

485 3668 773 3726 Gothonicl
827 3668 978 3734 prior
1021 3666 1107 3721 ille
1157 3667 1384 3736 populus
1432 3669 1497 3721 de
1543 3667 1807 3722 servitute
1847 3665 2071 3719 humili-

492 3761 619 3815 tatis
650 3769 867 3828 ereptus
890 3769 1005 3823 εει,
1033 3769 1087 3812 ει
1126 3758 1334 3811 reddita
1367 3766 1449 3812 est
1482 3772 1588 3826 pax
1630 3757 1827 3827 popqu
1849 3797 1863 3821 ,
1908 3769 2072 3825 quam

490 3851 741 3920 superbia
790 3849 1020 3913 dudum,
1072 3859 1126 3902 et
1168 3850 1386 3903 diversa
1430 3850 1604 3919 plebis
1640 3850 1885 3904 facinora
1922 3849 2074 3918 fuga—

488 3957 639 3997 vcre.
667 3942 864 3997 Verum
892 3943 1147 4011 quoniam
1181 3941 1418 3996 diximus
1454 3942 1754 4013 spiritalem
1784 3943 2073 4013 quemdam

494 4034 717 4103 intelligi
770 4049 927 4102 posse
965 4035 1384 4099 Chusarsaton,
1429 4050 1616 4103 regem
1700 4044 1756 4091 et
1798 4052 1963 4089 unum
2012 4037 2078 4090 de

492 4127 824 4181 adversariis
861 4137 917 4181 et
964 4126 1142 4181 aereis
1184 4126 1546 4196 potestatibus
1594 4125 1895 4197 principem
1939 4145 1953 4180 :
2002 4127 2076 4181 ita

490 4232 830 4287 consequens
861 4219 991 4273 mihi
1028 4218 1245 4273 videtur
1273 4218 1437 4272 etiam
1468 4217 1849 4273 Gothonielem
1885 4220 2073 4283 istum,

489 4310 581 4378 qui
640 4310 704 4363 ad
756 4310 1101 4364 liberandum
1152 4310 1410 4379 populum
1457 4311 1756 4365 suscitatus
1793 4321 1913 4377 est,
1954 4324 2077 4365 esse

490 4418 656 4456 unum
704 4401 940 4473 aliquem
992 4405 1061 4458 de
1106 4405 1293 4457 militia
1338 4403 1549 4458 cmlesti
1588 4412 1644 4458 et
1680 4403 2079 4474 archangelicis

493 4498 720 4560 turmis,
755 4499 844 4567 qui
882 4499 948 4552 ad
983 4497 1376 4552 adminiculum
1411 4497 1701 4550 mittuntur
1732 4510 1949 4561 eorum,
1985 4495 2076 4565 qui

2174 2016 2350 2080 verit,
2400 2017 2484 2072 vel
2532 2017 2662 2087 quid
2696 2019 2873 2088 egerit
2917 2036 2929 2071 :
2967 2019 3038 2073 ita
3078 2027 3130 2073 et
3170 2019 3221 2071 in
3258 2017 3360 2072 hoc
3398 2017 3579 2071 libello
3609 2026 3759 2086 gesta

2169 2107 2412 2177 judicum
2471 2109 2820 2171 referuntur,
2878 2118 2934 2165 et
2978 2110 3309 2164 describitur
3350 2124 3457 2163 non
3502 2108 3675 2163 solum
3713 2108 3759 2161 si

2172 2200 2300 2270 quid
2326 2202 2394 2255 ab
2420 2202 2501 2257 eis
2525 2211 2671 2257 recte.
2698 2212 2750 2256 et
2787 2201 3000 2259 utiliter
3030 2211 3243 2273 gestum
3274 2211 3379 2265 est,
3411 2216 3597 2257 verum
3626 2210 3680 2255 et
3713 2201 3763 2255 si

2173 2293 2304 2362 quid
2350 2293 2694 2364 culpabiliter
2741 2295 3042 2349 admissum
3092 2304 3180 2349 est
3220 2294 3361 2365 (52).
3413 2294 3525 2349 Cur
3573 2304 3756 2349 tamen

2174 2395 2464 2454 utrumque
2498 2387 2829 2457 descriptum
2880 2389 2955 2442 sit
3000 2388 3043 2441 si
3095 2389 3368 2457 requiris,
3410 2387 3657 2458 profecto
3697 2397 3758 2442 ut

2175 2492 2319 2533 nunc
2351 2476 2605 2533 Ecclesiae
2640 2480 2919 2548 principes
2954 2479 3039 2534 vel
3076 2479 3291 2547 iudices
3318 2480 3666 2549 pervidentes
3695 2493 3761 2534 ea

2173 2582 2293 2637 quae
2318 2568 2387 2622 ab
2412 2568 2493 2621 eis
2521 2567 2865 2623 laudabiliter
2892 2578 3043 2639 gesta
3072 2579 3224 2634 sunt,
3253 2570 3497 2638 priorum
3527 2583 3763 2638 sequan-

2176 2668 2263 2713 tur
2306 2658 2554 2728 exempla
2599 2659 2692 2715 :si
2733 2673 2839 2729 qua
2902 2674 3032 2715 vero
3074 2661 3127 2714 in
3170 2660 3277 2714 illis
3326 2661 3651 2731 culpantur,
3704 2670 3764 2717 ut

2176 2750 2263 2806 isti
2303 2761 2535 2805 caveant
2580 2761 2636 2804 et
2680 2752 2978 2806 declinent.
3030 2750 3222 2822 Magna
3265 2767 3399 2823 ergo
3444 2754 3561 2808 laus
3600 2754 3761 2823 primi

2174 2842 2334 2913 hujus
2361 2843 2559 2911 judicis
2583 2842 2875 2899 Gothoniel
2907 2844 3143 2901 refertur
3170 2886 3185 2910 ,
3215 2846 3358 2915 quod
3394 2845 3633 2915 Spiritus
3665 2845 3762 2900 Dei

2176 2934 2350 2991 factus
2377 2945 2463 2990 est
2506 2950 2673 3005 super
2697 2951 2819 2992 eum
2850 2976 2864 3001 ,
2896 2949 2950 2991 et
2982 2952 3080 3007 per
3120 2937 3384 3007 Spiritum
3427 2937 3639 2994 Domini
3674 2928 3786 3009 ju-'

2175 3027 2396 3084 dicabat
2431 3027 2631 3094 Israel;
2665 3030 2808 3099 quod
2836 3044 2935 3100 ego
2961 3031 3029 3084 de
3056 3030 3165 3086 alio
3193 3032 3385 3100 quovis
3412 3030 3618 3086 dictum
3653 3046 3761 3086 non

2175 3117 2329 3175 valde
2358 3120 2599 3175 memini.
2621 3121 2758 3176 Sunt
2778 3136 2907 3192 ergo
2926 3124 3167 3176 omnium
3197 3122 3356 3177 hodie
3386 3120 3760 3179 Ecclesiarum

2177 3228 2296 3284 qua:
2333 3223 2462 3270 sunt
2495 3216 2598 3271 sub
2640 3216 2810 3281 caelo,
2857 3216 3247 3285 quamplurimi
3278 3217 3493 3287 judices
3515 3257 3528 3279 ,
3563 3217 3764 3287 quibus

2171 3304 2432 3373 judicium
2458 3321 2565 3361 non
2598 3306 2770 3361 solum
2797 3322 2976 3363 rerum
3003 3317 3278 3378 gestarum
3306 3308 3494 3361 datum
3522 3316 3631 3372 est,
3664 3307 3763 3363 sed

2175 3407 2232 3452 et
2263 3399 2591 3452 animarum.
2632 3397 2832 3453 Verum
2886 3401 3071 3453 nescio
3113 3400 3156 3453 si
3195 3401 3285 3468 qui
3333 3400 3469 3455 tales
3504 3399 3762 3456 Ecclesiae

2171 3489 2382 3556 judices
2424 3498 2549 3542 sunt
2591 3503 2729 3559 quos
2761 3489 2954 3557 dignos
2993 3489 3106 3558 (55)
3155 3488 3319 3542 faciet
3368 3489 3509 3543 Deus
3551 3490 3761 3557 Spiritu

2177 3588 2366 3633 sancto
2382 3579 2597 3646 repleri,
2613 3589 2673 3633 ut
2694 3580 2835 3632 sicut
2855 3580 3142 3633 Gothoniel
3168 3579 3269 3633 iste
3288 3580 3598 3633 testimonio
3621 3582 3767 3634 Scri-

2177 3678 2351 3735 ptura:
2383 3671 2671 3725 decoratus
2704 3679 2818 3735 est,
2854 3670 2929 3723 ita
2969 3669 3132 3723 etiam
3184 3670 3284 3738 ipsi
3318 3671 3385 3725 de
3431 3670 3629 3738 quibus
3664 3672 3765 3725 hoc

2177 3770 2459 3832 optamus,
2490 3760 2585 3816 Dei
2619 3761 2985 3816 testimonium
3024 3773 3360 3816 mereantur.
3388 3761 3479 3814 Ait
3507 3776 3643 3830 ergo
3670 3761 3716 3792 ”
3746 3777 3763 3816 :

2183 3873 2201 3906 ι
2239 3855 2303 3908 Ει
2330 3852 2508 3908 factus
2544 3864 2628 3909 est
2666 3868 2831 3922 super
2852 3868 2977 3907 eum
3012 3852 3252 3921 Spiritus
3282 3852 3537 3917 Domini,
3578 3864 3635 3909 et
3673 3854 3762 3922 ju-

2181 3943 2384 3998 dicavit
2429 3943 2627 4009 Isracl,
2667 3952 2724 3999 et
2770 3943 2904 3997 exiit
2936 3943 3002 3996 ad
3036 3942 3271 4006 bellum,
3306 3952 3361 3997 et
3396 3943 3618 3998 tradidit
3656 3943 3762 3998 Do-

2184 4037 2363 4092 minus
2398 4038 2450 4091 in
2491 4053 2685 4094 manus
2716 4036 2831 4107 ejus
2870 4039 3239 4093 Chusarsaton
3270 4051 3478 4104 regem.
3527 4054 3545 4086 ι
3585 4037 3766 4103 Quare

2182 4130 2319 4185 hoc?
2360 4132 2495 4197 Quia
2541 4129 2779 4200 Spiritus
2828 4129 3043 4185 Domini
3072 4139 3191 4185 erat
3229 4130 3280 4183 in
3314 4143 3417 4194 eo,
3457 4139 3511 4183 et
3545 4130 3767 4184 confore

2181 4230 2289 4275 tata
2338 4230 2422 4275 est
2476 4236 2668 4276 manus
2716 4220 2838 4290 cjus
2895 4234 2990 4289 per
3035 4219 3404 4273 Chusarsaton
3460 4234 3665 4288 regem.
3701 4219 3763 4273 Et

2175 4320 2300 4379 post
2345 4311 2459 4365 haec
2493 4310 2622 4366 dicit
2655 4310 2701 4342 "
2726 4348 2743 4377 ,
2778 4310 2904 4379 quia
2931 4308 3139 4380 quievit
3178 4318 3322 4362 terra
3351 4310 3453 4363 sub
3488 4323 3554 4363 eo
3581 4310 3765 4376 judice

2177 4402 2535 4473 quadraginta
2560 4403 2742 4456 annis.
2775 4401 2938 4455 Vides
2963 4415 3125 4469 quam
3158 4399 3307 4469 larga
3339 4411 3425 4456 est
3450 4401 3631 4456 divina
3657 4402 3764 4456 cle-

2181 4492 2405 4548 mentia.
2431 4491 2569 4549 Octo
2599 4497 2760 4547 annis
2795 4494 2888 4548 lilii
2932 4493 3102 4549 Israel
3141 4496 3449 4549 Servicrant
3484 4509 3582 4563 pro
3623 4494 3761 4547 mul-

493 4589 868 4643 haereditatem
898 4589 1120 4657 capiunt
1160 4589 1389 4651 salutis,
1417 4597 1472 4641 et
1505 4597 1632 4642 sunt
1672 4588 1855 4659 angeli
1886 4586 2077 4641 Salva-
2109 4608 2153 4664 ι)
2185 4592 2359 4640 torum
2392 4586 2640 4649 delictis,
2677 4586 3042 4657 quadraginta
3083 4587 3240 4642 annis
3274 4602 3373 4657 per
3404 4588 3568 4642 unius
3598 4587 3764 4655 justi-

493 4679 648 4739 toris,
680 4678 769 4745 qui
797 4675 881 4730 vel
905 4675 1243 4731 Gothonielis
1270 4677 1354 4731 vel
1378 4677 1539 4731 Aioth
1572 4678 1759 4746 specie
1785 4678 2075 4748 designau-

494 4777 583 4821 tnr
604 4808 619 4832 ,
650 4770 775 4837 quia
801 4769 943 4822 sient
971 4783 1111 4837 saepe
1134 4769 1475 4825 ostendimus
1494 4810 1509 4836 ,
1545 4785 1650 4825 non
1687 4770 1861 4826 solum
1884 4789 1913 4826 a
1940 4788 2076 4828 con-

493 4860 679 4913 trariis
728 4859 1020 4913 virtutibus
1072 4860 1489 4929 impugnamur,
1523 4862 1616 4916 sed
1650 4870 1705 4917 et
1747 4862 1944 4918 divinae
1978 4864 2076 4918 b0-

494 4967 683 5021 naeque
737 4952 965 5006 virtutes
1011 4954 1077 5008 ad
1128 4954 1392 5008 auxilium
1435 4963 1683 5010 nostrum
1719 4954 2009 5008 mittuntur
2040 4972 2068 5009 a

496 5042 745 5100 Domina.
799 5042 1091 5099 Videamus
1142 5055 1323 5100 tamen
1374 5046 1495 5115 quis
1536 5045 1699 5099 fuerit
1734 5046 1837 5100 iste
1867 5045 2074 5100 Gotho-

494 5135 623 5199 uiel,
643 5135 796 5203 cujus
820 5133 1057 5203 familiai,
1077 5137 1232 5203 cujus
1253 5137 1570 5191 nobilitatis.
1590 5134 1790 5201 Filius,
1818 5136 2075 5206 inquit",

600 5252 645 5283 ¹⁰
687 5252 725 5306 II
761 5250 883 5307 Cor.
918 5252 1075 5319 1,15.
1152 5255 1193 5285 ²¹
1245 5253 1372 5309 Jud.
1426 5270 1505 5317 ιιι,
1557 5255 1609 5311 9.
1685 5256 1730 5286 ”
1781 5252 1913 5308 ibid.
1968 5255 2056 5308 IU.

565 5376 681 5447 (48)
723 5374 938 5441 Inquit,
996 5388 1228 5442 tempore
1284 5377 1569 5430 servierunt
1625 5373 1873 5439 Baetim,
1927 5385 2073 5447 tauro

488 5444 902 5501 etiuttt'serriunt
935 5449 1333 5511 (Jhusarsaton;
1358 5449 1457 5498 hoc
1484 5455 1558 5499 est
1578 5459 1694 5500 octo
1725 5448 1898 5500 annis.
1924 5444 2077 5498 Disce

492 5520 607 5571 haec
646 5527 692 5570 et
725 5529 799 5576 tu,
832 5533 860 5570 ο
891 5518 1124 5581 auditor,
1141 5514 1480 5585 quisquisille
1508 5531 1582 5579 es,
1608 5518 1806 5585 quitibi
1836 5517 2074 5569 conscius

498 5602 552 5638 es
570 5586 800 5649 alicuius
814 5590 1030 5640 erroris.
1048 5584 1349 5657 thuanto.
1369 5584 1490 5639 Haec
1509 5588 1675 5640 etiam
1694 5586 2078 5641 desiderantur

500 5657 552 5706 in
593 5657 748 5710 libris
781 5659 961 5720 editis,
1005 5659 1098 5712 sed
1133 5667 1347 5711 exstant
1386 5657 1438 5709 in
1474 5673 1602 5710 mss.

572 5725 689 5793 (49)
731 5725 883 5791 Mss,
915 5746 935 5778 ι
968 5728 1297 5781 servierunt.
1336 5745 1354 5777 ι
1390 5725 1578 5789 Editi.,
1608 5746 1626 5777 ι
1664 5725 1929 5781 serviunt.
1973 5745 1993 5776 ι

571 5796 688 5859 (50)
735 5795 1033 5860 Gothoniel,
1063 5807 1171 5849 etc.
1210 5798 1284 5849 lix
1338 5806 1417 5860 ny
1460 5806 1681 5865 tempus,
1718 5803 1737 5843 ν
1776 5796 1940 5853 aliixo
1978 5796 2084 5867 pti-

500 5901 600 5941 nta-
634 5901 876 5955 personae
908 5900 959 5941 et
989 5869 1061 5944 Lm
1096 5887 1247 5945 Deus.

2134 5254 2178 5284 ’³
2220 5254 2352 5308 ibid.

2185 4678 2315 4733 tiam
2342 4678 2394 4733 in
2424 4692 2558 4747 pace
2588 4679 2909 4746 perdurant.

2254 4771 2308 4825 4.
2345 4770 2451 4825 Sed
2472 4771 2601 4840 quid
2628 4772 2828 4825 dicitur
2856 4777 2979 4838 post
3015 4769 3156 4824 hinc?
3190 4787 3208 4820 ι
3241 4767 3310 4824 Ει
3332 4769 3625 4825 defunctus
3651 4778 3762 4834 est,

2186 4863 2383 4931 inquit,
2413 4863 2701 4917 Gothoniel
2738 4863 2877 4916 lilius
2898 4862 3125 4917 Ceneth.
3156 4880 3174 4914 ι
3202 4862 3332 4917 [lem
3359 4863 3517 4916 video
3548 4863 3767 4929 pericu-

2186 4954 2382 5010 losam.
2419 4951 2714 5009 Defunctus
2752 4963 2834 5007 est
2878 4953 3189 5009 Gothoniel.
3236 4955 3416 5019 Quare
3452 4954 3605 5025 (54)?
3641 4956 3767 5023 quia

2179 5045 2291 5114 jam
2328 5044 2584 5112 indignus
2608 5054 2730 5099 erat
2761 5044 3014 5113 populus,
3043 5045 3135 5111 qui
3170 5045 3396 5100 haberet
3418 5044 3654 5113 judicent
3688 5053 3769 5097 ta-

2190 5137 2315 5190 lem.
2350 5137 2596 5205 Denique
2626 5137 2677 5190 in
2710 5138 3179 5206 consequentibus
3203 5137 3354 5193 dicit.
3387 5139 3483 5193 lllo
3512 5136 3770 5194 defuncto

2430 5254 2477 5285 “
2509 5255 2638 5309 ibid.
2672 5254 2759 5308 II.

2258 5374 2369 5449 (ὄλ)
2396 5374 2559 5449 Editt.
2585 5395 2604 5427 ι
2624 5377 2864 5449 iudicem
2892 5390 3055 5446 quem
3075 5377 3315 5449 Spiritus
3341 5377 3435 5433 Dei
3458 5377 3681 5447 repleat.
3714 5389 3770 5429 et

2183 5445 2376 5517 possit.
2413 5465 2432 5497 ι
2462 5445 2591 5500 Μεε.
2621 5458 2678 5500 ιιι
2707 5448 2762 5501 in
2791 5445 2976 5500 nostro
2992 5445 3161 5504 textu.
3184 5447 3322 5501 Infra
3347 5464 3481 5502 mss.
3508 5445 3528 5499 ἐ
3555 5460 3700 5501 recte
3716 5457 3770 5500 et

2187 5516 2394 5571 utiliter
2442 5528 2655 5586 gestum
2698 5527 2801 5572 est.
2860 5536 2877 5568 ι
2923 5518 3093 5573 Edut.
3147 5536 3164 5568 ι
3208 5531 3353 5573 recte
3393 5530 3448 5572 et
3490 5518 3770 5572 humiliter

2185 5597 2394 5656 gestum
2429 5597 2529 5640 est.
2573 5606 2595 5640 ι

2256 5656 2369 5726 (52)
2396 5656 2525 5711 Mss.
2568 5676 2586 5709 ι
2616 5656 2939 5711 admissum.
2970 5677 2988 5711 ι
3018 5658 3186 5713 Editt.
3221 5676 3239 5708 ι
3274 5660 3552 5715 emissum.
3593 5676 3613 5709 ι

2259 5728 2376 5797 (55)
2433 5726 2629 5791 Editt.,
2669 5745 2688 5777 ι
2748 5727 2804 5779 Si
2856 5732 2981 5797 quis
3026 5730 3148 5783 talis
3188 5729 3628 5799 Ecclesiaejudex
3661 5736 3771 5794 est,

2188 5813 2349 5867 quem
2380 5798 2621 5866 dignmn.
2664 5816 2680 5845 ι
2718 5798 2846 5852 Mss.
2880 5810 2937 5852 ut
2966 5802 3015 5853 in
3050 5810 3242 5853 nostro
3274 5810 3449 5855 textu.
