4146 6408
372 396 476 450 9ίῦ

1393 380 1462 437 IN
1490 380 1749 438 LIBRUM
1780 375 2078 436 .IUDICUM
2108 375 2395 433 IIOMILIA
2433 374 2521 429 Ill.

3531 377 3639 433 966

378 532 397 566 ι
443 512 795 583 adjecerunt,
852 510 1025 579 inquit
1058 509 1139 574 ”,
1208 506 1300 561 lilii
1351 504 1513 559 Israel
1569 505 1749 558 facere
1800 502 1953 556 mali-
1982 508 2026 563 Α
2058 500 2210 567 Quod
2244 500 2288 553 sl
2328 499 2450 552 licet
2488 495 2787 551 in‘talihus
2819 508 2883 547 cx
2921 495 3084 549 simili
3118 509 3485 561 praesumere,
3511 508 3645 567 puto

372 624 534 676 gnum
565 607 617 659 in
646 610 936 672 conspectu
973 600 1210 664 Domini,
1244 607 1299 653 et
1330 596 1660 651 confortavit
1694 595 1959 648 Dominus

371 697 540 767 Eglon
592 710 773 764 regem
823 693 981 747 Moab
1031 693 1317 745 adversum
1360 687 1546 742 Israel.
1598 706 1615 738 ι
1658 686 1956 740 Considera

371 788 496 856 quia
548 802 645 856 pro
693 801 758 840 eo
800 785 943 855 quod
993 782 1197 851 indigni
1230 789 1385 834 erant
1414 779 1524 847 jam
1576 780 1775 832 habere
1812 778 1960 847 priu-

373 883 549 950 cipem
608 879 769 933 talem
791 917 806 942 ,
848 886 1136 947 propterea
1174 872 1425 928 aufertur
1455 873 1523 927 ab
1553 871 1633 925 eis
1663 870 1835 924 bonus
1866 871 1956 939 ju-

374 973 477 1026 dex
541 972 608 1026 Et
639 971 886 1026 fecerunt
919 969 1012 1022 ﬁlii
1044 967 1207 1022 Israel
1245 965 1539 1033 malignum
1570 964 1620 1017 in
1654 974 1958 1032 conspectu

375 1062 625 1127 Domini,
653 1074 706 1117 et
732 1062 999 1117 excitatur
1036 1060 1114 1113 eis
1156 1058 1328 1113 hostis
1358 1057 1624 1125 pessimus
1659 1054 1822 1124 Eglon
1866 1069 1960 1108 rex

378 1153 551 1209 Moab.
591 1153 755 1207 Vides
796 1152 923 1221 quia
966 1160 1190 1222 peccata
1224 1149 1372 1204 vires
1402 1147 1646 1201 hostibus
1682 1146 1960 1213 przebeut,

371 1258 423 1300 et
456 1246 673 1316 quade
709 1260 808 1299 nos
832 1245 1064 1299 facimus
1091 1243 1387 1313 malignum
1424 1241 1477 1294 in
1510 1248 1809 1307 conspectu
1854 1239 1963 1291 Do-

375 1339 527 1403 mini,
559 1347 612 1392 et
642 1336 1030 1405 delinquimus,
1074 1344 1201 1389 tunc
1245 1332 1623 1387 confortautur
1656 1346 1684 1383 a
1728 1330 1959 1383 Domino

375 1428 584 1482 inimici
621 1427 813 1489 nostri,
846 1436 972 1481 tunc
1007 1429 1152 1480 vires
1177 1423 1474 1479 contrariis
1509 1422 1802 1476 virtutibus
1828 1421 1961 1472 dan-

376 1527 483 1572 tur.
531 1514 641 1571 lloc
681 1517 795 1571 sive
841 1516 1136 1571 secundum
1164 1516 1403 1570 litteram
1436 1513 1771 1583 quaeras,ita
1813 1511 1960 1565 inve-

378 1608 516 1672 nies,
550 1608 677 1676 quia
723 1622 827 1661 non
866 1606 1259 1661 invalescerent
1292 1607 1395 1661 nisi
1431 1605 1511 1659 eis
1542 1603 1735 1659 delicta
1768 1611 1957 1655 nostra

374 1696 519 1752 vires
563 1695 875 1751 conferrent
919 1712 933 1750 :
980 1697 1097 1751 sive
1145 1697 1197 1750 in
1238 1694 1577 1761 spiritalibus
1605 1694 1955 1757 consideres,

374 1785 628 1840 similiter
666 1786 954 1841 contrariae
1002 1786 1232 1840 virtutes
1273 1801 1378 1840 non
1419 1784 1817 1839 invaleseerent
1861 1782 1956 1835 ad-

376 1893 593 1932 versum
624 1893 743 1933 nos.
775 1892 878 1933 nec
910 1878 1023 1947 ipse
1060 1876 1294 1931 Zabulus
1323 1875 1374 1929 in
1403 1876 1558 1930 nobis
1587 1875 1788 1944 aliquid
1816 1890 1952 1944 prae-

374 1969 619 2035 valeret,
654 1969 756 2022 nisi
788 1969 835 2023 ei
873 1968 1016 2023 vires
1040 1983 1105 2022 ex
1140 1968 1340 2022 nostris
1370 1966 1517 2021 vitiis
1550 1966 1949 2035 przeberemus;

376 2061 537 2115 valde
582 2060 830 2116 inﬁrmus
878 2072 1023 2115 esset
1074 2060 1358 2114 adversum
1400 2074 1528 2122 nos,
1565 2058 1665 2111 nisi
1704 2072 1801 2111 nos
1831 2070 1954 2109 eum

377 2152 571 2206 fortem
624 2153 899 2222 peccando
940 2150 1268 2215 faceremus,
1311 2150 1416 2204 nisi
1450 2164 1546 2218 per
1588 2158 1807 2217 peccata
1856 2161 1955 2201 no-

377 2252 490 2297 stra
536 2243 715 2297 locum
765 2241 1074 2296 introeundi
1128 2250 1182 2295 et
1229 2240 1539 2293 dominandi
1591 2240 1862 2293 inveniret
1901 2239 1953 2292 in

380 2333 557 2388 nobis.
611 2331 904 2402 Propterea
950 2341 1005 2386 et
1049 2330 1341 2400 Apostolus
1384 2331 1616 2398 denique
1661 2338 1956 2399 praemonet

376 2424 565 2477 dicens
599 2423 645 2455 ³⁸
684 2440 697 2476 :
735 2439 753 2473 ι
796 2421 973 2477 Nolite
1004 2421 1181 2475 locum
1218 2423 1347 2475 dare
1379 2419 1606 2484 Zabulo,
1660 2440 1678 2471 ι
1725 2421 1868 2474 sicut
1902 2430 1958 2473 et

377 2513 465 2567 hic
507 2512 669 2566 modo
713 2512 970 2581 legimus,
1016 2513 1141 2579 quia
1182 2521 1532 2580 posteaquam
1574 2509 1817 2565 fecerunt
1860 2511 1954 2564 ﬁlii

379 2601 537 2655 Israel
591 2602 882 2673 malignum
933 2602 983 2655 in
1030 2613 1326 2672 conspectu
1359 2603 1614 2668 Domini,
1646 2603 1821 2656 locum
1864 2604 1958 2656 de-

377 2695 576 2746 derunt
631 2692 855 2747 Zabulo.
892 2710 911 2743 ι
945 2692 1281 2747 Confortavit
1306 2694 1450 2747 enim
1496 2694 1752 2748 Dominus
1789 2693 1955 2762 Eglon

382 2791 557 2847 regem
604 2778 782 2843 Moab,
811 2788 868 2832 et
921 2778 1170 2847 adjunxit
1207 2780 1256 2833 ei
1302 2794 1493 2835 omnes
1541 2779 1680 2833 ﬁlios
1727 2779 1955 2832 Ammon

378 2881 433 2923 et
480 2870 704 2925 Amalec
728 2870 795 2923 ".
846 2887 865 2920 ι
908 2868 1023 2921 Non
1067 2870 1274 2936 solum,
1330 2869 1537 2938 inquit,
1586 2868 1702 2937 ipse
1739 2868 1957 2923 confor-

379 2968 523 3014 tatus
570 2968 656 3013 est
705 2974 771 3014 ex
824 2960 1061 3028 peccatis
1111 2961 1345 3013 liliorum
1392 2957 1587 3021 Israel,
1635 2957 1730 3012 sed
1767 2958 1959 3027 adjun-

376 3062 580 3123 guntur
610 3053 659 3107 ei
691 3052 824 3106 socii
861 3066 1093 3119 riequam
1121 3066 1189 3106 ex
1218 3052 1345 3104 ﬁliis
1375 3052 1606 3104 Ammon
1634 3058 1688 3103 et
1710 3050 1957 3114 Amalec,

374 3145 465 3213 qui
498 3159 618 3198 cum
648 3143 766 3212 ipso
797 3143 1004 3210 pariter
1037 3143 1355 3211 impugnent
1384 3141 1570 3198 Israel.

447 3236 502 3289 5.
538 3253 558 3286 ι
593 3235 665 3287 Et
714 3234 1051 3298 servierunt,
1099 3233 1273 3301 inquit
1300 3233 1367 3300 ’⁸,
1414 3232 1509 3287 ﬁlii
1571 3232 1734 3287 Israel
1786 3232 1951 3303 Eglon

377 3326 490 3393 regi
548 3326 725 3392 Moab,
772 3326 955 3380 decem
1000 3333 1057 3381 et
1111 3335 1239 3380 octo
1276 3325 1457 3379 annis.
1495 3343 1514 3377 ι
1551 3323 1790 3379 Observa
1827 3326 1952 3393 quia

375 3416 537 3469 etiam
567 3430 849 3471 mensuras
881 3430 1055 3484 paenae
1080 3416 1280 3470 indicat
1312 3415 1595 3484 Scriptura
1620 3415 1801 3469 divina
1832 3431 1954 3469 cum

374 3517 501 3560 ante
529 3514 654 3560 octo
680 3521 871 3572 annos,
901 3516 959 3560 et
986 3507 1075 3560 hic
1100 3505 1283 3560 decem
1311 3518 1363 3559 et
1391 3517 1514 3560 octo
1546 3505 1699 3560 dicit.
1732 3504 1953 3559 Certum

372 3606 455 3652 est
485 3607 663 3651 autem
703 3600 847 3666 quod
877 3598 1174 3652 secundum
1206 3595 1372 3668 [.66
1405 3597 1611 3665 peccati
1656 3599 1873 3651 modum
1902 3605 1955 3652 et

374 3688 749 3745 conversionis
806 3698 1006 3744 nostrae
1058 3704 1304 3755 moram,
1360 3688 1525 3743 etiam
1576 3688 1956 3758 castigationis

381 3785 626 3844 tempora
655 3785 1045 3845 temperantur.
1082 3777 1438 3831 Transierunt
1472 3778 1617 3831 enim
1648 3789 1704 3833 et
1735 3780 1822 3835 isti
1852 3780 1952 3835 de-

381 3881 499 3920 cem
542 3875 598 3921 et
643 3875 768 3920 octo
817 3867 945 3920 anni
979 3867 1284 3933 servitutis,
1325 3876 1381 3921 et
1414 3884 1523 3922 non
1568 3869 1800 3924 refertur
1827 3870 1969 3940 quia.

382 3958 753 4012 clamaverunt
782 3958 850 4012 ad
879 3958 1189 4023 Dominum,
1225 3958 1308 4013 vel
1337 3960 1586 4015 conversi
1626 3971 1753 4015 sunt
1780 3978 1809 4016 a
1834 3979 1953 4016 ma-

383 4046 493 4102 litia
528 4064 624 4103 sua
654 4067 666 4102 :
699 4050 795 4104 sed
824 4058 948 4119 post
987 4050 1175 4104 decem
1205 4059 1261 4104 et
1287 4059 1411 4106 octo
1437 4066 1612 4105 annos
1648 4051 1842 4106 iterum
1869 4053 1953 4106 di-

382 4136 524 4192 citur
562 4138 674 4209 (55)
704 4139 768 4201 ’⁸,
796 4140 921 4209 quia
956 4159 975 4190 ί
1011 4140 1381 4196 clamaverunt
1418 4141 1511 4195 ﬁlii
1549 4142 1711 4196 Israel
1748 4143 1815 4196 ad
1845 4143 1953 4195 Do-

382 4229 614 4294 minum,
645 4240 701 4285 et
740 4231 1023 4287 suscitavit
1051 4232 1129 4286 eis
1158 4233 1421 4288 Dominus
1449 4234 1593 4289 Deus
1621 4233 1953 4289 Salvatorem

380 4319 543 4375 Aioth
600 4322 767 4377 [ilium
805 4322 973 4389 Gera,
1016 4324 1109 4378 ﬁlii
1156 4324 1400 4391 Gemini,
1455 4326 1630 4381 virum
1675 4326 1953 4382 ambidex—

382 4417 549 4466 trum.
588 4431 607 4464 ι
642 4414 782 4469 Ecce
823 4415 997 4484 qualis
1042 4426 1125 4470 est
1167 4415 1267 4469 iste
1298 4416 1390 4484 qui
1419 4417 1709 4471 suscitatur
1746 4417 1813 4471 ad
1846 4417 1953 4471 sal-

2067 590 2209 656 quod
2239 588 2536 641 secundum
2568 586 2870 655 spiritalem
2907 585 3343 655 intelligentiam,
3375 596 3431 640 et
3467 586 3642 640 sancti

2065 696 2254 735 omnes
2282 680 2607 733 ambidextri
2644 680 2900 732 dicantur
2930 697 2945 734 :
2972 689 3025 733 et
3048 679 3357 733 econtrario
3379 677 3642 740 Zahnlns,

2068 783 2122 825 et
2180 772 2451 840 principes
2500 771 2652 839 ejus,
2688 771 2735 824 si
2778 771 2883 825 dici
2922 780 3133 840 potest,
3170 769 3527 824 ambisinistri
3561 768 3645 822 di-

2065 872 2283 917 cuntur.
2342 864 2538 917 Totum
2587 863 2732 917 enim
2783 864 2924 931 quod
2970 870 3171 931 agunt,
3207 861 3486 916 sinistrum
3518 869 3642 924 est,

2067 965 2236 1009 totum
2270 971 2609 1024 perversum,
2645 966 2815 1010 totum
2847 955 2954 1025 igni
2984 964 3213 1021 aeterno,
3247 969 3369 1008 cum
3402 954 3470 1008 iis
3498 956 3642 1025 quia

2063 1048 2301 1102 sinistris
2330 1056 2489 1110 sunt,
2522 1049 2857 1117 deputatum.

2134 1138 2185 1190 6.
2215 1136 2317 1191 Sed
2345 1139 2622 1192 videamus
2650 1138 2775 1205 quid
2812 1138 2924 1207 agit
2958 1137 3047 1192 hic
3080 1138 3418 1192 ambidexter
3448 1136 3636 1205 judex.

2068 1244 2086 1276 ι
2129 1224 2409 1289 Miserunt,
2457 1225 2634 1295 inquit
2676 1226 2738 1291 “,
2774 1225 2866 1280 ﬁlii
2908 1225 3069 1280 Israel
3112 1239 3335 1280 munera
3367 1228 3432 1278 ad
3473 1226 3642 1296 Eglon

2064 1335 2243 1390 regem
2271 1320 2626 1374 Moabitarum
2677 1334 2773 1387 per
2801 1333 3021 1372 manum
3057 1319 3217 1373 Aioth
3242 1363 3254 1383 ,
3286 1328 3341 1372 et
3381 1317 3505 1372 fecit
3535 1320 3637 1373 sibi

2061 1410 2222 1464 Aioth
2257 1409 2490 1479 gladium
2529 1424 2596 1464 ex
2624 1419 2854 1477 utraque
2885 1418 3041 1476 parte
3072 1419 3290 1462 acutum
3332 1410 3520 1478 palmae
3551 1426 3646 1463 ex-

2063 1504 2228 1549 tensze
2276 1496 2652 1564 longitudine,
2703 1507 2757 1551 et
2806 1497 3046 1565 alligavit
3087 1497 3189 1551 sibi
3224 1512 3346 1552 eum
3379 1499 3538 1552 Aioth
3573 1499 3644 1552 ad

2061 1586 2237 1641 femur
2287 1588 2556 1640 dextrum.
2617 1606 2635 1638 ι
2696 1587 2858 1641 Vides
2898 1589 3024 1657 quia
3068 1588 3318 1642 dextrum
3368 1598 3445 1642 est
3482 1604 3644 1642 omne

2060 1678 2202 1745 quod
2233 1680 2343 1747 agit
2376 1678 2537 1731 Aioth
2571 1676 2659 1731 hic
2690 1678 3051 1742 ambidexter,
3086 1688 3139 1732 et
3173 1680 3423 1733 manibus
3453 1681 3645 1734 dexter

2059 1778 2163 1833 est,
2190 1780 2244 1823 et
2269 1770 2320 1822 in
2356 1769 2582 1838 pedibus
2611 1770 2802 1825 dexter
2826 1780 2931 1824 est.
2959 1769 3014 1823 In
3041 1770 3246 1823 femore
3274 1770 3417 1822 enim
3450 1771 3643 1824 dextro

2057 1859 2296 1927 gladium
2350 1870 2566 1929 portat,
2611 1870 2671 1914 ut
2718 1863 2900 1915 veniat
2930 1863 2996 1915 ad
3036 1876 3215 1929 regem
3255 1870 3308 1914 et
3349 1861 3643 1915 interﬁciat

2056 1963 2203 2003 eum.
2240 1951 2561 2004 Dixeramus
2594 1951 2645 2003 in
2684 1951 3055 2020 superioribus
3086 1953 3229 2018 quod
3269 1950 3358 2003 isti
3395 1966 3533 2019 quos
3569 1953 3637 2006 ad

2057 2042 2285 2098 salutem
2320 2043 2525 2113 populi,
2560 2054 2614 2099 et
2645 2045 2710 2097 ad
2745 2044 3052 2099 liberandos
3088 2044 3227 2098 filios
3265 2043 3430 2098 Israel
3467 2046 3639 2100 susci-

2070 2146 2186 2190 tare
2217 2135 2417 2190 dicitur
2443 2136 2584 2190 Dens
2615 2135 2941 2199 salvatores,
2967 2134 3051 2190 vel
3078 2134 3310 2204 judices,
3346 2134 3637 2204 imaginem

2060 2227 2237 2282 ferant
2279 2228 2584 2297 aliquorum
2628 2226 2932 2298 principum
2969 2243 3033 2282 ex
3078 2228 3284 2282 caalesti
3331 2228 3559 2293 militia,
3586 2237 3644 2282 et

2057 2334 2419 2390 supernarnm
2467 2320 2769 2387 virtutum,
2824 2335 2962 2389 quas
3015 2319 3081 2374 ad
3130 2320 3437 2373 subsidium
3493 2321 3638 2376 Deus

2055 2411 2271 2465 emittat
2315 2425 2529 2475 eorum,
2577 2411 2667 2479 qui
2710 2410 2777 2463 ad
2808 2424 2867 2464 se
2900 2418 3012 2463 toto
3042 2410 3209 2465 corde
3244 2409 3598 2465 clamaveriut
3622 2451 3640 2477 ,

2056 2511 2109 2555 et
2163 2516 2258 2570 per
2309 2501 2726 2556 conversionem
2771 2500 3106 2569 pmnitentia:
3146 2500 3387 2554 divinam
3421 2515 3549 2570 erga
3582 2517 3647 2563 se

2059 2594 2400 2655 clementiam
2452 2593 2721 2649 flexerint.
2767 2594 2871 2649 Sed
2910 2594 3015 2648 hoc
3049 2604 3108 2647 ut
3141 2608 3209 2648 ne
3251 2606 3638 2667 praesumptum

2060 2689 2202 2755 apud
2238 2687 2519 2742 auditores
2546 2687 2795 2742 videatur
2825 2703 2853 2739 a
2885 2687 3044 2744 nobis
3065 2730 3080 2755 ,
3105 2688 3368 2743 debemus
3391 2702 3457 2742 ex
3493 2688 3645 2742 Scri-

2057 2790 2340 2848 pturarum
2419 2779 2745 2833 auctoritate
2811 2777 3048 2832 ﬁrmare.
3110 2779 3385 2847 Scriptum
3437 2789 3520 2833 est
3585 2779 3640 2832 in

2058 2869 2267 2935 Exodo,
2290 2871 2415 2939 quia
2447 2882 2631 2939 patres
2658 2871 2826 2924 nostri
2851 2870 2942 2924 lilii
2970 2869 3134 2925 Israel
3165 2885 3287 2924 cum
3320 2871 3489 2923 multo
3506 2882 3643 2925 tem-

2058 2977 2189 3032 pore
2218 2962 2488 3033 Egyptiis
2521 2974 2579 3017 et
2606 2960 2878 3017 Pharaoni
2912 2962 3024 3033 regi
3053 2962 3345 3017 durissimo
3371 2963 3422 3017 in
3457 2964 3551 3017 luti
3586 2972 3644 3015 et

2060 3055 2246 3109 lateris
2274 3054 2613 3109 confectione
2641 3056 2973 3121 servissent,
3013 3055 3382 3109 clamaverunt
3422 3054 3486 3108 ad
3533 3058 3641 3111 Do-

2064 3147 2294 3212 minum,
2342 3147 2559 3215 inquit,
2613 3148 2684 3200 ita
2736 3156 2795 3201 ut
2848 3147 2963 3217 ipse
3015 3147 3279 3202 Dominus
3313 3148 3518 3202 diceret
3548 3148 3639 3201 8'z

2070 3257 2087 3288 ι
2119 3239 2333 3292 Clamor
2364 3238 2596 3293 liliorum
2625 3238 2788 3294 Israel
2830 3238 2945 3310 (50)
3008 3240 3251 3295 ascendit
3289 3240 3355 3294 ad
3399 3256 3504 3304 me,
3538 3260 3558 3293 ι
3588 3250 3645 3295 et

2062 3331 2229 3385 misso
2258 3332 2475 3399 quidem
2505 3331 2708 3393 Mosco,
2742 3332 3033 3386 visibiliter
3062 3334 3250 3388 eduxit
3287 3348 3402 3389 eos.
3452 3333 3637 3388 Refert

2061 3432 2239 3475 autem
2271 3423 2559 3491 Scriptura
2590 3424 2731 3492 quod
2759 3423 2987 3493 angelus
3015 3425 3413 3478 exterminator
3439 3426 3641 3479 missus

2062 3512 2156 3575 sit,
2185 3513 2273 3581 qui
2303 3522 2547 3569 vastaret
2586 3516 2804 3583 quidem
2841 3515 3022 3569 omnia
3073 3516 3434 3584 primogenita
3464 3515 3637 3585 IEgy-

2061 3602 2319 3670 ptiorum,
2340 3604 2708 3658 lsraelitarum
2745 3618 2871 3658 vero
2896 3606 3164 3658 neminem
3197 3614 3457 3676 tangeret.
3483 3608 3640 3661 Etsic

2060 3694 2371 3749 declaratur
2399 3696 2654 3749 virtutem
2704 3694 2872 3749 fuisse
2918 3696 3195 3750 cmlestem
3242 3712 3360 3765 qua:
3408 3700 3638 3751 vastatis

2059 3784 2338 3858 Egyptiis
2375 3801 2431 3843 ct
2473 3788 2779 3856 prostratis,
2825 3785 2964 3842 ﬁlios
3002 3788 3167 3842 Israel
3211 3790 3276 3843 de
3299 3787 3430 3859 jugo
3470 3791 3641 3842 servi-

2060 3876 2190 3929 tutis
2217 3877 2426 3931 eduxit.
2458 3876 2649 3930 Simile
2672 3890 2890 3944 quoque
2934 3876 3098 3929 etiam
3149 3875 3279 3928 illud
3319 3876 3552 3928 refertur
3585 3875 3637 3927 in

2058 3966 2478 4036 historiis,un
2518 3968 2620 4022 sub
2667 3982 2796 4035 rege
2841 3967 3189 4037 Assyriorum
3226 3965 3633 4029 Sennacherib,

2057 4058 2286 4125 angelus
2328 4059 2542 4113 Domini
2585 4058 2821 4112 mittitur
2843 4095 2858 4121 ,
2893 4059 2985 4126 qni
3014 4058 3172 4112 cmsis
3205 4058 3303 4110 sub
3337 4071 3440 4109 una
3479 4066 3638 4109 nocte

2055 4157 2110 4206 et
2164 4150 2457 4213 prostratis
2506 4157 2724 4201 centum
2780 4148 3055 4217 octoginta
3106 4147 3348 4215 quinque
3397 4147 3636 4199 millibus

2058 4244 2315 4302 hostium,
2366 4250 2423 4291 et
2470 4238 2661 4292 urbem
2708 4237 2774 4291 de
2817 4237 3099 4291 obsidione
3125 4276 3139 4302 ,
3179 4250 3232 4289 et
3274 4236 3532 4305 populum
3569 4236 3635 4289 de

2057 4330 2359 4387 imminenti
2389 4327 2644 4383 liberaret
2675 4327 2897 4382 interitu
2928 4327 2995 4381 ³³.
3024 4327 3097 4380 Ita
3124 4342 3253 4394 ergo
3286 4328 3448 4379 etiam
3485 4342 3631 4381 nunc

2054 4425 2242 4480 eadem
2316 4420 2708 4491 consequentia
2773 4420 3035 4473 debemus
3095 4420 3421 4483 advertere,
3475 4427 3531 4472 ut
3587 4420 3633 4472 si

379 4502 617 4557 vandum
661 4503 825 4559 Israel
857 4522 870 4558 :
918 4505 1053 4559 nihil
1102 4505 1265 4560 habet
1309 4506 1365 4559 in
1416 4521 1475 4560 se
1514 4506 1822 4560 sinistrum.
1856 4508 1951 4562 sed
1982 4527 2026 4581 υ
2053 4514 2267 4585 quando
2292 4526 2390 4580 pro
2425 4510 2664 4581 peccatis
2713 4509 2918 4565 nostris
2962 4510 3015 4563 in
3054 4510 3426 4578 captivitatem
3467 4509 3636 4562 tradi-

371 4601 657 4658 utramque
708 4605 924 4645 manum
977 4590 1227 4645 dextram
1287 4588 1468 4644 habet.
1516 4588 1630 4645 Hoc
1670 4600 1755 4645 est
1797 4590 1942 4645 enim

369 4682 515 4750 quod
548 4681 747 4735 dicitur
777 4681 1142 4736 ambidexter.
1184 4680 1388 4751 Dignus
1418 4696 1547 4736 vero
1578 4683 1758 4752 populi
1790 4685 1943 4754 prin-

370 4785 533 4839 ceps,
582 4782 637 4825 et
683 4770 942 4826 Ecclesiae
981 4769 1145 4838 judex
1185 4772 1274 4840 qui
1307 4771 1441 4825 nihil
1478 4781 1603 4842 agat
1633 4773 1943 4839 sinistrum,

369 4862 526 4931 cujus
565 4863 694 4932 quid
746 4863 859 4931 agit
903 4863 1164 4928 dextera,
1211 4863 1423 4917 nesciat
1466 4864 1683 4919 sinistra
1720 4880 1850 4933 sua,
1890 4867 1944 4921 in

371 4965 600 5023 utraque
632 4964 789 5024 parte
823 4955 1016 5008 dexter
1043 4962 1147 5019 est,
1176 4954 1231 5008 in
1262 4954 1365 5009 fide
1391 4954 1585 5011 dexter
1614 4965 1729 5023 est,
1760 4958 1813 5012 in
1848 4973 1943 5014 ac-

371 5046 514 5100 tibus
539 5046 730 5100 dexter
755 5055 875 5110 est,
907 5046 1038 5101 nihil
1065 5047 1227 5100 habet
1259 5047 1326 5102 de
1351 5046 1457 5102 illis
1486 5050 1578 5119 qui
1604 5050 1947 5107 collocantur

371 5149 396 5187 a
431 5135 705 5201 sinistris,
736 5135 933 5204 quibus
963 5136 1164 5191 dicitur
1210 5135 1255 5167 ³ο
1301 5153 1317 5191 :
1370 5154 1390 5189 ι
1433 5138 1705 5195 Discedite
1746 5155 1778 5195 a
1822 5156 1943 5207 me,

369 5226 602 5294 operarii
642 5226 970 5295 iniquitatis,
1000 5226 1181 5281 nescio
1209 5241 1308 5281 vos
1330 5268 1346 5294 ,
1375 5227 1449 5282 ite
1481 5229 1534 5283 in
1567 5230 1746 5300 ignem
1781 5242 1942 5288 teter-

368 5332 495 5370 num
523 5331 682 5384 quem
707 5318 1029 5387 praeparavit
1054 5316 1192 5373 Deus
1215 5317 1418 5374 Zabulo
1436 5328 1491 5373 et
1516 5322 1723 5392 angelis
1742 5324 1880 5391 ejus.
1917 5343 1937 5377 ι

472 5456 517 5488 ³⁵
543 5455 668 5512 Jud.
720 5474 798 5520 ιιι,
830 5459 918 5512 I2.

1014 5459 1059 5489 "
1089 5458 1283 5526 Ephes.
1316 5476 1390 5525 ιν,
1423 5460 1513 5515 27.

367 5524 553 5581 Matth.
590 5543 717 5589 xxv,
747 5529 835 5581 M.

442 5676 797 5761 (διγρματει
824 5682 988 5739 Deest
1022 5682 1079 5741 in
1121 5691 1280 5738 antea
1317 5673 1495 5755 editt.,
1520 5696 1699 5743 exstat
1726 5704 1856 5745 vero
1886 5690 1941 5744 in

366 5759 490 5801 man
500 5759 772 5822 uscriptis.

1593 5463 1635 5493 ’⁷
1672 5460 1794 5518 Jud.
1832 5482 1916 5529 ιιι,
1950 5466 2021 5520 ιςι
2084 5468 2171 5522 15.

919 5529 960 5558 ³¹
991 5526 1114 5581 .Iud.
1148 5545 1227 5592 In,
1262 5532 1349 5593 I5,
1397 5532 1487 5596 16,
1563 5532 1651 5588 I7.
1724 5534 1767 5565 ³’
1797 5526 1964 5592 Exod.
2014 5554 2074 5591 ιιι
2102 5540 2187 5603 It,
2228 5538 2282 5593 9.

2050 4619 2197 4667 mur,
2220 4602 2520 4655 clamemus
2549 4600 2614 4653 ad
2638 4598 2950 4653 Dominum.
2978 4598 3284 4652 Clamemus
3315 4610 3494 4653 autem
3525 4615 3633 4652 non

2050 4707 2169 4754 ore,
2198 4691 2294 4747 sed
2332 4700 2545 4756 mente,
2586 4689 2660 4742 ita
2703 4696 2762 4743 ut
2791 4688 2947 4743 dolor
2972 4688 3154 4743 cordis
3198 4689 3405 4742 fontem
3451 4688 3633 4759 lacry-

2052 4798 2263 4838 marum
2288 4786 2550 4849 producat
2574 4795 2638 4835 ex
2671 4780 2868 4847 oculis,
2897 4781 3040 4835 sicut
3072 4782 3161 4834 ille
3184 4781 3275 4850 qui
3300 4781 3517 4835 dicebat
3540 4781 3584 4811 ³⁸
3616 4799 3631 4834 :

2055 4895 2074 4929 ι
2121 4875 2336 4929 Lavabo
2368 4888 2464 4943 per
2489 4873 2733 4944 singulas
2759 4883 2951 4929 noctes
2985 4873 3188 4929 lectum
3221 4889 3424 4940 meum,
3457 4873 3635 4945 lacry-

2050 4966 2156 5021 mis
2189 4965 2324 5019 meis
2349 4973 2579 5019 stratum
2619 4980 2798 5018 meum
2839 4965 3049 5034 rigabo.
3085 4983 3105 5016 ι
3155 4964 3211 5019 Si
3255 4965 3327 5019 ita
3363 4967 3635 5021 converti-

2049 5069 2172 5109 mur
2199 5068 2230 5107 a
2260 5053 2439 5119 malis,
2466 5064 2525 5107 ut
2548 5054 2687 5108 ultra
2717 5069 2824 5109 non
2854 5056 3235 5123 contingamus
3280 5052 3418 5109 mala
3438 5097 3453 5121 ,
3482 5057 3525 5110 si
3559 5059 3630 5111 ita

2056 5144 2373 5202 desinamus
2427 5160 2456 5199 a
2499 5148 2791 5216 superbia,
2838 5155 2899 5200 ut
2932 5146 3070 5200 ultra
3123 5148 3255 5202 nihil
3295 5150 3629 5215 superbum,

2049 5237 2184 5291 nihil
2211 5252 2477 5308 arrogans
2501 5236 2816 5308 sapiamus,
2845 5238 3024 5295 mittet
3042 5240 3205 5294 etiam
3234 5241 3491 5294 Dominus
3520 5243 3630 5292 vir-

2052 5338 2219 5383 tutem
2252 5344 2407 5383 suam
2444 5330 2717 5384 emlestem
2740 5369 2756 5395 ,
2790 5345 2886 5399 per
2911 5344 3075 5400 quam
3104 5331 3398 5385 liberemur
3438 5346 3467 5385 θ
3497 5329 3628 5400 jugo

2275 5468 2321 5501 ³⁸
2350 5468 2479 5522 ibid.
2508 5468 2595 5522 Η.
2694 5469 2739 5500 ²⁹
2796 5467 2923 5520 ibid.
2980 5468 3048 5521 I5
3124 5468 3167 5498 ³⁸
3191 5465 3321 5520 Luc.
3362 5479 3482 5531 χιιι,
3513 5464 3622 5529 I7;

2361 5539 2405 5569 ³³
2438 5537 2502 5594 IV
2540 5540 2650 5607 Reg
2716 5553 2824 5591 vix.
2889 5538 2934 5569 “
2964 5537 3104 5592 Psal.
3143 5552 3213 5601 νι,
3256 5536 3305 5589 7.

2119 5692 2230 5763 (55)
2259 5691 2385 5749 Mss.
2419 5713 2438 5747 ι
2471 5694 2688 5752 dicitur.
2723 5711 2743 5747 ι
2777 5693 2934 5750 Libb.
2961 5692 3110 5763 editi,
3148 5713 3167 5745 ι
3196 5692 3349 5747 dixit.
3383 5710 3403 5743 ι

2123 5762 2235 5835 (56)
2264 5763 2451 5820 Israel.
2482 5766 2640 5823 Deest
2666 5766 2727 5822 in
2751 5764 2931 5832 aditu,
2962 5762 3059 5820 sed
3078 5763 3309 5819 habetur
3331 5764 3385 5816 in
3412 5778 3543 5820 mss.
