4124 6394
508 352 615 409 967

1965 348 2287 407 ORIGENIS

3667 366 3770 423 968

508 463 789 523 servitutis
836 466 1111 522 Zabulicm
1160 486 1173 524 :
1219 483 1342 538 qua:
1386 469 1562 525 virtus
1593 469 1780 524 omnia
1811 483 1911 541 pro
1940 468 2097 522 nobis
2125 470 2171 527 A
2200 466 2379 523 video.
2417 467 2519 524 Iste
2572 470 2624 523 in
2675 479 2861 526 aratro
2907 484 3144 544 pugnat,
3202 475 3361 533 Aioth
3399 481 3673 550 pugnabat
3714 483 3771 539 in

508 572 633 629 agat
655 561 844 614 dextra
883 570 939 614 et
971 574 1226 630 prospera
1250 602 1265 628 ,
1298 577 1422 631 qua:
1453 560 1619 616 faciat
1648 577 1750 617 nos
1783 561 2092 630 relinquere

505 650 649 704 viam
683 649 797 722 (57)
829 652 1129 719 sinistram,
1179 669 1299 723 qu:e
1340 653 1490 707 ducit
1520 653 1571 706 in
1609 654 2004 723 perditionem,
2035 662 2091 709 et

506 751 723 797 revocet
770 757 869 798 nos
912 744 980 796 ad
1031 758 1218 799 veram
1272 744 1455 808 viam,
1513 743 1663 797 illum
1693 744 1783 814 qui
1840 744 2088 801 dicit”:

511 851 530 883 ι
570 831 682 901 Ego
712 847 831 887 sum
873 833 985 899 via,
1026 833 1252 899 veritas,
1280 842 1333 887 et
1365 833 1495 899 vita,
1529 851 1548 885 ι
1584 833 1767 889 .lesum
1812 833 2089 888 Christum

506 922 798 977 Dominum
848 932 1119 990 nostrum,
1157 925 1244 978 cui
1288 933 1372 979 est
1405 924 1579 995 gloria
1614 934 1671 979 et
1706 925 1995 996 imperiunm
2033 926 2086 981 in

507 1013 707 1067 saecula
736 1014 1081 1070 saaculorum.
1113 1015 1313 1071 Amen.

1093 1125 1369 1182 HOMlLlA
1406 1125 1495 1182 IV.

502 1217 580 1291 De
610 1218 896 1289 Semegar,
942 1232 989 1272 et
1028 1216 1225 1281 Jabiu,
1254 1228 1311 1341 ﬁt
1349 1215 1567 1284 Sisara,
1613 1228 1661 1273 et
1702 1220 1902 1273 cateris
1932 1220 2087 1291 judi-

1215 1305 1261 1341 Ct
1303 1305 1382 1341 us.

1215 1305 1382 1342 ειοιιε.

573 1401 626 1455 1.
692 1400 1053 1470 Conjungitur
1113 1402 1442 1472 principatui
1495 1402 1655 1457 Aioth
1715 1402 2079 1467 amhidextri,

496 1496 834 1564 principatus
863 1494 1173 1566 Semegadi.
1209 1494 1316 1549 Sed
1350 1496 1631 1549 videamus
1660 1497 1891 1561 qualiter
1916 1496 2076 1550 Aioth

495 1585 587 1651 qui
617 1586 1008 1651 interpretatur
1034 1586 1152 1639 laus
1186 1582 1323 1656 (58),
1356 1585 1689 1640 concluserit
1717 1586 2079 1656 principatum

496 1692 679 1731 suum.
730 1677 965 1732 Historia
1009 1692 1106 1731 nos
1141 1677 1356 1731 edocuit
1393 1692 1456 1731 ea
1490 1692 1609 1746 quae
1641 1679 1707 1732 de
1740 1676 1907 1748 Eglon
1951 1693 2080 1743 rege

491 1768 694 1838 scripta
773 1776 934 1834 sunt,
992 1768 1265 1837 quomodo
1309 1768 1744 1837 sapientissimus
1793 1769 1882 1823 hic
1918 1770 2075 1824 Aioth

489 1867 607 1913 arte
634 1859 890 1929 quadam,
926 1868 1017 1923 et,
1054 1868 1114 1913 ut
1156 1860 1227 1913 ita
1259 1860 1461 1923 dicam,
1498 1857 1718 1924 callida,
1750 1860 1845 1914 sed
1875 1859 2063 1913 lauda-

489 1950 582 2005 bili
627 1966 753 2005 usus
792 1950 1114 2021 deceptione
1152 1950 1494 2005 interemerit
1534 1950 1706 2022 Eglon
1740 1960 2064 2020 tyrannum,

488 2043 582 2113 qui
641 2042 1033 2113 interpretatur
1057 2051 1262 2095 rotatas
1311 2041 1396 2094 vel
1446 2041 1617 2095 orbita
1662 2040 1799 2112 (59).
1842 2039 2069 2110 Oportet

484 2148 616 2203 ergo
654 2132 788 2187 tales
820 2144 943 2187 esse
982 2140 1036 2185 et
1066 2130 1237 2185 nostri
1286 2129 1466 2200 populi
1495 2130 1732 2198 judiees,
1762 2129 1937 2199 qualis
1967 2127 2069 2182 fuit

485 2225 650 2279 Aioth
686 2224 787 2279 iste
818 2223 909 2293 qui
953 2223 1351 2291 interpretatur
1384 2221 1538 2284 laus,
1579 2230 1637 2275 ut
1675 2235 1864 2275 omnes
1908 2220 2064 2274 volu-

482 2312 624 2369 biles
663 2322 843 2368 motus
883 2322 939 2367 et
988 2312 1196 2367 orbitas
1251 2311 1378 2365 mali
1424 2310 1641 2366 itineris
1684 2311 1969 2375 excidant,
2013 2319 2069 2366 et

482 2404 756 2474 perimant
782 2402 1140 2458 Moabitarum
1175 2417 1379 2471 regem.
1411 2400 1663 2457 Moabitae
1691 2412 1871 2457 autem
1905 2402 2067 2455 inter-

481 2504 766 2565 pretantur
792 2494 971 2565 ﬂuant:
1004 2493 1089 2547 vel
1126 2494 1314 2562 eﬂ'usio
1346 2492 1479 2563 (60).
1514 2492 1683 2560 Hujus
1711 2493 1876 2563 igitur
1905 2490 2065 2548 fluxae

486 2596 543 2640 et
567 2584 842 2639 dissolutae
866 2585 1041 2652 gentis
1063 2583 1317 2652 princeps
1337 2582 1421 2637 vel
1444 2582 1551 2637 dux
1572 2581 1662 2652 qui
1684 2591 1865 2651 potest
1886 2581 2061 2637 videri

481 2681 655 2745 alius,
688 2679 772 2734 vel
798 2679 1048 2748 intelligi,
1074 2678 1177 2734 nisi
1209 2692 1391 2733 sermo
1424 2676 1573 2732 illius
1608 2676 1945 2747 philosophi,
1968 2677 2062 2748 qui

478 2789 752 2829 sumnmm
772 2772 1188 2841 bonumjudicat
1211 2768 1744 2840 voluptatemiQuem
1764 2771 2063 2825 interﬁciat

479 2878 535 2920 et
559 2866 791 2936 perimat
806 2864 1154 2935 evangelicus
1171 2861 1468 2932 sermo,qui
1489 2861 1666 2933 gladio
1678 2870 2057 2931 comparatur:

475 2965 531 3013 et
544 2956 706 3032 467
733 2972 911 3013 sermo
939 2956 1287 3027 propheticus
1310 2955 1427 3024 ipse
1456 2955 1509 3009 in
1534 2963 1723 3009 ventre
1743 2970 1953 3023 eorum,
1980 2964 2063 3011 at-

473 3066 582 3118 que
618 3052 672 3103 in
707 3050 830 3105 imis
871 3048 1187 3120 praecordiis
1217 3045 1548 3102 ambidextri
1586 3047 1828 3102 doctoris
1867 3047 2059 3117 dispu-

2195 556 2391 627 gladio.
2428 559 2532 615 Iste
2561 561 2613 614 in
2642 572 2827 617 aratro
2856 564 3046 621 vincit.
3083 567 3265 622 Vincit
3295 578 3472 625 tamen
3498 573 3688 639 etbie,
3718 583 3774 629 et

2195 658 2435 718 superat,
2472 662 2526 706 et
2556 655 2850 720 prosternit
2874 655 3212 727 Allophylos.
3244 659 3430 715 Potest
3456 677 3586 732 ergo
3620 665 3770 733 ﬁeri,

2194 750 2250 793 ut
2281 740 2724 814 Ecclesizejudex
2760 760 2866 799 non
2898 761 3113 818 semper
3144 751 3385 819 gladium
3415 752 3678 822 proferat,
3714 756 3770 812 id

2191 842 2293 898 est,
2333 849 2437 889 non
2479 851 2694 906 semper
2724 840 3039 895 austeritate
3081 842 3227 896 verbi
3270 854 3323 898 et
3368 848 3619 903 acumine
3648 864 3773 904 cor-

2193 923 2457 994 reptionis
2487 937 2696 992 utatur,
2725 929 2819 985 sed
2848 931 3142 1000 aliquando
3164 936 3327 988 etiam
3355 936 3595 993 imitetur
3621 942 3769 1009 agri-

2190 1017 2369 1071 colam
2399 1056 2414 1082 ,
2444 1028 2497 1073 et
2525 1019 2672 1073 velut
2705 1029 2893 1076 aratro
2926 1023 3145 1079 sulcans
3188 1028 3385 1081 anima:
3428 1039 3628 1084 terram
3652 1076 3664 1097 ,
3700 1045 3769 1087 ac

2190 1109 2386 1178 sapius
2406 1125 2524 1164 eam
2543 1112 2795 1168 elementi
2824 1117 3194 1170 commotione
3220 1119 3556 1185 rescindens,
3582 1131 3763 1191 aptam

2187 1215 2307 1256 eam
2362 1204 2721 1273 suscipiendis
2768 1206 3070 1262 seminibus
3133 1219 3311 1279 paret.
3373 1210 3765 1268 lnterficientur

2186 1305 2318 1364 ergo
2344 1293 2505 1348 etiam
2554 1296 2633 1349 sic
2663 1296 2930 1366 Allophyli
2961 1339 2977 1364 ,
3012 1314 3133 1353 cum
3186 1317 3292 1357 non
3343 1306 3678 1374 argumentis
3706 1313 3763 1358 et

2184 1384 2437 1439 acumine
2472 1396 2658 1440 contra
2692 1387 3041 1445 adversarios
3071 1392 3272 1446 utimur
3295 1434 3311 1459 ,
3357 1396 3451 1448 sed
3478 1395 3676 1464 agresti
3706 1403 3763 1449 et

2184 1476 2414 1545 simplici
2442 1478 2866 1535 comtuunitione
2898 1482 2964 1537 de
2990 1484 3190 1538 animis
3218 1486 3529 1541 auditorum
3558 1489 3682 1541 vitia
3710 1496 3763 1541 ct

2183 1578 2405 1639 peccata
2431 1572 2805 1641 propellimus.
2833 1573 2937 1628 Sed
2969 1584 3023 1628 et
3054 1586 3109 1630 tu
3144 1579 3278 1648 ipse,
3314 1594 3346 1631 o
3376 1580 3611 1646 auditor,
3641 1592 3760 1636 esto

2181 1662 2417 1731 agricola
2466 1665 2662 1719 animas
2707 1676 2812 1723 tuae
2838 1709 2852 1733 ,
2888 1679 3040 1723 utere
3081 1670 3185 1723 hoc
3220 1680 3404 1726 aratro
3433 1687 3541 1741 quo
3585 1675 3758 1727 utitur

2182 1755 2463 1824 Semegar.
2499 1756 2605 1811 Sed
2636 1772 2757 1812 cum
2784 1759 2997 1815 miseris
3035 1776 3253 1815 manum
3288 1771 3433 1817 tuam
3466 1764 3520 1817 in
3553 1775 3756 1831 aratro,

2180 1846 2285 1899 noli
2322 1858 2469 1901 retro
2498 1849 2768 1918 respicere
2791 1851 2869 1905 "z
2909 1852 2960 1905 id
2988 1864 3070 1908 est
3101 1863 3387 1923 postquam
3421 1856 3607 1910 tuleris
3631 1872 3761 1911 cru-

2168 1950 2287 1990 cem
2328 1944 2474 1991 tuam
2501 1977 2516 2002 ,
2554 1948 2609 1992 et
2643 1949 2863 1996 secutus
2901 1942 3070 1998 fueris
3116 1944 3433 2010 Christum,
3469 1956 3754 2017 postquam

2168 2026 2373 2082 saeculo
2405 2028 2732 2083 renuntiasti
2764 2041 2819 2086 et
2866 2033 2931 2087 iis
2972 2049 3092 2103 quas
3121 2034 3174 2089 in
3222 2037 3420 2092 saeculo
3446 2047 3607 2104 sunt,
3644 2039 3753 2095 noli

2168 2129 2317 2173 retro
2347 2119 2648 2190 respicere,
2704 2121 2815 2177 noli
2856 2127 3136 2194 requirere
3175 2142 3295 2197 quae
3333 2139 3553 2199 pr0pter
3583 2128 3748 2184 Chri-

2170 2222 2312 2268 stum
2344 2215 2580 2268 duxeras
2621 2224 2680 2269 ttt
2732 2224 3019 2272 stercora:
3071 2219 3196 2289 quia
3250 2222 3294 2275 si
3334 2221 3388 2275 in
3430 2222 3533 2277 isto
3562 2233 3749 2276 aratro

2171 2320 2386 2359 manum
2412 2321 2631 2377 semper
2655 2307 2931 2372 habueris,
2959 2310 3031 2363 ita
3061 2319 3119 2364 ut
3147 2310 3483 2366 confidenter
3502 2312 3652 2366 dicas
3678 2311 3748 2366 ⁸ος

2176 2397 2353 2453 «Mihi
2403 2408 2579 2454 autem
2628 2398 2773 2453 absit
2806 2398 3026 2469 gloriari
3081 2402 3183 2456 nisi
3228 2403 3281 2457 in
3335 2418 3497 2458 cruce
3532 2404 3749 2460 Domini

2169 2488 2340 2543 nostri
2364 2488 2490 2544 Jesu
2539 2490 2766 2555 Christi,
2800 2506 2897 2560 per
2924 2508 3085 2562 quem
3139 2494 3269 2549 mihi
3302 2495 3537 2552 mundus
3569 2498 3750 2551 cruci-

2169 2580 2310 2636 fixus
2337 2592 2442 2646 est,
2477 2592 2530 2637 et
2558 2599 2660 2655 ego
2686 2586 2918 2653 mundo;
2949 2605 2970 2639 ι
3002 2587 3116 2642 haec
3146 2587 3242 2643 tibi
3272 2588 3473 2643 dicenti
3505 2604 3527 2640 ι
3549 2590 3748 2645 cadent

2167 2685 2196 2723 a
2231 2671 2440 2728 dextris
2464 2675 2569 2729 tuis
2598 2676 2784 2731 decem
2813 2676 3005 2745 millia,
3040 2686 3095 2733 et
3117 2693 3146 2732 a
3172 2679 3409 2735 sinistris
3440 2680 3546 2735 tuis
3574 2680 3747 2749 mille,

2167 2764 2234 2819 ad
2270 2776 2321 2819 te
2351 2780 2479 2821 vero
2525 2781 2631 2821 non
2671 2770 3183 2840 appropinquabunt
3214 2772 3282 2826 “.
3317 2790 3336 2824 ι
3393 2771 3501 2827 Sed
3537 2782 3593 2827 et
3639 2774 3745 2829 hoc

2166 2859 2341 2929 ipsum
2364 2860 2508 2927 quod
2534 2860 2696 2926 dixit,
2732 2861 2783 2916 in
2814 2864 3091 2919 sexcentis
3120 2864 3253 2917 viris
3276 2864 3594 2935 Allophylos
3624 2880 3747 2935 per-

2164 2951 2402 3006 cussisse
2432 2950 2716 3022 Semegar,
2752 2968 2859 3009 non
2898 2954 3029 3009 mihi
3061 2955 3274 3011 videtur
3302 2957 3477 3011 otiose
3509 2958 3738 3011 dictum.

2162 3041 2302 3109 Quid
2354 3044 2497 3097 enim
2532 3058 2668 3114 opus
2705 3054 2825 3100 erat
2857 3046 3146 3117 designare
3184 3051 3347 3104 etiam
3398 3062 3683 3104 numerum
3716 3048 3741 3101 τ

475 3142 767 3197 tationibus
812 3140 1203 3196 concludatur:
1243 3150 1300 3196 ut
1331 3139 1581 3196 veritatis
1614 3140 1918 3196 assertione
1961 3156 2056 3197 eos
2083 3154 2130 3217 α
2160 3134 2275 3190 Nisi
2327 3136 2466 3192 forte
2495 3141 2802 3197 evidentius
2832 3143 2886 3197 in
2928 3143 3044 3212 ipso
3078 3157 3308 3198 numero
3349 3157 3410 3198 ea
3441 3143 3508 3198 de
3542 3144 3740 3211 quibus

470 3234 802 3289 concludens
826 3273 844 3301 ,
893 3232 1207 3301 exstinguat
1248 3246 1464 3286 omnem
1495 3230 1647 3300 pravi
1696 3231 1967 3299 dogmatis
1994 3241 2049 3285 et

470 3341 671 3380 crassa:
702 3324 1071 3393 intelligentia!
1098 3337 1317 3377 sensum
1341 3363 1354 3387 ,
1386 3322 1479 3391 qui
1514 3336 1572 3375 se
1599 3323 1835 3390 extollit,
1864 3332 1919 3376 et
1946 3322 2054 3376 eri-

471 3416 549 3485 git
579 3418 870 3471 adversum
913 3414 1216 3482 spiritalem
1258 3414 1541 3469 scientiam
1583 3414 1820 3469 Christi:
1852 3425 1911 3467 ut
1938 3413 2052 3466 haec

471 3509 542 3561 ita
583 3507 790 3562 faciens
815 3545 831 3571 ,
863 3516 919 3560 et
961 3506 1016 3559 in
1048 3506 1216 3559 verbo
1248 3505 1342 3559 Dei
1379 3504 1645 3559 dimicans
1681 3504 2051 3574 unusquisque

468 3598 725 3654 Ecclesiae
757 3598 945 3668 judex,
980 3596 1076 3649 fiat
1098 3596 1260 3650 etiam
1302 3597 1415 3665 ipse
1445 3594 1731 3649 laudabilis
1764 3595 1949 3659 Aioth,
1983 3597 2049 3648 de

466 3704 576 3757 quo
621 3689 768 3742 dicat
806 3688 1071 3741 Dominus
1098 3686 1176 3739 ":
1231 3704 1249 3737 ι
1278 3685 1447 3752 Euge,
1482 3699 1640 3739 serve
1668 3684 1809 3739 bone
1835 3692 1890 3739 et
1920 3684 2049 3738 fide-

466 3780 554 3845 lis,
591 3782 718 3849 quia
750 3793 913 3847 super
950 3792 1120 3847 pauca
1152 3775 1304 3833 fuisti
1348 3775 1557 3844 fidelis,
1586 3790 1750 3845 supra
1784 3775 1951 3830 multa
1993 3784 2046 3833 te

463 3873 814 3928 constituam.
850 3890 870 3924 ο

533 3964 588 4019 2.
621 3961 817 4016 Verum
844 3959 1081 4016 breviter
1109 3958 1229 4014 istis
1257 3974 1284 4012 a
1314 3958 1472 4014 nobis
1493 3958 1559 4013 de
1585 3958 1755 4030 priori
1787 3958 2037 4021 lectione,

463 4056 517 4111 id
540 4062 645 4120 est,
674 4055 739 4108 de
770 4052 931 4109 Aioth
957 4052 1064 4107 fine
1100 4050 1368 4121 repetitis,
1398 4050 1681 4106 videamus
1704 4067 1846 4105 nunc
1884 4050 2042 4121 quale

462 4150 536 4205 sit
569 4147 732 4205 etiam
779 4144 1106 4215 principium
1162 4143 1462 4213 Semegar,
1510 4142 1600 4212 qui
1649 4143 2039 4213 interpretatur

457 4241 532 4295 ibi
572 4241 774 4295 advena
802 4236 937 4308 (61).
976 4234 1175 4291 Verum
1224 4245 1310 4290 est
1350 4236 1531 4300 enim,
1567 4236 1691 4303 quia
1725 4250 1913 4290 omnes
1943 4240 2033 4306 qui

2162 3229 2411 3298 superius
2443 3231 2701 3299 diximus,
2747 3235 3033 3293 indicavit.
3073 3237 3316 3307 Namque
3351 3233 3600 3291 senarius
3632 3249 3735 3288 nu-

2156 3336 2358 3387 merus,
2387 3324 2477 3391 qui
2511 3327 2903 3395 multiplicatus
2930 3331 3077 3384 venit
3114 3330 3165 3383 in
3211 3337 3520 3391 sexcentos,
3549 3326 3735 3381 mundi

2155 3411 2315 3483 hujus
2347 3414 2570 3483 figuram
2615 3427 2765 3472 tenet
2798 3420 2888 3487 qui
2928 3421 2978 3473 in
3011 3436 3108 3475 sex
3140 3423 3333 3475 diebus
3361 3420 3563 3474 dicitur
3594 3434 3732 3474 con-

2153 3511 2473 3556 summatus.
2522 3504 2819 3560 Sexcentos
2848 3522 2980 3575 ergo
3029 3508 3082 3561 in
3135 3517 3320 3563 aratro
3357 3510 3557 3562 dicitur
3604 3523 3732 3576 per-

2150 3594 2386 3648 cussisse
2412 3594 2533 3661 ille,
2567 3598 2655 3664 qui
2690 3610 2786 3665 per
2808 3612 3025 3652 crucem
3060 3598 3274 3653 Domini
3310 3599 3601 3653 cruciﬁxus
3647 3608 3730 3654 est

2151 3684 2369 3737 mundo.

2226 3702 2237 3736 Ι
2280 3702 2369 3737 (10.

2221 3702 2276 3826 ﬁli
2309 3770 2415 3827 Sed
2451 3773 2577 3842 quid
2607 3782 2730 3843 post
2760 3776 2873 3828 hate
2913 3772 3176 3830 additur?
3222 3794 3242 3831 ι
3270 3776 3337 3831 Ει
3372 3775 3727 3843 adjecerunt,

2153 3862 2333 3934 inquit
2360 3865 2439 3931 δ’,
2483 3866 2577 3920 filii
2610 3867 2770 3922 Israel
2801 3866 2982 3923 facere
3012 3868 3305 3939 malignum
3352 3870 3403 3923 in
3431 3880 3723 3938 conspectu

2145 3956 2385 4025 Domini,
2422 3968 2476 4013 et
2510 3959 2673 4013 Aioth
2706 3972 2955 4014 mortuus
2983 3969 3088 4014 est.
3123 3978 3143 4013 ι
3184 3958 3445 4015 Servatur
3468 3962 3722 4014 nimirum

2142 4050 2196 4104 in
2227 4050 2312 4105 his
2356 4051 2522 4106 etiam
2564 4051 2652 4106 illa
2680 4050 3023 4115 observatio,
3055 4066 3219 4121 quam
3246 4052 3302 4105 in
3350 4053 3724 4121 superioribus

2142 4142 2566 4213 designavimus,
2594 4143 2718 4212 quia
2760 4157 2859 4212 pro
2886 4144 3125 4212 peccatis
3153 4142 3337 4213 populi
3371 4145 3601 4199 moritur
3627 4145 3722 4202 bo-

2140 4249 2241 4288 nus
2273 4235 2457 4304 pOpuli
2486 4234 2616 4289 dux.
2651 4233 2787 4289 Cum
2813 4236 2955 4288 enim
2982 4235 3187 4307 indigni
3216 4237 3416 4291 fuerint
3443 4235 3641 4303 effecti,
3667 4246 3720 4291 et

457 4340 585 4387 sunt
619 4329 868 4386 homines
909 4326 1022 4392 Dei,
1053 4327 1279 4380 advenae
1324 4336 1451 4379 sunt
1482 4326 1532 4378 in
1567 4325 1667 4379 hoc
1696 4326 1896 4378 mundo
1922 4363 1937 4389 ,
1980 4334 2037 4379 et
2136 4327 2365 4383 fecerint
2395 4328 2690 4394 malignum
2725 4329 2776 4382 in
2824 4338 3121 4400 conspectu
3156 4328 3366 4385 Domini
3396 4368 3412 4394 ,
3442 4330 3719 4385 auferetur

456 4423 647 4482 incolas
667 4422 722 4475 in
749 4428 915 4483 terra,
942 4417 1083 4471 sicut
1109 4425 1166 4470 et
1194 4414 1305 4480 ille,
1330 4417 1419 4484 qui
1450 4415 1663 4469 dicebat
1687 4414 1752 4481 ³⁷,
1775 4414 2031 4484 quoniam

2136 4418 2203 4471 ab
2227 4418 2308 4473 eis
2337 4418 2504 4472 homo
2535 4417 2649 4472 Dei.
2688 4419 2797 4474 Sed
2818 4419 2950 4474 dicit
2980 4419 3212 4476 fortasse
3240 4420 3473 4491 populus
3494 4433 3715 4477 noster:

463 4534 483 4569 ι
517 4512 694 4569 incola
744 4523 844 4579 ego
873 4522 995 4562 sum
1049 4507 1192 4575 apud
1235 4515 1287 4560 te
1337 4507 1391 4560 in
1442 4515 1585 4560 terra
1615 4514 1670 4559 et
1716 4507 2034 4575 peregrinus
2064 4492 2110 4547 Ῑ)
2139 4508 2366 4576 Quando
2398 4506 2637 4563 Ecclesia
2669 4509 2761 4563 Dei
2790 4511 2907 4566 sine
2932 4511 3117 4579 judice
3149 4513 3274 4567 est?
3307 4513 3532 4569 Etiamsi
3562 4516 3716 4584 prior

454 4607 601 4662 sicut
644 4616 837 4658 omnes
866 4607 1050 4669 patres
1085 4598 1211 4651 mei.
1242 4617 1260 4648 ι
1302 4597 1372 4652 Et
1399 4597 1544 4651 hunc
1593 4611 1722 4667 ergo
1774 4597 2034 4669 Semegar

456 4705 679 4753 sanctus
707 4690 944 4762 Spiritus
972 4689 1045 4743 ibi
1078 4687 1311 4742 incolam
1346 4686 1498 4753 dicit,
1543 4686 1597 4739 id
1624 4695 1708 4741 est
1742 4687 1847 4741 hic.
1876 4688 2031 4755 Quod

453 4790 598 4845 enim
625 4792 813 4841 sancto
843 4779 1069 4852 Spiritui
1096 4779 1188 4848 qui
1217 4778 1270 4832 in
1302 4777 1457 4833 ccelis
1486 4785 1603 4840 est,
1638 4777 1710 4831 ibi
1741 4786 1845 4843 est,
1878 4779 2033 4835 nobis

457 4882 546 4936 hic
573 4890 676 4934 est.
703 4874 842 4942 Quid
865 4888 997 4943 ergo
1023 4871 1227 4926 dicitur
1256 4872 1323 4924 de
1352 4868 1650 4938 Semegar?
1683 4886 1702 4920 ι
1732 4867 2028 4939 Percussit,

456 4972 630 5041 inquit
671 4969 740 5036 ³⁸,
774 4964 1089 5036 Allophylos
1121 4963 1175 5017 in
1219 4962 1500 5017 sexcentis
1533 4961 1664 5016 viris
1688 5000 1704 5025 ,
1747 4962 1802 5015 in
1844 4964 1985 5017 stiva
2010 5002 2027 5029 ,

454 5065 538 5119 vel
581 5061 717 5133 pede
765 5057 952 5113 aratri.
982 5074 1002 5108 ι
1042 5053 1203 5109 Aliud
1236 5067 1409 5120 genus
1456 5050 1633 5107 laudis
1679 5051 1731 5107 in
1765 5053 2028 5124 Semegar

558 5182 603 5214 ³⁸
666 5178 821 5233 Joah.
851 5190 964 5237 xtv,
991 5173 1045 5227 6.
1110 5171 1153 5203 ³⁸
1179 5170 1362 5225 Matth.
1401 5184 1532 5231 xxv,
1557 5166 1649 5219 2|.

450 5256 539 5312 62.
614 5251 660 5283 ⁴⁰
689 5249 786 5305 Gal
820 5263 893 5311 vt,
926 5235 1011 5300 Ν.
1088 5243 1130 5273 δ’
1164 5240 1307 5296 Psal.
1337 5252 1446 5305 xei,
1471 5240 1529 5293 7.
1602 5239 1647 5269 “
1675 5235 1796 5292 Jud.
1830 5253 1904 5303 tv,
1938 5241 1992 5294 1.

519 5393 631 5461 (57)
667 5388 809 5461 Mss.‘
833 5404 851 5436 ε
884 5385 1048 5461 viam.
1088 5401 1106 5433 ι
1135 5381 1291 5437 Libb.
1325 5381 1480 5461 editi,
1512 5378 1758 5461 ¢_vit:_tm.
1805 5400 1823 5432 ι

518 5449 632 5533 (58)
667 5456 936 5524 Aioth,qui
964 5455 1339 5533 interpretatur
1369 5452 1508 5507 laus.
1541 5450 1596 5533 lu
1631 5449 1855 5533 Hebrmo
1884 5453 2011 5533 set-if

446 5523 716 5603 priim'cst
738 5541 877 5590 τίηκ
898 5564 913 5590 ,
949 5525 1115 5602 quod_
1138 5536 1331 5603 nonten
1365 5523 1634 5589 quomodo
1669 5523 2017 5590 interpretari

449 5593 622 5672 possit
656 5599 846 5672 c_la_us,
881 5613 898 5645 ο
936 5610 1041 5648 non
1070 5593 1275 5672 videon
1313 5661 1324 5672 ι

521 5670 633 5738 (59)
662 5665 835 5738 Eglgn
860 5678 1161 5733 tyrannum,
1188 5662 1276 5731 qui
1308 5661 1688 5738 interpretatur
1716 5669 1920 5716 rotatas
1941 5660 2018 5714 vel

449 5732 639 5814 orbita.
948 5774 965 5807 ι
994 5754 1276 5821 rotundus,
1315 5770 1333 5804 ι
1365 5763 1456 5808 aut
1479 5733 1617 5823 .1533;
1645 5770 1662 5802 t
1695 5749 2015 5821 plaustrum,

450 5840 593 5897 rota,
625 5826 823 5884 orbita.
869 5847 888 5877 υ

1743 5167 1787 5198 ³⁷
1818 5166 1961 5221 Psal.
1991 5185 2137 5238 cxtx,
2174 5168 2274 5234 i9;
2322 5165 2467 5223 Psal.
2500 5183 2690 5234 xxx1x,
2727 5169 2808 5223 13.
2885 5169 2928 5201 ³⁸
2953 5166 3075 5223 Jud.
3110 5174 3191 5238 ni,
3222 5173 3311 5227 51.

2138 4598 2440 4665 defecerit,
2478 4600 2617 4655 alter
2650 4603 2959 4657 adhibetur.
3010 4603 3286 4659 Audacter
3331 4604 3581 4660 fortassis
3609 4605 3711 4659 ali-

2136 4690 2267 4759 quid
2315 4690 2575 4759 dicimus,
2610 4700 2790 4747 tamen
2842 4694 2983 4758 quod
3030 4695 3288 4764 scriptum
3328 4706 3414 4750 est
3453 4697 3745 4751 dicimus-

2134 4779 2253 4834 Non
2286 4795 2502 4850 semper
2532 4783 2784 4853 princeps
2814 4783 2995 4853 populi
3034 4794 3087 4838 et
3119 4785 3375 4841 Ecclesiae
3415 4787 3581 4857 judex
3614 4803 3712 4858 per

2138 4871 2232 4925 Dei
2263 4871 2548 4926 arbitrium
2579 4872 2758 4939 datur,
2793 4876 2886 4928 sed
2915 4885 3077 4945 prout
3099 4880 3293 4933 merita
3323 4892 3507 4934 nostra
3538 4881 3707 4950 depo-

2137 4970 2317 5017 scunt.
2350 4962 2407 5016 Si
2438 4961 2563 5017 mali
2602 4972 2728 5018 sunt
2770 4974 2923 5019 actus
2962 4967 3156 5034 nostri,
3187 4976 3241 5022 et
3270 4983 3559 5037 operamur
3588 4986 3705 5025 ma-

2135 5053 2337 5123 lignum
2370 5053 2425 5109 in
2452 5064 2744 5124 conspectu
2776 5055 2986 5110 Domini
3016 5098 3030 5123 ,
3077 5060 3275 5113 dantur
3302 5062 3455 5116 nobis
3503 5063 3705 5132 princi-

3387 5174 3431 5206 ⁸’
3459 5174 3589 5230 Luc.
3624 5191 3702 5246 ix,

2197 5380 2311 5454 (60)
2346 5380 2438 5454 Sic
2467 5395 2604 5454 mss.
2628 5378 2775 5434 Libri
2804 5390 2983 5454 autem
3009 5384 3189 5447 editt.,
3227 5400 3245 5433 ι
3285 5382 3697 5454 Madianitarum

2125 5451 2327 5522 regem.
2377 5451 2683 5522 Madianitm
2716 5461 2899 5522 autem
2934 5452 3363 5522 interpretantur
3400 5454 3576 5507 fluxus
3613 5452 3695 5504 vel

2122 5520 2330 5575 effusio.
2372 5540 2391 5573 ι
2440 5520 2720 5585 Quomodo
2768 5520 3013 5575 Mmbita:
3055 5520 3146 5575 aut
3189 5522 3493 5577 Madianita:
3548 5523 3696 5574 reddi

2122 5593 2331 5661 possint
2364 5591 2537 5644 ﬂuxus
2570 5591 2651 5643 vel
2687 5589 2908 5652 effusio,
2942 5608 3045 5645 non
3075 5594 3249 5646 vide’o.

2197 5661 2309 5729 (61)
2339 5661 2709 5728 Semegar,qui
2735 5661 3110 5728 interpretatur
3138 5665 3208 5716 ibi
3242 5662 3461 5718 aduena.
3488 5660 3565 5715 Ex
3607 5671 3699 5722 at:

2129 5750 2147 5784 ι
2180 5732 2247 5786 ibi
2276 5750 2293 5783 ι
2346 5741 2399 5787 et
2428 5741 2499 5791 Ἣ
2529 5752 2547 5781 ι
2581 5732 2805 5785 advena.
2839 5749 2857 5781 ι
