4124 6372
416 359 517 411 969

1471 344 1536 398 ΙΝ
1575 339 1835 398 LIBRUM
1869 336 2163 394 JUDlCUM
2199 334 2483 391 HOMILIA
2522 334 2584 385 ι’.

3568 331 3670 383 9ῗῦ

418 493 515 550 pes
543 476 840 532 secundum
875 487 967 528 eor
1005 477 1269 531 nostrum,
1303 475 1356 520 et
1398 466 1498 519 hoc
1534 464 1628 517 tibi
1658 462 1723 516 de
1754 460 1993 528 Scriptu-
2026 465 2068 520 Α
2102 455 2178 508 illi
2215 470 2333 523 qua:
2368 450 2683 507 clamaverit
2716 449 2780 501 ad
2841 448 3149 512 Dominum,
3200 448 3495 503 suscitetur
3545 464 3673 517 pro-

426 572 500 626 ris
541 569 803 638 probabo.
839 566 974 620 Audi
1014 578 1246 634 namque
1277 561 1418 632 quod
1453 559 1713 613 Dominus
1742 556 1877 609 dixit
1908 553 1950 583 δ³
1977 570 1989 605 :

430 678 450 713 ι
483 661 745 714 Fecerunt
765 658 863 711 sibi
895 670 1096 721 regem,
1120 662 1173 708 et
1201 668 1307 706 non
1332 666 1429 721 per
1460 665 1564 715 me,
1592 655 1644 699 et
1673 644 1992 713 principem,

422 760 477 806 et
508 766 611 803 non
652 765 746 817 per
774 747 1062 801 consilium
1092 760 1291 799 meum.
1326 762 1343 794 )
1384 740 1450 796 Et
1475 741 1575 794 hoc
1607 740 1808 792 dictum
1844 736 1993 788 vide-

428 852 513 895 tur
549 840 614 894 de
643 838 771 892 Saul
809 838 899 891 illo
920 876 933 901 ,
966 852 1123 905 quem
1157 834 1345 903 utique
1380 833 1495 901 ipse
1527 829 1788 883 Dominus
1821 826 1999 894 elege-

429 944 535 999 rat,
565 940 618 987 et
652 946 831 998 regem
884 930 1001 984 fieri
1026 929 1298 997 jusserat:
1343 924 1438 979 sed
1484 922 1740 993 quoniam
1776 935 1882 973 nou
1915 932 2000 972 se-

427 1029 661 1082 cundmn
694 1025 1024 1078 voluntatem
1059 1022 1185 1086 Dei,
1229 1024 1322 1074 sed
1359 1019 1658 1073 secundum
1694 1012 1999 1083 peccatoris

426 1122 603 1192 pepuli
640 1120 890 1174 meritum
917 1114 1093 1169 fuerat
1132 1112 1369 1172 electus,
1402 1117 1561 1177 negat
1590 1120 1713 1160 eum
1745 1119 1867 1158 cum
1902 1116 1998 1156 sua

428 1221 705 1269 voluntate
730 1253 744 1276 ,
779 1210 861 1262 vel
894 1206 1122 1262 consilio
1152 1203 1526 1259 constitutum.
1568 1196 1699 1251 Tale
1744 1210 1872 1265 ergo
1903 1194 2001 1247 ali-

427 1305 557 1373 quid
595 1304 964 1371 intelligamus
993 1299 1157 1353 etiam
1195 1297 1247 1350 in
1289 1295 1546 1350 Ecclesiis
1575 1292 1713 1354 fieri,
1752 1291 1876 1360 quia
1904 1304 2001 1359 pro

431 1397 640 1451 meritis
670 1392 845 1463 populi
873 1431 889 1456 ,
930 1401 1023 1443 aut
1051 1391 1102 1443 in
1129 1389 1297 1443 verbo
1329 1396 1380 1441 et
1415 1400 1578 1456 opere
1618 1393 1809 1454 potens
1833 1398 1862 1436 a
1893 1382 2003 1437 Deo

434 1488 688 1543 tribuitur
733 1497 914 1539 rector
941 1481 1199 1537 Ecclesia:
1227 1520 1242 1543 ,
1294 1489 1387 1533 aut
1417 1480 1461 1533 si
1495 1477 1792 1546 malignum
1841 1474 2003 1529 faciat

431 1580 661 1652 populus
692 1580 743 1631 iu
790 1586 1079 1643 conspectu
1116 1571 1327 1628 Domini
1358 1611 1375 1636 ,
1405 1571 1528 1624 talis
1562 1569 1814 1624 Ecclesia:
1839 1567 2003 1635 judex

430 1678 592 1728 datur
619 1711 633 1735 ,
670 1670 767 1724 sub
798 1682 906 1737 quo
934 1668 1131 1719 famem
1176 1673 1233 1719 et
1282 1665 1430 1718 sitim
1467 1664 1693 1731 pepulus
1728 1660 2001 1730 patiatur,

436 1783 455 1815 ι
489 1779 594 1817 non
626 1761 822 1814 famem
856 1759 1012 1826 panis
1034 1797 1049 1823 ,
1085 1771 1259 1824 neque
1286 1756 1430 1809 sitim
1463 1769 1650 1823 aquae,
1678 1754 1770 1808 sed
1806 1752 2002 1805 famem

435 1855 688 1908 audiendi
718 1853 943 1906 verbum
978 1850 1192 1904 Domini
1222 1849 1287 1901 “.
1322 1868 1340 1900 ι
1375 1848 1450 1902 lta
1477 1862 1606 1918 ergo
1638 1862 1734 1901 nos
1760 1862 2003 1917 agamus,

433 1959 489 2000 et
520 1948 590 1999 ita
624 1958 865 2007 oremus,
903 1958 969 1995 ne
1005 1957 1240 2009 unquam
1276 1956 1375 1994 nos
1416 1940 1596 1993 divina
1626 1939 1921 2008 indignatio
1953 1939 2004 1990 in

433 2039 584 2093 verbi
616 2039 756 2091 fame
798 2037 1121 2090 condemnet
1155 2048 1217 2087 ac
1245 2032 1370 2096 siti,
1416 2046 1481 2084 ne
1520 2046 1754 2099 unquam
1794 2028 2011 2082 aufera-

438 2140 526 2187 tur
554 2146 582 2182 a
628 2129 803 2193 nobis,
839 2128 932 2197 qui
960 2143 1059 2181 nos
1089 2126 1251 2179 verbo
1286 2135 1339 2178 et
1369 2137 1531 2193 opere
1557 2124 1808 2183 instruat,
1840 2121 1928 2190 qui
1957 2122 2008 2173 in

438 2222 711 2284 moribus,
744 2231 800 2275 ct
825 2222 1112 2275 honestate
1140 2259 1154 2284 ,
1187 2219 1276 2288 qui
1308 2217 1585 2286 patientia:
1613 2230 1675 2269 ac
1704 2225 2011 2267 mansuetu-

439 2316 580 2368 dinis
626 2313 923 2382 perfectum
966 2312 1031 2365 de
1072 2326 1130 2364 se
1161 2310 1372 2379 populis
1422 2314 1640 2377 praestet
1673 2304 2005 2373 exemplum.

439 2404 574 2458 Nam
594 2404 636 2456 si
658 2419 756 2457 nos
775 2403 1063 2456 fecerimus
1079 2399 1368 2468 malignum
1388 2399 1437 2451 in
1465 2408 1757 2466 conspectu
1778 2394 2010 2457 Domini,

444 2498 495 2550 id
529 2507 631 2560 est,
659 2498 702 2550 si
733 2495 872 2548 male
897 2494 1168 2562 egerimus
1202 2530 1217 2555 ,
1243 2492 1286 2545 si
1323 2489 1661 2545 voluntatem
1695 2496 1933 2542 nostrant
1960 2497 2015 2541 et

442 2604 546 2644 non
583 2589 673 2643 Dei
706 2587 938 2642 facimus
960 2628 975 2654 ,
1008 2586 1238 2640 moritur
1272 2595 1327 2639 et
1364 2583 1522 2639 nobis
1555 2582 1744 2646 Aioth,
1773 2580 2013 2635 aufertur

440 2690 495 2734 et
527 2679 807 2750 Semegar,
839 2690 895 2734 et
921 2682 1242 2734 obscuratur
1274 2677 1391 2731 laus
1425 2685 1631 2740 nostra,
1672 2674 1937 2728 tradimur
1962 2674 2015 2726 in

444 2789 634 2828 manus
661 2772 816 2827 Jabiu
849 2773 991 2842 regis
1030 2772 1308 2827 Chanaan.
1345 2767 1503 2822 Jabiu
1533 2778 1713 2822 autem
1746 2768 2017 2836 interpre-

444 2874 587 2918 tatur
621 2881 804 2918 sensus
836 2864 953 2917 sive
979 2863 1262 2931 prudentia
1292 2860 1425 2931 (62).
1457 2858 1513 2913 Si
1555 2874 1688 2928 ergo
1719 2872 1817 2912 nos
1859 2875 1878 2910 ι
1908 2872 2012 2911 non

442 2960 849 3028 probaverimus
883 2956 1048 3010 Deum
1095 2957 1296 3009 habere
1323 2956 1377 3007 in
1408 2952 1620 3014 notitia,
1650 2970 1670 3003 ι
1708 2950 1877 3005 tradit
1917 2964 2016 3003 nos

447 3052 586 3104 Deus
623 3068 641 3101 ι
703 3052 756 3103 iu
793 3047 1082 3117 reprobum
1127 3062 1383 3109 sensum,
1428 3046 1660 3113 repletos
1699 3042 2011 3109 iniquitate,

2101 546 2278 612 phetia
2326 557 2445 612 quae
2494 551 2575 596 est
2629 541 2681 593 in
2717 539 2884 610 figura
2938 540 3231 605 Debbora},
3276 549 3330 595 et
3374 542 3672 594 secundum

2101 635 2400 704 prophetia:
2434 633 2703 703 gratiam,
2738 641 2790 685 et
2825 631 3263 700 intelligentiam,
3299 634 3378 684 vel
3413 631 3675 685 Ecclesize

2098 726 2323 796 populus
2350 726 2703 793 gubernetur,
2729 723 2812 777 vel
2841 725 3002 776 etiam
3032 739 3222 777 sensus
3249 722 3675 791 uniuscujusque

2099 818 2294 872 mentis
2324 826 2377 870 et
2412 817 2607 870 anima:
2644 827 2885 885 regatur,
2923 830 3017 883 per
3046 813 3229 868 Jcsum
3258 813 3535 868 Christum
3573 814 3672 866 Do-

2100 910 2304 963 minum
2340 918 2584 965 nostrum
2606 953 2620 978 ,
2652 911 2738 965 cui
2768 920 2853 966 est
2883 909 3052 980 gloria
3085 919 3138 964 et
3172 909 3453 979 imperium
3488 908 3543 963 in
3576 922 3677 961 833-

2100 1001 2219 1055 cula
2253 1000 2597 1056 saeculorum.
2635 1001 2831 1058 Amen.

2699 1114 2981 1169 HOMILIA
3028 1115 3092 1169 V.

2243 1204 2319 1259 De
2347 1205 2606 1272 Debbora,
2637 1217 2681 1260 et
2716 1206 2952 1271 Barach,
2988 1219 3032 1260 el
3056 1206 3232 1274 Jaltel,
3260 1218 3304 1260 et
3334 1205 3537 1262 Sisara.

2179 1298 2225 1351 Ι.
2264 1298 2338 1352 De
2363 1299 2753 1367 quaestionibus
2784 1299 2850 1353 ad
2900 1299 3226 1367 quaestiones
3252 1338 3267 1362 ,
3295 1310 3349 1353 et
3383 1300 3449 1354 de
3488 1314 3677 1353 sacra-

2106 1387 2303 1441 mentis
2350 1389 2416 1441 ad
2451 1398 2791 1443 sacramenta
2842 1389 3174 1444 transimus:
3211 1398 3265 1443 et
3314 1405 3436 1443 cum
3483 1391 3567 1443 vix
3616 1406 3678 1444 ac

2105 1475 2389 1532 ditIiculter
2431 1479 2605 1548 prima
2639 1494 2869 1549 quisque
2923 1480 3276 1549 explanamus
3302 1520 3317 1545 ,
3374 1480 3681 1535 ditIiciIibus

2107 1567 2409 1621 ditlieiliora
2441 1569 2777 1632 succedunt,
2824 1584 2943 1638 qua:
2974 1585 3076 1624 non
3121 1578 3230 1623 tam
3264 1570 3462 1638 ingenii
3493 1572 3682 1625 facun-

2108 1658 2193 1710 dia
2250 1658 2568 1729 indigeant,
2620 1674 2783 1729 quaut
2820 1660 3014 1714 divinas
3052 1662 3241 1730 gratim
3293 1665 3680 1733 aspirationem

2110 1749 2406 1818 requirant.
2463 1749 2593 1804 Sine
2645 1750 2811 1804 dubio
2862 1752 3005 1804 enim
3066 1754 3297 1821 requirit
3349 1758 3680 1818 auditorem,

2107 1842 2362 1910 quoniam
2401 1843 2617 1910 quidem
2665 1844 2934 1896 sententia
2968 1853 3051 1897 est
3079 1845 3305 1913 apostoli
3342 1845 3531 1908 Pauli,
3562 1863 3682 1917 qua:

2110 1934 2242 1987 dicit
2264 1933 2349 1986 ‘3:
2394 1952 2412 1984 ι
2436 1932 2627 1988 Omnis
2666 1936 2933 2003 scriptura
2967 1935 3223 1990 divinitus
3255 1937 3511 2005 inspirata
3535 1979 3548 2003 ,
3576 1942 3686 1993 uti—

2111 2026 2178 2081 lis
2211 2037 2298 2081 est
2327 2029 2391 2082 ad
2440 2027 2780 2095 docendum,
2815 2029 2881 2082 ad
2917 2029 3304 2100 increpandam
3331 2072 3345 2096 ,
3381 2033 3446 2086 ad
3477 2032 3681 2088 doctri—

2111 2137 2233 2174 nam
2258 2136 2377 2188 qua:
2406 2129 2489 2175 est
2522 2122 2573 2174 in
2607 2120 2837 2191 justitia.
2871 2141 2889 2172 ι
2923 2121 3061 2188 Quid
3105 2138 3234 2189 ergo
3262 2123 3454 2177 habeat
3482 2125 3534 2178 iu
3563 2139 3684 2179 sese

2110 2213 2211 2266 ista
2240 2212 2540 2280 Scriptura,
2569 2227 2730 2281 quant
2756 2212 2873 2266 sine
2899 2213 3060 2266 dubio
3088 2222 3141 2267 et
3169 2214 3335 2283 ipsum
3365 2214 3682 2283 inspiratam

2111 2302 2368 2357 divinitus
2406 2301 2768 2366 confitemur,
2799 2302 2940 2369 quod
2975 2300 3129 2355 nobis
3165 2302 3230 2355 ad
3259 2301 3563 2355 doctrinam
3596 2316 3686 2356 ce-

2112 2394 2238 2455 dat,
2273 2396 2417 2461 quod
2451 2394 2516 2447 ad
2552 2394 3001 2461 increpationem,
3033 2395 3176 2461 quod
3217 2396 3283 2447 ad
3318 2395 3685 2465 disciplinam.

2113 2485 2255 2553 quod
2305 2487 2371 2538 ad
2413 2484 2723 2552 justitiam,
2787 2482 3096 2553 diligentius
3143 2496 3225 2538 est
3281 2484 3684 2554 inquirendum.

2113 2576 2252 2642 Quid
2284 2577 2427 2630 enim
2469 2576 2623 2630 nobis
2656 2590 2723 2629 ex
2759 2574 2859 2631 boc
2895 2577 3196 2640 confertur,
3235 2576 3277 2630 si
3313 2577 3556 2646 legamus
3587 2577 3690 2633 hoc

2114 2669 2254 2737 quod
2280 2667 2562 2721 recitatum
2586 2673 2690 2732 est,
2715 2664 2765 2718 id
2797 2674 2898 2730 est,
2922 2667 3063 2732 quod
3091 2684 3109 2716 ι
3137 2667 3401 2735 Debbora,
3429 2669 3600 2738 inquit
3621 2670 3688 2733 δ’,

2115 2760 2310 2813 mulier
2340 2758 2708 2828 prephetissa,
2744 2772 2883 2811 uxor
2908 2756 3234 2825 Laphidoth,
3267 2759 3377 2827 ipsa
3406 2760 3691 2829 judicabat

2116 2852 2279 2903 Israel
2314 2849 2402 2903 illo
2440 2860 2705 2918 tempore,
2736 2857 2790 2902 et
2837 2849 2972 2916 ipsa,
3011 2849 3209 2916 inquit,
3251 2849 3493 2905 Debbora
3526 2856 3687 2908 sede-

2114 2939 2207 2992 bat
2240 2940 2341 2994 sub
2388 2938 2563 3008 palma
2614 2939 2757 2992 inter
2787 2938 3019 2991 medium
3076 2938 3267 3005 Rama,
3303 2951 3359 2995 et
3396 2941 3537 2998 inter
3582 2961 3695 2999 me-

2114 3030 2259 3083 dium
2293 3030 2501 3096 Bethel,
2535 3030 2587 3083 in
2630 3039 2811 3083 monte
2854 3028 3107 3098 Ephrem,
3141 3038 3195 3083 et
3229 3032 3593 3087 ascendebant
3625 3038 3692 3090 ad

445 3142 704 3211 nequitia,
739 3139 1123 3206 fornicatione,
1159 3138 1411 3205 avaritia,
1447 3138 1635 3207 plenos
1664 3134 1885 3195 invidia,
1921 3133 2013 3185 ho-
2042 3151 2083 3208 ο
2118 3138 2235 3176 eam
2267 3120 2357 3175 ﬁlii
2384 3121 2566 3185 Israel,
2600 3130 2656 3174 ut
2693 3121 3102 3188 judicarentur?
3125 3140 3141 3172 ι
3180 3121 3314 3175 Tum
3342 3123 3536 3178 deinde
3565 3128 3692 3194 quid

446 3233 697 3293 micidiis,
746 3231 1118 3297 contentione,
1160 3230 1319 3294 dolo,
1371 3238 1783 3293 susurratores,
1835 3226 2015 3279 detra-

446 3340 645 3390 ctores,
682 3326 795 3380 Deo
827 3323 1076 3387 odibiles,
1108 3324 1558 3388 contumeliosos,
1592 3322 1877 3388 superbos,
1906 3320 2019 3375 ela-

447 3426 555 3483 tos,
587 3417 902 3488 parentibus
934 3432 1039 3470 non
1075 3416 1414 3479 obedientes,
1458 3414 1864 3483 incompositos,
1901 3413 2019 3465 sine

444 3508 664 3573 atfectu,
697 3511 815 3564 sine
846 3508 1213 3562 misericordia
1239 3508 1306 3563 ".
1333 3526 1351 3559 ι
1374 3505 1537 3561 Vides
1558 3506 1647 3573 qui
1674 3505 1782 3557 sint
1812 3513 1865 3556 et
1887 3518 2020 3571 qua-

446 3602 525 3657 les
556 3603 645 3671 qui
676 3603 962 3655 traduntur
989 3601 1041 3653 in
1071 3599 1358 3668 reprobum
1389 3612 1629 3661 sensum,
1660 3597 1750 3666 qui
1787 3594 2015 3650 tradun-

448 3704 537 3748 tur
562 3694 718 3748 Jabin
742 3694 967 3763 principi
995 3692 1456 3747 Cltananaaorum.

517 3786 683 3858 468
718 3784 771 3839 4.
815 3803 831 3835 ι
861 3784 928 3838 Ει
971 3785 1218 3853 princeps
1246 3823 1261 3848 ,
1294 3783 1469 3851 inquit
1508 3781 1574 3847 “,
1617 3781 1820 3835 militiae
1865 3778 2019 3834 Jabin

447 3890 559 3933 erat
611 3879 819 3943 Sisara,
864 3884 917 3929 et
955 3875 1070 3943 ipse
1101 3875 1378 3929 habitabat
1413 3873 1467 3927 in
1507 3873 1724 3929 Arisoth
1760 3873 2021 3942 gentium,

448 3978 501 4020 et
528 3976 681 4021 erant
716 3967 763 4020 ei
796 3965 1052 4033 nongenti
1105 3979 1295 4018 currus
1334 3961 1522 4017 ferrei.
1559 3963 1625 4015 Et
1656 3961 2025 4014 clamaveruut

450 4058 519 4114 ad
552 4058 832 4113 Dominum
870 4056 964 4110 lilii
996 4050 1181 4109 lsr'ael.
1212 4073 1230 4106 ι
1270 4054 1443 4107 Etiam
1474 4062 1529 4107 et
1554 4053 1606 4106 iu
1639 4054 1743 4106 hoc
1772 4051 2025 4104 similiter

450 4153 539 4207 illa
571 4168 733 4221 quam
785 4151 1036 4218 superius
1092 4150 1515 4220 designavimus,
1565 4147 1877 4201 observatio
1925 4162 2023 4198 cu-

451 4248 704 4307 stoditur,
729 4245 855 4311 quia
886 4242 1392 4296 nesciuntelamare
1418 4242 1483 4293 ad
1515 4240 1797 4293 Dominum
1828 4237 1919 4291 filii
1954 4237 2026 4289 ls-

452 4337 566 4391 rael
598 4336 699 4389 nisi
744 4349 864 4387 cum
908 4332 1091 4388 traditi
1134 4332 1335 4386 fuerint
1380 4332 1433 4385 in
1481 4346 1673 4385 manus
1711 4327 1912 4393 Jahin,
1946 4326 2026 4380 vel

453 4447 574 4485 cum
622 4428 801 4485 afﬂicti
833 4443 931 4497 per
973 4427 1089 4493 ejus
1130 4425 1335 4479 militias
1380 4423 1679 4493 principem
1732 4419 1972 4473 Sisaram
2007 4457 2020 4479 ,

2121 3215 2275 3268 nobis
2313 3214 2635 3268 eruditionis
2663 3253 2678 3278 ,
2730 3223 2826 3266 aut
2876 3212 3141 3268 doctrinae
3173 3252 3187 3278 ,
3227 3222 3318 3267 aut
3362 3214 3584 3282 justitiae
3630 3235 3692 3272 ea

2118 3306 2406 3360 conferunt
2448 3320 2568 3376 qua:
2601 3314 2904 3375 sequuntur
2930 3345 2944 3370 ,
2991 3303 3071 3358 vel
3128 3304 3193 3358 de
3230 3303 3436 3359 Barach
3460 3345 3473 3371 ,
3513 3308 3596 3361 vel
3630 3310 3698 3363 de

2119 3398 2295 3461 Jahel,
2326 3396 2407 3451 vel
2440 3398 2603 3451 etiam
2637 3397 2704 3450 de
2737 3396 2923 3450 Sisara
2962 3396 3099 3451 duce
3127 3396 3331 3450 militiae
3356 3393 3556 3451 Jabin?

2188 3489 2244 3542 2.
2280 3487 2571 3542 Videamus
2607 3500 2833 3555 ergone
2862 3486 3000 3539 forte
3036 3498 3134 3553 per
3181 3487 3296 3539 haec
3336 3485 3560 3555 dignum
3591 3488 3696 3541 ali-

2121 3585 2247 3652 quid
2278 3583 2413 3636 sicut
2444 3591 2497 3636 et
2521 3579 2818 3648 Scripturis
2854 3580 3087 3643 caeteris,
3122 3579 3188 3633 de
3216 3582 3577 3635 sacramentis
3607 3597 3695 3636 se-

2123 3674 2450 3728 cretioribus
2484 3673 2800 3726 doceamur.
2834 3670 3019 3725 Primo
3046 3670 3147 3724 hoc
3178 3669 3375 3739 ipsum,
3404 3672 3547 3740 quod
3574 3686 3695 3727 cum

2123 3764 2338 3835 plurimi
2369 3763 2580 3833 judices
2612 3762 2714 3816 viri
2758 3762 2810 3815 in
2847 3761 3015 3815 Israel
3046 3760 3215 3815 fuisse
3257 3760 3601 3828 referuntur,
3632 3763 3701 3817 de

2125 3856 2270 3909 nullo
2304 3855 2523 3909 illorum
2560 3854 2781 3919 dicitur,
2816 3852 2940 3921 quia
2974 3852 3237 3923 propheta
3272 3852 3471 3919 fuerit,
3502 3854 3600 3909 nisi
3634 3855 3701 3909 de

2124 3947 2370 4001 Debbora
2409 3945 2658 3999 muliere.
2696 3943 2929 3999 Praestat
2957 3955 3009 3997 et
3038 3943 3089 3997 in
3135 3944 3236 3998 hoc
3267 3960 3369 3999 non
3417 3946 3698 4000 minimam

2122 4038 2551 4092 consolationem
2584 4036 2871 4091 mulierum
2924 4034 3076 4088 sexui
3127 4035 3290 4087 etiam
3324 4036 3495 4103 prima
3533 4036 3702 4106 ipsius

2126 4135 2322 4188 littera:
2355 4132 2520 4186 facies
2542 4173 2556 4197 ,
2607 4142 2661 4186 et
2693 4139 2953 4200 provocat
3002 4145 3092 4185 eas
3125 4131 3201 4185 uti
3235 4146 3573 4202 nequaquam
3603 4150 3702 4204 pro

2127 4228 2441 4282 infirmitate
2463 4241 2626 4281 sexus
2661 4226 2952 4293 desperent
2989 4225 3151 4277 etiam
3191 4226 3485 4294 prophetiae
3511 4227 3701 4295 gratia:

2128 4337 2353 4391 capaces
2391 4336 2451 4375 se
2490 4321 2604 4374 lieri
2641 4334 2819 4388 posse,
2854 4318 2947 4371 sed
3000 4318 3342 4387 intelligant,
3380 4328 3434 4371 et
3476 4320 3704 4372 credant

2127 4413 2269 4482 quod
2315 4419 2553 4465 meretur
2588 4410 2729 4463 hanc
2781 4409 3014 4479 gratiam
3067 4409 3277 4477 puritas
3314 4410 3544 4472 mentis,
3592 4425 3700 4463 non

460 4541 480 4575 ‹
507 4524 590 4578 cui
620 4531 793 4583 erant,
825 4495 1016 4589 inquit,
1046 4517 1300 4586 nongenti
1333 4529 1531 4570 currus
1560 4511 1747 4578 ferrei,
1778 4531 1796 4562 ι
1827 4511 2023 4579 quibus
2058 4495 2098 4549 Ι)
2130 4504 2415 4559 diversitas
2446 4517 2629 4556 sexus.
2662 4501 2767 4556 Sed
2801 4500 3082 4553 videamus
3112 4501 3242 4568 quid
3272 4500 3436 4553 etiam
3481 4499 3703 4554 interio-

452 4617 661 4673 scilicet
707 4612 1037 4681 atlligeretur
1080 4609 1306 4679 populus
1338 4607 1487 4660 dura:
1535 4604 1785 4657 cervicis.
1836 4600 2020 4655 Sisara

453 4727 633 4768 autem
683 4713 1071 4780 interpretatur
1118 4710 1245 4763 visio
1277 4706 1393 4776 equi
1426 4702 1559 4775 (65).
1614 4700 1721 4757 Iste
1759 4710 1840 4755 est
1877 4700 2021 4754 enim

454 4803 709 4859 animalis
730 4840 747 4867 ,
782 4818 885 4856 non
917 4800 1198 4869 spiritalis,
1228 4799 1321 4868 qui
1363 4812 1468 4850 non
1503 4795 1645 4848 videt
1676 4793 1779 4846 nisi
1813 4805 1875 4845 ea
1905 4807 2024 4860 qua:

454 4896 705 4950 animalis
732 4903 878 4951 sunt.
903 4894 1020 4962 Ipse
1044 4903 1129 4948 est
1157 4890 1275 4959 ejus
1298 4889 1456 4953 visio,
1486 4889 1599 4957 ipse
1626 4900 1838 4955 semper
1860 4884 2025 4938 intui-

458 4997 564 5043 tus.
598 4989 663 5043 Et
701 4989 822 5042 ideo
852 5002 1062 5057 semper
1115 4983 1367 5039 animalis
1414 4985 1576 5037 homo
1601 5020 1618 5046 ,
1650 4989 1705 5034 et
1743 4980 1789 5033 is
1823 4978 1913 5049 qui
1945 4991 2030 5031 se-

456 5082 691 5138 cundmn
719 5096 941 5136 carnem
972 5090 1077 5146 est,
1103 5079 1451 5150 persequitur
1474 5091 1595 5129 eum
1618 5073 1707 5144 qui
1732 5070 2027 5127 secundum

458 5175 708 5245 spiritum
741 5182 849 5237 est,
889 5174 1064 5228 donec
1096 5172 1359 5242 spiritalis
1387 5168 1686 5236 intelligat,
1727 5173 1784 5219 et
1825 5159 2027 5218 exarui-

458 5276 553 5321 net
574 5264 756 5321 omnia
785 5264 913 5327 ",et
942 5265 1208 5335 intelligat
1239 5264 1386 5317 unde
1413 5262 1514 5316 sibi
1547 5259 1619 5314 sit
1646 5256 1903 5310 auxilium
1937 5253 2031 5307 de-

457 5361 791 5427 poscendum
811 5398 825 5421 ,
857 5367 911 5412 et
945 5357 1144 5412 clamet
1173 5358 1237 5410 ad
1272 5355 1555 5409 Dominum
1586 5367 1598 5402 :
1638 5352 1808 5405 donec
1835 5347 2031 5400 anima:

527 5454 574 5485 “
603 5458 728 5517 Use.
788 5466 913 5508 vnl.
951 5449 1005 5504 4.
1121 5450 1167 5480 ⁸³
1194 5450 1356 5504 Amos
1388 5461 1508 5517 \‘Ilt,
1562 5444 1645 5517 li.

456 5522 503 5554 δ’
526 5523 564 5575 ΙΙ
595 5522 737 5578 Tim.
770 5519 956 5584 ttt,16.
1033 5519 1077 5551 ⁸³
1103 5518 1225 5574 Jud.
1260 5534 1334 5582 tv,
1365 5517 1419 5583 4,
1456 5515 1508 5571 5.

530 5618 643 5691 (62)
687 5618 846 5672 Jabin
876 5617 1484 5691 auglentﬂinterpretatur
1514 5625 1694 5665 sensus
1742 5608 1847 5661 sive
1896 5620 2023 5673 pru-

458 5684 660 5745 dentia.
701 5691 737 5742 Α
772 5698 862 5774 ττι
888 5706 905 5740 ι
941 5687 1260 5755 intelligere,
1299 5684 1519 5737 sentire.
1554 5699 1573 5731 ι

533 5779 649 5849 (05)
676 5767 859 5835 Sisara
891 5786 1064 5831 autem
1102 5775 1479 5844 interpretatur
1518 5770 1646 5823 visio
1671 5767 1810 5832 equi.
1844 5768 1877 5819 Α
1914 5776 2031 5824 nm

822 5876 1091 5933 Parnm.
1134 5869 1252 5928 Gn.
1302 5867 1440 5928 ΧΠ.

1754 5441 1800 5473 ⁵⁸
1841 5439 1999 5493 Rom.
2028 5453 2040 5490 I
2072 5475 2087 5499 ,
2136 5429 2333 5499 28-31.

1586 5515 1631 5546 ⁸ο
1663 5512 1806 5567 Psal.
1839 5526 1987 5571 CXIX,
2018 5506 2137 5560 105.

2135 4596 2209 4650 ris
2258 4593 2627 4663 intelligentia:
2679 4590 2911 4660 respirat
2959 4604 3239 4643 arcanum.
3291 4588 3538 4642 Debbora
3590 4590 3705 4658 apis

2134 4692 2519 4758 interpretatur
2550 4686 2666 4740 sive
2716 4684 2923 4754 loquela
2953 4679 3088 4752 (64).
3124 4680 3229 4735 Sed
3275 4682 3385 4750 jam
3432 4691 3486 4735 et
3520 4682 3571 4735 in
3615 4697 3707 4736 su—

2132 4781 2433 4850 perioribus
2458 4778 2692 4831 diximus
2728 4776 2870 4844 quod
2904 4773 3147 4827 Debbora
3176 4771 3226 4825 iu
3264 4772 3557 4842 prophetia:
3595 4772 3704 4826 for-

2133 4890 2219 4929 ma
2255 4870 2566 4941 accipienda
2603 4870 2708 4933 sit,
2752 4883 2872 4938 quae
2902 4877 2981 4920 est
3016 4869 3151 4937 apis.
3193 4866 3417 4921 Certum
3470 4880 3707 4933 namque

2131 4976 2214 5022 est
2252 4967 2394 5035 quod
2423 4964 2598 5018 oumis
2628 4959 2915 5030 prephetia
2950 4974 3143 5013 suaves
3173 4957 3417 5011 etelestis
3448 4957 3706 5010 doctrina:

2136 5060 2327 5119 favos,
2366 5063 2421 5110 et
2467 5052 2646 5107 dulcia
2707 5048 2879 5105 divini
2932 5047 3129 5118 eloquii
3184 5047 3338 5099 rnella
3389 5056 3704 5116 componat.

2136 5150 2289 5206 Unde
2338 5157 2391 5201 et
2428 5144 2593 5199 David
2630 5143 2861 5197 canebat
2896 5141 3085 5195 dicens
3134 5138 3213 5192 “z
3253 5156 3272 5190 ι
3309 5137 3480 5204 Quam
3527 5136 3703 5191 dulcia

2133 5243 2377 5300 faucibus
2409 5239 2544 5293 meis
2583 5236 2798 5304 eloquia
2832 5242 2953 5299 tua,
2996 5247 3160 5301 super
3192 5229 3294 5284 mel
3326 5240 3383 5285 et
3412 5229 3592 5282 favum
3621 5229 3705 5283 ori

2136 5350 2276 5390 meo.
2303 5353 2321 5386 ι
2358 5332 2424 5387 Ει
2450 5331 2644 5385 iterum
2671 5324 2798 5380 alibi
2823 5324 2953 5380 dicit
2980 5322 3045 5388 ¹¹,
3070 5319 3269 5387 judicia
3300 5318 3389 5372 Dei
3422 5334 3441 5367 σ
3468 5316 3701 5386 pretiosa

2436 5422 2481 5454 ιθ
2526 5420 2649 5474 Jud.
2707 5433 2781 5479 tv,
2830 5414 2885 5481 ἓ,
2942 5411 2996 5466 '5.
3139 5408 3183 5439 ⁸⁷
3239 5407 3258 5460 l
3305 5406 3429 5461 Cor.
3489 5420 3549 5470 tt,
3612 5404 3702 5459 15.

2217 5500 2258 5531 ⁸¹
2283 5495 2425 5551 Psal.
2452 5508 2566 5555 nx,
2602 5489 2688 5544 tt.

2139 5616 2157 5649 ι
2192 5595 2330 5649 vidit
2353 5610 2371 5642 ι
2406 5599 2461 5643 et
2494 5596 2597 5647 mn
2644 5601 2662 5634 ι
2690 5594 2878 5651 equus.
2911 5595 2930 5628 ι

2208 5685 2319 5757 (δι)
2356 5680 2597 5757 Debbora
2620 5675 2731 5738 apis
2746 5662 3280 5757 Aiptcrpriet‘atur-siue
3309 5657 3536 5728 loquela.
3575 5656 3706 5727 Apis

2141 5736 2363 5820 8551,
2420 5752 2633 5823 loquela
2658 5736 2693 5800 Va
2745 5750 2857 5796 '131
2896 5755 2911 5786 ‹
2961 5736 3168 5788 locutus
3194 5738 3297 5783 est.
3348 5752 3363 5780 ι

3270 5825 3344 5882 31
