4124 6424
432 387 536 440 971

1891 376 2215 436 ORIGENIS

3586 372 3697 431 979.

434 514 564 555 esse
595 512 757 569 super
783 510 974 551 aurum
1007 536 1019 559 ,
1056 504 1111 550 et
1143 494 1375 565 lapidem
1406 492 1704 563 pretiosum
1735 489 1963 547 multum
1993 530 2006 555 ,
2038 495 2086 552 Α
2113 504 2236 543 cum
2268 488 2551 559 prophetia
2603 487 2799 543 falsum
2851 497 2955 543 est.
2999 487 3116 543 Non
3161 488 3303 544 enim
3337 486 3510 541 secuti
3568 498 3696 543 sunt

441 600 494 645 et
523 590 762 646 dulciora
792 601 955 655 super
981 585 1083 640 mel
1115 595 1169 641 et
1197 584 1399 639 favum.
1448 601 1468 636 ι

511 682 567 735 3.
601 679 708 734 Sed
732 687 786 733 et
810 677 939 731 illud
967 676 1396 739 consideremus,
1427 674 1514 729 ubi
1549 674 1791 729 residere
1814 672 2012 727 dicitur

442 771 744 843 prophetia,
778 780 832 823 et
863 767 952 822 ubi
994 768 1145 821 locus
1170 765 1287 834 ejus
1313 780 1433 821 esse
1457 765 1809 820 describitur.
1847 780 1866 815 ι
1900 762 2012 818 Sub

445 863 643 931 palma,
678 859 854 928 inquit
880 860 950 922 5’,
981 858 1119 912 inter
1149 858 1384 911 medium
1414 855 1607 919 Rama,
1641 864 1696 909 et
1734 853 1875 907 inter
1902 867 2014 907 me-

444 953 593 1007 dium
628 949 833 1004 Bethel.
860 968 877 1000 ›
913 946 1026 1003 Sub
1062 946 1239 1016 palma
1274 946 1455 999 sedem
1502 944 1663 998 habet
1692 942 1969 1013 prophetia
1995 980 2010 1005 ,

444 1044 568 1113 quia
604 1060 622 1093 ι
647 1040 843 1108 justus,
870 1038 1044 1108 inquit
1069 1038 1235 1092 David
1258 1037 1326 1100 ⁸⁸,
1359 1036 1497 1090 sicut
1521 1034 1697 1105 palma
1722 1032 1957 1099 ﬂorebit,
1988 1051 2008 1085 ι

446 1151 541 1206 per
572 1136 677 1188 hoc
709 1132 849 1199 quod
881 1131 992 1185 suis
1022 1127 1450 1184 institutionibus
1478 1126 1751 1180 eruditum
1785 1125 2016 1194 prophe-

447 1228 519 1279 tia
554 1222 801 1294 perducit
834 1221 899 1276 ad
932 1220 1165 1290 palmam
1199 1232 1445 1288 supernas
1479 1215 1779 1271 vocationis
1810 1214 1925 1280 Dei,
1962 1215 2013 1269 in

442 1316 662 1373 Christo
704 1313 829 1368 Jesu
864 1313 1092 1367 Domino
1128 1319 1332 1366 nostro.
1373 1310 1522 1365 Inter
1568 1310 1802 1365 medium
1833 1317 2014 1363 autem

448 1408 639 1471 fiama,
669 1414 725 1459 et
759 1404 901 1459 inter
930 1402 1166 1457 medium
1203 1401 1392 1457 Bethel
1434 1400 1624 1455 sedere
1656 1401 1878 1455 dicitur.
1909 1398 2017 1451 Ra-

446 1514 532 1553 nta
562 1499 946 1565 interpretatur
967 1492 1191 1558 excelsa,
1211 1491 1399 1545 Betltel
1422 1491 1607 1545 domus
1640 1490 1733 1543 Dei
1760 1489 1894 1560 (65).
1926 1487 2018 1542 Vi-

443 1591 565 1645 dete
588 1588 641 1643 in
668 1586 865 1656 quibus
890 1585 1022 1640 locis
1047 1582 1286 1638 residere
1312 1582 1507 1635 dicitur
1537 1581 1843 1651 pr0pltetia,
1876 1581 2017 1634 inter

445 1678 656 1735 excelsa
707 1685 762 1731 et
807 1675 1024 1728 domum
1077 1672 1190 1726 Dei.
1244 1670 1387 1747 Nihil
1416 1670 1562 1726 enim
1609 1670 1853 1737 humile,
1883 1671 2019 1725 nihil

444 1769 740 1837 deiectum,
782 1763 915 1818 nihil
945 1763 1051 1817 vile
1083 1777 1210 1833 erga
1244 1762 1542 1832 prophetiae
1572 1762 1756 1817 sedem
1790 1763 2019 1833 reperiri

2117 582 2480 653 prophetiam,
2504 590 2561 636 ut
2590 582 2877 635 crederent
2899 582 2946 636 ei
2972 583 3037 636 de
3061 596 3167 651 quo
3204 581 3380 641 omnis
3409 581 3693 650 prophetia

2117 675 2430 743 praescripta
2462 682 2543 728 est
2577 690 2605 726 a
2630 672 2871 729 Christo.
2936 672 3232 743 Propterea
3278 689 3408 740 ergo
3440 673 3576 729 dicit
3620 672 3689 726 ad

2117 781 2239 822 eum
2277 767 2521 821 Debbora
2560 766 2607 798 ⁸⁸
2639 784 2651 819 :
2695 783 2713 816 ε
2745 765 2835 820 Ibo
2876 773 3074 820 tecum.
3110 763 3496 818 Verumtamen
3528 765 3691 829 scito,

2119 854 2244 919 quia
2271 869 2379 907 non
2411 854 2515 907 erit
2556 853 2827 922 primatus
2852 862 2977 908 tuus
3009 853 3064 907 in
3095 853 3178 906 via
3211 856 3313 908 hac
3344 868 3505 922 quam
3546 854 3690 908 ince-

2120 944 2223 1008 dis,
2247 945 2338 998 sed
2361 945 2413 999 in
2439 960 2599 998 manu
2623 942 2867 998 mulieris
2892 944 3068 996 tradet
3095 942 3351 996 Dominus
3378 940 3640 995 Sisaram.
3668 960 3687 992 ο

2123 1029 2416 1087 Evidettter
2444 1034 2683 1087 ostendit
2708 1033 2838 1102 quia
2882 1047 2987 1086 non
3023 1032 3132 1085 erit
3174 1031 3311 1100 apud
3344 1032 3492 1085 illum
3520 1046 3691 1100 popu-

2121 1120 2231 1175 lum
2261 1121 2551 1191 primatus,
2586 1135 2685 1176 nec
2716 1120 3052 1190 permanebit
3104 1121 3241 1189 apud
3285 1135 3407 1174 eum
3451 1120 3695 1175 victoriae

2123 1214 2322 1283 palma,
2368 1214 2460 1269 sed
2513 1214 2565 1267 in
2614 1229 2778 1268 manu
2811 1212 3089 1281 mulieris,
3140 1212 3226 1267 cui
3280 1227 3470 1267 nomen
3516 1210 3695 1275 Jahel,

2129 1307 2377 1361 tradetur
2403 1305 2613 1360 Sisara.
2645 1306 2981 1360 Describitur
3011 1314 3191 1359 autem
3222 1306 3366 1373 quod
3395 1306 3695 1360 secundum

2125 1397 2601 1451 commonitionem
2639 1396 2923 1460 Debborae,
2975 1397 3027 1449 id
3065 1404 3149 1449 est
3179 1396 3498 1465 prophetiae,
3552 1396 3695 1451 inse-

2124 1497 2383 1557 queretur
2418 1488 2624 1543 Baraclt
2649 1488 2949 1557 principem
2972 1488 3380 1557 Allophylorum
3414 1486 3696 1543 Sisaram:

2126 1589 2180 1634 et
2212 1581 2325 1649 ipse
2350 1580 2564 1649 quidem
2588 1594 2712 1633 eum
2742 1579 3208 1648 comprehendere
3238 1594 3342 1632 non
3374 1579 3571 1647 potuit,
3600 1578 3697 1634 sed

2128 1674 2369 1727 occurrit
2406 1672 2453 1728 ei
2501 1671 2727 1742 fugienti
2788 1672 2983 1726 mulier
3024 1672 3327 1739 alienigena
3358 1669 3547 1736 Jaltel,
3579 1686 3702 1741 qua:

2129 1763 2321 1819 mulier
2347 1764 2499 1834 prius
2545 1778 2667 1817 cum
2701 1777 2766 1817 eo
2795 1763 3161 1818 amicitiarum
3203 1762 3379 1817 foedus
3412 1763 3696 1817 habuerat.

445 1867 618 1929 potest
649 1879 660 1910 ;
693 1854 837 1909 sicut
862 1860 916 1907 et
945 1851 1201 1907 Salomon
1235 1850 1587 1905 nihilominus
1616 1852 1899 1920 sapientiae
1927 1867 2015 1908 se—
2048 1850 2093 1910 Β
2119 1853 2200 1907 Ad
2238 1868 2399 1923 quam
2428 1853 2515 1907 ille
2539 1868 2665 1907 cunt
2693 1852 3021 1907 declinasset
3051 1852 3251 1906 latendi
3276 1852 3472 1921 gratia,
3503 1867 3699 1921 aquam

443 1951 565 2004 dem
610 1945 925 2000 describens
951 1983 967 2009 ,
999 1943 1133 1998 dicit
1163 1942 1231 1999 de
1254 1958 1338 2007 ea,
1373 1943 1516 2012 quod
1548 1943 1631 1999 vel
1660 1945 1710 1998 in
1742 1947 1911 2015 portis
1942 1946 2019 2001 ci-

441 2039 669 2095 vitatum
704 2037 952 2101 assistal,
984 2034 1068 2088 vel
1103 2036 1155 2089 in
1186 2050 1465 2090 murorum
1491 2034 1761 2092 moenibus
1793 2038 2019 2105 habitet,

442 2129 527 2184 vel
584 2130 638 2183 in
673 2127 796 2182 altis
847 2126 1088 2181 turribus
1137 2126 1309 2181 libere
1350 2134 1492 2195 agat.
1532 2125 1644 2182 Hoc
1688 2142 1818 2197 ergo
1864 2130 2021 2184 modo

444 2218 749 2292 prophetia,
792 2233 912 2287 qua:
948 2232 1092 2271 nunc
1128 2218 1182 2271 itt
1220 2215 1466 2271 Debbora
1501 2218 1849 2285 describitur,
1880 2221 2022 2274 inter

445 2310 662 2363 domum
698 2307 816 2374 Dei,
845 2316 899 2361 et
935 2307 1081 2361 inter
1109 2306 1325 2364 excelsa
1369 2307 1571 2362 dicitur
1599 2308 1869 2364 habitare.
1903 2310 2018 2365 Non

446 2400 589 2455 cnim
620 2413 719 2452 nos
769 2398 925 2452 docet
966 2412 1086 2468 qua:
1115 2412 1279 2466 super
1310 2409 1508 2453 terram
1561 2409 1685 2455 sunt
1732 2416 1977 2471 qumrere
2001 2442 2017 2467 ,

444 2492 539 2546 sed
564 2505 684 2561 quae
713 2489 764 2543 in
793 2489 950 2544 coelis
982 2497 1109 2542 sunt
1131 2499 1186 2542 ct
1214 2488 1266 2543 itt
1297 2489 1551 2555 excelsis,
1599 2509 1617 2543 ι
1648 2492 1736 2546 ubi
1773 2492 2021 2548 Christus

444 2590 529 2637 est
573 2581 626 2635 in
665 2580 853 2634 dextra
885 2579 978 2634 Dei
1008 2578 1202 2633 sedens
1240 2579 1324 2635 “z
1358 2599 1376 2633 ι
1430 2581 1560 2637 illuc
1604 2598 1701 2638 nos
1740 2584 2020 2653 prophetia

452 2673 711 2725 hortatur
754 2669 1089 2733 ascendere,
1131 2669 1257 2726 illuc
1311 2670 1608 2742 discipulos
1650 2674 1869 2730 molitur
1918 2674 2019 2729 itn-

447 2775 673 2832 ponere.

516 2854 572 2908 5.
616 2853 741 2907 Haec
788 2866 917 2923 ergo
950 2851 1127 2922 primo
1170 2853 1437 2919 omnium,
1474 2854 1651 2925 inquit
1675 2856 1745 2922 ",
1799 2873 1818 2907 ι
1849 2857 2017 2924 misit,

447 2958 501 3001 et
540 2944 755 2999 vocavit
798 2945 865 2999 ad
912 2959 972 2998 se
1019 2942 1250 2999 Barach.
1302 2963 1324 2997 ι
1374 2945 1584 3007 Barach
1630 2947 2022 3018 interpretatur

447 3036 745 3090 coruscatio
781 3034 916 3107 (66).
949 3034 1269 3091 Coruscatio
1296 3049 1426 3091 vero
1451 3045 1535 3091 est
1562 3052 1683 3107 quae
1715 3038 1878 3095 habet
1904 3039 2022 3109 qui-

445 3128 568 3181 dem
626 3126 835 3191 lucem,
893 3125 986 3180 sed
1041 3140 1146 3179 non
1205 3134 1531 3181 manentem.
1598 3127 1679 3181 Ad
1750 3129 2017 3184 modicum

440 3215 610 3290 ‘69
665 3216 811 3271 enim
856 3216 1117 3284 temporis
1170 3214 1476 3283 resplendet
1535 3225 1592 3272 et
1646 3216 1867 3273 desinit.
1924 3220 2021 3276 Hic

442 3319 572 3375 ergo
615 3302 823 3359 Baraclt
860 3304 991 3357 mihi
1041 3303 1254 3357 videtur
1302 3302 1532 3358 formam
1582 3318 1776 3373 gerere
1832 3309 2019 3376 populi

442 3394 667 3465 prioris,
699 3394 789 3464 qui
821 3394 995 3463 primo
1029 3391 1271 3448 omnium
1306 3407 1402 3461 per
1432 3395 1770 3464 pr0phetiam
1797 3408 2023 3454 vocatus

446 3495 552 3549 est,
580 3493 636 3538 et
664 3484 925 3538 invitantur
958 3480 1023 3535 ad
1050 3481 1317 3536 audienda
1347 3483 1567 3552 eloquia
1599 3486 1715 3554 Dei,
1740 3496 1795 3542 et
1825 3489 2022 3545 divina:

447 3576 584 3645 legis
607 3588 831 3629 munera
864 3572 1153 3640 capienda,
1195 3574 1286 3643 qui
1326 3575 1536 3632 refulsit
1558 3578 1813 3647 quidem,
1855 3590 1910 3636 et
1955 3584 2022 3637 ad

446 3667 583 3737 legis
622 3664 966 3735 splendorem
1004 3663 1071 3719 ad
1112 3666 1279 3722 breve
1313 3678 1524 3739 tempus
1560 3673 1893 3737 coruscavit,
1924 3675 2029 3730 sed-

451 3772 558 3811 nou
612 3757 701 3809 diu
763 3754 1087 3823 permansit,
1148 3771 1248 3811 nec
1300 3760 1616 3815 continuum
1661 3761 1799 3817 lucis
1847 3764 2023 3833 potuit

449 3848 704 3903 obtinere
740 3845 1025 3916 fulgorem.
1070 3850 1206 3905 Cum
1247 3867 1375 3923 ergo
1407 3854 1632 3910 dixisset
1671 3855 1921 3912 Debbora
1951 3860 2023 3913 ad

449 3936 680 4001 Barach,
711 3935 761 3989 id
790 3945 871 3991 est
894 3938 1176 4006 praphetia
1207 3939 1273 3993 ad
1313 3941 1550 4010 priorem
1578 3942 1857 4011 p0pulum,
1894 3944 2019 4012 quia

456 4043 476 4077 ι
511 4026 606 4080 tibi
637 4028 893 4096 praecepit
923 4028 1181 4085 Dominus
1211 4032 1348 4087 Deus
1380 4031 1540 4087 Israel
1565 4072 1582 4099 ,
1612 4043 1665 4088 et
1696 4045 1748 4090 tu
1790 4038 2024 4090 ascende

451 4119 504 4173 in
541 4127 776 4172 montem
813 4117 1052 4186 Thabor,
1109 4130 1164 4176 et
1218 4124 1407 4192 accipe
1459 4125 1647 4179 decem
1696 4126 1867 4180 millia
1908 4126 2020 4197 (67)

450 4209 692 4264 virorum
747 4211 820 4276 ",
850 4229 869 4263 ι
925 4220 979 4265 et
1027 4212 1232 4282 reliqua
1283 4229 1404 4284 quze
1458 4216 1663 4285 scripta
1691 4227 1855 4282 sunt,
1891 4218 2021 4288 quid

450 4302 792 4370 responderit
819 4301 1033 4357 Barach
1068 4318 1135 4358 ex
1163 4320 1399 4373 persona
1440 4306 1620 4376 populi
1673 4308 1741 4361 ad
1777 4312 2020 4380 prophe-

448 4394 580 4447 tiam
632 4393 955 4448 videamus:
990 4412 1010 4445 ‹
1038 4393 1156 4450 Νοη
1183 4436 1199 4461 ,
1236 4397 1411 4465 inquit
1448 4397 1517 4461 ⁸⁷,
1576 4400 1889 4466 ascendam,
1914 4400 2019 4455 nisi

448 4494 502 4537 tu
527 4487 838 4541 ascenderis
860 4500 1094 4552 mecum,
1127 4489 1253 4558 quia
1285 4490 1468 4544 nescio
1508 4488 1649 4544 diem
1678 4491 1727 4544 in
1756 4504 1859 4559 qua
1893 4491 2019 4545 mit-

450 4585 526 4630 tet
565 4576 825 4633 Dominus
876 4580 1127 4649 angelum
1169 4596 1324 4635 suum
1375 4596 1604 4637 mecum.
1629 4600 1649 4635 ι
1697 4580 1858 4639 Vides
1891 4597 2020 4653 ergo

449 4667 722 4735 quomodo
770 4668 878 4722 illis
911 4671 1187 4739 prioribus
1230 4673 1515 4740 prophetia
1564 4670 1761 4728 detulit
1800 4673 2018 4743 eloquia

450 4756 568 4822 Dei,
598 4767 653 4812 et
695 4758 800 4812 illis
832 4760 964 4815 dicit
1002 4760 1123 4814 data
1156 4776 1277 4817 esse
1305 4773 1568 4833 praecepta
1616 4772 1674 4818 ut
1717 4766 2020 4822 ascendant

449 4849 502 4903 itt
529 4860 763 4903 montem
790 4866 802 4901 :
841 4850 936 4906 sed
960 4864 1221 4907 excusant
1258 4863 1313 4907 et
1339 4854 1543 4920 dicunt,
1564 4855 1681 4910 Non
1707 4858 2019 4920 ascendam,

454 4939 556 4992 nisi
578 4938 892 4996 ascenderis
929 4951 982 4996 et
1034 4951 1088 4996 tu
1135 4958 1369 4999 mecum.
1434 4943 1501 4999 Et
1541 4945 1610 4999 de
1668 4948 2022 5001 excusatione

448 5030 878 5100 quidemverum
919 5042 1022 5100 est,
1081 5034 1174 5089 sed
1223 5034 1291 5087 de
1345 5036 1771 5098 repromissione
1823 5036 2019 5091 falsum

448 5135 552 5178 est.
609 5123 762 5189 Quod
797 5126 1078 5181 enimnon
1132 5128 1498 5182 ascenderunt
1540 5128 1591 5182 in
1640 5137 1875 5181 montem
1904 5128 2021 5193 Dei,

449 5228 638 5267 verum
675 5226 790 5281 est;
836 5217 979 5285 quod
1028 5227 1209 5272 autem
1249 5217 1575 5288 pollicentur
1605 5234 1664 5273 se
1704 5233 2024 5275 ascensuros

524 5307 568 5338 ⁶²
588 5307 710 5362 Jud.
746 5325 818 5376 tv,
856 5311 908 5365 5.

448 5378 494 5409 ⁸⁸
525 5377 846 5445 Psal.xxxn,
903 5379 955 5435 9.
1034 5381 1077 5412 ⁶⁰
1143 5380 1328 5434 Matth.
1371 5398 1464 5446 vn,
1521 5382 1606 5436 Η.

520 5474 632 5543 (65)
682 5473 849 5528 [lania
896 5477 1273 5543 interpretatur
1310 5478 1561 5535 excelsa:
1614 5477 1794 5533 Bethel
1837 5484 2022 5536 domus

450 5544 566 5595 Dei.
597 5542 766 5597 llama
789 5546 1004 5600 excelsa
1035 5542 1065 5599 a
1087 5556 1245 5608 nm;
1279 5545 1464 5603 Bethel
1503 5558 1680 5602 autent
1707 5552 1900 5606 domus
1927 5552 2019 5607 Dei

449 5650 477 5685 a
500 5643 602 5695 τινα
623 5637 763 5705 quod
795 5647 896 5702 est,
932 5657 948 5689 t
980 5641 1191 5705 domus,
1220 5658 1238 5691 t
1267 5651 1322 5695 ct
1344 5624 1416 5700 ἢκ
1442 5660 1459 5693 ι
1494 5644 1648 5697 Deus.
1683 5662 1699 5694 ι

452 5703 872 5826 ωὲκιϐζξαναεὴ
910 5703 1285 5778 interpretatur
1323 5714 1637 5769 coruscatio.
1670 5715 1849 5794 ΑΡἾἏ
1876 5714 2019 5781 quod

1002 5311 1047 5342 ⁸³
1070 5309 1214 5381 Psal.
1242 5326 1370 5378 seu,
1394 5312 1478 5365 l2.
1558 5312 1603 5343 ’δ
1630 5310 1837 5368 Coloss.
1865 5329 1945 5379 ttt,
1968 5314 2019 5381 -l,
2040 5314 2094 5369 2.

2124 1944 2372 2015 p0poscit
2426 1950 2486 1997 ut
2530 1942 2764 2010 biberet,
2799 1943 2894 1996 sed
2923 1943 2993 1996 ab
3026 1940 3115 1995 illa
3167 1941 3311 1998 lacte
3344 1950 3567 2011 potatus
3595 1950 3697 1996 est.

2122 2037 2189 2092 Et
2240 2051 2365 2093 cum
2412 2050 2536 2090 eum
2585 2035 2638 2087 in
2694 2033 2917 2089 latebris
2964 2034 3306 2097 collocasset,
3359 2049 3424 2088 ac
3470 2034 3704 2102 pellibus

2122 2125 2533 2197 adoperuisset,
2571 2132 2693 2193 post
2737 2124 2853 2177 haec
2881 2122 3063 2193 palum
3100 2123 3295 2177 malleo
3325 2123 3574 2176 adactum
3606 2137 3703 2190 per

2122 2213 2240 2283 ejus
2272 2213 2439 2269 malas
2478 2213 2560 2269 vel
2610 2213 2859 2267 maxillas
2884 2213 3094 2267 defixit.
3144 2212 3210 2267 Et
3241 2222 3370 2268 tunc
3408 2227 3704 2269 occurrens

2124 2306 2411 2362 insectanti
2469 2291 2675 2359 Barach
2730 2314 3004 2360 mortuum
3067 2303 3179 2373 jam
3245 2316 3301 2361 et
3364 2315 3701 2375 prostratum

2125 2398 2368 2454 ostendit
2398 2396 2660 2452 Sisaram.

2193 2491 2248 2548 5.
2289 2490 2428 2556 Quid
2457 2505 2589 2560 ergo
2618 2490 2773 2545 nobis
2814 2491 3143 2546 sacramenti
3175 2491 3353 2545 omnis
3392 2490 3493 2544 iste
3518 2490 3700 2545 histo-

2122 2582 2218 2637 riae
2267 2590 2449 2636 textus
2489 2580 2766 2636 ostendit?
2807 2578 2962 2634 Jahel
3022 2579 3218 2634 mulier
3263 2578 3586 2650 alienigena,
3635 2579 3705 2633 de

2121 2688 2228 2743 qua
2264 2671 2543 2742 prophetia
2576 2670 2714 2725 dixit
2736 2670 2877 2740 quod
2904 2670 2954 2724 itt
2979 2685 3140 2724 manu
3165 2670 3406 2726 mulieris
3430 2670 3521 2725 liet
3544 2669 3707 2724 victo-

2125 2765 2228 2830 ria,
2257 2763 2483 2833 ﬁguram
2514 2770 2662 2817 tenet
2683 2761 2958 2825 Ecclesia‘,
2980 2775 3105 2830 qua:
3128 2776 3191 2815 ex
3220 2759 3415 2816 alienis
3444 2760 3699 2830 gentibus

2122 2865 2451 2926 congregata
2501 2863 2606 2911 est.
2643 2853 3039 2924 Interpretatur
3085 2863 3266 2910 autem
3312 2852 3467 2910 Jahel
3511 2869 3702 2909 ascen-

2120 2948 2199 3001 sio
2247 2945 2405 3019 (68):
2438 2946 2563 3016 quia
2606 2960 2797 3000 revera
2851 2960 2956 2999 non
2999 2955 3078 3002 est
3123 2945 3230 3002 alia
3277 2944 3529 3001 ascensio
3581 2959 3689 3015 qua

2123 3039 2447 3095 ascendatur
2472 3039 2538 3094 ad
2563 3039 2782 3104 cretum,
2817 3039 2917 3093 nisi
2962 3052 3057 3108 per
3088 3038 3389 3097 Ecclesium
3423 3036 3698 3092 multifor-

2126 3129 2229 3184 mis
2259 3129 2545 3199 sapientia:
2576 3128 2694 3185 Dei.
2730 3129 2846 3199 Ipsa
2892 3139 2973 3186 est
3006 3144 3160 3198 ergo,
3191 3145 3310 3199 quae
3347 3128 3473 3182 dum
3504 3143 3535 3182 a
3572 3144 3702 3183 cor-

2130 3220 2407 3289 poralibus
2460 3222 2526 3276 ad
2576 3221 2847 3290 spiritalia
2871 3260 2887 3288 ,
2935 3231 2987 3276 et
3022 3236 3053 3276 a
3084 3221 3314 3277 terrenis
3344 3218 3590 3276 ascendit
3634 3218 3703 3273 ad

2131 3312 2401 3378 caelestia,
2432 3312 2707 3369 interfecit
2749 3313 2991 3368 Sisaram
3019 3351 3035 3377 ,
3074 3313 3142 3367 de
3174 3326 3280 3382 quo
3318 3310 3427 3378 iant
3458 3310 3706 3380 superius

2129 3403 2385 3466 diximus,
2412 3403 2554 3472 quod
2579 3401 2878 3457 carnalium
2905 3401 3185 3468 vitiorum,
3220 3411 3275 3456 et
3297 3399 3554 3455 animalis
3574 3440 3589 3465 ,
3618 3398 3705 3454 vel

2128 3495 2308 3550 stolidi
2368 3494 2480 3564 (69)
2520 3495 2757 3549 hominis
2818 3503 2965 3549 tenet
3018 3492 3244 3562 ﬁguram
3275 3532 3289 3557 ,
3342 3494 3466 3561 quia
3516 3492 3701 3547 Sisara

2129 3584 2259 3638 visio
2303 3584 2421 3652 equi
2472 3584 2887 3652 interpretatur.
2926 3583 3000 3636 De
3032 3596 3141 3650 quo
3171 3580 3450 3648 Scriptura
3472 3581 3605 3634 dicit
3633 3581 3701 3634 ":

2136 3692 2152 3725 ι
2183 3672 2359 3726 Nolite
2382 3673 2494 3726 fieri
2530 3672 2673 3725 sicut
2707 3686 2882 3741 equus
2918 3679 2975 3725 et
3009 3669 3187 3723 mulus
3212 3707 3228 3733 ,
3262 3670 3461 3738 quibus
3488 3684 3594 3722 non
3620 3676 3705 3722 est

2131 3764 2454 3819 intellectus.
2486 3783 2504 3815 ι
2540 3761 2670 3817 Palo
2699 3777 2830 3832 ergo
2863 3777 2984 3816 eum
3020 3760 3329 3825 interfecit,
3376 3761 3427 3816 id
3458 3770 3540 3816 est
3569 3761 3701 3830 ligni

2129 3855 2308 3908 crucis
2333 3853 2603 3918 acumine,
2642 3863 2696 3907 et
2724 3852 2924 3905 virtute
2951 3867 3077 3905 eum
3123 3852 3447 3921 prosternit.
3492 3849 3554 3903 Et
3593 3865 3701 3904 non

2129 3946 2247 4000 sine
2304 3958 2468 3999 causa
2531 3943 2806 3997 maxillam
2861 3942 2981 4012 ejus
3042 3942 3167 4011 palo
3233 3941 3705 3996 transverberasse

2130 4036 2482 4090 describitur.
2534 4032 2667 4090 lllud
2698 4035 2844 4089 enim
2896 4050 3002 4099 os,
3054 4034 3200 4102 quod
3261 4035 3329 4088 de
3389 4034 3706 4088 carnalibus

2130 4124 2469 4192 loquebatur,
2528 4134 2582 4178 et
2639 4124 2730 4179 illa
2775 4125 3016 4179 doctrina
3070 4139 3191 4195 quae
3237 4123 3419 4180 carnis
3474 4123 3702 4194 gloriam

2129 4213 2471 4285 praeferebat,
2500 4216 2625 4285 quia
2663 4215 2716 4269 in
2759 4215 2969 4270 deliciis
3021 4226 3073 4271 et
3115 4214 3392 4285 voluptate
3418 4214 3703 4270 vivendum

2129 4306 2463 4373 sapientibus
2492 4305 2674 4360 saeculi
2706 4308 3098 4374 persuadebat,
3123 4316 3179 4361 et
3212 4307 3507 4360 humanum
3532 4321 3706 4377 genus

2131 4394 2358 4450 luxuriae
2411 4397 2721 4453 adulatione
2755 4399 3047 4467 deceperat
3075 4413 3089 4449 :
3126 4395 3253 4450 illud
3277 4436 3293 4463 ,
3342 4398 3559 4467 inquam
3590 4435 3607 4460 ,
3642 4411 3706 4450 os

2131 4487 2277 4556 ligno
2327 4488 2510 4543 crucis
2548 4487 2858 4543 confoditur
2904 4496 2959 4542 et
3001 4487 3334 4552 terebratur,
3379 4489 3504 4554 quia
3560 4488 3704 4545 illam

2131 4580 2293 4645 viam,
2322 4596 2483 4651 quant
2524 4580 2866 4650 philosophia
2889 4580 3056 4634 latam
3086 4588 3140 4632 et
3168 4581 3464 4649 spatiosum
3498 4580 3699 4650 praedi-

2126 4682 2345 4727 caverat
2369 4673 2687 4742 voluptatis,
2738 4671 2880 4725 hanc
2931 4672 3187 4726 Christus
3228 4680 3435 4725 arctam
3487 4682 3543 4727 et
3602 4687 3703 4724 an-

2126 4774 2338 4834 gustam
2397 4763 2556 4817 nobis
2609 4763 2753 4816 viam
2813 4762 3002 4817 salutis
3052 4764 3293 4818 ostendit
3331 4764 3399 4817 “.
3433 4762 3524 4818 Sic
3574 4779 3705 4834 ergo

2125 4853 2299 4917 Jaltel,
2338 4855 2389 4908 id
2422 4864 2504 4909 est
2544 4854 2818 4919 Ecclesia,
2851 4854 3107 4909 vitiorum
3134 4856 3433 4927 principem
3461 4856 3703 4912 SiSaram

2127 4950 2400 5003 obtectum
2434 4948 2701 5017 pellibus,
2734 4948 2786 5001 id
2844 4958 2927 5002 est
2984 4950 3348 5003 membrorum
3410 4948 3705 5002 mortiﬁca-

2129 5041 2276 5094 tione
2308 5040 2563 5109 sopitum,
2588 5048 2794 5093 attento
2820 5040 3214 5093 traditsomnn.
3245 5039 3495 5094 Occurrit
3520 5048 3703 5092 tamen

2128 5128 2300 5194 Jahel,
2349 5130 2401 5183 id
2437 5139 2521 5183 est
2569 5129 2835 5194 Ecclesia,
2870 5138 2989 5199 post
3026 5131 3128 5185 hoc
3176 5140 3230 5184 et
3282 5130 3448 5201 priori
3506 5127 3703 5198 pepulo

2131 5221 2419 5275 insectanti
2498 5221 2762 5274 Sisaram.
2846 5220 3223 5276 lnsectaltutur
3307 5222 3453 5276 enim
3535 5221 3702 5273 Israel

2172 5316 2218 5347 ”
2243 5314 2365 5370 Jud.
2397 5331 2472 5381 Iv,
2498 5314 2552 5367 5.
2630 5314 2676 5346 "
2699 5314 2820 5370 Jud.
2846 5331 2918 5383 tv,
2947 5315 2998 5370 6.
3076 5317 3117 5348 ⁸⁷
3141 5316 3265 5371 ibid.
3290 5318 3341 5373 8.
3420 5317 3465 5347 ⁸⁸
3491 5316 3620 5373 ibid.
3646 5317 3702 5373 9.

2201 5481 2314 5563 (b7)
2356 5480 2489 5564 Mss.
2540 5501 2558 5533 ι
2585 5480 2770 5535 decem
2823 5480 3009 5537 millia.
3039 5499 3058 5533 ι
3103 5479 3259 5536 Libb.
3323 5479 3474 5543 editi,
3523 5494 3544 5531 ο
3572 5479 3704 5534 duo-

2130 5551 2304 5607 deCim
2334 5554 2518 5605 millia.
2551 5571 2569 5604 ο

2203 5622 2315 5690 (68)
2356 5622 2735 5703 interpretatur
2758 5630 2932 5676 autem
2969 5619 3130 5674 Jaltel
3175 5620 3430 5673 ascensio.
3478 5619 3559 5672 Ab
3596 5601 3706 5682 ﬂii“)

2138 5710 2157 5744 α
2187 5694 2448 5746 ascendit.
2476 5711 2493 5740 ι

2204 5762 2313 5834 (69)
2365 5761 2454 5816 Vel
2485 5762 2687 5817 stolidi.
2739 5760 2887 5816 Unus
2926 5761 3095 5816 codex
3139 5775 3238 5815 nts.
3292 5778 3311 5811 t
3342 5757 3422 5812 vel
3451 5757 3645 5813 clinici.
3678 5773 3695 5809 t
