4124 6386
376 398 479 455 973

1436 395 1503 453 IN
1538 397 1798 454 LIBRL'M
1829 397 2134 455 JUDICUM
2175 398 2461 455 IIOMILIA
2498 402 2580 456 Vl.

3524 411 3634 466 97/:

378 517 547 587 legem
571 517 814 586 iustitiae.
842 518 934 573 sed
961 517 1013 572 in
1047 517 1222 587 legem
1254 531 1364 571 non
1393 517 1663 586 pervenit.
1702 516 1954 572 Occurrit
1983 523 2027 578 Α
2056 528 2109 572 et
2165 527 2361 573 caetera
2415 532 2537 587 quae
2591 527 2811 574 sanctus
2863 519 3155 589 Apostolus
3211 536 3502 582 enumerat
3562 530 3641 589 “.

376 622 506 677 ergo
537 608 777 664 Ecclesia
811 611 976 664 etiam
1008 610 1142 681 ipsi,
1171 620 1226 665 et
1252 611 1491 665 ostendit
1520 611 1569 665 ei
1596 625 1734 679 opus
1765 625 1943 675 suum,

376 702 617 759 ostendit
653 702 937 756 victoriam
970 713 1441 769 consummatam,
1498 713 1661 773 atque
1692 706 1743 757 in
1782 704 1950 759 socie-

378 800 546 847 tatem
613 807 736 846 eum
792 795 1046 862 prostrati
1108 796 1282 849 hostis
1350 795 1563 849 invitat.
1621 793 1818 849 Verum
1864 805 1948 849 est

373 885 517 940 enim
548 884 698 949 illud,
746 886 892 954 quod
926 886 1219 955 Apostolus
1266 886 1321 941 in
1372 886 1670 941 novissimo
1704 896 1946 954 tempore

373 976 503 1030 dicit
531 974 802 1040 futurum,
834 977 960 1045 quia
993 992 1116 1031 cum
1154 977 1434 1045 plenitudo
1483 977 1722 1046 gentium
1754 978 1944 1031 subin-

375 1067 606 1130 troierit,
641 1076 769 1123 tunc
798 1068 976 1123 onmis
1024 1067 1187 1123 Israel
1236 1070 1419 1124 salvus
1459 1069 1549 1123 ﬁet
1578 1069 1642 1121 ⁵⁸.
1696 1068 1783 1123 Fit
1815 1083 1946 1136 ergo

372 1160 588 1227 quidem
624 1160 957 1229 primatusin
984 1176 1145 1215 manu
1181 1161 1422 1215 mulieris
1453 1160 1792 1229 alienigenae,
1839 1176 1942 1214 non

374 1258 556 1303 tamen
588 1249 894 1303 excluditur
924 1265 953 1303 a
982 1250 1260 1303 consortio
1288 1248 1470 1317 gloria:
1501 1248 1667 1302 etiam
1697 1245 1904 1299 Barach
1929 1284 1944 1308 ,

373 1342 462 1408 qui
494 1341 642 1409 prior
669 1340 888 1410 quidem
920 1350 1181 1411 coeperat,
1212 1341 1308 1396 sed
1338 1341 1668 1395 novissimus
1695 1339 1948 1408 pervenit

373 1433 439 1485 ad
469 1432 652 1486 ﬁnem.
710 1432 824 1486 lmo
854 1435 979 1487 dum
1010 1432 1098 1487 ille
1131 1432 1404 1503 pervenit,
1455 1431 1611 1489 Jahel
1645 1430 1945 1499 alienigena

369 1534 786 1595 praetereuntem
814 1525 1211 1593 quodaunnodo
1243 1525 1525 1578 victoriam
1552 1524 1712 1593 rapit.
1744 1522 1945 1576 Eadem

372 1613 546 1670 forma
579 1615 854 1683 praecessit
887 1617 1053 1669 etiam
1100 1616 1154 1670 in
1196 1615 1339 1671 Esau
1383 1624 1439 1671 et
1469 1614 1637 1671 Jacob
1662 1612 1943 1669 fratribus.

378 1707 512 1762 Dum
547 1706 692 1760 enim
723 1705 863 1759 Esau
890 1714 1130 1760 sectatur
1152 1708 1413 1776 agrestia,
1456 1707 1581 1760 dum
1612 1714 1858 1761 moratur
1893 1704 1945 1757 in

381 1796 634 1861 saltibus,
667 1798 1003 1865 praeveniens
1027 1798 1214 1863 Jacob,
1245 1806 1298 1854 et
1322 1798 1564 1853 mulieris
1590 1796 1859 1861 consiliis,
1891 1793 1944 1848 id

370 1901 457 1945 est
494 1890 708 1953 matris,
756 1891 1085 1960 compositos
1120 1892 1260 1961 patri
1291 1890 1526 1947 oﬁerens
1557 1891 1735 1954 cibos,
1768 1892 1942 1946 bene-

373 1979 632 2035 dictionis
655 1978 922 2046 primatus
953 1981 1184 2050 accepit.
1211 1979 1303 2035 Sic
1334 1991 1389 2036 et
1415 1982 1467 2035 in
1500 1980 1795 2051 Evangelio
1818 1998 1943 2052 per-

373 2080 532 2138 gente
575 2071 801 2126 Domino
828 2073 895 2124 ad
946 2070 1114 2126 ﬁliam
1148 2072 1412 2142 principis
1449 2088 1741 2144 synagogas
1770 2077 1945 2131 susci-

376 2162 632 2225 tandam,
682 2163 1020 2232 praeveniens
1069 2162 1265 2216 mulier
1313 2178 1434 2232 qua:
1477 2162 1618 2217 lluxu
1665 2166 1945 2235 sanguinis

374 2253 675 2318 laborabat,
728 2253 869 2310 ﬁdeli
924 2263 1065 2309 tactu
1120 2254 1271 2322 prior
1328 2256 1680 2324 consequitur
1735 2257 1948 2313 sanita-

373 2351 503 2398 tem.

442 2434 495 2489 6.
536 2435 690 2501 Quod
723 2436 768 2490 si
804 2437 969 2490 etiam
1002 2434 1128 2491 inde
1153 2436 1536 2505 requirendum
1561 2436 1764 2506 aliquid
1798 2437 1948 2491 vide-

374 2534 467 2579 tur
488 2542 516 2579 a
547 2526 896 2596 diligentibus
924 2527 1286 2592 auditoribus,
1321 2528 1468 2596 quod
1521 2528 1657 2584 lacte
1688 2543 1810 2584 eum
1849 2545 1945 2599 po—

374 2627 519 2671 tasse
548 2618 773 2685 dicitur,
811 2634 931 2672 cum
965 2618 1055 2672 ille
1104 2632 1301 2688 aquam
1337 2620 1703 2687 poposcisset,
1754 2621 1944 2676 videa-

372 2724 493 2763 mus
533 2726 599 2763 ne
651 2709 789 2764 forte
840 2710 1140 2765 secundum
1181 2711 1441 2780 mysticus
1491 2710 1573 2765 vel
1626 2712 1946 2782 allegoricas

372 2801 504 2870 legis
552 2801 1069 2870 interpretationes,
1124 2800 1231 2855 tale
1260 2799 1465 2869 aliquid
1529 2801 1693 2856 etiam
1736 2803 1802 2858 de
1844 2802 1946 2859 hoc

372 2894 540 2963 possit
569 2895 804 2951 ostendi.
834 2893 1016 2949 Laetis
1050 2892 1203 2948 cibus
1227 2906 1350 2946 esse
1381 2892 1584 2947 dicitur
1618 2893 1672 2949 in
1707 2892 1947 2962 Scriptu-

370 2986 449 3041 ris
476 2985 680 3040 sanctis
717 2984 786 3049 δ’,
820 2984 993 3053 prima
1036 2983 1152 3038 haec
1204 2981 1430 3038 moralis
1464 2982 1773 3048 institutio,
1823 2997 1946 3052 quae

374 3076 758 3144 incipientibus
816 3073 963 3129 velut
1006 3072 1251 3142 parvulis
1333 3072 1591 3127 traditur.
1637 3071 1757 3128 Non
1797 3074 1941 3129 enim

373 3173 426 3225 in
458 3168 629 3223 initiis
650 3167 835 3221 statim
871 3165 1158 3234 discipulis
1191 3165 1257 3219 de
1287 3166 1569 3235 profundis
1602 3174 1656 3220 et
1683 3166 1943 3222 secretio-
1971 3193 2013 3252 ρ

372 3262 523 3316 ribus
546 3259 867 3315 tradendum
910 3266 995 3314 est
1028 3258 1409 3322 sacramentis,
1452 3258 1546 3313 sed
1582 3274 1793 3313 morum
1823 3276 1946 3315 cor-

373 3351 579 3418 reptio,
610 3350 921 3407 emendatio
964 3348 1286 3419 disciplinae,
1324 3350 1594 3419 religiosas
1646 3365 1947 3407 conversa-

371 3441 555 3510 tionis,
578 3452 633 3497 et
661 3440 921 3509 simplicis
949 3440 1069 3495 ﬁdei
1106 3441 1285 3510 prima
1310 3442 1391 3496 eis
1417 3441 1689 3497 elementa
1720 3442 1947 3497 tradun—

373 3544 478 3589 tur.
522 3534 665 3589 Istud
701 3543 783 3588 est
808 3532 1067 3588 Ecclesiae
1098 3533 1203 3598 lac,
1237 3533 1353 3590 haec
1398 3533 1789 3604 incipientibus
1826 3551 1949 3605 par-

371 3628 611 3681 vulorum
644 3626 814 3695 prima
839 3635 965 3681 sunt
1001 3625 1296 3681 elementa.
1357 3624 1466 3681 Sed
1521 3627 1625 3681 iste
1680 3627 1836 3683 cibus
1879 3628 1944 3684 iis

369 3716 534 3790 470
553 3717 769 3788 quidem
809 3718 899 3786 qui
926 3718 996 3771 ad
1027 3718 1226 3773 bonum
1254 3718 1575 3787 proﬁciendi
1605 3720 1947 3789 pr0positum

371 3821 587 3880 gerunt,
616 3808 780 3862 vitam
836 3808 1025 3862 tribuit
1063 3816 1118 3862 et
1165 3809 1395 3862 salutem
1430 3825 1445 3861 :
1476 3808 1543 3866 iis
1574 3824 1705 3866 vero
1752 3812 1949 3879 quibus

369 3900 644 3956 contraria
694 3898 929 3968 placent,
963 3898 1160 3967 quibus
1197 3899 1435 3963 luxuria,
1459 3899 1650 3965 libido,
1693 3903 1947 3967 avaritia,

373 4004 426 4046 et
474 3991 653 4047 omnis
706 3991 957 4059 impietas
1007 3989 1161 4045 cordi
1207 4000 1312 4054 est,
1346 3988 1651 4057 huiusmodi
1702 3992 1948 4047 doctrina

375 4098 561 4138 necem
584 4091 638 4136 et
670 4082 952 4137 interitum
990 4087 1231 4149 praestat.
1262 4079 1356 4134 Sic
1376 4095 1508 4151 ergo
1549 4081 1630 4146 lit,
1658 4091 1716 4136 ut
1744 4096 1809 4136 ex
1840 4082 1943 4147 his,

371 4183 533 4244 atque
562 4173 748 4227 iisdem
779 4171 918 4226 cibis
941 4171 1139 4239 quibus
1166 4168 1387 4225 aluntur
1428 4170 1577 4236 boni,
1610 4170 1947 4227 suﬁ'ocentur

372 4267 534 4335 mali;
582 4274 632 4321 et
689 4266 742 4321 in
780 4280 887 4335 quo
917 4264 1022 4333 piis
1058 4262 1167 4316 vita
1213 4270 1319 4328 est,
1354 4262 1425 4318 ibi
1454 4264 1528 4319 sit
1558 4264 1739 4333 impiis
1773 4280 1942 4320 mors.

373 4357 613 4428 Denique
646 4366 705 4411 ut
725 4354 972 4425 exemplo
1009 4368 1097 4409 res
1124 4368 1287 4422 quam
1317 4354 1547 4410 dicimus
1579 4356 1797 4425 planior
1829 4357 1943 4424 ﬁat,

376 4467 397 4503 ι
426 4451 654 4506 vinum:
717 4464 882 4504 sanos
936 4457 992 4503 et
1043 4448 1327 4503 commode
1366 4446 1625 4515 degentes
1666 4447 1853 4516 juvat,
1890 4459 1946 4504 et

2051 606 2294 662 Sisaram
2319 610 2371 665 in
2404 609 2697 680 semetipso
2727 611 3001 665 videbitur
3030 616 3330 681 percurrisse
3356 656 3370 680 ,
3418 629 3478 673 nt
3518 620 3636 675 haec

2049 715 2152 754 non
2187 700 2358 755 solum
2389 700 2443 755 in
2473 716 2704 771 persona
2735 701 2989 757 Ecclesia:
3013 709 3401 772 consummari,
3434 725 3627 765 verum

2047 788 2211 842 etiam
2243 791 2621 859 unusquisque
2656 792 2707 846 in
2744 806 2840 846 sua
2869 792 3052 846 anima
3084 797 3337 851 ostendat
3364 796 3579 867 impleri
3613 814 3632 855 :

2047 879 2216 948 quia,
2261 881 2403 937 sicut
2439 882 2693 948 diximus,
2762 892 2973 952 coeptus
3023 895 3107 940 est
3162 887 3381 955 quidem
3436 890 3628 947 Sisara

2050 970 2304 1027 insectari
2331 990 2359 1026 a
2394 974 2590 1043 populo
2618 975 2811 1044 priori,
2841 976 3203 1047 interemptus
3233 992 3415 1035 autem
3449 999 3477 1037 a
3507 1000 3632 1038 Inu-

2049 1059 2180 1115 liere
2202 1076 2265 1117 ac
2297 1062 2540 1119 Ecclesia
2578 1064 2819 1133 gentium
2842 1104 2857 1129 ,
2892 1073 2948 1120 et
2979 1068 3031 1121 in
3057 1084 3217 1124 manu
3250 1070 3364 1139 ejus
3387 1073 3510 1127 data
3545 1081 3633 1128 est

2054 1153 2229 1221 palma
2272 1155 2535 1211 victorias.
2564 1155 2620 1211 In
2651 1160 3123 1216 consummatione
3150 1164 3419 1229 omnium,
3447 1166 3499 1219 id
3546 1176 3634 1220 est

2051 1242 2231 1297 inﬁue
2259 1246 2460 1311 saeculi,
2493 1248 2655 1302 etiam
2701 1250 2973 1304 canticum
3023 1252 3252 1308 Domino
3306 1256 3626 1312 cantabitur

2050 1348 2144 1401 per
2196 1337 2516 1404 Debboram,
2566 1338 2619 1394 in
2662 1355 2770 1411 quo
2814 1342 3080 1410 primatus
3134 1346 3351 1413 quidem
3408 1348 3627 1402 dabitur

2047 1423 2199 1481 Jahel
2236 1427 2493 1485 Ecclesiae
2531 1434 2772 1501 gentium
2808 1446 2822 1485 :
2859 1448 2959 1488 nec
2993 1444 3170 1492 tamen
3213 1436 3476 1493 Debborae
3506 1440 3630 1497 laus

2049 1518 2298 1573 silebitur
2326 1536 2339 1572 :
2378 1522 2471 1578 sed
2502 1534 2555 1577 et
2582 1524 2771 1593 primis
2793 1534 2847 1580 et
2877 1527 3189 1583 novissimis
3216 1529 3461 1587 victoriae
3485 1549 3629 1604 prm-

2051 1609 2218 1663 tnium
2270 1610 2507 1679 dabitur,
2575 1629 2673 1684 per
2738 1614 2923 1673 Jesum
2990 1618 3266 1674 Christum
3335 1624 3621 1681 Dominum

2051 1709 2321 1767 nostrum,
2367 1703 2455 1759 cui
2508 1712 2590 1759 est
2630 1706 2804 1776 gloria
2857 1716 2914 1764 et
2965 1708 3252 1779 imperium
3309 1713 3362 1768 in
3426 1717 3623 1771 Saecula

2050 1791 2394 1847 surculorum.
2435 1793 2632 1850 Amen.

2632 1885 2915 1944 HOMILIA
2955 1890 3042 1946 Vl.

2298 1974 2374 2029 De
2415 1978 2619 2031 cantico
2659 1980 2797 2047 quod
2837 1983 3066 2035 cantavit
3106 1982 3366 2039 Debbora.

2122 2065 2168 2118 ι.
2216 2064 2401 2119 Sisara
2446 2083 2569 2121 cum
2603 2070 2850 2124 exercitu
2897 2087 2995 2127 suo
3044 2082 3098 2128 et
3130 2077 3383 2132 curribus
3431 2078 3626 2136 ferreis

2048 2157 2241 2223 quibus
2270 2157 2547 2227 impugnat
2575 2160 2829 2229 papulum
2869 2161 2984 2228 Dei,
3018 2176 3307 2234 superatus
3339 2179 3447 2235 est,
3484 2174 3625 2240 quod

2049 2245 2120 2299 ita
2162 2246 2401 2305 futurum
2451 2251 2731 2320 prophetia
2790 2255 3106 2322 przececinit
3151 2272 3250 2327 per
3294 2261 3621 2318 Debboram.

2049 2335 2115 2390 Et
2135 2347 2485 2410 posteaquam
2517 2342 2571 2396 in
2600 2357 2763 2397 manu
2789 2345 3032 2403 mulieris
3063 2347 3205 2404 facta
3254 2353 3481 2410 victoria
3518 2364 3624 2424 est,

2048 2427 2317 2483 canticum
2350 2430 2489 2485 istud
2517 2432 2762 2488 Debbora
2787 2472 2802 2497 ,
2838 2435 2987 2491 velut
3019 2439 3262 2497 victorias
3294 2444 3465 2513 ipsius
3500 2446 3624 2502 lau-

2048 2518 2192 2585 dem,
2222 2521 2488 2577 cecinisse
2524 2526 2915 2594 prtescribitur.
2950 2530 3147 2587 Verum
3188 2534 3234 2589 si
3280 2538 3632 2596 meminimus

2048 2622 2232 2664 eorum
2265 2627 2384 2682 qua:
2429 2612 2484 2667 in
2533 2616 2905 2685 superioribus
2960 2620 3109 2676 dicta
3158 2634 3284 2678 sunt
3328 2630 3625 2685 secundum

2050 2700 2335 2769 mysticam
2371 2702 2626 2772 formam,
2663 2723 2783 2776 qua:
2832 2720 2914 2767 est
2960 2712 3133 2781 ﬁgura
3181 2713 3475 2786 Debborae,
3508 2734 3630 2788 quae

2047 2793 2209 2847 etiam
2246 2793 2475 2862 Barach,
2515 2799 2645 2868 quid
2697 2801 2951 2871 imaginis
3000 2813 3184 2860 teneat
3220 2807 3377 2864 Jahel
3410 2812 3623 2877 mulier,

2048 2898 2167 2954 qua:
2191 2885 2562 2943 adversarium
2595 2891 2776 2960 populi
2805 2892 2902 2949 Dei
2934 2895 3048 2950 sola
3076 2896 3289 2968 deiecit,
3321 2915 3440 2970 qua:
3460 2903 3626 2959 etiam

2048 2980 2228 3050 imago
2258 2982 2329 3037 sit
2362 2981 2560 3038 Sisara:
2590 2983 2782 3052 ipsius,
2840 2988 2930 3056 qui
2981 3004 3010 3043 a
3054 2989 3282 3047 muliere
3323 2994 3627 3066 alienigena

2048 3069 2178 3140 ligni
2216 3072 2417 3127 virtute
2460 3082 2770 3143 prostratus
2818 3087 2904 3133 est
2936 3095 2949 3132 :
2981 3079 3335 3149 intelligimus
3367 3084 3483 3140 haec
3505 3101 3624 3141 om-

2048 3163 2137 3215 nia
2188 3175 2530 3220 sacramenta
2566 3183 2689 3224 esse
2711 3209 2726 3236 ,
2760 3184 2881 3239 qua:
2927 3170 2979 3223 in
3018 3171 3334 3230 novissimis
3365 3177 3627 3246 tempori-

2050 3252 2173 3316 bus,
2205 3261 2260 3307 et
2293 3252 2346 3308 in
2377 3254 2482 3309 line
2520 3258 2703 3313 sauculi
2742 3274 2849 3328 .per
2879 3260 3184 3317 Ecclesium
3236 3278 3622 3321 consumman-

2054 3352 2160 3409 tur,
2191 3354 2245 3398 et
2291 3346 2344 3400 in
2374 3349 2588 3405 cantico
2642 3351 2743 3406 hoc
2782 3352 2926 3407 velut
2971 3354 3201 3423 epinicia
3247 3356 3387 3426 ejus,
3450 3359 3501 3413 id
3548 3369 3631 3415 est

2052 3434 2291 3491 victoriae
2358 3437 2571 3494 laudem
2633 3456 2752 3501 esse
2813 3445 3163 3514 descriptam,
3226 3448 3371 3504 illius
3425 3451 3632 3508 scilicet

2052 3526 2312 3594 temporis
2367 3543 2490 3583 cum
2552 3547 2579 3587 ι,
2602 3533 2932 3590 novissimus
2997 3536 3248 3594 inimicus
3317 3540 3630 3597 destruetur

2055 3632 2201 3673 mors
2229 3619 2273 3649 “
2308 3658 2323 3673 .
2363 3636 2381 3670 ι
2438 3618 2593 3676 Tunc
2618 3623 2763 3679 enim
2805 3626 3097 3682 exsultabit
3130 3628 3397 3696 Debbora,
3446 3631 3500 3688 id
3546 3643 3630 3689 est

2052 3709 2348 3763 exsultabit
2395 3709 2566 3777 gloria
2622 3715 2960 3783 prophetia),
3006 3718 3132 3787 quia
3182 3734 3305 3789 qua:
3354 3725 3623 3791 praedixit,

2052 3798 2268 3870 impleta
2331 3809 2472 3856 sunt.
2543 3804 2696 3860 Tunc
2749 3805 2943 3871 Jahel,
2992 3808 3045 3862 id
3091 3820 3175 3864 est
3222 3811 3459 3869 Ecclesia
3514 3815 3628 3886 (70)

2054 3891 2262 3945 hostem
2313 3907 2653 3950 communem
2689 3898 2930 3951 omnium
2972 3900 3292 3968 superabit:
3327 3911 3379 3955 et
3412 3912 3627 3970 postca-

2051 3996 2217 4049 quam
2241 3984 2520 4052 plenitudo
2544 3987 2785 4056 gentium
2823 3989 3116 4054 introierit,
3148 4000 3274 4046 tunc
3306 4001 3360 4046 et
3390 3994 3624 4058 Barach,

2053 4072 2105 4127 id
2136 4084 2220 4130 cst
2249 4076 2489 4147 reliquus
2513 4078 2680 4134 Israel
2704 4123 2717 4143 ,
2748 4080 2933 4136 salvus
2956 4081 3046 4137 ﬁet
3076 4081 3121 4113 “
3149 4091 3205 4138 et
3230 4083 3282 4140 in
3309 4087 3626 4142 societatem

2053 4166 2294 4223 victorize
2327 4169 2639 4238 recipietur.
2698 4171 2853 4226 Tunc
2901 4187 3051 4242 ergo,
3088 4175 3131 4228 si
3176 4176 3321 4245 digni
3347 4177 3626 4245 fuerimus,

2050 4259 2216 4317 etiam
2291 4276 2389 4318 nos
2458 4263 2800 4320 cantabimus
2853 4266 3127 4320 canticum
3179 4267 3321 4322 istud
3370 4268 3628 4327 refertum

2052 4353 2300 4424 mysticis
2325 4364 2379 4408 et
2406 4355 2743 4425 prOpheticis
2787 4357 3148 4413 sacramentis
3168 4399 3183 4421 ,
3214 4373 3280 4413 ex
3309 4359 3508 4429 quibus
3535 4377 3632 4429 per

2051 4444 2260 4516 singula
2284 4447 2559 4503 discutere
2585 4456 2782 4504 cuncta
2819 4450 3078 4517 temporis
3124 4465 3231 4506 non
3273 4459 3381 4506 est.
3423 4452 3618 4511 Brevi.-

372 4542 513 4595 sicut
569 4540 851 4609 Scriptura
883 4539 1015 4596 dicit
1042 4538 1110 4602 ⁸³,
1162 4556 1181 4589 ι
1211 4553 1307 4593 cor
1351 4539 1583 4594 hominis
1610 4558 1632 4595 ι
1670 4515 1947 4595 duntaxat
1977 4515 2025 4575 θ
2054 4515 2222 4601 tatem
2286 4554 2522 4609 namque
2554 4541 2830 4596 auditores
2857 4515 3117 4598 Ecclesiae
3143 4542 3395 4613 diligunt.
3443 4543 3629 4602 Pauca

379 4633 694 4697 (laetificat,
724 4650 743 4684 ι
797 4630 1234 4685 febricitantibus
1289 4646 1441 4693 vero,
1476 4632 1521 4686 si
1571 4631 1942 4701 sumpserint,

372 4725 665 4794 perniciem
717 4721 974 4778 continuo
1023 4732 1078 4777 et
1112 4722 1392 4777 interitum
1452 4723 1610 4793 parit.
1668 4724 1747 4779 lla
1772 4726 1834 4779 fit
1885 4736 1943 4781 ut

371 4816 558 4868 eadem
592 4826 679 4866 res
708 4814 898 4867 eodem
927 4812 1083 4866 modo
1117 4824 1355 4882 sumpta,
1385 4814 1477 4868 uni
1512 4814 1727 4883 quidem
1754 4815 1943 4881 vitam,

371 4906 464 4962 alii
498 4916 680 4960 autem
706 4904 955 4962 conferat
981 4918 1229 4963 mortem.
1256 4908 1348 4962 Sic
1376 4919 1505 4975 ergo
1530 4903 1942 4974 intelligendum

370 5007 453 5053 est
487 5007 543 5051 et
565 4997 806 5054 Sisaram
839 4999 999 5054 istum
1031 4999 1319 5054 animalem
1351 4998 1662 5063 hominem,
1698 5006 1752 5053 et
1784 4996 1942 5051 vitio-

376 5106 493 5145 rum
521 5092 840 5161 principem,
865 5105 963 5161 per
984 5091 1285 5146 doctrinam
1308 5088 1589 5154 Ecclesiae,
1626 5105 1792 5160 quant
1829 5104 1938 5144 non

371 5197 441 5237 ex
484 5183 590 5238 ﬁde
628 5185 902 5253 suscepit,
944 5184 1292 5237 exstinctum.
1350 5180 1455 5236 Sed
1505 5188 1561 5234 et
1610 5194 1947 5249 unaquzeque

373 5276 555 5330 anima
596 5276 729 5329 satis
756 5284 878 5345 agat
909 5274 1046 5329 laete
1077 5273 1392 5343 evangelico
1438 5280 1601 5342 atque
1643 5273 1944 5341 apostolico

372 5365 557 5435 sopire
581 5366 635 5419 in
652 5366 943 5435 semetipso
960 5374 1017 5421 et
1039 5366 1392 5434 exstinguere
1423 5363 1690 5419 Sisaram.
1716 5364 1775 5419 Si
1800 5365 1944 5419 enim

375 5471 471 5525 per
504 5456 621 5512 hazc
649 5456 874 5511 edoctus
923 5458 1047 5526 quis
1098 5457 1515 5511 mortilicaverit
1567 5458 1811 5513 membra
1851 5473 1946 5512 sua

374 5564 495 5618 quae
525 5558 652 5603 sunt
691 5564 856 5617 super
899 5559 1118 5610 terram,
1161 5550 1470 5614 avaritiam,
1506 5547 1947 5613 fornicationem,

446 5640 487 5671 “
521 5640 682 5694 Rom.
710 5656 790 5706 x1,
819 5640 910 5694 26.
1004 5641 1047 5672 ⁸³
1078 5640 1247 5696 lCor.
1277 5656 1362 5707 tu,
1386 5641 1441 5695 2.

376 5710 425 5742 ⁸⁷
451 5709 573 5763 Jud.
600 5727 653 5771 ν.
687 5711 745 5765 2.

1538 5641 1582 5673 ⁸³
1608 5640 1751 5699 Psat.
1785 5656 1892 5708 etv,
1938 5644 2022 5699 l5.

2052 4639 2231 4686 tamen
2262 4631 2344 4686 vel
2367 4631 2433 4686 de
2456 4632 2738 4701 principiis
2767 4630 2881 4700 ejus
2907 4631 3259 4698 disserentes,
3287 4635 3367 4689 vel
3392 4638 3627 4702 sparsim

2051 4738 2114 4777 ex
2143 4739 2207 4779 eo
2229 4722 2483 4779 ﬂosculos
2512 4724 2793 4794 eligentes,
2824 4724 3217 4780 consolationis
3240 4726 3446 4797 aliquid
3477 4732 3633 4785 audi-

2054 4817 2265 4870 toribus
2293 4815 2487 4872 afferre
2532 4818 2897 4881 tentabimus,
2937 4819 3018 4872 vel
3065 4820 3427 4888 nosmetipsos
3467 4836 3631 4875 exer-

2051 4921 2198 4973 cere,
2255 4917 2305 4962 et
2364 4908 2617 4963 meditari
2678 4917 2738 4962 ut
2785 4909 2897 4978 apti
2948 4910 3251 4966 elliciamur
3272 4911 3339 4965 ad
3370 4912 3630 4968 Debbora:

2050 5000 2319 5055 canticum
2351 5001 2772 5057 decantandum.

2120 5093 2175 5148 2.
2213 5113 2230 5145 ι
2261 5090 2315 5148 In
2344 5092 2676 5162 incipiendo,
2707 5093 2981 5163 principes
3009 5094 3060 5149 in
3095 5092 3282 5161 Israel,
3304 5095 3355 5149 in
3385 5094 3632 5149 volunta-

2054 5188 2219 5249 tibus,
2257 5184 2465 5253 populi,
2494 5184 2798 5240 benedicite
2839 5184 3129 5241 Dominum
3155 5185 3254 5240 ⁸⁷.»
3291 5185 3629 5251 Benedictio,

2054 5277 2244 5345 inquit,
2277 5290 2382 5345 qua
2416 5274 2787 5331 benedicimus
2827 5277 3154 5344 Dominum,
3195 5278 3268 5333 sit
3308 5278 3361 5330 in
3404 5276 3631 5330 exordio

2054 5368 2357 5439 principum
2400 5366 2452 5421 in
2479 5366 2661 5432 Israel,
2698 5376 2808 5423 tum
2840 5369 3036 5425 deinde
3062 5380 3117 5426 et
3156 5370 3209 5424 in
3255 5366 3627 5422 voluntatibus

2055 5459 2254 5531 populi.
2293 5458 2448 5515 Verbi
2481 5458 2655 5529 gratia
2684 5473 2838 5516 :cum
2866 5462 3101 5531 primum
3127 5460 3414 5529 incipimus
3441 5458 3629 5511 venire

2056 5552 2121 5606 ad
2156 5550 2247 5604 Dci
2272 5550 2505 5613 cultum,
2537 5564 2663 5604 cum
2696 5552 2910 5605 initium
2961 5550 3115 5606 verbi
3156 5549 3251 5604 Dci
3283 5558 3338 5603 et
3368 5550 3627 5604 doctrinae

2113 5642 2158 5673 “
2187 5641 2303 5699 Col.
2338 5658 2417 5707 Ill,
2445 5640 2501 5698 5.
2580 5641 2624 5674 "
2654 5641 2673 5696 Ι
2707 5643 2834 5698 Cor.
2868 5657 2956 5707 xv,
2987 5641 3077 5696 26.
3154 5640 3200 5673 “
3235 5639 3390 5694 Rom.
3429 5656 3503 5705 xt,
3534 5639 3626 5698 ‘36.

445 5800 561 5865 (70)
600 5799 729 5856 Mss.
767 5821 785 5854 ‹
818 5799 970 5857 Tunc
996 5800 1175 5870 Jahel,
1206 5801 1259 5857 id
1295 5809 1374 5857 cst
1412 5800 1675 5857 Ecclesia.
1712 5821 1728 5854 ι
1761 5801 1915 5857 Libh.
1949 5804 2102 5871 editi,
2139 5822 2157 5855 ι
2193 5814 2318 5861 tunc
2347 5806 2527 5875 itaque
2565 5804 2832 5863 Ecclesia.
2871 5823 2887 5854 ι
