4124 6396
500 407 627 462 '973
1967 399 2293 461 ORIGENIS

3668 419 3772 473 976

497 525 762 582 «micatis
811 523 1125 591 accipimus,
1165 537 1192 575 a
1229 519 1565 590 principibus
1598 519 1762 576 Israel
1796 523 1896 577 ista
1941 520 2098 576 nobis
2127 520 2174 574 A
2201 519 2505 585 charitatis,
2539 538 2558 572 ε
2590 530 2642 576 et
2676 521 2882 590 galeam
2919 541 2937 575 ι
2977 524 3328 578 nihilominus
3363 544 3379 576 ι
3415 525 3602 582 salutis
3635 535 3770 585 acci.

521 617 674 670 initia
708 611 1040 683 capessenda
1075 621 1222 666 sunt.
1266 610 1541 678 Principes
1571 619 1753 665 autem
1792 608 1954 665 Israel
1981 650 1995 674 ,
2037 608 2091 662 id

501 721 602 764 ~cst
657 705 836 777 populi
891 703 1212 767 Christiani,
1271 705 1493 775 angelos
1533 702 1877 771 accipiendos
1920 711 2088 772 puto,

500 815 655 868 quos
697 799 886 852 adesse
937 796 1197 850 Dominus
1250 797 1381 851 dicit
1422 796 1713 864 unicuique
1754 795 1974 850 minimo
2037 795 2088 849 in

503 891 784 954 ‘Ecclesia,
821 890 910 958 qui
943 890 1105 943 etiam
1143 904 1358 956 semper
1397 888 1579 942 videre
1613 888 1867 941 dicuntur
1895 887 2087 943 faciem

509 983 696 1037 Patris
725 982 814 1050 qui
851 981 906 1034 in
940 980 1094 1034 caalis
1128 988 1211 1032 est
1242 980 1306 1032 ⁸⁸.
1347 979 1447 1048 Ipsi
1478 994 1608 1048 ergo
1639 988 1762 1032 sunt
1791 979 2086 1048 principes,

519 1087 571 1130 et
621 1075 688 1129 ab
747 1074 878 1142 ipsis
921 1072 1076 1127 nobis
1123 1082 1250 1126 sunt
1306 1073 1566 1126 sumenda
1602 1073 1888 1142 principia.
1929 1073 2086 1126 Verbi

517 1167 694 1237 gratia
728 1184 742 1220 :
776 1167 818 1220 si
873 1174 958 1218 eat
995 1165 1116 1232 quis
1157 1178 1289 1231 puer
1339 1163 1405 1216 ad
1455 1163 1694 1226 scholas,
1751 1181 1780 1218 a
1830 1163 2088 1232 magistro

517 1257 733 1327 quidem
771 1255 1089 1324 suscipitur,
1118 1264 1172 1308 et
1217 1254 1452 1309 efficitur
1479 1254 1622 1309 illius
1662 1256 1898 1310 doctoris
1927 1254 2087 1309 disci-

518 1350 698 1420 pulus,
743 1349 838 1402 sed
881 1363 984 1400 non
1017 1347 1197 1401 statim
1245 1346 1483 1400 discendi
1515 1347 1581 1400 ab
1605 1346 1720 1414 ipso
1756 1355 2085 1414 praeceptore

516 1443 684 1498 sumit
729 1440 1014 1495 exordium
1051 1458 1061 1492 :
1096 1441 1189 1494 sed
1256 1453 1378 1492 cum
1409 1439 1476 1491 ab
1528 1453 1594 1492 eo
1637 1439 1813 1506 prima
1873 1445 2083 1492 tantum

515 1531 780 1584 elementa
801 1527 1124 1597 susceperit,
1148 1527 1380 1580 traditur
1410 1528 1531 1581 aliis
1554 1529 1902 1592 erudiendus,
1928 1539 1985 1583 ut
2013 1531 2084 1583 ita

515 1624 711 1686 dicam,
736 1620 937 1674 schola:
969 1619 1137 1688 ipsius
1190 1618 1530 1688 principibus
1565 1636 1578 1673 :
1613 1628 1671 1672 ut
1701 1635 1824 1673 cum
1871 1620 1939 1674 ab
1979 1619 2085 1675 illis

513 1723 774 1782 quantum
815 1714 867 1765 in
899 1711 1006 1764 illis
1037 1719 1124 1765 est
1150 1707 1311 1763 fuerit
1343 1711 1599 1776 edoctus,
1652 1720 1706 1766 et
1748 1728 1870 1766 cum
1911 1713 2083 1782 prima

511 1805 652 1874 apud
686 1819 778 1859 eos
805 1802 1111 1872 deposuerit
1146 1801 1450 1856 rudimenta
1473 1842 1486 1865 ,
1519 1813 1629 1857 tum
1663 1804 1878 1859 demum
1916 1807 2083 1876 ipsius

511 1897 750 1953 doctoris
797 1893 1121 1967 perfectiora
1182 1903 1450 1963 praecepta
1500 1897 1779 1965 suscipiat.
1837 1897 1910 1951 Ita
1952 1913 2081 1968 ergo

509 1990 676 2044 etiam
714 2003 859 2042 nuue
886 1985 1288 2040 institutionum
1315 1997 1623 2041 nostrarum
1648 1988 1800 2042 initia
1831 1999 2082 2058 repetens

509 2082 785 2153 praphetia
821 2079 986 2145 dicit,
1024 2077 1165 2147 quod
1203 2093 1324 2131 cum
1377 2095 1404 2132 a
1460 2078 1798 2148 principibus
1850 2083 2083 2150 emperi-

497 2191 630 2230 -mus
668 2172 803 2246 (7i),
846 2172 929 2225 vel
961 2170 1235 2241 principes
1262 2170 1530 2238 eceperint
1559 2171 1774 2240 operari
1813 2172 1864 2225 in
1899 2175 2076 2239 nobis,

508 2268 702 2324 deinde
737 2280 835 2318 nos
878 2263 1150 2317 voluntate
1175 2271 1225 2314 et
1260 2262 1537 2331 proposito
1563 2264 1958 2332 subsequamur
1987 2284 1998 2318 :
2028 2277 2081 2321 et

502 2357 649 2412 aucti
679 2354 1034 2425 profectibus,
1067 2354 1146 2407 sic
1188 2354 1253 2408 ad
1302 2353 1727 2408 benedicendum
1752 2355 1865 2422 jam
1903 2357 2077 2425 ipsum

501 2451 798 2504 Dominum
827 2447 1126 2501 veniamus.
1171 2445 1276 2500 Sed
1303 2445 1581 2500 videamus
1614 2447 1740 2515 quid
1767 2449 1897 2502 dicit
1925 2467 1936 2502 :
1976 2469 1993 2500 ι
2020 2449 2077 2504 In

507 2539 839 2608 incipiendo,
877 2537 1049 2607 inquit
1083 2536 1148 2599 ",
1175 2537 1449 2605 principes
1486 2539 1538 2590 in
1571 2537 1786 2591 Israelu
1818 2539 2075 2610 luitiaju-

506 2631 622 2685 vari
645 2645 674 2683 a
691 2628 1024 2699 principibus
1037 2627 1316 2680 dicuntur:
1337 2637 1457 2695 post
1483 2630 1596 2681 haec
1615 2644 1741 2683 vero
1755 2630 1863 2697 jam
1890 2633 2078 2684 volun-

508 2731 615 2777 tate
640 2721 854 2790 propria
884 2730 937 2771 et
968 2719 1244 2787 proposito
1279 2717 1558 2772 nitendum
1588 2729 1706 2784 est,
1753 2728 1810 2773 ut
1852 2720 2076 2775 benedi-

507 2829 634 2871 cere
650 2816 934 2870 Dominum
956 2827 1284 2866 mereamur.
1301 2811 1434 2866 Nam
1456 2815 1746 2884 etpopulus
1770 2815 1933 2870 Israel
1953 2831 2075 2870 cum

504 2907 937 2976 inciperet-exire
956 2906 1020 2960 de
1033 2904 1285 2976 Egypto,
1303 2915 1354 2961 et
1378 2906 1612 2960 transire
1643 2922 1790 2962 mare
1809 2909 2075 2973 Rubrum,

498 3000 638 3054 nihil
665 2999 832 3069 ipsius
863 2998 1080 3067 proprio
1110 2997 1313 3062 labore,
1336 2999 1427 3052 sed
1453 3007 1621 3051 totum
1654 3013 1751 3066 per
1780 2999 2073 3068 principes,

504 3093 554 3146 id
581 3101 662 3146 est
680 3105 774 3159 per
797 3091 1017 3160 angelos
1041 3090 1324 3159 agebatur.
1349 3091 1589 3158 Denique
1611 3091 1688 3144 sic
1712 3091 1843 3144 dicit
1861 3091 2074 3160 Moyses

501 3182 565 3234 ad
587 3182 746 3254 47],
779 3182 1030 3252 populum
1062 3198 1074 3234 :
1114 3199 1131 3230 ς
1156 3179 1288 3244 Vos,
1323 3181 1576 3249 inquit",
1598 3182 1867 3244 tacebitis,
1891 3192 1942 3236 et
1969 3182 2074 3236 Do—

501 3272 680 3325 minus
719 3271 975 3341 pugnabit
1020 3285 1117 3337 pro
1149 3269 1323 3324 vobis.
1367 3288 1385 3322 s
1418 3272 1616 3340 Aperte
1664 3272 1807 3324 enim
1855 3273 2077 3339 angelus

492 3373 739 3416 vastator
770 3377 867 3428 pro
894 3363 974 3414 eis
1019 3376 1286 3430 pugnasse
1327 3359 1654 3415 describitur
1685 3364 1750 3427 τι,
1780 3364 1875 3430 qui
1910 3363 2068 3433 [Επ-

500 3453 733 3520 ptiorum
756 3452 973 3519 quidem
1001 3452 1354 3519 primogenita
1381 3451 1653 3504 interemit
1676 3470 1687 3504 :
1717 3451 2077 3507 Israelitarum

502 3556 628 3595 vero
678 3555 777 3594 nec
817 3554 985 3609 pecus
1031 3541 1247 3609 quidem
1291 3541 1487 3593 tnutire
1535 3541 1681 3594 fecit.
1719 3543 1918 3596 Verum
1973 3560 2079 3598 non

496 3646 714 3699 semper
741 3633 1156 3699 exspectandum
1204 3639 1287 3683 est
1322 3640 1378 3684 ut
1427 3631 1598 3699 angeli
1648 3647 1745 3699 pro
1790 3635 1947 3687 nobis
1982 3650 2080 3704 pti-

500 3733 699 3792 gnenl,
739 3725 833 3776 sed
892 3723 943 3774 in
994 3722 1297 3788 incipiendo
1355 3725 1747 3788 tantummodo,
1802 3724 1853 3777 id
1897 3735 1981 3779 est
2027 3727 2080 3780 in

494 3814 671 3867 initiis
723 3813 955 3876 nostris,
1013 3828 1043 3866 a
1100 3812 1433 3881 principibus
1486 3815 1688 3884 angelis
1739 3815 2078 3885 adjuvamur.

501 3905 770 3958 Caeterum
803 3919 1057 3972 processu
1086 3905 1345 3973 temporis
1373 3915 1584 3974 oportet
1614 3907 1777 3960 etiam
1809 3923 1905 3962 nos
1934 3909 2083 3977 ipsos

501 3998 655 4051 exire
704 4004 941 4051 armatos
990 3997 1054 4050 ad
1099 3996 1304 4065 praelia.
1356 3998 1496 4051 Ante
1550 4000 1692 4052 enim
1738 4014 1900 4067 quam
1944 4000 2081 4054 bella

500 4088 799 4151 discamus,
833 4096 1122 4157 antequam
1175 4101 1379 4156 pugnas
1425 4085 1638 4142 Domini
1687 4104 1878 4158 parare
1915 4092 2082 4145 medi-

499 4191 704 4245 temur,
753 4193 782 4231 a
828 4178 1183 4247 principibus
1233 4178 1437 4248 angelis
1485 4180 1872 4247 sublevamur;
1929 4193 2083 4237 aute-

500 4285 662 4338 qnam
727 4269 884 4338 panis
939 4269 1179 4323 ctelestis
1230 4284 1628 4338 consequamur
1676 4287 1971 4340 annonam,
2029 4282 2084 4328 et

500 4362 758 4417 carnibus
781 4361 917 4430 Agni
946 4360 1276 4415 immaculati
1313 4361 1596 4426 satiemur,
1627 4373 1914 4434 antequam
1945 4381 2083 4420 verte

503 4455 628 4507 vitis
669 4467 790 4522 quae
839 4453 1083 4506 ascendit
1125 4453 1192 4505 de
1238 4453 1418 4507 radice
1473 4454 1640 4508 David
1689 4456 1951 4526 sanguine
2002 4458 2084 4512 in-

2196 609 2325 679 pite,
2351 611 2444 665 sed
2471 621 2524 665 et
2553 611 2807 679 gladium,
2839 613 3031 683 inquit,
3057 617 3300 684 spiritus,
3339 634 3357 666 ι
3383 625 3438 671 et
3464 631 3627 686 super
3659 637 3776 675 om-

2195 704 2281 758 nia
2307 721 2324 754 ι
2357 716 2569 758 scutum
2608 705 2750 767 fidei,
2783 708 2835 759 in
2867 722 2976 775 quo
2996 709 3238 777 possitis,
3267 709 3360 773 ait,
3391 711 3569 764 omnia
3593 712 3774 782 jaeula

2195 799 2413 869 maligni
2469 800 2622 868 ignea
2681 801 3044 871 exstinguere.
3092 822 3110 854 ι
3149 803 3308 858 Vides
3340 819 3468 874 ergo
3504 805 3776 874 quomodo

2191 894 2367 944 omnia
2400 908 2494 960 per
2527 893 2771 947 ordinem
2810 895 2962 959 fiunt,
2997 906 3052 951 et
3097 897 3228 949 nihil
3265 896 3546 950 confusum
3587 897 3639 951 in
3673 913 3774 968 po-

2191 981 2316 1050 pulo
2351 982 2463 1048 Dei,
2495 983 2628 1037 nihil
2660 984 3075 1052 incompositum
3117 994 3212 1038 aut
3249 995 3634 1055 pra‘posterum
3678 1003 3774 1057 ge-

2192 1073 2346 1126 ritur.
2392 1071 2447 1126 lu
2497 1075 2807 1144 incipiendo
2837 1077 3110 1146 principes
3145 1077 3338 1144 juvant
3367 1095 3379 1129 :
3409 1094 3528 1131 cum
3562 1078 3774 1146 adjutus

2190 1165 2394 1232 fueris,
2449 1179 2503 1222 et
2566 1183 2595 1221 a
2659 1169 2991 1237 principibus
3051 1171 3315 1232 eruditus,
3365 1169 3475 1236 jam
3528 1170 3623 1224 tibi
3659 1171 3775 1239 ipse

2189 1268 2379 1325 sponte
2417 1267 2470 1312 et
2512 1257 2788 1312 voluntate
2826 1268 2939 1325 tua,
2991 1275 3110 1328 quae
3144 1260 3376 1313 didicisti
3431 1274 3460 1312 a
3508 1263 3774 1332 principi-

2189 1347 2312 1409 bus,
2350 1361 2495 1418 gere.
2535 1347 2699 1402 Recte
2737 1348 2880 1401 enim
2919 1349 3154 1403 decoctis
3194 1347 3505 1417 principiis,
3553 1349 3772 1416 deposi-

2190 1441 2362 1508 tisque
2423 1441 2743 1495 rudimentis
2796 1451 2992 1496 nostra:
3041 1442 3432 1496 committimur
3485 1441 3770 1504 voluntati,

2187 1539 2243 1583 ut
2274 1529 2354 1584 vel
2394 1529 2510 1585 laus
2555 1531 2730 1584 meriti
2788 1533 2881 1596 sit,
2922 1547 3040 1603 quze
3083 1541 3265 1585 nostra
3303 1533 3502 1586 virtute
3541 1534 3769 1601 quzesita

2186 1632 2288 1688 cst,
2321 1623 2407 1678 vel
2459 1623 2616 1693 culpa
2675 1625 2796 1694 jure
2848 1626 2921 1679 sit
2963 1634 3167 1690 nostra,
3217 1640 3335 1694 quae
3383 1639 3479 1694 per
3526 1635 3768 1678 nostram

2185 1717 2331 1770 venit
2361 1717 2654 1785 ignaviam.
2692 1717 2816 1772 Haec
2857 1733 2954 1786 pro
2992 1733 3058 1772 eo
3106 1718 3248 1786 quod
3279 1718 3538 1786 scriptum
3565 1727 3648 1771 est
3671 1717 3718 1748 "
3757 1729 3769 1763 ε

2190 1825 2206 1856 ι
2240 1805 2294 1859 1η
2334 1807 2659 1876 incipiendo,
2695 1809 2967 1878 principes
2993 1809 3043 1861 in
3077 1805 3262 1872 Israel,
3293 1809 3343 1861 in
3379 1807 3769 1867 voluntatibus.

2191 1899 2394 1968 populi,
2425 1901 2727 1955 benedieite
2757 1900 3067 1955 Dominum.
3108 1919 3124 1951 ι

2261 1990 2314 2043 '5.
2348 1987 2474 2044 Post
2514 1990 2629 2044 haec
2675 2001 2853 2045 autem
2899 1991 3034 2044 dicit
3059 1991 3104 2022 "
3135 2010 3147 2044 :
3180 2008 3199 2042 ι
3240 1990 3451 2055 Audite,
3500 2005 3686 2061 reges,
3719 2001 3774 2043 ct

2189 2081 2410 2134 auribus
2444 2083 2729 2150 percipite,
2767 2093 3015 2151 satrapae.
3071 2084 3300 2137 Domino
3343 2084 3595 2146 cantabo,
3629 2084 3772 2151 psal-

2189 2173 2292 2227 lam
2328 2174 2433 2229 Deo
2463 2174 2646 2229 Israel.
2675 2193 2696 2227 ι
2732 2176 2946 2238 Audite,
2999 2177 3193 2244 inquit,
3241 2191 3413 2245 reges.
3463 2175 3639 2247 Reges
3678 2191 3772 2245 ap-

2187 2265 2350 2332 pellat
2397 2281 2490 2320 eos
2531 2266 2619 2334 qui
2655 2274 3027 2320 convocantur
3077 2267 3143 2319 ad
3190 2268 3509 2320 audiendum
3543 2266 3771 2322 verbum

2187 2353 2301 2407 Dei.
2344 2355 2586 2419 Exsulta,
2636 2356 2831 2426 popule
2890 2357 3005 2420 Dei,
3057 2357 3283 2411 audiens
3331 2368 3432 2410 tuae
3475 2358 3774 2412 nobilitatis

2188 2445 2441 2516 insignia.
2477 2447 2556 2501 Tu
2589 2447 2799 2502 vocaris
2838 2448 2904 2500 ad
2949 2449 3275 2502 audiendum
3311 2449 3532 2502 verbum
3564 2449 3682 2513 Dei,
3717 2459 3773 2502 et

2187 2551 2290 2590 non
2321 2549 2377 2590 ut
2415 2538 2587 2608 plebs,
2623 2539 2716 2593 sed
2752 2549 2810 2592 ut
2841 2555 2936 2593 rex
2968 2539 3200 2592 vocaris.
3235 2538 3354 2594 Tibi
3396 2543 3539 2594 enim
3568 2542 3770 2595 dictum

2186 2638 2267 2682 est
2292 2627 2338 2658 ⁷⁸
2369 2646 2382 2681 :
2412 2647 2430 2679 ‹
2466 2628 2647 2684 Genus
2703 2629 2885 2698 regale
2937 2639 2992 2683 et
3043 2631 3412 2686 sacerdotale:
3447 2635 3673 2702 populus
3717 2633 3770 2685 in

2186 2720 2625 2788 ncquisitionem.
2673 2739 2690 2772 ι
2729 2720 2853 2774 Ideo
2894 2722 3017 2790 quia
3063 2735 3156 2776 vos
3202 2737 3356 2791 reges
3389 2726 3542 2787 estis,
3579 2726 3772 2780 merito

2186 2824 2279 2863 rex
2309 2819 2492 2865 noster
2512 2811 2761 2868 Christus
2793 2811 3049 2867 Dominus
3085 2831 3101 2864 ι
3140 2829 3229 2868 rex
3267 2832 3286 2864 ι
3323 2815 3518 2869 dicitur
3548 2817 3592 2849 τ’
3628 2833 3649 2867 ο
3683 2830 3770 2871 re-

2185 2919 2330 2972 gum,
2361 2911 2413 2957 et
2447 2903 2703 2958 Dominus
2739 2905 3153 2958 dominantium.
3198 2923 3216 2956 »
3247 2905 3354 2959 Sed
3405 2906 3547 2959 sicut
3591 2907 3774 2961 exsul~

2187 2995 2317 3046 tatis
2349 2994 2413 3046 de
2448 2994 2745 3049 nobilitatis
2773 3005 2970 3049 vestrae
3001 2995 3177 3062 titulo,
3212 2996 3283 3049 ita
3311 2996 3520 3050 discere
3561 2999 3771 3052 debetis

2184 3082 2313 3151 quid
2354 3083 2562 3153 agendo
2612 3087 2978 3154 unusquisque
3026 3093 3262 3139 vestrum
3315 3087 3408 3140 ﬁat
3456 3102 3570 3141 rex.
3615 3088 3770 3164 Quod

2185 3176 2336 3230 vobis
2373 3177 2443 3229 ita
2479 3178 2718 3232 breviter
2752 3178 3025 3232 definiam.
3057 3177 3255 3249 Ilegem
3292 3187 3342 3231 lc
3377 3180 3617 3235 omnium
3651 3197 3772 3235 esse

2107 3230 2146 3287 C
2183 3267 2331 3332 facit,
2361 3268 2402 3320 si
2439 3277 2625 3337 regnet
2647 3268 2896 3323 Christus
2932 3270 2982 3322 in
3038 3277 3109 3321 te.
3136 3230 3276 3323 vRex
3322 3285 3552 3344 namque
3604 3285 3631 3324 a
3687 3287 3770 3325 rc-

2181 3362 2352 3426 gendo
2381 3360 2558 3413 dictus
2589 3368 2692 3412 est.
2720 3358 2776 3414 Si
2809 3375 2938 3430 ergo
2967 3370 3020 3414 et
3053 3361 3104 3412 in
3145 3369 3201 3414 te
3229 3361 3442 3414 animus
3477 3373 3691 3431 regnat,
3717 3373 3773 3415 et

2179 3465 2373 3518 corpus
2421 3450 2779 3515 obtemperat,
2829 3451 2873 3503 si
2922 3452 3396 3519 concupiscentias
3446 3454 3633 3506 carnis
3672 3456 3772 3506 sub

2177 3543 2359 3608 juguni
2392 3539 2602 3609 imperii
2634 3540 2706 3592 tui
2745 3541 2945 3602 mittas,
2980 3541 3022 3594 si
3055 3541 3301 3594 vitiorum
3331 3551 3519 3610 gentes
3557 3544 3773 3597 sobrie-

2187 3631 2311 3684 tatis
2352 3640 2452 3683 tuat
2490 3630 2660 3684 frenis
2690 3629 3014 3684 arctioribus
3057 3647 3304 3698 premas,
3341 3632 3534 3686 merito
3567 3647 3658 3686 rex
3695 3634 3774 3686 di-

2183 3722 2344 3787 ceris,
2371 3721 2458 3790 qui
2501 3730 2552 3774 te
2589 3730 2734 3774 recte
2779 3733 2942 3790 agere
2998 3723 3235 3776 noveris.
3286 3721 3418 3776 Cum
3465 3738 3594 3794 ergo
3649 3722 3771 3776 talis

2184 3811 2352 3866 fueris
2385 3809 2640 3877 effectus,
2693 3811 2854 3881 digne
2900 3821 2956 3867 ut
3013 3827 3104 3866 rex
3153 3815 3219 3866 ad
3274 3815 3538 3868 audienda
3590 3817 3767 3869 divina

2190 3901 2355 3955 verba
2392 3901 2690 3955 vocaberis.
2725 3901 2838 3956 lloo
2871 3917 3001 3957 vero
3032 3905 3172 3972 quod
3202 3907 3567 3973 subsequitur,
3605 3910 3775 3975 magis

2184 4007 2510 4061 corporeum
2547 3993 2747 4061 aliquid
2791 3994 3014 4060 indicat,
3059 3998 3202 4063 quod
3246 3997 3416 4050 dicit:
3466 4015 3486 4049 ‹
3539 3999 3775 4054 Auribus

2183 4085 2468 4154 percipite,
2517 4101 2710 4140 omnes
2753 4096 3003 4156 satrapae.
3049 4107 3066 4139 ι
3111 4087 3261 4142 Sicut
3301 4092 3444 4142 enim
3486 4091 3775 4146 inferiores

2186 4185 2311 4228 sunt
2344 4175 2561 4244 regibus
2592 4187 2844 4245 satrapas,
2878 4176 2947 4230 ita
2983 4185 3037 4230 et
3073 4178 3295 4233 auribus
3323 4180 3604 4249 percipere
3641 4182 3774 4234 infe.

2188 4267 2299 4320 rius
2335 4267 2548 4322 videtur
2578 4281 2698 4322 esse
2741 4283 2904 4335 quam
2959 4270 3165 4324 audire.
3203 4272 3401 4325 Audire
3447 4287 3681 4341 namque
3707 4275 3773 4327 ad

2187 4358 2502 4412 interiorem
2543 4360 2780 4427 pertinet
2820 4361 3116 4425 hominem,
3149 4361 3289 4415 sicut
3317 4371 3370 4416 et
3404 4362 3661 4417 Dominus
3689 4364 3773 4416 di-

2185 4449 2340 4503 cebat
2361 4449 2512 4502 7"”:
2543 4468 2559 4500 ι
2586 4449 2687 4515 Qui
2723 4450 2884 4505 habet
2915 4466 3072 4506 aures
3095 4452 3367 4517 audiendi,
3393 4454 3594 4512 audiat.
3623 4472 3642 4505 ι
3664 4456 3775 4508 Au-

502 4545 799 4605 ehriemnr,
842 4543 1014 4598 donec
1067 4543 1275 4611 parvuli
1326 4558 1533 4610 sumus,
1589 4555 1637 4600 et
1674 4545 1817 4602 laete
1857 4548 2074 4613 alimur,
2115 4581 2157 4635 Β
2188 4543 2337 4595 ribus
2367 4557 2498 4595 vero
2533 4543 2826 4611 percipere,
2867 4541 2930 4595 ad
2972 4543 3301 4597 exteriorem
3346 4555 3400 4598 et
3431 4546 3770 4613 corporalem

505 4647 560 4690 et
607 4635 884 4689 initiorum
930 4634 1132 4688 Christi
1168 4648 1473 4688 sermonem
1523 4647 1786 4702 tenemus,
1824 4649 2080 4708 tanquam

505 4726 714 4796 parvuli
743 4726 842 4779 sub
869 4725 1309 4794 procuratoribus
1334 4728 1570 4796 agimus,
1596 4740 1654 4782 et
1680 4729 1954 4786 actoribus
1986 4749 2083 4786 au-

505 4819 662 4887 gelis.
699 4815 801 4872 Ubi
848 4833 979 4871 vero
1031 4817 1143 4886 jam
1190 4818 1393 4872 militia:
1444 4820 1684 4876 ctelestis
1739 4834 2082 4878 sacramenta

505 4910 860 4976 gustavimus,
894 4920 947 4963 et
985 4925 1122 4979 pane
1159 4909 1283 4963 vitae
1322 4910 1506 4966 refecti
1535 4926 1745 4978 sumus,
1775 4915 1898 4968 audi
1947 4931 2082 4983 quo-

508 4999 666 5053 modo
694 5013 791 5066 per
813 4997 1171 5067 apostolicam
1209 4996 1393 5052 tubam
1427 4999 1756 5054 suscitamur
1781 5001 1845 5053 ad
1876 5002 2080 5070 prtulia.

505 5090 712 5156 Ingenti
737 5105 969 5160 namque
989 5105 1120 5144 voce
1141 5089 1339 5145 Paulus
1358 5089 1556 5145 clamat
1578 5091 1644 5145 ad
1670 5105 1768 5146 nos
1796 5092 1981 5146 dicens
2001 5094 2044 5124 ⁷¹
2067 5110 2079 5144 :

509 5203 528 5236 ο
568 5182 777 5237 induite
815 5198 911 5237 vos
941 5197 1091 5236 arma
1128 5182 1240 5246 Dei,
1282 5193 1342 5236 ut
1393 5183 1611 5250 possitis
1644 5193 1790 5237 stare
1823 5185 2083 5237 adversus

505 5278 761 5332 astutiam
793 5277 1013 5331 diaboli.
1054 5295 1070 5326 ι
1102 5273 1215 5330 Νοιι
1258 5291 1356 5329 nos
1386 5275 1524 5327 ultra
1559 5274 1761 5342 patitur
1802 5276 1948 5327 velut
1984 5277 2083 5330 sub

504 5372 607 5426 alis
641 5371 958 5425 laetantium
994 5369 1108 5439 ('72)
1145 5369 1384 5434 latitare,
1431 5367 1617 5419 invitat
1655 5381 1751 5421 nos
1795 5369 1861 5420 ad
1909 5377 2084 5420 certa-

504 5465 981 5531 tuiuumeatnpos;
1008 5481 1024 5511 ι
1048 5461 1274 5525 induite,
1299 5480 1318 5512 ι
1341 5460 1514 5528 inquit
1544 5458 1611 5524 ⁷³,
1637 5472 1731 5511 vos
1758 5475 1776 5507 ι
1809 5457 2029 5510 loricam
2060 5476 2078 5509 ›

570 5575 614 5605 ’⁸
639 5575 826 5628 Matth.
869 5591 1024 5635 xvttt,
1062 5574 1146 5629 10.
1236 5573 1278 5603 ⁸⁸
1313 5571 1437 5628 Jtttl.
1475 5587 1528 5634 v,
1562 5572 1615 5624 2.

506 5641 550 5674 ⁷⁵
576 5642 698 5698 Jud.
727 5660 778 5706 v,
813 5647 868 5698 2.
943 5647 988 5676 ’⁸
1019 5648 1145 5699 ibid.
1179 5647 1232 5700 5.
1312 5644 1356 5674 ⁷⁸
1389 5641 1406 5694 Ι
1439 5642 1554 5697 Pet.
1595 5658 1653 5705 tt,
1689 5641 1744 5696 9.

576 5759 686 5826 (711
727 5758 1064 5828 οωμετίηιω.
1126 5760 1285 5813 Deest
1325 5759 1375 5811 in
1411 5757 1539 5815 libb.
1573 5759 1752 5824 editis,
1794 5767 1967 5812 exstat
2015 5760 2064 5811 in

501 5841 638 5880 mss.

1703 5571 1748 5600 ’⁸
1789 5569 1953 5624 Exod.
2005 5573 2224 5633 x'tv,15.
2299 5572 2338 5601 "
2383 5570 2553 5624 Exod.
2595 5585 2690 5624 xtt.

1821 5641 1864 5670 "
1898 5644 2065 5710 Apoc.
2097 5657 2210 5706 xix,
2247 5642 2331 5696 16.

2188 4637 2424 4703 pertinet
2457 4634 2721 4687 auditum.
2760 4635 2882 4688 Ideo
2927 4648 3058 4703 ergo
3106 4643 3160 4688 et
3204 4634 3290 4688 hic
3343 4635 3415 4688 illi
3457 4637 3546 4704 qui
3590 4638 3776 4690 audite

2189 4729 2454 4782 deberent
2479 4741 2633 4795 reges
2655 4725 2927 4790 dicuntur,
2956 4727 3049 4793 qui
3075 4740 3204 4779 vero
3226 4727 3449 4780 auribus
3477 4727 3775 4796 percipere,

2190 4829 2427 4886 satrapae
2456 4817 2816 4886 appellantur.
2862 4834 2878 4865 ι
2916 4814 3026 4885 Ego
3069 4815 3294 4868 Demino
3327 4818 3587 4882 cant-abo,
3631 4819 3778 4891 psal-

2193 4909 2297 4961 lam
2355 4909 2463 4962 Deo
2501 4907 2684 4960 Israel.
2724 4924 2741 4957 ι
2774 4903 2923 4960 Beati
2969 4915 3094 4962 sunt
3138 4908 3227 4976 qui
3284 4919 3511 4976 possunt
3557 4921 3779 4963 cantare

2193 4999 2464 5052 canticum
2527 4997 2772 5050 Domino.
2834 4995 2967 5051 Cum
3023 4998 3262 5052 redimus
3315 4997 3382 5050 ad
3443 4997 3774 5066 Scripturas,

2193 5089 2361 5142 multa
2392 5089 2601 5143 cantica
2644 5089 2815 5142 sacris
2853 5090 3107 5142 mandata
3147 5089 3516 5143 voluminibus
3566 5091 3773 5143 inveni-

2193 5200 2334 5238 mus.
2373 5183 2644 5237 llabetnus
2679 5183 2946 5252 integrum
2977 5183 3226 5238 volumen
3267 5187 3332 5236 de
3375 5183 3612 5237 Canticis
3641 5199 3770 5236 can-

2191 5277 2420 5328 ticorum
2464 5276 2748 5342 scriptum.
2806 5273 2946 5327 Ecce
2990 5283 3044 5326 et
3095 5274 3144 5326 in
3195 5277 3296 5326 hoc
3344 5273 3482 5327 libro
3527 5271 3772 5326 Judicuat

2194 5365 2456 5418 habemus
2498 5366 2803 5427 canticum,
2846 5374 2900 5418 et
2944 5366 2997 5417 in
3037 5364 3287 5417 Nunteris
3319 5365 3590 5418 canticum
3635 5364 3773 5417 scri~

2195 5466 2341 5527 ptum
2371 5467 2475 5520 est,
2506 5467 2560 5510 et
2595 5457 2647 5510 in
2682 5457 3132 5522 Denteronomio,
3171 5466 3224 5510 et
3272 5457 3323 5508 in
3371 5456 3586 5519 Exodo,
3625 5463 3679 5508 et
3723 5456 3778 5508 in

2771 5571 2815 5601 τι
2846 5569 3039 5637 Epltes.
3079 5585 3154 5633 νι,
3185 5569 3268 5621 tt.
3345 5568 3389 5598 τι
3424 5567 3555 5622 ibid.
3590 5566 3778 5620 13.16.

2409 5641 2528 5673 ""9
2551 5639 2738 5694 Matth.
2767 5656 2842 5703 xt,
2879 5641 2964 5694 l5.

2247 5757 2359 5827 (7'2)
2405 5755 2554 5810 Velut
2589 5756 2682 5808 sub
2719 5754 2818 5827 ait:
2851 5754 3185 5808 laetantium.
3237 5751 3361 5827 Ilaec
3398 5749 3776 5806 desiderantur

2124 5822 2159 5842 ’⁸
2194 5822 2441 5881 inlibris
2478 5835 2636 5879 antea
2677 5826 2855 5885 editis,
2901 5827 2992 5879 sed
3025 5833 3238 5878 exstant
3273 5823 3324 5875 in
3357 5836 3491 5875 mss.
