4124 6398
390 366 492 420 977

1455 367 1518 421 ΙΝ
1563 369 1820 424 LIBRUM
1854 367 1928 423 JU
1948 364 2156 420 DICIJM
2189 365 2473 420 llOMlLl.\
2501 365 2608 418 VII.

3538 370 3647 426 9-78

392 489 566 555 prltno
609 486 914 556 Regnorum
957 487 1111 540 libro.
1165 488 1223 539 In
1269 488 1442 554 primo
1489 489 1652 541 etiam
1692 486 1967 553 Paralipo-
2000 488 2045 539 Α
2073 483 2267 538 sedens
2295 498 2457 553 super
2485 485 2693 538 asinam
2720 481 3148 552 resplendentem
3177 486 3457 540 Dominum
3492 489 3650 543 bene-

394 593 610 641 Iuenon,
667 588 720 632 et
778 578 830 631 in
874 576 995 630 allis
1055 577 1235 632 multis
1295 578 1426 633 locis
1473 579 1715 633 invenies
1756 579 1966 631 cantica

394 671 572 724 divina
594 685 712 725 esse
740 669 1026 738 descripta.
1051 668 1136 723 Ait
1161 687 1290 740 ergo
1314 673 1426 726 haec
1452 686 1551 725 vox
1573 670 1704 737 iusti
1737 687 1748 722 :
1784 688 1801 720 ι
1837 669 1947 738 Ego

397 761 623 816 Domino
667 762 926 827 cantabo,
982 762 1204 830 psallam
1249 762 1356 816 Deo
1400 760 1585 815 Israel.
1646 779 1664 811 ι
1697 759 1828 825 Quis
1868 775 1967 828 pu-

397 861 476 905 tas
520 852 592 904 Ita
632 867 844 906 canorae
878 856 1024 908 vocis
1063 864 1166 917 est,
1199 862 1252 906 et
1295 853 1368 906 ita
1409 853 1630 920 spiritus
1664 853 1782 921 puri
1816 867 1966 905 men-

395 941 574 1004 tisque
600 942 844 1006 sincerar,
879 954 938 996 ttt
967 944 1078 1012 (75)
1103 943 1370 997 cantilena
1408 943 1526 1012 ejus
1563 942 1799 996 divinum
1827 942 1971 996 dele-

397 1039 546 1085 ctare
576 1033 746 1101 possit
771 1033 1048 1086 auditum?
1086 1032 1176 1087 llle
1213 1034 1456 1102 profecto
1499 1043 1601 1097 est,
1643 1035 1729 1100 qui
1764 1033 1967 1087 nullum

401 1134 621 1174 raucum
654 1123 814 1176 habet
852 1124 902 1176 in
929 1138 986 1178 se
1013 1124 1218 1192 peccati
1260 1139 1471 1188 sonum,
1498 1125 1587 1193 qui
1637 1125 1765 1178 nihil
1799 1124 1968 1179 oﬁ'en-

398 1211 569 1266 sionis
599 1213 650 1265 in
683 1211 884 1282 lingua,
913 1213 1046 1266 nihil
1086 1214 1463 1268 crassitudinis
1498 1214 1550 1267 in
1590 1213 1778 1283 spiritu
1809 1216 1968 1283 gerit,

400 1306 486 1360 ille
525 1313 702 1375 potest
728 1306 913 1362 dicere
941 1325 953 1360 :
984 1326 1002 1358 ι
1044 1308 1154 1377 Ego
1198 1308 1422 1364 Domino
1464 1309 1714 1371 cantabo,
1750 1307 1969 1377 psallam

399 1395 509 1451 Deo
534 1396 723 1454 Israel.
757 1418 775 1450 ι

467 1489 519 1542 4.
548 1489 745 1544 Verum
769 1491 894 1560 quia
925 1491 1387 1547 continuationem
1412 1491 1609 1546 cantici
1636 1506 1732 1561 per
1762 1491 1972 1560 singula

401 1596 506 1634 non
540 1583 878 1636 occurrimus
909 1583 1202 1651 explicare,
1236 1582 1611 1650 interpolando
1653 1583 1840 1637 saltem
1889 1598 1973 1637 se-

398 1669 533 1725 riem
587 1671 855 1736 lectionis,
903 1675 1178 1728 videamus
1209 1675 1336 1743 quid
1367 1682 1449 1729 est
1486 1674 1627 1743 quod
1654 1674 1785 1729 dicit
1807 1675 1924 1707 ⁸⁰·⁸¹
1957 1693 1971 1728 :

403 1781 422 1813 ς
462 1761 567 1817 Cor
588 1778 766 1819 meum
794 1765 861 1818 ad
889 1779 952 1820 ea
976 1781 1095 1835 qua:
1123 1766 1382 1835 disposita
1419 1777 1544 1822 sunt
1574 1767 1699 1821 huic
1734 1766 1918 1821 Israel.
1950 1787 1968 1819 ι

402 1851 512 1908 Hoc
541 1855 699 1909 modo
723 1855 934 1909 videtur
963 1857 1106 1924 quod
1133 1856 1264 1910 dicit
1294 1872 1305 1908 :
1332 1857 1438 1911 Cor
1468 1868 1738 1923 meum,et
1763 1858 1974 1913 animus

403 1959 572 2010 meus,
595 1955 648 2000 et
678 1961 871 2002 sensus
899 1963 1070 2013 meus,
1100 1957 1154 2002 et
1177 1958 1285 2003 tota
1321 1964 1472 2004 mens
1501 1964 1617 2004 mea
1647 1953 1712 2005 ad
1739 1949 1867 2004 illud
1894 1951 1975 2004 in-

403 2035 593 2100 tendit,
639 2045 692 2089 et
732 2037 863 2090 illud
908 2039 1168 2107 prospicit
1213 2040 1356 2108 quod
1409 2041 1728 2109 dispositum
1781 2050 1888 2105 est,
1922 2051 1978 2095 et

400 2124 540 2192 quod
571 2139 925 2196 praeparatum
956 2138 1039 2183 est
1073 2128 1280 2184 Israel:
1315 2129 1444 2184 illud
1483 2139 1591 2184 tota
1627 2142 1808 2187 mente
1845 2147 1975 2201 pro-

401 2213 572 2280 spicio
594 2215 736 2284 quod
763 2217 1003 2273 futurum
1034 2227 1136 2273 est.
1165 2219 1221 2274 Si
1255 2222 1399 2274 enim
1434 2222 1500 2276 ad
1532 2221 1659 2276 illud
1693 2223 1976 2278 intendero

401 2304 662 2370 animum,
698 2307 878 2363 omnia
921 2324 1043 2378 qtue
1087 2311 1139 2365 in
1197 2311 1300 2366 hoc
1355 2312 1554 2366 mundo
1605 2321 1750 2377 sunt,
1783 2313 1974 2368 ducam

405 2411 426 2445 ε
490 2404 836 2462 utstercora,
881 2408 937 2452 ut
982 2399 1259 2454 Christum
1305 2401 1642 2458 lucrifaciam
1695 2403 1762 2468 θ’,
1820 2423 1837 2455 ι
1885 2405 1975 2473 qui

402 2487 724 2554 praeparavit
753 2487 842 2541 illa
869 2491 1048 2543 omnia
1093 2506 1212 2560 quae
1245 2509 1262 2543 ι
1296 2493 1483 2547 oculus
1533 2508 1637 2548 non
1682 2494 1833 2561 vidit,
1880 2510 1977 2550 nec

403 2576 551 2628 auris
587 2576 814 2643 audivit,
852 2593 951 2633 nec
981 2579 1034 2634 in
1078 2596 1173 2634 cor
1202 2582 1435 2638 hominis
1476 2584 1738 2648 ascendit,
1768 2585 1835 2639 iis
1884 2587 1973 2654 qui

404 2663 629 2732 diligunt
659 2680 778 2719 eum
806 2667 871 2724 ⁸³.
914 2686 933 2720 ι
967 2668 1074 2723 Cor
1124 2684 1277 2740 ergo,
1320 2671 1530 2742 inquit,
1564 2687 1741 2728 meum
1787 2676 1854 2729 ad
1887 2675 1976 2730 illa

403 2757 732 2813 extenditur.
781 2759 895 2814 Non
929 2761 1071 2817 enim
1126 2763 1300 2818 adhuc
1347 2764 1642 2820 humanum
1685 2781 1782 2821 cor
1825 2782 1974 2838 gero,

408 2863 582 2917 neque
615 2865 734 2920 qua:
761 2853 961 2922 cogito,
1003 2855 1297 2910 secundum
1326 2857 1596 2912 hominem
1637 2859 1846 2928 cogito;
1884 2862 1978 2914 sed

407 2940 531 3008 quia
559 2944 853 2998 secundum
907 2943 1243 3014 Scripturam
1289 2947 1323 3001 ii
1371 2949 1438 3001 ad
1486 2964 1621 3018 quos
1652 2965 1834 3005 sermo
1883 2952 1978 3006 Dei

408 3033 490 3100 ﬁt,
515 3036 586 3088 dii
612 3045 755 3103 sunt,
783 3052 882 3093 nec
906 3053 1008 3108 ego
1036 3038 1150 3095 haec
1181 3039 1437 3106 humana,
1467 3046 1563 3098 sed
1586 3043 1766 3098 divina
1801 3055 1979 3101 mente

407 3127 695 3194 prospicio.

477 3220 640 3292 472
686 3222 737 3276 5.
795 3240 812 3273 ι
878 3222 1131 3280 Potentes
1175 3227 1390 3296 populi,
1443 3229 1747 3285 benedicite
1796 3230 1980 3285 Domi-

409 3327 561 3376 num,
597 3313 688 3380 qui
730 3316 1053 3370 ascendistis
1091 3331 1256 3386 super
1291 3319 1533 3388 iumenta
1563 3319 1632 3376 “.
1677 3339 1695 3374 ι
1734 3321 1871 3388 Quid
1899 3332 1986 3377 est

409 3402 718 3459 ascendisse
741 3420 905 3476 super
934 3408 1274 3474 iumentum?
1302 3411 1506 3480 Corpus
1547 3412 1649 3467 hoc
1681 3428 1859 3467 meum
1895 3415 1982 3484 iu-

409 3502 648 3548 mentum
679 3504 764 3550 est
797 3514 811 3551 :
843 3498 912 3551 ad
943 3498 1311 3566 adiumentum
1349 3503 1493 3557 enim
1539 3513 1592 3558 et
1629 3504 1696 3558 ad
1735 3505 1982 3560 ministe.

406 3586 545 3640 rium
586 3587 770 3642 datum
798 3599 920 3643 est:
961 3606 1060 3660 ego
1106 3601 1286 3647 autem
1329 3609 1470 3659 sum,
1527 3597 1580 3651 id
1635 3605 1720 3651 est
1761 3597 1986 3653 interior

410 3676 593 3741 homo,
627 3677 718 3746 qui
753 3679 969 3733 asceudi
1010 3694 1172 3750 super
1219 3681 1522 3749 iumentum
1567 3686 1689 3752 hoc,
1736 3688 1821 3747 cui
1854 3689 1987 3743 dici-

409 3776 520 3834 tur,
549 3779 606 3823 ut
639 3770 953 3826 benedicam
988 3771 1297 3829 Dominum.
1341 3777 1396 3831 Si
1445 3793 1573 3847 ergo
1625 3793 1753 3834 vere
1793 3796 1984 3836 ascen-

411 3860 534 3915 disti
566 3876 728 3928 supra
755 3879 972 3934 corpus,
1002 3873 1056 3918 et
1085 3868 1330 3935 superior
1356 3867 1582 3925 effectus
1613 3873 1988 3941 corporalibus

411 3952 710 4018 desideriis,
760 3964 817 4010 et
863 3966 1039 4011 motus
1097 3959 1340 4026 corporis
1384 3961 1458 4014 tui
1509 3961 1659 4015 freno
1703 3967 1902 4020 mentis
1933 3976 1990 4021 et

410 4040 688 4099 interioris
748 4045 983 4099 hominis
1051 4048 1417 4102 moderamine
1472 4052 1865 4120 gubernantur,
1923 4058 1988 4111 de

413 4141 464 4188 te
492 4133 715 4200 dicitur,
738 4136 863 4205 quia
894 4137 1186 4192 ascendisti
1217 4154 1381 4208 super
1403 4139 1706 4208 iumentum
1739 4146 1862 4212 hoc,
1898 4148 1986 4202 cui

412 4225 631 4293 dicitur,
683 4238 740 4281 ut
796 4229 1086 4284 benedicas
1141 4231 1448 4286 Dominum.
1503 4233 1640 4300 Quid
1681 4245 1857 4292 autem
1904 4250 1989 4296 est

409 4319 554 4389 quod
584 4321 866 4389 sequitur?
897 4344 915 4374 ι
958 4320 1132 4391 Super
1180 4322 1446 4390 vehicula,
1477 4324 1654 4393 inquit
1697 4328 1765 4393 ⁸³,
1791 4332 1986 4386 seden-

411 4417 517 4475 tes,
541 4421 597 4466 et
621 4427 786 4482 super
827 4413 1008 4468 asinas
1060 4411 1406 4482 refulgentes.
1441 4431 1460 4465 ›
1490 4412 1624 4480 Quid
1670 4417 1771 4472 sibi
1803 4421 1990 4477 viden-

2070 576 2267 640 tlicere,
2300 587 2352 630 et
2391 577 2443 629 in
2486 575 2660 630 medio
2704 575 2996 630 lzetautium
3047 577 3265 632 laudare
3302 579 3489 635 Deum.
3517 597 3534 629 ι
3571 577 3644 634 lbi

2071 666 2272 720 dabunt
2325 667 2562 734 justitias
2609 666 2836 719 Domino
2862 667 2932 720 ⁸⁸.
2970 687 2989 718 ι
3025 666 3362 722 Sacriﬁcium
3417 671 3648 725 Domino

2073 758 2200 811 illud
2233 768 2315 813 est
2356 757 2705 826 acccptabile,
2747 758 2888 826 quod
2939 761 2989 811 in
3024 759 3234 824 iustitia
3275 761 3500 816 offertur
3537 762 3646 817 Do-

2072 849 2216 901 mino
2250 857 2303 902 et
2341 851 2610 917 aequitate.
2661 849 2726 903 Et
2770 849 2889 903 ideo
2939 849 3134 903 dicitur
3157 851 3199 881 ⁸⁷
3229 875 3240 907 ;
3271 871 3289 903 ‹
3327 851 3468 907 Justi
3515 868 3650 907 cou-

2073 938 2250 992 fortati
2279 949 2401 992 sunt
2426 945 2476 993 ln
2505 939 2683 994 Israel.
2721 957 2739 990 ›
2772 939 2827 993 1η
2859 940 2981 994 aliis
3006 942 3224 1009 quidem
3257 943 3528 1010 gentibus,
3554 944 3644 1012 qui

2072 1032 2312 1099 corporis
2340 1032 2529 1086 robore
2566 1033 2815 1086 fortiores
2843 1045 2987 1097 sunt,
3017 1034 3088 1087 illi
3127 1043 3374 1102 potentes
3400 1035 3650 1089 dicuntur

2073 1121 2122 1174 in
2153 1122 2337 1190 prmlio
2367 1142 2377 1176 :
2409 1122 2458 1174 in
2496 1122 2656 1176 Israel
2689 1137 2816 1176 vero
2843 1124 2932 1191 qui
2954 1123 3211 1192 iustiores
3255 1133 3400 1189 sunt,
3427 1125 3522 1194 ipsi
3553 1141 3656 1195 p0~

2075 1213 2339 1267 tentiores
2376 1213 2634 1267 dicuntur
2688 1213 2740 1267 in
2789 1213 2946 1269 bellis
2977 1233 2990 1268 :
3022 1215 3146 1282 quia
3188 1215 3398 1283 iustitia
3435 1217 3654 1272 etiamsi.

2071 1304 2277 1359 viribus
2321 1304 2535 1359 inﬁrma
2570 1304 2664 1369 sit,
2696 1304 2863 1359 vincit
2885 1323 2899 1359 :
2924 1305 3180 1372 iniustitia
3211 1322 3360 1371 vero,
3384 1308 3484 1361 etsi
3513 1307 3649 1361 mni-

2075 1407 2157 1449 tos
2197 1407 2250 1450 et
2293 1396 2498 1451 validos
2542 1407 2869 1466 pugnatorcs
2919 1399 3146 1463 haheat,
3189 1408 3497 1468 superatur.
3554 1394 3647 1452 Sic

2075 1485 2236 1554 igitur
2263 1487 2314 1539 in
2339 1486 2440 1540 hac
2466 1495 2624 1554 gente
2651 1495 2856 1550 nostra,
2896 1487 2947 1540 id
2987 1498 3068 1541 est
3101 1489 3152 1541 in
3183 1488 3378 1557 p0pulo
3409 1487 3523 1552 Dei,
3556 1503 3651 1556 per

2071 1577 2332 1648 iustitiam
2389 1593 2747 1647 superamus,
2804 1587 2895 1632 aut
2951 1594 3047 1649 per
3105 1578 3423 1648 iniustitiam
3475 1579 3648 1633 vinci-

2076 1684 2215 1723 mur.

2147 1760 2198 1814 6.
2229 1779 2246 1812 ‹
2291 1760 2552 1829 Exsurge,
2596 1761 2839 1815 Debbora
2865 1801 2878 1825 ,
2930 1776 3161 1830 exsurge
3187 1771 3240 1815 et
3272 1762 3470 1816 suscita
3515 1762 3648 1816 deus

2078 1851 2241 1905 millia
2265 1852 2850 1921 papuli”.iPr0phetia
2876 1852 3090 1921 quando
3113 1849 3653 1921 exsurgitiProfecto

2076 1944 2128 1997 in
2155 1944 2385 1997 adventu
2416 1943 2630 1998 Domini
2663 1962 2676 1999 :
2703 1953 2758 1998 et
2787 1959 2891 1998 non
2923 1944 3094 1998 solum
3125 1945 3238 2012 ipsa
3267 1944 3528 2013 exsurgit,
3556 1944 3650 1996 sed

2075 2046 2128 2090 et
2162 2035 2386 2104 populos
2423 2037 2652 2090 suscitat
2683 2037 2751 2090 ad
2800 2035 3152 2092 credendum.
3180 2054 3198 2087 ι
3239 2035 3518 2104 Captivam
3551 2033 3651 2086 du-

2076 2129 2184 2183 cito
2201 2128 2589 2198 captivitatem,
2611 2128 2682 2182 ﬁli
2705 2128 3047 2183 Abinoem“.
3065 2149 3082 2181 ι
3103 2128 3364 2182 Abiuoem
3389 2126 3653 2191 responsio

2075 2220 2241 2288 patris
2286 2221 2672 2289 interpretatur
2707 2219 2840 2290 (74).
2880 2221 3050 2291 Hujus
3097 2221 3238 2276 ﬁlius
3286 2229 3368 2273 est
3422 2217 3651 2272 Barach.

2077 2311 2449 2380 Captivitatem
2479 2313 2544 2367 de
2573 2314 2812 2369 hostibus
2845 2315 3044 2383 capiet,
3073 2315 3160 2384 qui
3199 2311 3437 2368 ccelestis
3477 2310 3662 2364 Patris

2078 2419 2332 2472 responsa
2361 2405 2680 2459 servaverit.
2714 2423 2731 2455 ί
2769 2403 3016 2466 Domine,
3055 2403 3273 2457 humilia
3313 2401 3442 2455 mihi
3470 2400 3658 2454 fortio-

2082 2509 2168 2550 res
2191 2511 2274 2550 me
2299 2497 2366 2550 °°.
2403 2514 2421 2547 ι
2454 2495 2562 2550 Vox
2588 2496 2689 2550 ista
2719 2496 2955 2550 fidelium
2983 2505 3086 2560 est,
3117 2495 3489 2550 conﬁtentium
3527 2493 3658 2545 sim-

2080 2585 2292 2656 pliciter
2318 2585 2571 2642 fortiores
2595 2603 2715 2643 esse
2741 2588 2991 2642 inimicos
3024 2602 3172 2651 suos,
3199 2588 3484 2640 adversum
3524 2597 3657 2652 quos

2080 2679 2235 2733 nobis
2272 2694 2446 2750 pugna
2493 2689 2545 2734 et
2584 2688 2856 2734 certamen
2899 2689 2981 2735 est
3016 2697 3030 2733 :
3077 2679 3202 2747 quia
3240 2692 3344 2731 non
3384 2685 3468 2730 est
3505 2671 3658 2727 nobis

2080 2785 2256 2840 pugna
2295 2773 2553 2828 adversus
2583 2788 2802 2828 carnem
2827 2785 2882 2827 et
2908 2772 3246 2842 sanguinem.
3273 2768 3522 2838 Alioquin
3553 2780 3658 2821 non

2080 2873 2223 2920 esset
2259 2867 2414 2921 nobis
2446 2866 2634 2920 fortior
2666 2865 3027 2920 adversarius.
3059 2863 3164 2917 Sed
3196 2861 3450 2930 quoniam
3473 2860 3660 2913 adver-

2081 2972 2199 3012 sum
2235 2957 2572 3026 principatus
2602 2966 2655 3011 et
2705 2965 3019 3026 potestates,
3059 2964 3114 3008 et
3151 2955 3436 3008 adversum
3475 2951 3656 3004 mundi

2081 3049 2241 3118 huius
2279 3059 2518 3104 rectores
2566 3049 2932 3112 tenebrarum,
2962 3055 3019 3101 et
3056 3047 3339 3100 adversum
3389 3043 3657 3114 spiritalia

2006 3160 2049 3217 ο
2083 3141 2335 3211 nequitiae
2391 3148 2472 3195 est
2534 3140 2838 3203 luctamen,
2900 3138 3101 3195 idcirco
3161 3137 3292 3192 dicit
3343 3136 3658 3207 propheta:

2088 3253 2106 3285 ι
2139 3234 2396 3297 Domine,
2447 3233 2668 3288 humilia
2716 3232 2844 3286 mihi
2895 3231 3150 3287 fortiores
3197 3244 3299 3283 Ine.
3335 3227 3662 3296 sQuomodo

2083 3327 2227 3382 enim
2254 3341 2358 3380 non
2385 3326 2501 3380 haec
2527 3334 2672 3380 tanta
2705 3327 2992 3394 spirituum
3016 3326 3116 3388 vis,
3137 3324 3293 3394 longe
3316 3323 3387 3376 sit
3428 3323 3661 3377 humane

2085 3417 2374 3488 fragilitate
2415 3417 2826 3473 vehementior?
2874 3415 2978 3471 Sed
3032 3416 3083 3470 in
3132 3430 3196 3469 eo
3249 3414 3387 3467 Deus
3442 3411 3664 3478 adiuvat

2086 3508 2451 3562 inﬁrmitatem
2500 3516 2771 3572 nostram,
2817 3506 2868 3561 in
2923 3521 3029 3576 quo
3073 3504 3206 3560 dicit
3247 3503 3533 3572 Apostolus
3563 3500 3608 3534 “
3647 3518 3660 3552 :

2090 3619 2107 3651 ‹
2150 3598 2342 3655 Omnia
2375 3613 2594 3669 possum
2623 3599 2674 3652 in
2706 3612 2771 3652 eo
2800 3597 2890 3666 qui
2920 3612 3004 3651 me
3045 3595 3336 3657 confortat,
3371 3613 3389 3648 θ
3421 3593 3660 3650 Christo.

2086 3691 2223 3745 Sunt
2248 3690 2364 3744 ista:
2389 3690 2605 3758 quidem
2653 3690 2881 3742 virtutes
2927 3686 3182 3741 fortiores
3216 3686 3408 3739 nobis:
3440 3682 3534 3740 sed
3567 3683 3664 3736 ite-

2087 3797 2204 3834 rum
2237 3780 2326 3849 qui
2352 3781 2403 3834 in
2429 3778 2584 3832 nobis
2623 3788 2706 3832 est
2736 3776 3004 3840 Christus,
3040 3786 3094 3830 et
3117 3774 3394 3832 confortat
3431 3789 3554 3838 nos,
3584 3782 3666 3826 est

2084 3871 2325 3927 omnium
2361 3868 2582 3934 fortior;
2628 3868 2711 3922 cui
2750 3877 2832 3922 est
2874 3868 3042 3938 gloria
3074 3877 3126 3923 et
3164 3865 3447 3935 imperium
3484 3864 3535 3918 in
3574 3880 3664 3918 sm-

2087 3963 2206 4018 cula
2244 3961 2583 4019 saeculorum.
2619 3961 2808 4014 Amen.

2657 4073 2939 4131 HOMILIA
2983 4073 3092 4129 VII.

2086 4168 2164 4223 De
2205 4185 2263 4223 eo
2306 4169 2443 4238 quod
2496 4167 2910 4288 ιναηειαιὶήιιιιῖς
2971 4163 3072 4230 ﬁlii
3128 4160 3310 4217 Israel
3359 4162 3428 4213 in-
3480 4173 3666 4211 manus

2817 4254 2846 4287 a
2890 4249 3002 4287 tan.

2817 4249 3002 4287 natan.

2161 4331 2212 4384 I.
2234 4328 2478 4395 Quiescit
2508 4336 2651 4381 terra
2681 4325 2852 4380 donec
2880 4322 3105 4393 quiescit
3133 4328 3438 4390 peccatum.
3466 4316 3664 4371 Moveri

2092 4429 2272 4476 autem
2301 4421 2501 4476 dicitur
2523 4427 2687 4482 terra,
2721 4417 2822 4470 hoc
2843 4423 2949 4478 est,
2976 4415 3008 4467 ii
3040 4413 3130 4480 qui
3157 4411 3401 4465 habitant
3438 4419 3666 4470 terram,

412 4515 500 4559 tur
532 4518 652 4560 esse
678 4505 842 4560 asina:
891 4503 1257 4573 refulgentes?
1308 4505 1449 4560 Dicit
1490 4511 1633 4565 enim
1682 4513 1982 4582 Scriptura,
2019 4497 2064 4552 Ῑ)
2093 4529 2213 4567 cum
2236 4512 2446 4566 animas
2476 4510 2758 4565 hominum
2787 4520 3004 4561 movere
3032 4501 3296 4571 cmperint
3317 4540 3331 4564 ,
3375 4508 3428 4553 et
3459 4507 3668 4569 pertur-

409 4597 534 4664 quia
570 4605 816 4665 Oporteat
845 4596 1168 4651 benedicere
1195 4597 1483 4653 Dominum
1526 4616 1618 4656 eos
1668 4603 1758 4672 qui
1791 4605 1984 4661 sedent

410 4701 574 4755 super
626 4689 869 4743 vehicula
917 4699 972 4744 et
1020 4708 1184 4760 super
1234 4695 1414 4750 asinas
1465 4695 1811 4765 refulgentes.
1858 4699 1980 4753 Mihi

409 4780 559 4834 velut
603 4780 654 4835 in
699 4782 835 4838 locis
882 4785 956 4838 ita
1005 4783 1307 4840 difﬁcilibus
1348 4788 1454 4842 tale
1494 4788 1696 4856 aliquid
1724 4791 1980 4845 videtur:

411 4889 531 4928 cum
555 4873 857 4942 iumentum
895 4879 1016 4944 hoc,
1047 4879 1099 4932 id
1143 4888 1226 4934 est
1263 4895 1461 4950 corpus
1498 4895 1696 4943 meum,
1726 4881 1824 4935 sub
1854 4881 1986 4951 iugo

413 4967 619 5021 venerit
642 4969 789 5023 verbi
825 4969 936 5035 Dei,
972 4981 1100 5026 tunc
1138 4973 1440 5028 vehiculum
1472 4972 1716 5041 corporis
1747 4973 1848 5026 mei
1897 4989 1986 5029 re-

409 5054 694 5123 splendere
722 5056 974 5127 incipiet;
1021 5069 1077 5114 et
1121 5061 1274 5114 asina
1314 5061 1448 5127 haec,
1481 5058 1534 5114 id
1570 5071 1652 5115 est
1687 5076 1814 5115 caro
1848 5077 1986 5128 mea,

414 5157 541 5204 tunc
573 5149 843 5220 refulgere
872 5151 1101 5215 dicetur,
1141 5167 1262 5206 cum
1307 5153 1574 5206 castitatis
1614 5166 1678 5207 ac
1713 5154 1988 5222 pudicitiae

413 5240 576 5296 fuerit
601 5241 884 5310 splendore
906 5243 1181 5297 decorata.
1213 5242 1278 5297 Et
1305 5243 1377 5298 ita
1404 5253 1550 5298 recte
1579 5240 1770 5298 dicitur
1803 5245 1987 5301 anima

2093 4606 2225 4658 bare
2257 4612 2497 4673 peccata.
2533 4601 2601 4656 Et
2646 4600 2768 4654 ideo
2801 4598 3060 4665 scriptum
3093 4605 3177 4648 est
3222 4594 3323 4646 hoc
3357 4591 3500 4660 quod
3528 4605 3670 4644 nunc

2091 4711 2330 4766 praesens
2361 4694 2521 4747 lectio
2544 4693 2807 4746 continuet.
2845 4707 2864 4741 ι
2900 4688 2964 4742 Et
2989 4686 3212 4756 quievit,
3242 4685 3414 4753 inquit
3433 4683 3501 4747 ”,
3526 4691 3669 4736 terra

2091 4784 2448 4854 quadraginta
2480 4783 2659 4839 annis.
2691 4783 2756 4835 Et
2779 4779 3023 4836 fecerunt
3053 4777 3144 4832 lilii
3180 4773 3668 4844 Israel-malignum

2093 4877 2146 4930 in
2179 4885 2468 4944 conspectu
2502 4872 2737 4935 Domini,
2761 4880 2815 4926 et
2850 4869 3070 4924 tradidit
3108 4882 3203 4922 eos
3237 4868 3287 4921 in
3333 4880 3526 4920 manus
3560 4864 3672 4917 Ma-

2091 4968 2215 5022 dian
2264 4967 2422 5021 annis
2465 4973 2691 5034 septem,
2738 4971 2792 5017 et
2841 4961 3069 5016 invaluit
3113 4959 3321 5014 Madian
3374 4971 3537 5026 super
3589 4955 3669 5011 ls-

2092 5062 2205 5116 rael
2235 5058 2301 5114 “.
2341 5079 2360 5112 ι
2396 5059 2526 5113 Dum
2572 5065 2717 5112 esset
2759 5070 2890 5126 ergo
2925 5054 3132 5126 iustitia
3171 5054 3224 5107 in
3275 5061 3445 5115 terra,
3493 5049 3546 5104 id
3587 5059 3672 5105 est

2094 5154 2147 5206 in
2183 5153 2248 5206 iis
2280 5152 2371 5222 qui
2411 5150 2657 5205 habitant
2702 5157 2924 5211 terram,
2953 5146 3224 5216 quievisse
3257 5143 3450 5197 dicitur
3481 5150 3666 5205 terra;

2093 5260 2214 5300 cum
2246 5260 2374 5299 vero
2410 5244 2638 5298 increvit
2665 5239 2944 5310 iniquitas,
2987 5249 3042 5293 et
3083 5236 3331 5293 fecerunt
3367 5235 3478 5307 (75)
3509 5234 3667 5288 mali-

481 5406 595 5437 ⁸⁵⁸⁸³
621 5403 742 5460 Jud.
773 5403 897 5469 v,9.
961 5406 1006 5436 δ’
1037 5405 1168 5459 Phil.
1191 5405 1344 5466 ttt,8.
1395 5405 1622 5462 “ICor.
1651 5405 1779 5468 H.9-
1836 5407 1880 5438 ⁸⁸⁵
1895 5407 1978 5463 ³η(

2079 5449 2089 5472 ,
2124 5408 2177 5468 9.
2215 5407 2296 5461 10.
2360 5409 2404 5439 ⁸⁸
2433 5405 2559 5461 ibid.
2583 5405 2670 5460 10.
2730 5405 2774 5436 “
2794 5404 2924 5460 ibid.
2949 5404 3034 5458 il.
3095 5402 3288 5458 "ibid.
3349 5401 3394 5433 ⁸⁸
3419 5397 3549 5453 ibid.
3577 5399 3661 5452 li.

411 5474 457 5506 "
496 5475 625 5530 ibid.
699 5474 746 5507 “
776 5475 906 5531 ibid.
941 5475 1025 5530 15.
1100 5477 1142 5507 ⁹¹
1176 5476 1368 5545 Philip.
1391 5491 1466 5541 tv,
1500 5477 1586 5530 15.
1661 5478 1706 5508 ⁸³
1735 5473 1858 5530 Jud.
1892 5494 1946 5543 ν,
1977 5519 1978 5524 η

2143 5479 2188 5510 ’³
2214 5478 2418 5541 Jud.vr,
2450 5477 2501 5531 I.

486 5566 598 5639 (73)
629 5565 720 5623 Sic
749 5583 880 5623 mss.
913 5567 1058 5622 Libri
1090 5583 1217 5622 vero
1248 5569 1400 5634 editi,
1425 5587 1441 5620 ‹
1479 5569 1550 5623 ita
1589 5569 1812 5639 spiritus
1841 5585 1984 5638 purae

416 5639 628 5708 mentis,
659 5639 750 5708 qui
787 5640 1000 5692 sincere
1030 5648 1211 5700 canat,
1244 5649 1319 5692 ut.
1366 5658 1383 5689 ι

484 5707 598 5778 (Ἠ)
626 5707 874 5761 Abinoem
927 5709 1194 5775 responsio
1238 5709 1401 5778 patris
1454 5708 1841 5778 interpretatur.
1877 5707 1987 5761 Me-

416 5778 521 5832 lius
587 5787 924 5844 verteretur,
979 5795 995 5827 ‹
1061 5777 1346 5832 ammnitas
1414 5777 1621 5845 patris,
1675 5798 1692 5830 ι
1769 5780 1834 5831 ab
1883 5788 1988 5839 DY:

2101 5590 2120 5621 r
2168 5572 2477 5636 amoenitas,
2525 5589 2543 5622 ι
2584 5579 2636 5624 et
2664 5582 2742 5629 me
2776 5587 2794 5620 ε
2832 5575 3001 5637 pater.
3044 5585 3060 5616 ι

2071 5658 2075 5662 '
2167 5641 2280 5710 (75)
2315 5629 2487 5706 M5,:
2528 5629 2873 5710 increvit...2.
2927 5637 3186 5689 fecerunt.
3249 5652 3267 5683 ι
3311 5629 3463 5686 I.ibb.
3512 5630 3673 5698 editi;

2097 5732 2112 5762 ‹
2160 5709 2540 5767 increverit....
2582 5709 2825 5763 fecerint.
2869 5725 2886 5756 ι
