4124 6402
464 368 566 426 979

1911 363 2228 422 ORIGENIS

3608 366 3713 423 980

464 501 632 558 gnum
669 486 720 539 in
752 493 1044 555 conspectu
1077 484 1314 551 Domini,
1344 504 1363 537 ι
1403 495 1530 541 tunc
1573 485 1811 550 tradidit,
1853 485 2044 553 inquit,
2078 484 2123 538 Α
2153 481 2380 537 libenter
2408 484 2684 548 ascendat,
2723 485 3022 554 depereunt
3057 485 3238 541 omnia
3266 501 3387 556 quae
3415 486 3565 554 prius
3597 487 3710 543 fue-

463 592 562 633 eos
611 576 871 632 Dominus
921 578 972 630 in
1035 593 1226 632 manus
1285 576 1497 632 Madian
1548 579 1701 633 annis
1739 585 1965 646 septem.
2014 595 2031 626 ι

466 669 576 723 Nec
607 669 860 722 dicuntur
905 669 1200 724 invaluisse
1239 667 1544 723 Madianita:
1592 684 1752 739 super
1785 668 2038 737 populum

464 761 699 822 Domini,
741 761 914 815 donec
969 773 1238 832 praecepta
1285 762 1494 817 Domini
1531 761 1756 830 populus
1803 759 2041 813 custodi-

461 855 558 906 vit.
591 854 722 908 Cum
760 870 888 909 vero
920 855 1194 925 negligere
1226 855 1389 921 cmpit
1428 855 1675 907 mandata
1717 852 1918 915 divina,
1953 865 2041 903 ro-

465 946 673 998 bustior
700 955 754 999 et
781 946 1009 1000 validior
1041 946 1230 1000 effecta
1257 957 1337 999 est
1361 946 1620 999 adversus
1651 961 1772 998 eum
1801 945 2035 998 hostium

465 1051 676 1090 manus.
715 1037 781 1091 Et
823 1038 1108 1093 adversum
1149 1040 1366 1106 quidem
1414 1037 1562 1090 illum
1595 1038 1830 1106 priorem
1869 1052 2039 1105 pepu-

463 1125 573 1180 Ium
615 1129 925 1196 corporales
964 1131 1314 1200 insurgebant
1354 1130 1571 1193 hostes,
1616 1145 1738 1182 eum
1777 1129 2034 1198 deliquis-

465 1230 582 1284 set;
618 1220 900 1274 adversum
929 1236 1030 1275 nos
1060 1231 1261 1281 autem.
1293 1222 1382 1290 qui
1414 1220 1575 1274 Israel
1610 1220 1901 1275 secundum
1927 1220 2038 1289 spi-

463 1309 627 1363 ritum
671 1310 781 1381 (76)
821 1312 1084 1378 dicimur,
1149 1312 1410 1380 spiritalis
1462 1313 1580 1366 sine
1645 1310 1809 1366 dubio
1867 1312 2037 1365 hostis

469 1400 722 1472 insurgit,
779 1412 833 1458 et
885 1419 1007 1458 cum
1060 1405 1309 1457 mandata
1364 1402 1455 1456 Dei
1508 1403 1860 1472 negligimus,
1913 1417 2034 1455 eum

462 1491 740 1547 Christum
774 1495 1190 1559 contemnimus,
1218 1494 1450 1547 validior
1479 1493 1763 1547 adversum
1799 1507 1894 1546 nos
1929 1506 2037 1545 ma-

463 1601 563 1639 nus
601 1586 902 1639 daemonum
929 1586 1159 1640 efficitur
1194 1604 1206 1639 :
1239 1595 1292 1639 et
1323 1585 1587 1638 tradimur
1609 1585 1771 1640 etiam
1809 1599 1904 1638 nos
1937 1585 2038 1638 ini-

464 1678 638 1737 micis,
668 1693 789 1731 cum
825 1679 1126 1732 deserimur
1155 1695 1183 1730 a
1222 1680 1418 1747 gratia.

528 1767 581 1820 2.
616 1766 723 1820 Sed
760 1768 1037 1820 videamus
1062 1768 1188 1834 quid
1220 1769 1416 1822 accidit
1440 1769 1539 1833 eis,
1571 1767 1664 1836 qui
1697 1765 1880 1820 traditi
1912 1773 2036 1819 sunt

458 1872 554 1925 pro
585 1859 824 1925 peccatis
855 1858 983 1911 suis.
1029 1875 1048 1909 ι
1083 1858 1147 1911 Et
1190 1857 1443 1928 fugerunt
1466 1903 1479 1925 ,
1530 1858 1708 1927 inquit
1731 1858 1800 1922 ",
1835 1857 1925 1910 ﬁlii
1961 1856 2038 1910 Is-

460 1950 568 2002 rael
603 1965 632 2003 a
662 1950 800 2004 facie
828 1949 1037 2003 Madian
1067 1965 1162 2017 per
1187 1959 1336 2020 septa
1367 1951 1417 2004 in
1450 1951 1816 2015 moutibus,et
1839 1949 1890 2002 in
1915 1962 2039 2016 spe-

454 2038 652 2105 Iuncis,
668 2049 721 2094 et
745 2041 796 2094 in
831 2041 1260 2106 munitionibus;
1285 2051 1337 2095 et
1365 2039 1702 2095 efficiebatur
1731 2055 1851 2093 eum
1885 2039 2042 2092 semi-

455 2141 641 2186 nasset
667 2132 750 2186 vir
781 2131 969 2196 Israel,
996 2132 1360 2186 ascendebant
1388 2129 1596 2185 Madian
1631 2141 1686 2186 et
1714 2130 1954 2195 Amalec,
1984 2138 2039 2184 et

456 2221 548 2275 lilii
575 2223 814 2278 Orientis
842 2237 1008 2292 super
1037 2239 1151 2289 eos,
1175 2232 1229 2278 et
1252 2224 1704 2291 superveniehant
1735 2223 1834 2286 eis,
1860 2231 1912 2276 et
1937 2236 2036 2275 ex-

457 2316 817 2368 terminabant
835 2330 1023 2369 omnes
1050 2316 1256 2369 fructus
1284 2325 1467 2378 terrae,
1486 2328 1764 2384 usquequo
1787 2312 2038 2383 perveni-

453 2415 606 2459 retur
627 2406 677 2459 in
703 2405 927 2460 Gazam.
951 2425 968 2458 ›
991 2406 1113 2461 Haec
1127 2407 1340 2476 quidem
1359 2407 1788 2476 patiebaturille,
1805 2406 1894 2476 qui
1920 2415 2037 2461 erat

450 2498 750 2550 secundum
787 2511 1007 2553 carnem
1052 2497 1238 2553 Israel.
1295 2498 1611 2554 Seminahat
1662 2508 1892 2564 terram,
1937 2500 2032 2553 sed

452 2589 705 2655 quoniam
725 2603 822 2659 pro
841 2590 1080 2658 peccatis
1096 2591 1208 2644 suis
1235 2592 1462 2645 traditus
1485 2599 1604 2643 erat
1632 2591 2035 2660 insurgentibus

453 2679 722 2743 Inimicis,
765 2695 866 2750 pro
903 2680 1147 2750 frugibus
1179 2683 1579 2750 corruptionem
1619 2683 1873 2736 metebat.
1920 2679 2031 2735 No—

449 2769 536 2824 bis
563 2785 690 2824 vero
711 2771 803 2840 qui
830 2771 1124 2826 secundum
1163 2773 1410 2841 spiritum
1457 2772 1621 2827 Israel
1665 2774 2028 2839 nominamur,

453 2862 580 2929 quid
612 2863 719 2916 tale
741 2863 986 2917 accidere
1024 2873 1202 2931 potest
1237 2863 1662 2917 consideremus.
1695 2864 1788 2917 Est
1812 2865 2030 2932 quando

459 2952 615 3024 473
647 2955 997 3019 seminamus,
1041 2963 1092 3008 et
1125 2970 1230 3010 non
1260 2965 1490 3023 possunt
1537 2955 1741 3011 inimici
1776 2970 2026 3009 corrum-

450 3056 580 3110 pere
614 3043 822 3097 semina
858 3059 979 3113 quae
1006 3043 1361 3108 seminamus,
1389 3060 1495 3098 non
1537 3053 1768 3115 possunt
1798 3046 1913 3114 apri
1947 3047 2027 3098 in-

2145 586 2264 629 rant
2299 578 2350 629 in
2393 577 2588 630 horreo
2622 579 2969 631 conscientiae
3016 591 3366 648 congregata.
3409 579 3704 644 Propterea

2142 684 2269 737 ergo
2304 669 2596 737 Scriptura:
2630 679 2834 724 sanctae
2871 672 3026 724 nobis
3060 671 3326 724 servanda
3357 672 3708 724 commonitio

2141 772 2224 816 est
2257 763 2488 818 dicentis
2507 765 2554 795 ’⁸
2584 781 2597 816 :
2636 781 2654 813 ι
2681 763 2837 818 Omni
2871 765 3116 818 custodia
3156 779 3311 818 serva
3355 773 3503 817 tuum
3542 779 3653 818 cor.
3684 782 3704 817 ι

2141 850 2567 906 Custodiendum
2611 861 2695 906 est
2737 851 2897 919 igitur
2934 868 3028 906 cor
3076 854 3143 904 ab
3176 852 3320 905 omni
3371 863 3613 920 peccato,
3655 862 3709 906 et

2141 943 2408 1010 praseipue
2458 943 2512 995 in
2557 950 2797 1009 tempore
2845 943 3259 1011 persecutionis.
3313 941 3369 996 Si
3429 942 3514 996 cui
3563 943 3705 996 enim

2140 1036 2374 1099 accidat,
2407 1044 2466 1088 ut
2515 1035 2567 1089 in
2615 1032 2796 1104 aliquo
2851 1036 3065 1104 quidem
3122 1045 3364 1101 tempore
3412 1046 3708 1105 enngreget

2140 1126 2348 1181 fructus
2377 1126 2625 1196 iustitiae,
2668 1127 2954 1194 conquirat
2989 1141 3149 1193 opera
3181 1125 3466 1189 virtutum,
3506 1135 3710 1180 et'om-

2140 1218 2300 1273 nibus
2344 1233 2402 1272 se
2433 1221 2839 1289 probatissimis
2879 1218 3092 1273 excolat
3123 1219 3445 1285 disciplinis,
3493 1220 3544 1273 in
3578 1234 3703 1288 per-

2138 1310 2436 1366 secutionis
2477 1326 2608 1366 vero
2643 1321 2886 1379 tempore
2935 1311 3162 1379 deneget
3200 1309 3387 1373 ﬁdem,
3428 1310 3530 1363 iste
3573 1324 3704 1363 cou-

2137 1401 2250 1455 dita
2295 1403 2473 1456 omnia
2542 1402 2867 1467 evacuavit,
2919 1415 2983 1454 ex
3049 1401 3300 1453 omnibus
3353 1399 3704 1452 facultatibus

2137 1493 2249 1546 suis
2281 1493 2455 1546 nudus
2486 1501 2712 1561 repente
2754 1500 2806 1546 et
2835 1491 3012 1545 inanis
3050 1488 3274 1544 effectus
3306 1499 3408 1552 est,
3446 1491 3571 1558 quia
3615 1491 3708 1544 diu

2139 1584 2428 1651 quaesitus,
2481 1593 2535 1637 et
2586 1583 2753 1636 multo
2797 1583 2888 1636 vix
2936 1582 3122 1635 labore
3174 1582 3473 1646 collectus,
3527 1580 3709 1634 subito

2136 1677 2314 1732 omnis
2343 1675 2544 1730 effusus
2575 1685 2657 1731 est
2689 1676 2880 1730 labor:
2916 1685 2969 1730 et
3003 1676 3145 1728 sicut
3179 1675 3312 1728 dicit
3344 1675 3608 1744 propheta
3634 1674 3702 1739 ’⁷,

2146 1785 2164 1817 ‹
2192 1782 2380 1822 omnes
2408 1768 2634 1838 iustitia:
2669 1766 2786 1836 ejus
2812 1781 2946 1835 quas
2987 1765 3136 1830 fecit,
3170 1779 3278 1819 non
3315 1778 3708 1818 commemora-

2146 1861 2368 1914 buntur.
2393 1878 2410 1912 ›
2455 1859 2749 1929 PrOpterea
2790 1873 2946 1928 ergo,
2967 1857 3187 1917 fratres,
3212 1858 3565 1924 deprecemur
3607 1854 3708 1907 Do-

2143 1952 2346 2007 minum
2377 1952 2697 2006 conﬁtentes
2721 1951 2767 2004 ei
2801 1950 3171 2004 infirmitatem
3210 1958 3478 2010 nostram,
3511 1961 3579 2000 ne
3609 1960 3708 1999 nos

2143 2045 2318 2097 tradat
2352 2044 2404 2097 in
2439 2058 2628 2098 manus
2663 2041 2895 2102 Madian,
2925 2055 2992 2095 ne
3019 2039 3198 2094 tradat
3237 2040 3428 2095 bestiis
3467 2039 3704 2092 animam

2141 2131 2485 2185 conﬁtentem
2516 2130 2639 2194 sibi,
2670 2145 2736 2183 ne
2779 2143 2876 2182 nos
2903 2129 3080 2180 tradat
3110 2127 3162 2180 in
3205 2141 3396 2180 manus
3428 2135 3705 2194 potentum

2138 2235 2329 2276 eorum
2357 2223 2451 2291 qui
2485 2221 2688 2287 dicunt,
2717 2219 2945 2286 Quando
2974 2220 3153 2274 veniet
3198 2229 3407 2289 tempus
3455 2229 3512 2272 ut
3550 2219 3704 2272 detur

2138 2315 2292 2370 nobis
2333 2323 2571 2385 potestas
2619 2315 2873 2368 adversus
2910 2313 3272 2379 Christianos,
3308 2313 3526 2382 quando
3587 2321 3703 2364 tra-

2137 2407 2333 2461 dentur
2362 2409 2413 2462 in
2443 2421 2634 2461 manus
2665 2415 2877 2461 nostras
2909 2405 2998 2459 isti
3033 2405 3124 2473 qui
3157 2420 3215 2458 se
3249 2406 3434 2459 dicunt
3475 2405 3702 2471 habere,

2136 2499 2217 2553 vel
2253 2514 2414 2554 nosse
2449 2499 2654 2553 Deum?
2687 2499 2840 2565 Quod
2871 2507 2926 2551 et
2970 2499 3014 2552 si
3054 2497 3354 2563 tradamur,
3395 2507 3449 2551 et
3481 2511 3704 2567 accepe-

2138 2592 2246 2644 rint
2280 2599 2603 2659 potestatem
2639 2590 2830 2652 nostri,
2856 2603 3073 2643 oremus
3105 2589 3349 2657 accipere
3380 2605 3409 2641 a
3452 2588 3561 2642 Deo
3593 2589 3702 2641 vir-

2139 2691 2328 2748 tutem,
2363 2690 2420 2736 ut
2452 2683 2724 2737 sustinere
2751 2681 3019 2750 possimus
3045 2694 3059 2733 :
3087 2690 3144 2734 ut
3173 2691 3225 2733 et
3259 2681 3391 2734 ﬁdes
3425 2689 3606 2733 nostra
3648 2681 3701 2735 in

2135 2773 2401 2844 pressuris
2431 2781 2485 2828 et
2517 2771 2970 2827 tribulationibus
2999 2771 3202 2825 clarior
3239 2770 3354 2834 ﬁat,
3384 2779 3441 2823 ut
3483 2785 3576 2838 per
3606 2785 3703 2838 pa-

2133 2867 2376 2920 tientiam
2410 2874 2649 2919 nostram
2685 2863 2900 2917 illorum
2931 2870 3214 2932 superetur
3243 2861 3596 2930 impudentia,
3622 2870 3703 2925 et,

2131 2960 2272 3013 sicut
2302 2958 2439 3012 dixit
2464 2957 2747 3021 Dominus,
2775 2955 2828 3009 in
2858 2968 3041 3009 nostra
3067 2952 3326 3022 patientia
3356 2954 3704 3022 acquiramus

2129 3051 2348 3102 animas
2397 3059 2617 3101 nostras
2655 3045 2700 3077 ’⁸
2745 3045 2920 3112 :quia
2983 3062 3002 3095 ‹
3052 3043 3328 3098 tribulatio
3387 3041 3700 3111 patientiam

450 3132 638 3186 sidiari
692 3133 916 3189 culturae
953 3145 1188 3189 nostrae:
1225 3144 1308 3188 est
1353 3145 1534 3190 autem
1585 3137 1809 3207 quando
1859 3136 2024 3191 semi-
2053 3140 2095 3199 C
2129 3150 2400 3208 operatur,
2437 3136 2698 3206 patientia
2729 3151 2857 3190 vero
2896 3136 3298 3203 probationem,
3335 3134 3581 3204 probatio
3608 3147 3703 3184 au-

449 3238 642 3278 namus
684 3233 738 3278 et
783 3235 1208 3293 corrumpuntur
1251 3241 1372 3294 quae
1427 3228 1776 3282 seminamus.
1824 3228 2023 3282 Paulus

446 3329 547 3369 nos
582 3317 859 3384 apostolus
888 3317 953 3372 de
983 3317 1084 3372 hac
1125 3318 1425 3372 seminandi
1461 3318 1656 3374 doceat
1697 3318 2021 3374 differentia.

449 3403 583 3458 Audi
615 3421 744 3475 ergo
776 3405 889 3475 ipse
917 3406 1043 3474 quid
1077 3406 1246 3460 dicit:
1281 3425 1299 3456 ι
1329 3406 1429 3472 Qui
1455 3409 1712 3474 seminat,
1741 3409 1917 3475 inquit
1953 3409 2020 3471 ⁸³,

451 3493 503 3549 in
543 3507 728 3559 carne,
755 3497 820 3550 de
848 3510 1010 3550 carne
1045 3505 1211 3549 metet
1257 3496 1684 3563 corruptionem.
1718 3496 1785 3550 Et
1814 3499 1906 3565 qui
1939 3514 2023 3550 se-

448 3585 617 3638 minat
645 3587 695 3638 in
726 3585 938 3650 spiritu,
967 3586 1033 3638 de
1059 3585 1250 3651 spiritu
1285 3593 1452 3636 metet
1481 3584 1644 3636 vitam
1683 3594 1969 3638 aeternam.
2000 3604 2016 3635 ι

451 3673 538 3729 Isti
576 3689 702 3730 sunt
748 3691 901 3744 ergo,
937 3691 1167 3744 quorum
1204 3674 1410 3728 semina
1444 3673 1750 3728 Madianitze
1782 3689 2022 3729 corrum-

450 3778 617 3836 punt,
670 3768 762 3836 qui
818 3768 868 3820 in
922 3782 1088 3821 carne
1142 3768 1431 3820 seminam.
1481 3765 1571 3820 Isti
1622 3777 1746 3822 sunt
1792 3783 2019 3836 quorum

450 3857 659 3913 fruetus
705 3858 1158 3923 exterminantur,
1185 3866 1238 3911 et
1275 3866 1523 3924 pereunt.
1572 3857 1663 3912 Illa
1713 3869 1891 3912 autem
1936 3875 2021 3913 se-

447 3950 617 4013 mina,
647 3965 767 4018 quae
798 3950 848 4002 in
883 3949 1075 4017 spiritu
1124 3950 1480 4017 seminantur,
1511 3967 1617 4005 non
1652 3961 1879 4020 possunt
1907 3951 2020 4006 Ma-

446 4041 662 4096 dianitze
692 4058 1062 4113 corrumpere.
1091 4043 1206 4097 Non
1239 4043 1386 4098 enim
1428 4053 1655 4114 possunt
1693 4045 2020 4099 adversaria:

445 4146 736 4206 potestates
777 4139 1073 4193 ascendere
1117 4141 1182 4192 ad
1225 4137 1498 4206 spiritales
1548 4153 1792 4207 campos,
1822 4146 1875 4192 et
1920 4154 2018 4193 no-

442 4224 576 4276 valia
613 4226 835 4293 spiritus
883 4235 1149 4280 temerare
1199 4240 1390 4280 eorum
1439 4226 1528 4295 qui
1586 4241 1692 4279 non
1742 4228 2017 4280 seminant

442 4328 604 4380 super
654 4315 868 4383 spinas,
909 4314 1003 4368 sed
1052 4315 1314 4367 innovant
1372 4311 1476 4367 sibi
1532 4312 1789 4368 novalia:
1822 4314 1916 4368 sed
1965 4324 2020 4368 et

443 4405 568 4458 illud
605 4405 911 4460 addendum
942 4413 1022 4459 est
1049 4424 1064 4460 :
1097 4405 1219 4458 volo
1265 4405 1409 4458 enim
1439 4413 1493 4456 et
1526 4404 1789 4470 meipsum
1842 4405 2017 4459 vobis-

2127 3239 2233 3282 tem
2265 3243 2412 3298 spem
2438 3227 2505 3283 ”.
2533 3247 2550 3279 ι
2585 3226 2865 3281 Pertendit
2896 3226 3039 3280 enim
3085 3234 3272 3280 nostra
3310 3225 3558 3293 probatio
3595 3238 3700 3277 non

2124 3333 2294 3386 usque
2326 3318 2392 3372 ad
2427 3316 2653 3371 verbera
2682 3315 2881 3379 solum,
2910 3314 3002 3368 sed
3031 3327 3204 3382 usque
3227 3313 3292 3365 ad
3328 3312 3697 3381 profusionem

2123 3410 2403 3478 sanguinis
2436 3409 2722 3476 pervenit:
2757 3407 2882 3474 quia
2928 3413 2982 3457 et
3012 3404 3262 3457 Christus
3308 3417 3469 3470 quem
3513 3403 3703 3471 sequi-

2125 3515 2267 3561 mur,
2315 3514 2411 3567 pro
2467 3495 2836 3563 redemptione
2893 3501 3076 3545 nostra
3134 3490 3324 3544 effudit
3381 3494 3701 3560 sanguinem

2125 3605 2304 3653 suum,
2337 3598 2395 3641 ut
2430 3587 2556 3640 inde
2599 3598 2861 3640 exeamus
2892 3582 2985 3635 loti
3032 3581 3295 3649 sanguine
3340 3592 3546 3635 nostro.
3589 3580 3692 3631 Ba-

2123 3681 2319 3749 ptisma
2343 3680 2487 3731 enim
2519 3674 2801 3744 sanguinis
2836 3673 3008 3727 solum
3031 3679 3114 3727 est
3139 3671 3278 3739 quod
3324 3685 3425 3724 nos
3451 3671 3698 3738 puriores

2125 3770 2350 3833 reddat,
2401 3782 2564 3837 quam
2617 3779 2774 3834 aqua:
2827 3763 3129 3832 baptisrnus
3182 3760 3437 3814 reddidit.
3483 3758 3548 3810 Et
3597 3759 3699 3812 hoe

2121 3881 2220 3935 ego
2267 3879 2367 3916 non
2420 3875 2724 3929 praesumo,
2779 3859 2871 3912 sed
2920 3855 3197 3922 Scriptura
3237 3850 3442 3916 refert,
3488 3851 3704 3908 dicente

2121 3954 2346 4010 Domino
2382 3954 2448 4005 ad
2492 3950 2780 4018 discipulos
2811 3951 2827 3980 ¹
2857 3966 2870 4002 :
2905 3967 2922 3999 ι
2959 3948 3284 4014 Baptismum
3322 3945 3496 3998 habeo
3534 3941 3698 4010 bapti-

2121 4063 2245 4101 zare
2271 4045 2416 4114 quod
2449 4057 2543 4097 vos
2579 4041 2818 4096 nescitis.
2860 4040 2924 4092 Et
2951 4043 3221 4107 quomodo
3261 4051 3456 4107 urgeor
3487 4045 3542 4088 ut
3577 4049 3698 4104 per-

2121 4138 2374 4194 ﬁciatur?
2407 4156 2424 4187 )
2459 4134 2623 4187 Vides
2660 4147 2789 4201 ergo
2846 4132 2971 4200 quia
3010 4129 3380 4199 profusionem
3425 4125 3703 4195 sanguinis
3793 4133 3795 4136 ‘

2120 4232 2201 4285 sui
2237 4227 2502 4296 baptisma
2538 4223 2858 4277 nominavit.
2900 4222 2964 4275 Et
3001 4237 3066 4275 ne
3118 4223 3218 4276 ista
3264 4222 3449 4276 dicens
3473 4261 3486 4282 ,
3533 4217 3702 4273 offen-

2121 4322 2266 4384 dam,
2303 4332 2492 4372 vereor
2522 4331 2589 4370 ne
2630 4315 2773 4368 istud
2813 4314 3076 4383 baptisma
3118 4313 3452 4368 eminentius
3493 4313 3561 4364 sit
3611 4309 3702 4363 illo

2120 4413 2445 4480 baptismate
2489 4411 2629 4477 quod
2660 4423 2756 4477 per
2787 4422 2982 4477 aquam
3033 4407 3286 4461 traditur.
3317 4407 3409 4461 Illo
3437 4405 3581 4460 enim
3611 4420 3703 4458 ac-

438 4512 562 4552 cum
601 4498 803 4566 pariter
854 4511 1206 4550 commonere
1253 4495 1321 4550 de
1369 4495 1579 4550 cautela
1628 4497 1917 4564 seminum,
1963 4508 2019 4553 et
2053 4485 2094 4538 ί)
2126 4515 2302 4573 cepto,
2338 4502 2493 4555 valde
2522 4499 2677 4568 pauci
2707 4507 2828 4552 sunt
2874 4498 2944 4550 ita
2981 4496 3149 4558 beati,
3184 4497 3271 4563 qui
3303 4497 3352 4549 id
3385 4496 3699 4549 immacula-

441 4588 768 4655 spiritalium
799 4587 1070 4642 fructuum
1096 4586 1392 4654 diligentia.
1424 4587 1768 4658 Frequenter
1793 4593 2015 4659 accidit,

441 4688 501 4731 ut
553 4678 751 4747 aliquis
807 4679 860 4733 in
917 4691 1083 4745 opere
1152 4677 1382 4746 spiritali
1445 4684 1668 4735 multum
1723 4683 2014 4750 desudans,

440 4768 648 4822 fructus
681 4766 1112 4836 quamplurimos
1147 4766 1357 4832 fecerit,
1395 4777 1449 4820 et
1483 4769 1770 4839 repleverit
1819 4774 2013 4828 horrea

439 4878 532 4915 sua
565 4859 790 4926 iustitia:
827 4858 1094 4929 frugibus,
1141 4867 1196 4912 et
1225 4859 1395 4913 multa
1435 4860 1580 4927 bona
1617 4878 1781 4933 opera
1820 4880 2014 4918 recon-

438 4954 637 5008 diderit
673 4954 723 5006 in
769 4953 1116 5007 conscientia:
1157 4967 1268 5006 suae
1315 4953 1558 5007 conclavi
1599 4971 1616 5009 :
1653 4966 1842 5026 postea
1882 4973 2012 5012 vero

437 5046 482 5099 si
528 5044 787 5114 negligat,
830 5053 883 5097 et
929 5053 1054 5111 post
1099 5044 1341 5102 laborem
1396 5045 1694 5112 proclivius
1743 5047 1807 5100 ad
1854 5049 2010 5102 volu-

437 5144 613 5205 ptates
662 5146 716 5188 et
752 5134 998 5188 luxurias
1031 5144 1246 5204 vergat,
1294 5135 1476 5188 omnia
1520 5136 1568 5189 ei
1624 5137 1888 5190 bonorum
1928 5153 2014 5191 se-

438 5228 616 5293 mina,
658 5226 879 5283 fruetus
932 5228 1108 5282 sancti
1177 5227 1359 5296 operis
1416 5227 1729 5284 dominante
1789 5229 2013 5285 libidine

435 5331 887 5389 corrumpuntur.
918 5319 1052 5373 Cum
1089 5322 1231 5374 enim
1271 5319 1647 5374 subintroierit
1694 5329 2009 5388 peccatum,

434 5422 486 5465 et
525 5414 887 5480 captivaverit
938 5411 1172 5466 hominis
1217 5425 1460 5476 sensum,
1512 5421 1569 5464 ut
1617 5413 1728 5479 jam
1778 5428 1885 5466 non
1933 5429 2014 5468 re-

436 5503 723 5570 spiciatlad
759 5502 1010 5555 mandata
1063 5503 1177 5566 Dei,
1221 5520 1321 5558 nec
1354 5507 1577 5557 arduam
1611 5505 1827 5557 virtutis
1871 5508 2010 5560 viam

505 5594 695 5647 “Jud.
738 5611 808 5655 vr,
841 5595 895 5657 Ξ,
926 5595 979 5658 3,
1013 5595 1065 5649 4.
1144 5597 1187 5628 ⁸⁵
1210 5596 1328 5651 Ga'.
1359 5613 1432 5661 vl,
1467 5598 1519 5652 8.

442 5663 455 5691 '
493 5663 618 5715 an.
648 5680 743 5716 xu.
773 5665 829 5718 5.

1597 5598 1644 5627 "
1679 5597 1842 5653 Prov.
1873 5614 1943 5665 tv,
1979 5601 2067 5656 25.

2128 4605 2238 4649 tum
2270 4607 2440 4661 usque
2481 4592 2546 4645 ad
2586 4590 2786 4644 exitum
2833 4588 2955 4639 vita“.
3001 4602 3218 4642 servare
3271 4589 3560 4657 potuerint.
3589 4586 3700 4641 Iloc

2126 4698 2254 4736 vero
2302 4680 2570 4748 baptismo
2607 4678 2696 4747 qui
2748 4677 3049 4744 baptizatus
3090 4677 3272 4743 fuerit,
3324 4693 3546 4747 peccare
3586 4676 3696 4745 jam

2123 4774 2260 4826 ultra
2297 4787 2399 4824 non
2427 4778 2620 4840 potest.
2655 4768 2722 4821 Et
2753 4768 2794 4820 si
2827 4768 3170 4820 temerarium
3198 4783 3301 4822 nou
3333 4779 3415 4822 est
3448 4769 3498 4821 iu
3536 4769 3700 4822 rebus

2125 4864 2325 4917 talibus
2355 4863 2556 4915 audere
2595 4860 2814 4927 aliquid,
2856 4874 3140 4929 possumus
3177 4862 3376 4923 dicere,
3434 4861 3575 4927 quod
3603 4875 3699 4928 per

2120 4954 2244 5010 illud
2271 4952 2535 5021 baptisma
2559 4951 2824 5017 praeterita
2848 4960 3071 5018 peccata
3097 4963 3420 5021 purgantur:
3442 4969 3535 5021 per
3557 4951 3698 5005 istud

2119 5063 2249 5102 vero
2287 5046 2449 5100 etiam
2483 5044 2662 5097 futura
2699 5043 3058 5111 perimuntur.
3100 5042 3176 5097 Ibi
3212 5055 3430 5110 peccata
3475 5045 3695 5098 dimissa

2119 5148 2268 5200 sunt,
2300 5138 2387 5191 hic
2420 5136 2660 5189 exclusa.
2708 5134 2833 5188 Mihi
2876 5135 2921 5188 si
2965 5137 3287 5191 concederet
3318 5140 3458 5191 Deus
3487 5148 3545 5191 ut
3577 5153 3698 5206 pro-

2120 5232 2241 5300 prio
2295 5227 2555 5296 sanguine
2605 5225 2860 5290 diluerer,
2908 5236 2969 5280 ut
3024 5226 3352 5296 baptismum
3403 5230 3695 5283 secundum

2123 5332 2296 5376 morte
2328 5335 2424 5388 pro
2457 5317 2672 5373 Christo
2703 5327 2952 5384 suscepta
2995 5322 3351 5388 perciperent,
3377 5337 3600 5377 securus
3631 5336 3696 5376 ex

2124 5416 2228 5469 isto
2254 5411 2451 5467 saeculo
2473 5410 2833 5464 discederem:
2855 5420 2912 5463 ut
2935 5411 3156 5468 veniens
3179 5415 3244 5466 ad
3265 5413 3498 5467 animam
3525 5427 3696 5468 meam

2125 5509 2190 5561 de
2232 5506 2333 5559 hac
2377 5505 2485 5556 vita
2520 5515 2804 5558 exeuntem
2845 5505 3096 5574 princeps
3148 5504 3306 5572 hujus
3361 5506 3542 5560 mundi
3594 5519 3696 5559 non

2147 5603 2189 5632 ⁸⁷
2220 5600 2414 5655 Ezech.
2444 5614 2528 5662 III,
2562 5597 2652 5651 20.
2728 5597 2772 5628 "'
2801 5596 2932 5652 Luc.
2964 5613 3075 5664 ut,
3112 5598 3197 5652 I9.
3298 5599 3342 5629 "
3369 5597 3523 5655 Rom.
3555 5615 3609 5664 ν,
3641 5599 3694 5654 ι.

511 5757 620 5825 (76)
652 5756 808 5811 Libb.
840 5768 998 5812 antea
1034 5761 1184 5825 editi,
1221 5779 1236 5810 ε
1271 5761 1360 5828 qui
1403 5761 1566 5815 Israel
1604 5777 1792 5816 sumus
1827 5763 2120 5818 secundum
2154 5779 2391 5819 carnem.
2436 5782 2456 5814 λ
2495 5760 2621 5816 Mss.
2659 5771 2715 5815 ut
2758 5762 2807 5816 iu
2852 5771 3033 5817 nostro
3077 5770 3243 5816 textu.
