4124 6390
429 385 534 439 981

1465 378 1530 431 IN
1573 376 1832 431 LIBRUM
1867 371 2166 430 JL’DICL'ilI
2199 370 2476 427 IIOMILIA
2524 367 2647 422 VIII.

3593 372 3703 426 98?

430 499 700 553 inveniret
732 496 1046 567 quidquam,
1084 494 1212 562 quin
1257 493 1434 560 potius
1483 503 1537 546 et
1586 492 1864 561 sanguinis
1911 493 2012 544 mei
2047 493 2090 548 Α
2121 489 2345 551 Christi,
2381 486 2520 538 ﬁlius
2559 483 2790 537 ellicitur
2829 483 3088 538 Orientis.
3132 482 3221 540 Sic
3251 486 3393 539 enim
3435 486 3696 554 scriptum

434 589 745 659 profusione
777 587 1068 654 sopiretur,
1101 597 1200 636 nec
1238 581 1461 634 auderet
1510 581 1560 633 in
1604 579 1780 647 aliquo
1820 579 2002 632 erimi-

435 679 548 731 nari
579 679 811 732 animam
835 690 1028 729 cruore
1056 690 1153 728 suo
1193 672 1439 736 dilutam,
1477 680 1649 724 morte
1680 685 1774 723 sua
1803 670 2000 722 clariﬁ-

429 780 630 831 catam,
663 768 924 836 sanguine
953 783 1050 820 suo
1086 765 1270 817 lotam.
1302 763 1430 815 Post
1453 762 1590 816 istud
1617 761 1878 828 baptisma
1907 773 2004 814 nec

429 859 733 914 Madianitte
765 859 902 911 ultra
934 859 1203 909 irruerent
1237 853 1302 907 ad
1337 850 1724 919 disperdendos
1751 861 1805 904 et
1827 859 2006 906 exter-

428 945 713 998 tninandos
768 945 959 996 animae
1007 942 1236 996 fructus.
1283 941 1414 1005 Quis
1448 941 1590 994 enim
1636 940 1786 1009 sequi
1839 939 2008 1007 possit

428 1037 664 1090 animam
707 1034 982 1104 martyris,
1031 1047 1152 1101 qua:
1201 1045 1548 1101 supergressa
1596 1044 1784 1084 omnes
1830 1030 2008 1084 aerias

429 1136 750 1196 potestates,
798 1126 862 1178 ad
894 1125 1114 1178 caeleste
1144 1125 1314 1178 tendit
1347 1124 1557 1177 altare?
1589 1121 1664 1176 Ihi
1711 1123 1858 1176 enim
1909 1121 2007 1175 sub

430 1218 602 1272 altare
646 1217 737 1270 Dei
779 1216 974 1270 animae
1017 1224 1320 1284 martyrum
1380 1213 1567 1281 posita!
1605 1213 1862 1266 dicuntur
1893 1211 2008 1266 die-

433 1307 532 1360 bus
561 1322 622 1361 ac
656 1305 900 1359 noctibus
933 1305 1266 1373 proclamare
1296 1303 1535 1357 dicentes
1559 1304 1578 1332 ²
1605 1317 1619 1354 :
1650 1321 1666 1352 ι
1698 1302 2006 1370 Quousque,

435 1394 683 1458 Domine,
719 1399 808 1462 qui
839 1392 1016 1460 justus
1049 1402 1102 1446 et
1145 1406 1308 1446 verus
1346 1405 1426 1455 es,
1459 1406 1563 1446 non
1603 1393 1843 1446 vindicas
1887 1407 2010 1445 sau-

432 1485 649 1556 guinem
679 1493 922 1537 nostrum
966 1484 1033 1538 de
1081 1482 1149 1536 iis
1194 1482 1282 1550 qui
1322 1481 1567 1536 habitant
1608 1483 1846 1536 terram?
1883 1501 1900 1534 »
1933 1481 2006 1535 Ibi

429 1576 572 1629 enim
605 1575 794 1643 positae
827 1573 1026 1628 divinis
1057 1573 1324 1627 assistunt
1370 1573 1674 1628 sacriﬁciis.
1726 1573 1832 1627 Sed
1868 1573 2007 1628 beati

431 1677 555 1720 sunt
586 1666 675 1736 qui
709 1667 824 1721 haec
848 1674 1148 1718 merentur.
1177 1663 1324 1718 Beati
1354 1673 1478 1718 sunt
1509 1679 1739 1734 quorum
1767 1679 1861 1718 cor
1887 1679 2008 1718 eum

429 1759 494 1811 de
528 1757 724 1811 sreculo
755 1755 1036 1817 recedunt,
1067 1771 1170 1809 non
1210 1757 1441 1826 trepidat
1475 1771 1572 1824 pro
1610 1765 1853 1822 peccato,
1874 1770 2010 1824 quos

2111 589 2194 632 est
2221 578 2286 632 de
2312 577 2529 630 Christo
2551 575 2572 605 ⁸
2597 597 2606 629 ;
2640 594 2655 626 ι
2697 575 2832 628 Ecce
2860 575 2961 636 vir,
2989 574 3183 629 Oriens
3213 591 3407 631 nomen
3439 587 3520 631 est
3555 575 3686 630 illi.)

2111 669 2366 736 Quisquis
2391 682 2519 735 ergo
2544 666 2745 720 Christi
2777 663 2998 734 suscipit
3041 681 3261 730 nomen,
3293 668 3433 722 ﬁlius
3461 682 3580 722 esse
3619 667 3698 722 die

2116 759 2256 813 citur
2283 758 2520 813 Orientis
2555 776 2566 809 ι
2601 757 2692 812 sed
2730 771 2834 809 non
2879 772 3092 826 semper
3137 760 3226 825 qui
3270 775 3459 813 nomen
3489 757 3692 814 Christi

2116 849 2410 918 accipiunt,
2439 849 2602 901 etiam
2638 848 2690 901 in
2736 847 2976 901 Ecclesia
3015 861 3328 916 permanent
3363 851 3588 904 Christi.
3633 849 3689 904 Si

2115 953 2244 1006 ergo
2274 939 2454 990 videas
2495 937 2779 991 haereticos
2818 936 3017 990 Christi
3055 939 3270 1006 quidem
3315 939 3532 994 nomine
3561 955 3693 994 cen-

2116 1029 2223 1084 seri
2254 1044 2269 1081 :
2306 1043 2613 1098 expugnare
2640 1040 2816 1081 autem
2845 1027 3141 1082 Ecclesiam
3185 1029 3410 1095 Christi,
3447 1040 3499 1086 et
3539 1047 3690 1086 arma

2114 1120 2361 1175 conferre
2390 1121 2674 1174 adversum
2717 1118 2915 1173 Christi
2953 1120 3133 1186 ﬁdem,
3169 1131 3223 1174 et
3257 1122 3568 1194 impugnare
3599 1139 3698 1193 po-

2115 1211 2300 1279 pulum
2353 1210 2587 1273 Domini,
2631 1209 2771 1264 bella
2822 1211 3092 1265 suscitare
3128 1212 3417 1266 adversum
3462 1214 3693 1267 catholi—

2115 1310 2230 1349 cam
2278 1295 2436 1349 ﬁdem
2475 1313 2488 1348 :
2527 1297 2649 1349 nolo
2689 1296 2903 1350 dubites
2957 1298 3026 1351 de
3081 1298 3146 1352 iis
3188 1298 3390 1363 dicere,
3431 1301 3570 1368 quod
3609 1300 3694 1355 istl

2115 1395 2242 1439 sunt
2291 1387 2507 1455 quidem
2550 1386 2645 1440 ﬁlii
2692 1387 2952 1452 Orientis,
2996 1390 3088 1442 sed
3137 1405 3258 1443 cum
3297 1391 3599 1447 Madianitis
3639 1399 3697 1446 et

2116 1494 2239 1531 eum
2269 1480 2491 1533 Amalec
2522 1495 2833 1549 expugnare
2862 1481 3088 1535 veniunt
3131 1484 3386 1552 populum
3423 1483 3537 1549 Dei,
3567 1485 3697 1553 quia

2118 1584 2237 1622 cum
2284 1571 2508 1638 paganis
2551 1581 2602 1624 et
2651 1587 2772 1625 cum
2804 1570 3004 1628 Judreis
3052 1571 3346 1628 Ecclesiam
3395 1573 3488 1629 Dei
3532 1577 3697 1630 etiam

2117 1659 2352 1714 heretici
2381 1670 2796 1730 persequuntur.
2832 1662 2896 1716 Et
2920 1663 3065 1732 ipsos
3087 1679 3206 1718 esse
3233 1666 3445 1734 opinor,
3475 1667 3564 1734 qtti
3599 1669 3698 1721 de-

2116 1754 2404 1823 signantur
2433 1755 2484 1807 in
2523 1754 2648 1809 ﬁliis
2681 1755 2944 1809 Orientis.

430 1856 714 1918 pergentes
743 1847 808 1899 ad
842 1847 1124 1901 Dominum
1160 1847 1475 1901 delictorum
1513 1846 1742 1900 formido
1767 1861 1870 1901 non
1906 1857 2014 1901 ter-
2045 1838 2090 1897 Β
2188 1845 2241 1900 2.
2285 1865 2302 1897 ι
2330 1845 2533 1901 Omnes
2565 1861 2715 1914 ergo,
2756 1847 2930 1916 inquit
2958 1848 2997 1913 ‘,
3029 1847 3357 1913 Madianitze,
3377 1859 3428 1903 et
3453 1851 3698 1915 Amalec,

429 1945 530 1990 ret.
574 1935 738 1990 Beata
784 1934 870 1989 illa
916 1935 1093 1989 anima
1133 1950 1253 2003 quae
1296 1943 1648 1989 occurrentes
1690 1935 1789 1989 sibi
1833 1936 2007 1991 aerias

427 2028 730 2082 dannonum
777 2035 985 2081 turmas
1042 2027 1246 2096 profusi
1303 2026 1356 2080 in
1418 2027 1680 2097 martyrio
1731 2028 2010 2095 sanguinis

425 2132 620 2172 cruore
645 2118 915 2172 deturbat.
950 2116 1146 2171 Beatus
1181 2127 1264 2170 est
1294 2117 1360 2171 de
1385 2131 1493 2185 quo
1528 2125 1689 2171 eunte
1717 2117 1782 2169 ad
1811 2117 2008 2174 coelum

428 2209 615 2263 dicunt
641 2208 812 2278 angeli
855 2209 999 2262 illam
1031 2207 1400 2277 propheticam
1425 2223 1610 2263 vocem
1633 2209 1688 2262 ':
1721 2228 1738 2260 ι
1767 2207 1901 2274 Quis
1928 2217 2012 2262 est

428 2301 528 2356 iste
552 2301 640 2370 qui
674 2301 916 2356 ascendit
951 2315 1017 2353 ex
1061 2299 1251 2363 Bosor,
1287 2319 1305 2351 ›
1348 2300 1451 2354 hoc
1500 2309 1580 2354 est
1614 2301 1703 2370 qui
1753 2303 1816 2356 de
1848 2317 2010 2356 carne

426 2392 494 2444 ad
522 2391 716 2445 caelum
748 2391 1029 2446 ascendit?
1067 2409 1084 2442 ι
1126 2389 1255 2456 Quis
1277 2399 1364 2445 est
1409 2389 1510 2445 iste
1542 2392 1630 2460 qui
1668 2393 1913 2447 ascendit
1943 2409 2007 2447 ex

428 2483 618 2547 Bosor,
647 2484 810 2537 rubor
835 2481 1280 2537 vestimentorum
1305 2482 1455 2548 ejus?
1486 2502 1504 2534 ι
1535 2482 1588 2536 ἰη
1627 2482 1821 2538 rubore
1847 2485 2010 2538 vesti-

430 2582 734 2627 mentorum
780 2587 1029 2627 cruorem
1083 2573 1363 2641 sanguinis
1418 2573 1778 2643 designantes.
1837 2574 2013 2629 Beata:

427 2674 552 2718 situt
577 2678 707 2732 ergo
736 2663 927 2716 anima:
957 2678 1076 2730 quae
1097 2664 1175 2716 sic
1206 2662 1483 2716 Christum
1513 2672 1833 2730 sequuntur,
1877 2680 2012 2734 quo-

429 2754 582 2808 modo
611 2768 706 2808 eas
735 2752 986 2808 Christus
1017 2754 1315 2824 praecessit.
1366 2754 1429 2806 Et
1474 2754 1594 2808 ideo
1630 2756 1753 2824 quia
1802 2757 1880 2810 sic
1927 2772 2014 2812 se-

426 2852 686 2912 quuntur,
735 2858 904 2913 usque
949 2845 1014 2897 ad
1067 2845 1239 2914 ipsum
1293 2843 1383 2898 Dei
1431 2843 1600 2899 altare
1643 2847 2007 2914 perveniunt:

357 2987 359 2989 .
423 2933 589 3005 474
615 2934 704 2988 ubi
733 2943 814 2988 est
841 2935 958 3003 ipse
991 2933 1246 2990 Dominus
1271 2934 1430 2990 Iesus
1460 2935 1706 2990 Christus
1771 2937 2010 3006 pontifex

429 3024 731 3080 futurorum
769 3026 1052 3091 bonorum,
1097 3025 1182 3080 cui
1232 3034 1316 3079 est
1361 3026 1531 3096 gloria
1577 3037 1631 3083 et
1675 3037 1914 3096 potestas
1960 3032 2010 3083 in

427 3114 618 3169 saecula
649 3115 988 3171 saeculorum.
1023 3118 1218 3171 Amen.

987 3206 1275 3263 HOMILIA
1319 3207 1452 3262 VIII.

607 3301 682 3355 De
711 3300 834 3370 ﬁliis
869 3301 1122 3366 Orientis,
1154 3311 1201 3355 et
1236 3301 1300 3354 de
1331 3301 1539 3353 (Jedeon
1573 3315 1637 3353 ea:
1665 3312 1834 3368 parte.

505 3394 550 3446 I.
580 3395 728 3456 Esto,
761 3394 1112 3450 convenerint
1145 3396 1426 3450 adversum
1471 3396 1630 3452 Israel
1663 3398 1991 3467 Madianitte,

429 3483 518 3552 qui
545 3483 969 3552 interpretantur
992 3495 1136 3538 extra
1153 3487 1414 3554 judicium
1441 3487 1570 3556 (77).
1599 3489 1744 3552 Esto,
1774 3490 1844 3542 illi
1871 3507 1994 3545 con-

428 3575 678 3629 venerint
723 3577 1007 3630 adversum
1045 3578 1241 3641 Israel,
1272 3578 1363 3648 qui
1409 3588 1561 3632 extra
1607 3579 1866 3648 judicium
1899 3581 1990 3636 Dei

429 3674 578 3730 sunt,
606 3675 660 3719 et
690 3684 707 3715 ι
740 3665 828 3734 qui
859 3675 1005 3719 extra
1047 3666 1214 3734 legem
1242 3678 1619 3735 peccaverunt,
1651 3678 1703 3722 et
1740 3680 1888 3725 extra
1914 3673 1993 3726 le-

428 3771 547 3825 gem
573 3756 826 3824 peribunt
852 3756 891 3809 ⁸.
925 3775 941 3806 ›
975 3757 1123 3818 Esto,
1149 3758 1461 3812 convenerit
1486 3769 1537 3813 et
1561 3759 1795 3822 Amalec,
1823 3764 1912 3830 qui
1939 3773 1994 3819 et

429 3847 542 3915 ipse
564 3847 948 3916 interpretatur
969 3849 1187 3917 populus
1209 3849 1474 3918 ablingens
1495 3851 1624 3918 (78).
1646 3852 1860 3919 Esto,et
1879 3855 1995 3912 hzec

425 3928 575 3981 natio
617 3935 851 3992 terrena,
885 3937 940 3982 et
987 3929 1162 3983 ventri
1201 3941 1255 3983 et
1288 3932 1426 3999 gulte
1462 3932 1662 3998 dedita,
1701 3935 2029 4010 impugnare

423 4018 634 4073 venerit
681 4018 844 4074 Israel
876 4020 1171 4077 carnalem.
1205 4022 1344 4089 Quid
1383 4031 1466 4078 est
1510 4024 1612 4078 hoc
1659 4028 1800 4094 quod
1851 4029 2012 4081 etiam

424 4110 516 4163 ﬁlii
543 4109 782 4165 Orientis
819 4111 905 4165 his
942 4112 1332 4178 admiscentur,
1378 4124 1433 4168 et
1481 4131 1601 4168 cum
1637 4117 1765 4186 ipsis
1801 4117 1866 4170 ad
1914 4119 2014 4171 im-

423 4200 766 4268 pugnandum
809 4198 972 4254 Israel
1004 4203 1188 4255 venire
1224 4202 1510 4256 dictmtur?
1547 4204 1640 4258 Dic
1689 4205 1832 4258 enim
1879 4207 2011 4261 mihi

427 4290 671 4346 auditor:
697 4290 751 4343 Si
781 4292 1039 4359 scriptum
1059 4302 1200 4346 esset
1223 4293 1345 4362 quia
1373 4294 1462 4347 ﬁlii
1484 4295 1792 4349 Occidentis
1811 4311 2011 4350 conve-

427 4389 620 4433 nerunt
663 4396 783 4433 cum
836 4380 989 4448 ipsis,
1043 4383 1176 4435 nihil
1226 4397 1570 4451 quaererem:
1608 4383 1818 4438 diceres
1865 4385 2009 4439 enim

2112 1949 2164 1992 et
2200 1938 2292 1992 ﬁlii
2327 1937 2564 1993 Orientis
2606 1949 2981 1994 convenerunt
3025 1939 3206 2004 simul,
3231 1950 3284 1993 et
3315 1943 3696 2007 ascenderunt,

2111 2038 2164 2082 et
2200 2036 2634 2098 supervenerunt
2683 2028 2780 2091 eis,
2811 2037 2865 2080 et
2902 2037 3076 2082 castra
3135 2040 3434 2098 posuerunt
3478 2032 3530 2086 in
3561 2032 3700 2088 valle

2109 2117 2338 2174 Iezrael.
2375 2137 2394 2171 ι
2427 2118 2517 2172 Isti
2568 2118 2658 2186 qui
2701 2117 3015 2188 impugnare
3046 2118 3231 2172 volunt
3276 2121 3524 2189 populum
3582 2122 3700 2188 Dei,

2111 2217 2287 2262 castra
2317 2207 2370 2260 in
2404 2207 2633 2260 vallibus
2664 2207 2953 2272 collocant,
2982 2207 3034 2260 in
3065 2207 3287 2274 dejectis
3317 2220 3374 2265 et
3404 2210 3699 2266 humilibus

2112 2297 2263 2363 locis,
2297 2298 2349 2352 in
2376 2298 2535 2364 valle,
2568 2297 2764 2367 inquit,
2789 2298 3016 2354 .lezrael.
3062 2299 3370 2357 Invenimus
3396 2311 3574 2357 autem
3614 2303 3699 2356 in-

2115 2385 2626 2455 terpretariJezrael
2666 2401 2839 2439 semen
2875 2385 2972 2439 Dei
3020 2386 3153 2457 (79).
3188 2386 3349 2442 Vides
3391 2387 3478 2440 ubi
3535 2387 3697 2441 collo-

2112 2489 2234 2533 cant
2271 2489 2450 2534 castra
2483 2477 2819 2533 adversarii?
2867 2477 2982 2531 Non
3016 2489 3141 2533 sunt
3167 2480 3282 2534 ausi
3323 2481 3402 2535 ire
3428 2480 3576 2547 illuc,
3607 2479 3697 2534 ubi

2112 2570 2362 2624 videntur
2383 2569 2494 2637 jam
2526 2571 2638 2623 nati
2667 2583 2786 2625 esse
2830 2568 3039 2624 fructus
3067 2572 3317 2639 spiritus,
3342 2572 3435 2626 sed
3477 2573 3565 2626 ubi
3602 2573 3699 2625 ad-

2115 2663 2221 2716 huc
2251 2678 2433 2717 semen
2465 2663 2556 2716 Dei
2591 2661 2750 2730 iacet,
2786 2665 2876 2717 ubi
2908 2664 3144 2717 nondum
3187 2664 3394 2718 fructus
3429 2663 3697 2720 ascendit.

2113 2753 2215 2819 Qui
2251 2754 2394 2807 enim
2423 2755 2554 2808 exiit
2579 2755 2849 2809 seminare
2886 2770 3091 2820 semen,
3125 2756 3358 2810 seminat
3388 2771 3548 2826 super
3578 2771 3700 2810 om-

2114 2859 2235 2898 nem
2265 2845 2459 2898 locum.
2489 2844 2595 2899 Sed
2618 2844 2742 2897 attdi
2769 2846 2942 2914 ipsum
2971 2840 3250 2899 Deminum
3277 2847 3544 2902 dicentem
3573 2846 3700 2916 quid

2113 2934 2220 3002 pati
2257 2933 2425 2988 soleat
2451 2949 2633 2989 semen
2676 2934 2794 2990 Dei.
2837 2953 2853 2986 ι
2886 2935 3064 2999 Aliud,
3111 2935 3288 3005 inquit
3314 2938 3358 3003 ⁷,
3387 2937 3584 2991 cecidit
3614 2952 3700 2991 se-

2113 3040 2209 3078 cus
2233 3025 2396 3089 viam,
2427 3033 2482 3078 et
2518 3024 2798 3080 venientes
2845 3041 2972 3080 aves
3009 3025 3132 3081 creli
3177 3026 3438 3095 diripiunt
3493 3027 3642 3082 illud.
3678 3047 3696 3080 ι

2115 3116 2267 3183 Quod
2313 3116 2426 3184 ipse
2474 3117 2527 3169 in
2576 3117 2966 3186 posterioribus
3021 3119 3404 3187 interpretatus
3453 3118 3592 3173 dixit
3624 3120 3646 3150 '
3686 3139 3698 3174 :

2118 3224 2137 3256 σ
2185 3205 2284 3272 Qui
2315 3216 2494 3261 autem
2527 3221 2685 3262 secus
2713 3208 2855 3261 viam
2896 3207 3143 3264 seminati
3189 3220 3341 3276 sunt,
3374 3210 3409 3264 ii
3452 3219 3578 3264 sunt
3613 3211 3701 3278 qui

2113 3295 2334 3349 audiunt
2357 3296 2578 3349 verbum
2609 3304 2663 3350 et
2705 3312 2824 3350 cum
2860 3297 3040 3352 laetitia
3089 3299 3362 3368 accipiunt
3389 3316 3404 3354 ε
3433 3299 3580 3353 venit
3609 3314 3700 3352 au-

2113 3397 2220 3440 tem
2247 3386 2513 3450 Zabulus,
2543 3397 2597 3442 et
2625 3389 2763 3442 tollit
2788 3388 2855 3443 de
2881 3390 3048 3444 corde
3071 3404 3260 3444 eorum
3294 3391 3435 3458 quod
3465 3390 3698 3444 semina-

2116 3489 2228 3533 tum
2253 3489 2355 3534 est.
2379 3498 2397 3531 ι
2419 3479 2508 3533 Sic
2526 3494 2656 3549 ergo
2686 3491 2741 3534 et
2765 3481 2851 3534 isti
2887 3490 3010 3535 tunc
3035 3483 3256 3537 veniunt
3280 3482 3348 3536 ad
3366 3495 3548 3536 semen
3583 3482 3700 3547 Dei,

2112 3579 2167 3624 et
2203 3569 2387 3624 volunt
2427 3570 2557 3624 illud
2585 3571 2772 3626 tollere
2800 3573 2864 3626 de
2890 3571 3054 3628 corde
3094 3587 3281 3628 eorum
3316 3573 3368 3627 in
3399 3574 3594 3643 quibus
3616 3589 3702 3629 se-

2116 3662 2375 3716 minatum
2410 3671 2515 3725 est,
2545 3664 2672 3730 quia
2701 3662 2987 3717 inveniunt
3009 3680 3103 3718 eos
3129 3665 3180 3719 in
3215 3665 3448 3720 vallibus
3473 3665 3702 3735 positos.

2114 3757 2167 3801 et
2202 3750 2306 3802 ima
2335 3763 2561 3818 quaeque
2597 3758 2892 3805 sectantes.
2927 3753 2998 3806 De
3029 3753 3133 3808 illis
3163 3763 3288 3807 sunt
3313 3754 3457 3809 enim
3483 3756 3572 3824 qui
3613 3756 3704 3810 hu-

2117 3836 2316 3890 militer
2347 3845 2403 3890 et
2440 3836 2678 3905 indigne,
2711 3849 2787 3904 et,
2817 3850 2873 3892 ut
2909 3843 2978 3894 ita
3007 3842 3206 3908 dicam,
3240 3841 3470 3898 Iudaico
3502 3843 3705 3900 intelle-

2117 3941 2204 3982 ctu
2239 3929 2541 3998 suscipiunt
2565 3929 2790 3982 verbum
2825 3931 2939 3996 Dei,
2973 3941 3024 3985 et
3060 3933 3179 3988 ideo
3203 3944 3428 4002 possunt
3452 3933 3580 3988 illud
3610 3951 3704 3988 ra-

2117 4034 2244 4088 pere
2283 4022 2556 4075 dzemones
2579 4023 2644 4076 de
2676 4025 2841 4077 corde
2865 4038 3075 4077 eorum.
3105 4023 3204 4088 Qui
3229 4034 3406 4077 autem
3429 4025 3498 4078 ab
3531 4025 3707 4078 humi-

2119 4111 2272 4164 litate
2315 4111 2515 4165 littera:
2559 4115 2624 4167 ad
2657 4114 2880 4182 spiritus
2912 4115 3124 4167 excelsa
3163 4115 3500 4177 conscendit,
3529 4125 3584 4168 et
3622 4116 3703 4167 iu-

2119 4202 2470 4270 telligentiam
2503 4202 2776 4273 refugiens
2805 4204 3102 4269 carnalem,
3145 4216 3385 4258 sectatur
3419 4207 3469 4259 itt
3500 4206 3705 4259 altiori—

2119 4295 2219 4348 bus
2247 4310 2368 4363 qum
2403 4305 2530 4348 sunt
2572 4294 2809 4364 Spiritus
2857 4296 2988 4360 Dei,
3031 4298 3096 4351 de
3150 4297 3250 4351 isto
3292 4298 3426 4352 nihil
3475 4308 3702 4367 possunt

2120 4399 2312 4452 rapere
2336 4383 2642 4440 Madianitm
2669 4401 2843 4454 neque
2871 4386 3206 4452 Amalccittr,
3241 4388 3332 4442 sed
3361 4403 3425 4440 ne
3458 4389 3562 4458 ipsi
3588 4391 3704 4456 quis

426 4468 552 4522 mihi
599 4469 909 4539 allegoricis
941 4472 1210 4537 sensibus,
1244 4473 1366 4541 quia
1402 4473 1494 4526 lilii
1535 4472 1845 4528 Occidentis
1886 4487 2012 4529 sunt
2043 4514 2088 4570 θ
2119 4476 2240 4531 dem
2302 4476 2540 4532 Orientis
2601 4477 2694 4530 ﬁlii
2743 4478 3041 4546 depraidari
3090 4494 3212 4532 eum
3261 4489 3512 4548 p0terunt
3566 4481 3702 4550 (80),

426 4558 516 4610 ﬁlii
557 4561 904 4614 tenebrarum
939 4569 994 4616 et
1030 4562 1129 4631 ipsi
1154 4562 1456 4631 junguntur
1488 4562 1593 4617 illis
1622 4564 1899 4632 gentibus,
1925 4564 2008 4617 vel

423 4667 541 4719 qum
571 4662 723 4706 extra
775 4653 1039 4719 judicium
1083 4655 1172 4708 Dei
1216 4664 1360 4718 sunt,
1405 4654 1484 4708 vel
1533 4671 1650 4724 qua:
1702 4657 1874 4710 ventri
1915 4657 2008 4709 de-

425 4743 546 4796 dita:
594 4743 912 4812 itpugnant
957 4758 1052 4798 eos
1105 4745 1197 4813 qui
1248 4753 1425 4798 mente
1474 4742 1640 4798 Deum
1672 4745 1854 4798 videre
1885 4762 2008 4799 cou-

426 4833 673 4888 tendunt.
707 4833 860 4889 Nunc
890 4844 1069 4890 autem
1112 4851 1233 4889 cum
1275 4836 1486 4890 dicatur
1526 4836 1648 4904 quia
1690 4837 1782 4890 lilii
1813 4837 2006 4892 Orien-

423 4925 490 4974 tis
532 4934 797 4977 venerunt
844 4939 968 4977 cum
1002 4923 1311 4978 Madianitis
1362 4933 1414 4976 et
1457 4924 1697 4988 Amalec,
1731 4927 2002 4994 quomodo

425 5014 536 5068 haec
565 5024 790 5084 possunt
813 5024 1184 5084 competenter
1212 5015 1440 5083 exponi?
1470 5014 1754 5070 Videamus
1789 5033 1918 5087 ergo
1952 5018 1998 5072 si

425 5122 710 5174 possumus
739 5110 789 5161 in
822 5119 925 5160 tam
958 5106 1260 5162 diIIicilibus
1284 5108 1578 5176 Scriptura:
1608 5110 1742 5163 locis
1780 5111 1998 5179 dignum

425 5199 655 5268 aliquem
710 5201 762 5254 in
815 5201 900 5254 his
949 5214 1164 5254 sensum
1222 5199 1419 5254 divinis
1468 5201 1679 5269 paginis
1732 5201 1994 5256 invenire.

425 5296 613 5351 Omnis
645 5296 734 5364 qui
775 5312 936 5362 super
986 5313 1043 5350 se
1095 5311 1312 5364 quoquo
1348 5295 1504 5348 modo
1539 5310 1734 5349 nomen
1774 5296 1999 5363 suscipit

493 5392 514 5421 ’
545 5395 712 5458 Apoc.
739 5407 812 5450 .vt,
851 5392 935 5445 I0.
1014 5394 1032 5423 ³
1073 5392 1174 5448 Isa.
1207 5408 1355 5454 unt,
1389 5391 1440 5444 I.
1529 5389 1552 5420 ⁸
1593 5390 1748 5445 Rom.
1777 5406 1837 5454 tl,
1873 5393 1959 5448 12.

427 5460 510 5524 IS,
541 5463 624 5515 I5.
703 5463 722 5492 ³
745 5460 867 5517 Jud.
900 5477 972 5528 vt,
1002 5461 1090 5516 ³54.

503 5555 615 5623 (77)
645 5555 982 5615 Martianitw,
1002 5555 1088 5622 qui
1112 5555 1522 5618 interpretantur
1545 5564 1694 5607 extra
1719 5556 2004 5622 judicium.

424 5627 460 5672 Λ
491 5635 564 5707 pa
592 5643 609 5677 ι
649 5641 866 5694 pra-tet.
900 5636 1075 5685 extra,
1106 5642 1123 5673 ι
1169 5633 1225 5677 et
1249 5631 1331 5707 πη
1366 5642 1382 5674 ε
1416 5623 1698 5689 judicium.
1741 5645 1758 5676 ι

499 5717 611 5785 (78)
655 5721 882 5778 Amalec,
902 5723 1051 5784 quiet
1067 5717 1174 5782 ipse
1198 5718 1570 5780 interpretatur
1592 5715 1814 5785 populus
1838 5717 2006 5770 (ib/in-

436 5781 572 5859 gens.
612 5789 693 5843 Ab
717 5798 798 5849 DY
835 5805 851 5836 ε
893 5781 1146 5856 populus,
1181 5807 1198 5839 ο
1243 5793 1295 5840 ct
1327 5794 1441 5856 327:1
1471 5804 1487 5836 t
1520 5781 1695 5838 liuxit.
1721 5805 1737 5835 ι

2052 5395 2074 5425 ⁸
2106 5393 2270 5449 Zach.
2300 5396 2468 5458 v1.12

2119 4569 2171 4622 in
2223 4570 2442 4625 excelso
2494 4570 2863 4638 intelligentia:
2916 4571 3175 4639 spiritalis
3239 4574 3439 4627 vertice
3495 4576 3703 4630 consti-

2119 4667 2315 4713 tutum.

2188 4752 2243 4804 5.
2305 4751 2383 4804 Illi
2435 4767 2566 4824 ergo
2621 4761 2800 4806 castra
2839 4752 2902 4806 in.
2938 4752 3164 4808 vallibus
3203 4756 3493 4809 collocant.
3533 4774 3551 4808 t
3595 4753 3702 4808 Sed

2122 4844 2370 4913 Spiritus,
2411 4844 2588 4912 inquit
2626 4846 2670 4910 ’,
2704 4845 2796 4898 Dei
2845 4847 3177 4901 confortavit
3215 4847 3458 4909 cheou,
3489 4855 3542 4899 et
3573 4846 3700 4900 tuba

2113 4932 2327 4997 cecinit,
2354 4943 2410 4986 et
2436 4933 2644 4986 vocavit
2668 4943 2784 5001 post
2810 4949 2868 4988 se
2898 4934 3149 4991 Abiezer.
3172 4953 3190 4987 ι
3212 4934 3553 4989 Continentia
3591 4936 3705 5003 qui-

2111 5023 2232 5076 dem
2255 5024 2654 5093 explanationis
2690 5026 2851 5078 alium
2874 5026 3123 5079 ordinem
3151 5025 3487 5094 requirebat,
3512 5040 3698 5078 verum

2109 5117 2236 5184 quia
2286 5131 2382 5170 nos
2440 5133 2544 5171 non
2589 5128 2697 5172 tam
2742 5117 3052 5186 Scripturas
3083 5127 3511 5172 commentantes
3558 5131 3699 5169 nunc

2109 5205 2404 5275 loquimur,
2435 5222 2598 5276 quam
2637 5209 2891 5277 populum
2935 5209 3000 5262 dc
3037 5209 3102 5261 iis
3128 5223 3250 5278 quae
3284 5210 3509 5262 recitata
3550 5215 3695 5267 sunt,

2109 5298 2464 5352 consolantes
2493 5339 2507 5362 ,
2553 5300 2784 5368 sparsim
2852 5315 2971 5369 qua:
3021 5310 3314 5354 occurrunt
3364 5299 3430 5351 de
3468 5298 3702 5366 singulis

2577 5396 2596 5425 ⁸⁸
2618 5395 2742 5452 Jud.
2774 5412 2849 5462 v1,
2872 5396 2960 5450 55.
3038 5395 3056 5425 ⁷
3088 5392 3216 5447 Luc.
3243 5407 3357 5456 vm,
3385 5392 3438 5444 5.
3515 5391 3538 5422 ⁸
3566 5391 3696 5446 ibid.

2191 5559 2303 5623 (79)
2346 5559 2649 5614 Invenimus
2682 5570 2856 5616 autem
2897 5561 3232 5626 interpretari
3262 5556 3470 5611 Jezrael
3521 5572 3695 5609 semen

2119 5630 2234 5683 Dei.
2267 5631 2306 5682 Α
2336 5641 2443 5692 νἿτ
2471 5649 2488 5681 r
2522 5645 2726 5694 semen,
2766 5650 2784 5681 ι
2820 5641 2872 5684 ct
2896 5625 2972 5698 ΒΝ
2998 5625 3208 5683 «Deus.
3244 5645 3260 5676 ι

2189 5724 2301 5787 (80)
2346 5722 2491 5787 Mss.,
2525 5740 2540 5772 α
2574 5731 2849 5791 poterunt.
2891 5740 2909 5772 ι
2951 5721 3117 5785 Editi,
3154 5739 3171 5770 ε
3213 5729 3520 5788 potuerunt.
3561 5737 3581 5770 ο
