4124 6392
461 386 565 441 ass

1929 391 2252 449 ORlGENIS

3606 405 3709 464 ρει

461 500 764 571 quibusque
824 510 1139 561 tractamus.
1185 526 1202 559 ι
1248 505 1501 574 Vocavit,
1550 511 1760 581 inquit,
1815 523 1936 582 post
1982 527 2037 566 se
2068 517 2114 571 Α
2146 522 2321 566 autem
2373 524 2586 570 maneat
2634 518 2883 581 siccitas,
2927 536 2945 570 ›
3001 519 3154 589 cujus
3188 519 3261 574 rei
3301 520 3422 576 talis
3463 523 3705 591 quamam

462 593 689 647 Abiezer
728 611 741 645 :
776 614 794 645 ›
826 597 915 665 qui
957 597 1141 665 utique
1166 615 1431 667 nusquam
1462 612 1601 656 erat.
1640 602 2030 672 Interpretatur

457 693 637 738 autem
673 686 901 741 Abiezer
939 690 1104 757 patris
1142 695 1237 744 mei
1281 693 1537 745 auxilium
1577 694 1709 765 (8i).
1751 692 1862 748 Non
1900 711 2028 764 ergo

458 775 726 830 hominem
755 777 1010 846 aliquem,
1046 782 1138 833 sed
1175 781 1345 851 patris
1368 786 1448 837 sui
1489 781 1703 839 Gedeon
1747 785 2029 841 invocasse

454 866 669 920 videtur
701 850 986 923 aitxilium.
1026 850 1190 926 Mittit
1229 875 1456 941 interea,
1494 886 1547 930 et
1589 879 1790 933 auxilia
1828 896 2028 935 convo-

454 967 560 1011 cat.
597 960 936 1017 Conveniunt
972 966 1174 1035 populi,
1208 977 1262 1022 et
1292 985 1478 1024 omnes
1516 972 1580 1023 ad
1621 972 1839 1030 Gedeon
1869 992 2027 1032 exer-

451 1048 592 1102 citus
626 1065 1044 1123 cengregantur.

518 1137 573 1192 4.
623 1158 642 1191 ι
688 1141 748 1196 Et
785 1155 930 1211 tunc,
971 1148 1145 1217 inquit
1202 1150 1262 1216 '°,
1296 1150 1512 1208 Gedeon
1546 1155 1683 1209 dixit
1716 1159 1781 1212 ad
1816 1160 2022 1215 Deum:

448 1226 508 1283 Si
550 1230 755 1286 salvum
809 1234 941 1290 facis
974 1238 1025 1291 in
1080 1256 1239 1295 manu
1282 1259 1395 1297 mea
1438 1245 1633 1312 Israel,
1671 1253 2024 1318 quemadmo-

446 1320 576 1373 dum
620 1322 826 1379 locutus
856 1341 939 1391 es,
972 1343 1100 1384 ecce
1140 1347 1240 1401 ego
1274 1348 1510 1399 sumam,
1538 1346 1592 1390 et
1634 1355 1829 1407 ponant
1857 1342 2023 1395 vellus

448 1410 583 1467 lance
624 1414 676 1468 in
704 1431 827 1471 area
869 1436 881 1471 :
912 1427 964 1474 et
997 1421 1261 1490 siquidem
1307 1441 1396 1480 ros
1435 1427 1690 1483 ceciderit
1713 1445 1876 1498 super
1911 1433 2022 1486 vel-

446 1500 551 1567 lus,
580 1512 635 1557 et
669 1520 833 1574 super
866 1525 1086 1565 omnem
1136 1524 1335 1569 terram
1389 1518 1607 1573 siccitas
1644 1519 1824 1585 fuerit,
1854 1537 2021 1591 agno-

442 1604 591 1645 scam
615 1597 869 1663 quoniam
889 1599 1092 1654 salvum
1115 1602 1279 1656 facies
1302 1604 1350 1657 in
1372 1619 1531 1658 manu
1558 1622 1672 1661 mea
1694 1606 1853 1663 Israel
1881 1608 2019 1663 sicut

444 1678 653 1735 locutus
668 1698 745 1736 es.
778 1683 841 1737 Et
859 1684 1056 1741 factum
1089 1699 1168 1744 est
1193 1691 1477 1747 sic.iCum
1505 1702 1613 1747 tam
1646 1695 1810 1749 multa
1837 1696 1945 1749 sint
1966 1706 2018 1750 et

442 1769 724 1827 innumera
750 1777 901 1845 signa
938 1780 1019 1833 vel
1059 1782 1324 1851 prodigia,
1344 1800 1465 1853 qua:
1491 1794 1676 1855 petere
1703 1788 1964 1856 potuisset
1986 1803 2012 1839 a

441 1860 550 1915 Deo
577 1862 797 1920 Gedeon
838 1867 903 1920 ad
954 1872 1384 1926 conlirmandam
1418 1874 1863 1942 pollicitationem
1896 1877 2010 1945 Dei,

432 1949 596 2022 4'75
628 1955 756 2023 quid
800 1958 852 2012 ei
885 1960 1057 2016 visum
1100 1976 1183 2017 est
1233 1976 1351 2033 post
1392 1966 1690 2031 angelicam
1724 1983 1910 2023 vocem
1947 1986 2012 2024 ac

433 2043 883 2108 pollicitationem
926 2051 1208 2107 caelestem
1250 2064 1438 2124 petere
1485 2059 1631 2115 istud
1667 2069 1775 2115 tam
1813 2076 2010 2115 novum

432 2134 645 2201 signum
680 2151 708 2189 a
744 2137 851 2193 Deo
875 2137 1009 2195 ?Ait
1036 2146 1225 2202 enim:
1259 2166 1278 2199 ‹
1310 2147 1517 2204 Ponam
1561 2153 1733 2209 vellus
1778 2155 1915 2211 lanae
1957 2158 2008 2211 in

431 2240 594 2290 area,
626 2238 677 2282 et
703 2231 747 2284 si
781 2231 943 2285 fuerit
994 2249 1158 2305 supra
1201 2240 1371 2296 vellus
1402 2243 1742 2302 solummodo
1784 2265 1905 2315 ros,
1957 2260 2011 2305 et

430 2332 593 2387 super
621 2335 835 2376 onmem
867 2332 1068 2380 terram
1120 2330 1373 2397 siccitas,
1407 2350 1500 2390 ero
1546 2340 1833 2397 conﬁdens
1875 2359 2011 2412 quo-

429 2409 573 2462 niam
606 2420 660 2465 tu
702 2413 907 2469 salvum
956 2418 1123 2475 facias
1170 2422 1336 2478 Israel
1393 2427 1443 2481 in
1490 2444 1650 2484 manu
1700 2448 1839 2488 mea.
1878 2452 1897 2485 ι
1946 2436 2009 2490 Et

427 2516 551 2554 cum
583 2505 921 2572 poposcisset
966 2509 1184 2566 Gedeon
1216 2530 1243 2567 a
1281 2516 1390 2571 Deo
1420 2517 1632 2589 signum
1682 2523 1851 2590 istud,
1899 2542 2009 2580 mc-

426 2591 835 2650 ruiteil‘ectum.
886 2598 990 2653 Sed
1039 2615 1187 2669 esto,
1243 2605 1628 2676 impetraveris
1663 2613 1799 2681 hoc,
1831 2632 1864 2671 ο
1904 2617 2009 2674 Ge-

424 2685 565 2740 deon
599 2689 713 2759 (82)
749 2706 763 2743 :
796 2692 925 2760 quid
976 2704 1029 2746 ct
1066 2696 1268 2764 accipis
1297 2698 1467 2754 vellus
1499 2700 1635 2756 lanas
1667 2704 1718 2757 in
1753 2721 1878 2761 area
1901 2748 1915 2769 ,
1955 2719 2010 2763 et

424 2781 684 2848 expritnis
717 2782 769 2836 in
796 2784 1039 2853 pelvim?
1081 2786 1217 2853 Quid
1261 2799 1313 2845 te
1340 2796 1607 2860 permovit
1640 2796 1742 2852 hoc
1784 2800 2007 2856 facere?

425 2864 532 2922 Sed
571 2880 724 2937 esto,
770 2872 1153 2943 impetraveris
1197 2880 1432 2948 primum
1464 2884 1716 2954 signum,
1769 2890 1897 2960 quid
1948 2903 2003 2946 ut

421 2961 717 3015 secundum
772 2965 934 3017 etiam
994 2966 1204 3034 signum
1260 2984 1574 3039 permutato
1625 2992 1691 3032 ac
1748 2996 2004 3050 perverso

426 3042 614 3096 ordine
670 3049 953 3113 posceres?
1004 3050 1270 3110 Fortassis
1323 3059 1467 3113 enim
1518 3062 1654 3133 dicit
1700 3042 1890 3137 aliquis
1925 3086 1993 3126 ex

2134 608 2272 662 ratio
2328 609 2768 677 deprehenditur.
2818 607 2948 665 Vide
2994 626 3207 666 omnem
3261 613 3405 668 hunc
3449 614 3705 683 populum

2131 699 2222 767 qui
2260 714 2353 767 per
2407 714 2620 751 omnem
2677 710 2875 754 terram
2924 716 2987 755 ex
3028 702 3278 771 gentibus
3347 717 3708 775 congregatus

2130 796 2248 853 est,
2302 790 2590 843 habentem
2636 806 2777 845 nunc
2832 792 2883 844 in
2940 808 2998 846 se
3037 808 3213 848 rorem
3263 795 3529 850 divinum.
3575 797 3707 854 Vide

2128 895 2249 934 cum
2278 878 2440 950 Moysi
2479 895 2604 935 rore
2655 880 2861 935 infundi
2892 922 2904 946 ,
2954 885 3337 952 prophetarum
3378 886 3579 942 litteris
3632 889 3708 943 ir-

2130 970 2321 1023 rorari.
2383 968 2511 1025 Vide
2568 987 2689 1023 eum
2742 973 2906 1025 etiam
2957 974 3009 1026 in
3049 976 3355 1045 evangelico
3391 987 3445 1031 et
3486 988 3703 1047 aposto-

2126 1057 2231 1112 lico
2261 1059 2486 1113 humore
2528 1060 2889 1128 viridantem;
2932 1063 3060 1116 illud
3096 1074 3274 1119 autem
3312 1067 3512 1131 vellus,
3544 1069 3594 1121 id
3620 1080 3703 1124 est

2125 1145 2409 1202 Iudaicum
2460 1150 2737 1219 pepulum,
2788 1152 3093 1208 siccitatem
3127 1164 3181 1209 et
3215 1157 3521 1212 ariditatem
3553 1161 3699 1215 verbi

2125 1240 2452 1307 patientem,
2485 1240 2778 1294 secundum
2824 1244 2967 1310 quod
3018 1245 3277 1313 scriptum
3326 1257 3407 1301 est
3460 1248 3523 1311 ",
3574 1252 3698 1319 quia

2130 1346 2147 1378 ε
2185 1339 2343 1381 erunt
2393 1330 2486 1382 lilii
2524 1328 2687 1384 Israel
2726 1331 2893 1385 multo
2945 1343 3191 1403 tempore
3225 1336 3344 1390 sine
3392 1353 3551 1408 rege,
3583 1339 3700 1394 sine

2124 1422 2382 1489 propheta
2404 1460 2419 1486 ,
2450 1438 2555 1477 non
2582 1424 2682 1476 erit
2713 1423 2887 1479 altare
2908 1464 2924 1491 ,
2949 1441 3123 1494 neque
3165 1428 3339 1482 hostia
3361 1473 3373 1494 ,
3411 1444 3584 1499 neque
3612 1447 3698 1484 sa-

2123 1512 2408 1567 criﬁcium.
2452 1532 2469 1566 ι
2504 1514 2736 1570 Intueris
2767 1525 2967 1585 quanta
2998 1520 3136 1587 apud
3166 1518 3285 1573 illos
3308 1520 3531 1575 siccitas
3567 1538 3693 1592 per-

2122 1613 2335 1668 manet,
2372 1614 2574 1673 quanta
2614 1606 2692 1660 eis
2725 1607 2951 1662 ariditas
2978 1608 3143 1661 divini
3180 1612 3453 1666 sermonis
3489 1614 3693 1668 evenit.

2122 1693 2245 1748 II-rc
2271 1695 2483 1763 quidem
2517 1695 2668 1750 nobis
2692 1738 2705 1761 ,
2732 1698 2872 1751 sicut
2907 1696 3062 1753 lateri
3096 1698 3288 1766 decet,
3325 1715 3391 1755 ex
3427 1700 3693 1770 majorum

2123 1785 2304 1841 labore
2336 1786 2536 1841 collata
2571 1797 2721 1853 sunt,
2765 1804 2951 1843 verum
2996 1792 3250 1858 quoniam
3294 1791 3456 1846 etiam
3490 1808 3558 1847 ex
3592 1810 3686 1848 au-

2123 1878 2234 1931 dito
2272 1881 2436 1933 verbo
2469 1894 2497 1931 a
2532 1879 2894 1947 sapientibus,
2933 1882 3073 1935 sicut
3119 1882 3380 1951 scriptum
3418 1894 3534 1949 est,
3574 1886 3686 1939 εοΙο

2123 1968 2345 2024 laudare
2371 1970 2662 2036 debemus,
2710 1980 2762 2025 et
2810 1972 3049 2042 adjicere
3102 1974 3168 2029 ad
3217 1975 3376 2041 illud,
3413 1978 3688 2035 videamus

2120 2061 2246 2132 quid
2274 2062 2437 2115 etiam
2470 2049 2906 2132 supertediiicare
2939 2064 3210 2132 possimus
3236 2066 3288 2118 in
3317 2067 3531 2124 talibus.
3556 2068 3686 2122 Cum

2119 2153 2569 2223 septuagesimum
2598 2154 2827 2222 primum
2849 2154 3112 2223 psalmum
3135 2154 3276 2225 apud
3308 2158 3682 2227 memetipsum

2119 2260 2260 2314 saepe
2308 2245 2672 2309 discuterem,
2727 2244 2893 2299 movit
2926 2261 3009 2300 me
3055 2247 3107 2299 in
3168 2248 3309 2302 hanc
3361 2264 3508 2313 rem,
3544 2251 3685 2319 quod

2119 2352 2239 2390 cum
2293 2337 2580 2391 adventum
2615 2337 2816 2392 Christi
2854 2340 2903 2392 in
2961 2355 3024 2394 eo
3074 2341 3436 2407 describeret,
3474 2343 3527 2398 in
3572 2346 3689 2414 ipso

2116 2428 2280 2481 etiam
2330 2429 2431 2482 hoc
2456 2429 2650 2482 asserit
2681 2438 2998 2483 eventurum
3038 2449 3051 2485 :
3089 2450 3107 2481 c
3153 2432 3217 2486 Et
3249 2435 3573 2497 descendet,
3604 2435 3689 2487 in-

2116 2517 2235 2588 quit
2269 2518 2334 2583 ”,
2367 2517 2508 2570 sicut
2536 2519 2714 2587 pluvia
2748 2519 2799 2571 in
2830 2519 3019 2586 vellus,
3049 2530 3103 2574 et
3141 2523 3278 2575 sicut
3302 2524 3561 2577 stillantia
3589 2540 3682 2579 su-

2117 2626 2211 2679 per
2266 2618 2486 2661 terram.
2534 2627 2553 2660 »
2596 2608 2774 2663 Velius
2808 2610 2892 2663 hic
2928 2612 3269 2676 nominatur,
3317 2614 3484 2669 vellus
3524 2627 3577 2668 et
3626 2616 3680 2669 in
3746 2650 3751 2651 ν

2116 2700 2347 2754 Psalmis
2385 2700 2741 2755 describitur.
2789 2701 3077 2756 Descendit
3109 2706 3251 2757 enim
3284 2707 3423 2759 sicut
3466 2705 3682 2775 pluvia,

2116 2792 2289 2861 inquit
2357 2808 2550 2862 ,super
2579 2793 2765 2847 vellus.
2794 2795 3075 2848 Descendit
3099 2812 3227 2865 ergo
3256 2798 3308 2850 in
3353 2797 3481 2851 illud
3513 2799 3683 2855 vellus

2112 2884 2290 2955 populi
2339 2884 2810 2951 circumcisiouis,
2845 2896 2898 2940 et
2934 2888 3068 2941 sicut
3108 2890 3380 2943 stillicidia
3421 2890 3683 2947 stillantia

2110 2991 2270 3045 super
2300 2985 2498 3031 terram
2531 2994 2544 3030 :
2586 2977 2685 3031 hoc
2725 2987 2807 3031 est
2852 2995 3016 3048 super
3057 2981 3314 3049 reliquam
3362 2992 3559 3036 terram
3587 2984 3681 3036 de-

2108 3066 2320 3119 scendit
2375 3065 2632 3120 Dominus
2687 3076 2872 3121 noster
2919 3066 3076 3122 Jesus
3131 3068 3414 3131 Christus,
3468 3070 3679 3125 stillans

423 3133 507 3196 iis,
538 3135 629 3203 qui
668 3139 927 3196 attentius
975 3144 1199 3200 audiunt
1247 3163 1366 3217 quae
1413 3153 1691 3223 leguntur,
1726 3133 1849 3229 quia
1882 3180 1989 3219 non
2022 3191 2068 3251 ρ
2106 3157 2268 3211 etiam
2312 3171 2474 3224 super
2516 3170 2650 3220 nos,
2680 3166 2734 3210 et
2772 3167 2950 3227 guttas
2983 3158 3139 3212 nobis
3191 3174 3405 3228 quoque
3447 3160 3680 3216 all‘erens

423 3223 673 3251 ’,ἕλη-ιι...-
734 3233 952 3251 ---υᾼῌο
1069 3238 1083 3251 1
1286 3242 1300 3251 .
1351 3244 1363 3251 .
1478 3247 1490 3251 -
2202 3248 2213 3251 -
2364 3247 2374 3251 _
2468 3248 2479 3251 _
2877 3248 2942 3251 μγ-

423 3223 673 3280 videntur
727 3233 1016 3289 convenire
1069 3238 1184 3293 haec
1234 3242 1301 3295 ad
1349 3244 1491 3301 istud
1544 3252 1687 3318 quod
1730 3256 1988 3325 scriptum

418 3322 502 3368 est
529 3317 566 3348 “
597 3336 609 3370 :
643 3337 659 3368 4
691 3319 809 3375 Νοη
833 3326 1065 3380 tentabis
1089 3328 1374 3387 Dominum
1398 3317 1572 3391 Deum
1594 3349 1767 3406 tuum,
1801 3364 1818 3395 ι
1838 3317 1990 3414 quod

419 3408 502 3463 lex
535 3416 810 3483 pra-cepit.
862 3416 971 3472 Sed
1001 3422 1178 3477 exitus
1208 3424 1284 3478 rei
1323 3428 1479 3482 docet
1512 3445 1615 3484 non
1646 3446 1767 3488 esse
1807 3445 1994 3489 contra

424 3503 731 3556 mandatum
756 3503 981 3561 factum.
1019 3510 1202 3581 Neque
1229 3516 1373 3570 enim
1427 3522 1709 3576 exaudiret
1739 3523 1878 3580 Deus
1907 3541 1997 3594 pe-

422 3588 667 3644 titionem
713 3603 903 3650 contra
960 3596 1129 3667 legem
1168 3603 1368 3670 aliquid
1397 3606 1803 3676 deposcentem.
1846 3588 1998 3669 Nunc

416 3687 597 3733 autem
646 3696 768 3736 cum
820 3686 1101 3743 videamus
1138 3692 1262 3758 quia
1306 3703 1360 3748 et
1399 3697 1451 3750 in
1498 3699 1672 3767 primo
1706 3703 1859 3772 signo
1908 3721 1994 3761 ros

416 3768 613 3823 cecidit
668 3787 835 3841 super
884 3776 1055 3832 vellus
1100 3779 1269 3847 lanae,
1335 3783 1387 3839 in
1435 3790 1580 3842 omni
1641 3802 1819 3847 atttem
1851 3804 1993 3850 terra

416 3858 560 3912 facta
593 3873 675 3916 est
713 3867 964 3932 siccitas,
994 3878 1047 3923 ct
1070 3869 1121 3924 in
1157 3875 1399 3929 secundo
1440 3894 1607 3947 super
1637 3896 1852 3939 omnem
1885 3895 1992 3940 ter-

416 3966 529 4006 ram
567 3953 760 4009 cecidit
791 3971 880 4010 ros
915 3975 928 4010 :
962 3958 1184 4014 siccitas
1219 3973 1400 4020 autem
1432 3966 1533 4021 fuit
1567 3969 1619 4023 in
1670 3973 1901 4039 vellere,
1939 3979 1990 4031 in

415 4058 523 4111 quo
565 4054 618 4099 et
666 4046 916 4101 tiduciam
966 4048 1163 4117 accipit
1212 4053 1426 4110 Gedeon
1466 4060 1593 4127 quia
1648 4061 1902 4121 Dominus
1938 4067 1989 4121 in

416 4148 575 4187 manu
622 4134 737 4203 ejus
769 4138 973 4193 salvum
1017 4141 1222 4198 faceret
1263 4144 1375 4216 (85)
1409 4146 1604 4213 Israel,
1643 4151 1871 4207 videnda
1907 4165 1991 4211 est

413 4224 571 4293 hujus
614 4229 854 4297 mysterii
895 4233 1069 4297 ratio,
1099 4236 1164 4291 de
1192 4252 1297 4305 qua
1335 4239 1554 4293 memini
1588 4241 1751 4295 etiam
1798 4260 1989 4313 quem-

411 4316 532 4369 dam
558 4332 626 4371 ex
653 4322 1148 4387 praedecessoribus
1175 4329 1375 4383 nostris
1405 4331 1455 4384 in
1488 4331 1681 4388 libellis
1716 4336 1849 4401 suis,
1876 4340 1988 4393 vel-

411 4407 494 4463 lus
540 4409 677 4464 lanae
714 4415 968 4483 pOpnlum
1014 4418 1217 4475 dixisse
1272 4420 1469 4490 Israel,
1507 4424 1769 4494 reliquam
1807 4440 1985 4483 autem

2107 3248 2248 3302 roris
2275 3247 2511 3302 cmlestis
2533 3286 2549 3311 ,
2586 3256 2643 3300 ttt
2671 3257 2725 3301 et
2751 3263 2848 3302 nos
2876 3248 3122 3302 bibamus
3151 3251 3241 3318 qui
3266 3266 3485 3304 eramus
3516 3266 3678 3319 super

2104 3354 2318 3394 omnem
2355 3349 2555 3393 terram
2593 3338 2708 3407 jugi
2752 3340 3004 3393 ariditate
3045 3341 3255 3394 siccati.
3313 3340 3466 3396 Hunc
3512 3342 3678 3410 igitur

2106 3432 2348 3501 mysterii
2382 3430 2627 3485 ordinem
2679 3430 2897 3484 Gedeon
2949 3442 3168 3485 sanctus
3221 3434 3535 3501 prophetico
3568 3436 3679 3502 spi-

2103 3521 2209 3573 ritu
2243 3532 2535 3584 contuens,
2574 3535 2676 3572 non
2716 3520 2887 3572 solum
2922 3521 3156 3589 primum
3192 3522 3402 3590 signum
3435 3524 3679 3591 poposcit

2104 3624 2134 3663 a
2166 3610 2308 3674 Dco,
2357 3610 2452 3663 sed
2490 3620 2544 3663 et
2586 3611 2881 3663 secundum
2922 3625 3185 3664 converso
3226 3611 3415 3666 ordine
3460 3615 3671 3680 repetit.

2104 3700 2316 3755 Sciebat
2348 3702 2491 3754 enim
2519 3715 2693 3753 rorem
2717 3700 2961 3754 divinum
2984 3740 2998 3763 ,
3031 3701 3121 3768 qui
3159 3710 3239 3756 est
3265 3702 3528 3756 adventus
3552 3701 3672 3760 Filii

2101 3793 2215 3852 Dei.
2249 3807 2356 3846 non
2389 3793 2563 3846 solum
2596 3791 2829 3859 Iudaeis,
2878 3795 2972 3849 sed
3012 3804 3066 3851 et
3103 3793 3449 3862 postmodum
3505 3797 3670 3849 etiam

2100 3884 2351 3951 gentibus
2388 3898 2509 3938 esse
2561 3895 2846 3938 venturum
2872 3925 2887 3951 ,
2918 3887 3170 3953 quoniam
3209 3889 3425 3956 quidem
3477 3904 3542 3943 ex
3589 3890 3676 3943 in-

2100 3976 2416 4031 credulitate
2445 3976 2612 4032 Israel
2640 3977 2786 4031 salus
2815 3977 2874 4030 Iit
2899 3981 3171 4048 gentibus.
3202 3980 3266 4033 Et
3300 3983 3399 4036 Itoc
3421 3991 3504 4036 est
3528 3983 3670 4051 quod

2096 4081 2194 4134 pro
2224 4066 2478 4121 ariditate
2526 4066 2743 4122 velleris
2794 4069 3045 4123 universa
3084 4079 3227 4124 terra
3278 4073 3455 4142 gratia
3502 4073 3669 4127 divini

2098 4159 2237 4213 roris
2271 4158 2591 4213 infunditur.
2626 4158 2731 4213 Sed
2763 4168 2817 4215 et
2850 4160 2976 4215 illud
3008 4162 3061 4215 in
3092 4163 3191 4217 hoc
3225 4162 3366 4218 facto
3409 4166 3508 4219 viri
3537 4164 3671 4220 Iide-

2096 4250 2285 4304 lissimi
2313 4250 2583 4305 Gedeonis
2608 4254 3043 4318 praetereundum
3078 4254 3301 4309 minime
3330 4266 3459 4324 puto
3479 4300 3495 4323 ,
3526 4258 3667 4325 quod

2096 4341 2251 4395 nobis
2275 4342 2340 4395 ad
2372 4340 2601 4396 formam
2634 4352 2809 4409 potest
2840 4346 3063 4398 cautela:
3087 4346 3345 4414 spiritalis
3384 4348 3668 4404 accedere.

2094 4430 2351 4500 Angel'um
2377 4431 2547 4495 vidit,
2580 4433 2673 4486 sed
2706 4433 2785 4487 vir
2805 4435 3048 4489 eruditus
3080 4444 3133 4489 et
3174 4436 3508 4505 Itahensjam
3539 4438 3665 4495 .Iesu

409 4508 616 4555 terram
651 4505 891 4575 reliquas
936 4520 1126 4577 gentes
1170 4513 1446 4579 posuisse,
1479 4525 1533 4569 et
1573 4532 1747 4571 rorem
1771 4522 1859 4587 qui
1900 4536 1986 4575 ce-
2022 4535 2067 4589 1)
2098 4521 2438 4589 prtecessoﬁs
2472 4522 2810 4590 exemplum,
2853 4525 3067 4577 cautius
3099 4526 3231 4594 agit.
3264 4525 3483 4581 Sciebat
3517 4531 3663 4584 enim

405 4591 542 4647 cidit
572 4608 736 4661 super
765 4598 935 4651 vellus
958 4638 973 4663 ,
1002 4602 1225 4655 verbum
1262 4604 1353 4658 Dei
1389 4620 1511 4661 esse
1531 4647 1545 4671 ,
1590 4609 1731 4676 quod
1781 4610 1857 4664 illi
1890 4612 1990 4666 soli

405 4684 606 4753 pepulo
633 4684 853 4741 ctelitus
894 4688 1084 4745 fuisset
1116 4693 1407 4751 indultum.
1432 4698 1607 4765 Supra
1632 4701 1802 4755 solum
1836 4719 1989 4757 nam-

404 4791 513 4844 que
554 4775 721 4832 Israel
765 4795 855 4833 ros
892 4782 1087 4837 divina:
1131 4768 1263 4855 legis
1310 4787 1624 4843 advenerat.
1672 4791 1986 4846 Siccitatem

406 4876 589 4920 autem
635 4867 907 4923 habebant
937 4886 1125 4927 omnes
1156 4885 1342 4944 gentes
1374 4895 1388 4930 :
1421 4881 1545 4946 quia
1581 4880 1760 4936 nullus
1803 4885 1851 4937 ei
1890 4884 1987 4939 hu-

405 4970 522 5008 mor
566 4959 732 5014 divini
762 4961 1145 5018 infundebatur
1172 4966 1386 5037 eloquii.
1421 4969 1652 5026 Secundi
1687 4988 1816 5028 vero
1848 4978 1984 5031 ratio

403 5047 542 5117 signi
583 5051 635 5105 in
674 5055 1006 5109 contrarium
1040 5069 1399 5125 pertnntatur.
1429 5062 1480 5116 in
1515 5079 1622 5133 quo
1653 5066 1730 5119 ait
1756 5067 1799 5097 "
1828 5086 1839 5121 :
1870 5085 1888 5118 ι
1914 5068 1984 5125 Ut

401 5153 571 5209 supra
622 5158 837 5200 omnem
867 5156 1069 5201 terram
1126 5164 1214 5203 ros
1266 5150 1588 5219 descendat,
1621 5171 1782 5226 supra
1817 5162 1986 5217 vellus

480 5325 526 5398 I_°
549 5326 686 5398 _Jud.
714 5343 790 5394 vi,
829 5328 917 5391 36,
947 5329 1036 5384 37.
1116 5332 1157 5363 ¹¹
1186 5330 1340 5388 Deut.
1370 5350 1447 5398 τι,
1476 5334 1562 5389 ιθο

408 5395 456 5427 ⁸⁸
484 5396 502 5449 I
534 5396 690 5453 Ioan.
724 5414 795 5461 tv,
841 5397 892 5452 I.
970 5400 1011 5430 "
1042 5399 1058 5453 I
1090 5400 1214 5456 Cor.
1267 5418 1335 5467 tt,
1368 5395 1457 5458 I5.
1539 5404 1580 5435 "‘
1604 5405 1715 5463 Jos.
1742 5424 1805 5473 v,
1842 5395 1930 5466 15:

479 5531 655 5606 (81)]
663 5545 1015 5600 nterpretatur
1054 5548 1222 5590 autem
1263 5540 1478 5594 Abiezer
1496 5544 1664 5606 patris
1699 5546 1797 5597 mei
1828 5548 1983 5599 auxi-

408 5598 559 5673 ςξῑςιῃ.
589 5602 661 5653 Ex
691 5598 821 5670 τιή,
858 5622 876 5654 ι
914 5616 1063 5672 pater
1098 5624 1267 5668 meus,
1315 5630 1333 5660 ι
1380 5618 1435 5662 et
1460 5598 1563 5673 ’ἦν
1591 5630 1607 5661 ι
1641 5598 1921 5668 auxilium.
1957 5635 1975 5668 ι

410 5667 608 5744 Ibidem
644 5667 816 5749 iussu,
843 5692 880 5754 τῃ
900 5667 1148 5754 nouergo
1167 5667 1437 5754 hominem
1472 5667 1730 5754 aliquem,
1753 5667 1860 5737 sed
1889 5667 1977 5754 pa-

413 5738 504 5789 tris
545 5741 760 5792 summi.
793 5761 809 5791 ›
844 5742 1000 5805 Editi,
1039 5764 1055 5794 ι
1081 5738 1210 5799 "non
1262 5764 1391 5817 ergo
1425 5738 1682 5804 humilem
1717 5738 1975 5822 aliquem,

1641 5338 1684 5367 ¹²
1708 5337 1828 5394 Jttd.
1861 5357 1935 5409 vt,
1967 5345 2056 5401 59.

2090 4611 2347 4678 possibile
2385 4625 2506 4665 esse
2531 4611 2694 4664 etiam
2730 4613 2951 4680 angelos
2986 4614 3329 4669 tenebrarum
3378 4619 3664 4689 transﬁgu-

2091 4715 2210 4754 rare
2249 4717 2307 4756 se
2341 4702 2394 4755 in
2440 4702 2661 4771 angelos
2710 4702 2845 4757 lucis
2878 4704 2922 4734 ¹⁸
2955 4722 2968 4758 :
2997 4714 3051 4758 et
3101 4707 3219 4762 ideo
3265 4711 3664 4766 examinatione

2088 4795 2438 4858 cautissima,
2484 4794 2635 4859 volo,
2666 4794 2841 4862 inquit
2872 4798 3102 4863 probare
3130 4799 3381 4866 spiritum
3412 4802 3455 4853 si
3494 4816 3523 4854 a
3555 4801 3662 4856 Deo

2092 4885 2279 4948 est“,
2326 4886 2449 4954 quia
2499 4902 2517 4935 ε
2559 4885 2821 4953 spiritalis
2865 4888 3137 4941 examinat
3184 4892 3364 4944 omnia
3398 4893 3460 4946 ”.
3504 4912 3524 4945 ι
3572 4892 3663 4948 Sic

2094 4987 2332 5041 namque
2361 4989 2655 5042 praecessor
2688 4973 2804 5040 ejus
2849 4974 3049 5029 fecerat
3094 4974 3221 5031 Jcsu
3252 4978 3396 5035 Nave
3425 4982 3502 5046 η,
3533 4997 3658 5037 cum

2092 5066 2386 5134 principem
2412 5067 2615 5120 militia:
2654 5068 2889 5121 caelestis
2919 5069 3175 5123 vidisset:
3217 5071 3439 5141 inquirit
3477 5078 3659 5129 etdis-

2091 5160 2247 5223 cutit,
2290 5159 2332 5212 si
2381 5166 2568 5213 noster
2603 5158 2708 5223 sit,
2755 5173 2824 5212 an
2861 5160 3315 5216 adversariorum.
3356 5162 3467 5219 Hoc
3500 5167 3657 5221 modo

2137 5344 2177 5373 ¹³
2205 5340 2331 5397 Ose.
2364 5357 2421 5395 IIl
2443 5380 2457 5405 ,
2492 5340 2547 5395 4.
2627 5341 2669 5373 ¹¹⁵
2696 5340 2839 5395 Psal.
2878 5357 2970 5408 xx,
2994 5341 3049 5396 6.

3130 5344 3173 5377 "
3203 5342 3242 5398 ll
3276 5346 3402 5401 Cor.
3429 5362 3540 5413 χιι,
3572 5347 3650 5404 ιι.

2090 5549 2181 5602 sed
2209 5546 2381 5616 patris
2408 5548 2514 5601 sui.
2548 5567 2566 5598 i

2160 5617 2272 5687 (82)
2301 5617 2431 5670 Mss.
2467 5637 2485 5668 ι
2524 5618 2901 5686 impetraveris
2948 5618 3239 5675 eﬂicaciam
3281 5623 3454 5692 signi,
3479 5639 3512 5682 ο
3547 5624 3653 5681 Ge—

2086 5689 2440 5827 dcggé)’biss.
2484 5775 2499 5806 ε
2542 5756 2760 5812 faceret.
2797 5777 2814 5809 ι
2855 5757 3016 5824 Editi,
3064 5778 3082 5812 ‹
3115 5760 3300 5816 faciat.
3339 5780 3360 5815 ι
