4124 6430
412 368 516 425 985

1465 370 1530 426 lN
1566 373 1824 432 LIBRUM
1862 375 2156 434 JUDICL'M
2197 377 2478 443 llOMlLIA
2510 380 2599 437 IX.

3567 391 3671 447 936

414 485 579 539 etiam
632 480 1007 537 sanctissimus
1049 478 1267 536 Gedeou
1310 484 1535 540 discutit
1581 492 1879 558 angelicam
1910 496 1988 543 vl-
2018 499 2060 553 Α
2093 494 2302 562 accipio
2335 510 2529 560 aquam
2563 502 2618 547 et
2674 491 2862 548 haurio
2896 495 2961 549 de
2984 496 3222 554 fontibus
3272 498 3469 565 Israel,
3507 520 3670 572 quam

413 576 652 641 sionem,
678 574 991 628 diversitate
1010 582 1062 628 et
1094 575 1471 630 immutatione
1496 578 1793 647 signorum.

484 667 538 722 5.
576 666 683 721 Sed
735 677 790 721 et
858 666 985 720 illud
1026 666 1164 735 quod
1210 667 1283 720 ait
1337 667 1592 737 Cedeon,
1631 671 1834 725 Ponant
1877 673 1980 726 vel-

414 760 502 814 lus
559 774 664 813 non
721 759 1047 826 ubicunque,
1120 776 1226 814 non
1287 761 1338 815 in
1409 777 1603 831 campo
1644 801 1661 826 ,
1709 780 1882 832 neque
1936 765 1987 817 in

414 851 591 914 saltu,
626 851 721 904 sed
751 852 801 903 in
828 866 953 903 area
975 891 990 915 ,
1020 852 1180 920 quale
1225 852 1317 906 tibi
1352 853 1596 907 videtur?
1630 854 1688 907 ln
1726 870 1853 909 area
1898 856 1987 909 ubi

415 940 607 994 messis
637 948 755 994 est:
792 957 810 990 ι
859 940 1048 996 Messis
1068 943 1285 1011 quidem
1322 943 1489 996 multa
1509 984 1524 1009 ,
1554 945 1789 1013 operarii
1808 956 1988 1000 autem

413 1030 570 1096 pauci
606 1029 669 1083 ".
700 1029 902 1083 Pouam
926 1070 940 1093 ,
974 1032 1150 1100 inquit
1180 1032 1246 1095 ³ο,
1282 1030 1456 1085 vellus
1482 1031 1570 1085 ubi
1619 1034 1812 1088 messis
1829 1044 1932 1088 est.
1966 1053 1986 1087 ι

412 1120 548 1185 Quid
593 1128 837 1174 moverat
865 1133 1117 1175 sanctum
1155 1122 1330 1175 virum
1376 1121 1617 1189 Gedeon,
1654 1122 1734 1176 vel
1780 1126 1907 1192 quid
1940 1128 1990 1180 ei

415 1213 586 1265 visum
637 1212 816 1266 fuerat
850 1223 907 1266 ut
936 1214 1038 1267 hoc
1070 1213 1318 1269 faceret?
1347 1213 1683 1270 Prmvidebat
1704 1218 1848 1271 enim
1896 1234 1993 1287 per

410 1307 698 1376 spiritum,
740 1308 865 1375 quia
912 1304 1166 1361 Christus
1217 1306 1270 1359 in
1299 1320 1484 1360 aream
1546 1322 1698 1361 suam
1735 1309 1990 1377 populum

412 1412 569 1452 suum
617 1405 912 1468 congregat
946 1405 1001 1451 et
1027 1397 1100 1450 ibi
1132 1411 1256 1451 eum
1296 1408 1595 1467 expurgat,
1639 1406 1832 1452 tenens
1866 1415 1995 1451 ven-

415 1489 669 1543 tilabrum
707 1489 759 1541 in
793 1504 953 1542 manu
984 1503 1106 1552 sua,
1130 1496 1186 1542 et
1224 1487 1294 1541 ibi
1327 1486 1510 1556 paleas
1552 1500 1772 1557 separat
1801 1506 1830 1542 a
1874 1490 1994 1543 fru-

415 1592 597 1636 mento
629 1582 695 1635 “.
729 1579 845 1635 Non
876 1594 1009 1651 ergo
1043 1581 1161 1635 sine
1193 1594 1359 1635 causa
1386 1581 1471 1633 vir
1504 1589 1689 1635 tantus
1732 1586 1786 1636 et
1833 1582 1954 1635 talis
1978 1622 1992 1645 ,

417 1669 574 1740 cujus
618 1680 673 1726 et
721 1680 949 1725 sanctus
989 1671 1281 1739 Apostolus
1330 1672 1396 1725 ad
1450 1669 1706 1727 llebra-os
1752 1673 1997 1727 scribens

416 1762 544 1815 facit
567 1762 619 1815 in
647 1762 1034 1831 prophetarum
1065 1760 1317 1831 catalogo
1349 1764 1679 1816 mentionem
1711 1764 1779 1827 “,
1809 1778 1990 1816 aream

412 1853 601 1921 elegit,
633 1854 698 1906 ad
721 1852 891 1907 vellus
918 1854 1229 1921 ponendum
1263 1869 1276 1905 :
1307 1867 1408 1907 nec
1433 1853 1551 1906 sine
1573 1868 1739 1908 causa
1767 1868 1992 1922 expres-
2025 1848 2064 1901 Β

413 1944 484 1996 sit
511 1942 679 1995 vellus
722 1942 773 1995 in
804 1941 999 2010 pelvim
1019 1981 1034 2007 ,
1066 1941 1283 2009 quando
1330 1951 1386 1994 et
1422 1942 1649 2010 replevit
1674 1958 1795 1997 eam
1827 1957 1989 2011 aqua.

415 2031 774 2099 ltequiramus
806 2039 860 2084 et
890 2031 958 2084 de
988 2031 1089 2084 hoc
1121 2030 1173 2084 in
1201 2028 1499 2098 Scripturis
1517 2030 1726 2085 sanctis
1746 2071 1763 2098 ,
1796 2032 1841 2085 si
1872 2046 1993 2098 quae

430 2122 587 2168 notus
629 2122 788 2169 etiam
822 2117 986 2183 hujus
1032 2116 1399 2189 intelligentiae
1439 2130 1724 2190 praestatur
1750 2125 1989 2179 occasio.

431 2209 721 2266 Veniamus
756 2213 823 2266 ad
860 2214 1228 2285 Evangelium.
1271 2216 1582 2273 Invenimus
1618 2219 1690 2273 ibi
1731 2220 1775 2251 ”
1812 2221 1995 2275 Domi-

428 2325 557 2364 num
595 2319 651 2364 ει
688 2309 1018 2367 Salvatorem
1058 2324 1304 2369 nostrum
1343 2327 1630 2372 exuentem
1667 2319 1992 2374 vestimenta

426 2419 542 2468 sua,
574 2415 629 2459 et
667 2405 833 2461 linteo
869 2409 1215 2477 praecinctum
1255 2411 1470 2466 mittere
1508 2413 1669 2485 5.76
1705 2431 1895 2484 aquam
1937 2416 1992 2475 in

412 2502 604 2570 pelvim
628 2541 642 2566 ,
673 2500 851 2557 lavare
882 2502 1045 2571 pedes
1077 2502 1470 2572 discipulorum
1522 2519 1768 2560 suorum.
1828 2505 1993 2562 Vides

412 2607 542 2661 ergo
565 2593 689 2660 quia
722 2593 833 2646 haec
864 2593 1262 2648 adumbrabant
1297 2596 1592 2665 prophetae,
1623 2611 1738 2664 quae
1763 2607 1917 2651 erant
1938 2598 1991 2652 in

413 2683 724 2739 novissimis
755 2686 1083 2754 temporibus
1108 2684 1378 2752 implenda
1419 2701 1515 2755 per
1553 2687 1857 2742 Dominum.
1898 2688 1990 2745 Illa

409 2790 539 2844 ergo
569 2791 706 2846 aqua
740 2791 903 2845 quam
941 2778 1192 2831 mittebat
1216 2775 1377 2833 Jesus
1422 2780 1475 2832 in
1521 2779 1720 2848 pelvim
1753 2795 1842 2835 ros
1875 2792 1994 2836 erat

410 2870 597 2939 gratiae
637 2870 881 2924 ccelcstis
927 2883 993 2923 ex
1024 2884 1133 2938 quo
1162 2870 1375 2925 lavabat
1401 2871 1567 2940 pedes
1599 2872 1988 2941 discipulorum

410 2976 656 3017 suorum.
690 2960 845 3016 Unde
886 2970 944 3017 et
980 2962 1175 3017 merito
1207 2963 1424 3017 dicebat
1464 2964 1530 3017 ad
1563 2977 1661 3018 eos
1698 2965 1743 2996 “
1774 2984 1788 3019 :
1821 2983 1839 3016 ι
1887 2965 1991 3020 Vos

408 3063 592 3108 autem
641 3055 823 3108 mundi
872 3054 1003 3109 estis
1034 3063 1256 3125 propter
1304 3054 1528 3109 verbum
1577 3060 1718 3125 quod
1773 3056 1989 3110 locutus

2089 585 2335 652 eXprimo
2363 584 2428 638 de
2479 585 2773 639 Israelitico
2799 585 3022 645 vellere.
3054 588 3310 658 Exprimo
3338 595 3481 647 enim
3512 599 3674 649 modo

2090 690 2284 743 aquam
2326 690 2357 729 e
2405 675 2602 729 vellere
2660 674 2781 729 libri
2838 675 3120 744 Judicum,
3171 689 3226 734 et
3270 681 3377 737 alio
3432 693 3674 751 tempore

2093 781 2284 833 aquam
2322 767 2389 820 de
2433 768 2630 821 vellere
2668 766 3011 837 Regnorum,
3046 782 3101 823 et
3134 786 3328 840 aquam
3367 774 3433 828 de
3474 776 3673 834 vellere

2092 857 2268 921 Isaiae,
2307 858 2390 912 vel
2424 855 2715 912 Jeremiae:
2757 870 2813 913 et
2846 860 3002 915 mitto
3046 874 3163 914 eam
3217 863 3268 914 in
3316 862 3510 947 pelgm
3558 864 3674 916 ani-

2094 968 2195 1008 mae
2219 993 2234 1019 ,
2270 954 2583 1023 concipiens
2625 970 2847 1009 sensum
2901 958 2952 1008 in
2980 958 3146 1011 corde
3190 972 3311 1011 meo
3340 972 3355 1011 :
3386 970 3439 1012 et
3464 960 3672 1027 accipio

2094 1045 2255 1113 pedes
2289 1060 2474 1099 eorum
2506 1046 2596 1114 qui
2623 1059 2682 1099 se
2724 1047 2966 1114 prtcbent
2996 1057 3049 1101 et
3086 1059 3395 1117 praeparant
3437 1049 3503 1104 ad
3553 1065 3671 1105 cte-

2095 1136 2331 1188 nandum
2355 1173 2371 1199 ,
2409 1144 2462 1189 et
2493 1135 2811 1204 inquantum
2842 1137 3142 1205 praevaleo,
3169 1137 3352 1191 lavare
3384 1138 3543 1208 cupio
3572 1153 3672 1207 pe-

2095 1228 2187 1280 des
2241 1224 2469 1280 fratrum
2507 1243 2751 1281 meorum
2808 1237 2861 1280 et
2896 1229 3171 1298 complere
3213 1232 3528 1284 mandatum
3563 1229 3670 1282 Do-

2096 1326 2223 1378 mini
2266 1343 2279 1378 :
2318 1334 2375 1378 ut
2427 1326 2478 1379 in
2522 1327 2689 1380 verbo
2723 1326 2986 1380 doctrinae
3009 1335 3309 1397 purgentur
3335 1326 3612 1381 auditores
3641 1341 3672 1379 a

2094 1418 2347 1471 sordibus
2370 1426 2716 1487 peccatorum
2740 1458 2754 1482 ,
2779 1426 2832 1472 et
2870 1418 3131 1488 abjiciant
3158 1433 3187 1471 a
3231 1432 3291 1473 se
3325 1432 3541 1472 omnem
3572 1419 3678 1472 imo

2096 1510 2414 1561 munditiam
2441 1508 2694 1563 vitiorum
2713 1548 2727 1573 ,
2752 1519 2807 1562 et
2834 1512 3062 1564 mundos
3093 1509 3332 1565 habeant
3366 1512 3530 1581 pedes
3553 1512 3674 1580 qui-

2098 1598 2197 1652 bus
2234 1608 2380 1652 recte
2418 1599 2792 1669 ingrediantur
2825 1600 2891 1654 ad
2938 1603 3391 1671 praeparationem
3426 1603 3671 1672 Evange-

2096 1687 2152 1741 lii
2178 1690 2328 1758 pacis
2365 1708 2377 1744 :
2420 1702 2477 1745 ut
2525 1706 2717 1746 omnes
2768 1692 2929 1747 simul
2966 1693 3017 1746 in
3092 1693 3308 1747 Christo
3357 1692 3483 1749 Jesu
3522 1694 3676 1764 puri-

2100 1781 2242 1835 flcati
2274 1795 2369 1851 per
2395 1784 2637 1849 verbum,
2658 1799 2763 1836 non
2789 1783 3110 1851 abjiciamur
3132 1786 3198 1838 de
3228 1784 3466 1838 thalamo
3491 1786 3672 1853 sponsi

2094 1888 2191 1941 pro
2233 1874 2467 1928 sordidis
2531 1875 2895 1940 indumentis;
2945 1876 3040 1930 sed
3100 1876 3345 1929 candidis
3400 1875 3673 1942 vestibus,

2093 1964 2218 2019 lotis
2250 1967 2479 2034 pedibus
2500 2006 2515 2030 ,
2545 1966 2726 2020 mundi
2764 1968 2950 2033 corde,
2980 1968 3363 2020 recumbamus
3398 1967 3448 2019 in
3484 1967 3673 2021 eonvic

2096 2058 2182 2111 vio
2213 2058 2395 2126 sponsi
2421 2057 2591 2126 ipsius
2623 2056 2835 2113 Domini
2864 2057 3035 2113 nostri
3060 2056 3188 2111 Jesu
3213 2054 3436 2121 Christi,
3468 2057 3553 2109 cui
3590 2064 3679 2111 est

2093 2148 2261 2220 gloria
2286 2159 2342 2203 et
2367 2150 2653 2220 imperium
2695 2149 2747 2202 in
2776 2148 2972 2203 Siccula
3003 2148 3347 2203 saeculorum.
3385 2148 3580 2201 Amen.

2680 2279 2958 2335 I'IOMILIA
2991 2278 3081 2335 IX.

2135 2389 2212 2445 De
2239 2391 2423 2461 praelia
2458 2392 2596 2461 quod
2626 2387 2836 2444 Cedeou
2866 2407 2985 2444 cum
3019 2392 3265 2447 trecentis
3293 2392 3421 2446 viris
3450 2391 3627 2447 elutis

2793 2462 2973 2531 gessit.

2171 2596 2221 2648 l.
2247 2595 2441 2665 Ingens
2463 2604 2579 2649 erat
2598 2594 2886 2649 multitudo
2910 2610 3030 2664 quin
3051 2596 3333 2650 adversum
3360 2596 3522 2649 Israel
3546 2611 3670 2649 con-

2100 2696 2316 2755 gregata
2346 2695 2447 2747 est.
2484 2686 2556 2739 ita
2591 2692 2650 2739 ut
2679 2686 2903 2740 locustis
2936 2701 3045 2755 prae
3080 2686 3421 2740 multitudine
3454 2686 3669 2740 confer—

2096 2790 2306 2834 rentur.
2348 2795 2367 2829 ι
2401 2779 2466 2832 Et
2507 2777 2745 2843 cameli,
2782 2778 2960 2846 inquit
2984 2778 3060 2842 ’⁸,
3106 2794 3294 2833 eorum
3338 2781 3480 2834 sicut
3512 2796 3676 2834 arena

2093 2885 2215 2941 quae
2244 2878 2327 2924 est
2366 2870 2436 2924 ad
2469 2885 2625 2924 oram
2665 2869 2835 2923 maris
2868 2869 3307 2925 innumerabilis.
3342 2889 3362 2922 ι
3397 2870 3678 2937 Quomodo

2092 2976 2224 3024 ergo
2257 2961 2373 3015 haec
2396 2962 2632 3030 potuerit
2659 2970 2767 3014 tam
2798 2960 3083 3014 innumera
3119 2960 3410 3014 multitudo
3439 2961 3678 3016 hostium

2092 3052 2366 3120 superari,
2405 3053 2727 3106 videamus:
2763 3052 3043 3117 Exierunt,
3089 3053 3282 3122 inquit,
3327 3051 3435 3106 duo
3477 3062 3531 3106 et
3583 3053 3679 3106 tri-

410 3160 529 3200 sum
565 3145 629 3198 ad
664 3159 779 3199 vos.
818 3163 836 3197 ι
887 3144 995 3200 Sed
1050 3147 1153 3200 hoc
1210 3160 1309 3200 nos
1349 3149 1509 3200 modo
1547 3147 1592 3201 si
1647 3146 1985 3216 praebeamus
2014 3175 2055 3233 ο
2094 3146 2241 3213 ginta
2276 3144 2440 3197 millia
2467 3154 2797 3197 armatorum
2824 3157 2889 3196 ex
2917 3142 3042 3198 filiis
3069 3142 3232 3196 Israel
3269 3156 3392 3196 cum
3417 3140 3672 3196 Gedeonc

408 3236 574 3304 pedes
616 3244 866 3300 nostros,
913 3245 1136 3305 paratus
1180 3245 1263 3291 est
1308 3236 1569 3291 Dominus
1603 3236 1761 3292 .Iesus
1805 3238 1987 3291 lavare

411 3326 580 3394 pedes
611 3326 808 3380 animae
839 3336 1042 3381 nostrae
1065 3367 1080 3393 ,
1111 3336 1166 3382 et
1207 3340 1442 3398 purgare
1470 3341 1566 3382 eos
1598 3344 1721 3383 rore
1749 3328 1989 3384 cmlestis

410 3417 602 3487 gratiae
637 3418 877 3486 Spiritus
911 3419 1118 3484 sancti,
1169 3420 1338 3474 verbo
1378 3418 1660 3473 doctrinm.
1690 3417 1807 3473 Non
1842 3419 1989 3473 enim

407 3509 554 3564 solos
585 3510 859 3578 apostolos
888 3513 1121 3565 mundos
1146 3525 1268 3567 esse
1298 3510 1504 3575 voluit,
1536 3512 1629 3566 sed
1671 3526 1862 3565 omnes
1895 3513 1988 3580 qui

413 3603 649 3656 credunt
691 3616 787 3670 per
815 3603 1038 3656 verbum
1072 3602 1235 3657 illius.
1266 3602 1331 3656 Et
1364 3602 1617 3657 omnibus
1641 3602 1991 3658 credentibus

409 3693 542 3749 dicit
568 3692 696 3746 illud
721 3692 863 3762 quod
904 3701 960 3747 et
986 3691 1148 3746 Petro
1180 3692 1319 3746 dixit
1345 3693 1391 3725 "
1427 3710 1441 3746 :
1487 3711 1507 3744 ι
1539 3692 1652 3747 Nisi
1684 3694 1869 3748 lavero
1899 3704 1988 3759 te,

410 3799 515 3839 non
568 3785 795 3839 habebis
844 3792 1054 3853 partem
1093 3797 1328 3839 mecum.
1367 3803 1387 3836 ι
1433 3784 1651 3839 Certum
1703 3796 1788 3840 εει
1845 3787 1989 3839 enim

410 3877 537 3946 quia
586 3890 744 3929 nemo
787 3876 954 3929 habet
992 3885 1200 3943 partem
1247 3889 1371 3929 cum
1423 3875 1645 3930 Christo
1682 3875 1785 3929 nisi
1832 3876 1995 3931 fuerit

411 3968 553 4021 lotus
604 3976 657 4021 et
696 3967 944 4020 mundus.
978 3964 1137 4029 Veni,
1184 3980 1401 4035 precor,
1454 3966 1681 4022 Domine
1734 3965 1860 4021 Jesu
1914 3968 1990 4022 fili

408 4058 578 4114 David
600 4099 616 4124 ,
669 4074 804 4114 exue
864 4068 914 4113 te
948 4059 1271 4114 vestimenta
1302 4074 1423 4127 qua:
1478 4068 1530 4112 tu
1554 4096 1569 4124 ,
1627 4059 1883 4124 Domine,
1911 4059 1994 4113 in-

407 4152 570 4206 duisti
626 4162 846 4221 prOpIer
892 4166 1001 4217 me,
1048 4161 1103 4206 et
1160 4152 1450 4221 accingere
1503 4162 1726 4221 propter
1766 4168 1887 4219 me,
1939 4162 1992 4207 et

407 4248 562 4300 mitte
599 4259 794 4315 aquam
850 4245 903 4297 in
942 4244 1168 4313 pelvim,
1212 4252 1265 4298 et
1314 4243 1432 4296 lava
1490 4245 1655 4312 pedes
1712 4258 1991 4298 servorum

410 4347 655 4402 tuorum,
709 4345 766 4390 et
820 4336 965 4390 dilue
996 4336 1182 4390 sordes
1220 4335 1458 4389 filiorum
1510 4343 1565 4387 et
1594 4333 1827 4387 filiarum
1871 4344 1992 4389 tua-

409 4444 550 4483 rum.
575 4427 717 4482 Lava
744 4428 906 4496 pedes
930 4427 1126 4481 animae
1151 4436 1349 4480 nostrae
1368 4467 1381 4491 ,
1407 4433 1464 4479 ut
1494 4440 1592 4480 nos
1635 4434 1687 4479 te
1717 4425 1995 4481 imitantes

2090 3236 2353 3290 adversus
2400 3250 2616 3289 omnem
2670 3236 2826 3289 istam
2865 3235 3261 3289 multitudinem
3297 3247 3576 3303 pugnare.
3619 3233 3683 3287 Et

2095 3327 2234 3382 Deus
2266 3339 2524 3395 responsa
2554 3325 2705 3379 dedit
2758 3326 2822 3379 ad
2855 3325 3073 3380 Gedeon
3107 3326 3294 3380 dicens
3319 3326 3363 3357 ²⁹
3393 3342 3406 3378 :
3443 3342 3462 3377 ι
3504 3323 3682 3379 Gran-

2095 3420 2180 3474 dis
2205 3418 2493 3472 multitudo
2537 3426 2624 3472 est
2667 3426 2869 3472 tecum.
2906 3436 2925 3469 ι
2967 3417 3034 3471 Et
3086 3417 3217 3486 quid
3248 3416 3292 3471 si
3336 3419 3559 3486 grandis
3600 3426 3685 3471 est

2094 3510 2421 3566 multitudo?
2469 3508 2660 3565 Nonne
2696 3510 2749 3563 in
2797 3510 2956 3565 bellis
3017 3510 3366 3564 numerosior
3407 3509 3682 3565 exercitus

2096 3606 2291 3658 tutiora
2329 3611 2551 3672 praestat
2583 3602 2822 3658 subsidia
2851 3602 3005 3671 (84)?
3036 3600 3393 3671 Nequaquam
3419 3640 3434 3667 ,
3472 3600 3677 3669 inquit,

2094 3697 2220 3766 quia
2250 3711 2355 3750 non
2388 3704 2516 3750 sunt
2548 3696 2782 3749 humana
2816 3695 3000 3761 praalia
3027 3712 3041 3748 :
3079 3709 3185 3748 non
3211 3695 3359 3749 enim
3391 3695 3531 3748 sicut
3580 3693 3678 3746 hu-

2099 3804 2292 3853 mana,
2346 3788 2420 3841 ita
2460 3797 2514 3841 et
2548 3787 2728 3840 divina
2767 3785 2955 3855 praelia
3009 3795 3367 3855 peraguntur.
3404 3784 3520 3839 Non
3564 3784 3683 3839 elli—

2095 3879 2235 3932 citur
2280 3878 2487 3933 clarum
2520 3876 2716 3930 divina
2745 3876 2965 3930 virtutis
2998 3891 3168 3946 Opus,
3209 3876 3255 3931 si
3307 3876 3557 3931 humanis
3588 3877 3685 3929 ad-

2096 3968 2369 4025 miniculis
2423 3967 2700 4032 fulciatur,
2738 3969 2868 4037 quia
2906 3986 2925 4019 ι
2972 3982 3078 4022 non
3128 3969 3190 4022 fit
3242 3967 3428 4023 salvus
3474 3955 3595 4023 rex'
3628 3970 3681 4022 in

2097 4060 2441 4115 nmltitudine
2493 4059 2707 4113 virtutis
2741 4072 2853 4113 suae
2875 4057 2943 4113 '°.
2980 4074 3000 4110 ι
3054 4056 3132 4111 Ne
3161 4056 3301 4113 forte
3329 4071 3459 4127 ergo
3484 4057 3684 4127 gloria-

2099 4163 2248 4208 retur
2277 4153 2442 4209 Israel
2486 4163 2541 4207 et
2569 4153 2832 4223 jactantia
2861 4151 3106 4206 victoriae
3142 4160 3352 4219 partem
3384 4164 3681 4217 prresume~

2097 4257 2210 4313 ret,
2246 4254 2537 4316 propterea
2571 4244 2707 4297 dicit
2751 4244 3010 4297 Dominus
3042 4243 3108 4296 ad
3131 4240 3350 4296 Gedeon
3374 4239 3419 4271 ³³
3447 4253 3463 4293 :
3492 4258 3511 4291 ι
3549 4238 3683 4295 Mul-

2099 4344 2185 4389 tus
2210 4346 2291 4390 est
2324 4334 2557 4404 populus
2594 4342 2772 4388 tecum
2811 4346 2826 4385 :
2863 4346 2971 4385 non
3003 4331 3212 4384 tradam
3238 4329 3448 4383 Madian
3482 4328 3536 4383 in
3569 4343 3684 4383 ma-

2101 4443 2201 4482 nus
2261 4441 2486 4492 eorum,
2517 4440 2587 4480 ne
2639 4426 2778 4480 forte
2810 4423 3045 4479 exsultet
3078 4423 3363 4476 adversum
3401 4434 3487 4475 me
3514 4418 3682 4475 Israel

409 4531 464 4576 et
484 4530 756 4576 sectantes
786 4534 1048 4573 exuamus
1072 4534 1172 4573 nos
1195 4528 1378 4573 vetera
1402 4518 1747 4582 vestimenta,
1766 4528 1820 4571 et
1841 4519 1990 4573 dica-
2025 4514 2069 4570 D
2099 4518 2308 4582 dicens,
2339 4518 2467 4587 quia
2494 4531 2689 4571 manus
2716 4530 2833 4570 mea
2856 4515 3065 4569 salvum
3098 4528 3183 4567 tne
3213 4513 3360 4567 fecit.
3387 4510 3681 4581 Propterea

408 4628 529 4668 mus
572 4613 617 4644 ’⁸
658 4634 670 4668 :
711 4630 729 4664 ι
768 4611 938 4665 Nocte
1011 4610 1137 4663 exui
1196 4625 1283 4665 me
1332 4610 1717 4664 vestimentum
1769 4625 1989 4677 meum,

404 4705 676 4773 quomodo
724 4706 951 4759 induam
1012 4704 1182 4759 illud?
1218 4723 1237 4757 ι
1305 4702 1372 4757 Et
1426 4705 1625 4758 iterum
1681 4704 1925 4759 dicamus
1974 4720 1989 4757 :

409 4813 429 4847 ι
469 4796 596 4849 Lavi
633 4796 798 4866 pedes
824 4812 993 4861 meos,
1023 4797 1296 4867 quomodo
1328 4796 1619 4851 sordidabo
1648 4796 1786 4850 eos?
1812 4814 1830 4847 ι
1860 4794 1991 4850 Sta-

406 4887 503 4943 tim
549 4904 783 4958 namque
813 4898 870 4941 ut
898 4887 1099 4943 laveris
1131 4889 1297 4959 pedes
1332 4902 1482 4943 meos
1504 4928 1520 4954 ,
1569 4889 1733 4943 etiam
1782 4903 1991 4943 recum-

402 4979 534 5035 bere
583 4996 668 5036 me
715 4980 883 5039 facias
929 4989 1108 5035 tecum
1149 4989 1205 5034 ut
1239 4981 1456 5034 audiam
1481 4982 1579 5036 abs
1609 4989 1660 5036 te
1689 4980 1732 5012 ’⁷
1771 4997 1784 5034 :
1826 4998 1845 5031 ι
1884 4980 1992 5036 Vos

402 5074 610 5127 vocatis
664 5087 749 5129 tne
798 5076 1060 5142 magister
1085 5080 1139 5126 et
1190 5071 1440 5140 Domine,
1487 5082 1542 5128 et
1576 5081 1722 5127 recte
1764 5073 1988 5127 dicitis:

401 5176 522 5216 sum
570 5164 800 5218 etenim.
828 5162 887 5217 Si
914 5178 1044 5233 ergo
1082 5177 1180 5231 ego
1216 5162 1475 5218 Dominus
1504 5174 1559 5217 et
1585 5164 1840 5235 magister
1882 5163 1986 5218 lavi

404 5255 567 5322 pedes
609 5267 853 5320 vestros,
910 5263 963 5309 et
987 5270 1080 5309 vos
1133 5255 1454 5309 alterutrum
1508 5256 1675 5326 pedes
1721 5255 1921 5311 lavate.
1962 5274 1980 5307 ι

403 5342 538 5399 Volo
585 5361 716 5417 ergo
753 5357 804 5401 et
835 5361 935 5416 ego
968 5346 1150 5400 lavare
1201 5349 1364 5416 pedes
1418 5346 1649 5401 fratrum
1700 5362 1982 5413 meormn,

404 5436 589 5493 lavare
613 5440 778 5509 pedes
793 5437 1288 5508 condiscipulorum
1316 5454 1583 5493 meorum.
1611 5439 1674 5493 Et
1702 5450 1983 5509 propterea

478 5549 522 5580 ¹⁹
550 5548 739 5602 Matth.
788 5565 843 5602 lx
862 5591 875 5613 ,
902 5548 992 5601 57.

408 5688 449 5719 ³¹
498 5688 620 5744 ιΙυύ.
661 5704 750 5743 vlt.
779 5691 837 5753 2,
864 5689 918 5741 5.

1084 5549 1131 5579 ¹⁰
1170 5547 1293 5603 Jud.
1321 5565 1392 5616 vt,
1424 5549 1513 5602 37.
1591 5552 1633 5582 ἰ
1669 5551 1859 5605 Matth.
1919 5566 2009 5615 Ill,
2060 5552 2149 5607 l2.

405 5618 452 5649 "
480 5617 634 5674 Joau.
678 5635 797 5683 am,
830 5620 883 5673 8.
957 5620 1003 5649 “
1029 5618 1183 5673 Cant.
1223 5634 1274 5685 v,
1296 5620 1351 5673 '5.
1424 5621 1466 5650 ’⁷
1498 5617 1654 5676 Joan.
1687 5637 1815 5687 xm,
1839 5622 1925 5688 l3,
1956 5625 1991 5677 ll

2106 5624 2151 5654 ³⁸
2179 5622 2303 5678 .lud.
2337 5639 2407 5688 \l,
2437 5624 2489 5676 5.

2099 4611 2323 4682 loquere
2386 4611 2441 4664 in
2492 4610 2719 4663 auribus
2769 4605 2988 4679 pepuli,
3036 4606 3222 4659 dicens
3261 4622 3275 4656 :
3321 4603 3419 4669 Qui
3466 4603 3687 4657 timidus

2099 4713 2183 4759 est
2232 4714 2289 4758 et
2336 4702 2725 4757 formidolosus
2756 4700 2942 4763 corde,
2990 4708 3313 4754 revertatur.
3362 4697 3428 4751 Et
3479 4696 3685 4751 reversi

2099 4807 2227 4850 sunt
2250 4796 2319 4851 de
2345 4804 2527 4848 monte
2554 4791 2757 4847 Galaad
2801 4792 2869 4845 de
2903 4789 3102 4861 populo
3138 4787 3328 4858 viginti
3371 4788 3478 4841 duo
3515 4786 3686 4841 millia

2098 4887 2226 4951 viri,
2277 4893 2332 4939 et
2390 4890 2774 4938 remanserunt
2824 4884 3011 4933 decem
3073 4878 3263 4932 millia.
3322 4895 3341 4928 ι
3397 4874 3687 4929 Videamus

2099 4992 2230 5045 ergo
2266 4977 2441 5044 primo
2470 4974 2599 5043 quid
2643 4980 2727 5026 est
2757 4971 2901 5040 quod
2938 4971 3072 5024 dicit
3109 4986 3123 5022 :
3155 4986 3174 5020 ι
3212 4966 3457 5021 Timidus
3490 4975 3544 5019 et
3575 4963 3689 5019 for-—

2101 5064 2401 5119 ntidolosus
2455 5063 2653 5126 corde;
2691 5078 2710 5111 ι
2744 5062 2854 5113 duo
2882 5059 3030 5112 enim
3070 5057 3216 5112 dicta
3265 5065 3393 5111 sunt
3436 5055 3688 5109 humana:

2101 5155 2407 5227 fragilitatis
2438 5154 2635 5208 iudicia
2658 5192 2673 5215 ,
2705 5152 2909 5222 quibus
2954 5151 3201 5219 arguitur
3237 5150 3475 5202 humana
3520 5145 3687 5214 fragi-

2097 5247 2336 5314 litas,id
2358 5256 2442 5301 est
2488 5245 2663 5300 timidi
2711 5254 2767 5299 et
2812 5242 3152 5297 formidolosi
3202 5241 3387 5296 corde.
3442 5236 3687 5292 Timidus

2096 5351 2275 5411 potest
2327 5340 2499 5394 videri
2543 5347 2599 5392 et
2627 5337 2716 5393 ille
2746 5335 2836 5408 qui
2869 5338 3048 5406 primo
3078 5342 3299 5403 aspectu
3334 5330 3569 5399 trepidat
3616 5329 3688 5383 ad

2094 5449 2483 5504 congressum,
2532 5448 2639 5488 non
2680 5441 2861 5486 tamen
2898 5442 3013 5484 toto
3051 5428 3217 5482 corde
3268 5434 3536 5487 terretur,
3588 5422 3687 5474 sed

2227 5553 2273 5583 "
2316 5550 2449 5606 lleb.
2480 5567 2553 5613 xu,
2578 5547 2668 5602 5‘2.
2758 5546 2803 5577 ’³
2836 5543 2994 5601 Joan.
3022 5557 3139 5613 χιιι.
3166 5608 3196 5613 Α
3231 5538 3285 5613 ⁸³.
3309 5535 3466 5591 Jonu.
3502 5533 3684 5613 xm}.

2568 5622 2612 5652 "
2648 5617 2775 5673 .lud.
2815 5631 2910 5681 vn,
2947 5615 3003 5666 2.
3076 5611 3121 5641 ³⁸
3164 5608 3307 5663 Psal.
3364 5622 3551 5669 xxxii,
3602 5604 3684 5658 l6.

474 5801 587 5877 (84)
618 5806 774 5863 Lmb.
812 5807 962 5874 editi,
997 5826 1014 5861 ι
1050 5810 1324 5866 exercitus
1353 5819 1572 5879 praestat
1602 5819 1757 5867 etest
1790 5811 1955 5867 tutior
1985 5812 2051 5868 ad
2077 5812 2341 5868 subsidia.
2381 5830 2398 5861 ι
2438 5811 2562 5866 Mss.
2603 5821 2655 5864 ut
2691 5812 2741 5865 in
2785 5814 2973 5863 nostro
3004 5810 3176 5857 testu.
