4124 6438
448 358 548 414 987

1929 359 2255 418 ORIGENIS

3605 360 3711 416 988

450 471 693 540 reparari
728 482 780 527 et
813 472 1040 526 animari
1069 472 1247 527 denuo
1280 481 1482 543 potest.
1515 473 1921 532 Formidolosns
1954 487 2037 530 est
2066 482 2109 537 Α
2142 476 2193 530 in
2222 476 2308 531 his
2337 476 2427 544 qui
2461 474 2696 529 militant
2718 474 2959 540 veritati,
2990 475 3083 530 sed
3111 484 3166 530 et
3196 474 3289 545 qui
3318 474 3554 530 militant
3580 475 3708 539 Deo,

451 576 629 618 autem
667 564 758 632 qui
783 564 895 633 jam
927 565 1082 632 quasi
1115 563 1452 618 inolescente
1489 566 1656 631 vitio,
1687 567 1851 620 etiam
1880 576 2033 621 ante—

451 667 613 721 quam
646 652 827 705 videat
867 652 1003 705 mala
1029 696 1043 718 ,
1081 652 1195 711 sola
1230 654 1565 722 cogitatione
1610 663 1867 719 terretur,
1895 655 2032 726 geli-

452 747 576 800 dam
625 761 719 815 per
752 749 991 801 membra
1038 746 1385 802 formidinem
1426 748 1681 811 volvens,
1714 748 1785 800 ita
1823 758 1880 801 ut
1926 763 2033 801 non

455 849 562 892 tam
603 850 894 907 conspectu
937 839 1200 892 malorum
1224 879 1240 903 ,
1271 855 1433 907 quam
1476 840 1597 908 ipso
1625 841 1815 894 auditi:
1849 851 1905 895 et
1935 858 2032 896 ex-

453 930 793 996 spectatione
834 930 1100 995 solvatur,
1147 941 1203 986 et
1255 931 1375 985 ideo
1415 931 1663 987 addidit:
1699 951 1715 982 σ
1750 932 2033 989 Formido-

453 1021 601 1073 losus
624 1022 809 1076 corde.
848 1041 866 1074 ι
900 1022 954 1075 In
987 1025 1156 1078 corde
1195 1024 1337 1077 enim
1356 1024 1467 1092 jam
1502 1023 1606 1078 hoc
1635 1036 1689 1078 et
1725 1026 1775 1080 in
1807 1025 2033 1079 interio-

454 1111 604 1165 ribus
644 1112 809 1166 animi
847 1112 1082 1167 deﬁxum
1133 1115 1320 1170 vitium
1354 1123 1556 1168 manet.
1594 1115 1727 1170 Num
1760 1132 1888 1186 ergo
1918 1116 2033 1188 (85)

452 1204 685 1257 dicimus
713 1204 838 1273 quia
883 1216 1009 1260 tunc
1050 1210 1422 1262 tantummodo
1455 1208 1675 1265 Gedeon
1709 1210 1923 1265 dicebat
1965 1211 2033 1265 ad

454 1294 707 1362 populum
733 1313 747 1349 :
783 1296 838 1349 Si
866 1298 989 1366 quis
1010 1309 1093 1354 est
1117 1301 1336 1355 timidus
1354 1312 1409 1355 et
1431 1301 1819 1359 formidolosus
1848 1305 2031 1368 corde,

454 1384 699 1439 discedat
738 1400 801 1439 ex
838 1388 1050 1455 populis
1073 1427 1088 1451 ,
1120 1389 1254 1442 bella
1287 1391 1535 1454 deserat,
1561 1393 1862 1447 certamina
1889 1394 2031 1446 viro—

457 1490 576 1528 rum
624 1476 846 1531 fortium
893 1480 1275 1550 derelinquat?
1324 1483 1457 1536 Nam
1510 1492 1564 1537 et
1597 1484 1757 1538 hodie
1782 1486 2033 1553 princeps

456 1566 665 1622 militia:
704 1579 903 1624 nostrae
931 1570 1193 1627 Dominus
1230 1583 1286 1629 et
1310 1573 1564 1629 Salvator
1585 1575 1745 1631 Jesns
1785 1576 2032 1633 Christus

453 1655 652 1709 clamat
693 1658 761 1711 ad
806 1660 1005 1715 milites
1045 1676 1173 1716 suos
1201 1661 1312 1734 (86)
1351 1674 1405 1718 et
1433 1665 1605 1721 dicit:
1636 1668 1693 1722 Si
1736 1668 1859 1738 quis
1890 1669 2033 1723 timi-

452 1744 554 1799 dus
584 1756 636 1799 et
667 1747 1051 1806 formidolosus
1096 1754 1262 1807 corde
1306 1765 1423 1819 est,
1470 1758 1538 1811 ad
1582 1774 1701 1813 mea
1750 1759 1886 1813 bella
1923 1775 2029 1814 non

2137 578 2242 618 non
2273 566 2541 631 corporis,
2578 566 2674 619 sed
2707 563 2877 618 animi
2926 565 3190 621 fortitudo
3220 566 3513 635 requiritur
3542 588 3553 620 :
3583 567 3711 634 quia

2138 654 2465 723 nonjaculis
2523 653 2738 717 ferreis,
2795 654 2890 708 sed
2938 656 3245 709 orationum
3303 654 3426 709 telis
3481 654 3710 709 victoria

2136 749 2421 817 quaeritur,
2450 758 2504 802 et
2533 748 2664 803 fides
2689 757 2773 803 est
2802 763 2923 816 quae
2962 748 3015 803 in
3041 751 3341 805 certamine
3367 750 3707 805 tolerantiam

2136 840 2357 908 praebet.
2391 839 2544 895 Unde
2573 849 2627 895 et
2655 849 2877 894 sanctus
2902 840 3195 910 Apostolus
3242 844 3307 895 ad
3333 842 3711 909 hujuscemodi

2135 925 2270 981 bella
2301 928 2470 983 armis
2492 928 2947 983 convenientibus
2982 929 3205 983 instruit
3263 929 3462 984 milites
3507 930 3602 985 Dei
3629 932 3713 986 di-

2134 1033 2264 1073 cens
2294 1018 2381 1070 “z
2421 1037 2438 1070 ι
2477 1018 2630 1073 State
2684 1034 2815 1089 ergo
2868 1022 3039 1075 induti
3089 1021 3311 1076 loricam
3355 1020 3601 1089 iustitiae,
3653 1032 3712 1079 et

2135 1111 2398 1165 succincti
2435 1111 2647 1165 lumbos
2677 1122 2889 1165 vestros
2917 1111 2970 1165 in
3008 1112 3260 1178 veritate,
3297 1113 3390 1167 sed
3417 1121 3473 1168 et
3495 1113 3709 1185 galeam

2134 1202 2327 1257 salutis
2349 1203 2604 1273 accipite,
2638 1214 2693 1259 et
2738 1206 2981 1274 gladium
3025 1206 3249 1273 spiritus
3285 1224 3299 1260 :
3335 1221 3499 1270 super
3526 1206 3711 1260 omnia

2134 1306 2314 1350 autem
2338 1308 2549 1350 scutum
2583 1298 2706 1351 lidei
2738 1299 3022 1363 assumite,
3047 1301 3102 1352 in
3130 1313 3239 1367 quo
3269 1298 3494 1367 possitis
3530 1297 3709 1368 iacula

2134 1388 2350 1459 maligni
2380 1390 2548 1459 ignita
2570 1391 2935 1460 exstinguere,
2968 1391 3063 1445 sed
3110 1400 3166 1445 et
3196 1390 3426 1445 caleeati
3457 1390 3622 1459 pedes
3653 1391 3710 1444 in

2133 1481 2524 1548 preparations
2549 1480 2820 1550 Evangelii
2859 1481 3044 1548 pacis;
3081 1499 3099 1532 ι
3133 1481 3316 1535 ethoc
3343 1481 3504 1535 modo
3527 1494 3709 1534 arma-

2136 1580 2220 1625 tos
2250 1572 2435 1627 tollere
2491 1572 2747 1627 vexillum
2783 1573 2965 1628 crucis
3022 1572 3254 1636 Christi,
3287 1582 3342 1627 et
3373 1574 3527 1642 sequi
3558 1586 3707 1628 eum.

2134 1663 2284 1720 Licet
2307 1676 2483 1718 tamen
2510 1667 2671 1719 etiam
2701 1666 2803 1721 hoc
2835 1666 2887 1719 in
2916 1665 3107 1719 militia
3130 1662 3359 1729 Christi,
3409 1673 3469 1719 ut
3497 1665 3540 1719 si
3568 1662 3713 1719 forte

2132 1755 2422 1825 aliquando
2452 1756 2763 1811 inferiorem
2815 1766 2867 1811 te
2899 1755 3106 1810 viribus
3148 1756 3393 1811 senseris
3427 1756 3481 1809 in
3517 1768 3705 1823 perse-

450 1832 613 1903 477
646 1837 845 1890 veniat.
873 1837 986 1895 Hoc
1015 1842 1158 1897 enim
1189 1852 1273 1897 est
1300 1844 1444 1913 quod
1476 1848 1695 1915 quidem
1733 1849 1855 1904 aliis
1909 1865 2031 1904 ver-
2066 1829 2109 1885 Β
2137 1847 2465 1911 eutionibus,
2492 1857 2551 1901 et
2577 1861 2682 1901 non
2711 1861 2923 1916 mquum
2957 1848 3053 1902 tibi
3085 1847 3374 1903 adversum
3397 1844 3714 1901 crudeliter

453 1924 533 1974 bis
562 1924 753 1980 eodem
791 1936 972 1983 tamen
1004 1944 1167 1986 sensu
1203 1932 1255 1986 in
1283 1932 1578 2005 Evangelia
1610 1939 1741 1993 dicit
1761 1939 1805 1970 "
1845 1957 1899 1993 ει
1927 1941 2030 2007 Qui

449 2028 557 2067 non
593 2016 729 2069 tollit
750 2032 972 2073 crucem
1001 2036 1156 2075 suam
1189 2033 1244 2077 et
1274 2026 1527 2094 sequitur
1551 2041 1660 2095 me,
1704 2044 1809 2085 non
1837 2041 1921 2084 est
1947 2047 2032 2085 me

448 2105 675 2173 dignus;
713 2125 732 2160 ι
761 2118 864 2163 et:
907 2128 925 2161 ς
962 2112 1063 2178 Qui
1118 2129 1225 2168 non
1286 2116 1462 2170 oderit
1512 2128 1722 2186 patrem
1774 2136 1930 2175 suum
1978 2131 2035 2178 et

450 2206 678 2252 matrem
708 2209 763 2253 et
795 2200 996 2257 fratres
1028 2219 1159 2259 suos
1192 2214 1246 2259 et
1283 2221 1527 2271 sorores,
1571 2209 1795 2279 insuper
1824 2223 1882 2266 et
1912 2213 2033 2266 ani-

450 2303 594 2341 mam
626 2304 800 2359 suam,
836 2307 942 2347 non
974 2304 1058 2350 est
1088 2310 1173 2351 me
1199 2297 1412 2367 dignus.
1454 2320 1473 2352 ι
1510 2299 1578 2354 Ει
1611 2302 1840 2359 iterum:
1876 2322 1896 2357 ι
1929 2304 2031 2372 Qui

450 2392 557 2431 non
588 2382 983 2438 renuntiaverit
1038 2386 1287 2441 erunibus
1322 2404 1444 2457 quae
1493 2392 1757 2460 possidet,
1801 2410 1903 2449 non
1936 2410 2031 2464 po-

452 2474 561 2522 test
592 2484 743 2525 meus
797 2487 918 2529 esse
944 2474 1262 2545 discipulus.
1298 2497 1317 2530 ι
1358 2478 1549 2535 Nonne
1598 2482 1653 2536 in
1706 2484 1791 2539 his
1851 2487 2032 2542 verbis

448 2560 734 2616 evidenter
788 2564 1005 2621 timidos
1049 2578 1106 2622 et
1154 2567 1535 2628 formidulosas
1586 2589 1619 2631 e
1666 2578 1863 2632 castris
1918 2579 2031 2633 suis

451 2650 699 2707 Christus
729 2665 948 2724 separat
973 2667 1030 2716 et
1053 2660 1326 2715 secernit?
1356 2662 1558 2719 Omnes
1609 2666 1774 2736 igitur
1807 2669 1899 2738 qui
1933 2671 2032 2725 iiii-

454 2743 626 2797 litiam
654 2744 855 2802 Christi
892 2749 1043 2818 sequi
1072 2750 1257 2817 vultis,
1287 2755 1379 2823 qui
1411 2756 1465 2809 in
1491 2758 1690 2815 castris
1721 2759 1890 2829 ipsius
1910 2776 2032 2817 esse

454 2836 797 2903 desideratis,
836 2842 1024 2908 procul
1060 2856 1089 2896 a
1118 2844 1272 2901 vobis
1308 2844 1557 2903 timorem
1588 2851 1809 2916 mentis,
1840 2854 2030 2922 procul

449 2926 629 2982 cordis
651 2929 906 2996 expellite
926 2930 1293 3000 formidinem,
1315 2944 1374 2991 ut
1391 2952 1514 2992 cum
1539 2938 1862 2995 confidentia
1884 2942 2033 2997 dicat

450 3016 604 3084 miles
622 3018 819 3074 Christi
843 3021 916 3075 ³³;
943 3040 960 3075 ς
982 3022 1038 3077 Si
1063 3025 1366 3085 consistant
1395 3025 1681 3084 adversum
1710 3045 1798 3084 me
1825 3042 2027 3096 castra,

449 3122 556 3163 non
585 3110 796 3166 timebit
825 3128 921 3167 cor
950 3129 1149 3169 meum.
1181 3115 1239 3172 Si
1266 3128 1523 3187 exsurgat
1548 3120 1601 3176 in
1633 3134 1720 3176 me
1750 3122 2020 3192 praelium,
2058 3153 2101 3212 ο

450 3202 504 3253 in
530 3202 629 3257 hoc
651 3217 751 3273 ego
778 3208 1029 3273 sperabo.
1066 3227 1084 3260 ι
1113 3208 1464 3268 Confidenter
1491 3213 1637 3269 dicat
1660 3214 1707 3246 ³⁸
1736 3232 1750 3267 :
1786 3232 1805 3266 ι
1845 3214 2033 3271 Denti-

446 3308 549 3348 nus
587 3294 912 3353 illuminatio
962 3313 1080 3358 mea
1115 3308 1170 3354 et
1216 3302 1365 3360 salus
1404 3320 1548 3370 mea,
1600 3320 1761 3375 quem
1797 3306 2032 3362 timebo?

448 3379 709 3439 Dominus
733 3394 1005 3453 protector
1055 3391 1183 3447 vita
1213 3407 1367 3458 meae,
1404 3409 1435 3451 a
1465 3411 1575 3465 quo
1632 3397 1961 3464 trepidabo?
2005 3416 2027 3450 »η

448 3474 556 3529 Sed
592 3490 659 3531 ne
695 3493 792 3534 nos
827 3479 1102 3535 deterreat
1157 3482 1279 3537 talis
1313 3485 1413 3537 ista
1446 3485 1662 3551 militia,
1692 3486 1829 3547 nihil
1882 3486 1935 3541 in
1974 3502 2033 3549 se

448 3565 686 3634 difﬁcile,
712 3570 845 3623 nihil
875 3572 1126 3636 arduum,
1160 3584 1251 3627 aut
1274 3574 1616 3644 impossibile
1640 3577 1908 3633 continet.
1939 3576 2033 3639 \‘is

448 3659 594 3713 scire
624 3674 787 3727 quam
820 3661 978 3715 facile
1005 3663 1076 3717 sit
1102 3663 1329 3731 implere
1359 3666 1474 3721 haec
1509 3666 1562 3722 in
1616 3668 1722 3722 [ide
1750 3668 2032 3722 militanti-

446 3748 587 3803 bus?
617 3748 806 3804 Solent
850 3752 902 3804 in
954 3751 1074 3806 istis
1120 3756 1319 3808 castris
1372 3770 1515 3825 sape
1556 3757 1724 3813 etiam
1776 3757 2034 3813 mulieres

448 3842 691 3907 vincere,
724 3843 850 3912 quia
879 3858 985 3905 non
1012 3848 1262 3913 corporis
1299 3849 1511 3914 robore,
1549 3851 1643 3906 sed
1676 3850 1799 3906 fidei
1831 3851 2034 3911 virtute

447 3941 743 4000 pugnatur.
790 3931 848 3987 ln
894 3934 1269 4002 superioribus
1298 3941 1350 3993 in
1390 3939 1493 3994 hoc
1516 3941 1636 4009 ipso
1672 3939 1853 3997 libello
1882 3938 2035 3995 Judi-

449 4039 570 4077 cum
602 4024 833 4094 legimus
871 4026 939 4080 de
966 4026 1228 4083 Debborae
1272 4029 1521 4086 mulieris
1566 4031 1885 4102 triumphis,
1933 4049 2034 4091 nec

450 4114 741 4173 femineam
800 4126 1034 4173 mentem
1087 4118 1368 4175 muliebris
1405 4118 1516 4192 (87)
1565 4119 1797 4177 formido
1848 4122 2034 4178 turba~

452 4207 547 4261 vit.
584 4206 722 4273 Quid
770 4223 870 4280 ego
916 4210 1059 4269 illam
1111 4212 1449 4282 magnificam
1496 4223 1552 4268 et
1581 4216 1820 4270 omnium
1870 4217 2028 4273 femi-

450 4315 642 4355 narum
689 4302 1084 4363 nobilissimam
1131 4318 1427 4359 memorem
1476 4304 1702 4367 Judith?
1747 4323 1867 4376 quae
1918 4311 2024 4379 iam

449 4390 676 4458 perditis
706 4407 844 4460 pene
900 4394 1063 4447 rebus
1104 4408 1215 4447 non
1246 4393 1512 4449 dubitavit
1541 4396 1651 4449 sola
1685 4380 2022 4461 succurrere,

2137 1947 2242 1992 tem
2274 1939 2488 2009 tyranni
2524 1952 2620 2007 per
2650 1937 3001 2007 fragilitatem
3053 1938 3300 2007 corporis
3348 1936 3554 1992 videris
3586 1949 3710 1991 esse

2134 2039 2435 2090 certamen,
2476 2028 2607 2083 dare
2638 2026 2813 2082 locum
2839 2027 2955 2091 irai,
2986 2038 3042 2081 et
3067 2028 3256 2098 fugere
3278 2028 3344 2083 de
3377 2027 3497 2082 loco
3520 2025 3587 2080 ad
3632 2026 3712 2081 lo-

2133 2135 2254 2175 cum
2278 2136 2293 2175 :
2322 2135 2418 2174 nec
2440 2119 2533 2174 tibi
2562 2120 2615 2175 in
2640 2119 2741 2175 hoc
2758 2119 3054 2173 ascribitur
3076 2120 3311 2173 militare
3333 2117 3708 2171 commissum.

2135 2210 2459 2281 Designalur
2484 2211 2587 2266 hoc
2614 2211 2777 2265 etiam
2807 2210 2860 2263 in
2888 2209 3099 2278 legibus
3127 2208 3328 2265 Christi
3359 2207 3595 2262 dicentis
3617 2204 3662 2238 ³⁷
3690 2221 3708 2261 :

2140 2319 2158 2353 ε
2198 2298 2256 2356 Si
2278 2315 2375 2356 vos
2409 2302 2680 2370 persecuti
2709 2299 2911 2356 fuerint
2957 2299 3012 2353 iu
3044 2298 3144 2353 hac
3168 2297 3409 2361 civitate,
3456 2295 3624 2364 fugite
3655 2294 3709 2348 in

2133 2394 2313 2447 aliam.
2344 2412 2364 2447 ι
2392 2393 2618 2449 Summa
2643 2406 2876 2461 namque
2900 2392 2981 2447 rei
3010 2398 3113 2455 est,
3137 2389 3327 2446 Jesum
3351 2402 3511 2457 quem
3536 2386 3710 2442 semel

2134 2482 2416 2540 confessus
2444 2498 2523 2548 es,
2584 2497 2690 2537 non
2744 2496 2962 2551 negare.
3012 2482 3234 2537 Certum
3278 2490 3361 2536 est
3391 2479 3537 2533 enim
3566 2480 3712 2547 quod

2133 2573 2408 2631 Christum
2441 2572 2733 2628 confitetur
2793 2571 2906 2635 ille,
2955 2572 3048 2640 qui
3095 2580 3385 2640 propterea
3436 2568 3594 2638 fugit,
3645 2583 3712 2622 ne

2136 2673 2320 2735 neget.
2383 2663 2442 2719 Si
2486 2663 2609 2732 quis
2656 2676 2791 2731 ergo
2843 2661 3068 2717 timidus
3118 2671 3202 2715 est
3240 2670 3293 2716 et
3332 2658 3713 2716 formidolosus

2132 2759 2316 2825 corde,
2351 2756 2591 2813 discedat
2616 2768 2645 2807 a
2667 2753 2886 2817 castris,
2930 2761 3241 2809 revertatur
3279 2752 3501 2806 domum
3529 2765 3710 2815 suam,

2133 2862 2201 2902 ne
2222 2845 2530 2915 exemplum
2557 2842 2768 2898 timoris
2794 2850 2850 2897 et
2875 2840 3184 2895 formidinis
3209 2842 3425 2895 caeteris
3450 2837 3708 2908 praebeat.

2136 2937 2229 2994 Vis
2251 2946 2431 2993 autem
2464 2938 2649 2993 videre
2680 2935 2867 3007 quanti
2892 2931 3140 2988 criminis
3166 2932 3239 2987 sit
3268 2931 3492 2986 timidus
3517 2938 3571 2984 et
3598 2928 3710 2987 for-

2133 3029 2463 3087 midolosus?
2488 3029 2545 3083 In
2567 3023 2894 3098 Apocalypsi
2922 3021 3012 3078 ubi
3035 3029 3430 3077 enumerantur
3472 3020 3507 3075 ii
3537 3019 3627 3089 qui
3658 3018 3713 3074 in

2135 3132 2386 3192 stagnum
2418 3121 2557 3191 ignis
2583 3117 2831 3177 mittendi
2860 3123 2990 3170 sunt
3013 3114 3078 3177 ³⁵.
3126 3114 3197 3168 ibi
3235 3122 3361 3167 ante
3421 3127 3612 3166 omnes
3640 3112 3712 3167 ti-

2136 3212 2311 3267 niidos
2333 3222 2388 3267 et
2413 3210 2795 3266 formidolosus
2819 3204 2990 3276 ponit,
3022 3219 3143 3259 cum
3168 3204 3365 3274 quibus
3388 3212 3444 3257 et
3467 3202 3717 3258 infideles

2133 3312 2188 3359 et
2212 3302 2576 3361 fornicatores
2601 3310 2657 3356 et
2678 3297 2917 3354 vinarios
2942 3295 3185 3363 deputat.
3241 3294 3335 3349 Sic
3360 3293 3501 3348 inter
3527 3294 3715 3364 ingen-

2137 3394 2208 3449 tia
2235 3402 2291 3449 et
2318 3393 2552 3448 nefanda
2579 3390 2809 3445 erimina
2854 3385 3071 3443 timoris
3094 3395 3150 3438 et
3176 3383 3485 3440 formidinis
3508 3382 3715 3438 crimen

2134 3486 2381 3554 ponitur.
2409 3484 2535 3538 llaec
2561 3492 2744 3537 autem
2773 3479 3009 3534 diximus
3032 3486 3254 3547 propter
3300 3490 3396 3529 eos
3420 3476 3509 3545 qui
3539 3476 3716 3543 primo

2134 3576 2282 3633 velut
2329 3574 2501 3629 timidi
2553 3582 2607 3629 et
2653 3568 2993 3632 formidolosi
3036 3568 3201 3625 corde
3248 3565 3594 3622 dimittuntur
3649 3564 3716 3620 de

2134 3666 2351 3719 castris.

2204 3754 2257 3807 2.
2285 3754 2392 3809 Sed
2419 3762 2774 3824 posteaquam
2824 3752 2926 3809 ista
2952 3749 3143 3821 viginti
3187 3753 3296 3806 duo
3323 3748 3488 3805 millia
3510 3746 3718 3805 disces-

2134 3854 2345 3913 serunt,
2381 3844 2531 3900 addit
2556 3845 2733 3899 adhuc
2758 3858 2940 3900 sermo
2987 3840 3225 3907 divinus,
3251 3851 3304 3898 et
3347 3842 3481 3896 dicit
3511 3841 3576 3895 ad
3604 3840 3714 3896 Ge-

2134 3938 2313 3993 deon:
2349 3954 2369 3988 (
2401 3935 2613 4003 Adhuc,
2640 3935 2815 4005 inquit
2854 3935 2922 3998 ”,
2961 3932 3193 4003 populus
3245 3931 3446 3987 inultus
3489 3941 3597 3998 est,
3622 3933 3715 3986 de-

2134 4043 2273 4098 pone
2296 4044 2392 4085 eos
2414 4030 2482 4084 ad
2507 4042 2705 4098 aquam
2731 4037 2787 4084 et
2811 4029 2883 4083 ibi
2907 4043 3001 4083 eos
3030 4027 3271 4098 probabo
3314 4023 3435 4079 tibi.
3478 4043 3496 4076 ι
3532 4024 3598 4080 Ut
3632 4025 3715 4078 vi-

2134 4122 2265 4188 deo,
2296 4122 2370 4178 illi
2400 4123 2493 4192 qui
2522 4121 2683 4191 primi
2737 4120 3011 4190 reprobati
3061 4128 3223 4184 sunt,
3267 4132 3367 4172 nec
3414 4117 3467 4171 in
3516 4130 3716 4185 aquam

2134 4211 2548 4274 descenderant,
2577 4210 2670 4265 sed
2695 4210 2873 4266 adhuc
2912 4224 2971 4265 se
2997 4212 3419 4265 catechumenos
3461 4207 3715 4277 designa-

2135 4303 2285 4369 bant,
2311 4311 2368 4356 et
2393 4302 2665 4356 intentum
2696 4300 3003 4355 formidinis
3028 4301 3163 4354 vitio
3189 4298 3441 4353 deterriti
3470 4306 3618 4360 sunt,
3654 4305 3714 4350 ut

2138 4409 2236 4450 nec
2258 4394 2325 4448 ad
2378 4393 2658 4448 lavacrum
2708 4392 2945 4447 salutare
2992 4391 3436 4445 descenderent:
3487 4388 3561 4441 illi
3587 4403 3716 4458 ergo

453 4488 623 4545 seque
644 4491 915 4549 suumque
938 4492 1102 4549 caput
1128 4483 1508 4539 immanissimi
1528 4485 1891 4557 llolophernis
1916 4488 2033 4544 neci
2066 4480 2111 4537 D
2142 4488 2223 4541 sic
2248 4485 2523 4554 reprobati
2577 4492 2724 4538 sunt.
2755 4480 2849 4537 isti
2879 4495 3005 4535 vero
3034 4480 3259 4536 secundi
3290 4479 3356 4533 ad
3405 4493 3599 4547 aquam
3631 4493 3722 4532 ve-

453 4565 565 4618 sola
591 4565 880 4635 subjicere,
907 4579 962 4623 et
987 4571 1261 4639 processit
1287 4574 1353 4627 ad
1385 4569 1722 4631 bellum'non
1764 4577 1816 4632 in
1847 4579 2036 4644 armis,

455 4670 633 4723 neque
656 4657 710 4710 in
734 4660 890 4727 equis
916 4660 1150 4729 bellicis,
1200 4673 1294 4716 aut
1322 4665 1375 4719 in
1419 4667 1685 4723 subsidiis
1712 4669 2039 4726 militaribus

452 4741 617 4809 freta,
651 4749 744 4802 sed
773 4750 974 4825 virtute
1003 4752 1195 4819 animi,
1224 4764 1277 4811 et
1303 4756 1629 4812 confidentia
1658 4760 1804 4826 lidci,
1854 4762 2036 4818 consi-

451 4834 526 4889 lio
550 4836 711 4897 simul
738 4849 791 4899 et
815 4843 1045 4911 audacia
1074 4845 1287 4901 hostem
1318 4848 1541 4917 perimit
1564 4854 1716 4915 ":et
1736 4867 1899 4923 quam
1929 4854 2030 4909 viri

451 4928 823 4997 perdiderant,
851 4933 1050 4995 femina
1094 4936 1323 4993 reddidit
1370 4939 1678 4997 libertatem
1711 4945 1919 5015 patriae.
1966 4947 2034 5001 Et

448 5018 583 5087 quid
610 5028 718 5074 tam
760 5021 919 5091 longe
953 5025 1111 5087 nobis
1137 5030 1484 5098 antiquorum
1532 5034 1779 5103 exempla
1805 5036 2035 5092 revolvi—

450 5112 617 5171 mus?
675 5112 730 5167 ln
761 5116 934 5171 oculis
969 5119 1171 5181 nostris
1226 5136 1371 5191 saepe
1412 5122 1651 5179 vidimus
1698 5127 1957 5181 mulieres
1982 5135 2038 5181 ct

450 5202 694 5277 virgines
722 5208 911 5275 prima:
936 5210 1115 5265 adhuc
1133 5215 1310 5267 aetatis
1335 5229 1435 5283 pro
1464 5216 1725 5285 martyrio
1754 5217 2032 5285 tyrannica

449 5296 743 5362 pertulisse
789 5310 1082 5365 tormenta,
1119 5305 1318 5372 quibus
1353 5306 1421 5361 ad
1454 5306 1827 5361 infirmitatem
1871 5324 2035 5366 sexus

447 5391 680 5445 novella:
730 5393 910 5448 adhuc
959 5395 1080 5449 vitae
1102 5395 1367 5465 fragilitas
1422 5398 1748 5452 addebatur.
1789 5398 1880 5455 Sic
1904 5415 2035 5473 ergo

524 5513 571 5584 'j
604 5512 735 5567 Luc.
794 5530 906 5579 xiv,
956 5514 1047 5579 26,
1093 5517 1183 5581 27,
1232 5518 1320 5573 55.
1421 5516 1466 5549 ³³
1513 5517 1655 5572 Psal.
1688 5535 1835 5584 xxvi,
1871 5520 1926 5574 5.

2034 5524 2079 5555 ³⁸
2114 5522 2267 5586 ibid.,
2307 5522 2358 5574 i.

2141 4578 2321 4642 ninnt,
2348 4585 2408 4631 ut
2434 4576 2505 4631 ibi
2534 4575 2854 4645 probentur.
2903 4571 2969 4627 Et
2995 4571 3268 4643 quomodo
3293 4571 3614 4640 probentur,
3640 4572 3719 4621 vi-

2138 4670 2368 4724 deamus
2394 4682 2409 4721 :
2442 4686 2459 4719 r
2490 4667 2556 4722 Et
2579 4665 2737 4730 dixit,
2765 4665 2942 4733 inquit
2964 4662 3033 4732 ⁸⁸,
3062 4661 3320 4717 Dominus
3342 4659 3409 4715 ad
3448 4658 3667 4714 Gedeen
3702 4679 3714 4714 :

2135 4761 2366 4817 Omnem
2418 4758 2733 4831 quicunque
2778 4754 2981 4811 lambet
3021 4768 3218 4823 aquam
3248 4753 3300 4806 in
3334 4753 3536 4820 lingua,
3579 4750 3721 4804 sicut

2131 4848 2323 4908 lambit
2347 4846 2522 4911 canis,
2552 4854 2759 4898 statues
2786 4857 2909 4898 eum
2940 4857 3185 4897 seorsum
3218 4860 3231 4895 :
3282 4848 3334 4895 et
3374 4854 3591 4894 omnem
3624 4837 3717 4907 qui

2141 4938 2455 5001 curvaverit
2479 4950 2649 5009 genua
2677 4950 2773 4990 sua
2820 4944 2881 4989 ut
2926 4934 3093 4999 bibat,
3141 4932 3440 4987 transferes
3474 4946 3622 4985 eum.
3654 4928 3721 4983 Et

2143 5033 2321 5087 factus
2349 5040 2452 5096 est,
2484 5029 2677 5098 inquit,
2710 5042 2967 5082 numerus
2989 5041 3177 5082 eorum
3205 5024 3297 5095 qui
3329 5024 3639 5079 lamberunt
3665 5022 3719 5074 in

2144 5140 2304 5180 manu
2330 5137 2527 5192 aquam
2553 5119 2636 5175 vel
2662 5120 2867 5189 lingua,
2898 5117 3128 5174 trecenti
3166 5117 3290 5171 viri.
3315 5114 3512 5171 Caneri
3537 5122 3717 5167 autem

2144 5231 2333 5271 onmes
2363 5221 2732 5269 cnrvaverunt
2756 5227 2929 5281 genua
2953 5226 3073 5275 sua,
3102 5217 3160 5262 ut
3184 5209 3432 5263 biberent
3469 5219 3664 5273 aquam
3700 5219 3714 5255 :

2143 5322 2198 5366 ct
2225 5309 2363 5365 dixit
2393 5308 2649 5365 Dominus
2672 5305 2737 5360 ad
2762 5304 2981 5360 Gedeon
3013 5322 3029 5358 :
3066 5304 3121 5357 In
3151 5302 3412 5356 trecentis
3441 5300 3573 5353 viris
3598 5297 3719 5352 istis

2143 5402 2233 5474 qni
2262 5399 2568 5456 lamberunt
2597 5397 2651 5452 in
2683 5410 2844 5451 manu
2878 5409 3095 5466 aquam,
3148 5393 3325 5449 salvos
3364 5407 3462 5447 vos
3493 5389 3717 5452 faciam,

2436 5517 2481 5549 ³⁸
2507 5515 2693 5571 Jndith
2725 5529 2843 5568 xui.
2976 5512 3020 5544 ³⁸
3054 5510 3254 5579 Ephes.
3297 5525 3375 5573 vr,
3397 5507 3486 5574 υ,
3515 5506 3601 5572 l5,
3631 5505 3714 5559 l6.

450 5576 499 5612 ³⁷
529 5582 716 5636 Matth.
747 5601 800 5645 κ.
832 5576 922 5640 23.
1001 5576 1044 5619 ’ά
1083 5576 1251 5658 Apoc.
1287 5603 1402 5644 xix.
1482 5590 1525 5620 ”
1557 5587 1679 5643 .iud.
1709 5576 1893 5657 vn,'4.
1975 5595 2017 5626 ιο

2135 5595 2165 5649 I.
2196 5576 2291 5657 vti,
2326 5592 2379 5657 5,
2412 5586 2467 5654 6,
2496 5589 2550 5639 7.

819 5698 963 5773 duo,
990 5720 1008 5773 ς
1038 5703 1165 5770 quid
1193 5719 1343 5773 ergo.
1372 5721 1390 5753 ι

528 5759 643 5829 (85)
685 5764 837 5819 Libb.
885 5759 1070 5837 cditi,'
1103 5790 1120 5825 ι
1160 5773 1225 5826 ad
1256 5759 1481 5830 "milites
1522 5790 1651 5832 suos
1695 5785 1751 5831 ut
1795 5778 2037 5834 veniant.

2142 5707 2255 5762 lloe
2294 5706 2438 5758 enim
2470 5711 2572 5758 est.
2609 5719 2627 5752 ι
2659 5700 2786 5754 Mss.
2813 5707 2869 5751 ut
2901 5699 2951 5751 in
2995 5706 3177 5751 nostro
3206 5706 3377 5750 textu.

2222 5776 2337 5848 (87)
2367 5772 2663 5828 Muliebris.
2697 5769 2843 5825 Unus
2877 5769 3042 5824 codex
3073 5783 3195 5833 nis.,
3238 5785 3254 5817 ι
3299 5761 3547 5818 infidelis.
3589 5779 3608 5812 ι
