  <div class='ocr_page' id='page_1' title='image "/cluster/home/n/w/nwhite01/storage/ocr_20150623/12:no.2/coo.31924054873074/508.png"; bbox 0 0 4124 6436; ppageno 0'>
   <div class='ocr_carea' id='block_1_1' title="bbox 455 389 557 447">
    <p class='ocr_par' dir='ltr' id='par_1_1' title="bbox 455 389 557 447">
     <span class='ocr_line' id='line_1_1' title="bbox 455 389 557 447; baseline 0.02 -3"><span class='ocrx_word' id='word_1_1' title='bbox 455 389 557 447; x_wconf 75' lang='lat'><strong>989</strong></span> 
     </span>
    </p>
   </div>
   <div class='ocr_carea' id='block_1_2' title="bbox 1474 382 2666 441">
    <p class='ocr_par' dir='ltr' id='par_1_2' title="bbox 1474 382 2666 441">
     <span class='ocr_line' id='line_1_2' title="bbox 1474 382 2666 441; baseline -0.003 0"><span class='ocrx_word' id='word_1_2' title='bbox 1474 386 1543 441; x_wconf 79' lang='lat' dir='ltr'><strong>IN</strong></span> <span class='ocrx_word' id='word_1_3' title='bbox 1580 385 1843 441; x_wconf 77' lang='lat' dir='ltr'><strong>LIBRUM</strong></span> <span class='ocrx_word' id='word_1_4' title='bbox 1881 382 2181 441; x_wconf 76' lang='lat' dir='ltr'><strong>JUDICUM</strong></span> <span class='ocrx_word' id='word_1_5' title='bbox 2215 384 2499 440; x_wconf 76' lang='lat' dir='ltr'><strong>IIOMILIA</strong></span> <span class='ocrx_word' id='word_1_6' title='bbox 2529 382 2666 439; x_wconf 79' lang='lat' dir='ltr'><strong>Vlll.</strong></span> 
     </span>
    </p>
   </div>
   <div class='ocr_carea' id='block_1_3' title="bbox 3610 389 3727 446">
    <p class='ocr_par' dir='ltr' id='par_1_3' title="bbox 3610 389 3727 446">
     <span class='ocr_line' id='line_1_3' title="bbox 3610 389 3727 446; baseline 0.009 -1"><span class='ocrx_word' id='word_1_7' title='bbox 3610 389 3727 446; x_wconf 15' lang='lat'><strong>090.</strong></span> 
     </span>
    </p>
   </div>
   <div class='ocr_carea' id='block_1_4' title="bbox 456 503 3714 576">
    <p class='ocr_par' dir='ltr' id='par_1_4' title="bbox 456 503 3714 576">
     <span class='ocr_line' id='line_1_4' title="bbox 456 503 3714 576; baseline -0 -15"><span class='ocrx_word' id='word_1_8' title='bbox 456 520 510 562; x_wconf 85' lang='lat' dir='ltr'><strong>et</strong></span> <span class='ocrx_word' id='word_1_9' title='bbox 538 509 746 563; x_wconf 81' lang='lat' dir='ltr'><strong>tradam</strong></span> <span class='ocrx_word' id='word_1_10' title='bbox 784 507 989 563; x_wconf 82' lang='lat' dir='ltr'><strong>Madian</strong></span> <span class='ocrx_word' id='word_1_11' title='bbox 1038 507 1091 560; x_wconf 91' lang='lat' dir='ltr'><strong>in</strong></span> <span class='ocrx_word' id='word_1_12' title='bbox 1126 522 1348 560; x_wconf 90' lang='lat' dir='ltr'><strong>ntanum</strong></span> <span class='ocrx_word' id='word_1_13' title='bbox 1402 516 1567 561; x_wconf 88' lang='lat' dir='ltr'><strong>tuam.</strong></span> <span class='ocrx_word' id='word_1_14' title='bbox 1611 527 1628 557; x_wconf 76' lang='grc' dir='ltr'><strong>ι</strong></span> <span class='ocrx_word' id='word_1_15' title='bbox 1661 508 1718 561; x_wconf 90' lang='lat' dir='ltr'><strong>ln</strong></span> <span class='ocrx_word' id='word_1_16' title='bbox 1773 509 2027 563; x_wconf 84' lang='lat' dir='ltr'><strong>omnibus</strong></span> <span class='ocrx_word' id='word_1_17' title='bbox 2058 515 2100 567; x_wconf 83' lang='grc' dir='ltr'>Α</span> <span class='ocrx_word' id='word_1_18' title='bbox 2131 520 2252 559; x_wconf 83' lang='lat' dir='ltr'><strong>mus</strong></span> <span class='ocrx_word' id='word_1_19' title='bbox 2278 504 2394 576; x_wconf 80' lang='lat'><strong>(88)</strong></span> <span class='ocrx_word' id='word_1_20' title='bbox 2422 515 2480 558; x_wconf 91' lang='lat' dir='ltr'><strong>ut</strong></span> <span class='ocrx_word' id='word_1_21' title='bbox 2503 505 2669 558; x_wconf 89' lang='lat' dir='ltr'><strong>ctiam</strong></span> <span class='ocrx_word' id='word_1_22' title='bbox 2697 519 2796 558; x_wconf 91' lang='lat' dir='ltr'><strong>nos</strong></span> <span class='ocrx_word' id='word_1_23' title='bbox 2841 517 3148 557; x_wconf 83' lang='lat' dir='ltr'><strong>mereamur</strong></span> <span class='ocrx_word' id='word_1_24' title='bbox 3172 503 3391 559; x_wconf 80' lang='lat' dir='ltr'><strong>ascribi.</strong></span> <span class='ocrx_word' id='word_1_25' title='bbox 3429 503 3714 570; x_wconf 77' lang='lat' dir='ltr'><strong>Quomodo</strong></span> 
     </span>
    </p>
   </div>
   <div class='ocr_carea' id='block_1_5' title="bbox 456 598 2022 669">
    <p class='ocr_par' dir='ltr' id='par_1_5' title="bbox 456 598 2022 669">
     <span class='ocr_line' id='line_1_5' title="bbox 456 598 2022 669; baseline -0.003 -16"><span class='ocrx_word' id='word_1_26' title='bbox 456 614 593 666; x_wconf 87' lang='lat' dir='ltr'><strong>pene</strong></span> <span class='ocrx_word' id='word_1_27' title='bbox 626 612 863 655; x_wconf 88' lang='lat' dir='ltr'><strong>veterum</strong></span> <span class='ocrx_word' id='word_1_28' title='bbox 894 598 1059 667; x_wconf 88' lang='lat' dir='ltr'><strong>gestis</strong></span> <span class='ocrx_word' id='word_1_29' title='bbox 1086 599 1342 667; x_wconf 84' lang='lat' dir='ltr'><strong>mysteria</strong></span> <span class='ocrx_word' id='word_1_30' title='bbox 1376 600 1731 669; x_wconf 74' lang='lat' dir='ltr'><strong>designantur</strong></span> <span class='ocrx_word' id='word_1_31' title='bbox 1760 600 2022 667; x_wconf 76' lang='lat' dir='ltr'><strong>ingentia,</strong></span> 
     </span>
    </p>
   </div>
   <div class='ocr_carea' id='block_1_6' title="bbox 455 686 2026 757">
    <p class='ocr_par' dir='ltr' id='par_1_6' title="bbox 455 686 2026 757">
     <span class='ocr_line' id='line_1_6' title="bbox 455 686 2026 757; baseline 0.001 -15"><span class='ocrx_word' id='word_1_32' title='bbox 455 690 594 742; x_wconf 87' lang='lat' dir='ltr'><strong>sicut</strong></span> <span class='ocrx_word' id='word_1_33' title='bbox 621 690 780 743; x_wconf 87' lang='lat' dir='ltr'><strong>etiam</strong></span> <span class='ocrx_word' id='word_1_34' title='bbox 827 690 877 742; x_wconf 90' lang='lat' dir='ltr'><strong>in</strong></span> <span class='ocrx_word' id='word_1_35' title='bbox 928 689 1032 741; x_wconf 92' lang='lat' dir='ltr'><strong>hoc</strong></span> <span class='ocrx_word' id='word_1_36' title='bbox 1061 686 1176 740; x_wconf 88' lang='lat' dir='ltr'><strong>loco</strong></span> <span class='ocrx_word' id='word_1_37' title='bbox 1208 686 1321 741; x_wconf 87' lang='lat' dir='ltr'><strong>ﬁeri</strong></span> <span class='ocrx_word' id='word_1_38' title='bbox 1354 688 1618 755; x_wconf 80' lang='lat' dir='ltr'><strong>videmus,</strong></span> <span class='ocrx_word' id='word_1_39' title='bbox 1665 689 1793 757; x_wconf 83' lang='lat' dir='ltr'><strong>quia</strong></span> <span class='ocrx_word' id='word_1_40' title='bbox 1839 689 1875 742; x_wconf 92' lang='lat' dir='ltr'><strong>ii</strong></span> <span class='ocrx_word' id='word_1_41' title='bbox 1935 691 2026 749; x_wconf 82' lang='lat' dir='ltr'><strong>qui</strong></span> 
     </span>
    </p>
   </div>
   <div class='ocr_carea' id='block_1_7' title="bbox 455 778 2026 848">
    <p class='ocr_par' dir='ltr' id='par_1_7' title="bbox 455 778 2026 848">
     <span class='ocr_line' id='line_1_7' title="bbox 455 778 2026 848; baseline -0.001 -17"><span class='ocrx_word' id='word_1_42' title='bbox 455 780 784 833; x_wconf 86' lang='lat' dir='ltr'><strong>descendunt</strong></span> <span class='ocrx_word' id='word_1_43' title='bbox 814 781 879 832; x_wconf 88' lang='lat' dir='ltr'><strong>ad</strong></span> <span class='ocrx_word' id='word_1_44' title='bbox 908 794 1124 848; x_wconf 85' lang='lat' dir='ltr'><strong>aquam,</strong></span> <span class='ocrx_word' id='word_1_45' title='bbox 1165 778 1217 831; x_wconf 92' lang='lat' dir='ltr'><strong>id</strong></span> <span class='ocrx_word' id='word_1_46' title='bbox 1269 780 1469 847; x_wconf 89' lang='lat' dir='ltr'><strong>estqui</strong></span> <span class='ocrx_word' id='word_1_47' title='bbox 1508 779 1573 831; x_wconf 88' lang='lat' dir='ltr'><strong>ad</strong></span> <span class='ocrx_word' id='word_1_48' title='bbox 1624 780 1872 847; x_wconf 83' lang='lat' dir='ltr'><strong>baptismi</strong></span> <span class='ocrx_word' id='word_1_49' title='bbox 1903 795 2026 848; x_wconf 83' lang='lat' dir='ltr'><strong>gra-</strong></span> 
     </span>
    </p>
   </div>
   <div class='ocr_carea' id='block_1_8' title="bbox 454 869 2027 937">
    <p class='ocr_par' dir='ltr' id='par_1_8' title="bbox 454 869 2027 937">
     <span class='ocr_line' id='line_1_8' title="bbox 454 869 2027 937; baseline 0.004 -17"><span class='ocrx_word' id='word_1_50' title='bbox 454 869 581 921; x_wconf 86' lang='lat' dir='ltr'><strong>tiam</strong></span> <span class='ocrx_word' id='word_1_51' title='bbox 609 870 850 934; x_wconf 88' lang='lat' dir='ltr'><strong>veninnt,</strong></span> <span class='ocrx_word' id='word_1_52' title='bbox 882 885 985 923; x_wconf 91' lang='lat' dir='ltr'><strong>non</strong></span> <span class='ocrx_word' id='word_1_53' title='bbox 1011 869 1210 923; x_wconf 82' lang='lat' dir='ltr'><strong>debent</strong></span> <span class='ocrx_word' id='word_1_54' title='bbox 1255 869 1539 937; x_wconf 81' lang='lat' dir='ltr'><strong>procidere</strong></span> <span class='ocrx_word' id='word_1_55' title='bbox 1585 869 1638 924; x_wconf 92' lang='lat' dir='ltr'><strong>in</strong></span> <span class='ocrx_word' id='word_1_56' title='bbox 1672 880 1892 935; x_wconf 88' lang='lat' dir='ltr'><strong>terram,</strong></span> <span class='ocrx_word' id='word_1_57' title='bbox 1926 886 2027 927; x_wconf 88' lang='lat' dir='ltr'><strong>nec</strong></span> 
     </span>
    </p>
   </div>
   <div class='ocr_carea' id='block_1_9' title="bbox 452 957 2024 1026">
    <p class='ocr_par' dir='ltr' id='par_1_9' title="bbox 452 957 2024 1026">
     <span class='ocr_line' id='line_1_9' title="bbox 452 957 2024 1026; baseline 0.003 -16"><span class='ocrx_word' id='word_1_58' title='bbox 452 957 667 1013; x_wconf 87' lang='lat' dir='ltr'><strong>llectere</strong></span> <span class='ocrx_word' id='word_1_59' title='bbox 691 975 862 1026; x_wconf 86' lang='lat' dir='ltr'><strong>genua</strong></span> <span class='ocrx_word' id='word_1_60' title='bbox 888 976 1006 1022; x_wconf 90' lang='lat' dir='ltr'><strong>sua,</strong></span> <span class='ocrx_word' id='word_1_61' title='bbox 1033 970 1087 1012; x_wconf 85' lang='lat' dir='ltr'><strong>et</strong></span> <span class='ocrx_word' id='word_1_62' title='bbox 1114 959 1307 1013; x_wconf 83' lang='lat' dir='ltr'><strong>cedere</strong></span> <span class='ocrx_word' id='word_1_63' title='bbox 1342 960 1732 1016; x_wconf 88' lang='lat' dir='ltr'><strong>tentationibus</strong></span> <span class='ocrx_word' id='word_1_64' title='bbox 1763 964 2024 1025; x_wconf 79' lang='lat' dir='ltr'><strong>venturis,</strong></span> 
     </span>
    </p>
   </div>
   <div class='ocr_carea' id='block_1_10' title="bbox 448 1050 2022 1123">
    <p class='ocr_par' dir='ltr' id='par_1_10' title="bbox 448 1050 2022 1123">
     <span class='ocr_line' id='line_1_10' title="bbox 448 1050 2022 1123; baseline 0.004 -23"><span class='ocrx_word' id='word_1_65' title='bbox 448 1050 540 1101; x_wconf 86' lang='lat' dir='ltr'><strong>sed</strong></span> <span class='ocrx_word' id='word_1_66' title='bbox 572 1059 720 1103; x_wconf 84' lang='lat' dir='ltr'><strong>stare</strong></span> <span class='ocrx_word' id='word_1_67' title='bbox 751 1051 980 1104; x_wconf 85' lang='lat' dir='ltr'><strong>ﬁrmiter</strong></span> <span class='ocrx_word' id='word_1_68' title='bbox 1003 1061 1055 1104; x_wconf 91' lang='lat' dir='ltr'><strong>et</strong></span> <span class='ocrx_word' id='word_1_69' title='bbox 1087 1060 1425 1119; x_wconf 88' lang='lat' dir='ltr'><strong>constanter,</strong></span> <span class='ocrx_word' id='word_1_70' title='bbox 1465 1053 1607 1106; x_wconf 81' lang='lat' dir='ltr'><strong>sicut</strong></span> <span class='ocrx_word' id='word_1_71' title='bbox 1658 1062 1713 1107; x_wconf 90' lang='lat' dir='ltr'><strong>et</strong></span> <span class='ocrx_word' id='word_1_72' title='bbox 1763 1053 2022 1123; x_wconf 85' lang='lat' dir='ltr'><strong>propheta</strong></span> 
     </span>
    </p>
   </div>
   <div class='ocr_carea' id='block_1_11' title="bbox 451 1137 2022 1213">
    <p class='ocr_par' dir='ltr' id='par_1_11' title="bbox 451 1137 2022 1213">
     <span class='ocr_line' id='line_1_11' title="bbox 451 1137 2022 1213; baseline 0.006 -23"><span class='ocrx_word' id='word_1_73' title='bbox 451 1137 664 1192; x_wconf 87' lang='lat' dir='ltr'><strong>dicebat</strong></span> <span class='ocrx_word' id='word_1_74' title='bbox 701 1138 745 1171; x_wconf 66' lang='grc' dir='ltr'><strong>ιι</strong></span> <span class='ocrx_word' id='word_1_75' title='bbox 784 1156 798 1192; x_wconf 89' lang='lat'><strong>:</strong></span> <span class='ocrx_word' id='word_1_76' title='bbox 836 1158 854 1190; x_wconf 76' lang='grc' dir='ltr'><strong>ι</strong></span> <span class='ocrx_word' id='word_1_77' title='bbox 898 1141 1172 1197; x_wconf 88' lang='lat' dir='ltr'><strong>Demissas</strong></span> <span class='ocrx_word' id='word_1_78' title='bbox 1201 1158 1415 1208; x_wconf 91' lang='lat' dir='ltr'><strong>manus,</strong></span> <span class='ocrx_word' id='word_1_79' title='bbox 1452 1152 1510 1198; x_wconf 89' lang='lat' dir='ltr'><strong>et</strong></span> <span class='ocrx_word' id='word_1_80' title='bbox 1539 1142 1798 1197; x_wconf 87' lang='lat' dir='ltr'><strong>dissoluta</strong></span> <span class='ocrx_word' id='word_1_81' title='bbox 1846 1160 2022 1213; x_wconf 90' lang='lat' dir='ltr'><strong>genua</strong></span> 
     </span>
    </p>
   </div>
   <div class='ocr_carea' id='block_1_12' title="bbox 442 1226 2024 1296">
    <p class='ocr_par' dir='ltr' id='par_1_12' title="bbox 442 1226 2024 1296">
     <span class='ocr_line' id='line_1_12' title="bbox 442 1226 2024 1296; baseline 0.005 -15"><span class='ocrx_word' id='word_1_82' title='bbox 442 1226 671 1296; x_wconf 80' lang='lat' dir='ltr'><strong>erigite;</strong></span> <span class='ocrx_word' id='word_1_83' title='bbox 731 1247 750 1280; x_wconf 77' lang='grc' dir='ltr'><strong>ι</strong></span> <span class='ocrx_word' id='word_1_84' title='bbox 780 1240 833 1283; x_wconf 84' lang='lat' dir='ltr'><strong>et</strong></span> <span class='ocrx_word' id='word_1_85' title='bbox 861 1229 907 1260; x_wconf 76' lang='lat'>&quot;</span> <span class='ocrx_word' id='word_1_86' title='bbox 942 1248 959 1284; x_wconf 90' lang='lat'><strong>:</strong></span> <span class='ocrx_word' id='word_1_87' title='bbox 991 1246 1009 1283; x_wconf 83' lang='lat' dir='ltr'><strong>t</strong></span> <span class='ocrx_word' id='word_1_88' title='bbox 1044 1232 1300 1287; x_wconf 79' lang='lat' dir='ltr'><strong>Cressum</strong></span> <span class='ocrx_word' id='word_1_89' title='bbox 1357 1243 1566 1288; x_wconf 88' lang='lat' dir='ltr'><strong>rectum</strong></span> <span class='ocrx_word' id='word_1_90' title='bbox 1617 1233 1779 1288; x_wconf 78' lang='lat' dir='ltr'><strong>facite</strong></span> <span class='ocrx_word' id='word_1_91' title='bbox 1811 1235 2024 1290; x_wconf 83' lang='lat' dir='ltr'><strong>semitis</strong></span> 
     </span>
    </p>
   </div>
   <div class='ocr_carea' id='block_1_13' title="bbox 446 1318 2022 1394">
    <p class='ocr_par' dir='ltr' id='par_1_13' title="bbox 446 1318 2022 1394">
     <span class='ocr_line' id='line_1_13' title="bbox 446 1318 2022 1394; baseline 0.008 -27"><span class='ocrx_word' id='word_1_92' title='bbox 446 1318 668 1373; x_wconf 79' lang='lat' dir='ltr'><strong>vestris.</strong></span> <span class='ocrx_word' id='word_1_93' title='bbox 705 1338 724 1371; x_wconf 73' lang='grc' dir='ltr'><strong>ι</strong></span> <span class='ocrx_word' id='word_1_94' title='bbox 754 1318 961 1375; x_wconf 84' lang='lat' dir='ltr'><strong>Venisti</strong></span> <span class='ocrx_word' id='word_1_95' title='bbox 998 1323 1065 1375; x_wconf 87' lang='lat' dir='ltr'><strong>ad</strong></span> <span class='ocrx_word' id='word_1_96' title='bbox 1095 1337 1290 1391; x_wconf 84' lang='lat' dir='ltr'><strong>aquam</strong></span> <span class='ocrx_word' id='word_1_97' title='bbox 1321 1324 1595 1394; x_wconf 82' lang='lat' dir='ltr'><strong>baptismi,</strong></span> <span class='ocrx_word' id='word_1_98' title='bbox 1632 1324 1763 1378; x_wconf 91' lang='lat' dir='ltr'><strong>illud</strong></span> <span class='ocrx_word' id='word_1_99' title='bbox 1788 1334 1874 1380; x_wconf 88' lang='lat' dir='ltr'><strong>est</strong></span> <span class='ocrx_word' id='word_1_100' title='bbox 1899 1341 2022 1380; x_wconf 88' lang='lat' dir='ltr'><strong>cer-</strong></span> 
     </span>
    </p>
   </div>
   <div class='ocr_carea' id='block_1_14' title="bbox 446 1408 2024 1483">
    <p class='ocr_par' dir='ltr' id='par_1_14' title="bbox 446 1408 2024 1483">
     <span class='ocr_line' id='line_1_14' title="bbox 446 1408 2024 1483; baseline 0.008 -24"><span class='ocrx_word' id='word_1_101' title='bbox 446 1408 667 1465; x_wconf 88' lang='lat' dir='ltr'><strong>taminis</strong></span> <span class='ocrx_word' id='word_1_102' title='bbox 691 1420 745 1464; x_wconf 92' lang='lat' dir='ltr'><strong>et</strong></span> <span class='ocrx_word' id='word_1_103' title='bbox 768 1425 959 1483; x_wconf 82' lang='lat' dir='ltr'><strong>pugnae</strong></span> <span class='ocrx_word' id='word_1_104' title='bbox 984 1414 1245 1482; x_wconf 76' lang='lat' dir='ltr'><strong>spiritalis</strong></span> <span class='ocrx_word' id='word_1_105' title='bbox 1275 1416 1510 1480; x_wconf 90' lang='lat' dir='ltr'><strong>initium,</strong></span> <span class='ocrx_word' id='word_1_106' title='bbox 1559 1416 1686 1471; x_wconf 91' lang='lat' dir='ltr'><strong>hinc</strong></span> <span class='ocrx_word' id='word_1_107' title='bbox 1714 1418 1806 1473; x_wconf 87' lang='lat' dir='ltr'><strong>tibi</strong></span> <span class='ocrx_word' id='word_1_108' title='bbox 1835 1418 2024 1472; x_wconf 80' lang='lat' dir='ltr'><strong>adver-</strong></span> 
     </span>
    </p>
   </div>
   <div class='ocr_carea' id='block_1_15' title="bbox 442 1497 2022 1577">
    <p class='ocr_par' dir='ltr' id='par_1_15' title="bbox 442 1497 2022 1577">
     <span class='ocr_line' id='line_1_15' title="bbox 442 1497 2022 1577; baseline 0.01 -28"><span class='ocrx_word' id='word_1_109' title='bbox 442 1511 563 1550; x_wconf 87' lang='lat' dir='ltr'><strong>sum</strong></span> <span class='ocrx_word' id='word_1_110' title='bbox 590 1497 849 1555; x_wconf 85' lang='lat' dir='ltr'><strong>Zabulum</strong></span> <span class='ocrx_word' id='word_1_111' title='bbox 883 1504 1123 1557; x_wconf 87' lang='lat' dir='ltr'><strong>nascitur</strong></span> <span class='ocrx_word' id='word_1_112' title='bbox 1145 1519 1337 1573; x_wconf 59' lang='lat' dir='ltr'><strong>pugnae</strong></span> <span class='ocrx_word' id='word_1_113' title='bbox 1362 1507 1713 1577; x_wconf 88' lang='lat' dir='ltr'><strong>principium.</strong></span> <span class='ocrx_word' id='word_1_114' title='bbox 1741 1508 1798 1563; x_wconf 89' lang='lat' dir='ltr'><strong>Si</strong></span> <span class='ocrx_word' id='word_1_115' title='bbox 1828 1510 2022 1565; x_wconf 85' lang='lat' dir='ltr'><strong>remis-</strong></span> 
     </span>
    </p>
   </div>
   <div class='ocr_carea' id='block_1_16' title="bbox 442 1584 2022 1666">
    <p class='ocr_par' dir='ltr' id='par_1_16' title="bbox 442 1584 2022 1666">
     <span class='ocr_line' id='line_1_16' title="bbox 442 1584 2022 1666; baseline 0.007 -28"><span class='ocrx_word' id='word_1_116' title='bbox 442 1584 556 1638; x_wconf 83' lang='lat' dir='ltr'><strong>sior</strong></span> <span class='ocrx_word' id='word_1_117' title='bbox 580 1584 772 1653; x_wconf 83' lang='lat' dir='ltr'><strong>fueris,</strong></span> <span class='ocrx_word' id='word_1_118' title='bbox 797 1590 840 1644; x_wconf 89' lang='lat' dir='ltr'><strong>si</strong></span> <span class='ocrx_word' id='word_1_119' title='bbox 870 1590 1013 1646; x_wconf 82' lang='lat' dir='ltr'><strong>ﬂecti</strong></span> <span class='ocrx_word' id='word_1_120' title='bbox 1040 1591 1197 1647; x_wconf 78' lang='lat' dir='ltr'><strong>facile</strong></span> <span class='ocrx_word' id='word_1_121' title='bbox 1223 1595 1492 1661; x_wconf 89' lang='lat' dir='ltr'><strong>potueris,</strong></span> <span class='ocrx_word' id='word_1_122' title='bbox 1518 1598 1792 1665; x_wconf 90' lang='lat' dir='ltr'><strong>quomodo</strong></span> <span class='ocrx_word' id='word_1_123' title='bbox 1821 1612 2022 1666; x_wconf 82' lang='lat' dir='ltr'><strong>pugna-</strong></span> 
     </span>
    </p>
   </div>
   <div class='ocr_carea' id='block_1_17' title="bbox 442 1679 2021 1748">
    <p class='ocr_par' dir='ltr' id='par_1_17' title="bbox 442 1679 2021 1748">
     <span class='ocr_line' id='line_1_17' title="bbox 442 1679 2021 1748; baseline 0.008 -17"><span class='ocrx_word' id='word_1_124' title='bbox 442 1679 566 1733; x_wconf 74' lang='lat' dir='ltr'><strong>bis?</strong></span> <span class='ocrx_word' id='word_1_125' title='bbox 618 1681 902 1748; x_wconf 84' lang='lat' dir='ltr'><strong>Quomodo</strong></span> <span class='ocrx_word' id='word_1_126' title='bbox 954 1685 1124 1741; x_wconf 90' lang='lat' dir='ltr'><strong>stabis</strong></span> <span class='ocrx_word' id='word_1_127' title='bbox 1185 1687 1447 1741; x_wconf 83' lang='lat' dir='ltr'><strong>adversus</strong></span> <span class='ocrx_word' id='word_1_128' title='bbox 1506 1690 1738 1743; x_wconf 85' lang='lat' dir='ltr'><strong>astutias</strong></span> <span class='ocrx_word' id='word_1_129' title='bbox 1790 1688 2021 1744; x_wconf 80' lang='lat' dir='ltr'><strong>Zabuli?</strong></span> 
     </span>
    </p>
   </div>
   <div class='ocr_carea' id='block_1_18' title="bbox 442 1768 2020 1851">
    <p class='ocr_par' dir='ltr' id='par_1_18' title="bbox 442 1768 2020 1851">
     <span class='ocr_line' id='line_1_18' title="bbox 442 1768 2020 1851; baseline 0.009 -28"><span class='ocrx_word' id='word_1_130' title='bbox 442 1768 734 1840; x_wconf 85' lang='lat' dir='ltr'><strong>Pmpterea</strong></span> <span class='ocrx_word' id='word_1_131' title='bbox 777 1783 830 1827; x_wconf 90' lang='lat' dir='ltr'><strong>et</strong></span> <span class='ocrx_word' id='word_1_132' title='bbox 873 1776 1165 1845; x_wconf 76' lang='lat' dir='ltr'><strong>Apostolus</strong></span> <span class='ocrx_word' id='word_1_133' title='bbox 1192 1778 1395 1833; x_wconf 89' lang='lat' dir='ltr'><strong>clamat</strong></span> <span class='ocrx_word' id='word_1_134' title='bbox 1423 1778 1509 1832; x_wconf 75' lang='lat' dir='ltr'><strong>&quot;z</strong></span> <span class='ocrx_word' id='word_1_135' title='bbox 1543 1797 1562 1833; x_wconf 67' lang='grc' dir='ltr'><strong>ι</strong></span> <span class='ocrx_word' id='word_1_136' title='bbox 1599 1778 1752 1834; x_wconf 90' lang='lat' dir='ltr'><strong>State</strong></span> <span class='ocrx_word' id='word_1_137' title='bbox 1789 1796 1939 1851; x_wconf 89' lang='lat' dir='ltr'><strong>ergo,</strong></span> <span class='ocrx_word' id='word_1_138' title='bbox 1966 1791 2020 1837; x_wconf 87' lang='lat' dir='ltr'><strong>et</strong></span> 
     </span>
    </p>
   </div>
   <div class='ocr_carea' id='block_1_19' title="bbox 442 1861 2019 1936">
    <p class='ocr_par' dir='ltr' id='par_1_19' title="bbox 442 1861 2019 1936">
     <span class='ocr_line' id='line_1_19' title="bbox 442 1861 2019 1936; baseline 0.009 -23"><span class='ocrx_word' id='word_1_139' title='bbox 442 1861 607 1916; x_wconf 90' lang='lat' dir='ltr'><strong>nolite</strong></span> <span class='ocrx_word' id='word_1_140' title='bbox 651 1863 820 1934; x_wconf 63' lang='grc'><strong>478</strong></span> <span class='ocrx_word' id='word_1_141' title='bbox 864 1866 1059 1921; x_wconf 86' lang='lat' dir='ltr'><strong>iterum</strong></span> <span class='ocrx_word' id='word_1_142' title='bbox 1100 1868 1230 1936; x_wconf 88' lang='lat' dir='ltr'><strong>jugo</strong></span> <span class='ocrx_word' id='word_1_143' title='bbox 1275 1870 1559 1924; x_wconf 87' lang='lat' dir='ltr'><strong>servitutis</strong></span> <span class='ocrx_word' id='word_1_144' title='bbox 1603 1872 1831 1926; x_wconf 51' lang='lat' dir='ltr'><strong>haerere.</strong></span> <span class='ocrx_word' id='word_1_145' title='bbox 1882 1892 1901 1926; x_wconf 70' lang='grc' dir='ltr'><strong>ι</strong></span> <span class='ocrx_word' id='word_1_146' title='bbox 1954 1873 2019 1927; x_wconf 84' lang='grc' dir='ltr'>Ει</span> 
     </span>
    </p>
   </div>
   <div class='ocr_carea' id='block_1_20' title="bbox 439 1950 2015 2019">
    <p class='ocr_par' dir='ltr' id='par_1_20' title="bbox 439 1950 2015 2019">
     <span class='ocr_line' id='line_1_20' title="bbox 439 1950 2015 2019; baseline 0.008 -12"><span class='ocrx_word' id='word_1_147' title='bbox 439 1950 637 2007; x_wconf 67' lang='lat' dir='ltr'><strong>iterum</strong></span> <span class='ocrx_word' id='word_1_148' title='bbox 668 1956 799 2010; x_wconf 86' lang='lat' dir='ltr'><strong>dicit</strong></span> <span class='ocrx_word' id='word_1_149' title='bbox 823 1958 870 1990; x_wconf 73' lang='lat'><strong>“</strong></span> <span class='ocrx_word' id='word_1_150' title='bbox 898 1973 913 2010; x_wconf 88' lang='lat'><strong>:</strong></span> <span class='ocrx_word' id='word_1_151' title='bbox 946 1976 965 2010; x_wconf 69' lang='grc' dir='ltr'><strong>ι</strong></span> <span class='ocrx_word' id='word_1_152' title='bbox 1008 1957 1159 2013; x_wconf 89' lang='lat' dir='ltr'><strong>State</strong></span> <span class='ocrx_word' id='word_1_153' title='bbox 1186 1960 1236 2013; x_wconf 89' lang='lat' dir='ltr'><strong>in</strong></span> <span class='ocrx_word' id='word_1_154' title='bbox 1265 1961 1517 2017; x_wconf 85' lang='lat' dir='ltr'><strong>Domino.</strong></span> <span class='ocrx_word' id='word_1_155' title='bbox 1555 1980 1572 2012; x_wconf 73' lang='grc' dir='ltr'><strong>ι</strong></span> <span class='ocrx_word' id='word_1_156' title='bbox 1604 1962 1670 2016; x_wconf 87' lang='grc' dir='ltr'>Ει</span> <span class='ocrx_word' id='word_1_157' title='bbox 1710 1964 1880 2019; x_wconf 82' lang='lat' dir='ltr'><strong>tertio</strong></span> <span class='ocrx_word' id='word_1_158' title='bbox 1930 1965 2015 2019; x_wconf 88' lang='lat' dir='ltr'><strong>di-</strong></span> 
     </span>
    </p>
   </div>
   <div class='ocr_carea' id='block_1_21' title="bbox 439 2036 2017 2131">
    <p class='ocr_par' dir='ltr' id='par_1_21' title="bbox 439 2036 2017 2131">
     <span class='ocr_line' id='line_1_21' title="bbox 439 2036 2017 2131; baseline 0.007 -34"><span class='ocrx_word' id='word_1_159' title='bbox 439 2044 517 2098; x_wconf 88' lang='lat' dir='ltr'><strong>cit</strong></span> <span class='ocrx_word' id='word_1_160' title='bbox 547 2043 591 2076; x_wconf 71' lang='lat'><strong>“</strong></span> <span class='ocrx_word' id='word_1_161' title='bbox 620 2060 636 2097; x_wconf 86' lang='lat'><strong>:</strong></span> <span class='ocrx_word' id='word_1_162' title='bbox 666 2064 684 2098; x_wconf 74' lang='grc' dir='ltr'><strong>ι</strong></span> <span class='ocrx_word' id='word_1_163' title='bbox 718 2046 981 2114; x_wconf 88' lang='lat' dir='ltr'><strong>Quoniam</strong></span> <span class='ocrx_word' id='word_1_164' title='bbox 1014 2058 1139 2105; x_wconf 85' lang='lat' dir='ltr'><strong>tunc</strong></span> <span class='ocrx_word' id='word_1_165' title='bbox 1162 2050 1432 2131; x_wconf 45' lang='lat' dir='ltr'><strong>vivimus,</strong></span> <span class='ocrx_word' id='word_1_166' title='bbox 1446 2052 1490 2106; x_wconf 89' lang='lat' dir='ltr'><strong>si</strong></span> <span class='ocrx_word' id='word_1_167' title='bbox 1517 2067 1612 2108; x_wconf 90' lang='lat' dir='ltr'><strong>vos</strong></span> <span class='ocrx_word' id='word_1_168' title='bbox 1643 2036 1801 2109; x_wconf 84' lang='lat' dir='ltr'><strong>statis</strong></span> <span class='ocrx_word' id='word_1_169' title='bbox 1827 2054 1881 2108; x_wconf 90' lang='lat' dir='ltr'><strong>in</strong></span> <span class='ocrx_word' id='word_1_170' title='bbox 1910 2052 2017 2108; x_wconf 91' lang='lat' dir='ltr'><strong>Do-</strong></span> 
     </span>
    </p>
   </div>
   <div class='ocr_carea' id='block_1_22' title="bbox 440 2136 2013 2215">
    <p class='ocr_par' dir='ltr' id='par_1_22' title="bbox 440 2136 2013 2215">
     <span class='ocr_line' id='line_1_22' title="bbox 440 2136 2013 2215; baseline 0.008 -26"><span class='ocrx_word' id='word_1_171' title='bbox 440 2136 606 2191; x_wconf 80' lang='lat' dir='ltr'><strong>mino.</strong></span> <span class='ocrx_word' id='word_1_172' title='bbox 643 2157 662 2191; x_wconf 74' lang='grc' dir='ltr'><strong>ι</strong></span> <span class='ocrx_word' id='word_1_173' title='bbox 694 2139 790 2195; x_wconf 89' lang='lat' dir='ltr'><strong>Ille</strong></span> <span class='ocrx_word' id='word_1_174' title='bbox 841 2140 1007 2211; x_wconf 84' lang='lat' dir='ltr'><strong>igitur</strong></span> <span class='ocrx_word' id='word_1_175' title='bbox 1032 2143 1353 2212; x_wconf 87' lang='lat' dir='ltr'><strong>probabilis,</strong></span> <span class='ocrx_word' id='word_1_176' title='bbox 1410 2144 1498 2199; x_wconf 90' lang='lat' dir='ltr'><strong>ille</strong></span> <span class='ocrx_word' id='word_1_177' title='bbox 1525 2144 1735 2201; x_wconf 87' lang='lat' dir='ltr'><strong>electus</strong></span> <span class='ocrx_word' id='word_1_178' title='bbox 1772 2155 1880 2207; x_wconf 85' lang='lat' dir='ltr'><strong>est.</strong></span> <span class='ocrx_word' id='word_1_179' title='bbox 1922 2148 2013 2215; x_wconf 88' lang='lat' dir='ltr'><strong>qui</strong></span> 
     </span>
    </p>
   </div>
   <div class='ocr_carea' id='block_1_23' title="bbox 436 2230 2012 2301">
    <p class='ocr_par' dir='ltr' id='par_1_23' title="bbox 436 2230 2012 2301">
     <span class='ocr_line' id='line_1_23' title="bbox 436 2230 2012 2301; baseline 0.007 -24"><span class='ocrx_word' id='word_1_180' title='bbox 436 2234 790 2294; x_wconf 82' lang='lat' dir='ltr'><strong>posteaquam</strong></span> <span class='ocrx_word' id='word_1_181' title='bbox 826 2230 892 2282; x_wconf 92' lang='lat' dir='ltr'><strong>ad</strong></span> <span class='ocrx_word' id='word_1_182' title='bbox 914 2244 1085 2299; x_wconf 82' lang='lat' dir='ltr'><strong>aquas</strong></span> <span class='ocrx_word' id='word_1_183' title='bbox 1115 2230 1368 2300; x_wconf 83' lang='lat' dir='ltr'><strong>baptismi</strong></span> <span class='ocrx_word' id='word_1_184' title='bbox 1410 2242 1631 2287; x_wconf 87' lang='lat' dir='ltr'><strong>ventum</strong></span> <span class='ocrx_word' id='word_1_185' title='bbox 1658 2243 1761 2301; x_wconf 86' lang='lat' dir='ltr'><strong>est,</strong></span> <span class='ocrx_word' id='word_1_186' title='bbox 1784 2235 1925 2289; x_wconf 85' lang='lat' dir='ltr'><strong>necti</strong></span> <span class='ocrx_word' id='word_1_187' title='bbox 1950 2237 2012 2288; x_wconf 79' lang='lat' dir='ltr'><strong>ad</strong></span> 
     </span>
    </p>
   </div>
   <div class='ocr_carea' id='block_1_24' title="bbox 436 2316 2013 2394">
    <p class='ocr_par' dir='ltr' id='par_1_24' title="bbox 436 2316 2013 2394">
     <span class='ocr_line' id='line_1_24' title="bbox 436 2316 2013 2394; baseline 0.01 -29"><span class='ocrx_word' id='word_1_188' title='bbox 436 2316 794 2372; x_wconf 82' lang='lat' dir='ltr'><strong>necessitates</strong></span> <span class='ocrx_word' id='word_1_189' title='bbox 823 2329 1069 2375; x_wconf 88' lang='lat' dir='ltr'><strong>terrenas</strong></span> <span class='ocrx_word' id='word_1_190' title='bbox 1089 2330 1146 2375; x_wconf 93' lang='lat' dir='ltr'><strong>et</strong></span> <span class='ocrx_word' id='word_1_191' title='bbox 1174 2336 1464 2391; x_wconf 88' lang='lat' dir='ltr'><strong>corporeas</strong></span> <span class='ocrx_word' id='word_1_192' title='bbox 1491 2324 1698 2389; x_wconf 87' lang='lat' dir='ltr'><strong>nescit,</strong></span> <span class='ocrx_word' id='word_1_193' title='bbox 1726 2326 1817 2394; x_wconf 89' lang='lat' dir='ltr'><strong>qui</strong></span> <span class='ocrx_word' id='word_1_194' title='bbox 1851 2327 2013 2382; x_wconf 74' lang='lat' dir='ltr'><strong>‘vitiis</strong></span> 
     </span>
    </p>
   </div>
   <div class='ocr_carea' id='block_1_25' title="bbox 434 2408 2013 2489">
    <p class='ocr_par' dir='ltr' id='par_1_25' title="bbox 434 2408 2013 2489">
     <span class='ocr_line' id='line_1_25' title="bbox 434 2408 2013 2489; baseline 0.01 -30"><span class='ocrx_word' id='word_1_195' title='bbox 434 2420 540 2461; x_wconf 88' lang='lat' dir='ltr'><strong>non</strong></span> <span class='ocrx_word' id='word_1_196' title='bbox 568 2408 830 2481; x_wconf 81' lang='lat' dir='ltr'><strong>indulget,</strong></span> <span class='ocrx_word' id='word_1_197' title='bbox 859 2427 1036 2482; x_wconf 84' lang='lat' dir='ltr'><strong>neque</strong></span> <span class='ocrx_word' id='word_1_198' title='bbox 1064 2414 1135 2468; x_wconf 94' lang='lat' dir='ltr'><strong>ob</strong></span> <span class='ocrx_word' id='word_1_199' title='bbox 1165 2415 1372 2483; x_wconf 88' lang='lat' dir='ltr'><strong>peccati</strong></span> <span class='ocrx_word' id='word_1_200' title='bbox 1405 2416 1553 2469; x_wconf 86' lang='lat' dir='ltr'><strong>sitim</strong></span> <span class='ocrx_word' id='word_1_201' title='bbox 1597 2419 1866 2473; x_wconf 88' lang='lat' dir='ltr'><strong>sternitur</strong></span> <span class='ocrx_word' id='word_1_202' title='bbox 1893 2436 2013 2489; x_wconf 83' lang='lat' dir='ltr'><strong>pro-</strong></span> 
     </span>
    </p>
   </div>
   <div class='ocr_carea' id='block_1_26' title="bbox 434 2499 2005 2579">
    <p class='ocr_par' dir='ltr' id='par_1_26' title="bbox 434 2499 2005 2579">
     <span class='ocr_line' id='line_1_26' title="bbox 434 2499 2005 2579; baseline 0.01 -30"><span class='ocrx_word' id='word_1_203' title='bbox 434 2512 557 2552; x_wconf 80' lang='lat' dir='ltr'><strong>nus.</strong></span> <span class='ocrx_word' id='word_1_204' title='bbox 588 2499 694 2556; x_wconf 86' lang='lat' dir='ltr'><strong>Sed</strong></span> <span class='ocrx_word' id='word_1_205' title='bbox 721 2511 776 2556; x_wconf 91' lang='lat' dir='ltr'><strong>et</strong></span> <span class='ocrx_word' id='word_1_206' title='bbox 801 2504 941 2572; x_wconf 90' lang='lat' dir='ltr'><strong>quod</strong></span> <span class='ocrx_word' id='word_1_207' title='bbox 971 2504 1102 2559; x_wconf 88' lang='lat' dir='ltr'><strong>dicit</strong></span> <span class='ocrx_word' id='word_1_208' title='bbox 1129 2520 1224 2560; x_wconf 91' lang='lat' dir='ltr'><strong>eos</strong></span> <span class='ocrx_word' id='word_1_209' title='bbox 1251 2520 1438 2571; x_wconf 89' lang='lat' dir='ltr'><strong>manu,</strong></span> <span class='ocrx_word' id='word_1_210' title='bbox 1464 2508 1546 2561; x_wconf 90' lang='lat' dir='ltr'><strong>vel</strong></span> <span class='ocrx_word' id='word_1_211' title='bbox 1589 2507 1772 2577; x_wconf 79' lang='lat' dir='ltr'><strong>lingua</strong></span> <span class='ocrx_word' id='word_1_212' title='bbox 1810 2525 2005 2579; x_wconf 89' lang='lat' dir='ltr'><strong>aquam</strong></span> 
     </span>
    </p>
   </div>
   <div class='ocr_carea' id='block_1_27' title="bbox 431 2586 2010 2672">
    <p class='ocr_par' dir='ltr' id='par_1_27' title="bbox 431 2586 2010 2672">
     <span class='ocr_line' id='line_1_27' title="bbox 431 2586 2010 2672; baseline 0.01 -32"><span class='ocrx_word' id='word_1_213' title='bbox 431 2586 695 2654; x_wconf 88' lang='lat' dir='ltr'><strong>lambere,</strong></span> <span class='ocrx_word' id='word_1_214' title='bbox 747 2607 852 2645; x_wconf 93' lang='lat' dir='ltr'><strong>non</strong></span> <span class='ocrx_word' id='word_1_215' title='bbox 892 2594 1102 2662; x_wconf 86' lang='lat' dir='ltr'><strong>absque</strong></span> <span class='ocrx_word' id='word_1_216' title='bbox 1148 2597 1477 2651; x_wconf 84' lang='lat' dir='ltr'><strong>sacramenti</strong></span> <span class='ocrx_word' id='word_1_217' title='bbox 1512 2599 1745 2667; x_wconf 80' lang='lat' dir='ltr'><strong>quadam</strong></span> <span class='ocrx_word' id='word_1_218' title='bbox 1802 2600 2010 2672; x_wconf 75' lang='lat' dir='ltr'><strong>signifi-</strong></span> 
     </span>
    </p>
   </div>
   <div class='ocr_carea' id='block_1_28' title="bbox 430 2679 2009 2760">
    <p class='ocr_par' dir='ltr' id='par_1_28' title="bbox 430 2679 2009 2760">
     <span class='ocr_line' id='line_1_28' title="bbox 430 2679 2009 2760; baseline 0.012 -30"><span class='ocrx_word' id='word_1_219' title='bbox 430 2679 608 2731; x_wconf 82' lang='lat' dir='ltr'><strong>cantia</strong></span> <span class='ocrx_word' id='word_1_220' title='bbox 635 2679 735 2735; x_wconf 89' lang='lat' dir='ltr'><strong>hoc</strong></span> <span class='ocrx_word' id='word_1_221' title='bbox 773 2682 904 2736; x_wconf 90' lang='lat' dir='ltr'><strong>mihi</strong></span> <span class='ocrx_word' id='word_1_222' title='bbox 940 2683 1155 2739; x_wconf 88' lang='lat' dir='ltr'><strong>videtur</strong></span> <span class='ocrx_word' id='word_1_223' title='bbox 1179 2688 1467 2758; x_wconf 89' lang='lat' dir='ltr'><strong>scriptum,</strong></span> <span class='ocrx_word' id='word_1_224' title='bbox 1517 2689 1728 2744; x_wconf 84' lang='lat' dir='ltr'><strong>scilicet</strong></span> <span class='ocrx_word' id='word_1_225' title='bbox 1768 2691 1913 2760; x_wconf 88' lang='lat' dir='ltr'><strong>quod</strong></span> <span class='ocrx_word' id='word_1_226' title='bbox 1954 2702 2009 2749; x_wconf 91' lang='lat' dir='ltr'><strong>et</strong></span> 
     </span>
    </p>
   </div>
   <div class='ocr_carea' id='block_1_29' title="bbox 429 2771 2008 2847">
    <p class='ocr_par' dir='ltr' id='par_1_29' title="bbox 429 2771 2008 2847">
     <span class='ocr_line' id='line_1_29' title="bbox 429 2771 2008 2847; baseline 0.012 -26"><span class='ocrx_word' id='word_1_227' title='bbox 429 2783 592 2823; x_wconf 84' lang='lat' dir='ltr'><strong>manu</strong></span> <span class='ocrx_word' id='word_1_228' title='bbox 617 2780 670 2824; x_wconf 91' lang='lat' dir='ltr'><strong>et</strong></span> <span class='ocrx_word' id='word_1_229' title='bbox 699 2771 882 2841; x_wconf 78' lang='lat' dir='ltr'><strong>lingua</strong></span> <span class='ocrx_word' id='word_1_230' title='bbox 910 2778 1129 2845; x_wconf 88' lang='lat' dir='ltr'><strong>operari</strong></span> <span class='ocrx_word' id='word_1_231' title='bbox 1157 2778 1358 2834; x_wconf 89' lang='lat' dir='ltr'><strong>debent</strong></span> <span class='ocrx_word' id='word_1_232' title='bbox 1400 2781 1603 2836; x_wconf 89' lang='lat' dir='ltr'><strong>milites</strong></span> <span class='ocrx_word' id='word_1_233' title='bbox 1642 2782 1867 2847; x_wconf 86' lang='lat' dir='ltr'><strong>Christi,</strong></span> <span class='ocrx_word' id='word_1_234' title='bbox 1905 2784 2008 2841; x_wconf 90' lang='lat' dir='ltr'><strong>hoc</strong></span> 
     </span>
    </p>
   </div>
   <div class='ocr_carea' id='block_1_30' title="bbox 425 2862 2007 2936">
    <p class='ocr_par' dir='ltr' id='par_1_30' title="bbox 425 2862 2007 2936">
     <span class='ocr_line' id='line_1_30' title="bbox 425 2862 2007 2936; baseline 0.012 -27"><span class='ocrx_word' id='word_1_235' title='bbox 425 2866 511 2910; x_wconf 87' lang='lat' dir='ltr'><strong>est</strong></span> <span class='ocrx_word' id='word_1_236' title='bbox 535 2872 701 2927; x_wconf 90' lang='lat' dir='ltr'><strong>opere</strong></span> <span class='ocrx_word' id='word_1_237' title='bbox 742 2870 796 2914; x_wconf 95' lang='lat' dir='ltr'><strong>et</strong></span> <span class='ocrx_word' id='word_1_238' title='bbox 841 2862 1051 2917; x_wconf 90' lang='lat' dir='ltr'><strong>verbo:</strong></span> <span class='ocrx_word' id='word_1_239' title='bbox 1080 2865 1207 2935; x_wconf 83' lang='lat' dir='ltr'><strong>quia</strong></span> <span class='ocrx_word' id='word_1_240' title='bbox 1254 2884 1274 2919; x_wconf 83' lang='grc'><strong>‹</strong></span> <span class='ocrx_word' id='word_1_241' title='bbox 1308 2869 1398 2936; x_wconf 90' lang='lat' dir='ltr'><strong>qui</strong></span> <span class='ocrx_word' id='word_1_242' title='bbox 1428 2870 1587 2924; x_wconf 88' lang='lat' dir='ltr'><strong>docet</strong></span> <span class='ocrx_word' id='word_1_243' title='bbox 1632 2879 1688 2924; x_wconf 89' lang='lat' dir='ltr'><strong>et</strong></span> <span class='ocrx_word' id='word_1_244' title='bbox 1736 2870 1887 2936; x_wconf 73' lang='lat' dir='ltr'><strong>facit,</strong></span> <span class='ocrx_word' id='word_1_245' title='bbox 1920 2874 2007 2928; x_wconf 90' lang='lat' dir='ltr'><strong>hic</strong></span> 
     </span>
    </p>
   </div>
   <div class='ocr_carea' id='block_1_31' title="bbox 426 2952 2005 3029">
    <p class='ocr_par' dir='ltr' id='par_1_31' title="bbox 426 2952 2005 3029">
     <span class='ocr_line' id='line_1_31' title="bbox 426 2952 2005 3029; baseline 0.011 -29"><span class='ocrx_word' id='word_1_246' title='bbox 426 2964 656 3018; x_wconf 88' lang='lat' dir='ltr'><strong>magnus</strong></span> <span class='ocrx_word' id='word_1_247' title='bbox 692 2952 979 3009; x_wconf 78' lang='lat' dir='ltr'><strong>vocabitur</strong></span> <span class='ocrx_word' id='word_1_248' title='bbox 1026 2956 1081 3010; x_wconf 92' lang='lat' dir='ltr'><strong>in</strong></span> <span class='ocrx_word' id='word_1_249' title='bbox 1136 2972 1305 3026; x_wconf 81' lang='lat' dir='ltr'><strong>regno</strong></span> <span class='ocrx_word' id='word_1_250' title='bbox 1346 2959 1609 3015; x_wconf 69' lang='lat' dir='ltr'><strong>caelorum</strong></span> <span class='ocrx_word' id='word_1_251' title='bbox 1660 2960 1723 3013; x_wconf 70' lang='lat'><strong>“.</strong></span> <span class='ocrx_word' id='word_1_252' title='bbox 1779 2980 1798 3014; x_wconf 74' lang='grc' dir='ltr'><strong>ι</strong></span> <span class='ocrx_word' id='word_1_253' title='bbox 1851 2962 2005 3029; x_wconf 90' lang='lat' dir='ltr'><strong>Quod</strong></span> 
     </span>
    </p>
   </div>
   <div class='ocr_carea' id='block_1_32' title="bbox 425 3043 2003 3121">
    <p class='ocr_par' dir='ltr' id='par_1_32' title="bbox 425 3043 2003 3121">
     <span class='ocr_line' id='line_1_32' title="bbox 425 3043 2003 3121; baseline 0.01 -30"><span class='ocrx_word' id='word_1_254' title='bbox 425 3047 605 3094; x_wconf 87' lang='lat' dir='ltr'><strong>autem</strong></span> <span class='ocrx_word' id='word_1_255' title='bbox 629 3043 791 3095; x_wconf 90' lang='lat' dir='ltr'><strong>etiam</strong></span> <span class='ocrx_word' id='word_1_256' title='bbox 816 3044 1227 3101; x_wconf 76' lang='lat' dir='ltr'><strong>similitudinem</strong></span> <span class='ocrx_word' id='word_1_257' title='bbox 1259 3050 1412 3103; x_wconf 89' lang='lat' dir='ltr'><strong>canis</strong></span> <span class='ocrx_word' id='word_1_258' title='bbox 1436 3050 1727 3107; x_wconf 82' lang='lat' dir='ltr'><strong>lambentis</strong></span> <span class='ocrx_word' id='word_1_259' title='bbox 1753 3052 2003 3121; x_wconf 89' lang='lat' dir='ltr'><strong>Scriptu-</strong></span> 
     </span>
    </p>
   </div>
   <div class='ocr_carea' id='block_1_33' title="bbox 2132 594 3708 665">
    <p class='ocr_par' dir='ltr' id='par_1_33' title="bbox 2132 594 3708 665">
     <span class='ocr_line' id='line_1_33' title="bbox 2132 594 3708 665; baseline 0.004 -17"><span class='ocrx_word' id='word_1_260' title='bbox 2132 607 2309 651; x_wconf 90' lang='lat' dir='ltr'><strong>tamen</strong></span> <span class='ocrx_word' id='word_1_261' title='bbox 2351 598 2437 651; x_wconf 89' lang='lat' dir='ltr'><strong>isti</strong></span> <span class='ocrx_word' id='word_1_262' title='bbox 2486 596 2769 665; x_wconf 74' lang='lat' dir='ltr'><strong>pugnant?</strong></span> <span class='ocrx_word' id='word_1_263' title='bbox 2819 594 3091 665; x_wconf 82' lang='lat' dir='ltr'><strong>Ilydrias,</strong></span> <span class='ocrx_word' id='word_1_264' title='bbox 3151 595 3350 663; x_wconf 90' lang='lat' dir='ltr'><strong>inquit,</strong></span> <span class='ocrx_word' id='word_1_265' title='bbox 3402 608 3618 661; x_wconf 87' lang='lat' dir='ltr'><strong>portant</strong></span> <span class='ocrx_word' id='word_1_266' title='bbox 3655 612 3708 655; x_wconf 89' lang='lat' dir='ltr'><strong>et</strong></span> 
     </span>
    </p>
   </div>
   <div class='ocr_carea' id='block_1_34' title="bbox 2128 683 3710 756">
    <p class='ocr_par' dir='ltr' id='par_1_34' title="bbox 2128 683 3710 756">
     <span class='ocr_line' id='line_1_34' title="bbox 2128 683 3710 756; baseline 0.006 -18"><span class='ocrx_word' id='word_1_267' title='bbox 2128 683 2410 756; x_wconf 85' lang='lat' dir='ltr'><strong>lampadas</strong></span> <span class='ocrx_word' id='word_1_268' title='bbox 2437 696 2491 739; x_wconf 86' lang='lat' dir='ltr'><strong>et</strong></span> <span class='ocrx_word' id='word_1_269' title='bbox 2523 685 2779 739; x_wconf 87' lang='lat' dir='ltr'><strong>huccinas</strong></span> <span class='ocrx_word' id='word_1_270' title='bbox 2809 699 3039 739; x_wconf 89' lang='lat' dir='ltr'><strong>corneas</strong></span> <span class='ocrx_word' id='word_1_271' title='bbox 3081 685 3133 738; x_wconf 92' lang='lat' dir='ltr'><strong>in</strong></span> <span class='ocrx_word' id='word_1_272' title='bbox 3186 686 3434 741; x_wconf 89' lang='lat' dir='ltr'><strong>manibus</strong></span> <span class='ocrx_word' id='word_1_273' title='bbox 3471 690 3603 753; x_wconf 84' lang='lat' dir='ltr'><strong>suis,</strong></span> <span class='ocrx_word' id='word_1_274' title='bbox 3654 702 3710 748; x_wconf 88' lang='lat' dir='ltr'><strong>et</strong></span> 
     </span>
    </p>
   </div>
   <div class='ocr_carea' id='block_1_35' title="bbox 2127 775 3707 846">
    <p class='ocr_par' dir='ltr' id='par_1_35' title="bbox 2127 775 3707 846">
     <span class='ocr_line' id='line_1_35' title="bbox 2127 775 3707 846; baseline 0.003 -14"><span class='ocrx_word' id='word_1_275' title='bbox 2127 777 2227 841; x_wconf 89' lang='lat' dir='ltr'><strong>sic,</strong></span> <span class='ocrx_word' id='word_1_276' title='bbox 2254 778 2450 846; x_wconf 84' lang='lat' dir='ltr'><strong>inquit,</strong></span> <span class='ocrx_word' id='word_1_277' title='bbox 2484 777 2711 832; x_wconf 88' lang='lat' dir='ltr'><strong>veniunt</strong></span> <span class='ocrx_word' id='word_1_278' title='bbox 2735 776 2800 829; x_wconf 89' lang='lat' dir='ltr'><strong>ad</strong></span> <span class='ocrx_word' id='word_1_279' title='bbox 2833 775 2953 829; x_wconf 90' lang='lat' dir='ltr'><strong>illas</strong></span> <span class='ocrx_word' id='word_1_280' title='bbox 2983 776 3298 831; x_wconf 90' lang='lat' dir='ltr'><strong>innumeras</strong></span> <span class='ocrx_word' id='word_1_281' title='bbox 3329 777 3707 838; x_wconf 83' lang='lat' dir='ltr'><strong>multitudines</strong></span> 
     </span>
    </p>
   </div>
   <div class='ocr_carea' id='block_1_36' title="bbox 2130 866 3704 939">
    <p class='ocr_par' dir='ltr' id='par_1_36' title="bbox 2130 866 3704 939">
     <span class='ocr_line' id='line_1_36' title="bbox 2130 866 3704 939; baseline 0.002 -15"><span class='ocrx_word' id='word_1_282' title='bbox 2130 870 2384 937; x_wconf 84' lang='lat' dir='ltr'><strong>hostium,</strong></span> <span class='ocrx_word' id='word_1_283' title='bbox 2417 870 2468 922; x_wconf 92' lang='lat' dir='ltr'><strong>in</strong></span> <span class='ocrx_word' id='word_1_284' title='bbox 2496 868 2693 939; x_wconf 89' lang='lat' dir='ltr'><strong>quibus</strong></span> <span class='ocrx_word' id='word_1_285' title='bbox 2728 875 2884 921; x_wconf 88' lang='lat' dir='ltr'><strong>erant</strong></span> <span class='ocrx_word' id='word_1_286' title='bbox 2911 866 3101 919; x_wconf 90' lang='lat' dir='ltr'><strong>cameli</strong></span> <span class='ocrx_word' id='word_1_287' title='bbox 3140 867 3280 921; x_wconf 90' lang='lat' dir='ltr'><strong>sicut</strong></span> <span class='ocrx_word' id='word_1_288' title='bbox 3316 883 3481 923; x_wconf 87' lang='lat' dir='ltr'><strong>arena</strong></span> <span class='ocrx_word' id='word_1_289' title='bbox 3518 874 3704 927; x_wconf 89' lang='lat' dir='ltr'><strong>maris.</strong></span> 
     </span>
    </p>
   </div>
   <div class='ocr_carea' id='block_1_37' title="bbox 2128 953 3704 1026">
    <p class='ocr_par' dir='ltr' id='par_1_37' title="bbox 2128 953 3704 1026">
     <span class='ocr_line' id='line_1_37' title="bbox 2128 953 3704 1026; baseline 0 -13"><span class='ocrx_word' id='word_1_290' title='bbox 2128 958 2193 1013; x_wconf 87' lang='lat' dir='ltr'><strong>Et</strong></span> <span class='ocrx_word' id='word_1_291' title='bbox 2220 974 2340 1013; x_wconf 91' lang='lat' dir='ltr'><strong>cum</strong></span> <span class='ocrx_word' id='word_1_292' title='bbox 2369 959 2643 1013; x_wconf 88' lang='lat' dir='ltr'><strong>venissent</strong></span> <span class='ocrx_word' id='word_1_293' title='bbox 2678 956 2744 1008; x_wconf 83' lang='lat' dir='ltr'><strong>ad</strong></span> <span class='ocrx_word' id='word_1_294' title='bbox 2776 953 2995 1020; x_wconf 91' lang='lat' dir='ltr'><strong>bellum,</strong></span> <span class='ocrx_word' id='word_1_295' title='bbox 3048 956 3307 1023; x_wconf 87' lang='lat' dir='ltr'><strong>buccinis,</strong></span> <span class='ocrx_word' id='word_1_296' title='bbox 3356 957 3552 1026; x_wconf 84' lang='lat' dir='ltr'><strong>inquit,</strong></span> <span class='ocrx_word' id='word_1_297' title='bbox 3581 974 3704 1014; x_wconf 88' lang='lat' dir='ltr'><strong>cor-</strong></span> 
     </span>
    </p>
   </div>
   <div class='ocr_carea' id='block_1_38' title="bbox 2126 1045 3705 1117">
    <p class='ocr_par' dir='ltr' id='par_1_38' title="bbox 2126 1045 3705 1117">
     <span class='ocr_line' id='line_1_38' title="bbox 2126 1045 3705 1117; baseline 0 -12"><span class='ocrx_word' id='word_1_298' title='bbox 2126 1049 2243 1105; x_wconf 88' lang='lat' dir='ltr'><strong>neis</strong></span> <span class='ocrx_word' id='word_1_299' title='bbox 2281 1054 2652 1103; x_wconf 89' lang='lat' dir='ltr'><strong>insonuerunt.</strong></span> <span class='ocrx_word' id='word_1_300' title='bbox 2691 1045 2757 1099; x_wconf 87' lang='lat' dir='ltr'><strong>Et</strong></span> <span class='ocrx_word' id='word_1_301' title='bbox 2779 1046 3135 1108; x_wconf 87' lang='lat' dir='ltr'><strong>demiserunt,</strong></span> <span class='ocrx_word' id='word_1_302' title='bbox 3169 1046 3360 1115; x_wconf 84' lang='lat' dir='ltr'><strong>inquit,</strong></span> <span class='ocrx_word' id='word_1_303' title='bbox 3395 1050 3614 1117; x_wconf 84' lang='lat' dir='ltr'><strong>hydrias</strong></span> <span class='ocrx_word' id='word_1_304' title='bbox 3636 1053 3705 1105; x_wconf 84' lang='lat' dir='ltr'><strong>de</strong></span> 
     </span>
    </p>
   </div>
   <div class='ocr_carea' id='block_1_39' title="bbox 2125 1135 3705 1206">
    <p class='ocr_par' dir='ltr' id='par_1_39' title="bbox 2125 1135 3705 1206">
     <span class='ocr_line' id='line_1_39' title="bbox 2125 1135 3705 1206; baseline 0 -12"><span class='ocrx_word' id='word_1_305' title='bbox 2125 1141 2398 1201; x_wconf 86' lang='lat' dir='ltr'><strong>manibus,</strong></span> <span class='ocrx_word' id='word_1_306' title='bbox 2429 1146 2483 1193; x_wconf 87' lang='lat' dir='ltr'><strong>et</strong></span> <span class='ocrx_word' id='word_1_307' title='bbox 2511 1136 2759 1192; x_wconf 68' lang='lat' dir='ltr'><strong>contrita:</strong></span> <span class='ocrx_word' id='word_1_308' title='bbox 2793 1144 2941 1189; x_wconf 89' lang='lat' dir='ltr'><strong>sunt.</strong></span> <span class='ocrx_word' id='word_1_309' title='bbox 2969 1135 3119 1189; x_wconf 90' lang='lat' dir='ltr'><strong>Tunc</strong></span> <span class='ocrx_word' id='word_1_310' title='bbox 3152 1151 3278 1190; x_wconf 89' lang='lat' dir='ltr'><strong>vero</strong></span> <span class='ocrx_word' id='word_1_311' title='bbox 3308 1140 3538 1206; x_wconf 88' lang='lat' dir='ltr'><strong>arreptis</strong></span> <span class='ocrx_word' id='word_1_312' title='bbox 3567 1140 3705 1193; x_wconf 69' lang='lat' dir='ltr'><strong>Iam&quot;—</strong></span> 
     </span>
    </p>
   </div>
   <div class='ocr_carea' id='block_1_40' title="bbox 2125 1223 3703 1299">
    <p class='ocr_par' dir='ltr' id='par_1_40' title="bbox 2125 1223 3703 1299">
     <span class='ocr_line' id='line_1_40' title="bbox 2125 1223 3703 1299; baseline 0.001 -17"><span class='ocrx_word' id='word_1_313' title='bbox 2125 1228 2357 1299; x_wconf 90' lang='lat' dir='ltr'><strong>padibus</strong></span> <span class='ocrx_word' id='word_1_314' title='bbox 2387 1236 2649 1299; x_wconf 88' lang='lat' dir='ltr'><strong>proruunt</strong></span> <span class='ocrx_word' id='word_1_315' title='bbox 2677 1225 2730 1280; x_wconf 91' lang='lat' dir='ltr'><strong>in</strong></span> <span class='ocrx_word' id='word_1_316' title='bbox 2766 1223 3128 1288; x_wconf 85' lang='lat' dir='ltr'><strong>adversarios,</strong></span> <span class='ocrx_word' id='word_1_317' title='bbox 3159 1225 3318 1279; x_wconf 85' lang='lat' dir='ltr'><strong>simul</strong></span> <span class='ocrx_word' id='word_1_318' title='bbox 3362 1237 3415 1280; x_wconf 93' lang='lat' dir='ltr'><strong>et</strong></span> <span class='ocrx_word' id='word_1_319' title='bbox 3459 1228 3703 1284; x_wconf 75' lang='lat' dir='ltr'><strong>huccinis</strong></span> 
     </span>
    </p>
   </div>
   <div class='ocr_carea' id='block_1_41' title="bbox 2124 1311 3705 1389">
    <p class='ocr_par' dir='ltr' id='par_1_41' title="bbox 2124 1311 3705 1389">
     <span class='ocr_line' id='line_1_41' title="bbox 2124 1311 3705 1389; baseline 0 -16"><span class='ocrx_word' id='word_1_320' title='bbox 2124 1326 2477 1389; x_wconf 90' lang='lat' dir='ltr'><strong>concrepant.</strong></span> <span class='ocrx_word' id='word_1_321' title='bbox 2509 1317 2644 1372; x_wconf 80' lang='lat' dir='ltr'><strong>Vide</strong></span> <span class='ocrx_word' id='word_1_322' title='bbox 2683 1314 2807 1383; x_wconf 86' lang='lat' dir='ltr'><strong>quia</strong></span> <span class='ocrx_word' id='word_1_323' title='bbox 2862 1311 3017 1365; x_wconf 88' lang='lat' dir='ltr'><strong>electi</strong></span> <span class='ocrx_word' id='word_1_324' title='bbox 3047 1314 3247 1369; x_wconf 85' lang='lat' dir='ltr'><strong>milites</strong></span> <span class='ocrx_word' id='word_1_325' title='bbox 3279 1314 3368 1369; x_wconf 87' lang='lat' dir='ltr'><strong>Dei</strong></span> <span class='ocrx_word' id='word_1_326' title='bbox 3421 1332 3544 1372; x_wconf 91' lang='lat' dir='ltr'><strong>cum</strong></span> <span class='ocrx_word' id='word_1_327' title='bbox 3574 1319 3705 1373; x_wconf 81' lang='lat' dir='ltr'><strong>lam-</strong></span> 
     </span>
    </p>
   </div>
   <div class='ocr_carea' id='block_1_42' title="bbox 2124 1406 3703 1478">
    <p class='ocr_par' dir='ltr' id='par_1_42' title="bbox 2124 1406 3703 1478">
     <span class='ocr_line' id='line_1_42' title="bbox 2124 1406 3703 1478; baseline 0.002 -16"><span class='ocrx_word' id='word_1_328' title='bbox 2124 1409 2352 1478; x_wconf 87' lang='lat' dir='ltr'><strong>padibus</strong></span> <span class='ocrx_word' id='word_1_329' title='bbox 2381 1416 2639 1477; x_wconf 81' lang='lat' dir='ltr'><strong>pugnant.</strong></span> <span class='ocrx_word' id='word_1_330' title='bbox 2667 1406 2760 1461; x_wconf 89' lang='lat' dir='ltr'><strong>Sic</strong></span> <span class='ocrx_word' id='word_1_331' title='bbox 2789 1408 2932 1461; x_wconf 91' lang='lat' dir='ltr'><strong>enim</strong></span> <span class='ocrx_word' id='word_1_332' title='bbox 2974 1422 3071 1462; x_wconf 88' lang='lat' dir='ltr'><strong>eos</strong></span> <span class='ocrx_word' id='word_1_333' title='bbox 3122 1407 3370 1464; x_wconf 82' lang='lat' dir='ltr'><strong>Christus</strong></span> <span class='ocrx_word' id='word_1_334' title='bbox 3397 1418 3703 1465; x_wconf 88' lang='lat' dir='ltr'><strong>armaverat</strong></span> 
     </span>
    </p>
   </div>
   <div class='ocr_carea' id='block_1_43' title="bbox 2125 1496 3703 1567">
    <p class='ocr_par' dir='ltr' id='par_1_43' title="bbox 2125 1496 3703 1567">
     <span class='ocr_line' id='line_1_43' title="bbox 2125 1496 3703 1567; baseline 0.004 -16"><span class='ocrx_word' id='word_1_335' title='bbox 2125 1496 2311 1553; x_wconf 85' lang='lat' dir='ltr'><strong>dicens</strong></span> <span class='ocrx_word' id='word_1_336' title='bbox 2340 1498 2383 1530; x_wconf 70' lang='grc'><strong>⁸⁷</strong></span> <span class='ocrx_word' id='word_1_337' title='bbox 2410 1517 2422 1552; x_wconf 92' lang='lat'><strong>:</strong></span> <span class='ocrx_word' id='word_1_338' title='bbox 2461 1518 2481 1551; x_wconf 85' lang='grc'><em>‹</em></span> <span class='ocrx_word' id='word_1_339' title='bbox 2516 1500 2637 1553; x_wconf 81' lang='lat' dir='ltr'><strong>Sitit</strong></span> <span class='ocrx_word' id='word_1_340' title='bbox 2665 1498 2831 1552; x_wconf 90' lang='lat' dir='ltr'><strong>lumbi</strong></span> <span class='ocrx_word' id='word_1_341' title='bbox 2868 1500 3032 1553; x_wconf 89' lang='lat' dir='ltr'><strong>vestri</strong></span> <span class='ocrx_word' id='word_1_342' title='bbox 3062 1500 3361 1567; x_wconf 71' lang='lat' dir='ltr'><strong>praecincti,</strong></span> <span class='ocrx_word' id='word_1_343' title='bbox 3380 1508 3433 1554; x_wconf 90' lang='lat' dir='ltr'><strong>et</strong></span> <span class='ocrx_word' id='word_1_344' title='bbox 3464 1500 3703 1557; x_wconf 65' lang='lat' dir='ltr'><strong>lucerna!</strong></span> 
     </span>
    </p>
   </div>
   <div class='ocr_carea' id='block_1_44' title="bbox 2123 1589 3697 1657">
    <p class='ocr_par' dir='ltr' id='par_1_44' title="bbox 2123 1589 3697 1657">
     <span class='ocr_line' id='line_1_44' title="bbox 2123 1589 3697 1657; baseline 0.001 -18"><span class='ocrx_word' id='word_1_345' title='bbox 2123 1598 2318 1641; x_wconf 73' lang='lat' dir='ltr'><strong>vestra:</strong></span> <span class='ocrx_word' id='word_1_346' title='bbox 2349 1589 2621 1644; x_wconf 85' lang='lat' dir='ltr'><strong>ardentes.</strong></span> <span class='ocrx_word' id='word_1_347' title='bbox 2662 1607 2680 1641; x_wconf 74' lang='grc' dir='ltr'><strong>ι</strong></span> <span class='ocrx_word' id='word_1_348' title='bbox 2714 1589 2779 1642; x_wconf 82' lang='lat' dir='ltr'><strong>Et</strong></span> <span class='ocrx_word' id='word_1_349' title='bbox 2807 1591 3002 1643; x_wconf 90' lang='lat' dir='ltr'><strong>iterum</strong></span> <span class='ocrx_word' id='word_1_350' title='bbox 3033 1589 3080 1620; x_wconf 78' lang='grc'><strong>⁸⁸</strong></span> <span class='ocrx_word' id='word_1_351' title='bbox 3112 1605 3125 1640; x_wconf 89' lang='lat'>:</span> <span class='ocrx_word' id='word_1_352' title='bbox 3166 1607 3186 1640; x_wconf 70' lang='grc' dir='ltr'><strong>ι</strong></span> <span class='ocrx_word' id='word_1_353' title='bbox 3228 1589 3320 1644; x_wconf 85' lang='lat' dir='ltr'><strong>Sic</strong></span> <span class='ocrx_word' id='word_1_354' title='bbox 3358 1589 3561 1657; x_wconf 81' lang='lat' dir='ltr'><strong>fulgeat</strong></span> <span class='ocrx_word' id='word_1_355' title='bbox 3606 1590 3697 1642; x_wconf 69' lang='lat' dir='ltr'><strong>lus</strong></span> 
     </span>
    </p>
   </div>
   <div class='ocr_carea' id='block_1_45' title="bbox 2123 1679 3696 1749">
    <p class='ocr_par' dir='ltr' id='par_1_45' title="bbox 2123 1679 3696 1749">
     <span class='ocr_line' id='line_1_45' title="bbox 2123 1679 3696 1749; baseline 0 -16"><span class='ocrx_word' id='word_1_356' title='bbox 2123 1688 2304 1733; x_wconf 80' lang='lat' dir='ltr'><strong>vestra</strong></span> <span class='ocrx_word' id='word_1_357' title='bbox 2356 1693 2540 1734; x_wconf 85' lang='lat' dir='ltr'><strong>coram</strong></span> <span class='ocrx_word' id='word_1_358' title='bbox 2572 1679 2902 1745; x_wconf 90' lang='lat' dir='ltr'><strong>hominibus,</strong></span> <span class='ocrx_word' id='word_1_359' title='bbox 2938 1689 2999 1736; x_wconf 89' lang='lat' dir='ltr'><strong>ut</strong></span> <span class='ocrx_word' id='word_1_360' title='bbox 3037 1681 3258 1734; x_wconf 88' lang='lat' dir='ltr'><strong>videant</strong></span> <span class='ocrx_word' id='word_1_361' title='bbox 3299 1696 3465 1749; x_wconf 89' lang='lat' dir='ltr'><strong>opera</strong></span> <span class='ocrx_word' id='word_1_362' title='bbox 3518 1690 3696 1734; x_wconf 88' lang='lat' dir='ltr'><strong>vestra</strong></span> 
     </span>
    </p>
   </div>
   <div class='ocr_carea' id='block_1_46' title="bbox 2128 1768 3697 1840">
    <p class='ocr_par' dir='ltr' id='par_1_46' title="bbox 2128 1768 3697 1840">
     <span class='ocr_line' id='line_1_46' title="bbox 2128 1768 3697 1840; baseline 0.001 -17"><span class='ocrx_word' id='word_1_363' title='bbox 2128 1769 2290 1834; x_wconf 89' lang='lat' dir='ltr'><strong>bona,</strong></span> <span class='ocrx_word' id='word_1_364' title='bbox 2315 1778 2370 1823; x_wconf 89' lang='lat' dir='ltr'><strong>et</strong></span> <span class='ocrx_word' id='word_1_365' title='bbox 2421 1768 2725 1839; x_wconf 82' lang='lat' dir='ltr'><strong>gloriﬁcent</strong></span> <span class='ocrx_word' id='word_1_366' title='bbox 2767 1768 2985 1823; x_wconf 89' lang='lat' dir='ltr'><strong>Patrem</strong></span> <span class='ocrx_word' id='word_1_367' title='bbox 3019 1778 3260 1824; x_wconf 89' lang='lat' dir='ltr'><strong>vestrum</strong></span> <span class='ocrx_word' id='word_1_368' title='bbox 3301 1771 3391 1840; x_wconf 92' lang='lat' dir='ltr'><strong>qui</strong></span> <span class='ocrx_word' id='word_1_369' title='bbox 3444 1771 3497 1824; x_wconf 87' lang='lat' dir='ltr'><strong>in</strong></span> <span class='ocrx_word' id='word_1_370' title='bbox 3538 1772 3697 1826; x_wconf 63' lang='lat' dir='ltr'><strong>caelis</strong></span> 
     </span>
    </p>
   </div>
   <div class='ocr_carea' id='block_1_47' title="bbox 2053 1838 3697 1929">
    <p class='ocr_par' dir='ltr' id='par_1_47' title="bbox 2053 1838 3697 1929">
     <span class='ocr_line' id='line_1_47' title="bbox 2053 1838 3697 1929; baseline 0 -16"><span class='ocrx_word' id='word_1_371' title='bbox 2053 1838 2097 1897; x_wconf 71' lang='grc' dir='ltr'><strong>Β</strong></span> <span class='ocrx_word' id='word_1_372' title='bbox 2125 1870 2231 1913; x_wconf 90' lang='lat' dir='ltr'><strong>est.</strong></span> <span class='ocrx_word' id='word_1_373' title='bbox 2271 1877 2290 1910; x_wconf 84' lang='grc'><strong>›</strong></span> <span class='ocrx_word' id='word_1_374' title='bbox 2338 1838 2557 1913; x_wconf 87' lang='lat' dir='ltr'><strong>Talibus</strong></span> <span class='ocrx_word' id='word_1_375' title='bbox 2587 1875 2715 1926; x_wconf 82' lang='lat' dir='ltr'><strong>ergo</strong></span> <span class='ocrx_word' id='word_1_376' title='bbox 2758 1859 3099 1928; x_wconf 84' lang='lat' dir='ltr'><strong>lampadibus</strong></span> <span class='ocrx_word' id='word_1_377' title='bbox 3146 1838 3393 1914; x_wconf 78' lang='lat' dir='ltr'><strong>accensis</strong></span> <span class='ocrx_word' id='word_1_378' title='bbox 3414 1900 3428 1923; x_wconf 91' lang='lat'><strong>,</strong></span> <span class='ocrx_word' id='word_1_379' title='bbox 3456 1875 3697 1929; x_wconf 88' lang='lat' dir='ltr'><strong>pugnare</strong></span> 
     </span>
    </p>
   </div>
   <div class='ocr_carea' id='block_1_48' title="bbox 2118 1949 3689 2019">
    <p class='ocr_par' dir='ltr' id='par_1_48' title="bbox 2118 1949 3689 2019">
     <span class='ocr_line' id='line_1_48' title="bbox 2118 1949 3689 2019; baseline -0.001 -16"><span class='ocrx_word' id='word_1_380' title='bbox 2118 1950 2271 2005; x_wconf 89' lang='lat' dir='ltr'><strong>decet</strong></span> <span class='ocrx_word' id='word_1_381' title='bbox 2303 1951 2503 2006; x_wconf 86' lang='lat' dir='ltr'><strong>milites</strong></span> <span class='ocrx_word' id='word_1_382' title='bbox 2533 1950 2773 2013; x_wconf 89' lang='lat' dir='ltr'><strong>Christi,</strong></span> <span class='ocrx_word' id='word_1_383' title='bbox 2823 1950 2944 2004; x_wconf 90' lang='lat' dir='ltr'><strong>luce</strong></span> <span class='ocrx_word' id='word_1_384' title='bbox 2976 1964 3197 2015; x_wconf 80' lang='lat' dir='ltr'><strong>Operam</strong></span> <span class='ocrx_word' id='word_1_385' title='bbox 3241 1949 3587 2019; x_wconf 79' lang='lat' dir='ltr'><strong>refulgentes,</strong></span> <span class='ocrx_word' id='word_1_386' title='bbox 3638 1961 3689 2004; x_wconf 90' lang='lat' dir='ltr'><strong>et</strong></span> 
     </span>
    </p>
   </div>
   <div class='ocr_carea' id='block_1_49' title="bbox 2123 2040 3693 2111">
    <p class='ocr_par' dir='ltr' id='par_1_49' title="bbox 2123 2040 3693 2111">
     <span class='ocr_line' id='line_1_49' title="bbox 2123 2040 3693 2111; baseline 0.001 -17"><span class='ocrx_word' id='word_1_387' title='bbox 2123 2040 2410 2110; x_wconf 84' lang='lat' dir='ltr'><strong>splendore</strong></span> <span class='ocrx_word' id='word_1_388' title='bbox 2438 2052 2730 2111; x_wconf 85' lang='lat' dir='ltr'><strong>gestorum.</strong></span> <span class='ocrx_word' id='word_1_389' title='bbox 2755 2040 2884 2107; x_wconf 66' lang='lat' dir='ltr'><strong>Quae</strong></span> <span class='ocrx_word' id='word_1_390' title='bbox 2912 2049 3037 2095; x_wconf 91' lang='lat' dir='ltr'><strong>sunt</strong></span> <span class='ocrx_word' id='word_1_391' title='bbox 3087 2050 3264 2094; x_wconf 90' lang='lat' dir='ltr'><strong>autem</strong></span> <span class='ocrx_word' id='word_1_392' title='bbox 3296 2041 3537 2095; x_wconf 64' lang='lat' dir='ltr'><strong>buccinae</strong></span> <span class='ocrx_word' id='word_1_393' title='bbox 3572 2054 3693 2095; x_wconf 86' lang='lat' dir='ltr'><strong>cor-</strong></span> 
     </span>
    </p>
   </div>
   <div class='ocr_carea' id='block_1_50' title="bbox 2116 2133 3691 2203">
    <p class='ocr_par' dir='ltr' id='par_1_50' title="bbox 2116 2133 3691 2203">
     <span class='ocr_line' id='line_1_50' title="bbox 2116 2133 3691 2203; baseline 0.001 -16"><span class='ocrx_word' id='word_1_394' title='bbox 2116 2147 2255 2200; x_wconf 66' lang='lat' dir='ltr'><strong>nete,</strong></span> <span class='ocrx_word' id='word_1_395' title='bbox 2286 2149 2351 2187; x_wconf 80' lang='lat' dir='ltr'><strong>ex</strong></span> <span class='ocrx_word' id='word_1_396' title='bbox 2386 2134 2583 2203; x_wconf 88' lang='lat' dir='ltr'><strong>quibus</strong></span> <span class='ocrx_word' id='word_1_397' title='bbox 2611 2135 2737 2187; x_wconf 90' lang='lat' dir='ltr'><strong>tuba</strong></span> <span class='ocrx_word' id='word_1_398' title='bbox 2774 2134 3013 2189; x_wconf 80' lang='lat' dir='ltr'><strong>canunt?</strong></span> <span class='ocrx_word' id='word_1_399' title='bbox 3046 2133 3146 2201; x_wconf 89' lang='lat' dir='ltr'><strong>Qui</strong></span> <span class='ocrx_word' id='word_1_400' title='bbox 3179 2134 3244 2189; x_wconf 88' lang='lat' dir='ltr'><strong>de</strong></span> <span class='ocrx_word' id='word_1_401' title='bbox 3270 2133 3584 2189; x_wconf 75' lang='lat' dir='ltr'><strong>etelestibus</strong></span> <span class='ocrx_word' id='word_1_402' title='bbox 3607 2134 3691 2188; x_wconf 86' lang='lat' dir='ltr'><strong>lo-</strong></span> 
     </span>
    </p>
   </div>
   <div class='ocr_carea' id='block_1_51' title="bbox 2113 2210 3695 2295">
    <p class='ocr_par' dir='ltr' id='par_1_51' title="bbox 2113 2210 3695 2295">
     <span class='ocr_line' id='line_1_51' title="bbox 2113 2210 3695 2295; baseline 0.002 -18"><span class='ocrx_word' id='word_1_403' title='bbox 2113 2224 2317 2293; x_wconf 84' lang='lat' dir='ltr'><strong>quitur,</strong></span> <span class='ocrx_word' id='word_1_404' title='bbox 2348 2224 2438 2294; x_wconf 85' lang='lat' dir='ltr'><strong>qui</strong></span> <span class='ocrx_word' id='word_1_405' title='bbox 2466 2225 2532 2279; x_wconf 91' lang='lat' dir='ltr'><strong>de</strong></span> <span class='ocrx_word' id='word_1_406' title='bbox 2556 2224 2891 2292; x_wconf 87' lang='lat' dir='ltr'><strong>spiritalibus</strong></span> <span class='ocrx_word' id='word_1_407' title='bbox 2912 2225 3157 2289; x_wconf 85' lang='lat' dir='ltr'><strong>disserit,</strong></span> <span class='ocrx_word' id='word_1_408' title='bbox 3192 2226 3285 2294; x_wconf 90' lang='lat' dir='ltr'><strong>qui</strong></span> <span class='ocrx_word' id='word_1_409' title='bbox 3316 2226 3572 2295; x_wconf 86' lang='lat' dir='ltr'><strong>mysteria</strong></span> <span class='ocrx_word' id='word_1_410' title='bbox 3605 2210 3695 2280; x_wconf 88' lang='lat' dir='ltr'><strong>re-</strong></span> 
     </span>
    </p>
   </div>
   <div class='ocr_carea' id='block_1_52' title="bbox 2114 2316 3689 2385">
    <p class='ocr_par' dir='ltr' id='par_1_52' title="bbox 2114 2316 3689 2385">
     <span class='ocr_line' id='line_1_52' title="bbox 2114 2316 3689 2385; baseline 0.003 -15"><span class='ocrx_word' id='word_1_411' title='bbox 2114 2317 2202 2385; x_wconf 88' lang='lat' dir='ltr'><strong>gni</strong></span> <span class='ocrx_word' id='word_1_412' title='bbox 2236 2316 2498 2370; x_wconf 66' lang='lat' dir='ltr'><strong>caelorum</strong></span> <span class='ocrx_word' id='word_1_413' title='bbox 2527 2316 2755 2384; x_wconf 82' lang='lat' dir='ltr'><strong>revelat,</strong></span> <span class='ocrx_word' id='word_1_414' title='bbox 2794 2318 2884 2372; x_wconf 90' lang='lat' dir='ltr'><strong>ille</strong></span> <span class='ocrx_word' id='word_1_415' title='bbox 2933 2318 3158 2372; x_wconf 85' lang='lat' dir='ltr'><strong>buccina</strong></span> <span class='ocrx_word' id='word_1_416' title='bbox 3205 2317 3472 2383; x_wconf 89' lang='lat' dir='ltr'><strong>concinit,</strong></span> <span class='ocrx_word' id='word_1_417' title='bbox 3502 2317 3591 2372; x_wconf 90' lang='lat' dir='ltr'><strong>ille</strong></span> <span class='ocrx_word' id='word_1_418' title='bbox 3622 2319 3689 2374; x_wconf 87' lang='lat' dir='ltr'><strong>de</strong></span> 
     </span>
    </p>
   </div>
   <div class='ocr_carea' id='block_1_53' title="bbox 2114 2406 3686 2478">
    <p class='ocr_par' dir='ltr' id='par_1_53' title="bbox 2114 2406 3686 2478">
     <span class='ocr_line' id='line_1_53' title="bbox 2114 2406 3686 2478; baseline 0.003 -19"><span class='ocrx_word' id='word_1_419' title='bbox 2114 2408 2240 2461; x_wconf 89' lang='lat' dir='ltr'><strong>tuba</strong></span> <span class='ocrx_word' id='word_1_420' title='bbox 2274 2406 2531 2476; x_wconf 88' lang='lat' dir='ltr'><strong>loquitur,</strong></span> <span class='ocrx_word' id='word_1_421' title='bbox 2567 2409 2656 2476; x_wconf 91' lang='lat' dir='ltr'><strong>qui</strong></span> <span class='ocrx_word' id='word_1_422' title='bbox 2683 2409 2749 2463; x_wconf 88' lang='lat' dir='ltr'><strong>de</strong></span> <span class='ocrx_word' id='word_1_423' title='bbox 2788 2410 2999 2478; x_wconf 83' lang='lat' dir='ltr'><strong>magnis</strong></span> <span class='ocrx_word' id='word_1_424' title='bbox 3037 2416 3091 2463; x_wconf 87' lang='lat' dir='ltr'><strong>et</strong></span> <span class='ocrx_word' id='word_1_425' title='bbox 3137 2408 3389 2463; x_wconf 81' lang='lat' dir='ltr'><strong>maximis</strong></span> <span class='ocrx_word' id='word_1_426' title='bbox 3424 2409 3686 2478; x_wconf 87' lang='lat' dir='ltr'><strong>loquitur,</strong></span> 
     </span>
    </p>
   </div>
   <div class='ocr_carea' id='block_1_54' title="bbox 2110 2496 3683 2568">
    <p class='ocr_par' dir='ltr' id='par_1_54' title="bbox 2110 2496 3683 2568">
     <span class='ocr_line' id='line_1_54' title="bbox 2110 2496 3683 2568; baseline 0.004 -20"><span class='ocrx_word' id='word_1_427' title='bbox 2110 2496 2201 2564; x_wconf 91' lang='lat' dir='ltr'><strong>qui</strong></span> <span class='ocrx_word' id='word_1_428' title='bbox 2233 2497 2519 2551; x_wconf 82' lang='lat' dir='ltr'><strong>scientiam</strong></span> <span class='ocrx_word' id='word_1_429' title='bbox 2553 2497 2757 2552; x_wconf 86' lang='lat' dir='ltr'><strong>Christi</strong></span> <span class='ocrx_word' id='word_1_430' title='bbox 2793 2499 3044 2552; x_wconf 85' lang='lat' dir='ltr'><strong>humanis</strong></span> <span class='ocrx_word' id='word_1_431' title='bbox 3068 2498 3290 2553; x_wconf 84' lang='lat' dir='ltr'><strong>auribus</strong></span> <span class='ocrx_word' id='word_1_432' title='bbox 3310 2499 3545 2568; x_wconf 84' lang='lat' dir='ltr'><strong>paudit..</strong></span> <span class='ocrx_word' id='word_1_433' title='bbox 3574 2502 3683 2556; x_wconf 81' lang='lat' dir='ltr'><strong>Sed</strong></span> 
     </span>
    </p>
   </div>
   <div class='ocr_carea' id='block_1_55' title="bbox 2111 2586 3684 2654">
    <p class='ocr_par' dir='ltr' id='par_1_55' title="bbox 2111 2586 3684 2654">
     <span class='ocr_line' id='line_1_55' title="bbox 2111 2586 3684 2654; baseline 0.004 -16"><span class='ocrx_word' id='word_1_434' title='bbox 2111 2600 2211 2639; x_wconf 91' lang='lat' dir='ltr'><strong>cur</strong></span> <span class='ocrx_word' id='word_1_435' title='bbox 2239 2594 2290 2640; x_wconf 93' lang='lat' dir='ltr'><strong>et</strong></span> <span class='ocrx_word' id='word_1_436' title='bbox 2320 2601 2518 2642; x_wconf 86' lang='lat' dir='ltr'><strong>cornea</strong></span> <span class='ocrx_word' id='word_1_437' title='bbox 2570 2587 2769 2642; x_wconf 89' lang='lat' dir='ltr'><strong>dicitur</strong></span> <span class='ocrx_word' id='word_1_438' title='bbox 2818 2588 3087 2642; x_wconf 81' lang='lat' dir='ltr'><strong>buccina?</strong></span> <span class='ocrx_word' id='word_1_439' title='bbox 3136 2586 3271 2654; x_wconf 90' lang='lat' dir='ltr'><strong>Quia</strong></span> <span class='ocrx_word' id='word_1_440' title='bbox 3299 2598 3348 2643; x_wconf 90' lang='lat' dir='ltr'><strong>et</strong></span> <span class='ocrx_word' id='word_1_441' title='bbox 3380 2589 3448 2644; x_wconf 88' lang='lat' dir='ltr'><strong>de</strong></span> <span class='ocrx_word' id='word_1_442' title='bbox 3491 2600 3684 2645; x_wconf 90' lang='lat' dir='ltr'><strong>sancto</strong></span> 
     </span>
    </p>
   </div>
   <div class='ocr_carea' id='block_1_56' title="bbox 2107 2675 3673 2751">
    <p class='ocr_par' dir='ltr' id='par_1_56' title="bbox 2107 2675 3673 2751">
     <span class='ocr_line' id='line_1_56' title="bbox 2107 2675 3673 2751; baseline 0.001 -19"><span class='ocrx_word' id='word_1_443' title='bbox 2107 2675 2307 2732; x_wconf 87' lang='lat' dir='ltr'><strong>dicitur</strong></span> <span class='ocrx_word' id='word_1_444' title='bbox 2328 2676 2422 2731; x_wconf 77' lang='lat' dir='ltr'><strong>&quot;z</strong></span> <span class='ocrx_word' id='word_1_445' title='bbox 2466 2697 2484 2730; x_wconf 74' lang='grc' dir='ltr'><strong>ι</strong></span> <span class='ocrx_word' id='word_1_446' title='bbox 2535 2677 2714 2733; x_wconf 90' lang='lat' dir='ltr'><strong>Cornu</strong></span> <span class='ocrx_word' id='word_1_447' title='bbox 2765 2677 2882 2746; x_wconf 87' lang='lat' dir='ltr'><strong>ejus</strong></span> <span class='ocrx_word' id='word_1_448' title='bbox 2925 2678 3255 2734; x_wconf 82' lang='lat' dir='ltr'><strong>exaltabilur</strong></span> <span class='ocrx_word' id='word_1_449' title='bbox 3303 2680 3356 2734; x_wconf 93' lang='lat' dir='ltr'><strong>in</strong></span> <span class='ocrx_word' id='word_1_450' title='bbox 3403 2681 3596 2751; x_wconf 88' lang='lat' dir='ltr'><strong>gloria.</strong></span> <span class='ocrx_word' id='word_1_451' title='bbox 3653 2699 3673 2734; x_wconf 79' lang='grc' dir='ltr'><strong>ι</strong></span> 
     </span>
    </p>
   </div>
   <div class='ocr_carea' id='block_1_57' title="bbox 2112 2768 3677 2840">
    <p class='ocr_par' dir='ltr' id='par_1_57' title="bbox 2112 2768 3677 2840">
     <span class='ocr_line' id='line_1_57' title="bbox 2112 2768 3677 2840; baseline 0.001 -14"><span class='ocrx_word' id='word_1_452' title='bbox 2112 2768 2266 2827; x_wconf 86' lang='lat' dir='ltr'><strong>Unde</strong></span> <span class='ocrx_word' id='word_1_453' title='bbox 2312 2780 2366 2825; x_wconf 92' lang='lat' dir='ltr'><strong>et</strong></span> <span class='ocrx_word' id='word_1_454' title='bbox 2409 2772 2832 2840; x_wconf 81' lang='lat' dir='ltr'><strong>uniuscujusque</strong></span> <span class='ocrx_word' id='word_1_455' title='bbox 2873 2770 3099 2823; x_wconf 88' lang='lat' dir='ltr'><strong>buccina</strong></span> <span class='ocrx_word' id='word_1_456' title='bbox 3138 2771 3335 2825; x_wconf 88' lang='lat' dir='ltr'><strong>dicitur</strong></span> <span class='ocrx_word' id='word_1_457' title='bbox 3361 2787 3591 2837; x_wconf 87' lang='lat' dir='ltr'><strong>cornea,</strong></span> <span class='ocrx_word' id='word_1_458' title='bbox 3623 2774 3677 2827; x_wconf 93' lang='lat' dir='ltr'><strong>in</strong></span> 
     </span>
    </p>
   </div>
   <div class='ocr_carea' id='block_1_58' title="bbox 2112 2867 3679 2939">
    <p class='ocr_par' dir='ltr' id='par_1_58' title="bbox 2112 2867 3679 2939">
     <span class='ocr_line' id='line_1_58' title="bbox 2112 2867 3679 2939; baseline 0.001 -15"><span class='ocrx_word' id='word_1_459' title='bbox 2112 2884 2177 2924; x_wconf 89' lang='lat' dir='ltr'><strong>eo</strong></span> <span class='ocrx_word' id='word_1_460' title='bbox 2224 2871 2367 2939; x_wconf 90' lang='lat' dir='ltr'><strong>quod</strong></span> <span class='ocrx_word' id='word_1_461' title='bbox 2416 2869 2767 2939; x_wconf 90' lang='lat' dir='ltr'><strong>multiplicem</strong></span> <span class='ocrx_word' id='word_1_462' title='bbox 2813 2868 3089 2922; x_wconf 89' lang='lat' dir='ltr'><strong>scientiam</strong></span> <span class='ocrx_word' id='word_1_463' title='bbox 3130 2867 3368 2933; x_wconf 89' lang='lat' dir='ltr'><strong>Christi,</strong></span> <span class='ocrx_word' id='word_1_464' title='bbox 3411 2879 3465 2924; x_wconf 87' lang='lat' dir='ltr'><strong>et</strong></span> <span class='ocrx_word' id='word_1_465' title='bbox 3502 2871 3679 2927; x_wconf 87' lang='lat' dir='ltr'><strong>crucis</strong></span> 
     </span>
    </p>
   </div>
   <div class='ocr_carea' id='block_1_59' title="bbox 2110 2962 3674 3037">
    <p class='ocr_par' dir='ltr' id='par_1_59' title="bbox 2110 2962 3674 3037">
     <span class='ocr_line' id='line_1_59' title="bbox 2110 2962 3674 3037; baseline 0.003 -17"><span class='ocrx_word' id='word_1_466' title='bbox 2110 2967 2246 3036; x_wconf 83' lang='lat' dir='ltr'><strong>ejus,</strong></span> <span class='ocrx_word' id='word_1_467' title='bbox 2285 2982 2404 3037; x_wconf 66' lang='lat' dir='ltr'><strong>quae</strong></span> <span class='ocrx_word' id='word_1_468' title='bbox 2435 2966 2489 3022; x_wconf 88' lang='lat' dir='ltr'><strong>in</strong></span> <span class='ocrx_word' id='word_1_469' title='bbox 2524 2980 2693 3024; x_wconf 91' lang='lat' dir='ltr'><strong>cornu</strong></span> <span class='ocrx_word' id='word_1_470' title='bbox 2721 2964 3049 3036; x_wconf 83' lang='lat' dir='ltr'><strong>designatur,</strong></span> <span class='ocrx_word' id='word_1_471' title='bbox 3080 2962 3295 3021; x_wconf 81' lang='lat' dir='ltr'><strong>disserit</strong></span> <span class='ocrx_word' id='word_1_472' title='bbox 3320 2978 3674 3025; x_wconf 84' lang='lat' dir='ltr'><strong>sacramenta.</strong></span> 
     </span>
    </p>
   </div>
   <div class='ocr_carea' id='block_1_60' title="bbox 2108 3060 3676 3133">
    <p class='ocr_par' dir='ltr' id='par_1_60' title="bbox 2108 3060 3676 3133">
     <span class='ocr_line' id='line_1_60' title="bbox 2108 3060 3676 3133; baseline 0 -16"><span class='ocrx_word' id='word_1_473' title='bbox 2108 3062 2244 3117; x_wconf 91' lang='lat' dir='ltr'><strong>Cum</strong></span> <span class='ocrx_word' id='word_1_474' title='bbox 2285 3064 2387 3117; x_wconf 89' lang='lat' dir='ltr'><strong>hac</strong></span> <span class='ocrx_word' id='word_1_475' title='bbox 2410 3078 2559 3131; x_wconf 86' lang='lat' dir='ltr'><strong>ergo</strong></span> <span class='ocrx_word' id='word_1_476' title='bbox 2586 3061 2814 3117; x_wconf 88' lang='lat' dir='ltr'><strong>buccina</strong></span> <span class='ocrx_word' id='word_1_477' title='bbox 2850 3060 3164 3123; x_wconf 85' lang='lat' dir='ltr'><strong>militantes,</strong></span> <span class='ocrx_word' id='word_1_478' title='bbox 3197 3069 3253 3114; x_wconf 91' lang='lat' dir='ltr'><strong>et</strong></span> <span class='ocrx_word' id='word_1_479' title='bbox 3283 3074 3404 3115; x_wconf 91' lang='lat' dir='ltr'><strong>cum</strong></span> <span class='ocrx_word' id='word_1_480' title='bbox 3440 3062 3539 3116; x_wconf 91' lang='lat' dir='ltr'><strong>hac</strong></span> <span class='ocrx_word' id='word_1_481' title='bbox 3572 3079 3676 3133; x_wconf 84' lang='lat' dir='ltr'><strong>pu-</strong></span> 
     </span>
    </p>
   </div>
   <div class='ocr_carea' id='block_1_61' title="bbox 424 3132 3674 3233">
    <p class='ocr_par' dir='ltr' id='par_1_61' title="bbox 424 3132 3674 3233">
     <span class='ocr_line' id='line_1_61' title="bbox 424 3132 3674 3233; baseline 0.006 -50"><span class='ocrx_word' id='word_1_482' title='bbox 424 3144 486 3183; x_wconf 87' lang='lat' dir='ltr'><strong>ra</strong></span> <span class='ocrx_word' id='word_1_483' title='bbox 521 3132 725 3198; x_wconf 84' lang='lat' dir='ltr'><strong>posuit,</strong></span> <span class='ocrx_word' id='word_1_484' title='bbox 780 3134 997 3189; x_wconf 90' lang='lat' dir='ltr'><strong>videtur</strong></span> <span class='ocrx_word' id='word_1_485' title='bbox 1042 3136 1173 3190; x_wconf 89' lang='lat' dir='ltr'><strong>mihi</strong></span> <span class='ocrx_word' id='word_1_486' title='bbox 1215 3136 1356 3193; x_wconf 90' lang='lat' dir='ltr'><strong>istud</strong></span> <span class='ocrx_word' id='word_1_487' title='bbox 1405 3141 1609 3194; x_wconf 89' lang='lat' dir='ltr'><strong>animal</strong></span> <span class='ocrx_word' id='word_1_488' title='bbox 1664 3142 1767 3198; x_wconf 89' lang='lat' dir='ltr'><strong>hoc</strong></span> <span class='ocrx_word' id='word_1_489' title='bbox 1799 3145 1851 3198; x_wconf 92' lang='lat' dir='ltr'><strong>in</strong></span> <span class='ocrx_word' id='word_1_490' title='bbox 1881 3144 2002 3199; x_wconf 87' lang='lat' dir='ltr'><strong>loco</strong></span> <span class='ocrx_word' id='word_1_491' title='bbox 2033 3175 2077 3233; x_wconf 66' lang='grc' dir='ltr'>ρ</span> <span class='ocrx_word' id='word_1_492' title='bbox 2109 3160 2361 3219; x_wconf 87' lang='lat' dir='ltr'><strong>gnantes,</strong></span> <span class='ocrx_word' id='word_1_493' title='bbox 2398 3153 2665 3206; x_wconf 85' lang='lat' dir='ltr'><strong>vincimus</strong></span> <span class='ocrx_word' id='word_1_494' title='bbox 2696 3154 3048 3222; x_wconf 76' lang='lat' dir='ltr'><strong>alienigenas,</strong></span> <span class='ocrx_word' id='word_1_495' title='bbox 3076 3163 3130 3207; x_wconf 92' lang='lat' dir='ltr'><strong>et</strong></span> <span class='ocrx_word' id='word_1_496' title='bbox 3165 3152 3345 3206; x_wconf 87' lang='lat' dir='ltr'><strong>hostes</strong></span> <span class='ocrx_word' id='word_1_497' title='bbox 3390 3152 3444 3204; x_wconf 92' lang='lat' dir='ltr'><strong>in</strong></span> <span class='ocrx_word' id='word_1_498' title='bbox 3492 3150 3674 3220; x_wconf 76' lang='lat' dir='ltr'><strong>fugam</strong></span> 
     </span>
    </p>
   </div>
   <div class='ocr_carea' id='block_1_62' title="bbox 427 3226 1999 3299">
    <p class='ocr_par' dir='ltr' id='par_1_62' title="bbox 427 3226 1999 3299">
     <span class='ocr_line' id='line_1_62' title="bbox 427 3226 1999 3299; baseline 0.011 -28"><span class='ocrx_word' id='word_1_499' title='bbox 427 3229 709 3289; x_wconf 90' lang='lat' dir='ltr'><strong>propterea</strong></span> <span class='ocrx_word' id='word_1_500' title='bbox 758 3226 1117 3293; x_wconf 91' lang='lat' dir='ltr'><strong>nominatum,</strong></span> <span class='ocrx_word' id='word_1_501' title='bbox 1164 3228 1309 3298; x_wconf 90' lang='lat' dir='ltr'><strong>quod</strong></span> <span class='ocrx_word' id='word_1_502' title='bbox 1352 3244 1515 3299; x_wconf 88' lang='lat' dir='ltr'><strong>super</strong></span> <span class='ocrx_word' id='word_1_503' title='bbox 1564 3234 1748 3287; x_wconf 91' lang='lat' dir='ltr'><strong>omnia</strong></span> <span class='ocrx_word' id='word_1_504' title='bbox 1800 3244 1999 3290; x_wconf 66' lang='lat' dir='ltr'><strong>caztera</strong></span> 
     </span>
    </p>
   </div>
   <div class='ocr_carea' id='block_1_63' title="bbox 422 3312 1993 3393">
    <p class='ocr_par' dir='ltr' id='par_1_63' title="bbox 422 3312 1993 3393">
     <span class='ocr_line' id='line_1_63' title="bbox 422 3312 1993 3393; baseline 0.012 -30"><span class='ocrx_word' id='word_1_505' title='bbox 422 3312 674 3367; x_wconf 81' lang='lat' dir='ltr'><strong>animalia</strong></span> <span class='ocrx_word' id='word_1_506' title='bbox 707 3330 949 3371; x_wconf 89' lang='lat' dir='ltr'><strong>amorem</strong></span> <span class='ocrx_word' id='word_1_507' title='bbox 1002 3320 1201 3374; x_wconf 90' lang='lat' dir='ltr'><strong>dicitur</strong></span> <span class='ocrx_word' id='word_1_508' title='bbox 1244 3324 1448 3392; x_wconf 88' lang='lat' dir='ltr'><strong>proprii</strong></span> <span class='ocrx_word' id='word_1_509' title='bbox 1495 3324 1701 3379; x_wconf 89' lang='lat' dir='ltr'><strong>domini</strong></span> <span class='ocrx_word' id='word_1_510' title='bbox 1754 3342 1993 3393; x_wconf 82' lang='lat' dir='ltr'><strong>servare,</strong></span> 
     </span>
    </p>
   </div>
   <div class='ocr_carea' id='block_1_64' title="bbox 424 3410 1994 3479">
    <p class='ocr_par' dir='ltr' id='par_1_64' title="bbox 424 3410 1994 3479">
     <span class='ocr_line' id='line_1_64' title="bbox 424 3410 1994 3479; baseline 0.012 -25"><span class='ocrx_word' id='word_1_511' title='bbox 424 3416 523 3457; x_wconf 89' lang='lat' dir='ltr'><strong>nec</strong></span> <span class='ocrx_word' id='word_1_512' title='bbox 552 3414 810 3473; x_wconf 89' lang='lat' dir='ltr'><strong>tempore,</strong></span> <span class='ocrx_word' id='word_1_513' title='bbox 840 3422 939 3462; x_wconf 90' lang='lat' dir='ltr'><strong>nec</strong></span> <span class='ocrx_word' id='word_1_514' title='bbox 963 3410 1176 3479; x_wconf 86' lang='lat' dir='ltr'><strong>injuriis</strong></span> <span class='ocrx_word' id='word_1_515' title='bbox 1198 3413 1504 3469; x_wconf 88' lang='lat' dir='ltr'><strong>oblitterari</strong></span> <span class='ocrx_word' id='word_1_516' title='bbox 1532 3417 1584 3469; x_wconf 93' lang='lat' dir='ltr'><strong>in</strong></span> <span class='ocrx_word' id='word_1_517' title='bbox 1614 3430 1678 3471; x_wconf 87' lang='lat' dir='ltr'><strong>eo</strong></span> <span class='ocrx_word' id='word_1_518' title='bbox 1710 3416 1885 3472; x_wconf 79' lang='lat' dir='ltr'><strong>fertur</strong></span> <span class='ocrx_word' id='word_1_519' title='bbox 1911 3420 1994 3473; x_wconf 58' lang='lat' dir='ltr'><strong>at.</strong></span> 
     </span>
    </p>
   </div>
   <div class='ocr_carea' id='block_1_65' title="bbox 420 3492 1999 3581">
    <p class='ocr_par' dir='ltr' id='par_1_65' title="bbox 420 3492 1999 3581">
     <span class='ocr_line' id='line_1_65' title="bbox 420 3492 1999 3581; baseline 0.013 -36"><span class='ocrx_word' id='word_1_520' title='bbox 420 3492 617 3551; x_wconf 77' lang='lat' dir='ltr'><strong>fectus.</strong></span> <span class='ocrx_word' id='word_1_521' title='bbox 666 3496 918 3552; x_wconf 87' lang='lat' dir='ltr'><strong>Trecenti</strong></span> <span class='ocrx_word' id='word_1_522' title='bbox 965 3516 1096 3570; x_wconf 89' lang='lat' dir='ltr'><strong>ergo</strong></span> <span class='ocrx_word' id='word_1_523' title='bbox 1140 3503 1267 3568; x_wconf 87' lang='lat' dir='ltr'><strong>soli,</strong></span> <span class='ocrx_word' id='word_1_524' title='bbox 1311 3506 1404 3573; x_wconf 91' lang='lat' dir='ltr'><strong>qui</strong></span> <span class='ocrx_word' id='word_1_525' title='bbox 1445 3509 1776 3563; x_wconf 87' lang='lat' dir='ltr'><strong>sacramenti</strong></span> <span class='ocrx_word' id='word_1_526' title='bbox 1837 3511 1999 3581; x_wconf 88' lang='lat' dir='ltr'><strong>hujus</strong></span> 
     </span>
    </p>
   </div>
   <div class='ocr_carea' id='block_1_66' title="bbox 422 3586 1992 3672">
    <p class='ocr_par' dir='ltr' id='par_1_66' title="bbox 422 3586 1992 3672">
     <span class='ocr_line' id='line_1_66' title="bbox 422 3586 1992 3672; baseline 0.013 -33"><span class='ocrx_word' id='word_1_527' title='bbox 422 3586 711 3656; x_wconf 80' lang='lat' dir='ltr'><strong>imaginem</strong></span> <span class='ocrx_word' id='word_1_528' title='bbox 762 3591 1204 3662; x_wconf 74' lang='lat' dir='ltr'><strong>praeformabant,</strong></span> <span class='ocrx_word' id='word_1_529' title='bbox 1265 3598 1351 3653; x_wconf 89' lang='lat' dir='ltr'><strong>isti</strong></span> <span class='ocrx_word' id='word_1_530' title='bbox 1404 3598 1589 3664; x_wconf 88' lang='lat' dir='ltr'><strong>electi,</strong></span> <span class='ocrx_word' id='word_1_531' title='bbox 1643 3600 1730 3654; x_wconf 91' lang='lat' dir='ltr'><strong>isti</strong></span> <span class='ocrx_word' id='word_1_532' title='bbox 1758 3604 1992 3672; x_wconf 89' lang='lat' dir='ltr'><strong>probati,</strong></span> 
     </span>
    </p>
   </div>
   <div class='ocr_carea' id='block_1_67' title="bbox 423 3676 1992 3762">
    <p class='ocr_par' dir='ltr' id='par_1_67' title="bbox 423 3676 1992 3762">
     <span class='ocr_line' id='line_1_67' title="bbox 423 3676 1992 3762; baseline 0.013 -32"><span class='ocrx_word' id='word_1_533' title='bbox 423 3676 510 3731; x_wconf 87' lang='lat' dir='ltr'><strong>isti</strong></span> <span class='ocrx_word' id='word_1_534' title='bbox 558 3680 623 3733; x_wconf 92' lang='lat' dir='ltr'><strong>ad</strong></span> <span class='ocrx_word' id='word_1_535' title='bbox 666 3683 945 3737; x_wconf 87' lang='lat' dir='ltr'><strong>victoriam</strong></span> <span class='ocrx_word' id='word_1_536' title='bbox 1002 3690 1331 3755; x_wconf 87' lang='lat' dir='ltr'><strong>consecrati,</strong></span> <span class='ocrx_word' id='word_1_537' title='bbox 1373 3692 1461 3759; x_wconf 90' lang='lat' dir='ltr'><strong>qui</strong></span> <span class='ocrx_word' id='word_1_538' title='bbox 1509 3707 1575 3745; x_wconf 78' lang='lat' dir='ltr'><strong>ex</strong></span> <span class='ocrx_word' id='word_1_539' title='bbox 1620 3692 1737 3762; x_wconf 89' lang='lat' dir='ltr'><strong>ipso</strong></span> <span class='ocrx_word' id='word_1_540' title='bbox 1783 3697 1992 3750; x_wconf 90' lang='lat' dir='ltr'><strong>numeri</strong></span> 
     </span>
    </p>
   </div>
   <div class='ocr_carea' id='block_1_68' title="bbox 423 3772 1991 3848">
    <p class='ocr_par' dir='ltr' id='par_1_68' title="bbox 423 3772 1991 3848">
     <span class='ocr_line' id='line_1_68' title="bbox 423 3772 1991 3848; baseline 0.015 -30"><span class='ocrx_word' id='word_1_541' title='bbox 423 3779 766 3823; x_wconf 87' lang='lat' dir='ltr'><strong>sacramento</strong></span> <span class='ocrx_word' id='word_1_542' title='bbox 790 3772 1040 3829; x_wconf 88' lang='lat' dir='ltr'><strong>obtinere</strong></span> <span class='ocrx_word' id='word_1_543' title='bbox 1068 3778 1412 3833; x_wconf 86' lang='lat' dir='ltr'><strong>adversarios</strong></span> <span class='ocrx_word' id='word_1_544' title='bbox 1437 3791 1685 3848; x_wconf 86' lang='lat' dir='ltr'><strong>possunt.</strong></span> <span class='ocrx_word' id='word_1_545' title='bbox 1738 3783 1991 3841; x_wconf 84' lang='lat' dir='ltr'><strong>Trecenti</strong></span> 
     </span>
    </p>
   </div>
   <div class='ocr_carea' id='block_1_69' title="bbox 421 3857 1994 3942">
    <p class='ocr_par' dir='ltr' id='par_1_69' title="bbox 421 3857 1994 3942">
     <span class='ocr_line' id='line_1_69' title="bbox 421 3857 1994 3942; baseline 0.013 -34"><span class='ocrx_word' id='word_1_546' title='bbox 421 3857 620 3911; x_wconf 84' lang='lat' dir='ltr'><strong>etenim</strong></span> <span class='ocrx_word' id='word_1_547' title='bbox 664 3870 812 3922; x_wconf 88' lang='lat' dir='ltr'><strong>sunt,</strong></span> <span class='ocrx_word' id='word_1_548' title='bbox 859 3865 950 3929; x_wconf 88' lang='lat' dir='ltr'><strong>qui</strong></span> <span class='ocrx_word' id='word_1_549' title='bbox 996 3866 1157 3920; x_wconf 91' lang='lat' dir='ltr'><strong>tertio</strong></span> <span class='ocrx_word' id='word_1_550' title='bbox 1210 3877 1441 3924; x_wconf 85' lang='lat' dir='ltr'><strong>centena</strong></span> <span class='ocrx_word' id='word_1_551' title='bbox 1494 3872 1882 3942; x_wconf 82' lang='lat' dir='ltr'><strong>multiplicant,</strong></span> <span class='ocrx_word' id='word_1_552' title='bbox 1938 3884 1994 3931; x_wconf 92' lang='lat' dir='ltr'><strong>et</strong></span> 
     </span>
    </p>
   </div>
   <div class='ocr_carea' id='block_1_70' title="bbox 418 3947 1996 4034">
    <p class='ocr_par' dir='ltr' id='par_1_70' title="bbox 418 3947 1996 4034">
     <span class='ocr_line' id='line_1_70' title="bbox 418 3947 1996 4034; baseline 0.016 -37"><span class='ocrx_word' id='word_1_553' title='bbox 418 3947 668 4014; x_wconf 69' lang='lat' dir='ltr'><strong>perfecta:</strong></span> <span class='ocrx_word' id='word_1_554' title='bbox 696 3949 977 4009; x_wconf 84' lang='lat' dir='ltr'><strong>Trinitatis</strong></span> <span class='ocrx_word' id='word_1_555' title='bbox 1005 3972 1288 4012; x_wconf 89' lang='lat' dir='ltr'><strong>numerum</strong></span> <span class='ocrx_word' id='word_1_556' title='bbox 1316 3957 1517 4029; x_wconf 75' lang='lat' dir='ltr'><strong>ferunt,</strong></span> <span class='ocrx_word' id='word_1_557' title='bbox 1541 3964 1641 4019; x_wconf 88' lang='lat' dir='ltr'><strong>sub</strong></span> <span class='ocrx_word' id='word_1_558' title='bbox 1663 3980 1773 4034; x_wconf 86' lang='lat' dir='ltr'><strong>quo</strong></span> <span class='ocrx_word' id='word_1_559' title='bbox 1807 3981 1996 4022; x_wconf 83' lang='lat' dir='ltr'><strong>nume-</strong></span> 
     </span>
    </p>
   </div>
   <div class='ocr_carea' id='block_1_71' title="bbox 415 4041 1994 4126">
    <p class='ocr_par' dir='ltr' id='par_1_71' title="bbox 415 4041 1994 4126">
     <span class='ocr_line' id='line_1_71' title="bbox 415 4041 1994 4126; baseline 0.015 -37"><span class='ocrx_word' id='word_1_560' title='bbox 415 4051 478 4091; x_wconf 90' lang='lat' dir='ltr'><strong>ro</strong></span> <span class='ocrx_word' id='word_1_561' title='bbox 504 4045 683 4097; x_wconf 79' lang='lat' dir='ltr'><strong>omnis</strong></span> <span class='ocrx_word' id='word_1_562' title='bbox 711 4041 912 4099; x_wconf 73' lang='lat' dir='ltr'><strong>Christi</strong></span> <span class='ocrx_word' id='word_1_563' title='bbox 947 4058 1204 4103; x_wconf 86' lang='lat' dir='ltr'><strong>censetur</strong></span> <span class='ocrx_word' id='word_1_564' title='bbox 1246 4054 1540 4107; x_wconf 80' lang='lat' dir='ltr'><strong>exercitus.</strong></span> <span class='ocrx_word' id='word_1_565' title='bbox 1592 4053 1649 4113; x_wconf 86' lang='lat' dir='ltr'><strong>In</strong></span> <span class='ocrx_word' id='word_1_566' title='bbox 1696 4070 1806 4125; x_wconf 89' lang='lat' dir='ltr'><strong>quo</strong></span> <span class='ocrx_word' id='word_1_567' title='bbox 1836 4066 1994 4126; x_wconf 89' lang='lat' dir='ltr'><strong>opta-</strong></span> 
     </span>
    </p>
   </div>
   <div class='ocr_carea' id='block_1_72' title="bbox 1043 4223 1366 4238">
    <p class='ocr_par' dir='ltr' id='par_1_72' title="bbox 1043 4223 1366 4238">
     <span class='ocr_line' id='line_1_72' title="bbox 1043 4223 1366 4238; baseline 0.019 -5"><span class='ocrx_word' id='word_1_568' title='bbox 1043 4223 1366 4238; x_wconf 44' lang='lat' dir='ltr'><strong>ﬁ</strong></span> 
     </span>
    </p>
   </div>
   <div class='ocr_carea' id='block_1_73' title="bbox 1036 4370 1363 4459">
    <p class='ocr_par' dir='ltr' id='par_1_73' title="bbox 1036 4370 1363 4459">
     <span class='ocr_line' id='line_1_73' title="bbox 1036 4370 1363 4459; baseline 0.009 -7"><span class='ocrx_word' id='word_1_569' title='bbox 1036 4370 1363 4459; x_wconf 71' lang='grc' dir='ltr'>ΡΟΥΘ.</span> 
     </span>
    </p>
   </div>
   <div class='ocr_carea' id='block_1_74' title="bbox 2108 3240 3677 3307">
    <p class='ocr_par' dir='ltr' id='par_1_74' title="bbox 2108 3240 3677 3307">
     <span class='ocr_line' id='line_1_74' title="bbox 2108 3240 3677 3307; baseline 0.002 -15"><span class='ocrx_word' id='word_1_570' title='bbox 2108 3241 2388 3307; x_wconf 85' lang='lat' dir='ltr'><strong>vertimus,</strong></span> <span class='ocrx_word' id='word_1_571' title='bbox 2427 3240 2638 3296; x_wconf 89' lang='lat' dir='ltr'><strong>etiamsi</strong></span> <span class='ocrx_word' id='word_1_572' title='bbox 2663 3242 2829 3297; x_wconf 76' lang='lat' dir='ltr'><strong>fuerit</strong></span> <span class='ocrx_word' id='word_1_573' title='bbox 2860 3243 3147 3298; x_wconf 90' lang='lat' dir='ltr'><strong>multitudo</strong></span> <span class='ocrx_word' id='word_1_574' title='bbox 3195 3257 3382 3297; x_wconf 89' lang='lat' dir='ltr'><strong>eorum</strong></span> <span class='ocrx_word' id='word_1_575' title='bbox 3429 3241 3567 3295; x_wconf 90' lang='lat' dir='ltr'><strong>sicut</strong></span> <span class='ocrx_word' id='word_1_576' title='bbox 3600 3241 3677 3295; x_wconf 89' lang='lat' dir='ltr'><strong>lo-</strong></span> 
     </span>
    </p>
   </div>
   <div class='ocr_carea' id='block_1_75' title="bbox 2108 3331 3677 3404">
    <p class='ocr_par' dir='ltr' id='par_1_75' title="bbox 2108 3331 3677 3404">
     <span class='ocr_line' id='line_1_75' title="bbox 2108 3331 3677 3404; baseline -0.001 -18"><span class='ocrx_word' id='word_1_577' title='bbox 2108 3340 2296 3386; x_wconf 64' lang='lat' dir='ltr'><strong>custae.</strong></span> <span class='ocrx_word' id='word_1_578' title='bbox 2324 3331 2577 3388; x_wconf 88' lang='lat' dir='ltr'><strong>Locustis</strong></span> <span class='ocrx_word' id='word_1_579' title='bbox 2599 3334 2742 3387; x_wconf 89' lang='lat' dir='ltr'><strong>enim</strong></span> <span class='ocrx_word' id='word_1_580' title='bbox 2767 3344 3078 3404; x_wconf 84' lang='lat' dir='ltr'><strong>comparata</strong></span> <span class='ocrx_word' id='word_1_581' title='bbox 3107 3344 3188 3388; x_wconf 87' lang='lat' dir='ltr'><strong>est</strong></span> <span class='ocrx_word' id='word_1_582' title='bbox 3211 3335 3513 3388; x_wconf 60' lang='lat' dir='ltr'><strong>dasmonum</strong></span> <span class='ocrx_word' id='word_1_583' title='bbox 3540 3332 3677 3386; x_wconf 89' lang='lat' dir='ltr'><strong>mul-</strong></span> 
     </span>
    </p>
   </div>
   <div class='ocr_carea' id='block_1_76' title="bbox 2108 3421 3677 3493">
    <p class='ocr_par' dir='ltr' id='par_1_76' title="bbox 2108 3421 3677 3493">
     <span class='ocr_line' id='line_1_76' title="bbox 2108 3421 3677 3493; baseline 0 -18"><span class='ocrx_word' id='word_1_584' title='bbox 2108 3421 2300 3485; x_wconf 90' lang='lat' dir='ltr'><strong>titudo,</strong></span> <span class='ocrx_word' id='word_1_585' title='bbox 2332 3422 2527 3490; x_wconf 90' lang='lat' dir='ltr'><strong>quibus</strong></span> <span class='ocrx_word' id='word_1_586' title='bbox 2560 3438 2731 3492; x_wconf 82' lang='lat' dir='ltr'><strong>neque</strong></span> <span class='ocrx_word' id='word_1_587' title='bbox 2765 3423 2817 3477; x_wconf 92' lang='lat' dir='ltr'><strong>in</strong></span> <span class='ocrx_word' id='word_1_588' title='bbox 2854 3424 3017 3493; x_wconf 76' lang='lat' dir='ltr'><strong>ctelo,</strong></span> <span class='ocrx_word' id='word_1_589' title='bbox 3072 3439 3246 3492; x_wconf 89' lang='lat' dir='ltr'><strong>neque</strong></span> <span class='ocrx_word' id='word_1_590' title='bbox 3296 3423 3348 3476; x_wconf 93' lang='lat' dir='ltr'><strong>in</strong></span> <span class='ocrx_word' id='word_1_591' title='bbox 3385 3423 3546 3478; x_wconf 91' lang='lat' dir='ltr'><strong>terris</strong></span> <span class='ocrx_word' id='word_1_592' title='bbox 3594 3432 3677 3475; x_wconf 89' lang='lat' dir='ltr'><strong>est</strong></span> 
     </span>
    </p>
   </div>
   <div class='ocr_carea' id='block_1_77' title="bbox 2104 3511 3673 3586">
    <p class='ocr_par' dir='ltr' id='par_1_77' title="bbox 2104 3511 3673 3586">
     <span class='ocr_line' id='line_1_77' title="bbox 2104 3511 3673 3586; baseline -0.003 -17"><span class='ocrx_word' id='word_1_593' title='bbox 2104 3511 2279 3569; x_wconf 81' lang='lat' dir='ltr'><strong>sedes.</strong></span> <span class='ocrx_word' id='word_1_594' title='bbox 2314 3512 2588 3569; x_wconf 66' lang='lat' dir='ltr'><strong>Praecedat</strong></span> <span class='ocrx_word' id='word_1_595' title='bbox 2618 3530 2748 3586; x_wconf 88' lang='lat' dir='ltr'><strong>ergo</strong></span> <span class='ocrx_word' id='word_1_596' title='bbox 2776 3525 2830 3569; x_wconf 83' lang='lat' dir='ltr'><strong>et</strong></span> <span class='ocrx_word' id='word_1_597' title='bbox 2859 3531 2958 3571; x_wconf 89' lang='lat' dir='ltr'><strong>nos</strong></span> <span class='ocrx_word' id='word_1_598' title='bbox 2983 3516 3085 3570; x_wconf 91' lang='lat' dir='ltr'><strong>hoc</strong></span> <span class='ocrx_word' id='word_1_599' title='bbox 3134 3514 3274 3568; x_wconf 79' lang='lat' dir='ltr'><strong>bello</strong></span> <span class='ocrx_word' id='word_1_600' title='bbox 3302 3528 3522 3585; x_wconf 87' lang='lat' dir='ltr'><strong>operum</strong></span> <span class='ocrx_word' id='word_1_601' title='bbox 3555 3512 3673 3578; x_wconf 74' lang='lat' dir='ltr'><strong>lux,</strong></span> 
     </span>
    </p>
   </div>
   <div class='ocr_carea' id='block_1_78' title="bbox 2104 3602 3674 3675">
    <p class='ocr_par' dir='ltr' id='par_1_78' title="bbox 2104 3602 3674 3675">
     <span class='ocr_line' id='line_1_78' title="bbox 2104 3602 3674 3675; baseline 0.001 -18"><span class='ocrx_word' id='word_1_602' title='bbox 2104 3602 2347 3657; x_wconf 75' lang='lat' dir='ltr'><strong>scientia:</strong></span> <span class='ocrx_word' id='word_1_603' title='bbox 2377 3604 2567 3670; x_wconf 89' lang='lat' dir='ltr'><strong>virtus,</strong></span> <span class='ocrx_word' id='word_1_604' title='bbox 2603 3607 2768 3661; x_wconf 89' lang='lat' dir='ltr'><strong>divini</strong></span> <span class='ocrx_word' id='word_1_605' title='bbox 2798 3606 2948 3660; x_wconf 90' lang='lat' dir='ltr'><strong>verbi</strong></span> <span class='ocrx_word' id='word_1_606' title='bbox 2998 3606 3326 3675; x_wconf 64' lang='lat' dir='ltr'><strong>praedicatio.</strong></span> <span class='ocrx_word' id='word_1_607' title='bbox 3367 3604 3674 3674; x_wconf 85' lang='lat' dir='ltr'><strong>Pugnemus</strong></span> 
     </span>
    </p>
   </div>
   <div class='ocr_carea' id='block_1_79' title="bbox 2103 3695 3673 3767">
    <p class='ocr_par' dir='ltr' id='par_1_79' title="bbox 2103 3695 3673 3767">
     <span class='ocr_line' id='line_1_79' title="bbox 2103 3695 3673 3767; baseline -0.002 -16"><span class='ocrx_word' id='word_1_608' title='bbox 2103 3704 2159 3751; x_wconf 89' lang='lat' dir='ltr'><strong>et</strong></span> <span class='ocrx_word' id='word_1_609' title='bbox 2192 3711 2290 3751; x_wconf 89' lang='lat' dir='ltr'><strong>nos</strong></span> <span class='ocrx_word' id='word_1_610' title='bbox 2315 3697 2367 3750; x_wconf 90' lang='lat' dir='ltr'><strong>in</strong></span> <span class='ocrx_word' id='word_1_611' title='bbox 2404 3696 2620 3767; x_wconf 87' lang='lat' dir='ltr'><strong>hymnis</strong></span> <span class='ocrx_word' id='word_1_612' title='bbox 2648 3708 2701 3752; x_wconf 93' lang='lat' dir='ltr'><strong>et</strong></span> <span class='ocrx_word' id='word_1_613' title='bbox 2729 3697 2951 3767; x_wconf 89' lang='lat' dir='ltr'><strong>psalmis</strong></span> <span class='ocrx_word' id='word_1_614' title='bbox 2997 3703 3052 3749; x_wconf 89' lang='lat' dir='ltr'><strong>et</strong></span> <span class='ocrx_word' id='word_1_615' title='bbox 3080 3696 3307 3751; x_wconf 90' lang='lat' dir='ltr'><strong>canticis</strong></span> <span class='ocrx_word' id='word_1_616' title='bbox 3339 3695 3673 3764; x_wconf 86' lang='lat' dir='ltr'><strong>spiritalibus</strong></span> 
     </span>
    </p>
   </div>
   <div class='ocr_carea' id='block_1_80' title="bbox 2101 3788 3674 3855">
    <p class='ocr_par' dir='ltr' id='par_1_80' title="bbox 2101 3788 3674 3855">
     <span class='ocr_line' id='line_1_80' title="bbox 2101 3788 3674 3855; baseline -0.001 -12"><span class='ocrx_word' id='word_1_617' title='bbox 2101 3789 2454 3844; x_wconf 89' lang='lat' dir='ltr'><strong>concinentes</strong></span> <span class='ocrx_word' id='word_1_618' title='bbox 2500 3800 2555 3844; x_wconf 89' lang='lat' dir='ltr'><strong>et</strong></span> <span class='ocrx_word' id='word_1_619' title='bbox 2588 3790 2889 3844; x_wconf 89' lang='lat' dir='ltr'><strong>clamantes</strong></span> <span class='ocrx_word' id='word_1_620' title='bbox 2920 3789 2987 3842; x_wconf 91' lang='lat' dir='ltr'><strong>ad</strong></span> <span class='ocrx_word' id='word_1_621' title='bbox 3016 3788 3205 3853; x_wconf 90' lang='lat' dir='ltr'><strong>Deum,</strong></span> <span class='ocrx_word' id='word_1_622' title='bbox 3263 3797 3319 3842; x_wconf 88' lang='lat' dir='ltr'><strong>ut</strong></span> <span class='ocrx_word' id='word_1_623' title='bbox 3352 3789 3419 3841; x_wconf 89' lang='lat' dir='ltr'><strong>ab</strong></span> <span class='ocrx_word' id='word_1_624' title='bbox 3445 3788 3562 3855; x_wconf 88' lang='lat' dir='ltr'><strong>ipso</strong></span> <span class='ocrx_word' id='word_1_625' title='bbox 3594 3788 3674 3842; x_wconf 88' lang='lat' dir='ltr'><strong>vi—</strong></span> 
     </span>
    </p>
   </div>
   <div class='ocr_carea' id='block_1_81' title="bbox 2102 3874 3672 3947">
    <p class='ocr_par' dir='ltr' id='par_1_81' title="bbox 2102 3874 3672 3947">
     <span class='ocr_line' id='line_1_81' title="bbox 2102 3874 3672 3947; baseline -0.003 -15"><span class='ocrx_word' id='word_1_626' title='bbox 2102 3878 2331 3933; x_wconf 84' lang='lat' dir='ltr'><strong>ctoriam</strong></span> <span class='ocrx_word' id='word_1_627' title='bbox 2362 3879 2620 3947; x_wconf 79' lang='lat' dir='ltr'><strong>consequi</strong></span> <span class='ocrx_word' id='word_1_628' title='bbox 2657 3892 2964 3939; x_wconf 87' lang='lat' dir='ltr'><strong>mereamur</strong></span> <span class='ocrx_word' id='word_1_629' title='bbox 3004 3876 3058 3931; x_wconf 86' lang='lat' dir='ltr'><strong>iu</strong></span> <span class='ocrx_word' id='word_1_630' title='bbox 3086 3877 3302 3935; x_wconf 82' lang='lat' dir='ltr'><strong>Christo</strong></span> <span class='ocrx_word' id='word_1_631' title='bbox 3325 3874 3451 3932; x_wconf 78' lang='lat' dir='ltr'><strong>Jesu</strong></span> <span class='ocrx_word' id='word_1_632' title='bbox 3487 3875 3672 3929; x_wconf 86' lang='lat' dir='ltr'><strong>Domi-</strong></span> 
     </span>
    </p>
   </div>
   <div class='ocr_carea' id='block_1_82' title="bbox 2104 3965 3675 4037">
    <p class='ocr_par' dir='ltr' id='par_1_82' title="bbox 2104 3965 3675 4037">
     <span class='ocr_line' id='line_1_82' title="bbox 2104 3965 3675 4037; baseline -0.003 -12"><span class='ocrx_word' id='word_1_633' title='bbox 2104 3983 2176 4025; x_wconf 90' lang='lat' dir='ltr'><strong>no</strong></span> <span class='ocrx_word' id='word_1_634' title='bbox 2221 3980 2433 4033; x_wconf 87' lang='lat' dir='ltr'><strong>nostro,</strong></span> <span class='ocrx_word' id='word_1_635' title='bbox 2480 3970 2568 4025; x_wconf 90' lang='lat' dir='ltr'><strong>cui</strong></span> <span class='ocrx_word' id='word_1_636' title='bbox 2606 3979 2689 4025; x_wconf 85' lang='lat' dir='ltr'><strong>est</strong></span> <span class='ocrx_word' id='word_1_637' title='bbox 2720 3968 2892 4037; x_wconf 83' lang='lat' dir='ltr'><strong>gloria</strong></span> <span class='ocrx_word' id='word_1_638' title='bbox 2944 3976 2999 4022; x_wconf 90' lang='lat' dir='ltr'><strong>et</strong></span> <span class='ocrx_word' id='word_1_639' title='bbox 3028 3968 3320 4036; x_wconf 84' lang='lat' dir='ltr'><strong>imperium</strong></span> <span class='ocrx_word' id='word_1_640' title='bbox 3372 3966 3427 4020; x_wconf 85' lang='lat' dir='ltr'><strong>in</strong></span> <span class='ocrx_word' id='word_1_641' title='bbox 3475 3965 3675 4022; x_wconf 68' lang='lat' dir='ltr'><strong>amenta</strong></span> 
     </span>
    </p>
   </div>
   <div class='ocr_carea' id='block_1_83' title="bbox 2101 4059 2659 4115">
    <p class='ocr_par' dir='ltr' id='par_1_83' title="bbox 2101 4059 2659 4115">
     <span class='ocr_line' id='line_1_83' title="bbox 2101 4059 2659 4115; baseline -0.004 0"><span class='ocrx_word' id='word_1_642' title='bbox 2101 4059 2441 4115; x_wconf 69' lang='lat' dir='ltr'><strong>saeculorum.</strong></span> <span class='ocrx_word' id='word_1_643' title='bbox 2464 4060 2659 4115; x_wconf 84' lang='lat' dir='ltr'><strong>Amen.</strong></span> 
     </span>
    </p>
   </div>
   <div class='ocr_carea' id='block_1_84' title="bbox 1368 4228 3630 4253">
    <p class='ocr_par' dir='ltr' id='par_1_84' title="bbox 1368 4228 3630 4253">
     <span class='ocr_line' id='line_1_84' title="bbox 1368 4228 3630 4253; baseline 0.003 -11"><span class='ocrx_word' id='word_1_644' title='bbox 1368 4228 3630 4253; x_wconf 50' lang='grc' dir='ltr'>Ἦ</span> 
     </span>
    </p>
   </div>
   <div class='ocr_carea' id='block_1_85' title="bbox 2699 4381 3075 4475">
    <p class='ocr_par' dir='ltr' id='par_1_85' title="bbox 2699 4381 3075 4475">
     <span class='ocr_line' id='line_1_85' title="bbox 2699 4381 3075 4475; baseline -0.024 0"><span class='ocrx_word' id='word_1_645' title='bbox 2699 4381 3075 4475; x_wconf 78' lang='lat' dir='ltr'><strong>BUTH.</strong></span> 
     </span>
    </p>
   </div>
   <div class='ocr_carea' id='block_1_86' title="bbox 477 4545 2008 4629">
    <p class='ocr_par' dir='ltr' id='par_1_86' title="bbox 477 4545 1991 4623">
     <span class='ocr_line' id='line_1_86' title="bbox 477 4545 1991 4623; baseline 0.009 -21"><span class='ocrx_word' id='word_1_646' title='bbox 477 4545 589 4619; x_wconf 88' lang='lat'><strong>(89)</strong></span> <span class='ocrx_word' id='word_1_647' title='bbox 620 4551 729 4604; x_wconf 79' lang='grc' dir='ltr'><strong>Καὶ</strong></span> <span class='ocrx_word' id='word_1_648' title='bbox 759 4551 945 4623; x_wconf 76' lang='grc' dir='ltr'>ὄνομα</span> <span class='ocrx_word' id='word_1_649' title='bbox 970 4552 1044 4623; x_wconf 79' lang='grc' dir='ltr'><strong>τῇ</strong></span> <span class='ocrx_word' id='word_1_650' title='bbox 1071 4554 1317 4622; x_wconf 79' lang='grc' dir='ltr'><strong>δευτέρᾳ</strong></span> <span class='ocrx_word' id='word_1_651' title='bbox 1361 4553 1554 4610; x_wconf 86' lang='grc' dir='ltr'><strong>Ῥούθ.</strong></span> <span class='ocrx_word' id='word_1_652' title='bbox 1623 4556 1778 4611; x_wconf 76' lang='grc' dir='ltr'>Ῥοὺθ</span> <span class='ocrx_word' id='word_1_653' title='bbox 1824 4558 1991 4616; x_wconf 83' lang='grc' dir='ltr'>τύπον</span> 
     </span>
    </p>
   </div>
   <div class='ocr_carea' id='block_1_87' title="bbox 2111 4545 3666 4629">
    <p class='ocr_par' dir='ltr' id='par_1_87' title="bbox 2175 4558 3666 4629">
     <span class='ocr_line' id='line_1_87' title="bbox 2175 4558 3666 4629; baseline -0.001 -13"><span class='ocrx_word' id='word_1_654' title='bbox 2175 4560 2241 4616; x_wconf 80' lang='lat' dir='ltr'><strong>Et</strong></span> <span class='ocrx_word' id='word_1_655' title='bbox 2292 4577 2477 4615; x_wconf 80' lang='lat' dir='ltr'><strong>nomen</strong></span> <span class='ocrx_word' id='word_1_656' title='bbox 2533 4563 2779 4616; x_wconf 71' lang='lat' dir='ltr'><strong>set-unda:</strong></span> <span class='ocrx_word' id='word_1_657' title='bbox 2829 4558 2970 4613; x_wconf 76' lang='lat' dir='ltr'><strong>Rulli</strong></span> <span class='ocrx_word' id='word_1_658' title='bbox 3013 4560 3078 4613; x_wconf 82' lang='grc'><strong>⁸⁸.</strong></span> <span class='ocrx_word' id='word_1_659' title='bbox 3127 4558 3380 4615; x_wconf 86' lang='lat' dir='ltr'><strong>Gentium</strong></span> <span class='ocrx_word' id='word_1_660' title='bbox 3440 4559 3666 4629; x_wconf 85' lang='lat' dir='ltr'><strong>ﬁguram</strong></span> 
     </span>
    </p>
   </div>
   <div class='ocr_carea' id='block_1_88' title="bbox 408 4639 1994 4721">
    <p class='ocr_par' dir='ltr' id='par_1_88' title="bbox 408 4639 1994 4721">
     <span class='ocr_line' id='line_1_88' title="bbox 408 4639 1994 4721; baseline 0.009 -31"><span class='ocrx_word' id='word_1_661' title='bbox 408 4639 567 4709; x_wconf 78' lang='grc' dir='ltr'>φέρει</span> <span class='ocrx_word' id='word_1_662' title='bbox 588 4641 695 4694; x_wconf 85' lang='grc' dir='ltr'><strong>τῶν</strong></span> <span class='ocrx_word' id='word_1_663' title='bbox 723 4642 891 4698; x_wconf 82' lang='grc' dir='ltr'>ἐθνῶν</span> <span class='ocrx_word' id='word_1_664' title='bbox 909 4662 921 4671; x_wconf 93' lang='grc'>·</span> <span class='ocrx_word' id='word_1_665' title='bbox 950 4646 1071 4715; x_wconf 75' lang='grc' dir='ltr'><strong>ἥτις</strong></span> <span class='ocrx_word' id='word_1_666' title='bbox 1101 4645 1356 4701; x_wconf 83' lang='grc' dir='ltr'><strong>κατέλιπε</strong></span> <span class='ocrx_word' id='word_1_667' title='bbox 1384 4644 1453 4698; x_wconf 81' lang='grc' dir='ltr'><strong>τὰ</strong></span> <span class='ocrx_word' id='word_1_668' title='bbox 1484 4646 1709 4719; x_wconf 82' lang='grc' dir='ltr'><strong>πάτρια,</strong></span> <span class='ocrx_word' id='word_1_669' title='bbox 1739 4650 1830 4708; x_wconf 65' lang='grc' dir='ltr'><strong>καὶ</strong></span> <span class='ocrx_word' id='word_1_670' title='bbox 1854 4648 1994 4721; x_wconf 81' lang='grc' dir='ltr'><strong>ἠνώ-</strong></span> 
     </span>
    </p>
   </div>
   <div class='ocr_carea' id='block_1_89' title="bbox 409 4730 1991 4811">
    <p class='ocr_par' dir='ltr' id='par_1_89' title="bbox 409 4730 1991 4811">
     <span class='ocr_line' id='line_1_89' title="bbox 409 4730 1991 4811; baseline 0.007 -28"><span class='ocrx_word' id='word_1_671' title='bbox 409 4730 474 4802; x_wconf 82' lang='grc' dir='ltr'><strong>θη</strong></span> <span class='ocrx_word' id='word_1_672' title='bbox 503 4735 567 4803; x_wconf 81' lang='grc' dir='ltr'><strong>τῇ</strong></span> <span class='ocrx_word' id='word_1_673' title='bbox 609 4734 971 4807; x_wconf 75' lang='grc' dir='ltr'><strong>Ἱσραηλιτικῇ</strong></span> <span class='ocrx_word' id='word_1_674' title='bbox 999 4737 1137 4802; x_wconf 69' lang='grc' dir='ltr'>ἕξει.</span> <span class='ocrx_word' id='word_1_675' title='bbox 1159 4735 1426 4807; x_wconf 75' lang='grc' dir='ltr'><strong>Ζητητέον</strong></span> <span class='ocrx_word' id='word_1_676' title='bbox 1451 4737 1507 4795; x_wconf 81' lang='grc' dir='ltr'><strong>δὲ</strong></span> <span class='ocrx_word' id='word_1_677' title='bbox 1542 4737 1677 4803; x_wconf 80' lang='grc' dir='ltr'><strong>πῶς,</strong></span> <span class='ocrx_word' id='word_1_678' title='bbox 1706 4739 1799 4791; x_wconf 80' lang='grc' dir='ltr'><strong>τοῦ</strong></span> <span class='ocrx_word' id='word_1_679' title='bbox 1829 4740 1991 4811; x_wconf 85' lang='grc' dir='ltr'>νόμου</span> 
     </span>
    </p>
   </div>
   <div class='ocr_carea' id='block_1_90' title="bbox 406 4824 1992 4904">
    <p class='ocr_par' dir='ltr' id='par_1_90' title="bbox 406 4824 1992 4904">
     <span class='ocr_line' id='line_1_90' title="bbox 406 4824 1992 4904; baseline 0.006 -28"><span class='ocrx_word' id='word_1_680' title='bbox 406 4824 843 4898; x_wconf 82' lang='grc' dir='ltr'>ἀπαγορεύοντος</span> <span class='ocrx_word' id='word_1_681' title='bbox 893 4829 969 4899; x_wconf 85' lang='grc' dir='ltr'><strong>μὴ</strong></span> <span class='ocrx_word' id='word_1_682' title='bbox 1032 4829 1290 4882; x_wconf 83' lang='grc' dir='ltr'>εἰσελθεῖν</span> <span class='ocrx_word' id='word_1_683' title='bbox 1341 4829 1620 4902; x_wconf 80' lang='grc' dir='ltr'><strong>Μοαόίτην</strong></span> <span class='ocrx_word' id='word_1_684' title='bbox 1647 4832 1726 4893; x_wconf 85' lang='grc' dir='ltr'><strong>εἰς</strong></span> <span class='ocrx_word' id='word_1_685' title='bbox 1763 4831 1992 4904; x_wconf 81' lang='grc' dir='ltr'><strong>Ἐκκλη-</strong></span> 
     </span>
    </p>
   </div>
   <div class='ocr_carea' id='block_1_91' title="bbox 406 4913 1992 4990">
    <p class='ocr_par' dir='ltr' id='par_1_91' title="bbox 406 4913 1992 4990">
     <span class='ocr_line' id='line_1_91' title="bbox 406 4913 1992 4990; baseline 0.006 -24"><span class='ocrx_word' id='word_1_686' title='bbox 406 4915 529 4968; x_wconf 81' lang='grc' dir='ltr'>σίαν</span> <span class='ocrx_word' id='word_1_687' title='bbox 549 4916 704 4984; x_wconf 83' lang='grc' dir='ltr'>Θεοῦ,</span> <span class='ocrx_word' id='word_1_688' title='bbox 803 4917 957 4971; x_wconf 76' lang='grc' dir='ltr'>Ῥοὺθ</span> <span class='ocrx_word' id='word_1_689' title='bbox 991 4919 1255 4983; x_wconf 77' lang='grc' dir='ltr'>Μοαῦίτις</span> <span class='ocrx_word' id='word_1_690' title='bbox 1281 4913 1415 4972; x_wconf 80' lang='grc' dir='ltr'>οὖσα</span> <span class='ocrx_word' id='word_1_691' title='bbox 1445 4919 1676 4990; x_wconf 76' lang='grc' dir='ltr'><strong>εἰσῆλθε.</strong></span> <span class='ocrx_word' id='word_1_692' title='bbox 1699 4920 1808 4981; x_wconf 70' lang='grc' dir='ltr'><strong>Καὶ</strong></span> <span class='ocrx_word' id='word_1_693' title='bbox 1833 4921 1992 4976; x_wconf 83' lang='grc' dir='ltr'>τοῦτο</span> 
     </span>
    </p>
   </div>
   <div class='ocr_carea' id='block_1_92' title="bbox 404 4998 1991 5079">
    <p class='ocr_par' dir='ltr' id='par_1_92' title="bbox 404 4998 1991 5079">
     <span class='ocr_line' id='line_1_92' title="bbox 404 4998 1991 5079; baseline 0.004 -21"><span class='ocrx_word' id='word_1_694' title='bbox 404 5003 584 5076; x_wconf 78' lang='grc' dir='ltr'><strong>ζητῶν</strong></span> <span class='ocrx_word' id='word_1_695' title='bbox 626 5008 827 5079; x_wconf 64' lang='grc' dir='ltr'><strong>χρῆσαι</strong></span> <span class='ocrx_word' id='word_1_696' title='bbox 865 5008 964 5078; x_wconf 77' lang='grc' dir='ltr'><strong>τῷο</strong></span> <span class='ocrx_word' id='word_1_697' title='bbox 1005 5026 1023 5060; x_wconf 78' lang='lat' dir='ltr'><strong>t</strong></span> <span class='ocrx_word' id='word_1_698' title='bbox 1046 5009 1251 5062; x_wconf 80' lang='grc' dir='ltr'><strong>Δικαῐω</strong></span> <span class='ocrx_word' id='word_1_699' title='bbox 1274 5008 1330 5061; x_wconf 78' lang='grc' dir='ltr'><strong>δὲ</strong></span> <span class='ocrx_word' id='word_1_700' title='bbox 1358 5009 1520 5078; x_wconf 80' lang='grc' dir='ltr'>νόμος</span> <span class='ocrx_word' id='word_1_701' title='bbox 1541 5010 1602 5062; x_wconf 85' lang='grc' dir='ltr'><strong>οὐ</strong></span> <span class='ocrx_word' id='word_1_702' title='bbox 1636 5013 1830 5076; x_wconf 80' lang='grc' dir='ltr'><strong>κεῖται,</strong></span> <span class='ocrx_word' id='word_1_703' title='bbox 1857 4998 1991 5067; x_wconf 72' lang='grc' dir='ltr'>ἀλλὰ</span> 
     </span>
    </p>
   </div>
   <div class='ocr_carea' id='block_1_93' title="bbox 402 5094 1222 5164">
    <p class='ocr_par' dir='ltr' id='par_1_93' title="bbox 402 5094 1222 5164">
     <span class='ocr_line' id='line_1_93' title="bbox 402 5094 1222 5164; baseline 0.007 -17"><span class='ocrx_word' id='word_1_704' title='bbox 402 5094 607 5161; x_wconf 78' lang='grc' dir='ltr'><strong>ἀδίκοις</strong></span> <span class='ocrx_word' id='word_1_705' title='bbox 637 5100 731 5153; x_wconf 76' lang='grc' dir='ltr'>καὶ</span> <span class='ocrx_word' id='word_1_706' title='bbox 762 5103 1177 5164; x_wconf 74' lang='grc' dir='ltr'><strong>ἀνυποτάκτοις.</strong></span> <span class='ocrx_word' id='word_1_707' title='bbox 1200 5122 1222 5153; x_wconf 67' lang='grc' dir='ltr'><strong>ι</strong></span> 
     </span>
    </p>
   </div>
   <div class='ocr_carea' id='block_1_94' title="bbox 474 5257 1490 5327">
    <p class='ocr_par' dir='ltr' id='par_1_94' title="bbox 474 5257 1490 5327">
     <span class='ocr_line' id='line_1_94' title="bbox 474 5257 1490 5327; baseline 0.005 -15"><span class='ocrx_word' id='word_1_708' title='bbox 474 5257 518 5290; x_wconf 71' lang='grc'><strong>⁵³</strong></span> <span class='ocrx_word' id='word_1_709' title='bbox 550 5258 653 5315; x_wconf 90' lang='lat' dir='ltr'><strong>lsa.</strong></span> <span class='ocrx_word' id='word_1_710' title='bbox 681 5276 842 5323; x_wconf 76' lang='lat' dir='ltr'><strong>xxxv,</strong></span> <span class='ocrx_word' id='word_1_711' title='bbox 873 5260 927 5318; x_wconf 80' lang='lat'><strong>5.</strong></span> <span class='ocrx_word' id='word_1_712' title='bbox 1007 5262 1051 5293; x_wconf 77' lang='lat'>“</span> <span class='ocrx_word' id='word_1_713' title='bbox 1077 5262 1238 5317; x_wconf 80' lang='lat' dir='ltr'><strong>llcbr.</strong></span> <span class='ocrx_word' id='word_1_714' title='bbox 1269 5278 1367 5327; x_wconf 70' lang='grc' dir='ltr'>χιι,</span> <span class='ocrx_word' id='word_1_715' title='bbox 1405 5263 1490 5317; x_wconf 76' lang='lat' dir='ltr'><strong>I3.</strong></span> 
     </span>
    </p>
   </div>
   <div class='ocr_carea' id='block_1_95' title="bbox 398 5327 1432 5395">
    <p class='ocr_par' dir='ltr' id='par_1_95' title="bbox 398 5327 1432 5395">
     <span class='ocr_line' id='line_1_95' title="bbox 398 5327 1432 5395; baseline 0.006 -12"><span class='ocrx_word' id='word_1_716' title='bbox 398 5328 442 5358; x_wconf 78' lang='lat'><strong>&quot;</strong></span> <span class='ocrx_word' id='word_1_717' title='bbox 477 5327 612 5384; x_wconf 86' lang='lat' dir='ltr'><strong>Luc.</strong></span> <span class='ocrx_word' id='word_1_718' title='bbox 651 5346 752 5395; x_wconf 77' lang='lat' dir='ltr'><strong>nl,</strong></span> <span class='ocrx_word' id='word_1_719' title='bbox 776 5331 865 5385; x_wconf 75' lang='lat'><strong>35.</strong></span> <span class='ocrx_word' id='word_1_720' title='bbox 943 5332 990 5363; x_wconf 69' lang='grc'><strong>⁸⁸</strong></span> <span class='ocrx_word' id='word_1_721' title='bbox 1026 5332 1213 5387; x_wconf 78' lang='lat' dir='ltr'><strong>Matth.</strong></span> <span class='ocrx_word' id='word_1_722' title='bbox 1248 5348 1302 5394; x_wconf 91' lang='lat' dir='ltr'><strong>v,</strong></span> <span class='ocrx_word' id='word_1_723' title='bbox 1345 5334 1432 5390; x_wconf 84' lang='grc'><strong>16.</strong></span> 
     </span>
    </p>
   </div>
   <div class='ocr_carea' id='block_1_96' title="bbox 1582 5260 1939 5322">
    <p class='ocr_par' dir='ltr' id='par_1_96' title="bbox 1582 5260 1939 5322">
     <span class='ocr_line' id='line_1_96' title="bbox 1582 5260 1939 5322; baseline -0.008 -5"><span class='ocrx_word' id='word_1_724' title='bbox 1582 5262 1628 5296; x_wconf 72' lang='grc'><strong>⁸³</strong></span> <span class='ocrx_word' id='word_1_725' title='bbox 1654 5261 1775 5317; x_wconf 86' lang='lat' dir='ltr'><strong>Gal.</strong></span> <span class='ocrx_word' id='word_1_726' title='bbox 1805 5260 1939 5322; x_wconf 75' lang='grc' dir='ltr'><strong>ν,1.</strong></span> 
     </span>
    </p>
   </div>
   <div class='ocr_carea' id='block_1_97' title="bbox 1509 5330 1974 5389">
    <p class='ocr_par' dir='ltr' id='par_1_97' title="bbox 1509 5330 1974 5389">
     <span class='ocr_line' id='line_1_97' title="bbox 1509 5330 1974 5389; baseline -0.004 -3"><span class='ocrx_word' id='word_1_727' title='bbox 1509 5330 1555 5365; x_wconf 75' lang='lat'><strong>“</strong></span> <span class='ocrx_word' id='word_1_728' title='bbox 1586 5332 1729 5389; x_wconf 84' lang='lat' dir='ltr'><strong>Psal.</strong></span> <span class='ocrx_word' id='word_1_729' title='bbox 1757 5346 1893 5388; x_wconf 69' lang='grc' dir='ltr'><strong>ειη.</strong></span> <span class='ocrx_word' id='word_1_730' title='bbox 1919 5330 1974 5385; x_wconf 83' lang='lat'><strong>9.</strong></span> 
     </span>
    </p>
   </div>
   <div class='ocr_carea' id='block_1_98' title="bbox 475 5472 1976 5541">
    <p class='ocr_par' dir='ltr' id='par_1_98' title="bbox 475 5472 1976 5541">
     <span class='ocr_line' id='line_1_98' title="bbox 475 5472 1976 5541; baseline -0.001 -17"><span class='ocrx_word' id='word_1_731' title='bbox 475 5474 590 5541; x_wconf 65' lang='lat' dir='ltr'><strong>itis}</strong></span> <span class='ocrx_word' id='word_1_732' title='bbox 615 5481 767 5541; x_wconf 48' lang='lat' dir='ltr'><strong>ipss,</strong></span> <span class='ocrx_word' id='word_1_733' title='bbox 791 5488 817 5526; x_wconf 77' lang='lat' dir='ltr'><strong>it</strong></span> <span class='ocrx_word' id='word_1_734' title='bbox 846 5480 1118 5541; x_wconf 79' lang='lat' dir='ltr'><strong>Optamus.</strong></span> <span class='ocrx_word' id='word_1_735' title='bbox 1147 5493 1165 5525; x_wconf 72' lang='grc' dir='ltr'><strong>ι</strong></span> <span class='ocrx_word' id='word_1_736' title='bbox 1196 5472 1352 5529; x_wconf 89' lang='lat' dir='ltr'><strong>Libb.</strong></span> <span class='ocrx_word' id='word_1_737' title='bbox 1380 5473 1535 5537; x_wconf 87' lang='lat' dir='ltr'><strong>editi,</strong></span> <span class='ocrx_word' id='word_1_738' title='bbox 1557 5491 1575 5523; x_wconf 84' lang='grc'><strong><em>‹</em></strong></span> <span class='ocrx_word' id='word_1_739' title='bbox 1601 5473 1925 5541; x_wconf 84' lang='lat' dir='ltr'><strong>obtinemus.</strong></span> <span class='ocrx_word' id='word_1_740' title='bbox 1956 5488 1976 5522; x_wconf 73' lang='grc' dir='ltr'><strong>ι</strong></span> 
     </span>
    </p>
   </div>
   <div class='ocr_carea' id='block_1_99' title="bbox 2042 5259 2501 5335">
    <p class='ocr_par' dir='ltr' id='par_1_99' title="bbox 2042 5259 2501 5335">
     <span class='ocr_line' id='line_1_99' title="bbox 2042 5259 2501 5335; baseline 0.013 -21"><span class='ocrx_word' id='word_1_741' title='bbox 2042 5259 2304 5335; x_wconf 12' lang='lat' dir='ltr'><strong>f‘ilfhilip.</strong></span> <span class='ocrx_word' id='word_1_742' title='bbox 2340 5281 2411 5330; x_wconf 85' lang='lat' dir='ltr'><strong>tv,</strong></span> <span class='ocrx_word' id='word_1_743' title='bbox 2450 5267 2501 5320; x_wconf 83' lang='lat' dir='ltr'><strong>I.</strong></span> 
     </span>
    </p>
   </div>
   <div class='ocr_carea' id='block_1_100' title="bbox 2054 5333 2898 5405">
    <p class='ocr_par' dir='ltr' id='par_1_100' title="bbox 2054 5333 2898 5405">
     <span class='ocr_line' id='line_1_100' title="bbox 2054 5333 2898 5405; baseline 0.014 -20"><span class='ocrx_word' id='word_1_744' title='bbox 2054 5333 2102 5364; x_wconf 77' lang='grc' dir='ltr'><strong>⁸ο</strong></span> <span class='ocrx_word' id='word_1_745' title='bbox 2128 5333 2272 5391; x_wconf 82' lang='lat' dir='ltr'><strong>Ruth</strong></span> <span class='ocrx_word' id='word_1_746' title='bbox 2302 5352 2339 5403; x_wconf 89' lang='lat' dir='ltr'><strong>t,</strong></span> <span class='ocrx_word' id='word_1_747' title='bbox 2370 5337 2423 5393; x_wconf 76' lang='grc'><strong>4.</strong></span> <span class='ocrx_word' id='word_1_748' title='bbox 2502 5337 2587 5393; x_wconf 82' lang='grc' dir='ltr'><strong>⁸¹Ι</strong></span> <span class='ocrx_word' id='word_1_749' title='bbox 2620 5336 2760 5395; x_wconf 83' lang='lat' dir='ltr'><strong>Tim.</strong></span> <span class='ocrx_word' id='word_1_750' title='bbox 2784 5340 2898 5405; x_wconf 81' lang='lat' dir='ltr'><strong>t,9.</strong></span> 
     </span>
    </p>
   </div>
   <div class='ocr_carea' id='block_1_101' title="bbox 2094 4648 3665 4722">
    <p class='ocr_par' dir='ltr' id='par_1_101' title="bbox 2094 4648 3665 4722">
     <span class='ocr_line' id='line_1_101' title="bbox 2094 4648 3665 4722; baseline -0.001 -17"><span class='ocrx_word' id='word_1_751' title='bbox 2094 4652 2235 4722; x_wconf 89' lang='lat' dir='ltr'><strong>gerit</strong></span> <span class='ocrx_word' id='word_1_752' title='bbox 2272 4650 2572 4721; x_wconf 69' lang='lat' dir='ltr'><strong>ltuth,quaa</strong></span> <span class='ocrx_word' id='word_1_753' title='bbox 2615 4652 2817 4706; x_wconf 89' lang='lat' dir='ltr'><strong>relictis</strong></span> <span class='ocrx_word' id='word_1_754' title='bbox 2841 4652 3048 4720; x_wconf 86' lang='lat' dir='ltr'><strong>patriis,</strong></span> <span class='ocrx_word' id='word_1_755' title='bbox 3074 4648 3381 4704; x_wconf 76' lang='lat' dir='ltr'><strong>Israelitica:</strong></span> <span class='ocrx_word' id='word_1_756' title='bbox 3408 4649 3553 4720; x_wconf 86' lang='lat' dir='ltr'><strong>genti</strong></span> <span class='ocrx_word' id='word_1_757' title='bbox 3577 4650 3665 4703; x_wconf 81' lang='lat' dir='ltr'><strong>in-</strong></span> 
     </span>
    </p>
   </div>
   <div class='ocr_carea' id='block_1_102' title="bbox 2088 4740 3666 4810">
    <p class='ocr_par' dir='ltr' id='par_1_102' title="bbox 2088 4740 3666 4810">
     <span class='ocr_line' id='line_1_102' title="bbox 2088 4740 3666 4810; baseline -0.004 -11"><span class='ocrx_word' id='word_1_758' title='bbox 2088 4754 2231 4799; x_wconf 86' lang='lat' dir='ltr'><strong>serta</strong></span> <span class='ocrx_word' id='word_1_759' title='bbox 2260 4754 2361 4799; x_wconf 91' lang='lat' dir='ltr'><strong>est.</strong></span> <span class='ocrx_word' id='word_1_760' title='bbox 2398 4742 2754 4809; x_wconf 68' lang='lat' dir='ltr'><strong>Quaerendum</strong></span> <span class='ocrx_word' id='word_1_761' title='bbox 2808 4751 2895 4796; x_wconf 89' lang='lat' dir='ltr'><strong>est</strong></span> <span class='ocrx_word' id='word_1_762' title='bbox 2921 4750 3099 4795; x_wconf 89' lang='lat' dir='ltr'><strong>autem</strong></span> <span class='ocrx_word' id='word_1_763' title='bbox 3133 4756 3232 4796; x_wconf 90' lang='lat' dir='ltr'><strong>cur</strong></span> <span class='ocrx_word' id='word_1_764' title='bbox 3274 4740 3393 4810; x_wconf 88' lang='lat' dir='ltr'><strong>lege</strong></span> <span class='ocrx_word' id='word_1_765' title='bbox 3445 4748 3666 4793; x_wconf 87' lang='lat' dir='ltr'><strong>vetante</strong></span> 
     </span>
    </p>
   </div>
   <div class='ocr_carea' id='block_1_103' title="bbox 2088 4831 3662 4905">
    <p class='ocr_par' dir='ltr' id='par_1_103' title="bbox 2088 4831 3662 4905">
     <span class='ocr_line' id='line_1_103' title="bbox 2088 4831 3662 4905; baseline -0.004 -14"><span class='ocrx_word' id='word_1_766' title='bbox 2088 4851 2158 4891; x_wconf 89' lang='lat' dir='ltr'><strong>ne</strong></span> <span class='ocrx_word' id='word_1_767' title='bbox 2190 4835 2453 4890; x_wconf 80' lang='lat' dir='ltr'><strong>Moabites</strong></span> <span class='ocrx_word' id='word_1_768' title='bbox 2504 4835 2846 4905; x_wconf 84' lang='lat' dir='ltr'><strong>ingrediatur</strong></span> <span class='ocrx_word' id='word_1_769' title='bbox 2880 4836 2931 4888; x_wconf 92' lang='lat' dir='ltr'><strong>in</strong></span> <span class='ocrx_word' id='word_1_770' title='bbox 2980 4833 3279 4889; x_wconf 84' lang='lat' dir='ltr'><strong>Ecclesiam</strong></span> <span class='ocrx_word' id='word_1_771' title='bbox 3340 4832 3454 4896; x_wconf 84' lang='lat' dir='ltr'><strong>Dei,</strong></span> <span class='ocrx_word' id='word_1_772' title='bbox 3519 4831 3662 4886; x_wconf 80' lang='lat' dir='ltr'><strong>Ruth</strong></span> 
     </span>
    </p>
   </div>
   <div class='ocr_carea' id='block_1_104' title="bbox 2090 4921 3659 4997">
    <p class='ocr_par' dir='ltr' id='par_1_104' title="bbox 2090 4921 3659 4997">
     <span class='ocr_line' id='line_1_104' title="bbox 2090 4921 3659 4997; baseline -0.003 -17"><span class='ocrx_word' id='word_1_773' title='bbox 2090 4924 2341 4981; x_wconf 81' lang='lat' dir='ltr'><strong>Moabitis</strong></span> <span class='ocrx_word' id='word_1_774' title='bbox 2370 4926 2607 4980; x_wconf 84' lang='lat' dir='ltr'><strong>intrarit.</strong></span> <span class='ocrx_word' id='word_1_775' title='bbox 2640 4924 2751 4979; x_wconf 81' lang='lat' dir='ltr'><strong>Hoc</strong></span> <span class='ocrx_word' id='word_1_776' title='bbox 2780 4924 3064 4997; x_wconf 88' lang='lat' dir='ltr'><strong>inquirens</strong></span> <span class='ocrx_word' id='word_1_777' title='bbox 3091 4935 3247 4978; x_wconf 88' lang='lat' dir='ltr'><strong>utere</strong></span> <span class='ocrx_word' id='word_1_778' title='bbox 3273 4924 3357 4977; x_wconf 91' lang='lat' dir='ltr'><strong>his</strong></span> <span class='ocrx_word' id='word_1_779' title='bbox 3380 4923 3560 4977; x_wconf 89' lang='lat' dir='ltr'><strong>verbis</strong></span> <span class='ocrx_word' id='word_1_780' title='bbox 3576 4921 3659 4975; x_wconf 78' lang='lat' dir='ltr'><strong>&quot;z</strong></span> 
     </span>
    </p>
   </div>
   <div class='ocr_carea' id='block_1_105' title="bbox 2092 5011 3661 5088">
    <p class='ocr_par' dir='ltr' id='par_1_105' title="bbox 2092 5011 3661 5088">
     <span class='ocr_line' id='line_1_105' title="bbox 2092 5011 3661 5088; baseline -0.003 -18"><span class='ocrx_word' id='word_1_781' title='bbox 2092 5028 2111 5069; x_wconf 72' lang='grc' dir='ltr'>ἁ</span> <span class='ocrx_word' id='word_1_782' title='bbox 2142 5016 2294 5072; x_wconf 84' lang='lat' dir='ltr'><strong>Justo</strong></span> <span class='ocrx_word' id='word_1_783' title='bbox 2321 5016 2404 5073; x_wconf 80' lang='lat' dir='ltr'><strong>lex</strong></span> <span class='ocrx_word' id='word_1_784' title='bbox 2431 5033 2538 5081; x_wconf 86' lang='lat' dir='ltr'><strong>non</strong></span> <span class='ocrx_word' id='word_1_785' title='bbox 2569 5026 2654 5073; x_wconf 87' lang='lat' dir='ltr'><strong>est</strong></span> <span class='ocrx_word' id='word_1_786' title='bbox 2697 5017 2894 5088; x_wconf 85' lang='lat' dir='ltr'><strong>posita,</strong></span> <span class='ocrx_word' id='word_1_787' title='bbox 2922 5017 3018 5072; x_wconf 90' lang='lat' dir='ltr'><strong>sed</strong></span> <span class='ocrx_word' id='word_1_788' title='bbox 3050 5016 3265 5088; x_wconf 88' lang='lat' dir='ltr'><strong>injustis</strong></span> <span class='ocrx_word' id='word_1_789' title='bbox 3314 5026 3371 5069; x_wconf 87' lang='lat' dir='ltr'><strong>et</strong></span> <span class='ocrx_word' id='word_1_790' title='bbox 3400 5028 3504 5069; x_wconf 90' lang='lat' dir='ltr'><strong>non</strong></span> <span class='ocrx_word' id='word_1_791' title='bbox 3532 5011 3661 5066; x_wconf 87' lang='lat' dir='ltr'><strong>sub-</strong></span> 
     </span>
    </p>
   </div>
   <div class='ocr_carea' id='block_1_106' title="bbox 2086 5104 2295 5165">
    <p class='ocr_par' dir='ltr' id='par_1_106' title="bbox 2086 5104 2295 5165">
     <span class='ocr_line' id='line_1_106' title="bbox 2086 5104 2295 5165; baseline -0.005 -3"><span class='ocrx_word' id='word_1_792' title='bbox 2086 5104 2233 5165; x_wconf 73' lang='lat' dir='ltr'><strong>ditis.</strong></span> <span class='ocrx_word' id='word_1_793' title='bbox 2276 5128 2295 5161; x_wconf 75' lang='grc' dir='ltr'><strong>ι</strong></span> 
     </span>
    </p>
   </div>
   <div class='ocr_carea' id='block_1_107' title="bbox 2606 5261 3663 5336">
    <p class='ocr_par' dir='ltr' id='par_1_107' title="bbox 2606 5261 3663 5336">
     <span class='ocr_line' id='line_1_107' title="bbox 2606 5261 3663 5336; baseline -0.004 -15"><span class='ocrx_word' id='word_1_794' title='bbox 2606 5264 2652 5308; x_wconf 63' lang='grc' dir='ltr'><strong>δ’</strong></span> <span class='ocrx_word' id='word_1_795' title='bbox 2681 5266 2696 5321; x_wconf 94' lang='lat' dir='ltr'><strong>l</strong></span> <span class='ocrx_word' id='word_1_796' title='bbox 2726 5265 2917 5324; x_wconf 87' lang='lat' dir='ltr'><strong>Thess.</strong></span> <span class='ocrx_word' id='word_1_797' title='bbox 2952 5282 3033 5336; x_wconf 85' lang='lat' dir='ltr'><strong>tu,</strong></span> <span class='ocrx_word' id='word_1_798' title='bbox 3068 5268 3122 5324; x_wconf 86' lang='lat'><strong>8.</strong></span> <span class='ocrx_word' id='word_1_799' title='bbox 3197 5267 3240 5303; x_wconf 78' lang='lat'><strong>“</strong></span> <span class='ocrx_word' id='word_1_800' title='bbox 3270 5266 3460 5323; x_wconf 76' lang='lat' dir='ltr'><strong>Matth.</strong></span> <span class='ocrx_word' id='word_1_801' title='bbox 3498 5279 3547 5331; x_wconf 89' lang='lat' dir='ltr'><strong>v,</strong></span> <span class='ocrx_word' id='word_1_802' title='bbox 3576 5261 3663 5317; x_wconf 72' lang='grc' dir='ltr'><strong>ιθ.</strong></span> 
     </span>
    </p>
   </div>
   <div class='ocr_carea' id='block_1_108' title="bbox 473 5538 2261 5614">
    <p class='ocr_par' dir='ltr' id='par_1_108' title="bbox 473 5538 2261 5614">
     <span class='ocr_line' id='line_1_108' title="bbox 473 5538 2261 5614; baseline 0 -20"><span class='ocrx_word' id='word_1_803' title='bbox 473 5538 583 5610; x_wconf 80' lang='lat'><strong>(89)</strong></span> <span class='ocrx_word' id='word_1_804' title='bbox 612 5538 655 5594; x_wconf 86' lang='lat' dir='ltr'><strong>E</strong></span> <span class='ocrx_word' id='word_1_805' title='bbox 682 5538 899 5597; x_wconf 79' lang='lat' dir='ltr'><strong>schedis</strong></span> <span class='ocrx_word' id='word_1_806' title='bbox 924 5540 1235 5598; x_wconf 86' lang='lat' dir='ltr'><strong>Combelisii</strong></span> <span class='ocrx_word' id='word_1_807' title='bbox 1263 5545 1604 5614; x_wconf 80' lang='lat' dir='ltr'><strong>desumptum</strong></span> <span class='ocrx_word' id='word_1_808' title='bbox 1629 5552 1712 5599; x_wconf 88' lang='lat' dir='ltr'><strong>est</strong></span> <span class='ocrx_word' id='word_1_809' title='bbox 1746 5545 1850 5597; x_wconf 82' lang='lat' dir='ltr'><strong>hoc</strong></span> <span class='ocrx_word' id='word_1_810' title='bbox 1878 5540 2261 5609; x_wconf 74' lang='lat' dir='ltr'><strong>fragmentum.</strong></span> 
     </span>
    </p>
   </div>
  </div>
