4124 6428
464 375 566 433 995

1626 382 1930 440 SELECTA
1967 383 2031 437 IN
2073 384 2201 441 LIB.
2238 387 2255 440 l
2303 388 2565 447 REGUM.

3626 412 3692 467 99
3706 413 3729 467 ι

462 491 769 561 ἀπληστίας
804 496 897 548 καὶ
928 497 1359 569 φιλοχρηματίας
1406 500 1464 554 τὸ
1511 502 1699 567 πάθος.
1752 505 1831 557 Τὰ
1882 506 2032 558 πίονα

2146 504 2469 563 insatiabilis
2498 510 2744 567 avaritiae
2771 511 3015 573 allectus.
3060 517 3331 591 Quidquid
3361 525 3504 581 enim
3532 528 3733 600 pingue

463 584 572 654 γὰρ
596 582 707 635 τῶν
734 586 999 654 ποιμνίων
1024 590 1448 659 περιεποιήσατο
1475 593 1671 664 ἑαυτῷ.

534 672 647 727 Kal
669 675 852 740 αὐτὸς
873 676 1199 745 πυρράκης.
1253 679 1311 731 '0
1342 681 1439 750 μὲν
1469 678 1560 736 οὖν
1590 681 1767 738 Ἠσαῦ
1801 704 1817 734 ι
1840 686 2043 758 πυρρά-

465 781 568 835 κης
593 761 682 837 ἦν,
733 766 863 821 ὡσεὶ
905 768 1065 841 δορὰν
1106 770 1301 835 δασύςο
1337 793 1353 822 ι
1391 773 1488 845 τὴν
1519 774 1575 841 ἐξ
1605 776 1879 849 ἁμαρτίας
1904 779 2042 850 ἔχων

463 857 783 928 νεκρότητα,
821 861 914 914 καὶ
940 862 1100 931 φόνον
1124 864 1261 917 κατά
1298 867 1391 921 τοῦ
1434 868 1649 923 Ἰακώϐ.
1691 871 1749 923 '0
1781 872 1837 924 δὲ
1879 873 2042 926 Δαυὶδ

467 964 487 996 ι
513 948 802 1019 stuppeian
831 952 969 1020 μετὰ
1001 953 1229 1019 κάλλους
1270 958 1584 1030 ὀφθαλμῶν,
1613 962 1710 1014 καὶ
1745 962 1947 1031 ἀγαθὸς
1974 968 2037 1034 τῇ

459 1041 648 1114 ὁράσει
707 1045 934 1117 Κυρίου,
962 1066 982 1100 s
1046 1048 1134 1101 ἵνα
1192 1049 1254 1103 τὸ
1316 1051 1621 1123 διορατικδν
1673 1054 1887 1127 δηλώσῃ
1946 1056 2039 1109 τοῦ

458 1134 641 1188 Δαυίδ.

529 1226 640 1280 Kal
668 1226 787 1281 νῦν
815 1232 865 1283 εί
891 1231 1052 1285 εἰσιν
1088 1230 1207 1285 ὑπὸ
1247 1231 1360 1301 τὴν
1385 1233 1555 1303 χεῖρὰ
1582 1252 1697 1290 σου
1732 1237 1912 1293 πέντε
1938 1241 2039 1309 ἄρ-

459 1333 568 1371 τοι.
612 1318 922 1389 Προὺδήλου
965 1321 1022 1374 δὲ
1070 1324 1164 1376 καὶ
1210 1325 1291 1377 ὅτι
1322 1328 1355 1396 ή
1390 1325 1641 1399 βασιλικὴ
1683 1329 1822 1401 φυλὴ
1871 1333 1963 1385 καὶ
2003 1334 2036 1402 ή

459 1408 705 1482 ἱερατικὴ
754 1408 943 1481 ἔμελλε
989 1415 1354 1470 συνάπτεσθαι
1405 1419 1465 1470 ὲν
1514 1420 1734 1491 Χριστῷ
1777 1422 1856 1493 τῷ
1905 1425 2039 1495 lapsi

456 1498 593 1569 ὁμοῦ
632 1501 726 1554 καὶ
767 1501 995 1572 βασιλεῖ.

530 1592 652 1644 Οὐκ
676 1593 834 1648 εἰσὶν
854 1595 1018 1663 ἄρτοι
1034 1597 1306 1668 βέϐηλοι.
1352 1600 1638 1673 Βεϐήλους,
1669 1605 1728 1657 οὐ
1754 1607 1879 1669 τοὺς
1903 1607 2036 1659 άκα-

456 1682 687 1755 θάρτους
715 1686 881 1757 λέγει,
913 1689 1049 1744 ἀλλὰ
1081 1694 1209 1756 τοὺς
1239 1695 1335 1765 οὐχ
1363 1695 1549 1763 ἁγίους
1569 1714 1583 1728 ο
1615 1698 1729 1762 καὶ,
1763 1700 1839 1764 ὼς
1879 1699 2035 1753 Ἀκύ-

455 1774 553 1839 λας
596 1777 847 1844 ἐξέδωκε,
897 1781 1149 1846 λαῖκούς·
1200 1786 1296 1855 οὐχ
1327 1787 1408 1839 ὄτι
1444 1786 1658 1859 βέϐηλοι
1687 1792 1734 1843 οἱ
1763 1790 1838 1861 μὴ
1867 1790 2030 1859 ἆγιοι,

454 1863 568 1917 ἀλλ’
598 1866 679 1919 ὅτι
702 1868 838 1939 πρὸς
869 1870 930 1922 τὸ
960 1871 1114 1940 ἅγιον
1146 1876 1583 1946 συγκρινόμενοι.
1625 1878 1720 1944 Ἓξ
1758 1879 1813 1932 δὲ
1842 1879 2039 1949 ἄρτους

454 1952 597 2027 εἶχεν
629 1962 660 2031 ἡ
686 1962 935 2032 τράπεζα
962 1965 1049 2018 ἀεὶ
1078 1965 1511 2038 ἀλλασσομὲνους
1535 1970 1674 2042 ὑπὲρ
1695 1970 1803 2024 τῶν
1831 1972 2037 2026 δώδεκα

454 2049 657 2117 φυλῶν,
681 2053 773 2117 οὓς
806 2056 1066 2121 ὲνωπίους
1095 2059 1321 2112 ἐκάλουν
1342 2075 1355 2088 '
1386 2061 1461 2123 ὡς
1494 2061 1721 2115 ἕκαστον
1751 2067 1815 2117 ὲκ
1837 2063 1929 2116 δύο
1949 2082 2041 2133 φυ-

453 2139 559 2195 λῶν
592 2146 1018 2218 προσφέρεσθαι.
1059 2149 1131 2203 Τὸ
1157 2151 1267 2223 γὰρ
1292 2154 1355 2205 ἐκ
1388 2153 1575 2207 τούτου
1607 2154 1810 2220 καλεῖν,
1846 2156 1905 2209 τὸ
1941 2157 2039 2220 τὰς

454 2232 625 2301 φυλὰς
668 2235 882 2312 Ἰσραὴλ
927 2242 1007 2305 είς
1051 2241 1303 2313 ὁμόνοιαν
1348 2245 1733 2300 συνάπτεσθαι.
1793 2247 2037 2319 Προεση-

456 2327 677 2396 μαίνετο
708 2331 765 2385 δὲ
795 2332 888 2386 καὶ
914 2334 993 2395 τὸ,
1036 2335 1139 2389 ἀνὰ
1165 2335 1259 2389 δύο
1283 2337 1598 2407 πέμπεσθαι
1628 2339 1754 2403 τοὺς
1788 2339 2035 2412 μαθητὰς

454 2418 559 2473 ὑπὸ
584 2421 821 2494 Χριστοῦ
856 2426 1151 2497 κηρύσσειν
1186 2428 1245 2480 ὲν
1280 2432 1405 2492 ταῖς
1447 2430 1640 2500 φυλαῖς
1679 2431 1927 2503 Ἰσραήλ’
1957 2428 2035 2484 εἷ-

454 2513 537 2565 ναί
562 2530 622 2567 τε
660 2515 778 2586 ἅμα
804 2516 913 2571 τῶν
941 2518 1146 2573 δώδεκα
1178 2520 1441 2590 μαθητῶν
1463 2523 1717 2594 ἀριθμόν.

520 2690 783 2747 Καὶ,ἐκεῖ
801 2688 876 2763 ἦν
898 2692 969 2746 ἐν
998 2691 1117 2746 τῶν
1147 2694 1493 2763 παιδαρίων.
1535 2696 1697 2767 Δηλοῖ
1721 2697 1805 2749 ὅτι
1834 2696 1923 2751 διὰ
1950 2695 2034 2750 v6-

452 2798 565 2849 σον,
611 2782 645 2854 ἢ
690 2783 758 2837 δι’
808 2786 1083 2857 ἁμαρτίαν
1128 2790 1427 2859 παρέμεινε
1473 2789 1631 2859 Δωὴκ
1679 2793 1708 2843 6
1743 2790 2034 2861 Ἰδουμαῖος

449 2872 678 2929 ἐνώπιον
733 2877 938 2947 Κυρίου
984 2878 1415 2950 θεραπευόμενος
1462 2882 1556 2934 καὶ
1606 2881 2034 2951 ἐξομολογούμε-

448 2982 569 3029 νος’
610 2965 643 3036 ἧ
678 2966 971 3036 δαιμόνων,
1002 2968 1078 3031 ὡς
1106 2970 1133 3021 ὁ
1160 2969 1357 3033 Σαοὺλ,
1403 2964 1463 3024 οὗ
1496 2970 1594 3032 τὰς
1634 2972 1890 3040 ἡμιόνους
1917 2972 2033 3025 E60-

451 3073 600 3110 σκεν.

515 3146 627 3201 Καὶ
660 3147 860 3202 Σαοὺλ
892 3148 1146 3217 ἐκάθητο
1173 3152 1243 3204 ἐν
1272 3150 1352 3217 τῷ
1374 3151 1603 3219 βουνῷ.
1657 3153 1713 3207 'D
1738 3154 1910 3208 Σαοὺλ
1934 3154 2027 3207 τοῦ

449 3327 608 3399 ραὴλ,
642 3330 765 3383 τότε
808 3331 1050 3391 εἰπόντος
1074 3350 1087 3363 ·
1142 3351 1161 3384 t
1187 3334 1302 3388 Οὑκ
1344 3335 1539 3406 ἔχομεν
1583 3336 1825 3406 βασιλέα.
1856 3358 1873 3391 ι
1923 3341 2031 3394 Καὶ

446 3418 555 3489 γὰρ
583 3420 612 3472 ὀ
637 3421 804 3474 πάλαι
827 3422 955 3486 λαὸς
981 3424 1338 3489 ἐξουδενώσας
1372 3426 1463 3479 τὸν
1487 3428 1651 3481 Δαυὶδ
1682 3428 2030 3498 βασιλεύοντα

445 3510 633 3575 αὑτοῦ,
661 3513 830 3582 ᾔτησε
855 3515 946 3567 τὸν
969 3516 1141 3569 Σαοὺλ
1166 3517 1401 3588 ἄρχοντα
1427 3518 1576 3590 αὐτῷ
1607 3520 1850 3591 δοθῆναι.

455 3618 558 3675 Ἕκ
596 3621 719 3676 τῶν
767 3624 1101 3695 Ὠριγένους
1132 3629 1219 3751 sic
1245 3626 1368 3708 fin-
1404 3627 1691 3697 δευτέραν
1711 3631 1828 3684 τῶν
1852 3636 2029 3687 Βασι-

1179 3715 1335 3751 ειων.

1179 3715 1208 3751 ε
1213 3716 1316 3751 ιων
1322 3736 1335 3751 ο

519 3784 647 3839 Ὀτι
688 3787 1075 3855 ἀντέστησαν
1103 3791 1155 3841 οἱ
1187 3787 1405 3857 τυφλοὶ
1434 3790 1534 3843 καὶ
1577 3793 1631 3844 οἱ
1672 3794 1873 3859 χωλοί.
1929 3794 2027 3845 ἰε-

446 3875 684 3929 ϐουσαίοι
712 3879 1049 3950 φιλόπτωχον
1072 3880 1161 3933 τὸν
1184 3881 1345 3933 Δαυὶδ
1370 3881 1636 3935 ὑπέϐαλον
1658 3884 1769 3937 ἀπὸ
1796 3884 1888 3937 τοῦ
1920 3887 2031 3939 τείο

447 3984 574 4037 κους
603 3969 845 4041 ὑϐρίζειν
888 3972 1051 4025 αὑτὸν
1077 3975 1203 4038 τοὺς
1230 3975 1435 4046 χωλοὺς
1470 3979 1563 4030 καὶ
1582 3976 1834 4045 τυφλούς.
1876 3978 1933 4030 '0
1970 3978 2028 4031 δὲ

448 4062 730 4131 κρατήσας
771 4064 871 4134 τὴν
915 4066 1291 4136 Ἰερουσαλὴμ,
1333 4068 1393 4120 οὐ
1430 4068 1588 4138 μόνον
1622 4070 1722 4121 οὐκ
1750 4068 2029 4122 ἐκάκωσεν

445 4151 644 4217 αὐτούς
663 4170 677 4184 ·
713 4154 827 4208 ἀλλ’
855 4154 1075 4227 ἔννομον
1108 4157 1259 4211 ἔθετο
1290 4162 1401 4221 τοῖς
1442 4160 1605 4213 αὐτοῦ
1635 4158 1991 4229 στρατιώταις
2010 4177 2023 4189 ·

450 4259 470 4292 ι
496 4242 563 4296 Et
584 4259 668 4307 τις
712 4245 889 4299 ἀνέλοι
935 4247 1132 4316 τυφλὸν
1169 4247 1510 4314 Ἰεϐουσαῖον,
1547 4249 1580 4321 ἢ
1624 4249 1814 4320 χωλὸν,
1861 4251 2028 4304 ams.

446 4331 560 4386 σθω
591 4335 651 4387 ὲν
693 4337 1010 4407 παραξιφίδι
1032 4355 1045 4368 ·
1075 4358 1094 4389 ι
1134 4339 1299 4409 ήγουν
1349 4359 1367 4390 ι
1393 4340 1737 4411 ἀναιρείσθω.
1766 4360 1784 4391 ι
1829 4342 1892 4393 Ei
1918 4340 2028 4412 γὰρ

446 4424 542 4477 καὶ
579 4426 809 4497 ἑμίσουν
836 4429 935 4499 τὴν
962 4428 1139 4499 ψυχὴν
1175 4429 1358 4497 Δαυὶδ,
1392 4430 1526 4484 ἀλλὰ
1571 4432 1785 4499 φειδοῦς
1813 4431 2022 4502 ἔτυχον.

2055 3202 2103 3265 C

447 3237 684 3307 πονηροῦ
717 3239 1027 3311 πνεύματος
1062 3241 1234 3295 τύπον
1280 3243 1455 3316 φέρει,
1504 3245 1767 3317 ἄρξαντος
1793 3247 1888 3300 τοῦ
1932 3249 2031 3300 ἰσ-
2055 3237 2125 3291 νγ

2149 609 2265 651 erat
2303 599 2355 653 in
2386 602 2640 671 gregibus
2664 606 2866 670 Ovinm,
2900 607 3027 664 illttd
3058 613 3159 667 sibi
3193 618 3510 672 reservavit.

2215 688 2283 741 Et
2332 690 2443 757 ipse
2479 692 2630 761 rufus
2654 693 2721 748 ³³.
2765 695 2904 751 Esau
2932 700 3148 768 quidem
3183 722 3200 753 ι
3233 704 3387 760 rufus
3414 719 3551 773 erat,
3587 710 3733 765 sicut

2150 780 2303 849 pellis
2333 783 2559 851 pilosus,
2590 803 2609 837 ι
2644 786 2878 842 habebat
2917 793 3115 861 quippe
3139 809 3203 848 ex
3237 810 3459 864 peccato
3491 802 3730 857 mortali-

2150 878 2312 925 tatem
2345 886 2399 927 et
2431 877 2632 929 cavlem
2666 890 2855 933 contra
2885 878 3075 938 Jucob.
3119 885 3285 941 David
3312 900 3490 944 autem
3527 910 3546 944 ι
3576 891 3728 948 rufus

2148 978 2270 1015 cum
2299 964 2700 1031 pulchritudine
2731 971 3036 1039 oculorum,
3083 983 3135 1028 et
3167 976 3339 1031 bonus
3370 990 3586 1048 aspectu
3623 982 3728 1038 Βο-

2149 1056 2313 1119 mino,
2345 1075 2364 1108 ι
2402 1066 2459 1110 ιιι
2490 1060 2820 1130 pcrspicacia
2852 1064 3070 1120 Davidis
3098 1071 3497 1127 ostenderetur.

2217 1231 2282 1284 Et
2323 1251 2457 1288 nunc
2488 1235 2535 1289 si
2570 1249 2690 1292 sunt
2713 1240 2807 1293 sub
2838 1258 2996 1296 manu
3035 1247 3261 1318 quinque
3286 1265 3443 1317 partes
3466 1250 3533 1305 “.
3578 1250 3717 1307 Prai-

2144 1321 2489 1390 signiﬁcabat
2538 1328 2737 1396 regiam
2778 1330 2977 1385 tribum
3013 1345 3068 1387 et
3116 1340 3507 1394 sacerdotalem
3553 1342 3727 1398 coali-

2147 1418 2299 1465 tnrns
2336 1427 2455 1468 esse
2493 1417 2545 1469 in
2575 1416 2793 1473 Christo
2820 1424 3103 1477 sacerdOte
3128 1426 3290 1480 simul
3320 1438 3374 1483 et
3406 1445 3552 1500 rege.

2214 1587 2336 1643 Non
2364 1602 2484 1645 sunt
2516 1610 2676 1661 panes
2698 1598 2911 1667 profani
2935 1600 3007 1656 ".
3048 1602 3331 1669 Prolanos.
3362 1623 3467 1662 non
3492 1608 3726 1666 immun-

2143 1680 2239 1734 dos
2267 1682 2420 1746 dicit,
2451 1686 2544 1739 sed
2580 1703 2684 1741 non
2732 1701 2968 1756 sanctos,
3003 1702 3059 1748 et
3094 1707 3151 1750 ιιι
3181 1697 3371 1766 Aquila
3402 1702 3585 1767 vertit,
3618 1701 3721 1756 lai-

2142 1787 2237 1826 cos
2270 1790 2284 1825 :
2313 1789 2421 1828 non
2455 1777 2598 1843 quod
2649 1779 2882 1847 profani,
2927 1785 3018 1852 qui
3048 1800 3154 1839 non
3209 1790 3403 1851 sancti.
3454 1793 3548 1846 sed
3578 1795 3717 1860 quod

2076 1862 2266 1917 Bcum
2316 1874 2506 1919 sancto
2552 1870 2874 1937 comparati.
2934 1870 3040 1927 Sex
3093 1884 3275 1929 autem
3326 1892 3492 1945 panes
3532 1880 3719 1936 habuit

2143 1966 2327 2007 mensa
2357 1955 2446 2022 qui
2477 1969 2694 2025 sctnper
2716 1961 3085 2028 mutabantur,
3114 1978 3249 2032 quos
3278 1977 3332 2020 et
3355 1970 3620 2025 vocabant
3649 1987 3714 2026 es

2141 2046 2369 2099 adverso
2396 2047 2598 2116 positos
2626 2065 2721 2119 pro
2744 2051 3027 2108 duodecim
3059 2056 3337 2122 tribubus;
3368 2059 3438 2112 ita
3469 2072 3529 2114 ut
3562 2077 3718 2117 unus-

2140 2136 2373 2206 quisque
2424 2153 2454 2191 a
2502 2139 2712 2195 duabus
2745 2141 2993 2199 tribubus
3046 2145 3355 2203 oll'erretur.
3411 2148 3541 2206 lude
3569 2154 3713 2207 enim

2141 2228 2247 2283 illis
2278 2244 2497 2295 nomen,
2535 2236 2677 2301 quod
2726 2236 2898 2290 tribus
2944 2236 3106 2292 Israel
3155 2240 3208 2293 in
3257 2242 3502 2297 eamdem
3548 2245 3714 2301 animi

2138 2321 2462 2376 sententiam
2497 2324 2870 2380 convenirent.
2913 2325 3371 2400 Praesiguilicatur
3411 2335 3571 2388 etiam
3600 2334 3719 2391 fore

2140 2423 2197 2467 ut
2231 2414 2336 2469 bini
2384 2424 2440 2470 et
2478 2416 2586 2471 bini
2633 2432 2663 2470 a
2715 2417 2937 2473 Christo
2981 2421 3228 2491 discipuli
3266 2425 3612 2480 mitterentur
3643 2427 3711 2481 ad

2139 2506 2311 2561 tribus
2350 2507 2510 2561 Israel
2541 2517 2597 2563 et
2626 2509 2791 2563 simul
2824 2521 2971 2567 esset
3010 2513 3297 2569 duodecim
3345 2516 3715 2585 apostolorum

2138 2615 2418 2655 numerus.

2208 2688 2277 2743 Et
2326 2691 2397 2744 ibi
2436 2701 2547 2746 erat
2588 2709 2724 2747 unus
2759 2710 3043 2763 puerorum
3081 2695 3145 2748 ".
3191 2694 3469 2767 Signiﬁcat
3500 2708 3717 2771 propter

2136 2792 2419 2851 peccatqu
2468 2783 2552 2838 vel
2601 2786 2670 2839 ob
2716 2786 2965 2840 morbum
3020 2789 3346 2841 remansisse
3394 2786 3538 2858 Doeg
3590 2789 3714 2843 ldu-

2136 2888 2330 2927 maanm
2382 2883 2440 2928 ut
2488 2876 2719 2931 serviret
2759 2885 2813 2932 et
2850 2875 3209 2931 conﬁteretur
3251 2892 3435 2931 coram
3463 2878 3713 2947 Domino,

2134 2964 2216 3017 vel
2262 2980 2448 3019 coram
2498 2966 2857 3032 daemonibus,
2907 2967 3362 3037 quemadmodum
3396 2968 3525 3023 Saul
3560 2970 3716 3040 cujus

2134 3056 2307 3107 mulos
2343 3056 2624 3124 pascebat.
3204 3066 3207 3069 “

2205 3144 2273 3199 Et
2301 3145 2437 3201 Saul
2462 3148 2675 3201 sedebat
2703 3148 2759 3202 in
2789 3147 2920 3202 colle
2942 3149 3010 3202 ".
3054 3147 3183 3202 Sani
3213 3157 3391 3219 typum
3421 3148 3525 3203 fert
3553 3150 3711 3203 mali-

2134 3237 2220 3306 gni
2243 3237 2467 3306 spiritus
2485 3238 2575 3306 qui
2611 3239 2917 3294 dominatus
2939 3248 3022 3294 est
3051 3239 3213 3293 Israel
3243 3238 3443 3294 dicenti
3481 3255 3496 3293 :
3537 3258 3557 3291 ι
3596 3239 3708 3294 Non

2135 3328 2400 3382 habemus
2431 3342 2631 3397 regem.
2664 3347 2684 3381 ι
2725 3327 2858 3382 Nam
2890 3328 3102 3398 priscus
3142 3330 3370 3399 populus
3399 3338 3711 3401 contempto

2135 3419 2335 3473 Davide
2360 3432 2486 3488 rege
2512 3433 2610 3473 suo
2632 3418 2791 3489 petiit
2820 3419 3041 3474 Saulem
3076 3434 3256 3489 regem
3284 3419 3388 3474 sibi
3420 3420 3563 3475 dari.

2134 3617 2219 3672 Ea:
2251 3618 2640 3672 comonenIariis
2687 3615 2930 3686 Origeuis
2972 3616 3026 3668 in
3072 3614 3263 3668 librum
3296 3617 3582 3670 secundum
3612 3616 3710 3671 Be-

2802 3702 3046 3756 gnarum.

2204 3778 2348 3844 Quia
2395 3777 2662 3832 adversati
2707 3788 2828 3830 sunt
2877 3776 3002 3829 caci
3047 3784 3096 3828 et
3152 3773 3330 3826 claudi
3355 3772 3422 3827 ".
3480 3772 3709 3829 Jebusaei

2129 3887 2427 3942 pauperum
2454 3879 2755 3924 amatorem
2790 3866 2961 3922 David
3007 3882 3040 3921 a
3075 3880 3230 3920 muro
3259 3876 3711 3921 commonueruut

2130 3965 2426 4021 conviciari
2461 3964 2559 4032 ipsi
2593 3977 2767 4018 caecos
2796 3970 2851 4015 et
2900 3959 3143 4014 claudos.
3195 3958 3293 4013 Hic
3324 3969 3505 4015 autem
3535 3960 3710 4032 captis

2129 4055 2483 4127 Jerosolymis
2515 4071 2622 4110 non
2657 4054 2831 4111 solum
2862 4052 2995 4106 nihil
3033 4053 3114 4107 eis
3142 4051 3268 4106 mali
3306 4053 3576 4122 rependit,
3610 4056 3705 4109 sed

2132 4158 2396 4214 tnilitibus
2421 4156 2560 4211 hanc
2592 4156 2762 4225 legem
2800 4152 2988 4208 tulit”
3026 4169 3040 4205 :
3080 4168 3100 4204 ι
3124 4151 3183 4207 Si
3214 4153 3336 4222 quis
3375 4152 3709 4208 interfecerit

2129 4264 2331 4305 csecutn
2355 4247 2684 4310 Jebusaeum,
2709 4244 2794 4299 vel
2824 4243 3099 4311 claudum,
3128 4252 3380 4311 tangatur
3409 4242 3656 4313 pugione,
3679 4263 3703 4301 ι

2132 4342 2236 4397 hoc
2264 4350 2347 4395 est
2378 4358 2399 4391 ι
2428 4338 2727 4394 occidatur.
2752 4354 2771 4388 ι
2815 4334 3075 4403 Quamvis
3112 4334 3258 4389 enim
3288 4335 3414 4388 odio
3448 4335 3708 4390 baberent

2132 4432 2367 4485 animam
2401 4428 2590 4489 David,
2623 4427 2704 4482 cis
2734 4427 3001 4497 parcitum
3032 4433 3135 4480 est.

458 4537 552 4592 Ἐκ
586 4538 707 4593 τῶν
750 4541 1083 4611 Ὤριγένους
1128 4545 1216 4622 είς
1242 4543 1368 4622 τὴν
1411 4544 1619 4614 τρίτην
1675 4543 1794 4599 τῶν
1836 4549 2019 4600 Βασι-

2132 4540 2294 4614 481
2342 4538 2427 4593 Ea:
2462 4537 2848 4622 commentariis
2880 4534 3124 4604 Origenis
3155 4535 3211 4588 in
3250 4532 3445 4585 librum
3486 4532 3700 4587 tertium

1133 4618 1333 4668 λειῶν.

516 4702 626 4755 Kal
648 4703 854 4773 σφύρα
886 4705 985 4757 καὶ
1018 4705 1280 4772 πέλεκυς
1324 4708 1423 4760 καὶ
1451 4705 1576 4762 πᾶν
1599 4708 1823 4773 σκεῦος
1851 4708 2024 4775 σιδή-

436 4809 573 4860 ρου.
608 4789 770 4859 οἶκος
791 4795 848 4848 δὲ
870 4797 1210 4869 ήἘκκλησία
1234 4797 1327 4850 τοῦ
1349 4798 1507 4862 Θεοῦ,
1534 4800 1593 4853 ὲν
1618 4792 1651 4872 ᾖ
1673 4801 1735 4852 οὐ
1754 4800 1836 4853 δεῖ
1858 4801 2027 4853 ἀκου-

448 4885 640 4958 σθῆναι
669 4888 900 4959 σφύραν.
929 4889 1117 4963 Σφύρα
1148 4891 1205 4944 δὲ
1231 4893 1411 4962 πάσης
1433 4893 1557 4964 γῆς,
1582 4892 1610 4944 ὁ
1631 4892 1876 4955 διάϐολος
1894 4909 1907 4922 ·
1929 4892 2024 4947 καὶ

446 4978 592 5035 ἔστιν
619 4983 650 5034 ὁ
697 4982 771 5054 μὴ
801 4982 1100 5053 φροντίζων
1141 4985 1330 5055 αὐτῆς,
1375 4986 1541 5039 οἱονεί
1584 5002 1670 5049 τις
1693 4984 1793 5054 ῦλη
1827 5001 2023 5037 τυπτο-

449 5070 582 5143 μένη
622 5075 751 5145 παρ’
780 5074 950 5145 αὐτῆς
974 5075 1065 5127 καὶ
1096 5073 1171 5146 μὴ
1198 5076 1500 5146 πάσχουσα.
1550 5093 1569 5127 ι
1592 5075 1723 5129 Ἰδοὺ
1754 5076 1885 5146 γὰρ,
1914 5091 2020 5145 φη-

445 5167 532 5221 σὶν
567 5166 768 5237 ’Δμὼς,
815 5166 955 5237 ἀνὴρ
994 5163 1241 5238 ἑστηκὼς
1277 5168 1370 5220 ἐπὶ
1396 5168 1608 5238 τείχους
1638 5167 2018 5238 ἀδαμαντίνου,

445 5260 540 5311 καὶ
565 5260 623 5312 ἑν
647 5261 713 5330 τῇ
749 5259 893 5330 χειρὶ
922 5256 1088 5311 αὐτοῦ
1125 5258 1370 5329 ἀδάμαςθ
1396 5276 1415 5309 ι
1450 5258 1509 5321 ὃς
1549 5259 1764 5328 ἀδάμας
1810 5259 1902 5311 ὑπ’
1924 5260 2016 5311 ού-

444 5351 633 5423 δεμίας
679 5351 1093 5423 συντριϐήσεται
1124 5350 1351 5422 σφύρας.
1385 5350 1503 5404 Κᾶν
1546 5351 1840 5421 ἐφεστήκει
1884 5349 2015 5419 γοῦν

444 5446 472 5496 ὸ
496 5443 739 5507 διάϐολος
773 5443 973 5513 σφύρα,
1017 5443 1110 5495 καί
1146 5443 1499 5512 ὑποκείμενος
1537 5444 1565 5495 ὁ
1596 5442 1811 5513 δράκων
1831 5441 2016 5514 ὥσπερ

443 5536 637 5607 ἄκμων
660 5536 943 5605 ἁνήλατος,
981 5534 1135 5589 οὐδὲν
1157 5535 1186 5588 ὀ
1210 5536 1269 5587 ὲν
1294 5537 1360 5605 τῇ
1392 5534 1537 5605 χειρὶ
1568 5533 1771 5603 Κυρίου
1796 5532 1891 5588 καὶ
1912 5532 2017 5586 ὑπὸ

2759 4606 3081 4676 Regnorum.

2206 4701 2273 4756 Et
2299 4699 2521 4754 malleus
2546 4709 2595 4753 et
2618 4698 2817 4752 securis
2843 4709 2886 4750 et
2920 4712 3070 4750 omne
3101 4712 3192 4748 vas
3238 4694 3466 4762 ferreum
3499 4692 3565 4747 “.
3603 4689 3708 4747 Do-

2072 4786 2077 4791 ’
2132 4810 2274 4858 mus,
2301 4802 2386 4848 cst
2420 4791 2661 4847 Ecclesia
2703 4788 2820 4851 Dei,
2856 4787 2907 4841 in
2955 4801 3062 4856 qua
3110 4799 3216 4839 non
3272 4782 3571 4837 audiendus
3618 4791 3706 4836 est

2131 4886 2378 4941 malleus.
2408 4881 2686 4938 Universae
2717 4889 2895 4933 autem
2930 4887 3087 4931 terrae
3134 4874 3359 4929 malleus
3400 4883 3480 4928 est
3519 4873 3706 4928 diabo-

2126 4982 2245 5037 lus:
2276 4982 2343 5036 de
2366 4994 2474 5049 quo
2501 4977 2593 5047 qui
2620 4990 2727 5029 non
2768 4982 2945 5035 curat,
2970 4979 3053 5024 cst
3084 4968 3248 5023 veluti
3283 4966 3510 5021 materia
3555 4980 3702 5036 qua:-

2129 5074 2252 5128 dam
2282 5085 2400 5140 qua:
2426 5068 2496 5122 ab
2519 5068 2634 5136 ipso
2661 5062 2960 5133 percutitur
2988 5068 3043 5114 et
3066 5058 3201 5113 nihil
3228 5056 3434 5125 patitur
3475 5072 3490 5108 :
3519 5070 3539 5106 ι
3563 5053 3705 5108 Ecce

2125 5161 2293 5226 enim,
2335 5157 2508 5227 inquit
2529 5156 2696 5210 Amos
2719 5154 2789 5218 “,
2818 5152 2903 5207 vir
2920 5149 3099 5205 stabat
3135 5162 3298 5217 super
3333 5159 3543 5200 murum
3572 5143 3705 5197 ada-

2124 5251 2429 5306 mantinum
2464 5256 2560 5302 :et
2602 5246 2656 5299 in
2694 5259 2855 5300 manu
2874 5241 2989 5311 ejus
3010 5241 3264 5303 adamas;
3304 5256 3324 5288 ι
3351 5236 3443 5305 ιιιιὶ
3476 5234 3701 5288 adamas

2124 5358 2155 5397 ι
2187 5341 2336 5397 nullo
2362 5338 2558 5394 malleo
2605 5345 2944 5392 conteretur.
3000 5329 3263 5399 Quamvis
3314 5326 3479 5394 igitur
3529 5323 3701 5377 instet

2125 5431 2377 5486 diabolus
2401 5429 2648 5491 malleus,
2668 5435 2724 5481 et
2746 5424 3023 5492 subjectus
3060 5422 3226 5474 draco
3249 5425 3504 5482 tanquam
3542 5409 3700 5465 incus

2125 5523 2386 5583 indomita
2409 5561 2425 5587 ,
2460 5521 2549 5591 qui
2580 5520 2631 5573 in
2672 5530 2831 5572 manu
2883 5511 2979 5567 Dei
3018 5516 3104 5564 est
3137 5518 3191 5562 et
3219 5505 3319 5560 sub
3354 5497 3697 5571 providentia

516 5751 762 5829 "illa.
793 5747 1049 5829 “uti.”
1088 5746 1134 5829 '_‘
1156 5744 1175 5802 l
1201 5744 1331 5814 Reg.
1361 5758 1472 5829 κιρ,
1500 5743 1552 5798 δ,
1649 5743 1695 5774 u
1722 5740 1855 5797 ibi“,
1879 5740 1932 5794 ι,
2011 5742 2030 5773 ι

2131 5738 2209 5795 id.
2234 5739 2287 5792 ‘l.
2363 5734 2407 5766 ⁸⁷
2432 5734 2452 5788 ι
2477 5732 2607 5800 Reg.
2637 5744 2771 5793 un,
2795 5723 2847 5779 6.
2914 5720 2959 5754 ⁸³
2983 5719 3019 5774 ll
3046 5716 3174 5786 Reg.
3203 5727 3255 5776 ν.
3279 5711 3334 5765 6.
3410 5706 3459 5741 ⁸⁹
3482 5703 3612 5761 ibid.
3636 5701 3694 5759 8.

447 5820 494 5853 ⁸⁸
515 5818 578 5875 ιιι
612 5814 743 5890 Reg:
781 5836 854 5886 ιι,
884 5819 936 5872 7.
1012 5819 1051 5848 ⁶¹
1092 5821 1257 5871 Amos
1299 5829 1391 5878 vn,
1420 5814 1472 5871 7.
