4124 6428
392 364 497 419 995

1834 358 2158 415 OlllCENIS

3544 368 3649 421 996

391 481 511 549 ejus
541 478 782 543 adamas,
816 494 917 531 uou
946 478 1121 532 cadet.
1163 477 1345 532 Murus
1371 477 1513 530 enim
1548 476 1927 532 adatnautinus
1951 520 1964 544 ,

2074 479 2170 549 τὴν
2212 479 2519 550 ἐπισκοπὴν
2550 479 2712 534 αὑτοῦ
2746 480 2965 551 ἀδάμας
3004 482 3270 535 πεσεῖται.
3317 482 3505 551 Τεῖχος
3541 483 3652 555 γὰρ

313 578 325 599 '
392 572 483 638 qui
522 572 573 624 in
603 586 761 623 manu
788 570 879 622 Dei
912 570 1344 638 imperturbatus
1378 577 1577 634 manet,
1609 578 1690 622 est
1715 578 1963 631 sanctus,

392 660 520 715 licet
544 661 751 714 medius
786 660 1226 728 apprehendatur
1254 661 1394 715 inter
1423 659 1673 713 malleum
1731 669 1788 714 et
1840 661 1967 714 dra-

2066 569 2095 619 ὁ
2132 568 2285 636 ἅγιος
2315 569 2690 640 ἀδαμάντινον,
2714 572 2808 625 καὶ
2838 573 2893 623 ὲν
2920 571 3062 642 χειρὶ
3087 572 3290 642 Κυρίου
3323 572 3483 643 μένον
3509 574 3653 627 ἀπα·-

2069 657 2180 722 θὲς.
2205 657 2311 711 κᾶν
2339 662 2504 730 μέσος
2535 660 2712 731 ληφθῇ
2737 661 2836 730 τῆς
2866 677 2926 713 τε
2954 662 3162 731 σφύρας
3185 663 3281 716 καὶ
3301 663 3397 716 τοῦ
3429 663 3655 733 δράκον-

390 766 606 809 conem.
644 752 860 818 Quanto
892 752 1122 817 amplius
1177 753 1509 819 verberatur,
1554 762 1704 808 tanto
1765 753 1964 809 clarior

2068 766 2176 813 τος.
2210 750 2358 820 Ὄσῳ
2387 750 2444 803 δὲ
2467 750 2753 814 τύπτεται,
2790 752 3173 824 λαμπροτέραν
3202 752 3371 807 αὑτοῦ
3401 755 3501 825 τὴν
3526 755 3657 826 ἀρι-

391 844 563 898 virtus
605 844 722 912 ejus
744 846 949 901 evadit.
985 843 1240 899 Diabolus
1288 846 1433 901 enim
1481 854 1538 899 ut
1593 845 1683 914 qui
1728 844 1964 914 lapidum

2068 840 2165 911 τὴν
2200 841 2550 900 ἐπιδείκνυσι.
2588 845 2645 897 '0
2666 844 2776 916 γὰρ
2796 845 3039 909 διάϐολος
3058 840 3147 900 οἷά
3162 863 3245 908 τις
3264 846 3425 899 λίθων
3445 846 3656 915 ἀγνοῶν

393 936 603 1004 ignorat
634 928 905 996 naturam,
933 936 1115 989 tuultis
1140 935 1337 989 ietibus
1362 936 1715 1004 probat-eum
1764 935 1855 1004 qui
1882 943 1967 990 est

392 1042 489 1081 ceu
517 1027 740 1080 adamas
762 1035 818 1081 et
843 1024 997 1093 cujus
1018 1028 1166 1081 solus
1201 1027 1342 1080 Deus
1369 1036 1617 1079 naturam
1654 1025 1821 1078 novit.

460 1135 546 1191 Ex
595 1140 988 1191 commentariis
1030 1135 1270 1206 Origenis
1314 1139 1368 1191 in
1416 1136 1609 1189 librum
1663 1144 1910 1204 quartum

1026 1206 1344 1276 Regnorum.
1876 1214 1879 1217 '

466 1296 601 1351 Ecce
638 1310 815 1351 autem
863 1316 978 1354 cum
1026 1302 1202 1373 pueris
1255 1299 1358 1352 tuis
1414 1297 1802 1367 quinquaginta
1849 1294 1969 1356 viri,

394 1390 495 1457 filii
522 1391 726 1443 virtutis
757 1391 824 1445 “.
869 1390 1124 1445 Christus
1151 1391 1342 1454 virtus,
1375 1390 1478 1443 diei
1503 1390 1641 1442 ﬁlios
1671 1388 1819 1449 facit,
1842 1396 1895 1440 et
1921 1385 1971 1439 si

394 1484 516 1550 quis
543 1493 624 1537 est
644 1485 725 1537 vir
747 1485 985 1548 virtutis,
1020 1483 1163 1537 filius
1188 1482 1390 1538 Christi
1416 1490 1519 1538 est.
1548 1481 1759 1536 Accidit
1785 1490 1966 1533 autent

394 1584 602 1641 utqua:
631 1576 731 1628 suh
756 1574 980 1629 Christo
1013 1580 1140 1628 sunt
1199 1574 1432 1627 virtutes
1500 1573 1641 1627 filios
1695 1580 1969 1642 nequeant

394 1662 610 1731 facere;
657 1665 701 1719 si
734 1678 910 1720 autem
943 1665 1163 1730 faciunt,
1200 1674 1255 1718 at
1286 1664 1457 1719 solum
1488 1664 1742 1718 infantes.

2073 929 2253 999 φύσιν,
2300 929 2387 983 διὰ
2415 932 2626 985 πολλῶν
2651 932 2934 1003 δοκιμάζει
2983 935 3228 1005 πληγῶν,
3258 936 3348 987 τὸν
3389 931 3500 988 οἷον
3522 935 3653 991 ἀδά-

2076 1040 2270 1093 μαντα,
2303 1022 2437 1076 Θεοῦ
2472 1024 2633 1094 μόνου
2662 1025 2759 1096 τὴν
2789 1027 2980 1081 τούτου
3016 1027 3178 1097 φύσιν
3209 1028 3430 1090 εἱδέτος,

2086 1134 2186 1188 Ἕκ
2220 1135 2340 1188 τῶν
2384 1135 2715 1205 Ὠριγένους
2751 1140 2841 1262 ετΞὲ
2874 1137 2989 1216 ξὴν
3012 1139 3299 1208 τετάρτην
3328 1136 3446 1193 τῶν
3469 1140 3652 1195 Βασι-

2845 1226 2970 1261 ιων.

2845 1226 2970 1261 ιων.

2160 1297 2305 1353 Ἰδοὺ
2345 1299 2413 1353 δὲ
2453 1299 2606 1369 μετὰ
2639 1299 2758 1352 τῶν
2796 1299 3025 1352 παίδων
3057 1313 3172 1354 σου
3212 1298 3263 1354 ν’
3288 1301 3502 1370 ἄνδρες
3538 1303 3657 1356 υἱοὶ

2075 1387 2401 1459 δυνάμεως.
2462 1393 2698 1464 Χριστὸς
2740 1390 2987 1461 δύναμις,
3027 1391 3241 1463 ἡμέρας
3281 1394 3429 1457 υἱοὺς
3474 1398 3649 1447 ποιεῖ·

2073 1482 2167 1534 καὶ
2192 1483 2244 1534 εῐ
2268 1500 2351 1546 τις
2386 1484 2532 1537 ἐστὶν
2569 1483 2709 1554 ἀνὴρ
2741 1483 3038 1553 δυνάμεως,
3077 1482 3223 1535 ἐστὶν
3250 1485 3360 1548 υἱὸς
3393 1484 3651 1556 Χριστοῦ.

2072 1573 2209 1625 Ποτὲ
2233 1574 2290 1627 δὲ
2318 1577 2466 1639 υἱοὺς
2497 1577 2669 1628 ποιεῖν
2704 1576 2759 1627 ai
2797 1574 2900 1628 ὑπὸ
2923 1575 3157 1647 Χριστὸν
3198 1575 3455 1646 δυνάμεις
3479 1578 3541 1629 οὺ
3571 1575 3654 1629 δύο

2071 1682 2278 1722 νανται.
2320 1667 2383 1719 Εἰ
2412 1666 2467 1719 δὲ
2504 1668 2597 1720 καὶ
2629 1667 2898 1731 ποιοῦσιν,
2924 1667 3056 1720 ἀλλὰ
3088 1668 3332 1737 νηπίους.

3429 1825 3607 1839 —-——-—

634 1978 1215 2071 ORIGENIS
1290 1980 1865 2075 HOMILUE
1945 1983 2071 2071 IN
2152 1984 2617 2075 LIBRUM
2702 1987 3411 2079 REGNORUM.

1968 2179 2039 2192 —

902 2324 1185 2380 llOMiLIA
1233 2325 1465 2383 PRIMA.

389 2415 470 2473 De
493 2415 762 2473 Heichana
818 2426 863 2487 gf
900 2415 1234 2487 HPhenenno,
1291 2429 1337 2472 et
1392 2420 1544 2473 Anna
1597 2427 1646 2473 et
1699 2420 1969 2487 Samuele,

803 2485 947 2553 Heli,
977 2498 1023 2541 et
1051 2484 1224 2555 Opimi
1245 2499 1293 2542 et
1323 2488 1569 2545 Phineas.

462 2603 513 2656 1.
538 2602 651 2656 Non
686 2609 812 2655 tunc
851 2600 1229 2675 tantummodo
1255 2600 1396 2656 Dens
1437 2602 1701 2671 plantavit
1754 2602 1973 2672 paradi-

398 2708 548 2757 sum,
578 2692 673 2747 sed
715 2690 888 2745 donec
934 2698 1044 2745 stat
1072 2689 1179 2742 vita
1222 2691 1557 2755 mortalium,
1616 2692 1789 2747 donec
1828 2692 1975 2746 salus

392 2785 674 2855 hominum
709 2783 905 2837 divinis
935 2781 1369 2837 institutionibus
1414 2792 1738 2851 procuratur
1760 2822 1775 2848 ,
1834 2796 1976 2837 sein-

391 2890 499 2944 per
539 2875 676 2929 fiunt
716 2890 779 2929 ea
811 2891 931 2945 qua:
968 2875 1099 2945 justi
1145 2891 1244 2931 vox
1280 2884 1402 2930 orat
1450 2874 1503 2928 in
1555 2872 1810 2939 Psalmis,
1850 2890 1972 2930 cum

388 2968 525 3023 dicit
556 2968 601 3000 ⁸³
628 2983 642 3020 :
681 2986 699 3019 ι
729 2966 995 3023 lnducens
1023 2970 1207 3040 planta
1237 2983 1331 3023 eos
1368 2968 1422 3021 in
1466 2976 1651 3022 monte
1680 2967 1969 3021 haeredita-

390 3057 461 3110 tis
490 3065 644 3110 tuae.»
672 3054 825 3111 Unde
857 3067 913 3110 et
934 3072 1125 3111 omnes
1152 3070 1379 3131 oramus
1402 3069 1523 3109 esse
1550 3055 1816 3126 plantatio
1840 3055 1967 3110 Dei:

389 3148 515 3217 quia
539 3147 585 3201 si
611 3149 732 3216 quis
753 3162 859 3202 non
884 3147 1046 3202 fuerit
1074 3146 1339 3215 plantatio
1369 3144 1485 3211 Dei,
1509 3147 1780 3202 sententia
1804 3146 1971 3202 semel

390 3256 419 3294 a
476 3240 658 3309 judice
714 3239 958 3294 omnium
1013 3237 1298 3293 Salvatore
1350 3247 1537 3293 nostro
1600 3238 1705 3292 lata
1759 3247 1843 3292 est
1895 3237 1973 3292 di-

387 3347 521 3389 cens
542 3332 587 3364 “
617 3349 631 3386 :
668 3349 688 3383 ι
733 3331 926 3386 Omnis
948 3329 1209 3399 plantatio
1241 3344 1404 3398 quam
1434 3344 1538 3384 non
1576 3329 1841 3399 plantavit
1869 3327 1971 3381 Pa-

390 3435 474 3479 ter
507 3437 658 3477 meus
684 3421 944 3488 ctelestis,
976 3421 1365 3477 eradicabitur.
1422 3439 1440 3473 ι
1498 3421 1640 3475 Dens
1661 3435 1791 3490 ergo
1819 3421 1973 3489 plan-

389 3522 491 3581 tat,
523 3524 577 3568 et
601 3522 685 3568 est
706 3513 952 3582 quaedam
990 3515 1205 3582 propria
1238 3513 1329 3568 Dei
1372 3512 1731 3583 agricultura,
1767 3521 1823 3565 et
1875 3526 1970 3565 ue-

385 3618 543 3660 cesse
570 3612 655 3657 est
676 3605 823 3672 quod
847 3619 979 3674 ager
1014 3603 1103 3658 ille
1126 3619 1290 3672 quem
1327 3602 1472 3658 Deus
1494 3604 1623 3658 colit
1648 3612 1702 3657 et
1733 3602 1965 3671 plantat,

2008 2339 2049 2394 Β
2079 2332 2195 2403 agri
2238 2330 2437 2399 plantae
2459 2345 2577 2386 esse
2599 2344 2888 2400 possumus
2922 2339 2977 2384 et
3005 2340 3275 2399 optamus.
3322 2346 3426 2386 non
3474 2340 3650 2386 tamen

2078 2422 2328 2477 eumdem
2392 2437 2643 2491 saporem
2698 2422 2944 2476 reddere.
3011 2422 3069 2476 lu
3119 2422 3385 2478 fructibus
3433 2422 3650 2491 quidem

2077 2514 2523 2568 conﬁtemini-uos
2576 2512 2778 2566 habere
2804 2511 3007 2579 aliquid
3036 2513 3415 2568 amaritudinis
3471 2515 3525 2567 in
3566 2528 3655 2566 sa-

2076 2619 2226 2673 pore,
2255 2612 2349 2656 aut
2394 2602 2533 2656 forte
2576 2600 2718 2671 quod
2747 2600 2959 2654 videtur
2986 2600 3100 2671 (92)
3145 2603 3317 2671 magis
3376 2618 3539 2672 quam
3585 2603 3655 2656 sit

2076 2709 2322 2747 amarum
2353 2710 2367 2746 :
2405 2693 2531 2762 quia
2562 2709 2743 2748 sermo
2770 2692 3134 2760 correptionis
3174 2686 3399 2746 amarus
3431 2692 3650 2761 quidem

2077 2790 2291 2844 videtur
2311 2803 2434 2845 esse
2464 2788 2593 2843 dum
2651 2787 2901 2857 corripit,
2948 2786 3124 2842 dulcis
3179 2796 3358 2841 autem
3418 2784 3652 2841 eilicitur

2075 2894 2197 2933 cum
2225 2881 2497 2935 emendat.
2530 2877 2660 2933 Vide
2692 2878 2859 2932 etiam
2881 2876 3051 2946 ipsius
3087 2875 3294 2931 Domini
3325 2884 3381 2930 et
3404 2874 3653 2930 Salvato-

2080 2962 2155 3025 ris
2182 2972 2351 3025 nostri
2385 2984 2690 3031 sermones,
2718 2969 2841 3037 quia
2874 2982 2979 3021 non
3030 2981 3219 3021 omnes
3259 2964 3651 3024 beatitudinem

2076 3063 2380 3127 continent,
2417 3078 2516 3117 nec
2549 3075 2738 3117 omnes
2771 3062 2836 3113 de
2866 3061 3021 3113 venia
3054 3068 3109 3112 et
3142 3057 3479 3130 indulgentia
3528 3071 3653 3126 pro-

2076 3159 2369 3216 testantur,
2400 3152 2492 3206 sed
2529 3160 2657 3206 sunt
2684 3150 2737 3204 in
2771 3147 2952 3203 verbis
2979 3147 3144 3202 etiam
3172 3148 3420 3216 quaedam
3467 3156 3651 3200 auste-

2075 3260 2133 3298 ra
2162 3254 2214 3299 et
2243 3245 2443 3299 tristia.
2476 3243 2629 3299 Sicut
2656 3244 2801 3297 enim
2834 3242 2967 3296 dicit
2993 3260 3006 3295 :
3030 3240 3177 3295 Beati
3196 3241 3287 3310 qui
3314 3241 3429 3294 haec
3456 3250 3512 3294 et
3537 3240 3651 3293 haec

2074 3346 2259 3408 agunt.
2292 3337 2364 3390 ita
2398 3337 2548 3399 dicit,
2579 3333 2673 3389 Va:
2701 3335 2806 3391 illis
2846 3335 2938 3404 qui
2969 3334 3084 3389 haec
3136 3344 3191 3387 et
3235 3333 3350 3387 haec
3396 3343 3647 3404 egerunt.

2074 3429 2187 3499 Ego
2208 3428 2310 3482 hoc
2331 3428 2496 3483 etiam
2531 3428 2583 3481 iu
2608 3425 2888 3495 prophetis
2907 3432 3282 3492 perscrutatus
3311 3438 3451 3486 sum,
3477 3434 3533 3477 et
3562 3423 3649 3477 in.-

2073 3518 2193 3571 veui
2223 3517 2409 3586 paucis
2431 3518 2823 3585 prophetarum
2857 3514 2999 3569 istud
3028 3528 3151 3569 esse
3193 3527 3518 3568 concessum
3540 3552 3556 3577 ,
3592 3521 3653 3567 ut

2075 3621 2350 3675 nunquam
2379 3605 2586 3673 aliquid
2617 3602 2831 3674 populis
2862 3616 3108 3656 amarum
3138 3609 3233 3655 aut
3285 3599 3439 3655 triste
3469 3602 3653 3670 loque-

394 3711 499 3749 uon
528 3710 690 3750 unam
725 3694 923 3749 habeat
957 3696 1215 3749 arborum
1262 3696 1527 3764 speciem,
1561 3692 1654 3747 sed
1708 3701 1964 3761 tauquam

2074 3708 2282 3764 rentur,
2307 3696 2400 3751 sed
2434 3694 2613 3749 dulcia
2651 3708 2866 3763 semper
2890 3702 2947 3749 et
2976 3693 3142 3749 leuia.
3176 3692 3537 3747 Observatum
3570 3702 3651 3745 ta—

389 3800 482 3839 rus
509 3784 694 3838 divitis
719 3794 773 3838 et
806 3786 1043 3855 potentis
1083 3786 1337 3857 agricolas
1367 3786 1432 3839 de
1458 3784 1703 3840 omnium
1748 3782 1817 3837 sit
1846 3782 1960 3835 vir-

386 3874 661 3944 gultorum
698 3890 897 3943 genere
929 3875 1213 3931 refertum.
1268 3876 1547 3943 Quomodo
1571 3883 1751 3930 autent
1785 3872 1965 3927 omnia

395 3964 707 4019 habeantur
736 3967 788 4020 in
830 3982 961 4035 agro
995 3967 1111 4031 Dei,
1143 3969 1552 4024 consideremus
1574 3982 1641 4021 ex
1667 3966 1825 4035 hujus
1855 3972 1967 4019 ter-

384 4070 461 4111 ra:
488 4058 632 4128 agris
661 4074 797 4127 quos
830 4058 1076 4113 homines
1109 4059 1313 4113 colunt.
1348 4058 1600 4125 Nunquid
1624 4059 1676 4111 in
1707 4072 1838 4127 agro
1865 4070 1967 4111 suo

382 4147 771 4219 paterfamilias
803 4148 1042 4217 agricola
1076 4160 1243 4205 totum
1271 4151 1459 4203 vineas
1492 4149 1692 4214 habet,
1739 4156 1832 4202 aut
1886 4156 1967 4200 to-

386 4249 502 4295 tum
528 4242 683 4307 ficus,
718 4251 809 4296 aut
846 4251 1019 4296 totum
1046 4243 1211 4307 mala,
1237 4243 1321 4296 vel
1350 4241 1596 4312 palmas?
1627 4241 1734 4296 Sed
1761 4240 1853 4309 qui
1884 4240 1965 4293 di-

385 4333 557 4402 ligens
577 4344 632 4388 et
669 4334 972 4388 industrius
1021 4342 1105 4388 est
1154 4334 1399 4401 colonus,
1448 4348 1515 4389 ex
1573 4333 1659 4387 his
1706 4332 1962 4386 oumibns

384 4440 572 4493 agrum
598 4426 865 4479 consitum
891 4425 1052 4480 habet
1072 4433 1127 4478 et
1157 4422 1438 4483 refertum.
1480 4425 1572 4479 Sic
1602 4437 1734 4493 ergo
1763 4421 1963 4476 intelli-

384 4532 573 4584 gamus
610 4518 742 4571 etin
779 4512 847 4573 eo
875 4531 1005 4588 agro
1032 4531 1192 4585 quem
1240 4517 1383 4572 Deus
1405 4518 1636 4586 plantat,
1678 4516 1803 4584 quia
1852 4531 1956 4570 non

383 4625 487 4661 una
518 4609 632 4664 sola
658 4612 915 4665 arborum
947 4612 1155 4678 species
1204 4622 1305 4676 est,
1340 4626 1463 4680 quae
1517 4620 1729 4666 tantum
1781 4610 1959 4664 dulcia

389 4698 530 4754 ferat
552 4718 731 4772 poma,
761 4703 853 4756 sed
879 4702 1054 4772 aliqua
1082 4705 1286 4769 dulcia,
1332 4694 1509 4771 aliqua
1548 4714 1789 4767 austera,
1849 4714 1962 4754 sua:

383 4800 565 4845 tamen
601 4793 1029 4863 unumquodque
1058 4796 1307 4849 utilitatis
1333 4807 1388 4848 et.
1409 4794 1595 4865 gratia:
1624 4791 1761 4865 (90).
1784 4790 1962 4846 Nolite

379 4894 513 4950 ergo
551 4881 607 4935 in
633 4884 791 4938 nobis
830 4886 960 4939 illud
1000 4886 1299 4953 requirere,
1347 4885 1489 4956 quod
1529 4884 1581 4939 in
1622 4899 1755 4953 papa
1796 4881 1960 4954 482

383 4972 696 5030 Alexandro
731 4975 843 5048 (9|)
880 4976 1108 5032 habetis.
1137 4975 1393 5032 Fatemur
1416 4976 1561 5032 enim
1601 4975 1745 5045 quod
1766 4988 1957 5029 omnes

379 5081 478 5119 uos
499 5077 720 5136 superat
751 5068 804 5121 in
857 5068 1028 5138 gratia
1080 5068 1339 5123 lenitatis.
1378 5066 1546 5136 Cujus
1587 5067 1774 5138 gratia
1845 5084 1950 5122 nou

377 5157 522 5211 solus
553 5174 652 5230 ego
686 5159 1006 5230 praedicator
1041 5160 1272 5224 exsisto,
1319 5162 1411 5215 sed
1456 5176 1555 5215 vos
1612 5174 1803 5215 omnes
1852 5174 1952 5212 ett-

376 5251 511 5319 perti
533 5253 857 5323 cognoscitis
878 5263 931 5307 et
958 5254 1197 5324 probatis
1240 5253 1303 5307 Et
1329 5253 1449 5308 ideo
1466 5251 1705 5321 ejusdem
1731 5250 1949 5319 quidem

442 5392 486 5422 “
515 5389 583 5445 ιν
613 5391 812 5461 Rngt.
836 5393 925 5448 10.
1002 5394 1047 5426 ⁸⁸
1074 5393 1243 5449 Exod.
1276 5409 1364 5457 xv,
1398 5393 1484 5447 Π.

444 5526 553 5595 (90)
585 5526 735 5584 Unus
759 5529 926 5584 codex
968 5547 1125 5593 mss.,
1160 5550 1179 5582 ι
1216 5546 1314 5586 sua
1360 5540 1539 5585 tamen
1606 5529 1950 5598 unumquod-

372 5608 493 5668 que
510 5598 739 5668 utilitate
766 5610 820 5652 et
847 5602 1043 5668 gratia.
1081 5620 1099 5651 ι

576 5662 900 5755 digammo.
936 5670 1302 5755 h‘lesattdrttm
1331 5668 1574 5755 intellige
1596 5666 1946 5755 Jerosolymi-

377 5742 557 5788 tanum
588 5739 917 5809 episcopum,
951 5739 1200 5810 Origeuis
1249 5740 1507 5805 amicum,
1544 5740 1609 5795 de
1643 5755 1753 5810 quo
1786 5739 1956 5798 Eusc-

2070 3801 2193 3842 men
2216 3794 2299 3840 est
2326 3800 2354 3838 a
2380 3782 2653 3853 prioribus
2683 3784 2885 3837 nostris
2912 3822 2927 3846 ,
2962 3782 3106 3852 quod
3151 3781 3206 3835 in
3239 3779 3471 3835 Psalmis
3530 3790 3650 3836 tan-

2072 3876 2355 3930 tummodo
2393 3874 2502 3928 illis
2528 3874 2621 3943 qui
2649 3872 2998 3927 attitulantur
3026 3892 3044 3924 ε
3083 3872 3235 3927 Filiis
3262 3873 3441 3927 Chore
3466 3914 3481 3938 ,
3516 3891 3534 3924 ι
3593 3873 3646 3927 in

2069 3967 2204 4038 ipsis
2232 3967 2364 4021 solis
2415 3964 2550 4018 nihil
2577 3963 2965 4018 amaritudinis
2994 3963 3078 4018 vel
3112 3962 3450 4017 austeritatis
3496 3963 3644 4016 vide-

2070 4076 2153 4118 lur
2182 4063 2390 4129 inferri,
2422 4062 2515 4115 sed
2543 4062 2644 4115 hoe
2664 4060 2744 4115 eis
2772 4058 2923 4128 quasi
2956 4058 3139 4114 divino
3158 4073 3386 4114 munere
3414 4072 3645 4113 conces-

2066 4171 2183 4210 sum
2214 4162 2317 4216 est,
2354 4162 2416 4206 ut
2451 4152 2685 4206 nominis
2739 4166 2930 4205 eorum
2984 4150 3189 4204 Psalmi
3246 4165 3459 4220 semper
3519 4150 3645 4203 laeta

2065 4260 2291 4317 qumque
2323 4245 2663 4299 contineant.
2710 4242 2804 4297 Est
2845 4258 2980 4311 ergo
3007 4242 3174 4296 etiam
3227 4243 3280 4294 in
3342 4241 3472 4309 ipsis
3519 4254 3646 4309 pro-

2066 4338 2242 4407 phetis
2265 4336 2435 4390 multa
2466 4334 2779 4390 diversitas.
2811 4333 2913 4388 Alii
2940 4334 3139 4396 tristia,
3166 4333 3255 4387 alii
3283 4334 3405 4388 laeta
3437 4335 3645 4387 denun-

2065 4430 2223 4484 tiant.
2254 4428 2357 4485 Sed
2393 4436 2447 4483 et
2490 4429 2605 4498 ipse
2636 4426 2913 4497 apostolus
2961 4427 3183 4487 Paulus.
3245 4428 3337 4496 qui
3401 4427 3645 4481 imitator

2062 4530 2144 4576 est
2172 4520 2397 4583 Christi,
2428 4520 2627 4573 habere
2657 4532 2715 4572 se
2744 4518 2882 4571 dicit
2916 4518 3121 4587 virgam
3147 4561 3162 4583 ,
3199 4517 3268 4571 ad
3308 4533 3403 4573 eos
3455 4517 3643 4585 utique

2061 4610 2152 4678 qui
2176 4609 2414 4677 indigent
2438 4607 2721 4675 disciplina
2754 4623 2769 4659 :
2803 4614 2857 4659 et
2897 4608 2951 4659 in
2980 4607 3174 4675 spiritu
3208 4604 3641 4661 mansuetudinis

2062 4699 2256 4752 venire
2285 4714 2346 4753 se
2380 4697 2535 4761 dicit,
2571 4696 2639 4751 ad
2666 4710 2762 4750 eos
2788 4696 3056 4764 profecto,
3098 4712 3329 4766 quorum
3365 4699 3471 4749 vita
3529 4696 3638 4749 cul-

2060 4792 2145 4857 pis
2172 4788 2416 4843 carebam
2448 4786 2514 4840 Et
2545 4786 2618 4840 ita
2644 4785 2920 4840 invenitur
2954 4787 3008 4841 in
3038 4802 3142 4842 una
3174 4788 3476 4855 eademque
3520 4784 3638 4853 ejus

2066 4878 2303 4946 Epistola
2349 4890 2531 4931 sermo
2578 4882 2632 4929 et
2686 4890 2906 4931 amarus
2937 4886 2991 4930 et
3046 4877 3240 4932 dulcis.
3289 4875 3443 4930 Sicut
3474 4887 3528 4930 et
3568 4875 3637 4929 ad

2059 4966 2373 5022 Corinthios
2399 4966 2451 5020 in
2488 4966 2663 5035 prima
2694 4976 2845 5036 parte
2879 4966 3079 5036 prioris
3109 4965 3363 5035 Epistolas
3410 4964 3543 5019 dicit
3566 4963 3637 5031 ⁸⁸,

2059 5060 2183 5130 quia
2218 5075 2237 5109 ε
2274 5059 2325 5112 in
2348 5058 2598 5113 oumibus
2632 5057 2826 5112 divites
2843 5057 2971 5112 facti
2990 5058 3123 5113 estis
3146 5059 3199 5112 in
3234 5057 3374 5125 ipso,
3407 5058 3459 5111 in
3488 5054 3634 5109 omni

2060 5155 2266 5217 verbo,
2324 5160 2381 5206 et
2442 5151 2495 5205 in
2539 5152 2689 5207 omni
2745 5152 3013 5217 scientia,
3074 5152 3217 5206 sicut
3265 5150 3633 5206 testimonium

2059 5245 2263 5302 Christi
2286 5245 2669 5300 conﬁrmatum
2699 5247 2859 5300 estin
2903 5245 3080 5311 vobis,
3108 5245 3183 5298 ita
3221 5254 3280 5297 ut
3310 5243 3445 5299 nihil
3481 5244 3635 5299 vobis

1583 5390 1626 5421 “
1658 5389 1850 5444 Matth.
1881 5405 1970 5455 xv,
2002 5389 2087 5442 l5.
2167 5388 2214 5418 "
2249 5386 2265 5439 1
2293 5383 2419 5441 Cor.
2453 5398 2493 5447 ι,
2522 5383 2575 5449 5,
2605 5383 2660 5449 6,
2690 5384 2742 5437 7.

2059 5528 2182 5581 bius
2219 5526 2473 5587 Historiis
2519 5527 2893 5582 ecclesiastica:
2951 5525 3047 5580 lib.
3071 5540 3151 5591 Vt,
3196 5540 3320 5595 cap.
3347 5527 3381 5581 8
3429 5534 3484 5580 et
3539 5522 3629 5595 S7.

2061 5598 2199 5667 lliuc
2236 5599 2399 5650 etiam
2446 5597 2639 5667 collige
2697 5599 2837 5651 hanc
2892 5596 3165 5652 homiliam
3223 5599 3461 5651 habitam
3505 5606 3631 5650 esse

2058 5666 2412 5737 Jerusolymis

2135 5737 2245 5808 (Μ)
2272 5732 2433 5803 Μεδ..
2465 5755 2482 5788 ι
2517 5735 2748 5793 videtur.
2782 5752 2801 5788 ι
2844 5732 3010 5799 Editi,
3051 5754 3069 5787 ι
3097 5734 3394 5804 judicatur.
3427 5752 3447 5787 ι
