4124 6386
385 357 482 414 997

1517 354 1579 407 IN
1630 352 1884 409 LIBRUM
1918 350 2157 407 RECUM
2187 351 2468 406 llOMlLlA
2505 352 2542 408 l.

3553 369 3654 424 098

389 479 528 532 desit
562 476 745 530 inulla
775 477 940 544 gratia
966 476 1414 544 exspectantibus
1453 476 1841 530 revelationem
1866 476 1967 527 Do-
1998 479 2038 534 Α
2075 475 2354 542 posuimus
2415 475 2702 531 indicetur.
2764 479 3036 535 Fortassis
3095 482 3239 535 enim
3300 484 3443 539 dicct
3500 487 3654 542 nobis

387 567 516 621 mini
554 569 724 621 nostri
759 566 883 622 Jesu
920 569 1146 622 Chri~ti.
1195 587 1213 619 ι
1250 568 1313 620 Et
1347 569 1504 635 paulo
1533 578 1652 637 post
1685 568 1961 636 gradiens,

389 659 509 712 vide
539 658 773 727 qualiter
794 672 972 712 sermo
995 659 1112 725 ejus
1150 670 1508 726 eanperatur
1541 675 1664 712 cum
1699 660 1830 711 dicit
1865 659 1909 689 ⁶⁶
1947 673 1960 708 :

391 768 412 803 ι
448 751 683 805 Omnino
712 751 932 802 auditur
960 750 1010 802 in
1041 750 1193 803 vobis
1229 751 1532 812 fornicatio,
1564 759 1618 804 et
1644 749 1768 803 talis
1799 749 1966 800 forni-

385 841 534 894 catio
569 840 749 906 qualis
781 854 879 892 nec
913 839 1055 892 inter
1097 850 1307 908 gentes,
1346 840 1417 892 ita
1448 849 1505 893 ut
1538 854 1760 894 uxorem
1797 839 1965 906 patris

386 932 587 1000 aliquis
622 931 843 984 habeat.
877 929 940 982 Et
976 945 1073 983 vos
1106 929 1272 983 inflati
1317 931 1467 992 estis,
1507 939 1562 985 et
1615 945 1719 984 non
1794 930 1964 997 magis

389 1023 627 1086 luxistis,
651 1031 709 1074 ut
747 1021 964 1075 tollatur
1001 1025 1066 1074 de
1099 1023 1277 1076 medio
1312 1032 1551 1076 vestrum
1583 1022 1671 1090 qui
1703 1023 1804 1076 hoc
1828 1038 1964 1090 opus

388 1114 536 1169 fecit.
582 1133 601 1166 ι
642 1113 759 1167 Hoc
787 1124 967 1165 autem
1001 1112 1121 1168 ideo
1150 1114 1452 1177 scribebat,
1484 1115 1608 1180 quia
1643 1130 1747 1167 non
1774 1129 1962 1168 onmes

385 1204 452 1256 ad
493 1218 632 1272 quos
661 1217 845 1256 sermo
880 1204 996 1269 ejus
1023 1204 1380 1273 dirigebatur,
1414 1204 1571 1257 laude
1603 1204 1749 1271 digni
1786 1212 1960 1265 erant,

387 1310 566 1364 neque
600 1311 796 1349 omnes
842 1297 1112 1352 confutari
1150 1299 1232 1351 vel
1292 1298 1496 1366 corripi
1555 1297 1904 1350 merebantur
1946 1314 1958 1347 :

383 1395 436 1438 et
471 1386 588 1440 ideo
621 1402 801 1439 amara
833 1386 1083 1441 dulcibus
1121 1389 1330 1450 miscet,
1368 1399 1425 1440 ut
1473 1389 1590 1441 laus
1629 1389 1694 1440 ad
1729 1388 1962 1456 optimos

386 1491 651 1545 quosque,
676 1481 950 1548 correptio
973 1494 1100 1534 vero
1129 1477 1399 1532 referatur
1427 1479 1493 1530 ad
1519 1476 1803 1545 pessimos.
1839 1475 1962 1530 llmc

386 1567 590 1622 idcirco
623 1570 860 1625 diximus
897 1571 946 1624 in
971 1569 1310 1639 prmfatioue,
1330 1569 1452 1637 quia
1472 1571 1584 1623 seio
1610 1583 1706 1622 vos
1731 1583 1961 1623 consuc—

383 1657 529 1710 visse
563 1658 824 1713 lenissimi
864 1661 1034 1729 patris
1057 1659 1245 1714 dulces
1278 1674 1494 1728 semper
1529 1661 1718 1712 audire
1751 1674 1960 1713 sermo-

389 1763 507 1812 nes,
547 1760 745 1803 nostra:
777 1767 903 1806 vero
941 1751 1294 1821 plantationis
1328 1752 1615 1805 arbuscula
1662 1753 1824 1805 habet
1861 1751 1958 1805 ali-

380 1843 509 1909 quid
541 1844 885 1899 austeritatis
925 1846 976 1898 in
1012 1856 1196 1913 gustu,
1227 1846 1370 1912 quod
1435 1853 1615 1897 tamen
1676 1845 1960 1897 orantibus

382 1933 534 1988 vobis
562 1937 653 1988 fiet
682 1937 1140 1990 medicamentum
1169 1937 1360 1990 salutis
1396 1955 1406 1989 :
1444 1937 1568 2004 quia
1605 1946 1658 1990 et
1723 1937 1961 1989 medica-

383 2035 563 2077 .nenta
593 2027 842 2094 quantam
873 2039 999 2081 sunt
1035 2029 1236 2092 dulcia,
1276 2029 1521 2094 qumdam
1565 2044 1692 2082 vero
1717 2040 1958 2091 austera,

380 2131 767 2185 nonnunquam
797 2128 851 2171 et
883 2135 1088 2185 amara,
1133 2129 1185 2174 et
1219 2131 1398 2175 tamen
1443 2121 1493 2173 in
1558 2121 1671 2174 suis
1732 2133 1960 2190 quaeque

381 2206 512 2258 locis
541 2209 774 2261 remedia
807 2209 1074 2275 tribuunt,
1102 2213 1146 2267 si
1173 2227 1297 2266 cum
1333 2227 1586 2266 mensura
1621 2221 1676 2266 et
1703 2212 1960 2283 temporis

379 2299 792 2365 opportunitate
826 2313 1137 2356 sumantur.

456 2391 510 2443 2.
544 2393 778 2447 Historia
837 2396 995 2449 nobis
1047 2398 1272 2450 recitata
1322 2405 1404 2450 est
1456 2396 1521 2450 de
1590 2397 1764 2465 primo
1821 2396 1958 2450 libro

385 2480 722 2551 Regnorum,
756 2499 875 2552 qua:
910 2486 981 2539 ita
1015 2488 1229 2540 videtur
1258 2485 1515 2552 difficilis,
1545 2495 1602 2539 ut
1635 2487 1840 2554 absque
1879 2487 1958 2541 di-

379 2570 518 2624 vina:
550 2572 761 2626 virtutis
789 2575 960 2642 gratia
988 2574 1295 2643 explanatio
1320 2574 1435 2642 ejus
1477 2590 1583 2628 non
1630 2578 1801 2643 possit
1863 2589 1958 2629 ex-

379 2663 526 2730 poni.
564 2663 819 2719 Refertur
845 2681 974 2735 ergo
1009 2667 1079 2720 ibi
1115 2669 1158 2698 ⁸⁷
1191 2683 1202 2711 =
1249 2684 1267 2718 ι
1315 2667 1443 2720 Erat
1474 2667 1559 2720 vir
1581 2682 1720 2720 unus
1748 2682 1810 2720 ex
1850 2667 1957 2720 Ita-

380 2753 635 2806 mathaim
693 2753 894 2824 Sophia
956 2758 1022 2810 de
1077 2766 1263 2811 monte
1317 2757 1597 2825 Ephraim,
1660 2768 1715 2811 et
1759 2771 1954 2810 nomen

375 2840 492 2907 ejus
522 2842 818 2899 Helchana.
858 2865 877 2897 ι
909 2845 1125 2902 Etcum
1167 2857 1545 2902 enumerasset
1594 2863 1811 2901 omnem
1866 2862 1958 2916 ge-

376 2940 717 2993 nerationem
748 2940 884 3008 ejus,
913 2941 1045 2996 dicit
1075 2959 1089 2995 :
1121 2960 1139 2992 ι
1174 2941 1237 2996 Et
1261 2943 1386 2997 huic
1408 2952 1587 3005 erant,
1615 2943 1809 3012 tuquit,
1836 2943 1957 2996 duae

377 3045 598 3096 uxores,
626 3048 820 3088 nomen
857 3034 951 3087 uni
977 3035 1154 3098 Anna,
1182 3043 1238 3088 et
1262 3049 1461 3089 nomen
1506 3035 1758 3088 secundae
1814 3032 1956 3086 Phe-

378 3137 554 3175 nenna
583 3141 597 3176 :
624 3135 679 3178 et
711 3126 820 3176 nati
852 3137 978 3179 sunt
1037 3123 1345 3179 Pheneunae
1377 3125 1496 3188 filii,
1537 3134 1591 3178 et
1635 3127 1801 3178 Anna:
1846 3141 1951 3177 non
1983 3147 2024 3204 ο

374 3225 494 3268 erat
534 3216 693 3269 filius.
728 3216 794 3270 Et
829 3216 1153 3270 ascendebat
1180 3218 1266 3270 vir
1299 3215 1385 3270 ille
1431 3219 1497 3269 de
1536 3217 1762 3271 civitate
1791 3232 1883 3270 sua
1926 3232 1956 3271 a

377 3307 568 3360 diebus
601 3308 822 3372 indies,
852 3317 909 3362 ut
950 3309 1204 3362 adoraret
1251 3317 1308 3362 et
1366 3309 1676 3362 immolaret
1727 3310 1957 3364 Domino

380 3400 637 3454 virtutum
678 3401 732 3454 in
768 3399 906 3455 Silo.
939 3401 1013 3455 Ibi
1047 3411 1206 3456 erant
1240 3401 1354 3455 Heli
1389 3411 1446 3455 et
1497 3401 1602 3454 duo
1652 3401 1745 3455 filii
1800 3403 1952 3471 ejus,

373 3489 550 3560 Oplmi
571 3504 623 3546 et
641 3492 889 3556 Phinees,
912 3495 1221 3549 sacerdotes
1243 3494 1474 3547 Domini.
1495 3493 1556 3546 Et
1575 3494 1712 3548 facta
1734 3507 1816 3549 est
1839 3497 1956 3551 dies

377 3582 427 3634 in
453 3597 557 3650 qua
590 3584 889 3638 immolavit
915 3584 1216 3650 Helcbana,
1245 3596 1298 3640 et
1326 3587 1471 3642 dedit
1493 3584 1797 3639 Phenennae
1820 3603 1958 3642 uxo-

380 3674 420 3726 ri
446 3689 579 3738 sum,
607 3687 663 3729 et
695 3677 946 3730 omnibus
986 3679 1111 3732 filiis
1148 3679 1265 3747 ejus
1327 3691 1381 3734 et
1435 3681 1652 3738 filiabus
1723 3691 1950 3750 partes:

374 3765 541 3818 Anna:
569 3775 749 3820 autem
779 3769 922 3822 dedit
951 3785 1112 3823 unam
1146 3781 1377 3839 partem.
1399 3771 1514 3827 Non
1539 3773 1686 3828 enim
1721 3773 1955 3826 habebat

380 3856 538 3920 lilios,
598 3860 724 3926 quia
783 3861 1130 3915 concluserat
1181 3862 1440 3919 Dominus
1491 3865 1704 3917 vulvam
1758 3866 1893 3930 ejus.
1929 3882 1947 3915 ο

377 3947 513 4002 Tum
539 3950 728 4004 deinde
761 3952 926 4006 refert
977 3952 1285 4021 Scriptura,
1336 3957 1460 4024 quia
1523 3957 1849 4010 contristata
1873 3964 1954 4010 cst

374 4041 552 4103 Atina,
589 4043 731 4110 quod
764 4057 887 4096 cum
919 4046 1191 4112 acceperit
1213 4045 1505 4100 Phenenna
1541 4046 1804 4116 plurimas
1830 4060 1953 4113 por-

378 4132 551 4186 tiones
588 4149 709 4186 cum
745 4134 893 4200 filiis,
931 4136 1044 4203 ipsa
1098 4151 1258 4189 unam
1296 4136 1466 4191 solam
1499 4138 1773 4205 acceperit
1830 4153 1954 4205 par-

377 4233 506 4290 tem,
537 4234 590 4278 et
610 4225 735 4294 quia
781 4225 883 4280 hoc
917 4227 1104 4281 dolore
1161 4229 1410 4293 perculsa
1443 4227 1698 4297 templum
1742 4228 1949 4281 Domini

378 4317 614 4385 ingressa
644 4319 922 4372 defleverit
965 4332 1020 4375 et
1055 4321 1294 4374 oraverit
1328 4335 1455 4376 cum
1487 4321 1710 4376 silentio
1737 4361 1751 4384 ,
1791 4321 1862 4373 ita
1897 4329 1954 4373 ut

377 4421 481 4461 non
508 4410 790 4464 audiretur
821 4427 919 4465 vox
973 4410 1092 4479 ejus
1121 4429 1135 4465 :
1186 4423 1241 4466 et
1272 4414 1398 4482 quia
1440 4421 1635 4482 putans
1667 4429 1787 4467 eam
1836 4411 1950 4466 Heli

376 4501 635 4555 sacerdos
663 4517 785 4556 esse
815 4503 1046 4565 ebriam,
1091 4505 1457 4574 increpaverit
1487 4519 1629 4570 eam,
1679 4506 1789 4574 ipsa
1826 4517 1953 4556 vero
1985 4485 2028 4540 Ῑ)

379 4605 500 4642 rum
541 4591 846 4644 humilitate
898 4592 1228 4660 respondens
1269 4591 1604 4646 satisfecerit
1661 4591 1957 4654 sacerdoti,

376 4681 611 4734 oraverit
653 4683 764 4752 (95)
806 4691 986 4738 autem
1042 4684 1111 4737 ad
1169 4683 1484 4748 Dominum,
1529 4693 1589 4738 ut
1645 4681 1960 4752 conciperet

379 4771 570 4837 tilium,
603 4775 922 4841 promittens
950 4789 1011 4828 se
1042 4775 1149 4829 Deo
1180 4786 1622 4830 consecraturam
1677 4774 1959 4842 quodcun-

378 4878 482 4932 que
539 4865 834 4933 genuisset.
911 4866 976 4920 Et
1022 4881 1148 4921 cum
1211 4882 1275 4921 ex
1326 4866 1749 4938 repromissione
1785 4865 1956 4919 filium

379 4954 730 5025 suscepisset,
762 4955 995 5011 refertur
1021 4958 1166 5026 quod
1202 4974 1230 5011 a
1257 4959 1396 5014 lacte
1424 4957 1709 5028 depulsum
1737 4957 1954 5011 obtule-

383 5046 451 5097 rit
477 5060 600 5098 eum
630 5047 874 5102 Domino.
899 5045 1016 5101 Non
1053 5051 1197 5103 enim
1239 5059 1454 5119 poterat
1479 5050 1676 5106 offerre
1724 5051 1956 5105 Domino

383 5137 532 5204 prius
551 5154 674 5192 eum
700 5155 860 5208 quam
889 5157 918 5194 a
949 5142 1089 5197 lacte
1117 5143 1428 5212 depelleret.
1454 5141 1626 5198 Offert
1672 5157 1804 5212 ergo
1832 5157 1954 5197 eum

384 5233 438 5284 in
469 5233 715 5288 oratione
742 5238 978 5304 quadam
1019 5238 1352 5307 propheticis
1373 5240 1624 5294 distincta
1659 5237 1955 5309 mysteriis.

384 5319 830 5378 Abbreviavimus
884 5339 1144 5396 quantum
1229 5331 1504 5398 potuimus
1559 5329 1955 5383 continentiam

387 5414 658 5469 loetionis.

452 5511 506 5562 5.
545 5508 830 5566 Videamus
866 5527 1009 5568 nunc
1033 5514 1163 5583 quid
1191 5516 1354 5569 etiam
1385 5529 1480 5583 per
1520 5517 1637 5568 hmo
1684 5528 1804 5583 qua:
1830 5527 1954 5582 pro—

455 5643 500 5674 “
531 5643 551 5698 Ι
579 5643 704 5700 Cor.
739 5661 788 5712 v,
818 5648 868 5713 l,
892 5649 946 5702 2.
1042 5650 1083 5680 δ’
1118 5648 1138 5700 l
1165 5649 1296 5722 Reg.
1324 5669 1360 5716 t,
1388 5651 1524 5717 l,-5.

456 5779 566 5852 (93)
609 5779 757 5837 Unus
777 5781 967 5850 codex,
1001 5800 1019 5833 ι
1054 5783 1250 5839 oravit.
1294 5804 1312 5837 ι

1604 5651 1648 5683 ⁸⁸
1675 5651 1691 5706 l
1719 5651 1845 5705 Cor.
1871 5664 1965 5712 vn,
2002 5648 2048 5701 Ι.

2071 566 2269 634 aliquis
2303 567 2371 620 ad
2422 567 2752 621 audientiam
2822 570 2953 640 legis
3023 583 3221 628 nostr.e
3281 592 3455 644 nuper
3503 594 3658 632 acce-

2068 656 2200 708 dens
2227 673 2240 710 :
2268 657 2576 711 Christiana
2609 660 2796 728 religio
2837 662 3150 729 pudicitiam
3197 667 3514 735 profitetur,
3572 669 3657 722 iu-

2070 755 2279 799 tantum
2319 757 2395 810 ut,
2430 749 2476 802 si
2512 749 2628 802 fieri
2658 761 2854 817 potest,
2888 769 2987 806 nec
3016 757 3395 826 contiugamus
3428 761 3654 815 omnino

2067 836 2372 889 mulierem.
2409 838 2499 891 Sic
2545 839 2690 892 enim
2728 842 2858 895 dicit
2891 844 3178 909 Apostolus
3208 847 3252 878 ⁸⁸
3297 865 3312 902 :
3373 867 3392 899 ι
3438 850 3650 906 Βυιιιιιη

2064 933 2145 978 est
2175 926 2377 980 homini
2411 943 2517 982 non
2553 940 2775 999 tangere
2809 933 3113 988 mulierem.
3150 955 3168 988 ι
3200 936 3304 993 lste
3354 951 3530 996 autem
3565 943 3656 1009 ju-

2067 1030 2186 1072 Slus
2210 1029 2333 1072 tuus
2362 1019 2637 1076 llclchana
2684 1022 2774 1091 qui
2820 1027 2975 1078 nobis
3003 1043 3029 1077 a
3071 1026 3346 1096 Scriptura
3391 1039 3654 1102 proponi-

2066 1119 2154 1162 tur
2189 1111 2255 1164 ad
2309 1113 2665 1181 exemplum,
2739 1117 2874 1169 duas
2923 1118 3081 1171 simul
3129 1137 3326 1177 uxores
3393 1125 3653 1182 habuisse

2065 1201 2390 1255 describitur
2424 1220 2435 1253 :
2468 1218 2533 1257 ex
2566 1205 2763 1273 quibus
2803 1207 2892 1260 illa
2942 1223 3061 1277 qua:
3099 1213 3250 1280 prior
3309 1217 3648 1285 nominatur,

2066 1307 2170 1344 non
2205 1292 2366 1346 habet
2406 1295 2600 1359 filium,
2635 1297 2685 1349 id
2741 1307 2847 1362 est,
2877 1299 3069 1365 Anna;
3111 1303 3404 1360 Plienenna
3465 1319 3647 1363 autem

2063 1393 2119 1436 et
2189 1386 2387 1441 multos
2434 1388 2636 1442 habere
2681 1391 2822 1445 tilios
2875 1392 3077 1447 dicitur
3129 1407 3186 1449 et
3239 1399 3434 1454 multas
3487 1415 3647 1457 acce-

2065 1474 2206 1542 pisse
2250 1478 2552 1543 portiones.
2618 1479 2706 1532 llla
2758 1491 2938 1536 autem
3010 1486 3160 1553 prior
3214 1503 3375 1543 unam
3424 1493 3647 1560 solam,

2062 1569 2188 1636 quia
2223 1569 2336 1638 ipsa
2373 1570 2486 1624 sola
2527 1579 2641 1636 est,
2689 1575 2898 1640 accepit
2929 1586 3164 1643 partem,
3217 1591 3271 1633 et
3327 1584 3392 1636 de
3449 1585 3650 1638 sterili-

2064 1669 2175 1714 tate
2210 1665 2581 1732 conqueritur.
2645 1662 3028 1734 Nunquiduam
3080 1679 3132 1723 et
3185 1688 3282 1726 nos
3334 1679 3647 1733 contristari

2063 1750 2327 1804 debemus
2354 1752 2481 1820 quia
2522 1751 2661 1807 filios
2695 1770 2798 1808 non
2824 1755 3104 1819 habemus,
3134 1768 3188 1812 et
3215 1761 3453 1828 virgines
3480 1763 3645 1836 533

2065 1850 2264 1893 nostra:
2309 1843 2626 1896 contristari
2662 1845 2856 1899 debent
2888 1850 3032 1914 quod
3078 1851 3196 1902 sine
3247 1851 3372 1905 liliis
3417 1856 3648 1910 vivunt?

2066 1929 2192 1984 Haec
2228 1932 2339 1984 dixi
2374 1947 2659 1988 assumens
2689 1950 2976 2004 personam
3003 1953 3214 2004 eorum,
3258 1943 3347 2010 qui
3406 1948 3644 2001 nondum

2064 2023 2223 2092 plene
2258 2025 2510 2079 instructi
2545 2027 2610 2080 de
2645 2029 2729 2083 his
2768 2044 2886 2097 quae
2936 2032 2986 2083 in
3042 2032 3340 2102 Scripturis
3369 2039 3646 2092 veteribus

2072 2116 2407 2183 recitantur,
2440 2118 2645 2171 moveri
2693 2121 3065 2186 scrupulosius
3118 2125 3310 2177 solent.
3373 2127 3646 2195 Deprecor

2061 2215 2239 2259 autem
2283 2220 2374 2258 vos
2417 2220 2642 2271 omnes,
2678 2217 2732 2259 ut
2772 2211 3030 2277 quoniam
3061 2225 3278 2265 sensum
3312 2223 3420 2265 tam
3450 2215 3643 2269 diffici-

2062 2295 2192 2350 lium
2243 2311 2422 2350 rerum
2455 2313 2715 2352 conamur
2761 2303 2974 2369 aperire
2997 2343 3013 2368 ,
3066 2313 3119 2356 et
3142 2318 3204 2358 ea
3234 2319 3352 2372 quae
3381 2306 3646 2361 velamine

2058 2385 2272 2441 obtecta
2299 2398 2422 2441 sunt
2462 2388 2720 2444 Ecclesia:
2748 2391 2974 2447 auribus
3016 2396 3254 2462 pandere
3287 2397 3361 2466 (in
3403 2397 3637 2452 lectione

2057 2479 2199 2532 enim
2234 2478 2442 2534 Veteris
2474 2481 2810 2537 Testameuti
2837 2522 2853 2548 ,
2891 2485 3029 2538 sicut
3075 2486 3209 2540 dicit
3243 2491 3534 2556 Apostolus
3559 2491 3628 2552 ⁸⁵.

2058 2570 2300 2624 velamen
2335 2581 2420 2626 est
2445 2574 2704 2644 positum)
2729 2576 2982 2643 precibus
3011 2593 3038 2628 a
3075 2576 3301 2632 Domino
3326 2582 3636 2648 postuletis,

2059 2672 2116 2715 ut
2145 2663 2394 2734 dignetur
2444 2667 2599 2719 nobis
2627 2668 2692 2720 ad
2725 2682 2783 2723 se
2834 2669 3115 2723 conversis
3147 2670 3363 2726 auferre
3392 2673 3636 2727 velamen

2056 2755 2221 2808 etiam
2250 2754 2316 2808 de
2347 2755 2448 2808 hac
2483 2756 2716 2811 lectione
2739 2771 2903 2826 quam
2935 2757 3196 2812 habemus
3214 2760 3267 2813 in
3289 2762 3566 2825 manibus,
3584 2769 3641 2815 et

2059 2846 2270 2914 plenius
2321 2847 2480 2903 nobis
2528 2864 2774 2903 reserare
2818 2864 2936 2917 quae
2981 2857 3121 2904 tecta
3169 2859 3325 2917 sunt,
3372 2860 3429 2903 ut
3457 2861 3512 2904 et
3545 2866 3643 2906 nos

2057 2937 2326 3005 possimus
2357 2937 2594 2992 revelata
2631 2937 2770 2993 facie
2812 2940 2865 2992 in
2910 2939 2994 2994 his
3027 2954 3146 3008 quze
3180 2949 3318 2995 tecta
3344 2950 3472 2995 sunt
3515 2942 3634 3010 glo-

2059 3026 2197 3079 riam
2225 3026 2442 3080 Domini
2474 3027 2765 3095 speculari.

2129 3119 2182 3172 4.
2217 3138 2235 3170 ι
2275 3119 2430 3182 Erat,
2465 3119 2658 3188 inquit,
2688 3121 2770 3173 vir
2790 3135 2928 3174 unus
2956 3119 3024 3175 de
3054 3120 3316 3176 Ramatba
3350 3125 3417 3178 de
3453 3134 3642 3180 monte

2059 3210 2342 3277 Ephraim.
2391 3229 2409 3263 ι
2465 3209 2579 3265 Non
2616 3227 2701 3266 me
2737 3211 2867 3265 latet
2895 3212 3071 3281 primo
3106 3213 3224 3268 loco
3265 3215 3408 3281 quod
3439 3214 3495 3268 in
3544 3215 3647 3270 ali-

2059 3304 2256 3372 quibus
2277 3303 2685 3372 exemplaribus
2717 3303 2953 3357 habetur
2980 3324 2992 3358 :
3025 3321 3044 3354 ι
3075 3303 3206 3358 Erat
3232 3304 3317 3357 vir
3343 3305 3586 3375 quidam,
3623 3324 3642 3358 ι

2058 3394 2153 3449 sed
2181 3395 2231 3448 in
2268 3396 2352 3450 bis
2383 3394 2793 3464 exemplaribus
2823 3410 2944 3466 quze
2975 3397 3348 3450 emendatiora
3385 3397 3643 3464 probavi-

2059 3502 2180 3542 mus
2208 3487 2282 3541 ita
2333 3487 2607 3541 habetur:
2645 3504 2663 3538 ι
2705 3487 2837 3542 Erat
2865 3488 2949 3543 vir
2978 3503 3137 3542 unus.
3182 3505 3201 3539 ι
3236 3486 3295 3542 1η
3346 3503 3455 3559 quo
3488 3489 3646 3544 nobis

2057 3579 2222 3632 etiam
2261 3578 2493 3641 Hebraei,
2528 3580 2622 3648 qui
2654 3579 3043 3635 contradicunt
3071 3579 3122 3632 in
3148 3580 3384 3645 caeteris,
3417 3581 3646 3650 acquie—

2058 3680 2236 3724 scuut.
2266 3671 2397 3725 Erat
2425 3685 2554 3740 ergo
2590 3672 2674 3725 vir
2721 3687 2882 3726 unus.
2918 3671 3048 3724 Vide
3089 3673 3134 3725 si
3167 3686 3275 3725 non
3325 3673 3428 3727 hoc
3473 3672 3648 3741 ipsum

2059 3763 2297 3831 pertinet
2327 3764 2394 3817 ad
2427 3763 2643 3819 laudem
2669 3763 2800 3832 justi
2833 3762 2975 3832 quod
3002 3763 3209 3816 dicitur
3238 3763 3305 3817 de
3325 3778 3429 3818 eo:
3464 3781 3482 3814 ι
3517 3763 3650 3816 Erat

2059 3856 2144 3908 vir
2171 3869 2328 3909 unus.
2369 3872 2388 3905 ι
2428 3853 2538 3909 Nos
2575 3855 2669 3924 qui
2717 3856 2900 3909 adhuc
2945 3867 3263 3924 peccatores
3297 3869 3485 3908 sumus
3539 3867 3647 3909 non

2057 3961 2343 4017 possumus
2365 3948 2524 4001 istum
2555 3947 2770 4001 titulum
2801 3946 2975 4000 laudis
2995 3949 3305 4015 acquirere,
3326 3945 3453 4013 quia
3482 3960 3649 3997 unus-

2055 4039 2286 4108 quisque
2317 4050 2565 4094 uostrum
2613 4053 2720 4092 non
2766 4047 2850 4091 est
2881 4053 3051 4104 unus,
3086 4039 3178 4093 sed
3215 4044 3299 4091 est
3343 4037 3520 4090 multi.
3555 4037 3645 4091 ln-

2059 4139 2211 4184 tuere
2238 4145 2472 4198 namque
2500 4127 2732 4195 alicujus
2760 4128 2966 4182 vultum
2998 4143 3140 4181 nunc
3167 4127 3315 4189 irati,
3371 4142 3511 4180 llllllc
3549 4127 3647 4180 ite-

2059 4238 2180 4276 rum
2211 4222 2407 4284 tristis,
2437 4221 2598 4291 paulo
2626 4230 2748 4290 post
2779 4235 2994 4273 rursum
3028 4219 3331 4289 gaudentis,
3357 4227 3411 4271 et
3445 4219 3642 4272 iterum

2059 4313 2283 4378 turbati,
2321 4322 2374 4367 et
2399 4328 2616 4367 rursum
2656 4311 2811 4375 lenis,
2847 4312 2899 4364 in
2934 4311 3044 4364 alio
3093 4320 3338 4378 tempore
3376 4308 3447 4364 de
3481 4308 3648 4363 rebus

2060 4406 2261 4461 divinis
2307 4414 2360 4458 et
2399 4405 2518 4458 vitae
2561 4412 2778 4458 aeternae
2809 4403 3022 4457 actibus
3070 4401 3407 4456 consulentis
3432 4440 3447 4463 ,
3486 4401 3649 4470 paulo

2060 4507 2180 4567 post
2210 4514 2338 4551 vero
2369 4497 2454 4550 vel
2483 4511 2604 4565 qua:
2627 4495 2693 4549 ad
2733 4495 3044 4562 avaritiam,
3066 4493 3146 4548 vel
3175 4508 3295 4561 quae
3323 4493 3388 4546 ad
3411 4491 3648 4563 gloriam

2061 4591 2243 4645 saeculi
2277 4591 2550 4660 pertinent
2578 4588 2875 4643 molientis.
2910 4586 3076 4642 Vides
3117 4585 3391 4656 quomodo
3434 4583 3522 4638 ille
3549 4585 3644 4652 qui

2061 4693 2285 4752 putatur
2308 4697 2445 4736 unus
2473 4696 2615 4744 esse,
2646 4694 2749 4733 n0u
2781 4691 2863 4734 est
2898 4694 3060 4744 unus,
3091 4679 3183 4732 sed
3215 4685 3296 4730 tot
3336 4676 3390 4729 in
3423 4689 3488 4729 eo
3519 4690 3642 4743 per—

2060 4790 2206 4830 sona:
2233 4774 2490 4828 videntur
2520 4787 2640 4828 esse
2679 4781 2809 4839 quot
2845 4785 3023 4825 mores
3043 4810 3059 4835 ,
3089 4770 3212 4837 quia
3247 4777 3302 4821 et
3346 4765 3647 4822 secundum

2064 4866 2373 4934 Scripturas
2409 4883 2427 4917 ι
2458 4864 2718 4932 insipiens
2745 4863 2884 4917 sicut
2915 4863 3038 4916 luna
3068 4869 3309 4915 mutatur
3335 4860 3402 4913 7°.
3435 4876 3454 4911 ι
3484 4855 3645 4913 Unde

2060 4967 2114 5012 et
2148 4958 2271 5012 luna
2301 4973 2422 5012 cum
2455 4958 2704 5012 videatur
2735 4971 2840 5010 una
2868 4970 2992 5010 esse
3031 4969 3132 5023 per
3181 4949 3502 5006 substantiae
3534 4949 3641 5002 im-

2066 5050 2416 5105 mutationem
2444 5093 2456 5114 ,
2503 5059 2681 5104 tamen
2732 5064 2950 5117 semper
2992 5062 3021 5099 a
3067 5045 3360 5113 semetipsa
3415 5041 3521 5096 alia
3560 5049 3643 5093 est

2063 5157 2384 5212 semperque
2431 5143 2647 5196 diversa
2688 5159 2704 5197 :
2753 5151 2809 5196 et
2842 5141 2921 5196 sic
2975 5139 3140 5193 etiam
3192 5138 3246 5191 in
3283 5136 3398 5206 ipsa
3432 5141 3647 5188 constat

2060 5234 2205 5303 quod
2228 5248 2330 5286 una
2366 5233 2546 5286 multa:
2572 5233 2701 5289 sint.
2737 5233 2831 5287 Sic
2861 5247 2992 5300 ergo
3019 5240 3074 5285 et
3102 5245 3200 5284 nos
3229 5229 3320 5297 qui
3355 5227 3530 5280 adhuc
3557 5225 3643 5276 in-

2062 5325 2322 5394 sipientes
2349 5339 2536 5378 sumus
2565 5335 2618 5378 et
2651 5324 2953 5396 imperfecti
2984 5363 2999 5388 ,
3049 5323 3174 5391 quia
3219 5331 3436 5386 semper
3465 5321 3641 5369 muta-

2066 5433 2184 5470 mus
2213 5417 2536 5480 sententias,
2570 5425 2621 5469 et
2654 5430 2873 5485 semper
2903 5416 3123 5468 diversa
3165 5410 3412 5476 cupimus
3441 5415 3496 5458 et
3521 5417 3642 5456 seu-

2067 5508 2250 5571 timus,
2286 5521 2426 5561 ItltllS
2477 5521 2582 5560 non
2633 5521 2924 5575 possumus
2971 5502 3099 5556 dici.
3149 5501 3223 5554 De
3271 5495 3434 5564 iustis
3460 5503 3645 5548 amem

2149 5645 2194 5677 υ
2224 5644 2264 5698 ll
2295 5644 2420 5699 Cor.
2452 5659 2532 5696 ιιι.
2603 5644 2648 5674 ⁷⁸
2676 5642 2840 5698 Eecli.
2877 5651 3046 5703 xxvtt,
3087 5639 3166 5694 19..
