4124 6376
350 361 450 417 100
461 361 480 414 l

1463 354 1527 407 ΙΝ
1570 353 1822 408 1,.1ΒΒΕΜ
1864 351 2098 407 REGE.“
2141 347 2419 404 ilOMiiJA
2467 347 2504 398 I.

3463 343 3602 396 1012?.

349 477 566 546 penitus
595 473 754 529 alieni
784 479 909 527 sttnt
935 482 962 523 a
1007 467 1170 522 rebus
1203 468 1314 523 Dei.
1359 468 1647 536 Accipiunt
1688 481 1919 534 namque
1951 471 1994 524 Λ
2029 479 2174 518 retur
2209 467 2259 517 in
2293 463 2616 518 Jerusalem.
2649 459 2703 512 lu
2729 459 2827 511 hoc
2862 473 2991 529 ergo
3021 459 3140 511 loco
3173 460 3262 528 qni
3295 461 3602 529 appellatur

350 579 530 636 partes
560 569 626 622 de
651 565 935 621 sacriﬁciis
967 561 1185 624 divinis,
1215 570 1268 614 et
1290 560 1458 615 edunt
1488 561 1554 614 de
1585 560 1778 613 hostiis
1803 559 1915 613 Dei.

354 662 731 729 Unusquisque
781 673 910 727 ergo
966 667 1210 713 nostrum
1276 654 1450 723 primo
1491 654 1829 707 convertitur
1890 668 1917 705 a

351 760 603 821 peccato,
634 761 686 803 el
719 765 782 803 ex
819 747 1175 802 conversione
1211 755 1432 817 generat
1466 760 1632 814 opera
1675 742 1919 809 justitiw.

352 841 544 894 Postea
582 856 707 894 vero
744 840 979 895 excitata
1028 839 1080 892 in
1120 838 1273 891 nobis
1312 837 1464 890 Anna
1514 851 1608 904 per
1648 834 1823 888 zelum
1869 844 1924 888 et

350 929 747 983 aemulationem
781 929 903 982 boni
925 970 938 992 ,
974 946 1193 1000 precem
1228 927 1403 979 fundit
1443 925 1505 977 ad
1546 927 1748 986 Deum,
1781 935 1840 976 ut
1869 932 1923 976 et

353 1014 464 1083 ipsa
503 1015 642 1069 ﬁlios
671 1027 915 1086 generet.
955 1017 1153 1083 Quales
1179 1031 1306 1086 ergo
1332 1016 1504 1076 Anna,
1538 1027 1656 1080 qum
1689 1021 1770 1066 est
1799 1028 1923 1081 gra-

353 1109 444 1171 tia,
473 1107 612 1160 ﬁlios
637 1109 901 1177 generat?
928 1108 1028 1172 Qui
1062 1108 1332 1162 assideant
1364 1105 1492 1159 Deo.
1529 1123 1547 1155 ι
1571 1103 1758 1158 Gratia
1777 1105 1920 1159 enim

349 1207 406 1251 et
438 1198 638 1251 veritas
683 1212 779 1265 per
823 1195 1007 1251 Jesum
1037 1196 1314 1252 Christum
1354 1195 1497 1248 facta
1535 1203 1618 1247 est
1654 1195 1718 1247 ⁸ο.
1763 1213 1780 1245 ι
1824 1193 1922 1249 11·ἰο

350 1301 478 1354 ergo
516 1297 596 1340 est
629 1286 767 1341 ﬁlius
801 1287 1020 1356 gratim,
1053 1285 1141 1354 qui
1195 1287 1303 1340 Dco
1334 1294 1490 1340 vacat
1522 1295 1575 1339 et
1607 1287 1772 1339 verbo
1807 1287 1917 1340 Dei.

351 1375 446 1429 Vis
461 1387 637 1431 autem
662 1378 1050 1432 evidentiorem
1086 1377 1178 1430 tibi
1201 1377 1481 1430 ostendam
1504 1385 1555 1430 et
1590 1376 1641 1428 in
1672 1377 1920 1444 Evange-

351 1460 436 1515 liis
478 1461 786 1529 huiusmodi
839 1460 1212 1529 intelligentia:
1265 1461 1518 1523 l'ormain,
1555 1476 1676 1530 qua:
1708 1463 1760 1514 iti
1810 1462 1923 1530 lege

350 1552 567 1619 quidem
594 1551 946 1604 adumbratur
972 1565 1068 1616 per
1105 1565 1326 1615 uxores,
1365 1550 1418 1604 in
1457 1550 1761 1620 Evangeliis
1794 1567 1921 1604 vero

345 1644 454 1711 jam
484 1657 723 1710 praesens
747 1640 1072 1696 describitur
1094 1655 1190 1705 per
1214 1641 1470 1695 sorores?
1500 1638 1630 1695 Vide
1657 1641 1920 1695 Martham

350 1740 404 1785 et
435 1730 656 1784 Mariam
682 1731 724 1761 ⁸¹
754 1748 768 1783 :
799 1744 865 1783 ex
895 1729 1091 1796 quibus
1122 1730 1338 1796 quidem
1382 1727 1594 1782 Martha
1628 1730 1923 1783 conturba-

352 1829 461 1886 tur,
493 1831 545 1877 et
577 1823 774 1890 satagit
804 1822 949 1876 circa
982 1822 1208 1876 multum
1239 1819 1623 1884 ministerium,
1656 1829 1708 1873 et
1740 1822 1923 1888 explet
1954 1808 1994 1861 Β

349 1930 510 1982 opera
545 1914 934 1978 conversionis,
977 1925 1027 1970 et
1072 1930 1169 1984 per
1214 1914 1327 1968 haec
1357 1912 1503 1965 velut
1547 1911 1922 1966 conversionis

353 2007 492 2059 ﬁlios
539 2014 776 2074 generat.
804 2005 969 2058 Maria
1010 2021 1156 2070 vero,
1213 2020 1374 2058 serus
1424 2003 1586 2071 pedes
1635 2001 1789 2056 Verbi
1829 2002 1922 2055 Dei

354 2094 580 2156 intenta,
619 2092 878 2160 optimam
916 2101 1123 2161 partem
1167 2093 1398 2162 elegisse
1445 2091 1667 2156 dicitur,
1718 2099 1773 2145 et
1830 2105 1926 2157 per

353 2182 468 2235 lucc
499 2182 812 2251 intelligitur
838 2183 983 2236 velut
1017 2183 1204 2253 gratia:
1227 2182 1473 2252 germina
1495 2195 1808 2250 procreare.
1834 2181 1924 2235 Sic

350 2285 479 2340 ergo
513 2283 566 2325 et
599 2287 742 2325 nunc
781 2271 932 2324 Anna
981 2281 1206 2342 generat
1251 2271 1440 2325 ﬁlium.
1494 2271 1664 2336 Quem
1716 2270 1926 2323 ﬁlium?

353 2359 681 2423 Samuelem,
713 2361 906 2430 inquit,
933 2364 1021 2428 qui
1054 2361 1162 2416 Deo
1191 2361 1420 2426 assistit,
1449 2363 1513 2416 de
1541 2377 1651 2430 quo
1681 2361 1732 2415 in
1772 2359 1927 2416 Ρειιιι-

350 2457 450 2508 mis
483 2456 682 2509 dicitur
709 2455 754 2487 θ’
787 2474 800 2510 :
836 2473 854 2506 ι
894 2454 1066 2508 Moses
1112 2465 1165 2508 et
1219 2455 1397 2508 Aaron
1450 2455 1503 2507 in
1557 2454 1928 2510 sacerdotibus

351 2546 492 2615 ejus,
523 2556 574 2600 ct
618 2547 837 2600 Samuel
883 2546 936 2599 in
975 2545 1059 2599 his
1091 2546 1179 2614 qui
1217 2545 1469 2601 invocant
1501 2561 1694 2600 nomen
1724 2546 1862 2614 ejus.
1903 2564 1919 2596 ι

352 2635 460 2690 Sed
497 2648 552 2690 et
590 2636 852 2692 Jeremias
895 2636 1029 2691 dicit
1066 2636 1110 2667 ⁸³
1149 2653 1163 2689 :
1208 2654 1225 2685 ι
1265 2636 1321 2689 Si
1370 2637 1622 2689 steterint
1665 2634 1840 2690 Moses
1872 2641 1929 2689 et

353 2730 566 2784 Samuel
602 2731 654 2783 iu
697 2741 988 2800 conspectu
1033 2743 1175 2792 meo,
1211 2745 1317 2784 non
1365 2729 1629 2783 dimittam
1680 2733 1780 2782 eis.
1816 2745 1837 2779 ι
1870 2729 1927 2784 ει

351 2837 482 2889 ergo
511 2831 694 2877 tantus
722 2833 776 2877 et
806 2823 926 2876 talis
950 2832 1027 2877 est
1065 2823 1204 2875 ﬁlius
1233 2822 1442 2892 gratiae,
1475 2830 1530 2875 et
1555 2837 1654 2876 nos
1701 2819 1929 2878 festine-

351 2930 473 2969 mus
500 2916 714 2983 quidem
747 2915 812 2967 ad
846 2915 1014 2970 Anna:
1047 2915 1299 2984 nuptias,
1344 2915 1438 2967 sed
1482 2915 1754 2982 patienter
1802 2930 1930 2984 aga-

353 3024 472 3061 mus
505 3017 562 3061 tit
593 3008 742 3076 prius
782 3007 942 3061 nobis
986 3007 1080 3060 ﬁlii
1108 3009 1172 3060 de
1202 3005 1565 3059 conversione
1596 3014 1926 3060 nascantur:

351 3099 502 3167 prius
539 3100 591 3152 in
631 3098 790 3152 bonis
819 3097 1075 3165 operibus
1109 3095 1448 3164 placeamus,
1488 3103 1615 3149 tunc
1653 3094 1847 3148 deinde
1871 3103 1926 3148 et
1955 3133 2002 3195 Ο

351 3189 418 3243 de
447 3188 639 3258 gratia,
687 3197 741 3239 et
784 3189 926 3239 dono
966 3187 1191 3253 spiritus
1225 3185 1395 3238 tilium
1449 3199 1818 3252 procrecinus.
1858 3183 1926 3238 Et

351 3279 565 3349 qualem
593 3278 802 3331 tilium?
831 3277 1018 3344 Qualis
1045 3278 1132 3331 hic
1161 3276 1301 3330 ﬁlius
1323 3286 1427 3341 est,
1455 3275 1699 3342 Samuel,
1728 3277 1925 3345 inquit,

351 3368 444 3436 qui
497 3368 883 3437 interpretatur
922 3366 1010 3420 Ibi
1054 3369 1161 3435 ipse
1200 3367 1338 3420 Deus
1371 3368 1504 3438 (98).
1539 3367 1702 3422 Vides
1741 3367 1930 3436 quales

352 3459 493 3513 lilios
522 3468 744 3528 generat
774 3460 992 3530 gratia?
1027 3459 1116 3512 Sic
1150 3459 1294 3514 enim
1327 3460 1586 3527 scriptum
1628 3468 1708 3514 est
1748 3461 1813 3512 de
1844 3458 1932 3513 his

353 3550 443 3617 qui
491 3549 715 3617 spiritus
749 3550 980 3618 gratiam
1027 3547 1307 3604 consecuti
1340 3560 1464 3603 sunt
1492 3590 1506 3613 ,
1541 3550 1753 3604 dicente
1785 3552 1930 3617 Apo-

355 3639 492 3693 stolo
517 3639 560 3670 ¹¹⁶
588 3656 602 3692 :
636 3656 655 3688 ί
697 3638 754 3692 Si
788 3655 916 3694 vero
949 3640 1211 3708 propheta
1245 3641 1446 3704 intret,
1485 3647 1576 3691 aut
1619 3637 1930 3704 imperitus,

357 3740 448 3783 aut
496 3730 681 3794 idiota,
730 3731 781 3783 in
817 3740 1140 3784 conventum
1176 3742 1414 3784 vestrum
1440 3770 1456 3796 ,
1489 3730 1823 3783 discernitur
1865 3729 1932 3781 ab

355 3821 856 3885 omnibus,occulta
875 3837 1091 3891 quoque
1116 3821 1301 3877 cordis
1320 3822 1436 3888 ejus
1461 3821 1746 3874 maniteSta
1774 3821 1930 3874 ﬁent:

356 3923 408 3966 et
449 3921 576 3966 tunc
617 3914 818 3967 cadens
867 3913 920 3966 in
961 3913 1153 3967 faciem
1207 3912 1460 3965 adorabit
1495 3911 1703 3974 Deum,
1743 3911 1936 3964 dicens

355 4003 483 4072 quia
520 4019 646 4058 vere
679 4004 820 4059 Deus
865 4006 916 4057 in
964 4005 1114 4057 vobis
1145 4012 1249 4058 est.
1297 4022 1315 4053 ι
1357 4001 1468 4055 Hoc
1509 4011 1594 4056 cst
1626 4016 1756 4070 ergo
1790 4001 1935 4069 quod

358 4094 750 4163 interpretatur
780 4095 1025 4155 Samuel,
1053 4095 1123 4147 ibi
1154 4096 1266 4163 ipse
1311 4094 1476 4147 Deus.
1514 4092 1617 4148 Ubi
1654 4094 1796 4145 enim
1827 4092 1937 4158 spi-

361 4181 496 4234 ritus
525 4185 749 4252 gratiaz,
790 4184 863 4238 ibi
913 4184 1026 4253 ipse
1070 4199 1194 4237 esse
1233 4183 1433 4235 dicitur
1466 4183 1628 4235 Deus.
1677 4181 1783 4234 Sed
1838 4180 1937 4234 iste

359 4272 516 4328 nobis
563 4275 682 4328 talis
726 4275 865 4329 titius
915 4292 1018 4328 non
1065 4283 1242 4344 potest
1289 4274 1476 4336 nasci,
1533 4273 1638 4326 nisi
1688 4287 1934 4341 praees-

359 4365 529 4418 serint
575 4368 724 4435 prius
783 4367 877 4420 ﬁlii
926 4366 1236 4421 Pheuenutc
1285 4385 1298 4432 ;
1354 4365 1458 4418 nisi
1520 4365 1663 4418 enim
1731 4380 1934 4433 prame-

2027 556 2163 616 Silo.
2197 557 2388 610 hostia:
2414 571 2511 623 pro
2541 555 2778 622 pereatis
2811 551 3205 608 otTerebantur.
3246 562 3298 605 et
3328 552 3398 605 ibi
3435 555 3601 606 ﬁebat

2024 648 2272 716 purgatio
2328 657 2698 716 peccatorum.
2767 645 2881 698 Silo
2955 657 3134 698 autem
3206 645 3600 713 interpretatur

2024 738 2225 791 nvulsio
2255 738 2338 791 vel
2373 737 2688 790 excalceatio
2715 736 2851 803 (99),
2887 737 2986 790 hoc
3016 746 3097 790 est
3127 738 3480 791 calceamenti
3510 753 3598 789 re-

2024 827 2252 888 solutio,
2301 837 2354 881 et
2403 837 2630 896 uterque
2676 840 2870 880 sensus
2913 829 3304 882 convenienter
3359 839 3597 896 aptatur.

2024 917 2198 972 Locos
2228 919 2369 972 enim
2402 919 2454 970 in
2487 934 2591 986 quo
2615 927 2831 986 peccata
2864 930 3188 987 purgantur,
3215 932 3362 975 recte
3389 922 3601 975 avulsio

2024 1010 2356 1072 nominatur,
2388 1009 2476 1063 ubi
2511 1008 2766 1062 avellitur
2793 1025 2887 1063 cor
2927 1010 3218 1076 lapideum,
3248 1020 3301 1066 ct
3342 1014 3602 1068 inseritur

2024 1116 2118 1154 cor
2171 1116 2424 1154 carneum
2463 1119 2475 1152 :
2528 1101 2609 1154 vel
2659 1101 3022 1166 excalceatio,
3051 1103 3174 1171 quia
3212 1118 3401 1157 omnes
3429 1103 3601 1158 donec

2024 1189 2091 1240 ad
2139 1199 2382 1243 satu-tum
2435 1189 2609 1244 locum
2663 1191 2986 1256 veniamus,
3041 1193 3338 1247 excalceati
3373 1209 3597 1247 sumus:

2024 1295 2143 1334 cum
2174 1291 2349 1334 autem
2379 1285 2786 1348 pervenerimus
2814 1284 3054 1348 adeum,
3090 1285 3410 1339 discalceari
3441 1284 3605 1350 jube-

2025 1387 2164 1424 mur.
2201 1371 2291 1426 Sic
2339 1372 2539 1426 dicitur
2570 1375 2634 1427 ad
2685 1376 2866 1430 Mosen
2906 1375 2951 1407 ⁸⁸
2993 1393 3005 1428 :
3043 1393 3060 1425 ι
3107 1375 3266 1428 Solve
3301 1377 3599 1444 corrigiam

2023 1463 2372 1517 calceamenti
2408 1464 2504 1517 ttti.
2541 1465 2714 1519 Locus
2744 1467 2889 1519 enim
2934 1467 2986 1520 in
3022 1481 3130 1534 quo
3164 1475 3215 1519 tu
3252 1476 3366 1520 stas
3391 1506 3406 1529 ,
3454 1478 3599 1520 terra

2024 1561 2208 1605 sancta
2259 1561 2360 1606 est.
2407 1573 2425 1604 ι
2468 1554 2532 1606 Et
2581 1556 2707 1623 quid
2763 1568 3013 1624 putamus
3059 1559 3200 1626 quod
3255 1558 3308 1612 in
3359 1559 3442 1612 his
3494 1575 3601 1614 non

2025 1640 2228 1708 aliquid
2299 1644 2542 1711 mysterii
2607 1644 2877 1697 obtectum
2953 1646 3063 1710 sit,
3124 1646 3218 1699 sed
3279 1647 3405 1714 quia
3462 1647 3606 1703 Deus

2028 1732 2191 1803 485
2233 1737 2621 1789 exsecrabatur
2666 1737 3031 1791 calecamenta
3080 1738 3210 1793 Mosi
3254 1741 3553 1807 corporalia
3584 1781 3602 1805 ,

2025 1823 2146 1877 ideo
2192 1825 2306 1877 hmc
2349 1825 2715 1892 jubebantur?
2766 1827 2870 1879 Aut
2919 1827 3045 1881 illud
3083 1829 3252 1896 magis
3301 1831 3599 1898 putandum

2023 1923 2128 1976 est,
2180 1915 2320 1984 quod
2371 1931 2492 1969 cum
2537 1918 2710 1971 exiret
2750 1920 2816 1972 de
2854 1925 3000 1972 terra
3052 1916 3272 1989 Egypti
3301 1960 3316 1984 ,
3368 1919 3604 1976 habebat

2026 2006 2394 2061 calceamenta
2428 2009 2494 2062 de
2521 2008 3026 2078 pellibus-mortuis,
3061 2020 3114 2064 et
3143 2021 3264 2065 erat
3286 2011 3431 2066 velut
3467 2028 3602 2081 qua-

2039 2098 2158 2154 dam
2172 2098 2492 2153 mortalitate
2504 2098 2852 2152 constrictus:
2870 2113 2990 2151 curn
3012 2113 3137 2152 vero
3154 2099 3318 2167 coepit
3347 2099 3610 2168 proﬁcere

2038 2191 2104 2245 ad
2122 2191 2372 2244 virtutem
2405 2197 2458 2242 et
2489 2189 2779 2243 ascendere
2808 2196 3046 2241 montem
3083 2189 3195 2254 Dei,
3219 2198 3379 2258 atque
3408 2191 3478 2244 ibi
3508 2192 3604 2245 iiii-

2037 2283 2354 2335 mortalibus
2393 2281 2698 2336 ministrare
2728 2282 3013 2351 mysteriis,
3046 2291 3175 2336 tunc
3207 2283 3336 2338 dicit
3373 2285 3438 2339 ad
3483 2301 3607 2341 eum

2041 2381 2100 2426 ttt
2145 2373 2340 2426 indicia
2388 2373 2728 2428 mortalitatis
2775 2373 3066 2442 abjicerct,
3121 2390 3240 2443 quae
3295 2375 3348 2428 in
3396 2377 3608 2431 calcea-

2039 2464 2238 2519 mentis
2290 2464 2528 2532 pclliceis
2569 2464 2936 2535 designantur.
2981 2465 3092 2535 Ego
3132 2477 3263 2534 puto
3300 2468 3442 2536 quod
3481 2484 3609 2537 pro-

2038 2565 2223 2624 pterea
2260 2565 2310 2609 et
2354 2555 2612 2625 apostolis
2650 2555 2762 2608 suis
2799 2553 3044 2608 Salvator
3083 2557 3360 2625 praecepit,
3399 2573 3469 2611 ne
3507 2559 3607 2612 ha-

2036 2647 2229 2701 berent
2273 2647 2636 2702 calceamenta
2694 2646 2748 2698 in
2798 2646 3027 2714 pedibus
3083 2646 3222 2711 suis,
3263 2656 3321 2700 ut
3371 2647 3607 2716 ipsorum

2037 2739 2203 2810 pedes
2240 2738 2330 2808 qui
2370 2737 2661 2792 currebant
2698 2736 2763 2790 ad
2798 2736 3226 2790 annuntiandum
3257 2737 3418 2791 vitam
3449 2747 3610 2793 teter-

2037 2846 2194 2894 nam,
2238 2829 2384 2882 omni
2439 2836 2690 2882 carerent
2742 2827 3083 2881 mortalitatis
3121 2827 3319 2882 indicio
3361 2846 3373 2880 :
3411 2830 3609 2900 quippe

2037 2917 2129 2990 qui
2178 2918 2323 2971 illam
2379 2916 2521 2970 viam
2575 2916 2910 2981 incederent,
2949 2931 3069 2986 quae
3121 2918 3250 2971 dicit
3285 2919 3329 2949 ⁸⁷
3375 2937 3386 2971 :
3431 2937 3450 2969 ‹
3497 2920 3609 2989 Ego

2033 3023 2151 3062 sum
2199 3007 2282 3058 via
2308 3047 2322 3071 ,
2356 3006 2558 3058 veritas
2601 3016 2656 3058 et
2701 3006 2831 3057 vita.
2860 3023 2879 3057 ι
2924 3004 3092 3058 Nemo
3126 3005 3270 3058 enim
3305 3004 3446 3058 viam
3487 3004 3610 3058 vita:

2034 3111 2156 3150 cum
2186 3094 2534 3148 mortalitatis
2562 3094 2761 3147 indicio
2795 3093 3178 3148 iucedit.1‘alis
3198 3110 3327 3164 ergo
3347 3104 3428 3149 est
3458 3095 3609 3148 locus

2037 3188 2137 3241 iste
2166 3185 2418 3241 similiter
2447 3186 2537 3239 tibi
2575 3195 2656 3238 est
2685 3183 2803 3238 Heli
2843 3184 2924 3238 vir
2964 3185 3144 3239 minus
3171 3185 3476 3240 laudabilis.
3505 3185 3612 3242 Pro

2036 3285 2261 3346 peccato
2291 3275 2435 3330 enim
2463 3283 2770 3329 retrorsum
2796 3289 3053 3328 corruens
3075 3276 3479 3345 exspiravit.Et
3505 3293 3612 3332 non

2035 3375 2286 3437 putemus
2313 3367 2453 3435 quod
2493 3366 2597 3420 iste
2628 3367 2772 3420 solus
2807 3373 3103 3420 retrorsum
3129 3380 3392 3422 corruens
3427 3370 3613 3437 exspi-

2036 3460 2259 3523 raverit,
2299 3458 2391 3512 sed
2428 3466 2482 3511 et
2522 3473 2666 3510 nunc
2711 3458 2755 3511 si
2794 3459 2914 3528 quis
2952 3466 3250 3511 retrorsum
3284 3459 3528 3523 corruit,
3567 3461 3615 3515 si

2038 3549 2161 3617 quis
2211 3557 2360 3602 retro
2414 3547 2750 3602 convertitur
2789 3563 2818 3602 a
2871 3548 2976 3603 ﬁde
3011 3556 3064 3601 et
3097 3550 3356 3612 veritate,
3393 3564 3618 3606 necesse

2037 3650 2120 3695 est
2143 3649 2199 3694 ut
2219 3641 2399 3704 cadat,
2429 3649 2483 3693 et
2513 3648 2570 3693 ut
2593 3640 2848 3694 continuo
2872 3640 3155 3694 moriatur.
3186 3639 3292 3694 Sed
3316 3650 3368 3695 et
3396 3641 3448 3693 in
3477 3640 3615 3696 Deu-

2039 3731 2329 3784 teronomio
2355 3730 2705 3786 comminatio
2737 3731 3116 3800 peccatoribus
3140 3731 3458 3796 intentatur,
3491 3747 3615 3788 cum

2040 3821 2237 3876 dici1ur
2266 3820 2312 3852 ⁸⁸
2349 3839 2360 3873 :
2393 3839 2410 3872 ι
2438 3821 2504 3875 Ει
2531 3821 2912 3889 opisthotonus
2939 3819 3276 3874 insanabilis.
3308 3839 3327 3872 ι
3357 3821 3617 3889 Opislho-

2041 3919 2199 3966 tonus
2225 3921 2404 3965 autem
2441 3911 2572 3980 tergi
2609 3911 2986 3980 aegritudinem
3018 3921 3070 3962 et
3102 3912 3462 3980 posteriorum
3488 3928 3616 3980 par-

2041 4003 2174 4055 tium
2211 4003 2524 4069 signiﬁcat,
2560 4013 2614 4056 et
2649 4003 2838 4071 utique
2869 4018 2973 4055 non
3013 4003 3130 4057 sine
3163 4017 3322 4056 causa
3344 4043 3360 4067 ,
3392 4019 3512 4056 cum
3543 4014 3620 4057 tot

2039 4107 2234 4162 genera
2277 4093 2553 4162 languoris
2601 4093 2908 4149 habeantur
2943 4093 3198 4158 humani,
3240 4095 3346 4148 hoc
3400 4095 3620 4160 potissi-

2042 4200 2186 4237 tuum
2229 4198 2402 4252 genus
2429 4183 2705 4251 languoris
2740 4182 3038 4237 ascribitur
3064 4183 3360 4252 peccatori.
3395 4183 3529 4237 Nam
3562 4195 3619 4236 et

2041 4277 2094 4329 in
2124 4276 2310 4331 Genesi
2343 4291 2479 4330 uxor
2523 4276 2642 4340 Lol,
2682 4290 2800 4344 qua:
2849 4285 2994 4328 retro
3027 4290 3287 4329 conversa
3343 4284 3447 4342 est,
3475 4275 3618 4329 divi-

2044 4384 2168 4421 nuni
2196 4368 2395 4421 dicitur
2424 4377 2761 4435 transgressa
2795 4375 3145 4434 praeceptum,
3179 4380 3284 4434 quo
3310 4367 3357 4419 ei
3393 4368 3623 4421 manda-

359 4455 488 4508 dant
527 4471 688 4526 opera
745 4459 1158 4524 conversionis,
1211 4473 1316 4510 non
1369 4470 1645 4510 meremur
1699 4454 1928 4523 gratiam
1963 4474 2008 4528 ι)
2042 4467 2150 4511 ιιιιιι
2207 4459 2387 4511 fuerat.
2435 4471 2502 4509 ne
2551 4466 2846 4509 retrorsum
2897 4456 3220 4524 respiceret,
3265 4472 3399 4512 neve
3448 4468 3623 4512 staret

358 4547 613 4615 spiritus,
646 4563 745 4603 nec
776 4563 842 4603 ex
877 4549 991 4618 ipsa
1025 4564 1312 4618 possumus
1341 4548 1540 4602 donum
1585 4547 1813 4614 spiritus
1843 4563 1936 4616 ge-

361 4653 576 4694 nerare.

432 4727 484 4782 6.
519 4727 812 4785 Videamus
842 4741 1022 4787 autem
1051 4740 1106 4786 et
1137 4729 1202 4784 ad
1235 4745 1393 4799 quem
1437 4731 1613 4786 locum
1643 4728 1936 4785 convenie-

359 4817 452 4872 bat
487 4819 755 4876 [lelehana
799 4837 920 4876 cum
966 4821 1226 4876 uxoribus
1259 4820 1391 4877 suis.
1429 4838 1446 4871 ε
1486 4819 1806 4882 lmmolare,
1855 4818 1940 4870 iti-

360 4913 478 4980 quit
499 4914 568 4980 ⁸⁵,
607 4915 837 4969 Domino
866 4917 918 4968 in
949 4913 1084 4969 Sdo.
1117 4914 1286 4967 Erant
1326 4923 1504 4969 autem
1530 4953 1546 4980 ,
1583 4913 1775 4983 inquit,
1821 4910 1937 4965 Heli

359 5002 471 5069 ibi,
499 5015 552 5059 et
586 5006 693 5060 duo
739 5007 830 5060 ﬁlii
865 5007 983 5076 ejus
1026 5005 1201 5078 Ophni
1242 5015 1296 5061 et
1326 5006 1588 5075 Phinees,
1627 5005 1941 5060 sacerdotes

361 5092 597 5149 Domini.
640 5116 658 5149 ι
700 5100 812 5153 Silo
854 5115 1045 5154 nomen
1087 5110 1173 5154 est
1216 5101 1316 5155 loei
1345 5139 1361 5165 ,
1417 5099 1468 5152 in
1515 5113 1622 5168 quo
1665 5096 1936 5152 sacriﬁcia

364 5182 593 5242 Domino
622 5190 991 5246 otterebantur
1011 5232 1026 5259 ,
1063 5193 1382 5263 priusquam
1420 5191 1677 5261 templum
1707 5189 1941 5244 :cdiﬁca-

2047 4549 2271 4603 inomni
2322 4549 2562 4617 regione,
2606 4558 2661 4600 et
2705 4546 2825 4600 ideo
2857 4545 3051 4601 eﬁ‘ecta
3081 4555 3162 4602 est
3197 4548 3502 4604 staticulum
3534 4564 3624 4604 sa-

2044 4640 2110 4694 lis
2142 4639 2207 4696 ”.
2234 4639 2495 4693 Dominus
2521 4653 2736 4708 quoque
2763 4647 2816 4691 et
2852 4637 3100 4693 Salvator
3131 4650 3316 4694 noster
3355 4642 3406 4694 in
3443 4640 3624 4695 Evan-

2045 4732 2187 4802 gelio
2216 4750 2230 4786 :
2271 4749 2290 4783 ι
2324 4730 2518 4794 Nemo,
2553 4730 2730 4800 inquit
2756 4729 2841 4793 θ’,
2870 4729 3089 4783 mittens
3126 4745 3345 4783 manum
3386 4745 3540 4785 suam
3569 4731 3624 4786 in

2046 4831 2308 4889 aratrum,
2347 4831 2402 4874 et
2435 4829 2580 4874 retro
2615 4820 2913 4890 respiciens
2951 4829 3110 4889 aptus
3147 4831 3232 4876 est
3263 4835 3430 4888 regno
3458 4821 3572 4876 Dei.
3601 4839 3622 4872 ι

2043 4912 2268 4982 Insuper
2307 4927 2525 4982 quoque
2558 4926 2678 4965 cum
2709 4911 2774 4965 de
2797 4910 3042 4979 pluribus
3073 4911 3367 4975 docuisset,
3398 4912 3545 4966 addit
3572 4919 3628 4966 et

2045 5005 2170 5070 hoc,
2206 5004 2395 5058 dicens
2419 5003 2462 5035 ’ί
2495 5021 2510 5056 :
2543 5020 2560 5052 ι
2597 5000 2866 5055 Metuores
2891 5012 3068 5056 estote
3097 5003 3286 5056 uxoris
3312 5000 3434 5056 Lot.
3465 5019 3483 5052 ι
3515 4999 3628 5069 0p-

2047 5097 2236 5149 timum
2277 5095 2444 5164 igitur
2486 5099 2570 5146 est
2593 5091 2836 5146 oblivisci
2886 5093 3088 5161 priora,
3128 5093 3372 5147 oblivisci
3403 5103 3627 5162 przeter-

2045 5187 2141 5254 ita,
2168 5188 2242 5240 ttti
2281 5201 2348 5241 ne
2375 5185 2804 5255 comprehendat
2833 5199 2932 5240 nos
2969 5185 3378 5255 opisthotonus,
3409 5187 3628 5238 insana-

432 5339 478 5370 ⁸ο
507 5310 770 5406 ποτιήηξι,
828 5345 914 5397 t7.
979 5345 1022 5376 ⁸¹
1069 5343 1200 5398 Luc.
1255 5363 1310 5402 x.
1382 5345 1426 5378 ⁸³
1478 5344 1619 5399 Psal.
1669 5344 1838 5409 tc,6.
1913 5345 1930 5377 ‘

2035 5357 2190 5398 arent.
2224 5359 2315 5402 xv,
2359 5344 2406 5396 t.
2490 5344 2533 5376 ⁸³
2583 5342 2599 5397 Ι
2631 5341 2880 5398 Corinth.
2921 5357 3011 5396 xtv
3037 5381 3052 5406 ,
3088 5341 3178 5402 94,
3207 5340 3298 5394 25.
3375 5329 3459 5381 ⁸δῖ
3490 5325 3626 5409 πρε.

364 5423 402 5474 I,
434 5409 486 5464 5.
564 5409 611 5441 ⁸⁸
641 5409 810 5464 Exod.
838 5429 920 5478 ut,
961 5413 1014 5468 5.
1091 5414 1134 5445 ⁸⁷
1156 5413 1312 5470 Joan.
1345 5431 1453 5482 xiv,
1488 5415 1540 5470 6.

435 5573 548 5645 (98)
582 5572 890 5629 Samuel....
926 5577 1015 5645 qui
1057 5578 1434 5646 interpretatur
1482 5579 1566 5635 lbi
1604 5581 1712 5650 ipse
1780 5580 1940 5639 Deus.

364 5665 629 5738 Ahme
662 5667 787 5728 ibi,»
821 5678 922 5729 mn
965 5690 981 5720 ι
1024 5671 1160 5738 ipse,
1196 5691 1214 5724 ι
1253 5681 1308 5726 et
1332 5669 1403 5732 im
1453 5692 1468 5723 ι
1515 5672 1674 5728 Deus.
1704 5691 1722 5725 ι

435 5736 544 5806 (99)
573 5735 688 5789 Silo
728 5751 901 5792 mrtem
937 5735 1309 5808 interpretatur
1340 5743 1542 5798 arulsio
1569 5743 1644 5798 re!
1667 5743 1935 5798 excalcea-

682 5829 952 5916 Parnoc.
1001 5833 1115 5893 Gn.
1165 5834 1303 5894 ΧΠ.

1618 5415 1664 5447 ⁸⁸
1692 5416 1848 5470 Deut.
1886 5430 2078 5470 xxvttt.

2172 5413 2217 5444 θ’
2251 5413 2386 5468 Gen.
2423 5428 2533 5467 xzx.
2610 5413 2654 5445 °°
2687 5412 2818 5468 Luc.
2852 5429 2927 5479 tx,
2957 5412 3045 5466 62.
3121 5412 3165 5442 ⁹¹
3193 5411 3326 5464 Luc.
3369 5422 3503 5476 xvii,
3533 5407 3624 5461 '52.

2051 5580 2146 5633 tio.
2186 5578 2230 5632 Α
2275 5561 2387 5639 5w:
2431 5595 2450 5629 σ
2487 5577 2714 5645 avulsit,
2743 5578 2996 5642 detraxit,
3025 5569 3392 5635 discalceavit,
3425 5567 3470 5621 si
3499 5567 3631 5638 jun-

2048 5659 2205 5721 gatur
2232 5664 2352 5704 cum
2376 5648 2576 5704 calceo.
2612 5667 2631 5701 ι

3226 5823 3306 5881 32
