  <div class='ocr_page' id='page_1' title='image "/cluster/home/n/w/nwhite01/storage/ocr_20150623/12:no.2/coo.31924054873074/515.png"; bbox 0 0 4124 6396; ppageno 0'>
   <div class='ocr_carea' id='block_1_1' title="bbox 530 377 669 433">
    <p class='ocr_par' dir='ltr' id='par_1_1' title="bbox 530 377 669 433">
     <span class='ocr_line' id='line_1_1' title="bbox 530 377 669 433; baseline 0.007 -3"><span class='ocrx_word' id='word_1_1' title='bbox 530 377 669 433; x_wconf 73' lang='grc'>1005</span> 
     </span>
    </p>
   </div>
   <div class='ocr_carea' id='block_1_2' title="bbox 2011 373 2333 429">
    <p class='ocr_par' dir='ltr' id='par_1_2' title="bbox 2011 373 2333 429">
     <span class='ocr_line' id='line_1_2' title="bbox 2011 373 2333 429; baseline 0.003 -1"><span class='ocrx_word' id='word_1_2' title='bbox 2011 373 2333 429; x_wconf 69' lang='lat' dir='ltr'><strong>ORIGENlS</strong></span> 
     </span>
    </p>
   </div>
   <div class='ocr_carea' id='block_1_3' title="bbox 3649 393 3794 450">
    <p class='ocr_par' dir='ltr' id='par_1_3' title="bbox 3649 393 3794 450">
     <span class='ocr_line' id='line_1_3' title="bbox 3649 393 3794 450; baseline 0.034 -5"><span class='ocrx_word' id='word_1_3' title='bbox 3649 393 3794 450; x_wconf 69' lang='grc'><strong>1004</strong></span> 
     </span>
    </p>
   </div>
   <div class='ocr_carea' id='block_1_4' title="bbox 526 492 3797 578">
    <p class='ocr_par' dir='ltr' id='par_1_4' title="bbox 526 492 3797 578">
     <span class='ocr_line' id='line_1_4' title="bbox 526 492 3797 578; baseline 0.006 -27"><span class='ocrx_word' id='word_1_4' title='bbox 526 498 650 551; x_wconf 76' lang='lat' dir='ltr'><strong>bilis</strong></span> <span class='ocrx_word' id='word_1_5' title='bbox 688 494 931 564; x_wconf 79' lang='lat' dir='ltr'><strong>languor,</strong></span> <span class='ocrx_word' id='word_1_6' title='bbox 971 510 1141 564; x_wconf 81' lang='lat' dir='ltr'><strong>neque</strong></span> <span class='ocrx_word' id='word_1_7' title='bbox 1175 496 1433 549; x_wconf 85' lang='lat' dir='ltr'><strong>cadamus</strong></span> <span class='ocrx_word' id='word_1_8' title='bbox 1466 504 1762 551; x_wconf 82' lang='lat' dir='ltr'><strong>retrorsum</strong></span> <span class='ocrx_word' id='word_1_9' title='bbox 1798 495 1933 549; x_wconf 80' lang='lat' dir='ltr'><strong>sicut</strong></span> <span class='ocrx_word' id='word_1_10' title='bbox 1965 492 2100 555; x_wconf 76' lang='lat' dir='ltr'><strong>Ileli,</strong></span> <span class='ocrx_word' id='word_1_11' title='bbox 2136 496 2179 550; x_wconf 76' lang='grc' dir='ltr'><strong>Α</strong></span> <span class='ocrx_word' id='word_1_12' title='bbox 2213 493 2311 543; x_wconf 79' lang='lat' dir='ltr'><strong>hoc</strong></span> <span class='ocrx_word' id='word_1_13' title='bbox 2345 494 2597 560; x_wconf 75' lang='lat' dir='ltr'><strong>dicimus,</strong></span> <span class='ocrx_word' id='word_1_14' title='bbox 2630 499 2775 565; x_wconf 90' lang='lat' dir='ltr'><strong>quod</strong></span> <span class='ocrx_word' id='word_1_15' title='bbox 2825 500 2870 553; x_wconf 89' lang='lat' dir='ltr'><strong>is</strong></span> <span class='ocrx_word' id='word_1_16' title='bbox 2918 503 3007 569; x_wconf 92' lang='lat' dir='ltr'><strong>qui</strong></span> <span class='ocrx_word' id='word_1_17' title='bbox 3058 502 3168 558; x_wconf 90' lang='lat' dir='ltr'><strong>Deo</strong></span> <span class='ocrx_word' id='word_1_18' title='bbox 3218 503 3442 561; x_wconf 70' lang='lat' dir='ltr'><strong>oﬁ‘ertur</strong></span> <span class='ocrx_word' id='word_1_19' title='bbox 3475 524 3622 578; x_wconf 89' lang='lat' dir='ltr'><strong>puer.</strong></span> <span class='ocrx_word' id='word_1_20' title='bbox 3661 527 3797 573; x_wconf 84' lang='lat' dir='ltr'><strong>ante</strong></span> 
     </span>
    </p>
   </div>
   <div class='ocr_carea' id='block_1_5' title="bbox 523 591 919 644">
    <p class='ocr_par' dir='ltr' id='par_1_5' title="bbox 523 591 919 644">
     <span class='ocr_line' id='line_1_5' title="bbox 523 591 919 644; baseline 0 -1"><span class='ocrx_word' id='word_1_21' title='bbox 523 601 577 644; x_wconf 86' lang='lat' dir='ltr'><strong>et</strong></span> <span class='ocrx_word' id='word_1_22' title='bbox 608 591 919 643; x_wconf 73' lang='lat' dir='ltr'><strong>moriamur.</strong></span> 
     </span>
    </p>
   </div>
   <div class='ocr_carea' id='block_1_6' title="bbox 595 678 2103 749">
    <p class='ocr_par' dir='ltr' id='par_1_6' title="bbox 595 678 2103 749">
     <span class='ocr_line' id='line_1_6' title="bbox 595 678 2103 749; baseline -0.004 -12"><span class='ocrx_word' id='word_1_23' title='bbox 595 685 647 737; x_wconf 87' lang='grc'><strong>7.</strong></span> <span class='ocrx_word' id='word_1_24' title='bbox 694 682 766 734; x_wconf 87' lang='lat' dir='ltr'><strong>Ibi</strong></span> <span class='ocrx_word' id='word_1_25' title='bbox 802 693 981 735; x_wconf 88' lang='lat' dir='ltr'><strong>autem</strong></span> <span class='ocrx_word' id='word_1_26' title='bbox 1017 690 1174 734; x_wconf 85' lang='lat' dir='ltr'><strong>erant</strong></span> <span class='ocrx_word' id='word_1_27' title='bbox 1207 681 1312 735; x_wconf 84' lang='lat' dir='ltr'><strong>duo</strong></span> <span class='ocrx_word' id='word_1_28' title='bbox 1374 679 1465 735; x_wconf 79' lang='lat' dir='ltr'><strong>filii</strong></span> <span class='ocrx_word' id='word_1_29' title='bbox 1504 679 1642 733; x_wconf 82' lang='lat' dir='ltr'><strong>&quot;eli.</strong></span> <span class='ocrx_word' id='word_1_30' title='bbox 1679 678 1790 733; x_wconf 81' lang='lat' dir='ltr'><strong>Heli</strong></span> <span class='ocrx_word' id='word_1_31' title='bbox 1826 680 1902 749; x_wconf 89' lang='grc' dir='ltr'><strong>(Ι)</strong></span> <span class='ocrx_word' id='word_1_32' title='bbox 1938 682 2103 732; x_wconf 81' lang='lat' dir='ltr'><strong>inter-</strong></span> 
     </span>
    </p>
   </div>
   <div class='ocr_carea' id='block_1_7' title="bbox 523 773 2100 842">
    <p class='ocr_par' dir='ltr' id='par_1_7' title="bbox 523 773 2100 842">
     <span class='ocr_line' id='line_1_7' title="bbox 523 773 2100 842; baseline -0.003 -13"><span class='ocrx_word' id='word_1_33' title='bbox 523 784 766 842; x_wconf 81' lang='lat' dir='ltr'><strong>pretatur</strong></span> <span class='ocrx_word' id='word_1_34' title='bbox 810 774 1000 835; x_wconf 75' lang='lat' dir='ltr'><strong>Arabs,</strong></span> <span class='ocrx_word' id='word_1_35' title='bbox 1041 773 1155 826; x_wconf 87' lang='lat' dir='ltr'><strong>sive</strong></span> <span class='ocrx_word' id='word_1_36' title='bbox 1186 774 1471 827; x_wconf 70' lang='lat' dir='ltr'><strong>extrarius.</strong></span> <span class='ocrx_word' id='word_1_37' title='bbox 1531 773 1813 825; x_wconf 80' lang='lat' dir='ltr'><strong>Extrarius</strong></span> <span class='ocrx_word' id='word_1_38' title='bbox 1845 774 2042 839; x_wconf 82' lang='lat' dir='ltr'><strong>quippe</strong></span> <span class='ocrx_word' id='word_1_39' title='bbox 2073 792 2100 825; x_wconf 87' lang='lat' dir='ltr'><strong>a</strong></span> 
     </span>
    </p>
   </div>
   <div class='ocr_carea' id='block_1_8' title="bbox 523 866 2099 939">
    <p class='ocr_par' dir='ltr' id='par_1_8' title="bbox 523 866 2099 939">
     <span class='ocr_line' id='line_1_8' title="bbox 523 866 2099 939; baseline -0.003 -17"><span class='ocrx_word' id='word_1_40' title='bbox 523 869 635 923; x_wconf 71' lang='lat' dir='ltr'><strong>lico</strong></span> <span class='ocrx_word' id='word_1_41' title='bbox 676 880 756 923; x_wconf 91' lang='lat' dir='ltr'><strong>est</strong></span> <span class='ocrx_word' id='word_1_42' title='bbox 783 869 875 939; x_wconf 90' lang='lat' dir='ltr'><strong>qui</strong></span> <span class='ocrx_word' id='word_1_43' title='bbox 919 885 1020 922; x_wconf 89' lang='lat' dir='ltr'><strong>non</strong></span> <span class='ocrx_word' id='word_1_44' title='bbox 1064 876 1209 921; x_wconf 91' lang='lat' dir='ltr'><strong>tenet</strong></span> <span class='ocrx_word' id='word_1_45' title='bbox 1246 866 1617 934; x_wconf 89' lang='lat' dir='ltr'><strong>disciplinam,</strong></span> <span class='ocrx_word' id='word_1_46' title='bbox 1654 866 1743 933; x_wconf 94' lang='lat' dir='ltr'><strong>qui</strong></span> <span class='ocrx_word' id='word_1_47' title='bbox 1777 866 2099 934; x_wconf 76' lang='lat' dir='ltr'><strong>delinquen-</strong></span> 
     </span>
    </p>
   </div>
   <div class='ocr_carea' id='block_1_9' title="bbox 524 955 2096 1026">
    <p class='ocr_par' dir='ltr' id='par_1_9' title="bbox 524 955 2096 1026">
     <span class='ocr_line' id='line_1_9' title="bbox 524 955 2096 1026; baseline -0.004 -12"><span class='ocrx_word' id='word_1_48' title='bbox 524 972 631 1014; x_wconf 81' lang='lat' dir='ltr'><strong>tem</strong></span> <span class='ocrx_word' id='word_1_49' title='bbox 666 960 831 1014; x_wconf 90' lang='lat' dir='ltr'><strong>ﬁlium</strong></span> <span class='ocrx_word' id='word_1_50' title='bbox 871 973 975 1012; x_wconf 90' lang='lat' dir='ltr'><strong>non</strong></span> <span class='ocrx_word' id='word_1_51' title='bbox 1008 959 1264 1026; x_wconf 86' lang='lat' dir='ltr'><strong>castigat,</strong></span> <span class='ocrx_word' id='word_1_52' title='bbox 1302 970 1405 1008; x_wconf 89' lang='lat' dir='ltr'><strong>non</strong></span> <span class='ocrx_word' id='word_1_53' title='bbox 1447 956 1689 1025; x_wconf 79' lang='lat' dir='ltr'><strong>corripit,</strong></span> <span class='ocrx_word' id='word_1_54' title='bbox 1724 964 1778 1007; x_wconf 93' lang='lat' dir='ltr'><strong>ut</strong></span> <span class='ocrx_word' id='word_1_55' title='bbox 1804 955 2049 1009; x_wconf 84' lang='lat' dir='ltr'><strong>emendet</strong></span> <span class='ocrx_word' id='word_1_56' title='bbox 2084 972 2096 1007; x_wconf 94' lang='lat'>:</span> 
     </span>
    </p>
   </div>
   <div class='ocr_carea' id='block_1_10' title="bbox 521 1047 2101 1122">
    <p class='ocr_par' dir='ltr' id='par_1_10' title="bbox 521 1047 2101 1122">
     <span class='ocr_line' id='line_1_10' title="bbox 521 1047 2101 1122; baseline -0.003 -18"><span class='ocrx_word' id='word_1_57' title='bbox 521 1054 613 1122; x_wconf 88' lang='lat' dir='ltr'><strong>qtti</strong></span> <span class='ocrx_word' id='word_1_58' title='bbox 669 1052 910 1121; x_wconf 77' lang='lat' dir='ltr'><strong>indulget</strong></span> <span class='ocrx_word' id='word_1_59' title='bbox 941 1051 1106 1113; x_wconf 79' lang='lat' dir='ltr'><strong>vitiis,</strong></span> <span class='ocrx_word' id='word_1_60' title='bbox 1136 1052 1226 1119; x_wconf 89' lang='lat' dir='ltr'><strong>qui</strong></span> <span class='ocrx_word' id='word_1_61' title='bbox 1261 1047 1457 1102; x_wconf 83' lang='lat' dir='ltr'><strong>delicta</strong></span> <span class='ocrx_word' id='word_1_62' title='bbox 1507 1064 1613 1101; x_wconf 88' lang='lat' dir='ltr'><strong>non</strong></span> <span class='ocrx_word' id='word_1_63' title='bbox 1662 1048 1844 1116; x_wconf 84' lang='lat' dir='ltr'><strong>punit,</strong></span> <span class='ocrx_word' id='word_1_64' title='bbox 1878 1048 2020 1100; x_wconf 78' lang='lat' dir='ltr'><strong>sicut</strong></span> <span class='ocrx_word' id='word_1_65' title='bbox 2047 1057 2101 1100; x_wconf 86' lang='lat' dir='ltr'><strong>et</strong></span> 
     </span>
    </p>
   </div>
   <div class='ocr_carea' id='block_1_11' title="bbox 522 1140 2097 1214">
    <p class='ocr_par' dir='ltr' id='par_1_11' title="bbox 522 1140 2097 1214">
     <span class='ocr_line' id='line_1_11' title="bbox 522 1140 2097 1214; baseline -0.005 -15"><span class='ocrx_word' id='word_1_66' title='bbox 522 1145 812 1214; x_wconf 81' lang='lat' dir='ltr'><strong>Apostolus</strong></span> <span class='ocrx_word' id='word_1_67' title='bbox 835 1145 965 1198; x_wconf 86' lang='lat' dir='ltr'><strong>dicit</strong></span> <span class='ocrx_word' id='word_1_68' title='bbox 987 1144 1033 1175; x_wconf 70' lang='grc' dir='ltr'><strong>θ’</strong></span> <span class='ocrx_word' id='word_1_69' title='bbox 1061 1162 1073 1195; x_wconf 88' lang='lat'>:</span> <span class='ocrx_word' id='word_1_70' title='bbox 1101 1161 1118 1191; x_wconf 82' lang='grc' dir='ltr'><strong>ι</strong></span> <span class='ocrx_word' id='word_1_71' title='bbox 1141 1142 1292 1208; x_wconf 81' lang='lat' dir='ltr'><strong>Quod</strong></span> <span class='ocrx_word' id='word_1_72' title='bbox 1320 1143 1363 1196; x_wconf 92' lang='lat' dir='ltr'><strong>si</strong></span> <span class='ocrx_word' id='word_1_73' title='bbox 1391 1150 1546 1195; x_wconf 82' lang='lat' dir='ltr'><strong>extra</strong></span> <span class='ocrx_word' id='word_1_74' title='bbox 1575 1140 1914 1208; x_wconf 90' lang='lat' dir='ltr'><strong>disciplinam</strong></span> <span class='ocrx_word' id='word_1_75' title='bbox 1944 1141 2097 1201; x_wconf 90' lang='lat' dir='ltr'><strong>estis,</strong></span> 
     </span>
    </p>
   </div>
   <div class='ocr_carea' id='block_1_12' title="bbox 520 1233 2095 1305">
    <p class='ocr_par' dir='ltr' id='par_1_12' title="bbox 520 1233 2095 1305">
     <span class='ocr_line' id='line_1_12' title="bbox 520 1233 2095 1305; baseline -0.004 -17"><span class='ocrx_word' id='word_1_76' title='bbox 520 1238 683 1305; x_wconf 82' lang='lat' dir='ltr'><strong>cujus</strong></span> <span class='ocrx_word' id='word_1_77' title='bbox 708 1236 1008 1304; x_wconf 88' lang='lat' dir='ltr'><strong>participes</strong></span> <span class='ocrx_word' id='word_1_78' title='bbox 1036 1235 1163 1290; x_wconf 86' lang='lat' dir='ltr'><strong>facti</strong></span> <span class='ocrx_word' id='word_1_79' title='bbox 1197 1243 1326 1289; x_wconf 91' lang='lat' dir='ltr'><strong>sunt</strong></span> <span class='ocrx_word' id='word_1_80' title='bbox 1354 1248 1568 1299; x_wconf 87' lang='lat' dir='ltr'><strong>omnes,</strong></span> <span class='ocrx_word' id='word_1_81' title='bbox 1616 1248 1747 1299; x_wconf 80' lang='lat' dir='ltr'><strong>ergo</strong></span> <span class='ocrx_word' id='word_1_82' title='bbox 1779 1233 2095 1298; x_wconf 85' lang='lat' dir='ltr'><strong>adnltcrini,</strong></span> 
     </span>
    </p>
   </div>
   <div class='ocr_carea' id='block_1_13' title="bbox 520 1323 2098 1394">
    <p class='ocr_par' dir='ltr' id='par_1_13' title="bbox 520 1323 2098 1394">
     <span class='ocr_line' id='line_1_13' title="bbox 520 1323 2098 1394; baseline -0.002 -15"><span class='ocrx_word' id='word_1_83' title='bbox 520 1337 574 1380; x_wconf 81' lang='grc' dir='ltr'><strong>ιιι</strong></span> <span class='ocrx_word' id='word_1_84' title='bbox 607 1342 714 1381; x_wconf 93' lang='lat' dir='ltr'><strong>non</strong></span> <span class='ocrx_word' id='word_1_85' title='bbox 751 1326 845 1379; x_wconf 84' lang='lat' dir='ltr'><strong>lilii</strong></span> <span class='ocrx_word' id='word_1_86' title='bbox 876 1327 1033 1381; x_wconf 87' lang='lat' dir='ltr'><strong>estis.</strong></span> <span class='ocrx_word' id='word_1_87' title='bbox 1064 1344 1081 1376; x_wconf 75' lang='grc' dir='ltr'><strong>ι</strong></span> <span class='ocrx_word' id='word_1_88' title='bbox 1128 1325 1235 1380; x_wconf 88' lang='lat' dir='ltr'><strong>Iste</strong></span> <span class='ocrx_word' id='word_1_89' title='bbox 1274 1335 1360 1379; x_wconf 91' lang='lat' dir='ltr'><strong>est</strong></span> <span class='ocrx_word' id='word_1_90' title='bbox 1390 1340 1521 1394; x_wconf 83' lang='lat' dir='ltr'><strong>ergo</strong></span> <span class='ocrx_word' id='word_1_91' title='bbox 1564 1323 1706 1388; x_wconf 90' lang='lat' dir='ltr'><strong>lleli,</strong></span> <span class='ocrx_word' id='word_1_92' title='bbox 1747 1325 1839 1392; x_wconf 86' lang='lat' dir='ltr'><strong>qui</strong></span> <span class='ocrx_word' id='word_1_93' title='bbox 1876 1334 2098 1394; x_wconf 83' lang='lat' dir='ltr'><strong>propter</strong></span> 
     </span>
    </p>
   </div>
   <div class='ocr_carea' id='block_1_14' title="bbox 520 1415 2097 1488">
    <p class='ocr_par' dir='ltr' id='par_1_14' title="bbox 520 1415 2097 1488">
     <span class='ocr_line' id='line_1_14' title="bbox 520 1415 2097 1488; baseline -0.005 -15"><span class='ocrx_word' id='word_1_94' title='bbox 520 1422 636 1473; x_wconf 75' lang='lat' dir='ltr'><strong>inec</strong></span> <span class='ocrx_word' id='word_1_95' title='bbox 665 1421 887 1488; x_wconf 86' lang='lat' dir='ltr'><strong>punitur</strong></span> <span class='ocrx_word' id='word_1_96' title='bbox 919 1434 945 1471; x_wconf 86' lang='lat' dir='ltr'><strong>a</strong></span> <span class='ocrx_word' id='word_1_97' title='bbox 983 1418 1111 1472; x_wconf 90' lang='lat' dir='ltr'><strong>Deo.</strong></span> <span class='ocrx_word' id='word_1_98' title='bbox 1164 1415 1456 1470; x_wconf 82' lang='lat' dir='ltr'><strong>Videamus</strong></span> <span class='ocrx_word' id='word_1_99' title='bbox 1506 1426 1685 1469; x_wconf 89' lang='lat' dir='ltr'><strong>autem</strong></span> <span class='ocrx_word' id='word_1_100' title='bbox 1734 1416 1822 1481; x_wconf 92' lang='lat' dir='ltr'><strong>qui</strong></span> <span class='ocrx_word' id='word_1_101' title='bbox 1875 1422 1999 1467; x_wconf 91' lang='lat' dir='ltr'><strong>sunt</strong></span> <span class='ocrx_word' id='word_1_102' title='bbox 2042 1421 2097 1466; x_wconf 88' lang='lat' dir='ltr'><strong>ct</strong></span> 
     </span>
    </p>
   </div>
   <div class='ocr_carea' id='block_1_15' title="bbox 523 1507 2095 1583">
    <p class='ocr_par' dir='ltr' id='par_1_15' title="bbox 523 1507 2095 1583">
     <span class='ocr_line' id='line_1_15' title="bbox 523 1507 2095 1583; baseline -0.006 -16"><span class='ocrx_word' id='word_1_103' title='bbox 523 1514 615 1568; x_wconf 89' lang='lat' dir='ltr'><strong>ﬁlii</strong></span> <span class='ocrx_word' id='word_1_104' title='bbox 665 1514 805 1583; x_wconf 87' lang='lat' dir='ltr'><strong>ejus.</strong></span> <span class='ocrx_word' id='word_1_105' title='bbox 854 1512 1054 1581; x_wconf 82' lang='lat' dir='ltr'><strong>Opltni,</strong></span> <span class='ocrx_word' id='word_1_106' title='bbox 1091 1512 1291 1581; x_wconf 84' lang='lat' dir='ltr'><strong>inquit,</strong></span> <span class='ocrx_word' id='word_1_107' title='bbox 1321 1520 1375 1565; x_wconf 91' lang='lat' dir='ltr'><strong>et</strong></span> <span class='ocrx_word' id='word_1_108' title='bbox 1412 1510 1666 1565; x_wconf 80' lang='lat' dir='ltr'><strong>Phincos.</strong></span> <span class='ocrx_word' id='word_1_109' title='bbox 1707 1507 2095 1575; x_wconf 75' lang='lat' dir='ltr'><strong>Interpretatur</strong></span> 
     </span>
    </p>
   </div>
   <div class='ocr_carea' id='block_1_16' title="bbox 520 1595 2092 1672">
    <p class='ocr_par' dir='ltr' id='par_1_16' title="bbox 520 1595 2092 1672">
     <span class='ocr_line' id='line_1_16' title="bbox 520 1595 2092 1672; baseline -0.007 -13"><span class='ocrx_word' id='word_1_110' title='bbox 520 1615 700 1660; x_wconf 84' lang='lat' dir='ltr'><strong>autem</strong></span> <span class='ocrx_word' id='word_1_111' title='bbox 729 1604 905 1672; x_wconf 82' lang='lat' dir='ltr'><strong>Opimi</strong></span> <span class='ocrx_word' id='word_1_112' title='bbox 931 1619 1172 1657; x_wconf 73' lang='lat' dir='ltr'><strong>excessus</strong></span> <span class='ocrx_word' id='word_1_113' title='bbox 1200 1600 1550 1655; x_wconf 78' lang='lat' dir='ltr'><strong>conversionis</strong></span> <span class='ocrx_word' id='word_1_114' title='bbox 1570 1598 1665 1668; x_wconf 72' lang='lat'><strong>(2).</strong></span> <span class='ocrx_word' id='word_1_115' title='bbox 1697 1597 1769 1652; x_wconf 91' lang='lat' dir='ltr'><strong>De</strong></span> <span class='ocrx_word' id='word_1_116' title='bbox 1800 1595 2092 1650; x_wconf 85' lang='lat' dir='ltr'><strong>Plteneuna</strong></span> 
     </span>
    </p>
   </div>
   <div class='ocr_carea' id='block_1_17' title="bbox 516 1688 2089 1763">
    <p class='ocr_par' dir='ltr' id='par_1_17' title="bbox 516 1688 2089 1763">
     <span class='ocr_line' id='line_1_17' title="bbox 516 1688 2089 1763; baseline -0.005 -14"><span class='ocrx_word' id='word_1_117' title='bbox 516 1707 695 1750; x_wconf 83' lang='lat' dir='ltr'><strong>autem</strong></span> <span class='ocrx_word' id='word_1_118' title='bbox 748 1694 912 1763; x_wconf 87' lang='lat' dir='ltr'><strong>paulo</strong></span> <span class='ocrx_word' id='word_1_119' title='bbox 942 1702 1066 1746; x_wconf 87' lang='lat' dir='ltr'><strong>ante</strong></span> <span class='ocrx_word' id='word_1_120' title='bbox 1097 1692 1337 1745; x_wconf 81' lang='lat' dir='ltr'><strong>diximus</strong></span> <span class='ocrx_word' id='word_1_121' title='bbox 1379 1691 1521 1759; x_wconf 90' lang='lat' dir='ltr'><strong>quod</strong></span> <span class='ocrx_word' id='word_1_122' title='bbox 1563 1698 1710 1743; x_wconf 82' lang='lat' dir='ltr'><strong>esset</strong></span> <span class='ocrx_word' id='word_1_123' title='bbox 1760 1688 2089 1742; x_wconf 83' lang='lat' dir='ltr'><strong>conversio:</strong></span> 
     </span>
    </p>
   </div>
   <div class='ocr_carea' id='block_1_18' title="bbox 2209 585 3792 675">
    <p class='ocr_par' dir='ltr' id='par_1_18' title="bbox 2209 585 3792 675">
     <span class='ocr_line' id='line_1_18' title="bbox 2209 585 3792 675; baseline 0.017 -42"><span class='ocrx_word' id='word_1_124' title='bbox 2209 585 2390 639; x_wconf 82' lang='lat' dir='ltr'><strong>offerri</strong></span> <span class='ocrx_word' id='word_1_125' title='bbox 2428 604 2531 642; x_wconf 90' lang='lat' dir='ltr'><strong>non</strong></span> <span class='ocrx_word' id='word_1_126' title='bbox 2561 593 2753 658; x_wconf 89' lang='lat' dir='ltr'><strong>potuit,</strong></span> <span class='ocrx_word' id='word_1_127' title='bbox 2783 609 2945 663; x_wconf 88' lang='lat' dir='ltr'><strong>quam</strong></span> <span class='ocrx_word' id='word_1_128' title='bbox 2974 595 3336 664; x_wconf 78' lang='lat' dir='ltr'><strong>depelleretur</strong></span> <span class='ocrx_word' id='word_1_129' title='bbox 3360 614 3385 650; x_wconf 72' lang='grc' dir='ltr'>ει</span> <span class='ocrx_word' id='word_1_130' title='bbox 3413 601 3572 655; x_wconf 87' lang='lat' dir='ltr'><strong>lacte.</strong></span> <span class='ocrx_word' id='word_1_131' title='bbox 3601 606 3653 657; x_wconf 93' lang='lat' dir='ltr'><strong>In</strong></span> <span class='ocrx_word' id='word_1_132' title='bbox 3682 624 3792 675; x_wconf 81' lang='lat' dir='ltr'><strong>quo</strong></span> 
     </span>
    </p>
   </div>
   <div class='ocr_carea' id='block_1_19' title="bbox 2208 680 3791 769">
    <p class='ocr_par' dir='ltr' id='par_1_19' title="bbox 2208 680 3791 769">
     <span class='ocr_line' id='line_1_19' title="bbox 2208 680 3791 769; baseline 0.015 -41"><span class='ocrx_word' id='word_1_133' title='bbox 2208 680 2516 732; x_wconf 77' lang='lat' dir='ltr'><strong>ostenditur</strong></span> <span class='ocrx_word' id='word_1_134' title='bbox 2538 685 2849 769; x_wconf 81' lang='lat' dir='ltr'><strong>consecrari</strong></span> <span class='ocrx_word' id='word_1_135' title='bbox 2880 687 2986 739; x_wconf 84' lang='lat' dir='ltr'><strong>Deo</strong></span> <span class='ocrx_word' id='word_1_136' title='bbox 3011 688 3279 742; x_wconf 88' lang='lat' dir='ltr'><strong>neminem</strong></span> <span class='ocrx_word' id='word_1_137' title='bbox 3307 706 3463 758; x_wconf 86' lang='lat' dir='ltr'><strong>posse</strong></span> <span class='ocrx_word' id='word_1_138' title='bbox 3488 695 3578 761; x_wconf 91' lang='lat' dir='ltr'><strong>qui</strong></span> <span class='ocrx_word' id='word_1_139' title='bbox 3611 697 3791 751; x_wconf 89' lang='lat' dir='ltr'><strong>adhuc</strong></span> 
     </span>
    </p>
   </div>
   <div class='ocr_carea' id='block_1_20' title="bbox 2209 769 3791 851">
    <p class='ocr_par' dir='ltr' id='par_1_20' title="bbox 2209 769 3791 851">
     <span class='ocr_line' id='line_1_20' title="bbox 2209 769 3791 851; baseline 0.013 -31"><span class='ocrx_word' id='word_1_140' title='bbox 2209 769 2348 823; x_wconf 76' lang='lat' dir='ltr'><strong>lacte</strong></span> <span class='ocrx_word' id='word_1_141' title='bbox 2379 771 2562 835; x_wconf 85' lang='lat' dir='ltr'><strong>alitur,</strong></span> <span class='ocrx_word' id='word_1_142' title='bbox 2592 781 2647 827; x_wconf 91' lang='lat' dir='ltr'><strong>et</strong></span> <span class='ocrx_word' id='word_1_143' title='bbox 2682 789 2817 841; x_wconf 88' lang='lat' dir='ltr'><strong>puer</strong></span> <span class='ocrx_word' id='word_1_144' title='bbox 2853 786 2937 829; x_wconf 92' lang='lat' dir='ltr'><strong>est</strong></span> <span class='ocrx_word' id='word_1_145' title='bbox 2967 779 3238 841; x_wconf 89' lang='lat' dir='ltr'><strong>sensibus,</strong></span> <span class='ocrx_word' id='word_1_146' title='bbox 3287 790 3451 849; x_wconf 87' lang='lat' dir='ltr'><strong>atque</strong></span> <span class='ocrx_word' id='word_1_147' title='bbox 3480 798 3672 851; x_wconf 83' lang='lat' dir='ltr'><strong>expers</strong></span> <span class='ocrx_word' id='word_1_148' title='bbox 3703 799 3791 841; x_wconf 81' lang='lat' dir='ltr'><strong>est</strong></span> 
     </span>
    </p>
   </div>
   <div class='ocr_carea' id='block_1_21' title="bbox 2207 862 3789 942">
    <p class='ocr_par' dir='ltr' id='par_1_21' title="bbox 2207 862 3789 942">
     <span class='ocr_line' id='line_1_21' title="bbox 2207 862 3789 942; baseline 0.011 -28"><span class='ocrx_word' id='word_1_149' title='bbox 2207 864 2477 916; x_wconf 80' lang='lat' dir='ltr'><strong>sermonis</strong></span> <span class='ocrx_word' id='word_1_150' title='bbox 2496 862 2747 930; x_wconf 71' lang='lat' dir='ltr'><strong>justitim,</strong></span> <span class='ocrx_word' id='word_1_151' title='bbox 2776 881 2873 919; x_wconf 91' lang='lat' dir='ltr'><strong>nec</strong></span> <span class='ocrx_word' id='word_1_152' title='bbox 2898 870 3256 922; x_wconf 77' lang='lat' dir='ltr'><strong>sacerdotalia</strong></span> <span class='ocrx_word' id='word_1_153' title='bbox 3282 881 3458 939; x_wconf 85' lang='lat' dir='ltr'><strong>potest</strong></span> <span class='ocrx_word' id='word_1_154' title='bbox 3488 889 3789 942; x_wconf 83' lang='lat' dir='ltr'><strong>procurare</strong></span> 
     </span>
    </p>
   </div>
   <div class='ocr_carea' id='block_1_22' title="bbox 2204 956 3788 1037">
    <p class='ocr_par' dir='ltr' id='par_1_22' title="bbox 2204 956 3788 1037">
     <span class='ocr_line' id='line_1_22' title="bbox 2204 956 3788 1037; baseline 0.009 -32"><span class='ocrx_word' id='word_1_155' title='bbox 2204 966 2545 1009; x_wconf 84' lang='lat' dir='ltr'><strong>Sacramenta</strong></span> <span class='ocrx_word' id='word_1_156' title='bbox 2580 956 2679 1009; x_wconf 90' lang='lat' dir='ltr'><strong>nisi</strong></span> <span class='ocrx_word' id='word_1_157' title='bbox 2727 958 2952 1013; x_wconf 90' lang='lat' dir='ltr'><strong>desistat</strong></span> <span class='ocrx_word' id='word_1_158' title='bbox 2992 975 3020 1013; x_wconf 87' lang='lat' dir='ltr'><strong>a</strong></span> <span class='ocrx_word' id='word_1_159' title='bbox 3060 962 3393 1029; x_wconf 84' lang='lat' dir='ltr'><strong>puerilibus,</strong></span> <span class='ocrx_word' id='word_1_160' title='bbox 3427 974 3481 1017; x_wconf 82' lang='lat' dir='ltr'><strong>et</strong></span> <span class='ocrx_word' id='word_1_161' title='bbox 3520 967 3572 1018; x_wconf 91' lang='lat' dir='ltr'><strong>in</strong></span> <span class='ocrx_word' id='word_1_162' title='bbox 3612 970 3788 1037; x_wconf 78' lang='lat' dir='ltr'><strong>majus</strong></span> 
     </span>
    </p>
   </div>
   <div class='ocr_carea' id='block_1_23' title="bbox 2207 1046 3786 1119">
    <p class='ocr_par' dir='ltr' id='par_1_23' title="bbox 2207 1046 3786 1119">
     <span class='ocr_line' id='line_1_23' title="bbox 2207 1046 3786 1119; baseline 0.011 -23"><span class='ocrx_word' id='word_1_163' title='bbox 2207 1048 2460 1098; x_wconf 84' lang='lat' dir='ltr'><strong>ascendat</strong></span> <span class='ocrx_word' id='word_1_164' title='bbox 2504 1046 2573 1099; x_wconf 87' lang='lat' dir='ltr'><strong>ab</strong></span> <span class='ocrx_word' id='word_1_165' title='bbox 2625 1047 2707 1101; x_wconf 86' lang='lat' dir='ltr'><strong>Itis</strong></span> <span class='ocrx_word' id='word_1_166' title='bbox 2742 1049 2939 1117; x_wconf 88' lang='lat' dir='ltr'><strong>quibus</strong></span> <span class='ocrx_word' id='word_1_167' title='bbox 2985 1050 3278 1119; x_wconf 88' lang='lat' dir='ltr'><strong>Apostolus</strong></span> <span class='ocrx_word' id='word_1_168' title='bbox 3329 1055 3461 1109; x_wconf 88' lang='lat' dir='ltr'><strong>dicit</strong></span> <span class='ocrx_word' id='word_1_169' title='bbox 3494 1057 3539 1088; x_wconf 74' lang='grc'>³³³</span> <span class='ocrx_word' id='word_1_170' title='bbox 3574 1079 3585 1111; x_wconf 90' lang='lat'><em>:</em></span> <span class='ocrx_word' id='word_1_171' title='bbox 3619 1079 3637 1110; x_wconf 83' lang='grc' dir='ltr'><strong>ι</strong></span> <span class='ocrx_word' id='word_1_172' title='bbox 3674 1059 3786 1113; x_wconf 87' lang='lat' dir='ltr'><strong>Lac</strong></span> 
     </span>
    </p>
   </div>
   <div class='ocr_carea' id='block_1_24' title="bbox 2206 1137 3786 1220">
    <p class='ocr_par' dir='ltr' id='par_1_24' title="bbox 2206 1137 3786 1220">
     <span class='ocr_line' id='line_1_24' title="bbox 2206 1137 3786 1220; baseline 0.012 -32"><span class='ocrx_word' id='word_1_173' title='bbox 2206 1137 2357 1190; x_wconf 82' lang='lat' dir='ltr'><strong>vobis</strong></span> <span class='ocrx_word' id='word_1_174' title='bbox 2396 1148 2579 1206; x_wconf 90' lang='lat' dir='ltr'><strong>potum</strong></span> <span class='ocrx_word' id='word_1_175' title='bbox 2607 1140 2753 1207; x_wconf 83' lang='lat' dir='ltr'><strong>dedi,</strong></span> <span class='ocrx_word' id='word_1_176' title='bbox 2797 1158 2900 1195; x_wconf 92' lang='lat' dir='ltr'><strong>non</strong></span> <span class='ocrx_word' id='word_1_177' title='bbox 2933 1158 3139 1198; x_wconf 87' lang='lat' dir='ltr'><strong>escam.</strong></span> <span class='ocrx_word' id='word_1_178' title='bbox 3174 1143 3419 1201; x_wconf 80' lang='lat' dir='ltr'><strong>Nondum</strong></span> <span class='ocrx_word' id='word_1_179' title='bbox 3452 1150 3598 1203; x_wconf 91' lang='lat' dir='ltr'><strong>enim</strong></span> <span class='ocrx_word' id='word_1_180' title='bbox 3631 1164 3786 1220; x_wconf 87' lang='lat' dir='ltr'><strong>pote-</strong></span> 
     </span>
    </p>
   </div>
   <div class='ocr_carea' id='block_1_25' title="bbox 2205 1231 3783 1308">
    <p class='ocr_par' dir='ltr' id='par_1_25' title="bbox 2205 1231 3783 1308">
     <span class='ocr_line' id='line_1_25' title="bbox 2205 1231 3783 1308; baseline 0.008 -25"><span class='ocrx_word' id='word_1_181' title='bbox 2205 1231 2357 1283; x_wconf 83' lang='lat' dir='ltr'><strong>ratis.</strong></span> <span class='ocrx_word' id='word_1_182' title='bbox 2392 1250 2410 1283; x_wconf 81' lang='grc' dir='ltr'><strong>ι</strong></span> <span class='ocrx_word' id='word_1_183' title='bbox 2458 1231 2710 1300; x_wconf 79' lang='lat' dir='ltr'><strong>Alioquin</strong></span> <span class='ocrx_word' id='word_1_184' title='bbox 2764 1234 3057 1288; x_wconf 91' lang='lat' dir='ltr'><strong>secundum</strong></span> <span class='ocrx_word' id='word_1_185' title='bbox 3104 1236 3340 1291; x_wconf 85' lang='lat' dir='ltr'><strong>litteram</strong></span> <span class='ocrx_word' id='word_1_186' title='bbox 3387 1241 3515 1308; x_wconf 89' lang='lat' dir='ltr'><strong>quid</strong></span> <span class='ocrx_word' id='word_1_187' title='bbox 3568 1242 3783 1297; x_wconf 78' lang='lat' dir='ltr'><strong>videtur</strong></span> 
     </span>
    </p>
   </div>
   <div class='ocr_carea' id='block_1_26' title="bbox 2200 1323 3780 1401">
    <p class='ocr_par' dir='ltr' id='par_1_26' title="bbox 2200 1323 3780 1401">
     <span class='ocr_line' id='line_1_26' title="bbox 2200 1323 3780 1401; baseline 0.01 -26"><span class='ocrx_word' id='word_1_188' title='bbox 2200 1337 2378 1388; x_wconf 64' lang='lat' dir='ltr'><strong>Opera:</strong></span> <span class='ocrx_word' id='word_1_189' title='bbox 2406 1323 2565 1392; x_wconf 85' lang='lat' dir='ltr'><strong>pretii</strong></span> <span class='ocrx_word' id='word_1_190' title='bbox 2598 1325 2881 1393; x_wconf 92' lang='lat' dir='ltr'><strong>puerulum</strong></span> <span class='ocrx_word' id='word_1_191' title='bbox 2915 1342 3089 1395; x_wconf 91' lang='lat' dir='ltr'><strong>nuper</strong></span> <span class='ocrx_word' id='word_1_192' title='bbox 3121 1342 3149 1381; x_wconf 89' lang='lat' dir='ltr'><strong>a</strong></span> <span class='ocrx_word' id='word_1_193' title='bbox 3183 1330 3322 1383; x_wconf 89' lang='lat' dir='ltr'><strong>lacte</strong></span> <span class='ocrx_word' id='word_1_194' title='bbox 3350 1331 3629 1401; x_wconf 89' lang='lat' dir='ltr'><strong>depulsum</strong></span> <span class='ocrx_word' id='word_1_195' title='bbox 3671 1336 3780 1391; x_wconf 77' lang='lat' dir='ltr'><strong>Deo</strong></span> 
     </span>
    </p>
   </div>
   <div class='ocr_carea' id='block_1_27' title="bbox 2199 1413 3779 1484">
    <p class='ocr_par' dir='ltr' id='par_1_27' title="bbox 2199 1413 3779 1484">
     <span class='ocr_line' id='line_1_27' title="bbox 2199 1413 3779 1484; baseline 0.01 -19"><span class='ocrx_word' id='word_1_196' title='bbox 2199 1413 2407 1478; x_wconf 79' lang='lat' dir='ltr'><strong>offerri,</strong></span> <span class='ocrx_word' id='word_1_197' title='bbox 2438 1415 2524 1469; x_wconf 90' lang='lat' dir='ltr'><strong>ubi</strong></span> <span class='ocrx_word' id='word_1_198' title='bbox 2558 1431 2662 1469; x_wconf 92' lang='lat' dir='ltr'><strong>non</strong></span> <span class='ocrx_word' id='word_1_199' title='bbox 2697 1426 2872 1471; x_wconf 89' lang='lat' dir='ltr'><strong>mater</strong></span> <span class='ocrx_word' id='word_1_200' title='bbox 2921 1418 3195 1484; x_wconf 89' lang='lat' dir='ltr'><strong>intererit,</strong></span> <span class='ocrx_word' id='word_1_201' title='bbox 3229 1436 3333 1474; x_wconf 92' lang='lat' dir='ltr'><strong>non</strong></span> <span class='ocrx_word' id='word_1_202' title='bbox 3362 1424 3601 1478; x_wconf 83' lang='lat' dir='ltr'><strong>nutrices</strong></span> <span class='ocrx_word' id='word_1_203' title='bbox 3624 1425 3779 1480; x_wconf 86' lang='lat' dir='ltr'><strong>fove-</strong></span> 
     </span>
    </p>
   </div>
   <div class='ocr_carea' id='block_1_28' title="bbox 2199 1504 3777 1579">
    <p class='ocr_par' dir='ltr' id='par_1_28' title="bbox 2199 1504 3777 1579">
     <span class='ocr_line' id='line_1_28' title="bbox 2199 1504 3777 1579; baseline 0.01 -20"><span class='ocrx_word' id='word_1_204' title='bbox 2199 1504 2353 1570; x_wconf 90' lang='lat' dir='ltr'><strong>bunt,</strong></span> <span class='ocrx_word' id='word_1_205' title='bbox 2400 1521 2575 1576; x_wconf 86' lang='lat' dir='ltr'><strong>neque</strong></span> <span class='ocrx_word' id='word_1_206' title='bbox 2602 1508 2865 1563; x_wconf 87' lang='lat' dir='ltr'><strong>educandi</strong></span> <span class='ocrx_word' id='word_1_207' title='bbox 2896 1513 3048 1579; x_wconf 91' lang='lat' dir='ltr'><strong>pueri</strong></span> <span class='ocrx_word' id='word_1_208' title='bbox 3097 1512 3329 1566; x_wconf 88' lang='lat' dir='ltr'><strong>aderunt</strong></span> <span class='ocrx_word' id='word_1_209' title='bbox 3361 1514 3467 1568; x_wconf 86' lang='lat' dir='ltr'><strong>ulla</strong></span> <span class='ocrx_word' id='word_1_210' title='bbox 3497 1518 3777 1575; x_wconf 71' lang='lat' dir='ltr'><strong>subsidia?</strong></span> 
     </span>
    </p>
   </div>
   <div class='ocr_carea' id='block_1_29' title="bbox 2199 1597 3773 1675">
    <p class='ocr_par' dir='ltr' id='par_1_29' title="bbox 2199 1597 3773 1675">
     <span class='ocr_line' id='line_1_29' title="bbox 2199 1597 3773 1675; baseline 0.008 -25"><span class='ocrx_word' id='word_1_211' title='bbox 2199 1597 2304 1650; x_wconf 84' lang='lat' dir='ltr'><strong>Sed</strong></span> <span class='ocrx_word' id='word_1_212' title='bbox 2338 1597 2458 1651; x_wconf 88' lang='lat' dir='ltr'><strong>vide</strong></span> <span class='ocrx_word' id='word_1_213' title='bbox 2496 1600 2621 1668; x_wconf 87' lang='lat' dir='ltr'><strong>quia</strong></span> <span class='ocrx_word' id='word_1_214' title='bbox 2656 1599 2953 1670; x_wconf 77' lang='lat' dir='ltr'><strong>Scriptura:</strong></span> <span class='ocrx_word' id='word_1_215' title='bbox 2977 1619 3159 1658; x_wconf 90' lang='lat' dir='ltr'><strong>sermo</strong></span> <span class='ocrx_word' id='word_1_216' title='bbox 3188 1606 3260 1658; x_wconf 90' lang='lat' dir='ltr'><strong>ita</strong></span> <span class='ocrx_word' id='word_1_217' title='bbox 3291 1616 3451 1675; x_wconf 90' lang='lat' dir='ltr'><strong>aptus</strong></span> <span class='ocrx_word' id='word_1_218' title='bbox 3474 1617 3574 1671; x_wconf 89' lang='lat' dir='ltr'><strong>est,</strong></span> <span class='ocrx_word' id='word_1_219' title='bbox 3611 1618 3669 1663; x_wconf 91' lang='lat' dir='ltr'><strong>ut</strong></span> <span class='ocrx_word' id='word_1_220' title='bbox 3709 1610 3773 1662; x_wconf 84' lang='lat' dir='ltr'><strong>ﬁ-</strong></span> 
     </span>
    </p>
   </div>
   <div class='ocr_carea' id='block_1_30' title="bbox 2196 1688 3773 1766">
    <p class='ocr_par' dir='ltr' id='par_1_30' title="bbox 2196 1688 3773 1766">
     <span class='ocr_line' id='line_1_30' title="bbox 2196 1688 3773 1766; baseline 0.012 -29"><span class='ocrx_word' id='word_1_221' title='bbox 2196 1688 2458 1758; x_wconf 87' lang='lat' dir='ltr'><strong>guraliter</strong></span> <span class='ocrx_word' id='word_1_222' title='bbox 2501 1691 2691 1744; x_wconf 80' lang='lat' dir='ltr'><strong>doceat</strong></span> <span class='ocrx_word' id='word_1_223' title='bbox 2737 1695 2881 1761; x_wconf 91' lang='lat' dir='ltr'><strong>quod</strong></span> <span class='ocrx_word' id='word_1_224' title='bbox 2924 1696 3105 1750; x_wconf 91' lang='lat' dir='ltr'><strong>omnis</strong></span> <span class='ocrx_word' id='word_1_225' title='bbox 3147 1697 3237 1765; x_wconf 90' lang='lat' dir='ltr'><strong>qui</strong></span> <span class='ocrx_word' id='word_1_226' title='bbox 3282 1698 3458 1766; x_wconf 91' lang='lat' dir='ltr'><strong>primo</strong></span> <span class='ocrx_word' id='word_1_227' title='bbox 3494 1700 3560 1753; x_wconf 88' lang='lat' dir='ltr'><strong>ad</strong></span> <span class='ocrx_word' id='word_1_228' title='bbox 3611 1700 3773 1757; x_wconf 84' lang='lat' dir='ltr'><strong>ﬁdem</strong></span> 
     </span>
    </p>
   </div>
   <div class='ocr_carea' id='block_1_31' title="bbox 516 1776 2083 1883">
    <p class='ocr_par' dir='ltr' id='par_1_31' title="bbox 516 1776 2083 1850">
     <span class='ocr_line' id='line_1_31' title="bbox 516 1776 2083 1850; baseline -0.006 -13"><span class='ocrx_word' id='word_1_229' title='bbox 516 1785 605 1838; x_wconf 84' lang='lat' dir='ltr'><strong>hic</strong></span> <span class='ocrx_word' id='word_1_230' title='bbox 633 1793 811 1837; x_wconf 86' lang='lat' dir='ltr'><strong>autem</strong></span> <span class='ocrx_word' id='word_1_231' title='bbox 851 1781 941 1850; x_wconf 91' lang='lat' dir='ltr'><strong>qui</strong></span> <span class='ocrx_word' id='word_1_232' title='bbox 982 1779 1218 1844; x_wconf 77' lang='lat' dir='ltr'><strong>excedit,</strong></span> <span class='ocrx_word' id='word_1_233' title='bbox 1251 1788 1305 1833; x_wconf 89' lang='lat' dir='ltr'><strong>et</strong></span> <span class='ocrx_word' id='word_1_234' title='bbox 1347 1779 1506 1848; x_wconf 84' lang='lat' dir='ltr'><strong>longe</strong></span> <span class='ocrx_word' id='word_1_235' title='bbox 1555 1776 1785 1832; x_wconf 82' lang='lat' dir='ltr'><strong>efficitur</strong></span> <span class='ocrx_word' id='word_1_236' title='bbox 1810 1776 1877 1829; x_wconf 90' lang='lat' dir='ltr'><strong>ab</strong></span> <span class='ocrx_word' id='word_1_237' title='bbox 1904 1790 2083 1830; x_wconf 89' lang='lat' dir='ltr'><strong>cmen-</strong></span> 
     </span>
    </p>
   </div>
   <div class='ocr_carea' id='block_1_32' title="bbox 2189 1776 3773 1883">
    <p class='ocr_par' dir='ltr' id='par_1_32' title="bbox 2196 1780 3773 1861">
     <span class='ocr_line' id='line_1_32' title="bbox 2196 1780 3773 1861; baseline 0.009 -28"><span class='ocrx_word' id='word_1_238' title='bbox 2196 1780 2553 1848; x_wconf 88' lang='lat' dir='ltr'><strong>convertitur,</strong></span> <span class='ocrx_word' id='word_1_239' title='bbox 2582 1782 2720 1838; x_wconf 87' lang='lat' dir='ltr'><strong>lacte</strong></span> <span class='ocrx_word' id='word_1_240' title='bbox 2748 1795 2802 1838; x_wconf 92' lang='lat' dir='ltr'><strong>et</strong></span> <span class='ocrx_word' id='word_1_241' title='bbox 2836 1802 2941 1839; x_wconf 92' lang='lat' dir='ltr'><strong>non</strong></span> <span class='ocrx_word' id='word_1_242' title='bbox 2972 1787 3094 1842; x_wconf 91' lang='lat' dir='ltr'><strong>cibo</strong></span> <span class='ocrx_word' id='word_1_243' title='bbox 3117 1788 3244 1843; x_wconf 90' lang='lat' dir='ltr'><strong>forti</strong></span> <span class='ocrx_word' id='word_1_244' title='bbox 3276 1789 3460 1853; x_wconf 87' lang='lat' dir='ltr'><strong>alitur,</strong></span> <span class='ocrx_word' id='word_1_245' title='bbox 3484 1790 3551 1845; x_wconf 92' lang='lat' dir='ltr'><strong>de</strong></span> <span class='ocrx_word' id='word_1_246' title='bbox 3575 1793 3773 1861; x_wconf 77' lang='lat' dir='ltr'><strong>quibus</strong></span> 
     </span>
    </p>
   </div>
   <div class='ocr_carea' id='block_1_33' title="bbox 513 1865 2087 1937">
    <p class='ocr_par' dir='ltr' id='par_1_33' title="bbox 513 1865 2087 1937">
     <span class='ocr_line' id='line_1_33' title="bbox 513 1865 2087 1937; baseline -0.008 -11"><span class='ocrx_word' id='word_1_247' title='bbox 513 1873 754 1937; x_wconf 75' lang='lat' dir='ltr'><strong>(latione,</strong></span> <span class='ocrx_word' id='word_1_248' title='bbox 792 1878 896 1925; x_wconf 90' lang='lat' dir='ltr'><strong>nec</strong></span> <span class='ocrx_word' id='word_1_249' title='bbox 931 1869 1177 1924; x_wconf 76' lang='lat' dir='ltr'><strong>converti</strong></span> <span class='ocrx_word' id='word_1_250' title='bbox 1213 1868 1321 1921; x_wconf 82' lang='lat' dir='ltr'><strong>vult</strong></span> <span class='ocrx_word' id='word_1_251' title='bbox 1355 1868 1420 1920; x_wconf 91' lang='lat' dir='ltr'><strong>ad</strong></span> <span class='ocrx_word' id='word_1_252' title='bbox 1453 1865 1774 1926; x_wconf 88' lang='lat' dir='ltr'><strong>Dominum,</strong></span> <span class='ocrx_word' id='word_1_253' title='bbox 1802 1870 2087 1933; x_wconf 87' lang='lat' dir='ltr'><strong>propterea</strong></span> 
     </span>
    </p>
   </div>
   <div class='ocr_carea' id='block_1_34' title="bbox 511 1955 2086 2032">
    <p class='ocr_par' dir='ltr' id='par_1_34' title="bbox 511 1955 2086 2032">
     <span class='ocr_line' id='line_1_34' title="bbox 511 1955 2086 2032; baseline -0.008 -15"><span class='ocrx_word' id='word_1_254' title='bbox 511 1963 709 2032; x_wconf 80' lang='lat' dir='ltr'><strong>impius</strong></span> <span class='ocrx_word' id='word_1_255' title='bbox 745 1971 1046 2032; x_wconf 86' lang='lat' dir='ltr'><strong>permanet.</strong></span> <span class='ocrx_word' id='word_1_256' title='bbox 1091 1960 1197 2016; x_wconf 89' lang='lat' dir='ltr'><strong>Sed</strong></span> <span class='ocrx_word' id='word_1_257' title='bbox 1228 1968 1281 2015; x_wconf 89' lang='lat' dir='ltr'><strong>ct</strong></span> <span class='ocrx_word' id='word_1_258' title='bbox 1323 1957 1636 2028; x_wconf 89' lang='lat' dir='ltr'><strong>quicunque</strong></span> <span class='ocrx_word' id='word_1_259' title='bbox 1667 1955 1754 2009; x_wconf 85' lang='lat' dir='ltr'><strong>ille</strong></span> <span class='ocrx_word' id='word_1_260' title='bbox 1782 1965 1860 2008; x_wconf 91' lang='lat' dir='ltr'><strong>est</strong></span> <span class='ocrx_word' id='word_1_261' title='bbox 1883 1995 1895 2017; x_wconf 91' lang='lat'><strong>,</strong></span> <span class='ocrx_word' id='word_1_262' title='bbox 1926 1967 2086 2022; x_wconf 91' lang='lat' dir='ltr'><strong>quem</strong></span> 
     </span>
    </p>
   </div>
   <div class='ocr_carea' id='block_1_35' title="bbox 508 2045 2084 2126">
    <p class='ocr_par' dir='ltr' id='par_1_35' title="bbox 508 2045 2084 2126">
     <span class='ocr_line' id='line_1_35' title="bbox 508 2045 2084 2126; baseline -0.008 -17"><span class='ocrx_word' id='word_1_263' title='bbox 508 2057 759 2111; x_wconf 86' lang='lat' dir='ltr'><strong>videmus</strong></span> <span class='ocrx_word' id='word_1_264' title='bbox 788 2065 909 2126; x_wconf 90' lang='lat' dir='ltr'><strong>post</strong></span> <span class='ocrx_word' id='word_1_265' title='bbox 938 2064 1221 2124; x_wconf 90' lang='lat' dir='ltr'><strong>peccatum</strong></span> <span class='ocrx_word' id='word_1_266' title='bbox 1256 2066 1360 2104; x_wconf 90' lang='lat' dir='ltr'><strong>non</strong></span> <span class='ocrx_word' id='word_1_267' title='bbox 1388 2049 1631 2104; x_wconf 86' lang='lat' dir='ltr'><strong>converti</strong></span> <span class='ocrx_word' id='word_1_268' title='bbox 1667 2047 1734 2101; x_wconf 88' lang='lat' dir='ltr'><strong>ad</strong></span> <span class='ocrx_word' id='word_1_269' title='bbox 1776 2045 2084 2108; x_wconf 89' lang='lat' dir='ltr'><strong>Dominum,</strong></span> 
     </span>
    </p>
   </div>
   <div class='ocr_carea' id='block_1_36' title="bbox 507 2138 2083 2219">
    <p class='ocr_par' dir='ltr' id='par_1_36' title="bbox 507 2138 2083 2219">
     <span class='ocr_line' id='line_1_36' title="bbox 507 2138 2083 2219; baseline -0.008 -15"><span class='ocrx_word' id='word_1_270' title='bbox 507 2160 565 2205; x_wconf 89' lang='lat' dir='ltr'><strong>et</strong></span> <span class='ocrx_word' id='word_1_271' title='bbox 598 2163 762 2219; x_wconf 89' lang='lat' dir='ltr'><strong>agere</strong></span> <span class='ocrx_word' id='word_1_272' title='bbox 795 2146 1198 2217; x_wconf 75' lang='lat' dir='ltr'><strong>paenitentiam,</strong></span> <span class='ocrx_word' id='word_1_273' title='bbox 1231 2158 1332 2198; x_wconf 89' lang='lat' dir='ltr'><strong>nec</strong></span> <span class='ocrx_word' id='word_1_274' title='bbox 1370 2145 1609 2211; x_wconf 87' lang='lat' dir='ltr'><strong>recipere</strong></span> <span class='ocrx_word' id='word_1_275' title='bbox 1638 2139 1887 2192; x_wconf 87' lang='lat' dir='ltr'><strong>meritum</strong></span> <span class='ocrx_word' id='word_1_276' title='bbox 1922 2138 2083 2191; x_wconf 89' lang='lat' dir='ltr'><strong>futuri</strong></span> 
     </span>
    </p>
   </div>
   <div class='ocr_carea' id='block_1_37' title="bbox 505 2229 2082 2312">
    <p class='ocr_par' dir='ltr' id='par_1_37' title="bbox 505 2229 2082 2312">
     <span class='ocr_line' id='line_1_37' title="bbox 505 2229 2082 2312; baseline -0.008 -18"><span class='ocrx_word' id='word_1_277' title='bbox 505 2240 717 2312; x_wconf 87' lang='lat' dir='ltr'><strong>judicii,</strong></span> <span class='ocrx_word' id='word_1_278' title='bbox 756 2250 810 2293; x_wconf 91' lang='lat' dir='ltr'><strong>et</strong></span> <span class='ocrx_word' id='word_1_279' title='bbox 839 2237 992 2293; x_wconf 85' lang='lat' dir='ltr'><strong>verbi</strong></span> <span class='ocrx_word' id='word_1_280' title='bbox 1022 2238 1189 2290; x_wconf 89' lang='lat' dir='ltr'><strong>divini</strong></span> <span class='ocrx_word' id='word_1_281' title='bbox 1233 2233 1597 2304; x_wconf 72' lang='lat' dir='ltr'><strong>prrecipientis</strong></span> <span class='ocrx_word' id='word_1_282' title='bbox 1628 2248 1641 2284; x_wconf 91' lang='lat'><strong>:</strong></span> <span class='ocrx_word' id='word_1_283' title='bbox 1668 2251 1685 2282; x_wconf 84' lang='grc' dir='ltr'><strong>ι</strong></span> <span class='ocrx_word' id='word_1_284' title='bbox 1712 2229 1960 2299; x_wconf 90' lang='lat' dir='ltr'><strong>Nunquid</strong></span> <span class='ocrx_word' id='word_1_285' title='bbox 1991 2229 2082 2297; x_wconf 92' lang='lat' dir='ltr'><strong>qui</strong></span> 
     </span>
    </p>
   </div>
   <div class='ocr_carea' id='block_1_38' title="bbox 511 2324 2085 2398">
    <p class='ocr_par' dir='ltr' id='par_1_38' title="bbox 511 2324 2085 2398">
     <span class='ocr_line' id='line_1_38' title="bbox 511 2324 2085 2398; baseline -0.007 -11"><span class='ocrx_word' id='word_1_286' title='bbox 511 2333 680 2397; x_wconf 88' lang='lat' dir='ltr'><strong>cadit,</strong></span> <span class='ocrx_word' id='word_1_287' title='bbox 716 2348 820 2386; x_wconf 93' lang='lat' dir='ltr'><strong>non</strong></span> <span class='ocrx_word' id='word_1_288' title='bbox 862 2330 1080 2398; x_wconf 89' lang='lat' dir='ltr'><strong>adjiciet</strong></span> <span class='ocrx_word' id='word_1_289' title='bbox 1110 2339 1168 2383; x_wconf 87' lang='grc' dir='ltr'><strong>ιιι</strong></span> <span class='ocrx_word' id='word_1_290' title='bbox 1197 2328 1489 2395; x_wconf 86' lang='lat' dir='ltr'><strong>resurgat?</strong></span> <span class='ocrx_word' id='word_1_291' title='bbox 1523 2326 1628 2379; x_wconf 86' lang='lat' dir='ltr'><strong>Aut</strong></span> <span class='ocrx_word' id='word_1_292' title='bbox 1660 2324 1748 2393; x_wconf 92' lang='lat' dir='ltr'><strong>qui</strong></span> <span class='ocrx_word' id='word_1_293' title='bbox 1791 2336 2085 2377; x_wconf 86' lang='lat' dir='ltr'><strong>conversus</strong></span> 
     </span>
    </p>
   </div>
   <div class='ocr_carea' id='block_1_39' title="bbox 510 2414 2080 2490">
    <p class='ocr_par' dir='ltr' id='par_1_39' title="bbox 510 2414 2080 2490">
     <span class='ocr_line' id='line_1_39' title="bbox 510 2414 2080 2490; baseline -0.008 -11"><span class='ocrx_word' id='word_1_294' title='bbox 510 2435 615 2490; x_wconf 89' lang='lat' dir='ltr'><strong>est,</strong></span> <span class='ocrx_word' id='word_1_295' title='bbox 640 2441 748 2479; x_wconf 90' lang='lat' dir='ltr'><strong>non</strong></span> <span class='ocrx_word' id='word_1_296' title='bbox 777 2422 1123 2478; x_wconf 86' lang='lat' dir='ltr'><strong>revertetur?</strong></span> <span class='ocrx_word' id='word_1_297' title='bbox 1155 2441 1172 2473; x_wconf 78' lang='grc' dir='ltr'><strong>ι</strong></span> <span class='ocrx_word' id='word_1_298' title='bbox 1212 2431 1355 2474; x_wconf 90' lang='lat' dir='ltr'><strong>recte</strong></span> <span class='ocrx_word' id='word_1_299' title='bbox 1375 2430 1427 2473; x_wconf 86' lang='lat' dir='ltr'><strong>et</strong></span> <span class='ocrx_word' id='word_1_300' title='bbox 1451 2419 1518 2473; x_wconf 90' lang='lat' dir='ltr'><strong>de</strong></span> <span class='ocrx_word' id='word_1_301' title='bbox 1550 2419 1664 2486; x_wconf 89' lang='lat' dir='ltr'><strong>ipso</strong></span> <span class='ocrx_word' id='word_1_302' title='bbox 1692 2416 1922 2470; x_wconf 91' lang='lat' dir='ltr'><strong>dicimus</strong></span> <span class='ocrx_word' id='word_1_303' title='bbox 1953 2414 2080 2484; x_wconf 89' lang='lat' dir='ltr'><strong>quia</strong></span> 
     </span>
    </p>
   </div>
   <div class='ocr_carea' id='block_1_40' title="bbox 511 2506 2085 2585">
    <p class='ocr_par' dir='ltr' id='par_1_40' title="bbox 511 2506 2085 2585">
     <span class='ocr_line' id='line_1_40' title="bbox 511 2506 2085 2585; baseline -0.008 -13"><span class='ocrx_word' id='word_1_304' title='bbox 511 2519 578 2572; x_wconf 88' lang='lat' dir='ltr'><strong>sit</strong></span> <span class='ocrx_word' id='word_1_305' title='bbox 614 2516 815 2585; x_wconf 87' lang='lat' dir='ltr'><strong>Opimi,</strong></span> <span class='ocrx_word' id='word_1_306' title='bbox 858 2524 912 2569; x_wconf 89' lang='lat' dir='ltr'><strong>et</strong></span> <span class='ocrx_word' id='word_1_307' title='bbox 952 2514 1222 2568; x_wconf 81' lang='lat' dir='ltr'><strong>excedens</strong></span> <span class='ocrx_word' id='word_1_308' title='bbox 1256 2528 1284 2565; x_wconf 90' lang='lat' dir='ltr'><strong>a</strong></span> <span class='ocrx_word' id='word_1_309' title='bbox 1321 2510 1697 2566; x_wconf 86' lang='lat' dir='ltr'><strong>conversione.</strong></span> <span class='ocrx_word' id='word_1_310' title='bbox 1727 2508 1830 2562; x_wconf 87' lang='lat' dir='ltr'><strong>Sed</strong></span> <span class='ocrx_word' id='word_1_311' title='bbox 1862 2516 1916 2560; x_wconf 89' lang='lat' dir='ltr'><strong>et</strong></span> <span class='ocrx_word' id='word_1_312' title='bbox 1947 2506 2085 2560; x_wconf 88' lang='lat' dir='ltr'><strong>alius</strong></span> 
     </span>
    </p>
   </div>
   <div class='ocr_carea' id='block_1_41' title="bbox 512 2596 2086 2675">
    <p class='ocr_par' dir='ltr' id='par_1_41' title="bbox 512 2596 2086 2675">
     <span class='ocr_line' id='line_1_41' title="bbox 512 2596 2086 2675; baseline -0.005 -17"><span class='ocrx_word' id='word_1_313' title='bbox 512 2607 657 2660; x_wconf 85' lang='lat' dir='ltr'><strong>Illius</strong></span> <span class='ocrx_word' id='word_1_314' title='bbox 692 2605 808 2675; x_wconf 88' lang='lat' dir='ltr'><strong>cjus</strong></span> <span class='ocrx_word' id='word_1_315' title='bbox 840 2604 1040 2659; x_wconf 90' lang='lat' dir='ltr'><strong>dicitur</strong></span> <span class='ocrx_word' id='word_1_316' title='bbox 1077 2603 1333 2657; x_wconf 69' lang='lat' dir='ltr'><strong>Phineas.</strong></span> <span class='ocrx_word' id='word_1_317' title='bbox 1370 2601 1518 2654; x_wconf 92' lang='lat' dir='ltr'><strong>Duos</strong></span> <span class='ocrx_word' id='word_1_318' title='bbox 1547 2599 1799 2653; x_wconf 90' lang='lat' dir='ltr'><strong>novimus</strong></span> <span class='ocrx_word' id='word_1_319' title='bbox 1836 2597 1887 2651; x_wconf 94' lang='lat' dir='ltr'><strong>in</strong></span> <span class='ocrx_word' id='word_1_320' title='bbox 1937 2596 2086 2651; x_wconf 90' lang='lat' dir='ltr'><strong>Scri-</strong></span> 
     </span>
    </p>
   </div>
   <div class='ocr_carea' id='block_1_42' title="bbox 510 2686 2080 2765">
    <p class='ocr_par' dir='ltr' id='par_1_42' title="bbox 510 2686 2080 2765">
     <span class='ocr_line' id='line_1_42' title="bbox 510 2686 2080 2765; baseline -0.006 -17"><span class='ocrx_word' id='word_1_321' title='bbox 510 2696 685 2765; x_wconf 88' lang='lat' dir='ltr'><strong>pturis</strong></span> <span class='ocrx_word' id='word_1_322' title='bbox 722 2697 822 2749; x_wconf 87' lang='lat' dir='ltr'><strong>hoc</strong></span> <span class='ocrx_word' id='word_1_323' title='bbox 844 2695 1060 2748; x_wconf 90' lang='lat' dir='ltr'><strong>nomine</strong></span> <span class='ocrx_word' id='word_1_324' title='bbox 1089 2693 1402 2764; x_wconf 88' lang='lat' dir='ltr'><strong>appellatos,</strong></span> <span class='ocrx_word' id='word_1_325' title='bbox 1421 2691 1676 2746; x_wconf 76' lang='lat' dir='ltr'><strong>Pltinecm</strong></span> <span class='ocrx_word' id='word_1_326' title='bbox 1699 2690 1844 2743; x_wconf 91' lang='lat' dir='ltr'><strong>illum</strong></span> <span class='ocrx_word' id='word_1_327' title='bbox 1871 2686 2080 2754; x_wconf 89' lang='lat' dir='ltr'><strong>justum</strong></span> 
     </span>
    </p>
   </div>
   <div class='ocr_carea' id='block_1_43' title="bbox 507 2778 2083 2854">
    <p class='ocr_par' dir='ltr' id='par_1_43' title="bbox 507 2778 2083 2854">
     <span class='ocr_line' id='line_1_43' title="bbox 507 2778 2083 2854; baseline -0.006 -11"><span class='ocrx_word' id='word_1_328' title='bbox 507 2793 687 2843; x_wconf 80' lang='lat' dir='ltr'><strong>Aaron</strong></span> <span class='ocrx_word' id='word_1_329' title='bbox 742 2788 932 2853; x_wconf 90' lang='lat' dir='ltr'><strong>lilium,</strong></span> <span class='ocrx_word' id='word_1_330' title='bbox 967 2794 1022 2840; x_wconf 90' lang='lat' dir='ltr'><strong>et</strong></span> <span class='ocrx_word' id='word_1_331' title='bbox 1053 2786 1195 2839; x_wconf 90' lang='lat' dir='ltr'><strong>hunc</strong></span> <span class='ocrx_word' id='word_1_332' title='bbox 1224 2783 1481 2854; x_wconf 85' lang='lat' dir='ltr'><strong>injustum</strong></span> <span class='ocrx_word' id='word_1_333' title='bbox 1528 2781 1697 2835; x_wconf 92' lang='lat' dir='ltr'><strong>ﬁliutn</strong></span> <span class='ocrx_word' id='word_1_334' title='bbox 1750 2779 1886 2835; x_wconf 88' lang='lat' dir='ltr'><strong>llcli.</strong></span> <span class='ocrx_word' id='word_1_335' title='bbox 1932 2778 2083 2834; x_wconf 85' lang='lat' dir='ltr'><strong>Unde</strong></span> 
     </span>
    </p>
   </div>
   <div class='ocr_carea' id='block_1_44' title="bbox 506 2870 2082 2951">
    <p class='ocr_par' dir='ltr' id='par_1_44' title="bbox 506 2870 2082 2951">
     <span class='ocr_line' id='line_1_44' title="bbox 506 2870 2082 2951; baseline -0.005 -16"><span class='ocrx_word' id='word_1_336' title='bbox 506 2895 560 2937; x_wconf 85' lang='lat' dir='ltr'><strong>ct</strong></span> <span class='ocrx_word' id='word_1_337' title='bbox 595 2891 969 2951; x_wconf 89' lang='lat' dir='ltr'><strong>competenter</strong></span> <span class='ocrx_word' id='word_1_338' title='bbox 998 2879 1133 2933; x_wconf 90' lang='lat' dir='ltr'><strong>duas</strong></span> <span class='ocrx_word' id='word_1_339' title='bbox 1168 2875 1326 2945; x_wconf 89' lang='lat' dir='ltr'><strong>hujus</strong></span> <span class='ocrx_word' id='word_1_340' title='bbox 1346 2875 1580 2930; x_wconf 90' lang='lat' dir='ltr'><strong>nominis</strong></span> <span class='ocrx_word' id='word_1_341' title='bbox 1604 2870 2082 2942; x_wconf 82' lang='lat' dir='ltr'><strong>in&#39;erpretationes</strong></span> 
     </span>
    </p>
   </div>
   <div class='ocr_carea' id='block_1_45' title="bbox 505 2962 2080 3040">
    <p class='ocr_par' dir='ltr' id='par_1_45' title="bbox 505 2962 2080 3040">
     <span class='ocr_line' id='line_1_45' title="bbox 505 2962 2080 3040; baseline -0.009 -11"><span class='ocrx_word' id='word_1_342' title='bbox 505 2973 833 3029; x_wconf 88' lang='lat' dir='ltr'><strong>invenimus.</strong></span> <span class='ocrx_word' id='word_1_343' title='bbox 875 2969 1163 3040; x_wconf 85' lang='lat' dir='ltr'><strong>Signiﬁcat</strong></span> <span class='ocrx_word' id='word_1_344' title='bbox 1196 2967 1341 3021; x_wconf 91' lang='lat' dir='ltr'><strong>enim</strong></span> <span class='ocrx_word' id='word_1_345' title='bbox 1384 2965 1616 3019; x_wconf 87' lang='lat' dir='ltr'><strong>Pbiuces</strong></span> <span class='ocrx_word' id='word_1_346' title='bbox 1654 2962 1707 3017; x_wconf 92' lang='lat' dir='ltr'><strong>in</strong></span> <span class='ocrx_word' id='word_1_347' title='bbox 1759 2963 1940 3031; x_wconf 90' lang='lat' dir='ltr'><strong>lingua</strong></span> <span class='ocrx_word' id='word_1_348' title='bbox 1979 2975 2080 3015; x_wconf 87' lang='lat' dir='ltr'><strong>no-</strong></span> 
     </span>
    </p>
   </div>
   <div class='ocr_carea' id='block_1_46' title="bbox 503 3054 2082 3131">
    <p class='ocr_par' dir='ltr' id='par_1_46' title="bbox 503 3054 2082 3131">
     <span class='ocr_line' id='line_1_46' title="bbox 503 3054 2082 3131; baseline -0.009 -10"><span class='ocrx_word' id='word_1_349' title='bbox 503 3078 639 3131; x_wconf 85' lang='lat' dir='ltr'><strong>stra,</strong></span> <span class='ocrx_word' id='word_1_350' title='bbox 669 3066 775 3120; x_wconf 79' lang='lat' dir='ltr'><strong>oris</strong></span> <span class='ocrx_word' id='word_1_351' title='bbox 829 3063 1118 3126; x_wconf 83' lang='lat' dir='ltr'><strong>obturatio,</strong></span> <span class='ocrx_word' id='word_1_352' title='bbox 1171 3060 1255 3116; x_wconf 86' lang='lat' dir='ltr'><strong>vel</strong></span> <span class='ocrx_word' id='word_1_353' title='bbox 1296 3060 1376 3114; x_wconf 84' lang='lat' dir='ltr'><strong>ori</strong></span> <span class='ocrx_word' id='word_1_354' title='bbox 1425 3074 1644 3127; x_wconf 80' lang='lat' dir='ltr'><strong>parcens</strong></span> <span class='ocrx_word' id='word_1_355' title='bbox 1677 3055 1775 3127; x_wconf 77' lang='grc'>(5).</span> <span class='ocrx_word' id='word_1_356' title='bbox 1819 3054 2082 3110; x_wconf 89' lang='lat' dir='ltr'><strong>Peccator</strong></span> 
     </span>
    </p>
   </div>
   <div class='ocr_carea' id='block_1_47' title="bbox 2195 1874 3769 1955">
    <p class='ocr_par' dir='ltr' id='par_1_47' title="bbox 2195 1874 3769 1955">
     <span class='ocr_line' id='line_1_47' title="bbox 2195 1874 3769 1955; baseline 0.009 -28"><span class='ocrx_word' id='word_1_357' title='bbox 2195 1874 2246 1927; x_wconf 88' lang='lat' dir='ltr'><strong>itt</strong></span> <span class='ocrx_word' id='word_1_358' title='bbox 2275 1875 2445 1930; x_wconf 90' lang='lat' dir='ltr'><strong>altero</strong></span> <span class='ocrx_word' id='word_1_359' title='bbox 2480 1876 2598 1930; x_wconf 89' lang='lat' dir='ltr'><strong>loco</strong></span> <span class='ocrx_word' id='word_1_360' title='bbox 2624 1878 2825 1932; x_wconf 88' lang='lat' dir='ltr'><strong>dicitur</strong></span> <span class='ocrx_word' id='word_1_361' title='bbox 2851 1879 2933 1934; x_wconf 68' lang='grc' dir='ltr'><strong>οδε</strong></span> <span class='ocrx_word' id='word_1_362' title='bbox 2967 1898 2985 1930; x_wconf 91' lang='grc'>‹</span> <span class='ocrx_word' id='word_1_363' title='bbox 3015 1880 3081 1934; x_wconf 86' lang='lat' dir='ltr'><strong>Et</strong></span> <span class='ocrx_word' id='word_1_364' title='bbox 3115 1881 3291 1937; x_wconf 71' lang='lat' dir='ltr'><strong>effecti</strong></span> <span class='ocrx_word' id='word_1_365' title='bbox 3317 1881 3484 1955; x_wconf 68' lang='grc'><strong>486</strong></span> <span class='ocrx_word' id='word_1_366' title='bbox 3514 1886 3648 1940; x_wconf 86' lang='lat' dir='ltr'><strong>estis</strong></span> <span class='ocrx_word' id='word_1_367' title='bbox 3678 1887 3769 1955; x_wconf 91' lang='lat' dir='ltr'><strong>qui</strong></span> 
     </span>
    </p>
   </div>
   <div class='ocr_carea' id='block_1_48' title="bbox 2192 1966 3773 2042">
    <p class='ocr_par' dir='ltr' id='par_1_48' title="bbox 2192 1966 3773 2042">
     <span class='ocr_line' id='line_1_48' title="bbox 2192 1966 3773 2042; baseline 0.008 -22"><span class='ocrx_word' id='word_1_368' title='bbox 2192 1966 2334 2021; x_wconf 91' lang='lat' dir='ltr'><strong>lacte</strong></span> <span class='ocrx_word' id='word_1_369' title='bbox 2368 1968 2639 2038; x_wconf 80' lang='lat' dir='ltr'><strong>indigetis,</strong></span> <span class='ocrx_word' id='word_1_370' title='bbox 2674 1979 2729 2023; x_wconf 90' lang='lat' dir='ltr'><strong>et</strong></span> <span class='ocrx_word' id='word_1_371' title='bbox 2784 1986 2890 2024; x_wconf 92' lang='lat' dir='ltr'><strong>non</strong></span> <span class='ocrx_word' id='word_1_372' title='bbox 2938 1973 3062 2027; x_wconf 89' lang='lat' dir='ltr'><strong>cibo</strong></span> <span class='ocrx_word' id='word_1_373' title='bbox 3106 1972 3251 2028; x_wconf 87' lang='lat' dir='ltr'><strong>forti.</strong></span> <span class='ocrx_word' id='word_1_374' title='bbox 3293 1975 3559 2042; x_wconf 85' lang='lat' dir='ltr'><strong>Quoniam</strong></span> <span class='ocrx_word' id='word_1_375' title='bbox 3592 1979 3773 2034; x_wconf 87' lang='lat' dir='ltr'><strong>omnis</strong></span> 
     </span>
    </p>
   </div>
   <div class='ocr_carea' id='block_1_49' title="bbox 2189 2060 3765 2140">
    <p class='ocr_par' dir='ltr' id='par_1_49' title="bbox 2189 2060 3765 2140">
     <span class='ocr_line' id='line_1_49' title="bbox 2189 2060 3765 2140; baseline 0.008 -29"><span class='ocrx_word' id='word_1_376' title='bbox 2189 2060 2282 2129; x_wconf 91' lang='lat' dir='ltr'><strong>qui</strong></span> <span class='ocrx_word' id='word_1_377' title='bbox 2322 2061 2459 2116; x_wconf 87' lang='lat' dir='ltr'><strong>lacte</strong></span> <span class='ocrx_word' id='word_1_378' title='bbox 2498 2061 2683 2127; x_wconf 89' lang='lat' dir='ltr'><strong>alitur,</strong></span> <span class='ocrx_word' id='word_1_379' title='bbox 2737 2064 2945 2118; x_wconf 87' lang='lat' dir='ltr'><strong>alienus</strong></span> <span class='ocrx_word' id='word_1_380' title='bbox 2999 2074 3082 2120; x_wconf 90' lang='lat' dir='ltr'><strong>est</strong></span> <span class='ocrx_word' id='word_1_381' title='bbox 3130 2080 3159 2119; x_wconf 91' lang='lat' dir='ltr'><strong>a</strong></span> <span class='ocrx_word' id='word_1_382' title='bbox 3211 2081 3470 2123; x_wconf 86' lang='lat' dir='ltr'><strong>sermone</strong></span> <span class='ocrx_word' id='word_1_383' title='bbox 3523 2070 3765 2140; x_wconf 65' lang='lat' dir='ltr'><strong>justitiae.</strong></span> 
     </span>
    </p>
   </div>
   <div class='ocr_carea' id='block_1_50' title="bbox 2191 2150 3767 2225">
    <p class='ocr_par' dir='ltr' id='par_1_50' title="bbox 2191 2150 3767 2225">
     <span class='ocr_line' id='line_1_50' title="bbox 2191 2150 3767 2225; baseline 0.007 -21"><span class='ocrx_word' id='word_1_384' title='bbox 2191 2150 2458 2207; x_wconf 85' lang='lat' dir='ltr'><strong>Parvulos</strong></span> <span class='ocrx_word' id='word_1_385' title='bbox 2490 2163 2575 2207; x_wconf 89' lang='lat' dir='ltr'><strong>est</strong></span> <span class='ocrx_word' id='word_1_386' title='bbox 2602 2154 2771 2209; x_wconf 84' lang='lat' dir='ltr'><strong>enim.</strong></span> <span class='ocrx_word' id='word_1_387' title='bbox 2807 2155 3177 2211; x_wconf 84' lang='lat' dir='ltr'><strong>Perfectorum</strong></span> <span class='ocrx_word' id='word_1_388' title='bbox 3214 2168 3297 2212; x_wconf 86' lang='lat' dir='ltr'><strong>est</strong></span> <span class='ocrx_word' id='word_1_389' title='bbox 3340 2160 3494 2213; x_wconf 85' lang='lat' dir='ltr'><strong>cibus</strong></span> <span class='ocrx_word' id='word_1_390' title='bbox 3543 2160 3767 2225; x_wconf 90' lang='lat' dir='ltr'><strong>solidus,</strong></span> 
     </span>
    </p>
   </div>
   <div class='ocr_carea' id='block_1_51' title="bbox 2188 2242 3767 2313">
    <p class='ocr_par' dir='ltr' id='par_1_51' title="bbox 2188 2242 3767 2313">
     <span class='ocr_line' id='line_1_51' title="bbox 2188 2242 3767 2313; baseline 0.007 -19"><span class='ocrx_word' id='word_1_391' title='bbox 2188 2242 2279 2312; x_wconf 88' lang='lat' dir='ltr'><strong>qui</strong></span> <span class='ocrx_word' id='word_1_392' title='bbox 2318 2257 2416 2312; x_wconf 90' lang='lat' dir='ltr'><strong>pro</strong></span> <span class='ocrx_word' id='word_1_393' title='bbox 2462 2243 2824 2313; x_wconf 86' lang='lat' dir='ltr'><strong>possibilitate</strong></span> <span class='ocrx_word' id='word_1_394' title='bbox 2876 2248 3123 2302; x_wconf 89' lang='lat' dir='ltr'><strong>sumendi</strong></span> <span class='ocrx_word' id='word_1_395' title='bbox 3180 2251 3513 2305; x_wconf 77' lang='lat' dir='ltr'><strong>exercitatos</strong></span> <span class='ocrx_word' id='word_1_396' title='bbox 3569 2250 3767 2305; x_wconf 85' lang='lat' dir='ltr'><strong>habent</strong></span> 
     </span>
    </p>
   </div>
   <div class='ocr_carea' id='block_1_52' title="bbox 2188 2335 3764 2411">
    <p class='ocr_par' dir='ltr' id='par_1_52' title="bbox 2188 2335 3764 2411">
     <span class='ocr_line' id='line_1_52' title="bbox 2188 2335 3764 2411; baseline 0.005 -24"><span class='ocrx_word' id='word_1_397' title='bbox 2188 2347 2383 2388; x_wconf 89' lang='lat' dir='ltr'><strong>sensus</strong></span> <span class='ocrx_word' id='word_1_398' title='bbox 2430 2336 2495 2389; x_wconf 89' lang='lat' dir='ltr'><strong>ad</strong></span> <span class='ocrx_word' id='word_1_399' title='bbox 2540 2335 2921 2392; x_wconf 89' lang='lat' dir='ltr'><strong>discretionem</strong></span> <span class='ocrx_word' id='word_1_400' title='bbox 2958 2338 3083 2392; x_wconf 91' lang='lat' dir='ltr'><strong>boni</strong></span> <span class='ocrx_word' id='word_1_401' title='bbox 3121 2354 3184 2393; x_wconf 89' lang='lat' dir='ltr'><strong>ac</strong></span> <span class='ocrx_word' id='word_1_402' title='bbox 3215 2339 3361 2393; x_wconf 91' lang='lat' dir='ltr'><strong>mali.</strong></span> <span class='ocrx_word' id='word_1_403' title='bbox 3386 2358 3404 2391; x_wconf 79' lang='grc' dir='ltr'><strong>ι</strong></span> <span class='ocrx_word' id='word_1_404' title='bbox 3440 2340 3609 2410; x_wconf 88' lang='lat' dir='ltr'><strong>Igitur</strong></span> <span class='ocrx_word' id='word_1_405' title='bbox 3641 2343 3764 2411; x_wconf 90' lang='lat' dir='ltr'><strong>qui-</strong></span> 
     </span>
    </p>
   </div>
   <div class='ocr_carea' id='block_1_53' title="bbox 2188 2425 3760 2501">
    <p class='ocr_par' dir='ltr' id='par_1_53' title="bbox 2188 2425 3760 2501">
     <span class='ocr_line' id='line_1_53' title="bbox 2188 2425 3760 2501; baseline 0.005 -22"><span class='ocrx_word' id='word_1_406' title='bbox 2188 2440 2403 2496; x_wconf 85' lang='lat' dir='ltr'><strong>cunque</strong></span> <span class='ocrx_word' id='word_1_407' title='bbox 2426 2442 2453 2479; x_wconf 88' lang='lat' dir='ltr'><strong>a</strong></span> <span class='ocrx_word' id='word_1_408' title='bbox 2480 2425 2620 2480; x_wconf 85' lang='lat' dir='ltr'><strong>lacte</strong></span> <span class='ocrx_word' id='word_1_409' title='bbox 2648 2429 2882 2483; x_wconf 90' lang='lat' dir='ltr'><strong>nondum</strong></span> <span class='ocrx_word' id='word_1_410' title='bbox 2912 2430 3219 2499; x_wconf 87' lang='lat' dir='ltr'><strong>depellitur,</strong></span> <span class='ocrx_word' id='word_1_411' title='bbox 3252 2432 3344 2486; x_wconf 88' lang='lat' dir='ltr'><strong>sed</strong></span> <span class='ocrx_word' id='word_1_412' title='bbox 3375 2433 3633 2501; x_wconf 84' lang='lat' dir='ltr'><strong>parvulus</strong></span> <span class='ocrx_word' id='word_1_413' title='bbox 3659 2442 3760 2500; x_wconf 82' lang='lat' dir='ltr'><strong>est,</strong></span> 
     </span>
    </p>
   </div>
   <div class='ocr_carea' id='block_1_54' title="bbox 2187 2520 3763 2591">
    <p class='ocr_par' dir='ltr' id='par_1_54' title="bbox 2187 2520 3763 2591">
     <span class='ocr_line' id='line_1_54' title="bbox 2187 2520 3763 2591; baseline 0.007 -23"><span class='ocrx_word' id='word_1_414' title='bbox 2187 2532 2294 2570; x_wconf 91' lang='lat' dir='ltr'><strong>non</strong></span> <span class='ocrx_word' id='word_1_415' title='bbox 2340 2525 2518 2585; x_wconf 85' lang='lat' dir='ltr'><strong>potest</strong></span> <span class='ocrx_word' id='word_1_416' title='bbox 2561 2520 2858 2573; x_wconf 85' lang='lat' dir='ltr'><strong>ascendere</strong></span> <span class='ocrx_word' id='word_1_417' title='bbox 2915 2520 2980 2573; x_wconf 91' lang='lat' dir='ltr'><strong>ad</strong></span> <span class='ocrx_word' id='word_1_418' title='bbox 3035 2522 3289 2591; x_wconf 89' lang='lat' dir='ltr'><strong>templum</strong></span> <span class='ocrx_word' id='word_1_419' title='bbox 3354 2522 3602 2590; x_wconf 88' lang='lat' dir='ltr'><strong>Domini,</strong></span> <span class='ocrx_word' id='word_1_420' title='bbox 3657 2540 3763 2579; x_wconf 90' lang='lat' dir='ltr'><strong>non</strong></span> 
     </span>
    </p>
   </div>
   <div class='ocr_carea' id='block_1_55' title="bbox 2184 2609 3764 2677">
    <p class='ocr_par' dir='ltr' id='par_1_55' title="bbox 2184 2609 3764 2677">
     <span class='ocr_line' id='line_1_55' title="bbox 2184 2609 3764 2677; baseline 0.004 -16"><span class='ocrx_word' id='word_1_421' title='bbox 2184 2615 2364 2677; x_wconf 87' lang='lat' dir='ltr'><strong>potest</strong></span> <span class='ocrx_word' id='word_1_422' title='bbox 2398 2609 2701 2663; x_wconf 85' lang='lat' dir='ltr'><strong>ascendere</strong></span> <span class='ocrx_word' id='word_1_423' title='bbox 2724 2610 2789 2663; x_wconf 87' lang='lat' dir='ltr'><strong>ad</strong></span> <span class='ocrx_word' id='word_1_424' title='bbox 2816 2609 3117 2664; x_wconf 88' lang='lat' dir='ltr'><strong>ministeria</strong></span> <span class='ocrx_word' id='word_1_425' title='bbox 3142 2612 3513 2676; x_wconf 83' lang='lat' dir='ltr'><strong>sacerdotum,</strong></span> <span class='ocrx_word' id='word_1_426' title='bbox 3544 2628 3644 2667; x_wconf 91' lang='lat' dir='ltr'><strong>nec</strong></span> <span class='ocrx_word' id='word_1_427' title='bbox 3668 2628 3764 2667; x_wconf 81' lang='lat' dir='ltr'><strong>sa-</strong></span> 
     </span>
    </p>
   </div>
   <div class='ocr_carea' id='block_1_56' title="bbox 2184 2699 3768 2773">
    <p class='ocr_par' dir='ltr' id='par_1_56' title="bbox 2184 2699 3768 2773">
     <span class='ocr_line' id='line_1_56' title="bbox 2184 2699 3768 2773; baseline 0.003 -19"><span class='ocrx_word' id='word_1_428' title='bbox 2184 2699 2407 2754; x_wconf 89' lang='lat' dir='ltr'><strong>criﬁciis</strong></span> <span class='ocrx_word' id='word_1_429' title='bbox 2441 2699 2728 2766; x_wconf 86' lang='lat' dir='ltr'><strong>interesse,</strong></span> <span class='ocrx_word' id='word_1_430' title='bbox 2756 2702 2849 2756; x_wconf 90' lang='lat' dir='ltr'><strong>sed</strong></span> <span class='ocrx_word' id='word_1_431' title='bbox 2877 2717 2942 2755; x_wconf 93' lang='lat' dir='ltr'><strong>ne</strong></span> <span class='ocrx_word' id='word_1_432' title='bbox 2968 2711 3145 2757; x_wconf 87' lang='lat' dir='ltr'><strong>mater</strong></span> <span class='ocrx_word' id='word_1_433' title='bbox 3174 2703 3392 2773; x_wconf 89' lang='lat' dir='ltr'><strong>quidem</strong></span> <span class='ocrx_word' id='word_1_434' title='bbox 3428 2704 3545 2771; x_wconf 84' lang='lat' dir='ltr'><strong>ejus</strong></span> <span class='ocrx_word' id='word_1_435' title='bbox 3573 2718 3768 2760; x_wconf 58' lang='lat' dir='ltr'><strong>ascend</strong></span> 
     </span>
    </p>
   </div>
   <div class='ocr_carea' id='block_1_57' title="bbox 2185 2790 3769 2861">
    <p class='ocr_par' dir='ltr' id='par_1_57' title="bbox 2185 2790 3769 2861">
     <span class='ocr_line' id='line_1_57' title="bbox 2185 2790 3769 2861; baseline 0.006 -17"><span class='ocrx_word' id='word_1_436' title='bbox 2185 2790 2284 2857; x_wconf 91' lang='lat' dir='ltr'><strong>dit,</strong></span> <span class='ocrx_word' id='word_1_437' title='bbox 2318 2805 2442 2846; x_wconf 87' lang='lat' dir='ltr'><strong>cum</strong></span> <span class='ocrx_word' id='word_1_438' title='bbox 2490 2792 2661 2861; x_wconf 86' lang='lat' dir='ltr'><strong>possit</strong></span> <span class='ocrx_word' id='word_1_439' title='bbox 2705 2794 3020 2848; x_wconf 88' lang='lat' dir='ltr'><strong>ascendere.</strong></span> <span class='ocrx_word' id='word_1_440' title='bbox 3057 2793 3242 2849; x_wconf 88' lang='lat' dir='ltr'><strong>Gratia</strong></span> <span class='ocrx_word' id='word_1_441' title='bbox 3279 2804 3364 2850; x_wconf 90' lang='lat' dir='ltr'><strong>est</strong></span> <span class='ocrx_word' id='word_1_442' title='bbox 3401 2796 3546 2850; x_wconf 90' lang='lat' dir='ltr'><strong>enim</strong></span> <span class='ocrx_word' id='word_1_443' title='bbox 3588 2807 3769 2853; x_wconf 86' lang='lat' dir='ltr'><strong>mater</strong></span> 
     </span>
    </p>
   </div>
   <div class='ocr_carea' id='block_1_58' title="bbox 2183 2883 3767 2953">
    <p class='ocr_par' dir='ltr' id='par_1_58' title="bbox 2183 2883 3767 2953">
     <span class='ocr_line' id='line_1_58' title="bbox 2183 2883 3767 2953; baseline 0.004 -16"><span class='ocrx_word' id='word_1_444' title='bbox 2183 2883 2303 2950; x_wconf 86' lang='lat' dir='ltr'><strong>ejus</strong></span> <span class='ocrx_word' id='word_1_445' title='bbox 2333 2884 2487 2940; x_wconf 87' lang='lat' dir='ltr'><strong>Anna</strong></span> <span class='ocrx_word' id='word_1_446' title='bbox 2513 2922 2529 2950; x_wconf 92' lang='lat'><strong>,</strong></span> <span class='ocrx_word' id='word_1_447' title='bbox 2564 2900 2689 2953; x_wconf 68' lang='lat' dir='ltr'><strong>qua!</strong></span> <span class='ocrx_word' id='word_1_448' title='bbox 2718 2897 2900 2941; x_wconf 88' lang='lat' dir='ltr'><strong>servat</strong></span> <span class='ocrx_word' id='word_1_449' title='bbox 2931 2898 2987 2942; x_wconf 90' lang='lat' dir='ltr'><strong>et</strong></span> <span class='ocrx_word' id='word_1_450' title='bbox 3014 2888 3251 2942; x_wconf 87' lang='lat' dir='ltr'><strong>custodit</strong></span> <span class='ocrx_word' id='word_1_451' title='bbox 3285 2904 3408 2943; x_wconf 92' lang='lat' dir='ltr'><strong>eum</strong></span> <span class='ocrx_word' id='word_1_452' title='bbox 3453 2899 3510 2944; x_wconf 90' lang='lat' dir='ltr'><strong>et</strong></span> <span class='ocrx_word' id='word_1_453' title='bbox 3560 2892 3767 2945; x_wconf 90' lang='lat' dir='ltr'><strong>enutrit</strong></span> 
     </span>
    </p>
   </div>
   <div class='ocr_carea' id='block_1_59' title="bbox 2183 2980 3765 3050">
    <p class='ocr_par' dir='ltr' id='par_1_59' title="bbox 2183 2980 3765 3050">
     <span class='ocr_line' id='line_1_59' title="bbox 2183 2980 3765 3050; baseline 0.005 -19"><span class='ocrx_word' id='word_1_454' title='bbox 2183 2991 2330 3043; x_wconf 87' lang='lat' dir='ltr'><strong>eum,</strong></span> <span class='ocrx_word' id='word_1_455' title='bbox 2358 2986 2419 3031; x_wconf 92' lang='lat' dir='ltr'><strong>ut</strong></span> <span class='ocrx_word' id='word_1_456' title='bbox 2450 2984 2692 3048; x_wconf 85' lang='lat' dir='ltr'><strong>tempore</strong></span> <span class='ocrx_word' id='word_1_457' title='bbox 2712 2989 3014 3048; x_wconf 88' lang='lat' dir='ltr'><strong>opportuno</strong></span> <span class='ocrx_word' id='word_1_458' title='bbox 3041 2981 3245 3048; x_wconf 87' lang='lat' dir='ltr'><strong>pariter</strong></span> <span class='ocrx_word' id='word_1_459' title='bbox 3273 2996 3393 3034; x_wconf 91' lang='lat' dir='ltr'><strong>cum</strong></span> <span class='ocrx_word' id='word_1_460' title='bbox 3421 2980 3536 3050; x_wconf 90' lang='lat' dir='ltr'><strong>ipso</strong></span> <span class='ocrx_word' id='word_1_461' title='bbox 3566 2998 3765 3038; x_wconf 52' lang='lat' dir='ltr'><strong>ascen‘</strong></span> 
     </span>
    </p>
   </div>
   <div class='ocr_carea' id='block_1_60' title="bbox 2184 3069 3764 3146">
    <p class='ocr_par' dir='ltr' id='par_1_60' title="bbox 2184 3069 3764 3146">
     <span class='ocr_line' id='line_1_60' title="bbox 2184 3069 3764 3146; baseline 0.003 -20"><span class='ocrx_word' id='word_1_462' title='bbox 2184 3070 2298 3129; x_wconf 87' lang='lat' dir='ltr'><strong>dat.</strong></span> <span class='ocrx_word' id='word_1_463' title='bbox 2336 3069 2466 3138; x_wconf 66' lang='lat' dir='ltr'><strong>Quae</strong></span> <span class='ocrx_word' id='word_1_464' title='bbox 2497 3085 2620 3124; x_wconf 89' lang='lat' dir='ltr'><strong>cum</strong></span> <span class='ocrx_word' id='word_1_465' title='bbox 2663 3071 2861 3127; x_wconf 91' lang='lat' dir='ltr'><strong>viderit</strong></span> <span class='ocrx_word' id='word_1_466' title='bbox 2891 3072 2990 3142; x_wconf 84' lang='lat' dir='ltr'><strong>ipsi</strong></span> <span class='ocrx_word' id='word_1_467' title='bbox 3024 3074 3216 3128; x_wconf 83' lang='lat' dir='ltr'><strong>adesse</strong></span> <span class='ocrx_word' id='word_1_468' title='bbox 3254 3081 3490 3143; x_wconf 88' lang='lat' dir='ltr'><strong>tempus,</strong></span> <span class='ocrx_word' id='word_1_469' title='bbox 3546 3088 3604 3129; x_wconf 91' lang='lat' dir='ltr'><strong>ut</strong></span> <span class='ocrx_word' id='word_1_470' title='bbox 3650 3073 3764 3146; x_wconf 83' lang='lat' dir='ltr'><strong>jam</strong></span> 
     </span>
    </p>
   </div>
   <div class='ocr_carea' id='block_1_61' title="bbox 504 3145 2083 3232">
    <p class='ocr_par' dir='ltr' id='par_1_61' title="bbox 504 3145 2077 3227">
     <span class='ocr_line' id='line_1_61' title="bbox 504 3145 2077 3227; baseline -0.01 -15"><span class='ocrx_word' id='word_1_471' title='bbox 504 3174 635 3227; x_wconf 88' lang='lat' dir='ltr'><strong>ergo</strong></span> <span class='ocrx_word' id='word_1_472' title='bbox 673 3167 726 3212; x_wconf 91' lang='lat' dir='ltr'><strong>et</strong></span> <span class='ocrx_word' id='word_1_473' title='bbox 761 3157 853 3225; x_wconf 86' lang='lat' dir='ltr'><strong>qui</strong></span> <span class='ocrx_word' id='word_1_474' title='bbox 898 3153 1155 3209; x_wconf 91' lang='lat' dir='ltr'><strong>duritiam</strong></span> <span class='ocrx_word' id='word_1_475' title='bbox 1208 3166 1314 3205; x_wconf 92' lang='lat' dir='ltr'><strong>non</strong></span> <span class='ocrx_word' id='word_1_476' title='bbox 1367 3149 1573 3212; x_wconf 88' lang='lat' dir='ltr'><strong>habet,</strong></span> <span class='ocrx_word' id='word_1_477' title='bbox 1628 3147 1695 3202; x_wconf 88' lang='lat' dir='ltr'><strong>ad</strong></span> <span class='ocrx_word' id='word_1_478' title='bbox 1750 3145 2077 3215; x_wconf 89' lang='lat' dir='ltr'><strong>loquendum</strong></span> 
     </span>
    </p>
   </div>
   <div class='ocr_carea' id='block_1_62' title="bbox 2189 3145 3767 3232">
    <p class='ocr_par' dir='ltr' id='par_1_62' title="bbox 2189 3145 3767 3232">
     <span class='ocr_line' id='line_1_62' title="bbox 2189 3145 3767 3232; baseline 0.003 -16"><span class='ocrx_word' id='word_1_479' title='bbox 2189 3162 2449 3217; x_wconf 86' lang='lat' dir='ltr'><strong>recedens</strong></span> <span class='ocrx_word' id='word_1_480' title='bbox 2479 3176 2509 3217; x_wconf 93' lang='lat' dir='ltr'><strong>a</strong></span> <span class='ocrx_word' id='word_1_481' title='bbox 2538 3161 2682 3218; x_wconf 90' lang='lat' dir='ltr'><strong>lacte</strong></span> <span class='ocrx_word' id='word_1_482' title='bbox 2733 3161 2920 3216; x_wconf 89' lang='lat' dir='ltr'><strong>solidis</strong></span> <span class='ocrx_word' id='word_1_483' title='bbox 2954 3171 3009 3218; x_wconf 88' lang='lat' dir='ltr'><strong>et</strong></span> <span class='ocrx_word' id='word_1_484' title='bbox 3042 3161 3271 3217; x_wconf 81' lang='lat' dir='ltr'><strong>fortibus</strong></span> <span class='ocrx_word' id='word_1_485' title='bbox 3299 3163 3436 3219; x_wconf 84' lang='lat' dir='ltr'><strong>cibis</strong></span> <span class='ocrx_word' id='word_1_486' title='bbox 3468 3145 3675 3232; x_wconf 86' lang='lat' dir='ltr'><strong>utatur,</strong></span> <span class='ocrx_word' id='word_1_487' title='bbox 3708 3176 3767 3220; x_wconf 90' lang='lat' dir='ltr'><strong>ut</strong></span> 
     </span>
    </p>
   </div>
   <div class='ocr_carea' id='block_1_63' title="bbox 502 3238 2074 3312">
    <p class='ocr_par' dir='ltr' id='par_1_63' title="bbox 502 3238 2074 3312">
     <span class='ocr_line' id='line_1_63' title="bbox 502 3238 2074 3312; baseline -0.01 -7"><span class='ocrx_word' id='word_1_488' title='bbox 502 3251 817 3305; x_wconf 83' lang='lat' dir='ltr'><strong>obturatum</strong></span> <span class='ocrx_word' id='word_1_489' title='bbox 876 3245 1043 3301; x_wconf 90' lang='lat' dir='ltr'><strong>habet</strong></span> <span class='ocrx_word' id='word_1_490' title='bbox 1091 3258 1154 3298; x_wconf 91' lang='lat' dir='ltr'><strong>os</strong></span> <span class='ocrx_word' id='word_1_491' title='bbox 1196 3256 1213 3295; x_wconf 88' lang='lat'><strong>:</strong></span> <span class='ocrx_word' id='word_1_492' title='bbox 1250 3241 1431 3312; x_wconf 88' lang='lat' dir='ltr'><strong>justus</strong></span> <span class='ocrx_word' id='word_1_493' title='bbox 1464 3254 1592 3296; x_wconf 90' lang='lat' dir='ltr'><strong>vero</strong></span> <span class='ocrx_word' id='word_1_494' title='bbox 1627 3239 1802 3308; x_wconf 89' lang='lat' dir='ltr'><strong>parcit</strong></span> <span class='ocrx_word' id='word_1_495' title='bbox 1833 3238 1916 3292; x_wconf 85' lang='lat' dir='ltr'><strong>ori</strong></span> <span class='ocrx_word' id='word_1_496' title='bbox 1951 3251 2074 3292; x_wconf 86' lang='lat' dir='ltr'><strong>suo.</strong></span> 
     </span>
    </p>
   </div>
   <div class='ocr_carea' id='block_1_64' title="bbox 504 3330 2080 3406">
    <p class='ocr_par' dir='ltr' id='par_1_64' title="bbox 504 3330 2080 3406">
     <span class='ocr_line' id='line_1_64' title="bbox 504 3330 2080 3406; baseline -0.009 -13"><span class='ocrx_word' id='word_1_497' title='bbox 504 3339 784 3406; x_wconf 80' lang='lat' dir='ltr'><strong>Hodieque</strong></span> <span class='ocrx_word' id='word_1_498' title='bbox 818 3336 870 3390; x_wconf 93' lang='lat' dir='ltr'><strong>in</strong></span> <span class='ocrx_word' id='word_1_499' title='bbox 905 3334 1281 3391; x_wconf 89' lang='lat' dir='ltr'><strong>sacerdotibus</strong></span> <span class='ocrx_word' id='word_1_500' title='bbox 1318 3331 1527 3387; x_wconf 93' lang='lat' dir='ltr'><strong>Domini</strong></span> <span class='ocrx_word' id='word_1_501' title='bbox 1572 3330 1805 3385; x_wconf 87' lang='lat' dir='ltr'><strong>habetur</strong></span> <span class='ocrx_word' id='word_1_502' title='bbox 1848 3337 2080 3397; x_wconf 80' lang='lat' dir='ltr'><strong>uterque</strong></span> 
     </span>
    </p>
   </div>
   <div class='ocr_carea' id='block_1_65' title="bbox 502 3419 2079 3493">
    <p class='ocr_par' dir='ltr' id='par_1_65' title="bbox 502 3419 2079 3493">
     <span class='ocr_line' id='line_1_65' title="bbox 502 3419 2079 3493; baseline -0.008 -10"><span class='ocrx_word' id='word_1_503' title='bbox 502 3429 759 3493; x_wconf 77' lang='lat' dir='ltr'><strong>Pltinees,</strong></span> <span class='ocrx_word' id='word_1_504' title='bbox 789 3428 1022 3481; x_wconf 88' lang='lat' dir='ltr'><strong>habetur</strong></span> <span class='ocrx_word' id='word_1_505' title='bbox 1053 3436 1109 3480; x_wconf 90' lang='lat' dir='ltr'><strong>et</strong></span> <span class='ocrx_word' id='word_1_506' title='bbox 1138 3424 1389 3487; x_wconf 87' lang='lat' dir='ltr'><strong>Eleazar,</strong></span> <span class='ocrx_word' id='word_1_507' title='bbox 1418 3423 1511 3492; x_wconf 92' lang='lat' dir='ltr'><strong>qui</strong></span> <span class='ocrx_word' id='word_1_508' title='bbox 1546 3422 1599 3477; x_wconf 91' lang='lat' dir='ltr'><strong>in</strong></span> <span class='ocrx_word' id='word_1_509' title='bbox 1633 3420 1936 3491; x_wconf 89' lang='lat' dir='ltr'><strong>Scripturis</strong></span> <span class='ocrx_word' id='word_1_510' title='bbox 1966 3419 2079 3489; x_wconf 88' lang='lat' dir='ltr'><strong>pri-</strong></span> 
     </span>
    </p>
   </div>
   <div class='ocr_carea' id='block_1_66' title="bbox 505 3511 2080 3589">
    <p class='ocr_par' dir='ltr' id='par_1_66' title="bbox 505 3511 2080 3589">
     <span class='ocr_line' id='line_1_66' title="bbox 505 3511 2080 3589; baseline -0.008 -12"><span class='ocrx_word' id='word_1_511' title='bbox 505 3537 624 3577; x_wconf 88' lang='lat' dir='ltr'><strong>mus</strong></span> <span class='ocrx_word' id='word_1_512' title='bbox 654 3521 943 3589; x_wconf 89' lang='lat' dir='ltr'><strong>episcopus</strong></span> <span class='ocrx_word' id='word_1_513' title='bbox 995 3518 1307 3573; x_wconf 89' lang='lat' dir='ltr'><strong>nominatus</strong></span> <span class='ocrx_word' id='word_1_514' title='bbox 1362 3525 1485 3580; x_wconf 89' lang='lat' dir='ltr'><strong>est,</strong></span> <span class='ocrx_word' id='word_1_515' title='bbox 1536 3514 1677 3570; x_wconf 85' lang='lat' dir='ltr'><strong>sicut</strong></span> <span class='ocrx_word' id='word_1_516' title='bbox 1730 3514 1784 3567; x_wconf 93' lang='lat' dir='ltr'><strong>in</strong></span> <span class='ocrx_word' id='word_1_517' title='bbox 1827 3511 2080 3566; x_wconf 87' lang='lat' dir='ltr'><strong>Numeris</strong></span> 
     </span>
    </p>
   </div>
   <div class='ocr_carea' id='block_1_67' title="bbox 502 3603 2079 3680">
    <p class='ocr_par' dir='ltr' id='par_1_67' title="bbox 502 3603 2079 3680">
     <span class='ocr_line' id='line_1_67' title="bbox 502 3603 2079 3680; baseline -0.008 -13"><span class='ocrx_word' id='word_1_518' title='bbox 502 3613 764 3680; x_wconf 82' lang='lat' dir='ltr'><strong>scriptum</strong></span> <span class='ocrx_word' id='word_1_519' title='bbox 798 3618 902 3666; x_wconf 88' lang='lat' dir='ltr'><strong>est.</strong></span> <span class='ocrx_word' id='word_1_520' title='bbox 939 3609 1081 3663; x_wconf 91' lang='lat' dir='ltr'><strong>Sunt</strong></span> <span class='ocrx_word' id='word_1_521' title='bbox 1130 3624 1260 3679; x_wconf 88' lang='lat' dir='ltr'><strong>ergo</strong></span> <span class='ocrx_word' id='word_1_522' title='bbox 1300 3607 1573 3677; x_wconf 87' lang='lat' dir='ltr'><strong>hodieque</strong></span> <span class='ocrx_word' id='word_1_523' title='bbox 1608 3605 1662 3659; x_wconf 93' lang='lat' dir='ltr'><strong>in</strong></span> <span class='ocrx_word' id='word_1_524' title='bbox 1697 3603 2079 3659; x_wconf 88' lang='lat' dir='ltr'><strong>sacerdotibus</strong></span> 
     </span>
    </p>
   </div>
   <div class='ocr_carea' id='block_1_68' title="bbox 501 3695 2078 3774">
    <p class='ocr_par' dir='ltr' id='par_1_68' title="bbox 501 3695 2078 3774">
     <span class='ocr_line' id='line_1_68' title="bbox 501 3695 2078 3774; baseline -0.005 -17"><span class='ocrx_word' id='word_1_525' title='bbox 501 3705 815 3774; x_wconf 91' lang='lat' dir='ltr'><strong>quicunque</strong></span> <span class='ocrx_word' id='word_1_526' title='bbox 847 3712 1082 3772; x_wconf 86' lang='lat' dir='ltr'><strong>parcunt</strong></span> <span class='ocrx_word' id='word_1_527' title='bbox 1114 3701 1194 3756; x_wconf 92' lang='lat' dir='ltr'><strong>ori</strong></span> <span class='ocrx_word' id='word_1_528' title='bbox 1226 3716 1345 3764; x_wconf 86' lang='lat' dir='ltr'><strong>suo.</strong></span> <span class='ocrx_word' id='word_1_529' title='bbox 1377 3709 1430 3754; x_wconf 93' lang='lat' dir='ltr'><strong>et</strong></span> <span class='ocrx_word' id='word_1_530' title='bbox 1457 3699 1640 3755; x_wconf 90' lang='lat' dir='ltr'><strong>omnis</strong></span> <span class='ocrx_word' id='word_1_531' title='bbox 1693 3712 1874 3753; x_wconf 87' lang='lat' dir='ltr'><strong>sermo</strong></span> <span class='ocrx_word' id='word_1_532' title='bbox 1904 3695 2078 3751; x_wconf 88' lang='lat' dir='ltr'><strong>malus</strong></span> 
     </span>
    </p>
   </div>
   <div class='ocr_carea' id='block_1_69' title="bbox 504 3787 2078 3865">
    <p class='ocr_par' dir='ltr' id='par_1_69' title="bbox 504 3787 2078 3865">
     <span class='ocr_line' id='line_1_69' title="bbox 504 3787 2078 3865; baseline -0.006 -17"><span class='ocrx_word' id='word_1_533' title='bbox 504 3809 846 3865; x_wconf 89' lang='lat' dir='ltr'><strong>nequaquam</strong></span> <span class='ocrx_word' id='word_1_534' title='bbox 883 3793 948 3847; x_wconf 91' lang='lat' dir='ltr'><strong>de</strong></span> <span class='ocrx_word' id='word_1_535' title='bbox 977 3808 1072 3847; x_wconf 87' lang='lat' dir='ltr'><strong>ore</strong></span> <span class='ocrx_word' id='word_1_536' title='bbox 1102 3806 1290 3847; x_wconf 89' lang='lat' dir='ltr'><strong>eorum</strong></span> <span class='ocrx_word' id='word_1_537' title='bbox 1339 3792 1605 3861; x_wconf 87' lang='lat' dir='ltr'><strong>procedit.</strong></span> <span class='ocrx_word' id='word_1_538' title='bbox 1652 3790 1789 3844; x_wconf 90' lang='lat' dir='ltr'><strong>Sunt</strong></span> <span class='ocrx_word' id='word_1_539' title='bbox 1824 3787 2078 3844; x_wconf 87' lang='lat' dir='ltr'><strong>sacerdo-</strong></span> 
     </span>
    </p>
   </div>
   <div class='ocr_carea' id='block_1_70' title="bbox 502 3882 2079 3955">
    <p class='ocr_par' dir='ltr' id='par_1_70' title="bbox 502 3882 2079 3955">
     <span class='ocr_line' id='line_1_70' title="bbox 502 3882 2079 3955; baseline -0.003 -14"><span class='ocrx_word' id='word_1_540' title='bbox 502 3899 582 3941; x_wconf 86' lang='lat' dir='ltr'><strong>tes</strong></span> <span class='ocrx_word' id='word_1_541' title='bbox 613 3902 674 3941; x_wconf 83' lang='lat' dir='ltr'><strong>ex</strong></span> <span class='ocrx_word' id='word_1_542' title='bbox 708 3901 938 3955; x_wconf 87' lang='lat' dir='ltr'><strong>quorum</strong></span> <span class='ocrx_word' id='word_1_543' title='bbox 960 3900 1056 3940; x_wconf 92' lang='lat' dir='ltr'><strong>ore</strong></span> <span class='ocrx_word' id='word_1_544' title='bbox 1092 3884 1297 3938; x_wconf 89' lang='lat' dir='ltr'><strong>nullum</strong></span> <span class='ocrx_word' id='word_1_545' title='bbox 1323 3883 1664 3947; x_wconf 84' lang='lat' dir='ltr'><strong>scandalum,</strong></span> <span class='ocrx_word' id='word_1_546' title='bbox 1697 3882 1903 3937; x_wconf 89' lang='lat' dir='ltr'><strong>nullum</strong></span> <span class='ocrx_word' id='word_1_547' title='bbox 1930 3896 2079 3937; x_wconf 89' lang='lat' dir='ltr'><strong>men-</strong></span> 
     </span>
    </p>
   </div>
   <div class='ocr_carea' id='block_1_71' title="bbox 497 3971 2080 4044">
    <p class='ocr_par' dir='ltr' id='par_1_71' title="bbox 497 3971 2080 4044">
     <span class='ocr_line' id='line_1_71' title="bbox 497 3971 2080 4044; baseline -0.004 -13"><span class='ocrx_word' id='word_1_548' title='bbox 497 3977 740 4041; x_wconf 88' lang='lat' dir='ltr'><strong>dacium,</strong></span> <span class='ocrx_word' id='word_1_549' title='bbox 769 3974 949 4029; x_wconf 84' lang='lat' dir='ltr'><strong>nullus</strong></span> <span class='ocrx_word' id='word_1_550' title='bbox 987 3974 1162 4041; x_wconf 89' lang='lat' dir='ltr'><strong>dolus,</strong></span> <span class='ocrx_word' id='word_1_551' title='bbox 1212 3988 1389 4044; x_wconf 91' lang='lat' dir='ltr'><strong>neque</strong></span> <span class='ocrx_word' id='word_1_552' title='bbox 1422 3972 1636 4028; x_wconf 83' lang='lat' dir='ltr'><strong>falsitas</strong></span> <span class='ocrx_word' id='word_1_553' title='bbox 1664 3971 1774 4026; x_wconf 88' lang='lat' dir='ltr'><strong>ulla</strong></span> <span class='ocrx_word' id='word_1_554' title='bbox 1804 3971 2080 4042; x_wconf 88' lang='lat' dir='ltr'><strong>depromi-</strong></span> 
     </span>
    </p>
   </div>
   <div class='ocr_carea' id='block_1_72' title="bbox 500 4065 2080 4135">
    <p class='ocr_par' dir='ltr' id='par_1_72' title="bbox 500 4065 2080 4135">
     <span class='ocr_line' id='line_1_72' title="bbox 500 4065 2080 4135; baseline -0.003 -14"><span class='ocrx_word' id='word_1_555' title='bbox 500 4077 610 4135; x_wconf 92' lang='lat' dir='ltr'><strong>tur,</strong></span> <span class='ocrx_word' id='word_1_556' title='bbox 642 4077 695 4122; x_wconf 90' lang='lat' dir='ltr'><strong>ct</strong></span> <span class='ocrx_word' id='word_1_557' title='bbox 731 4067 820 4121; x_wconf 92' lang='lat' dir='ltr'><strong>isti</strong></span> <span class='ocrx_word' id='word_1_558' title='bbox 857 4066 1054 4121; x_wconf 88' lang='lat' dir='ltr'><strong>merito</strong></span> <span class='ocrx_word' id='word_1_559' title='bbox 1093 4066 1326 4121; x_wconf 79' lang='lat' dir='ltr'><strong>Phincos</strong></span> <span class='ocrx_word' id='word_1_560' title='bbox 1376 4065 1450 4119; x_wconf 92' lang='lat' dir='ltr'><strong>illi</strong></span> <span class='ocrx_word' id='word_1_561' title='bbox 1484 4065 1664 4120; x_wconf 89' lang='lat' dir='ltr'><strong>Aaron</strong></span> <span class='ocrx_word' id='word_1_562' title='bbox 1714 4065 1825 4120; x_wconf 87' lang='lat' dir='ltr'><strong>filio</strong></span> <span class='ocrx_word' id='word_1_563' title='bbox 1860 4079 2080 4133; x_wconf 88' lang='lat' dir='ltr'><strong>compa-</strong></span> 
     </span>
    </p>
   </div>
   <div class='ocr_carea' id='block_1_73' title="bbox 498 4153 2079 4226">
    <p class='ocr_par' dir='ltr' id='par_1_73' title="bbox 498 4153 2079 4226">
     <span class='ocr_line' id='line_1_73' title="bbox 498 4153 2079 4226; baseline -0.002 -13"><span class='ocrx_word' id='word_1_564' title='bbox 498 4170 710 4213; x_wconf 89' lang='lat' dir='ltr'><strong>rantur.</strong></span> <span class='ocrx_word' id='word_1_565' title='bbox 751 4158 887 4212; x_wconf 91' lang='lat' dir='ltr'><strong>Snnt</strong></span> <span class='ocrx_word' id='word_1_566' title='bbox 920 4168 1101 4212; x_wconf 87' lang='lat' dir='ltr'><strong>autem</strong></span> <span class='ocrx_word' id='word_1_567' title='bbox 1135 4157 1302 4226; x_wconf 86' lang='lat' dir='ltr'><strong>aliqui</strong></span> <span class='ocrx_word' id='word_1_568' title='bbox 1338 4166 1393 4211; x_wconf 93' lang='lat' dir='ltr'><strong>et</strong></span> <span class='ocrx_word' id='word_1_569' title='bbox 1425 4157 1723 4213; x_wconf 84' lang='lat' dir='ltr'><strong>secundum</strong></span> <span class='ocrx_word' id='word_1_570' title='bbox 1756 4158 1921 4212; x_wconf 90' lang='lat' dir='ltr'><strong>istum</strong></span> <span class='ocrx_word' id='word_1_571' title='bbox 1951 4153 2079 4210; x_wconf 81' lang='lat' dir='ltr'><strong>Phi-</strong></span> 
     </span>
    </p>
   </div>
   <div class='ocr_carea' id='block_1_74' title="bbox 501 4249 2079 4317">
    <p class='ocr_par' dir='ltr' id='par_1_74' title="bbox 501 4249 2079 4317">
     <span class='ocr_line' id='line_1_74' title="bbox 501 4249 2079 4317; baseline 0.001 -14"><span class='ocrx_word' id='word_1_572' title='bbox 501 4265 655 4304; x_wconf 88' lang='lat' dir='ltr'><strong>neem</strong></span> <span class='ocrx_word' id='word_1_573' title='bbox 691 4249 804 4304; x_wconf 79' lang='lat' dir='ltr'><strong>lieli</strong></span> <span class='ocrx_word' id='word_1_574' title='bbox 847 4249 1013 4301; x_wconf 88' lang='lat' dir='ltr'><strong>lilium</strong></span> <span class='ocrx_word' id='word_1_575' title='bbox 1042 4249 1380 4312; x_wconf 88' lang='lat' dir='ltr'><strong>sacerdotes,</strong></span> <span class='ocrx_word' id='word_1_576' title='bbox 1421 4250 1514 4317; x_wconf 87' lang='lat' dir='ltr'><strong>qui</strong></span> <span class='ocrx_word' id='word_1_577' title='bbox 1544 4250 1855 4308; x_wconf 87' lang='lat' dir='ltr'><strong>obturatum</strong></span> <span class='ocrx_word' id='word_1_578' title='bbox 1885 4265 1948 4304; x_wconf 87' lang='lat' dir='ltr'><strong>os</strong></span> <span class='ocrx_word' id='word_1_579' title='bbox 1982 4250 2079 4304; x_wconf 89' lang='lat' dir='ltr'><strong>ha-</strong></span> 
     </span>
    </p>
   </div>
   <div class='ocr_carea' id='block_1_75' title="bbox 497 4338 2079 4410">
    <p class='ocr_par' dir='ltr' id='par_1_75' title="bbox 497 4338 2079 4410">
     <span class='ocr_line' id='line_1_75' title="bbox 497 4338 2079 4410; baseline 0.002 -17"><span class='ocrx_word' id='word_1_580' title='bbox 497 4343 649 4405; x_wconf 87' lang='lat' dir='ltr'><strong>bcut,</strong></span> <span class='ocrx_word' id='word_1_581' title='bbox 684 4341 800 4395; x_wconf 89' lang='lat' dir='ltr'><strong>sive</strong></span> <span class='ocrx_word' id='word_1_582' title='bbox 833 4338 1122 4409; x_wconf 70' lang='lat' dir='ltr'><strong>imperitia:</strong></span> <span class='ocrx_word' id='word_1_583' title='bbox 1153 4340 1309 4403; x_wconf 92' lang='lat' dir='ltr'><strong>vitio,</strong></span> <span class='ocrx_word' id='word_1_584' title='bbox 1351 4340 1469 4395; x_wconf 87' lang='lat' dir='ltr'><strong>sive</strong></span> <span class='ocrx_word' id='word_1_585' title='bbox 1501 4342 1837 4396; x_wconf 87' lang='lat' dir='ltr'><strong>conscientia</strong></span> <span class='ocrx_word' id='word_1_586' title='bbox 1887 4355 2079 4410; x_wconf 88' lang='lat' dir='ltr'><strong>pecca-</strong></span> 
     </span>
    </p>
   </div>
   <div class='ocr_carea' id='block_1_76' title="bbox 499 4432 2079 4502">
    <p class='ocr_par' dir='ltr' id='par_1_76' title="bbox 499 4432 2079 4502">
     <span class='ocr_line' id='line_1_76' title="bbox 499 4432 2079 4502; baseline 0.001 -16"><span class='ocrx_word' id='word_1_587' title='bbox 499 4444 701 4486; x_wconf 90' lang='lat' dir='ltr'><strong>torum.</strong></span> <span class='ocrx_word' id='word_1_588' title='bbox 749 4432 856 4486; x_wconf 90' lang='lat' dir='ltr'><strong>Sed</strong></span> <span class='ocrx_word' id='word_1_589' title='bbox 890 4434 989 4486; x_wconf 91' lang='lat' dir='ltr'><strong>hoc</strong></span> <span class='ocrx_word' id='word_1_590' title='bbox 1018 4441 1097 4486; x_wconf 90' lang='lat' dir='ltr'><strong>est</strong></span> <span class='ocrx_word' id='word_1_591' title='bbox 1130 4432 1274 4502; x_wconf 87' lang='lat' dir='ltr'><strong>quod</strong></span> <span class='ocrx_word' id='word_1_592' title='bbox 1310 4433 1595 4502; x_wconf 87' lang='lat' dir='ltr'><strong>deprecor,</strong></span> <span class='ocrx_word' id='word_1_593' title='bbox 1643 4444 1703 4487; x_wconf 90' lang='lat' dir='ltr'><strong>ut</strong></span> <span class='ocrx_word' id='word_1_594' title='bbox 1748 4432 1792 4488; x_wconf 85' lang='lat' dir='ltr'><strong>si</strong></span> <span class='ocrx_word' id='word_1_595' title='bbox 1832 4434 1956 4502; x_wconf 88' lang='lat' dir='ltr'><strong>quis</strong></span> <span class='ocrx_word' id='word_1_596' title='bbox 1991 4442 2079 4487; x_wconf 87' lang='lat' dir='ltr'><strong>est</strong></span> 
     </span>
    </p>
   </div>
   <div class='ocr_carea' id='block_1_77' title="bbox 2179 3252 3767 3323">
    <p class='ocr_par' dir='ltr' id='par_1_77' title="bbox 2179 3252 3767 3323">
     <span class='ocr_line' id='line_1_77' title="bbox 2179 3252 3767 3323; baseline 0.004 -16"><span class='ocrx_word' id='word_1_597' title='bbox 2179 3254 2425 3323; x_wconf 85' lang='lat' dir='ltr'><strong>possitet</strong></span> <span class='ocrx_word' id='word_1_598' title='bbox 2445 3252 2816 3310; x_wconf 85' lang='lat' dir='ltr'><strong>sacerdotibus</strong></span> <span class='ocrx_word' id='word_1_599' title='bbox 2846 3254 3129 3317; x_wconf 87' lang='lat' dir='ltr'><strong>interesse,</strong></span> <span class='ocrx_word' id='word_1_600' title='bbox 3155 3262 3210 3309; x_wconf 90' lang='lat' dir='ltr'><strong>et</strong></span> <span class='ocrx_word' id='word_1_601' title='bbox 3263 3254 3330 3309; x_wconf 84' lang='lat' dir='ltr'><strong>de</strong></span> <span class='ocrx_word' id='word_1_602' title='bbox 3387 3255 3577 3312; x_wconf 79' lang='lat' dir='ltr'><strong>altaris</strong></span> <span class='ocrx_word' id='word_1_603' title='bbox 3606 3256 3767 3313; x_wconf 79' lang='lat' dir='ltr'><strong>edere</strong></span> 
     </span>
    </p>
   </div>
   <div class='ocr_carea' id='block_1_78' title="bbox 2180 3344 3767 3409">
    <p class='ocr_par' dir='ltr' id='par_1_78' title="bbox 2180 3344 3767 3409">
     <span class='ocr_line' id='line_1_78' title="bbox 2180 3344 3767 3409; baseline 0.001 -10"><span class='ocrx_word' id='word_1_604' title='bbox 2180 3344 2489 3409; x_wconf 88' lang='lat' dir='ltr'><strong>sacriﬁciis,</strong></span> <span class='ocrx_word' id='word_1_605' title='bbox 2523 3353 2651 3399; x_wconf 92' lang='lat' dir='ltr'><strong>tunc</strong></span> <span class='ocrx_word' id='word_1_606' title='bbox 2686 3359 2809 3399; x_wconf 87' lang='lat' dir='ltr'><strong>eum</strong></span> <span class='ocrx_word' id='word_1_607' title='bbox 2840 3344 2949 3399; x_wconf 87' lang='lat' dir='ltr'><strong>Deo</strong></span> <span class='ocrx_word' id='word_1_608' title='bbox 2996 3353 3301 3400; x_wconf 87' lang='lat' dir='ltr'><strong>consecrat.</strong></span> <span class='ocrx_word' id='word_1_609' title='bbox 3334 3344 3471 3399; x_wconf 72' lang='lat' dir='ltr'><strong>Vide</strong></span> <span class='ocrx_word' id='word_1_610' title='bbox 3502 3346 3545 3399; x_wconf 91' lang='lat' dir='ltr'><strong>si</strong></span> <span class='ocrx_word' id='word_1_611' title='bbox 3578 3347 3629 3400; x_wconf 90' lang='lat' dir='ltr'><strong>in</strong></span> <span class='ocrx_word' id='word_1_612' title='bbox 3658 3346 3767 3401; x_wconf 87' lang='lat' dir='ltr'><strong>alio</strong></span> 
     </span>
    </p>
   </div>
   <div class='ocr_carea' id='block_1_79' title="bbox 2179 3433 3763 3505">
    <p class='ocr_par' dir='ltr' id='par_1_79' title="bbox 2179 3433 3763 3505">
     <span class='ocr_line' id='line_1_79' title="bbox 2179 3433 3763 3505; baseline 0.002 -18"><span class='ocrx_word' id='word_1_613' title='bbox 2179 3434 2302 3488; x_wconf 92' lang='lat' dir='ltr'><strong>loco</strong></span> <span class='ocrx_word' id='word_1_614' title='bbox 2332 3434 2386 3488; x_wconf 93' lang='lat' dir='ltr'><strong>in</strong></span> <span class='ocrx_word' id='word_1_615' title='bbox 2413 3433 2711 3503; x_wconf 87' lang='lat' dir='ltr'><strong>Scripturis</strong></span> <span class='ocrx_word' id='word_1_616' title='bbox 2735 3435 2946 3489; x_wconf 91' lang='lat' dir='ltr'><strong>sanctis</strong></span> <span class='ocrx_word' id='word_1_617' title='bbox 2968 3434 3179 3489; x_wconf 83' lang='lat' dir='ltr'><strong>invenis</strong></span> <span class='ocrx_word' id='word_1_618' title='bbox 3207 3434 3501 3504; x_wconf 76' lang='lat' dir='ltr'><strong>significari</strong></span> <span class='ocrx_word' id='word_1_619' title='bbox 3527 3435 3763 3505; x_wconf 88' lang='lat' dir='ltr'><strong>aliquem</strong></span> 
     </span>
    </p>
   </div>
   <div class='ocr_carea' id='block_1_80' title="bbox 2180 3522 3761 3594">
    <p class='ocr_par' dir='ltr' id='par_1_80' title="bbox 2180 3522 3761 3594">
     <span class='ocr_line' id='line_1_80' title="bbox 2180 3522 3761 3594; baseline 0.001 -18"><span class='ocrx_word' id='word_1_620' title='bbox 2180 3538 2210 3576; x_wconf 88' lang='lat' dir='ltr'><strong>a</strong></span> <span class='ocrx_word' id='word_1_621' title='bbox 2248 3523 2384 3577; x_wconf 90' lang='lat' dir='ltr'><strong>lacte</strong></span> <span class='ocrx_word' id='word_1_622' title='bbox 2418 3523 2717 3593; x_wconf 89' lang='lat' dir='ltr'><strong>depulsum.</strong></span> <span class='ocrx_word' id='word_1_623' title='bbox 2743 3522 2855 3590; x_wconf 88' lang='lat' dir='ltr'><strong>Ego</strong></span> <span class='ocrx_word' id='word_1_624' title='bbox 2889 3530 3092 3587; x_wconf 90' lang='lat' dir='ltr'><strong>tamen,</strong></span> <span class='ocrx_word' id='word_1_625' title='bbox 3119 3532 3380 3591; x_wconf 89' lang='lat' dir='ltr'><strong>quantum</strong></span> <span class='ocrx_word' id='word_1_626' title='bbox 3419 3525 3483 3577; x_wconf 91' lang='lat' dir='ltr'><strong>ad</strong></span> <span class='ocrx_word' id='word_1_627' title='bbox 3517 3538 3761 3594; x_wconf 77' lang='lat' dir='ltr'><strong>pnescns</strong></span> 
     </span>
    </p>
   </div>
   <div class='ocr_carea' id='block_1_81' title="bbox 2179 3608 3762 3681">
    <p class='ocr_par' dir='ltr' id='par_1_81' title="bbox 2179 3608 3762 3681">
     <span class='ocr_line' id='line_1_81' title="bbox 2179 3608 3762 3681; baseline -0.001 -16"><span class='ocrx_word' id='word_1_628' title='bbox 2179 3610 2444 3665; x_wconf 87' lang='lat' dir='ltr'><strong>memoria</strong></span> <span class='ocrx_word' id='word_1_629' title='bbox 2485 3610 2748 3681; x_wconf 78' lang='lat' dir='ltr'><strong>suggerit,</strong></span> <span class='ocrx_word' id='word_1_630' title='bbox 2782 3609 2931 3665; x_wconf 89' lang='lat' dir='ltr'><strong>Isaac</strong></span> <span class='ocrx_word' id='word_1_631' title='bbox 2967 3610 3187 3663; x_wconf 86' lang='lat' dir='ltr'><strong>memini</strong></span> <span class='ocrx_word' id='word_1_632' title='bbox 3218 3626 3231 3661; x_wconf 89' lang='lat'><strong>:</strong></span> <span class='ocrx_word' id='word_1_633' title='bbox 3265 3608 3330 3662; x_wconf 90' lang='lat' dir='ltr'><strong>de</strong></span> <span class='ocrx_word' id='word_1_634' title='bbox 3361 3624 3470 3678; x_wconf 89' lang='lat' dir='ltr'><strong>quo</strong></span> <span class='ocrx_word' id='word_1_635' title='bbox 3498 3609 3762 3677; x_wconf 86' lang='lat' dir='ltr'><strong>scriptum</strong></span> 
     </span>
    </p>
   </div>
   <div class='ocr_carea' id='block_1_82' title="bbox 2180 3701 3761 3774">
    <p class='ocr_par' dir='ltr' id='par_1_82' title="bbox 2180 3701 3761 3774">
     <span class='ocr_line' id='line_1_82' title="bbox 2180 3701 3761 3774; baseline 0 -16"><span class='ocrx_word' id='word_1_636' title='bbox 2180 3713 2262 3759; x_wconf 88' lang='lat' dir='ltr'><strong>est</strong></span> <span class='ocrx_word' id='word_1_637' title='bbox 2290 3703 2374 3770; x_wconf 81' lang='lat'><strong>&quot;,</strong></span> <span class='ocrx_word' id='word_1_638' title='bbox 2406 3704 2549 3774; x_wconf 90' lang='lat' dir='ltr'><strong>quod</strong></span> <span class='ocrx_word' id='word_1_639' title='bbox 2586 3703 2894 3758; x_wconf 88' lang='lat' dir='ltr'><strong>convivium</strong></span> <span class='ocrx_word' id='word_1_640' title='bbox 2936 3717 3189 3773; x_wconf 88' lang='lat' dir='ltr'><strong>magnum</strong></span> <span class='ocrx_word' id='word_1_641' title='bbox 3233 3701 3361 3756; x_wconf 90' lang='lat' dir='ltr'><strong>fecit</strong></span> <span class='ocrx_word' id='word_1_642' title='bbox 3390 3704 3662 3757; x_wconf 84' lang='lat' dir='ltr'><strong>Abraham</strong></span> <span class='ocrx_word' id='word_1_643' title='bbox 3696 3717 3761 3758; x_wconf 81' lang='lat' dir='ltr'><strong>ea</strong></span> 
     </span>
    </p>
   </div>
   <div class='ocr_carea' id='block_1_83' title="bbox 2179 3792 3759 3863">
    <p class='ocr_par' dir='ltr' id='par_1_83' title="bbox 2179 3792 3759 3863">
     <span class='ocr_line' id='line_1_83' title="bbox 2179 3792 3759 3863; baseline -0.001 -14"><span class='ocrx_word' id='word_1_644' title='bbox 2179 3795 2267 3849; x_wconf 88' lang='lat' dir='ltr'><strong>die</strong></span> <span class='ocrx_word' id='word_1_645' title='bbox 2296 3808 2400 3863; x_wconf 91' lang='lat' dir='ltr'><strong>qua</strong></span> <span class='ocrx_word' id='word_1_646' title='bbox 2433 3809 2463 3848; x_wconf 86' lang='lat' dir='ltr'><strong>a</strong></span> <span class='ocrx_word' id='word_1_647' title='bbox 2489 3793 2628 3848; x_wconf 91' lang='lat' dir='ltr'><strong>lacte</strong></span> <span class='ocrx_word' id='word_1_648' title='bbox 2660 3792 2917 3863; x_wconf 84' lang='lat' dir='ltr'><strong>depulsus</strong></span> <span class='ocrx_word' id='word_1_649' title='bbox 2948 3803 3030 3847; x_wconf 90' lang='lat' dir='ltr'><strong>est</strong></span> <span class='ocrx_word' id='word_1_650' title='bbox 3066 3793 3215 3847; x_wconf 87' lang='lat' dir='ltr'><strong>Isaac</strong></span> <span class='ocrx_word' id='word_1_651' title='bbox 3252 3793 3394 3847; x_wconf 86' lang='lat' dir='ltr'><strong>ﬁlius</strong></span> <span class='ocrx_word' id='word_1_652' title='bbox 3422 3808 3574 3847; x_wconf 87' lang='lat' dir='ltr'><strong>suus.</strong></span> <span class='ocrx_word' id='word_1_653' title='bbox 3602 3792 3759 3862; x_wconf 84' lang='lat' dir='ltr'><strong>Apud</strong></span> 
     </span>
    </p>
   </div>
   <div class='ocr_carea' id='block_1_84' title="bbox 2182 3881 3762 3951">
    <p class='ocr_par' dir='ltr' id='par_1_84' title="bbox 2182 3881 3762 3951">
     <span class='ocr_line' id='line_1_84' title="bbox 2182 3881 3762 3951; baseline 0 -14"><span class='ocrx_word' id='word_1_654' title='bbox 2182 3884 2431 3938; x_wconf 90' lang='lat' dir='ltr'><strong>homines</strong></span> <span class='ocrx_word' id='word_1_655' title='bbox 2468 3882 2685 3950; x_wconf 85' lang='lat' dir='ltr'><strong>quidem</strong></span> <span class='ocrx_word' id='word_1_656' title='bbox 2739 3882 2922 3936; x_wconf 76' lang='lat' dir='ltr'><strong>szeculi</strong></span> <span class='ocrx_word' id='word_1_657' title='bbox 2964 3881 3123 3950; x_wconf 86' lang='lat' dir='ltr'><strong>hujus</strong></span> <span class='ocrx_word' id='word_1_658' title='bbox 3163 3894 3419 3951; x_wconf 87' lang='lat' dir='ltr'><strong>parentes</strong></span> <span class='ocrx_word' id='word_1_659' title='bbox 3449 3882 3627 3936; x_wconf 87' lang='lat' dir='ltr'><strong>solent</strong></span> <span class='ocrx_word' id='word_1_660' title='bbox 3661 3899 3762 3937; x_wconf 87' lang='lat' dir='ltr'><strong>na-</strong></span> 
     </span>
    </p>
   </div>
   <div class='ocr_carea' id='block_1_85' title="bbox 2181 3969 3762 4028">
    <p class='ocr_par' dir='ltr' id='par_1_85' title="bbox 2181 3969 3762 4028">
     <span class='ocr_line' id='line_1_85' title="bbox 2181 3969 3762 4028; baseline -0.002 0"><span class='ocrx_word' id='word_1_661' title='bbox 2181 3972 2339 4028; x_wconf 87' lang='lat' dir='ltr'><strong>talem</strong></span> <span class='ocrx_word' id='word_1_662' title='bbox 2362 3970 2503 4026; x_wconf 90' lang='lat' dir='ltr'><strong>diem</strong></span> <span class='ocrx_word' id='word_1_663' title='bbox 2533 3969 2810 4025; x_wconf 85' lang='lat' dir='ltr'><strong>celebrare</strong></span> <span class='ocrx_word' id='word_1_664' title='bbox 2862 3969 3095 4022; x_wconf 89' lang='lat' dir='ltr'><strong>ﬁliorum</strong></span> <span class='ocrx_word' id='word_1_665' title='bbox 3132 3970 3449 4024; x_wconf 89' lang='lat' dir='ltr'><strong>:Abraham</strong></span> <span class='ocrx_word' id='word_1_666' title='bbox 3486 3986 3616 4025; x_wconf 91' lang='lat' dir='ltr'><strong>vero</strong></span> <span class='ocrx_word' id='word_1_667' title='bbox 3655 3986 3762 4025; x_wconf 89' lang='lat' dir='ltr'><strong>non</strong></span> 
     </span>
    </p>
   </div>
   <div class='ocr_carea' id='block_1_86' title="bbox 2179 4059 3755 4124">
    <p class='ocr_par' dir='ltr' id='par_1_86' title="bbox 2179 4059 3755 4124">
     <span class='ocr_line' id='line_1_86' title="bbox 2179 4059 3755 4124; baseline -0.003 -5"><span class='ocrx_word' id='word_1_668' title='bbox 2179 4064 2421 4119; x_wconf 87' lang='lat' dir='ltr'><strong>celebrat</strong></span> <span class='ocrx_word' id='word_1_669' title='bbox 2452 4060 2686 4114; x_wconf 85' lang='lat' dir='ltr'><strong>natalem</strong></span> <span class='ocrx_word' id='word_1_670' title='bbox 2716 4061 2856 4114; x_wconf 89' lang='lat' dir='ltr'><strong>dietn</strong></span> <span class='ocrx_word' id='word_1_671' title='bbox 2888 4059 3038 4115; x_wconf 88' lang='lat' dir='ltr'><strong>Isaac</strong></span> <span class='ocrx_word' id='word_1_672' title='bbox 3065 4061 3157 4115; x_wconf 89' lang='lat' dir='ltr'><strong>lilii</strong></span> <span class='ocrx_word' id='word_1_673' title='bbox 3186 4061 3291 4124; x_wconf 88' lang='lat' dir='ltr'><strong>sui,</strong></span> <span class='ocrx_word' id='word_1_674' title='bbox 3316 4062 3411 4117; x_wconf 89' lang='lat' dir='ltr'><strong>sed</strong></span> <span class='ocrx_word' id='word_1_675' title='bbox 3440 4062 3587 4116; x_wconf 87' lang='lat' dir='ltr'><strong>illum</strong></span> <span class='ocrx_word' id='word_1_676' title='bbox 3613 4063 3755 4116; x_wconf 83' lang='lat' dir='ltr'><strong>diem</strong></span> 
     </span>
    </p>
   </div>
   <div class='ocr_carea' id='block_1_87' title="bbox 2180 4150 3758 4221">
    <p class='ocr_par' dir='ltr' id='par_1_87' title="bbox 2180 4150 3758 4221">
     <span class='ocr_line' id='line_1_87' title="bbox 2180 4150 3758 4221; baseline -0.002 -14"><span class='ocrx_word' id='word_1_677' title='bbox 2180 4155 2376 4208; x_wconf 83' lang='lat' dir='ltr'><strong>festum</strong></span> <span class='ocrx_word' id='word_1_678' title='bbox 2408 4152 2538 4221; x_wconf 89' lang='lat' dir='ltr'><strong>agit,</strong></span> <span class='ocrx_word' id='word_1_679' title='bbox 2572 4159 2628 4206; x_wconf 91' lang='lat' dir='ltr'><strong>et</strong></span> <span class='ocrx_word' id='word_1_680' title='bbox 2661 4150 2863 4206; x_wconf 68' lang='lat' dir='ltr'><strong>lmtitiae</strong></span> <span class='ocrx_word' id='word_1_681' title='bbox 2908 4151 3151 4220; x_wconf 88' lang='lat' dir='ltr'><strong>deputat,</strong></span> <span class='ocrx_word' id='word_1_682' title='bbox 3212 4160 3267 4204; x_wconf 87' lang='lat' dir='ltr'><strong>et</strong></span> <span class='ocrx_word' id='word_1_683' title='bbox 3312 4152 3560 4205; x_wconf 85' lang='lat' dir='ltr'><strong>convivia</strong></span> <span class='ocrx_word' id='word_1_684' title='bbox 3612 4150 3758 4205; x_wconf 87' lang='lat' dir='ltr'><strong>cele-</strong></span> 
     </span>
    </p>
   </div>
   <div class='ocr_carea' id='block_1_88' title="bbox 2179 4240 3760 4311">
    <p class='ocr_par' dir='ltr' id='par_1_88' title="bbox 2179 4240 3760 4311">
     <span class='ocr_line' id='line_1_88' title="bbox 2179 4240 3760 4311; baseline -0.002 -12"><span class='ocrx_word' id='word_1_685' title='bbox 2179 4245 2322 4309; x_wconf 85' lang='lat' dir='ltr'><strong>brat,</strong></span> <span class='ocrx_word' id='word_1_686' title='bbox 2358 4259 2480 4298; x_wconf 91' lang='lat' dir='ltr'><strong>cum</strong></span> <span class='ocrx_word' id='word_1_687' title='bbox 2513 4258 2634 4297; x_wconf 89' lang='lat' dir='ltr'><strong>eum</strong></span> <span class='ocrx_word' id='word_1_688' title='bbox 2667 4258 2696 4295; x_wconf 91' lang='lat' dir='ltr'><strong>a</strong></span> <span class='ocrx_word' id='word_1_689' title='bbox 2726 4242 2866 4296; x_wconf 89' lang='lat' dir='ltr'><strong>lacte</strong></span> <span class='ocrx_word' id='word_1_690' title='bbox 2914 4241 3165 4311; x_wconf 88' lang='lat' dir='ltr'><strong>depellit,</strong></span> <span class='ocrx_word' id='word_1_691' title='bbox 3199 4250 3254 4296; x_wconf 91' lang='lat' dir='ltr'><strong>et</strong></span> <span class='ocrx_word' id='word_1_692' title='bbox 3287 4243 3353 4295; x_wconf 91' lang='lat' dir='ltr'><strong>ad</strong></span> <span class='ocrx_word' id='word_1_693' title='bbox 3380 4244 3535 4296; x_wconf 88' lang='lat' dir='ltr'><strong>cibos</strong></span> <span class='ocrx_word' id='word_1_694' title='bbox 3585 4240 3760 4296; x_wconf 79' lang='lat' dir='ltr'><strong>fortes</strong></span> 
     </span>
    </p>
   </div>
   <div class='ocr_carea' id='block_1_89' title="bbox 2180 4331 3755 4403">
    <p class='ocr_par' dir='ltr' id='par_1_89' title="bbox 2180 4331 3755 4403">
     <span class='ocr_line' id='line_1_89' title="bbox 2180 4331 3755 4403; baseline -0.002 -13"><span class='ocrx_word' id='word_1_695' title='bbox 2180 4346 2236 4391; x_wconf 92' lang='lat' dir='ltr'><strong>et</strong></span> <span class='ocrx_word' id='word_1_696' title='bbox 2259 4335 2459 4389; x_wconf 90' lang='lat' dir='ltr'><strong>solidos</strong></span> <span class='ocrx_word' id='word_1_697' title='bbox 2480 4334 2735 4403; x_wconf 89' lang='lat' dir='ltr'><strong>applicat,</strong></span> <span class='ocrx_word' id='word_1_698' title='bbox 2750 4333 2902 4402; x_wconf 84' lang='lat' dir='ltr'><strong>quasi</strong></span> <span class='ocrx_word' id='word_1_699' title='bbox 2927 4333 2969 4386; x_wconf 92' lang='lat' dir='ltr'><strong>si</strong></span> <span class='ocrx_word' id='word_1_700' title='bbox 2994 4347 3087 4401; x_wconf 88' lang='lat' dir='ltr'><strong>per</strong></span> <span class='ocrx_word' id='word_1_701' title='bbox 3115 4332 3229 4385; x_wconf 64' lang='lat' dir='ltr'><strong>hec</strong></span> <span class='ocrx_word' id='word_1_702' title='bbox 3256 4331 3464 4387; x_wconf 87' lang='lat' dir='ltr'><strong>diceret</strong></span> <span class='ocrx_word' id='word_1_703' title='bbox 3490 4332 3645 4387; x_wconf 83' lang='lat' dir='ltr'><strong>Isaac</strong></span> <span class='ocrx_word' id='word_1_704' title='bbox 3671 4332 3755 4387; x_wconf 71' lang='grc' dir='ltr'><strong>ηε</strong></span> 
     </span>
    </p>
   </div>
   <div class='ocr_carea' id='block_1_90' title="bbox 2186 4428 3756 4499">
    <p class='ocr_par' dir='ltr' id='par_1_90' title="bbox 2186 4428 3756 4499">
     <span class='ocr_line' id='line_1_90' title="bbox 2186 4428 3756 4499; baseline -0.001 -14"><span class='ocrx_word' id='word_1_705' title='bbox 2186 4449 2205 4485; x_wconf 77' lang='grc' dir='ltr'><strong>ι</strong></span> <span class='ocrx_word' id='word_1_706' title='bbox 2242 4432 2376 4487; x_wconf 89' lang='lat' dir='ltr'><strong>Cum</strong></span> <span class='ocrx_word' id='word_1_707' title='bbox 2410 4430 2588 4485; x_wconf 89' lang='lat' dir='ltr'><strong>factus</strong></span> <span class='ocrx_word' id='word_1_708' title='bbox 2625 4445 2742 4484; x_wconf 88' lang='lat' dir='ltr'><strong>sum</strong></span> <span class='ocrx_word' id='word_1_709' title='bbox 2769 4430 2872 4492; x_wconf 92' lang='lat' dir='ltr'><strong>vir,</strong></span> <span class='ocrx_word' id='word_1_710' title='bbox 2906 4428 3129 4497; x_wconf 88' lang='lat' dir='ltr'><strong>deposui</strong></span> <span class='ocrx_word' id='word_1_711' title='bbox 3149 4443 3269 4497; x_wconf 74' lang='lat' dir='ltr'><strong>qua:</strong></span> <span class='ocrx_word' id='word_1_712' title='bbox 3291 4428 3698 4499; x_wconf 79' lang='lat' dir='ltr'><strong>erantparvuli.</strong></span> <span class='ocrx_word' id='word_1_713' title='bbox 3734 4448 3756 4483; x_wconf 69' lang='grc' dir='ltr'><strong>ι</strong></span> 
     </span>
    </p>
   </div>
   <div class='ocr_carea' id='block_1_91' title="bbox 497 4489 3764 4594">
    <p class='ocr_par' dir='ltr' id='par_1_91' title="bbox 497 4489 3764 4594">
     <span class='ocr_line' id='line_1_91' title="bbox 497 4489 3764 4594; baseline 0 -20"><span class='ocrx_word' id='word_1_714' title='bbox 497 4523 590 4592; x_wconf 93' lang='lat' dir='ltr'><strong>qui</strong></span> <span class='ocrx_word' id='word_1_715' title='bbox 646 4524 699 4576; x_wconf 93' lang='lat' dir='ltr'><strong>in</strong></span> <span class='ocrx_word' id='word_1_716' title='bbox 755 4489 1163 4577; x_wconf 53' lang='lat' dir='ltr'><strong>sacerdotalem.</strong></span> <span class='ocrx_word' id='word_1_717' title='bbox 1199 4489 1444 4579; x_wconf 71' lang='lat' dir='ltr'><strong>ordinem</strong></span> <span class='ocrx_word' id='word_1_718' title='bbox 1500 4540 1560 4581; x_wconf 84' lang='lat' dir='ltr'><strong>se</strong></span> <span class='ocrx_word' id='word_1_719' title='bbox 1613 4489 1863 4581; x_wconf 47' lang='lat' dir='ltr'><strong>ascitum.</strong></span> <span class='ocrx_word' id='word_1_720' title='bbox 1886 4526 2068 4590; x_wconf 88' lang='lat' dir='ltr'><strong>videt,</strong></span> <span class='ocrx_word' id='word_1_721' title='bbox 2107 4489 2155 4549; x_wconf 66' lang='grc' dir='ltr'><strong>Ι)</strong></span> <span class='ocrx_word' id='word_1_722' title='bbox 2182 4524 2408 4594; x_wconf 87' lang='lat' dir='ltr'><strong>Oportet</strong></span> <span class='ocrx_word' id='word_1_723' title='bbox 2454 4537 2586 4591; x_wconf 86' lang='lat' dir='ltr'><strong>ergo</strong></span> <span class='ocrx_word' id='word_1_724' title='bbox 2624 4521 2780 4575; x_wconf 89' lang='lat' dir='ltr'><strong>talem</strong></span> <span class='ocrx_word' id='word_1_725' title='bbox 2817 4535 2939 4575; x_wconf 87' lang='lat' dir='ltr'><strong>esse</strong></span> <span class='ocrx_word' id='word_1_726' title='bbox 2978 4521 3123 4574; x_wconf 89' lang='lat' dir='ltr'><strong>hunc</strong></span> <span class='ocrx_word' id='word_1_727' title='bbox 3163 4521 3255 4587; x_wconf 91' lang='lat' dir='ltr'><strong>qui</strong></span> <span class='ocrx_word' id='word_1_728' title='bbox 3294 4520 3522 4575; x_wconf 81' lang='lat' dir='ltr'><strong>oll&#39;ertur</strong></span> <span class='ocrx_word' id='word_1_729' title='bbox 3563 4522 3670 4575; x_wconf 86' lang='lat' dir='ltr'><strong>Deo</strong></span> <span class='ocrx_word' id='word_1_730' title='bbox 3700 4529 3764 4574; x_wconf 92' lang='lat' dir='ltr'><strong>ut</strong></span> 
     </span>
    </p>
   </div>
   <div class='ocr_carea' id='block_1_92' title="bbox 499 4614 2077 4686">
    <p class='ocr_par' dir='ltr' id='par_1_92' title="bbox 499 4614 2077 4686">
     <span class='ocr_line' id='line_1_92' title="bbox 499 4614 2077 4686; baseline 0.002 -19"><span class='ocrx_word' id='word_1_731' title='bbox 499 4614 761 4680; x_wconf 78' lang='lat' dir='ltr'><strong>satisagat</strong></span> <span class='ocrx_word' id='word_1_732' title='bbox 785 4616 1077 4669; x_wconf 91' lang='lat' dir='ltr'><strong>eruditioni</strong></span> <span class='ocrx_word' id='word_1_733' title='bbox 1106 4624 1159 4670; x_wconf 90' lang='lat' dir='ltr'><strong>et</strong></span> <span class='ocrx_word' id='word_1_734' title='bbox 1185 4617 1550 4671; x_wconf 80' lang='lat' dir='ltr'><strong>emendationi</strong></span> <span class='ocrx_word' id='word_1_735' title='bbox 1583 4632 1807 4686; x_wconf 88' lang='lat' dir='ltr'><strong>operam</strong></span> <span class='ocrx_word' id='word_1_736' title='bbox 1836 4618 1988 4679; x_wconf 85' lang='lat' dir='ltr'><strong>dare,</strong></span> <span class='ocrx_word' id='word_1_737' title='bbox 2021 4627 2077 4670; x_wconf 90' lang='lat' dir='ltr'><strong>ct</strong></span> 
     </span>
    </p>
   </div>
   <div class='ocr_carea' id='block_1_93' title="bbox 503 4704 2077 4773">
    <p class='ocr_par' dir='ltr' id='par_1_93' title="bbox 503 4704 2077 4773">
     <span class='ocr_line' id='line_1_93' title="bbox 503 4704 2077 4773; baseline 0.003 -14"><span class='ocrx_word' id='word_1_738' title='bbox 503 4707 724 4762; x_wconf 83' lang='lat' dir='ltr'><strong>festinet</strong></span> <span class='ocrx_word' id='word_1_739' title='bbox 760 4704 897 4760; x_wconf 74' lang='lat' dir='ltr'><strong>eﬂici</strong></span> <span class='ocrx_word' id='word_1_740' title='bbox 945 4707 1010 4760; x_wconf 90' lang='lat' dir='ltr'><strong>de</strong></span> <span class='ocrx_word' id='word_1_741' title='bbox 1054 4708 1147 4761; x_wconf 92' lang='lat' dir='ltr'><strong>illo</strong></span> <span class='ocrx_word' id='word_1_742' title='bbox 1194 4722 1422 4762; x_wconf 84' lang='lat' dir='ltr'><strong>numero</strong></span> <span class='ocrx_word' id='word_1_743' title='bbox 1460 4709 1771 4773; x_wconf 86' lang='lat' dir='ltr'><strong>beatorum,</strong></span> <span class='ocrx_word' id='word_1_744' title='bbox 1826 4722 1894 4762; x_wconf 91' lang='lat' dir='ltr'><strong>ne</strong></span> <span class='ocrx_word' id='word_1_745' title='bbox 1937 4706 2077 4763; x_wconf 90' lang='lat' dir='ltr'><strong>forte</strong></span> 
     </span>
    </p>
   </div>
   <div class='ocr_carea' id='block_1_94' title="bbox 501 4793 2077 4869">
    <p class='ocr_par' dir='ltr' id='par_1_94' title="bbox 501 4793 2077 4869">
     <span class='ocr_line' id='line_1_94' title="bbox 501 4793 2077 4869; baseline 0.002 -19"><span class='ocrx_word' id='word_1_746' title='bbox 501 4793 811 4850; x_wconf 83' lang='lat' dir='ltr'><strong>inveniatur</strong></span> <span class='ocrx_word' id='word_1_747' title='bbox 835 4812 898 4851; x_wconf 87' lang='lat' dir='ltr'><strong>ex</strong></span> <span class='ocrx_word' id='word_1_748' title='bbox 930 4796 1047 4851; x_wconf 89' lang='lat' dir='ltr'><strong>istis</strong></span> <span class='ocrx_word' id='word_1_749' title='bbox 1073 4798 1449 4854; x_wconf 86' lang='lat' dir='ltr'><strong>sacerdotibus</strong></span> <span class='ocrx_word' id='word_1_750' title='bbox 1478 4800 1568 4866; x_wconf 90' lang='lat' dir='ltr'><strong>qui</strong></span> <span class='ocrx_word' id='word_1_751' title='bbox 1606 4807 1662 4853; x_wconf 88' lang='lat' dir='ltr'><strong>et</strong></span> <span class='ocrx_word' id='word_1_752' title='bbox 1711 4800 2077 4869; x_wconf 87' lang='lat' dir='ltr'><strong>reprobantur</strong></span> 
     </span>
    </p>
   </div>
   <div class='ocr_carea' id='block_1_95' title="bbox 499 4886 1115 4957">
    <p class='ocr_par' dir='ltr' id='par_1_95' title="bbox 499 4886 1115 4957">
     <span class='ocr_line' id='line_1_95' title="bbox 499 4886 1115 4957; baseline 0 -15"><span class='ocrx_word' id='word_1_753' title='bbox 499 4897 553 4942; x_wconf 87' lang='lat' dir='ltr'><strong>et</strong></span> <span class='ocrx_word' id='word_1_754' title='bbox 589 4888 890 4957; x_wconf 88' lang='lat' dir='ltr'><strong>pttniuntur</strong></span> <span class='ocrx_word' id='word_1_755' title='bbox 921 4903 950 4942; x_wconf 88' lang='lat' dir='ltr'><strong>a</strong></span> <span class='ocrx_word' id='word_1_756' title='bbox 983 4886 1115 4943; x_wconf 88' lang='lat' dir='ltr'><strong>Deo.</strong></span> 
     </span>
    </p>
   </div>
   <div class='ocr_carea' id='block_1_96' title="bbox 569 4978 2071 5053">
    <p class='ocr_par' dir='ltr' id='par_1_96' title="bbox 569 4978 2071 5053">
     <span class='ocr_line' id='line_1_96' title="bbox 569 4978 2071 5053; baseline 0.002 -20"><span class='ocrx_word' id='word_1_757' title='bbox 569 4978 622 5033; x_wconf 88' lang='lat'><strong>8.</strong></span> <span class='ocrx_word' id='word_1_758' title='bbox 650 4978 754 5032; x_wconf 87' lang='lat' dir='ltr'><strong>Sed</strong></span> <span class='ocrx_word' id='word_1_759' title='bbox 779 4988 987 5048; x_wconf 89' lang='lat' dir='ltr'><strong>tempus</strong></span> <span class='ocrx_word' id='word_1_760' title='bbox 1018 4987 1101 5033; x_wconf 85' lang='lat' dir='ltr'><strong>est</strong></span> <span class='ocrx_word' id='word_1_761' title='bbox 1123 4978 1232 5049; x_wconf 87' lang='lat' dir='ltr'><strong>jam</strong></span> <span class='ocrx_word' id='word_1_762' title='bbox 1263 4988 1317 5034; x_wconf 90' lang='lat' dir='ltr'><strong>et</strong></span> <span class='ocrx_word' id='word_1_763' title='bbox 1348 4981 1414 5034; x_wconf 88' lang='lat' dir='ltr'><strong>de</strong></span> <span class='ocrx_word' id='word_1_764' title='bbox 1433 4980 1686 5036; x_wconf 87' lang='lat' dir='ltr'><strong>oratione</strong></span> <span class='ocrx_word' id='word_1_765' title='bbox 1702 4983 2071 5053; x_wconf 75' lang='lat' dir='ltr'><strong>Annac,quam</strong></span> 
     </span>
    </p>
   </div>
   <div class='ocr_carea' id='block_1_97' title="bbox 497 5069 2076 5145">
    <p class='ocr_par' dir='ltr' id='par_1_97' title="bbox 497 5069 2076 5145">
     <span class='ocr_line' id='line_1_97' title="bbox 497 5069 2076 5145; baseline 0.005 -21"><span class='ocrx_word' id='word_1_766' title='bbox 497 5069 741 5143; x_wconf 88' lang='lat' dir='ltr'><strong>profttdit</strong></span> <span class='ocrx_word' id='word_1_767' title='bbox 777 5070 1012 5127; x_wconf 77' lang='lat' dir='ltr'><strong>offerens</strong></span> <span class='ocrx_word' id='word_1_768' title='bbox 1056 5071 1165 5127; x_wconf 88' lang='lat' dir='ltr'><strong>Deo</strong></span> <span class='ocrx_word' id='word_1_769' title='bbox 1197 5072 1529 5139; x_wconf 87' lang='lat' dir='ltr'><strong>Samuelem,</strong></span> <span class='ocrx_word' id='word_1_770' title='bbox 1554 5089 1714 5145; x_wconf 86' lang='lat' dir='ltr'><strong>quem</strong></span> <span class='ocrx_word' id='word_1_771' title='bbox 1749 5091 1780 5130; x_wconf 88' lang='lat' dir='ltr'><strong>a</strong></span> <span class='ocrx_word' id='word_1_772' title='bbox 1812 5077 1955 5131; x_wconf 88' lang='lat' dir='ltr'><strong>lacte</strong></span> <span class='ocrx_word' id='word_1_773' title='bbox 1980 5077 2076 5131; x_wconf 89' lang='lat' dir='ltr'><strong>de-</strong></span> 
     </span>
    </p>
   </div>
   <div class='ocr_carea' id='block_1_98' title="bbox 498 5161 2074 5236">
    <p class='ocr_par' dir='ltr' id='par_1_98' title="bbox 498 5161 2074 5236">
     <span class='ocr_line' id='line_1_98' title="bbox 498 5161 2074 5236; baseline 0.004 -21"><span class='ocrx_word' id='word_1_774' title='bbox 498 5164 740 5232; x_wconf 87' lang='lat' dir='ltr'><strong>pulerat,</strong></span> <span class='ocrx_word' id='word_1_775' title='bbox 780 5177 948 5231; x_wconf 89' lang='lat' dir='ltr'><strong>pauca</strong></span> <span class='ocrx_word' id='word_1_776' title='bbox 999 5176 1321 5217; x_wconf 87' lang='lat' dir='ltr'><strong>memorare.</strong></span> <span class='ocrx_word' id='word_1_777' title='bbox 1370 5161 1427 5217; x_wconf 91' lang='lat' dir='ltr'><strong>In</strong></span> <span class='ocrx_word' id='word_1_778' title='bbox 1465 5180 1572 5234; x_wconf 86' lang='lat' dir='ltr'><strong>qua</strong></span> <span class='ocrx_word' id='word_1_779' title='bbox 1627 5165 1804 5236; x_wconf 89' lang='lat' dir='ltr'><strong>primo</strong></span> <span class='ocrx_word' id='word_1_780' title='bbox 1855 5168 2074 5236; x_wconf 88' lang='lat' dir='ltr'><strong>quidem</strong></span> 
     </span>
    </p>
   </div>
   <div class='ocr_carea' id='block_1_99' title="bbox 605 5276 1617 5347">
    <p class='ocr_par' dir='ltr' id='par_1_99' title="bbox 605 5276 1617 5347">
     <span class='ocr_line' id='line_1_99' title="bbox 605 5276 1617 5347; baseline 0.003 -15"><span class='ocrx_word' id='word_1_781' title='bbox 605 5279 652 5309; x_wconf 64' lang='grc' dir='ltr'><strong>θ’</strong></span> <span class='ocrx_word' id='word_1_782' title='bbox 688 5276 854 5334; x_wconf 79' lang='lat' dir='ltr'><strong>Hebr.</strong></span> <span class='ocrx_word' id='word_1_783' title='bbox 900 5292 998 5343; x_wconf 71' lang='lat' dir='ltr'><strong>su,</strong></span> <span class='ocrx_word' id='word_1_784' title='bbox 1026 5277 1077 5334; x_wconf 89' lang='lat'><strong>8.</strong></span> <span class='ocrx_word' id='word_1_785' title='bbox 1155 5280 1201 5310; x_wconf 77' lang='grc'>⁸³</span> <span class='ocrx_word' id='word_1_786' title='bbox 1237 5280 1251 5332; x_wconf 98' lang='lat' dir='ltr'><strong>l</strong></span> <span class='ocrx_word' id='word_1_787' title='bbox 1288 5281 1415 5336; x_wconf 87' lang='lat' dir='ltr'><strong>Cor.</strong></span> <span class='ocrx_word' id='word_1_788' title='bbox 1450 5297 1532 5347; x_wconf 84' lang='lat' dir='ltr'><strong>nt,</strong></span> <span class='ocrx_word' id='word_1_789' title='bbox 1564 5280 1617 5335; x_wconf 70' lang='lat'><strong>2.</strong></span> 
     </span>
    </p>
   </div>
   <div class='ocr_carea' id='block_1_100' title="bbox 495 5348 1270 5417">
    <p class='ocr_par' dir='ltr' id='par_1_100' title="bbox 495 5348 1270 5417">
     <span class='ocr_line' id='line_1_100' title="bbox 495 5348 1270 5417; baseline -0.001 -13"><span class='ocrx_word' id='word_1_790' title='bbox 495 5365 573 5413; x_wconf 70' lang='lat' dir='ltr'><strong>XI,</strong></span> <span class='ocrx_word' id='word_1_791' title='bbox 603 5348 685 5403; x_wconf 89' lang='lat' dir='ltr'><strong>l8.</strong></span> <span class='ocrx_word' id='word_1_792' title='bbox 783 5348 869 5402; x_wconf 80' lang='grc'><strong>⁸³1</strong></span> <span class='ocrx_word' id='word_1_793' title='bbox 900 5349 1032 5417; x_wconf 79' lang='lat' dir='ltr'><strong>Reg.</strong></span> <span class='ocrx_word' id='word_1_794' title='bbox 1100 5365 1139 5410; x_wconf 92' lang='lat' dir='ltr'><strong>I,</strong></span> <span class='ocrx_word' id='word_1_795' title='bbox 1184 5349 1270 5403; x_wconf 80' lang='lat' dir='ltr'><strong>ll.</strong></span> 
     </span>
    </p>
   </div>
   <div class='ocr_carea' id='block_1_101' title="bbox 568 5472 2076 5558">
    <p class='ocr_par' dir='ltr' id='par_1_101' title="bbox 568 5472 2076 5558">
     <span class='ocr_line' id='line_1_101' title="bbox 568 5472 2076 5558; baseline -0.001 -15"><span class='ocrx_word' id='word_1_796' title='bbox 568 5489 644 5558; x_wconf 86' lang='grc' dir='ltr'><strong>(Ι)</strong></span> <span class='ocrx_word' id='word_1_797' title='bbox 676 5488 821 5552; x_wconf 83' lang='lat' dir='ltr'><strong>Heli,</strong></span> <span class='ocrx_word' id='word_1_798' title='bbox 849 5498 953 5542; x_wconf 89' lang='lat' dir='ltr'><strong>etc.</strong></span> <span class='ocrx_word' id='word_1_799' title='bbox 987 5484 1253 5543; x_wconf 79' lang='lat' dir='ltr'><strong>liebraice</strong></span> <span class='ocrx_word' id='word_1_800' title='bbox 1294 5488 1552 5542; x_wconf 85' lang='lat' dir='ltr'><strong>scribitur</strong></span> <span class='ocrx_word' id='word_1_801' title='bbox 1595 5472 1687 5551; x_wconf 52' lang='grc' dir='ltr'><strong>’ἣν</strong></span> <span class='ocrx_word' id='word_1_802' title='bbox 1724 5504 1735 5538; x_wconf 90' lang='lat'><strong>:</strong></span> <span class='ocrx_word' id='word_1_803' title='bbox 1771 5491 1910 5544; x_wconf 88' lang='lat' dir='ltr'><strong>unde</strong></span> <span class='ocrx_word' id='word_1_804' title='bbox 1939 5505 2076 5558; x_wconf 87' lang='lat' dir='ltr'><strong>quo-</strong></span> 
     </span>
    </p>
   </div>
   <div class='ocr_carea' id='block_1_102' title="bbox 497 5560 2075 5680">
    <p class='ocr_par' dir='ltr' id='par_1_102' title="bbox 497 5560 2075 5680">
     <span class='ocr_line' id='line_1_102' title="bbox 497 5560 2075 5678; baseline 0.003 -70"><span class='ocrx_word' id='word_1_805' title='bbox 497 5560 660 5678; x_wconf 52' lang='lat' dir='ltr'><strong>quo</strong></span> <span class='ocrx_word' id='word_1_806' title='bbox 688 5561 805 5613; x_wconf 88' lang='lat' dir='ltr'><strong>erui</strong></span> <span class='ocrx_word' id='word_1_807' title='bbox 840 5560 1014 5627; x_wconf 84' lang='lat' dir='ltr'><strong>possit</strong></span> <span class='ocrx_word' id='word_1_808' title='bbox 1063 5576 1080 5607; x_wconf 85' lang='grc' dir='ltr'><strong>ι</strong></span> <span class='ocrx_word' id='word_1_809' title='bbox 1105 5561 1267 5615; x_wconf 84' lang='lat' dir='ltr'><strong>arabs</strong></span> <span class='ocrx_word' id='word_1_810' title='bbox 1291 5578 1307 5610; x_wconf 78' lang='grc' dir='ltr'><strong>ι</strong></span> <span class='ocrx_word' id='word_1_811' title='bbox 1341 5560 1456 5613; x_wconf 86' lang='lat' dir='ltr'><strong>sive</strong></span> <span class='ocrx_word' id='word_1_812' title='bbox 1508 5578 1528 5609; x_wconf 77' lang='grc' dir='ltr'><strong>ι</strong></span> <span class='ocrx_word' id='word_1_813' title='bbox 1562 5561 1839 5614; x_wconf 73' lang='lat' dir='ltr'><strong>extrarius</strong></span> <span class='ocrx_word' id='word_1_814' title='bbox 1868 5600 1882 5626; x_wconf 92' lang='lat'><strong>,</strong></span> <span class='ocrx_word' id='word_1_815' title='bbox 1920 5577 1941 5611; x_wconf 68' lang='grc' dir='ltr'><strong>ο</strong></span> <span class='ocrx_word' id='word_1_816' title='bbox 1970 5576 2075 5614; x_wconf 91' lang='lat' dir='ltr'><strong>non</strong></span> 
     </span>
     <span class='ocr_line' id='line_1_103' title="bbox 502 5640 675 5680; baseline 0.006 -2"><span class='ocrx_word' id='word_1_817' title='bbox 502 5640 570 5679; x_wconf 72' lang='lat' dir='ltr'><strong>vn</strong></span> <span class='ocrx_word' id='word_1_818' title='bbox 593 5642 675 5680; x_wconf 90' lang='lat' dir='ltr'><strong>eo.</strong></span> 
     </span>
    </p>
   </div>
   <div class='ocr_carea' id='block_1_103' title="bbox 574 5686 2077 5765">
    <p class='ocr_par' dir='ltr' id='par_1_103' title="bbox 574 5686 2077 5765">
     <span class='ocr_line' id='line_1_104' title="bbox 574 5686 2077 5765; baseline 0.003 -20"><span class='ocrx_word' id='word_1_819' title='bbox 574 5686 649 5765; x_wconf 60' lang='grc' dir='ltr'><strong>(Ξ)</strong></span> <span class='ocrx_word' id='word_1_820' title='bbox 689 5694 1076 5765; x_wconf 78' lang='lat' dir='ltr'><strong>Interpretatur</strong></span> <span class='ocrx_word' id='word_1_821' title='bbox 1116 5708 1289 5752; x_wconf 87' lang='lat' dir='ltr'><strong>autem</strong></span> <span class='ocrx_word' id='word_1_822' title='bbox 1338 5697 1508 5764; x_wconf 48' lang='lat' dir='ltr'><strong>Opimi</strong></span> <span class='ocrx_word' id='word_1_823' title='bbox 1565 5715 1805 5752; x_wconf 76' lang='lat' dir='ltr'><strong>excessus</strong></span> <span class='ocrx_word' id='word_1_824' title='bbox 1862 5714 2077 5751; x_wconf 68' lang='lat' dir='ltr'><strong>coniver-</strong></span> 
     </span>
    </p>
   </div>
   <div class='ocr_carea' id='block_1_104' title="bbox 510 5766 2076 5835">
    <p class='ocr_par' dir='ltr' id='par_1_104' title="bbox 510 5766 2076 5835">
     <span class='ocr_line' id='line_1_105' title="bbox 510 5766 2076 5835; baseline 0.007 -18"><span class='ocrx_word' id='word_1_825' title='bbox 510 5768 690 5822; x_wconf 78' lang='lat' dir='ltr'><strong>siunis.</strong></span> <span class='ocrx_word' id='word_1_826' title='bbox 716 5766 875 5822; x_wconf 78' lang='lat' dir='ltr'><strong>Forte</strong></span> <span class='ocrx_word' id='word_1_827' title='bbox 893 5768 958 5819; x_wconf 90' lang='lat' dir='ltr'><strong>ab</strong></span> <span class='ocrx_word' id='word_1_828' title='bbox 977 5775 1083 5829; x_wconf 75' lang='grc' dir='ltr'>ειη-ι</span> <span class='ocrx_word' id='word_1_829' title='bbox 1114 5787 1130 5818; x_wconf 82' lang='grc' dir='ltr'><strong>ι</strong></span> <span class='ocrx_word' id='word_1_830' title='bbox 1156 5769 1325 5834; x_wconf 87' lang='lat' dir='ltr'><strong>calor,</strong></span> <span class='ocrx_word' id='word_1_831' title='bbox 1344 5778 1531 5833; x_wconf 65' lang='lat' dir='ltr'><strong>aestus,</strong></span> <span class='ocrx_word' id='word_1_832' title='bbox 1551 5783 1825 5835; x_wconf 74' lang='lat' dir='ltr'><strong>excessus,</strong></span> <span class='ocrx_word' id='word_1_833' title='bbox 1855 5787 1872 5819; x_wconf 78' lang='grc' dir='ltr'><strong>ι</strong></span> <span class='ocrx_word' id='word_1_834' title='bbox 1895 5779 1947 5822; x_wconf 92' lang='lat' dir='ltr'><strong>ct</strong></span> <span class='ocrx_word' id='word_1_835' title='bbox 1974 5777 2076 5828; x_wconf 71' lang='lat' dir='ltr'><strong>ron</strong></span> 
     </span>
    </p>
   </div>
   <div class='ocr_carea' id='block_1_105' title="bbox 1697 5282 2359 5351">
    <p class='ocr_par' dir='ltr' id='par_1_105' title="bbox 1697 5282 2359 5351">
     <span class='ocr_line' id='line_1_106' title="bbox 1697 5282 2359 5351; baseline -0.003 -14"><span class='ocrx_word' id='word_1_836' title='bbox 1697 5283 1740 5313; x_wconf 82' lang='lat'><strong><em>&quot;‘</em></strong></span> <span class='ocrx_word' id='word_1_837' title='bbox 1783 5282 1918 5338; x_wconf 88' lang='lat' dir='ltr'><strong>Heb.</strong></span> <span class='ocrx_word' id='word_1_838' title='bbox 1951 5284 2120 5351; x_wconf 72' lang='lat' dir='ltr'><strong>v,12,</strong></span> <span class='ocrx_word' id='word_1_839' title='bbox 2151 5284 2239 5348; x_wconf 77' lang='lat' dir='ltr'><strong>l5,</strong></span> <span class='ocrx_word' id='word_1_840' title='bbox 2274 5282 2359 5336; x_wconf 69' lang='grc'><strong>14.</strong></span> 
     </span>
    </p>
   </div>
   <div class='ocr_carea' id='block_1_106' title="bbox 2184 4611 3761 4681">
    <p class='ocr_par' dir='ltr' id='par_1_106' title="bbox 2184 4611 3761 4681">
     <span class='ocr_line' id='line_1_107' title="bbox 2184 4611 3761 4681; baseline -0.006 -9"><span class='ocrx_word' id='word_1_841' title='bbox 2184 4618 2394 4673; x_wconf 88' lang='lat' dir='ltr'><strong>habitet</strong></span> <span class='ocrx_word' id='word_1_842' title='bbox 2425 4618 2478 4670; x_wconf 87' lang='lat' dir='ltr'><strong>in</strong></span> <span class='ocrx_word' id='word_1_843' title='bbox 2503 4614 2733 4677; x_wconf 88' lang='lat' dir='ltr'><strong>sanctis,</strong></span> <span class='ocrx_word' id='word_1_844' title='bbox 2759 4612 2851 4681; x_wconf 91' lang='lat' dir='ltr'><strong>qui</strong></span> <span class='ocrx_word' id='word_1_845' title='bbox 2880 4614 3048 4680; x_wconf 89' lang='lat' dir='ltr'><strong>possit</strong></span> <span class='ocrx_word' id='word_1_846' title='bbox 3074 4611 3217 4665; x_wconf 89' lang='lat' dir='ltr'><strong>vesci</strong></span> <span class='ocrx_word' id='word_1_847' title='bbox 3246 4614 3502 4667; x_wconf 90' lang='lat' dir='ltr'><strong>carnibus</strong></span> <span class='ocrx_word' id='word_1_848' title='bbox 3530 4612 3761 4676; x_wconf 84' lang='lat' dir='ltr'><strong>sanctis,</strong></span> 
     </span>
    </p>
   </div>
   <div class='ocr_carea' id='block_1_107' title="bbox 2182 4701 3762 4776">
    <p class='ocr_par' dir='ltr' id='par_1_107' title="bbox 2182 4701 3762 4776">
     <span class='ocr_line' id='line_1_108' title="bbox 2182 4701 3762 4776; baseline -0.006 -13"><span class='ocrx_word' id='word_1_849' title='bbox 2182 4709 2248 4763; x_wconf 86' lang='lat' dir='ltr'><strong>de</strong></span> <span class='ocrx_word' id='word_1_850' title='bbox 2272 4707 2471 4776; x_wconf 90' lang='lat' dir='ltr'><strong>quibus</strong></span> <span class='ocrx_word' id='word_1_851' title='bbox 2494 4706 2752 4774; x_wconf 89' lang='lat' dir='ltr'><strong>scriptum</strong></span> <span class='ocrx_word' id='word_1_852' title='bbox 2785 4713 2870 4757; x_wconf 89' lang='lat' dir='ltr'><strong>est</strong></span> <span class='ocrx_word' id='word_1_853' title='bbox 2896 4705 2939 4735; x_wconf 74' lang='grc'><strong>⁸⁷</strong></span> <span class='ocrx_word' id='word_1_854' title='bbox 2970 4720 2984 4759; x_wconf 88' lang='lat'><strong>:</strong></span> <span class='ocrx_word' id='word_1_855' title='bbox 3017 4721 3035 4753; x_wconf 83' lang='grc' dir='ltr'><strong>ι</strong></span> <span class='ocrx_word' id='word_1_856' title='bbox 3068 4701 3499 4758; x_wconf 89' lang='lat' dir='ltr'><strong>Sanctiﬁcamini</strong></span> <span class='ocrx_word' id='word_1_857' title='bbox 3529 4710 3762 4757; x_wconf 84' lang='lat' dir='ltr'><strong>uttuan-</strong></span> 
     </span>
    </p>
   </div>
   <div class='ocr_carea' id='block_1_108' title="bbox 2182 4799 2680 4855">
    <p class='ocr_par' dir='ltr' id='par_1_108' title="bbox 2182 4799 2680 4855">
     <span class='ocr_line' id='line_1_109' title="bbox 2182 4799 2680 4855; baseline -0.008 -2"><span class='ocrx_word' id='word_1_858' title='bbox 2182 4799 2392 4855; x_wconf 89' lang='lat' dir='ltr'><strong>ducetis</strong></span> <span class='ocrx_word' id='word_1_859' title='bbox 2421 4813 2637 4854; x_wconf 85' lang='lat' dir='ltr'><strong>carnes.</strong></span> <span class='ocrx_word' id='word_1_860' title='bbox 2662 4815 2680 4848; x_wconf 73' lang='grc' dir='ltr'><strong>ι</strong></span> 
     </span>
    </p>
   </div>
   <div class='ocr_carea' id='block_1_109' title="bbox 2252 4884 3763 4955">
    <p class='ocr_par' dir='ltr' id='par_1_109' title="bbox 2252 4884 3763 4955">
     <span class='ocr_line' id='line_1_110' title="bbox 2252 4884 3763 4955; baseline -0.005 -8"><span class='ocrx_word' id='word_1_861' title='bbox 2252 4891 2306 4947; x_wconf 84' lang='grc'><strong>9.</strong></span> <span class='ocrx_word' id='word_1_862' title='bbox 2343 4888 2449 4945; x_wconf 91' lang='lat' dir='ltr'><strong>Sed</strong></span> <span class='ocrx_word' id='word_1_863' title='bbox 2483 4889 2764 4943; x_wconf 86' lang='lat' dir='ltr'><strong>videamus</strong></span> <span class='ocrx_word' id='word_1_864' title='bbox 2805 4885 2950 4955; x_wconf 88' lang='lat' dir='ltr'><strong>quali</strong></span> <span class='ocrx_word' id='word_1_865' title='bbox 2998 4900 3120 4939; x_wconf 89' lang='lat' dir='ltr'><strong>eum</strong></span> <span class='ocrx_word' id='word_1_866' title='bbox 3166 4899 3327 4955; x_wconf 89' lang='lat' dir='ltr'><strong>prece</strong></span> <span class='ocrx_word' id='word_1_867' title='bbox 3369 4884 3522 4939; x_wconf 86' lang='lat' dir='ltr'><strong>Anna</strong></span> <span class='ocrx_word' id='word_1_868' title='bbox 3548 4924 3562 4949; x_wconf 92' lang='lat'><strong>,</strong></span> <span class='ocrx_word' id='word_1_869' title='bbox 3595 4884 3647 4939; x_wconf 90' lang='lat' dir='ltr'><strong>id</strong></span> <span class='ocrx_word' id='word_1_870' title='bbox 3675 4892 3763 4939; x_wconf 84' lang='lat' dir='ltr'><strong>est</strong></span> 
     </span>
    </p>
   </div>
   <div class='ocr_carea' id='block_1_110' title="bbox 2183 4978 3759 5054">
    <p class='ocr_par' dir='ltr' id='par_1_110' title="bbox 2183 4978 3759 5054">
     <span class='ocr_line' id='line_1_111' title="bbox 2183 4978 3759 5054; baseline -0.003 -18"><span class='ocrx_word' id='word_1_871' title='bbox 2183 4984 2355 5054; x_wconf 85' lang='lat' dir='ltr'><strong>gratia</strong></span> <span class='ocrx_word' id='word_1_872' title='bbox 2385 5022 2399 5047; x_wconf 91' lang='lat'><strong>,</strong></span> <span class='ocrx_word' id='word_1_873' title='bbox 2438 4990 2732 5037; x_wconf 88' lang='lat' dir='ltr'><strong>consecrat</strong></span> <span class='ocrx_word' id='word_1_874' title='bbox 2791 4980 2919 5034; x_wconf 81' lang='lat' dir='ltr'><strong>Deo.</strong></span> <span class='ocrx_word' id='word_1_875' title='bbox 2975 4979 3184 5032; x_wconf 83' lang='lat' dir='ltr'><strong>Novum</strong></span> <span class='ocrx_word' id='word_1_876' title='bbox 3224 4979 3424 5048; x_wconf 89' lang='lat' dir='ltr'><strong>quippe</strong></span> <span class='ocrx_word' id='word_1_877' title='bbox 3468 4978 3667 5046; x_wconf 86' lang='lat' dir='ltr'><strong>aliquid</strong></span> <span class='ocrx_word' id='word_1_878' title='bbox 3704 4978 3759 5031; x_wconf 89' lang='lat' dir='ltr'><strong>in</strong></span> 
     </span>
    </p>
   </div>
   <div class='ocr_carea' id='block_1_111' title="bbox 2183 5069 3761 5147">
    <p class='ocr_par' dir='ltr' id='par_1_111' title="bbox 2183 5069 3761 5147">
     <span class='ocr_line' id='line_1_112' title="bbox 2183 5069 3761 5147; baseline -0.006 -16"><span class='ocrx_word' id='word_1_879' title='bbox 2183 5075 2463 5147; x_wconf 85' lang='lat' dir='ltr'><strong>principiis</strong></span> <span class='ocrx_word' id='word_1_880' title='bbox 2511 5074 2643 5144; x_wconf 90' lang='lat' dir='ltr'><strong>ipsis</strong></span> <span class='ocrx_word' id='word_1_881' title='bbox 2693 5072 3131 5127; x_wconf 85' lang='lat' dir='ltr'><strong>observabimus.</strong></span> <span class='ocrx_word' id='word_1_882' title='bbox 3180 5072 3273 5124; x_wconf 84' lang='lat' dir='ltr'><strong>Ait</strong></span> <span class='ocrx_word' id='word_1_883' title='bbox 3323 5073 3468 5126; x_wconf 89' lang='lat' dir='ltr'><strong>cnitn</strong></span> <span class='ocrx_word' id='word_1_884' title='bbox 3508 5071 3594 5125; x_wconf 73' lang='grc' dir='ltr'><strong>’δε</strong></span> <span class='ocrx_word' id='word_1_885' title='bbox 3637 5090 3655 5121; x_wconf 90' lang='grc' dir='ltr'><strong>ι</strong></span> <span class='ocrx_word' id='word_1_886' title='bbox 3694 5069 3761 5122; x_wconf 87' lang='lat' dir='ltr'><strong>Et</strong></span> 
     </span>
    </p>
   </div>
   <div class='ocr_carea' id='block_1_112' title="bbox 2184 5162 3759 5233">
    <p class='ocr_par' dir='ltr' id='par_1_112' title="bbox 2184 5162 3759 5233">
     <span class='ocr_line' id='line_1_113' title="bbox 2184 5162 3759 5233; baseline -0.004 -10"><span class='ocrx_word' id='word_1_887' title='bbox 2184 5167 2365 5224; x_wconf 88' lang='lat' dir='ltr'><strong>oravit</strong></span> <span class='ocrx_word' id='word_1_888' title='bbox 2394 5168 2573 5229; x_wconf 85' lang='lat' dir='ltr'><strong>Anna,</strong></span> <span class='ocrx_word' id='word_1_889' title='bbox 2606 5173 2661 5219; x_wconf 90' lang='lat' dir='ltr'><strong>et</strong></span> <span class='ocrx_word' id='word_1_890' title='bbox 2692 5163 2852 5219; x_wconf 74' lang='lat' dir='ltr'><strong>dixit.</strong></span> <span class='ocrx_word' id='word_1_891' title='bbox 2885 5180 2903 5214; x_wconf 78' lang='grc' dir='ltr'><strong>ι</strong></span> <span class='ocrx_word' id='word_1_892' title='bbox 2943 5162 3008 5217; x_wconf 87' lang='grc' dir='ltr'>Ει</span> <span class='ocrx_word' id='word_1_893' title='bbox 3040 5178 3306 5233; x_wconf 90' lang='lat' dir='ltr'><strong>nusquam</strong></span> <span class='ocrx_word' id='word_1_894' title='bbox 3346 5177 3465 5218; x_wconf 89' lang='lat' dir='ltr'><strong>eam</strong></span> <span class='ocrx_word' id='word_1_895' title='bbox 3493 5162 3647 5232; x_wconf 88' lang='lat' dir='ltr'><strong>quasi</strong></span> <span class='ocrx_word' id='word_1_896' title='bbox 3688 5163 3759 5216; x_wconf 88' lang='lat' dir='ltr'><strong>ad</strong></span> 
     </span>
    </p>
   </div>
   <div class='ocr_carea' id='block_1_113' title="bbox 2457 5276 3754 5342">
    <p class='ocr_par' dir='ltr' id='par_1_113' title="bbox 2457 5276 3754 5342">
     <span class='ocr_line' id='line_1_114' title="bbox 2457 5276 3754 5342; baseline -0.008 -5"><span class='ocrx_word' id='word_1_897' title='bbox 2457 5282 2501 5311; x_wconf 81' lang='grc'><strong><em>⁸⁵</em></strong></span> <span class='ocrx_word' id='word_1_898' title='bbox 2533 5280 2673 5336; x_wconf 86' lang='lat' dir='ltr'><strong>Gen.</strong></span> <span class='ocrx_word' id='word_1_899' title='bbox 2714 5294 2829 5334; x_wconf 77' lang='lat' dir='ltr'><strong>xu.</strong></span> <span class='ocrx_word' id='word_1_900' title='bbox 2916 5277 3002 5331; x_wconf 78' lang='lat' dir='ltr'><strong>&quot;l</strong></span> <span class='ocrx_word' id='word_1_901' title='bbox 3046 5277 3171 5333; x_wconf 90' lang='lat' dir='ltr'><strong>Cor.</strong></span> <span class='ocrx_word' id='word_1_902' title='bbox 3207 5293 3327 5342; x_wconf 81' lang='lat' dir='ltr'><strong>xm,</strong></span> <span class='ocrx_word' id='word_1_903' title='bbox 3359 5276 3446 5332; x_wconf 80' lang='grc' dir='ltr'><strong>Η.</strong></span> <span class='ocrx_word' id='word_1_904' title='bbox 3521 5276 3565 5309; x_wconf 76' lang='grc'><strong>⁸⁷</strong></span> <span class='ocrx_word' id='word_1_905' title='bbox 3595 5276 3754 5328; x_wconf 80' lang='lat' dir='ltr'><strong>Num.</strong></span> 
     </span>
    </p>
   </div>
   <div class='ocr_carea' id='block_1_114' title="bbox 2190 5486 3727 5558">
    <p class='ocr_par' dir='ltr' id='par_1_114' title="bbox 2190 5486 3727 5558">
     <span class='ocr_line' id='line_1_115' title="bbox 2190 5486 3727 5558; baseline 0.012 -20"><span class='ocrx_word' id='word_1_906' title='bbox 2190 5508 2207 5538; x_wconf 81' lang='grc' dir='ltr'><strong>ι</strong></span> <span class='ocrx_word' id='word_1_907' title='bbox 2251 5488 2508 5558; x_wconf 82' lang='lat' dir='ltr'><strong>respexit,</strong></span> <span class='ocrx_word' id='word_1_908' title='bbox 2541 5486 2826 5558; x_wconf 82' lang='lat' dir='ltr'><strong>convertit.</strong></span> <span class='ocrx_word' id='word_1_909' title='bbox 2855 5504 2951 5558; x_wconf 71' lang='lat' dir='ltr'><strong>D___</strong></span> <span class='ocrx_word' id='word_1_910' title='bbox 3112 5552 3121 5558; x_wconf 95' lang='lat'>_</span> <span class='ocrx_word' id='word_1_911' title='bbox 3195 5548 3225 5558; x_wconf 61' lang='grc' dir='ltr'>η</span> <span class='ocrx_word' id='word_1_912' title='bbox 3503 5555 3512 5558; x_wconf 92' lang='lat'>_</span> <span class='ocrx_word' id='word_1_913' title='bbox 3716 5546 3727 5557; x_wconf 94' lang='lat'><strong>.</strong></span> 
     </span>
    </p>
   </div>
   <div class='ocr_carea' id='block_1_115' title="bbox 2257 5548 3756 5628">
    <p class='ocr_par' dir='ltr' id='par_1_115' title="bbox 2257 5548 3756 5628">
     <span class='ocr_line' id='line_1_116' title="bbox 2257 5548 3756 5628; baseline -0.01 -14"><span class='ocrx_word' id='word_1_914' title='bbox 2257 5548 2648 5628; x_wconf 43' lang='lat' dir='ltr'><strong>(3)&#39;Sign&#39;iﬁcat</strong></span> <span class='ocrx_word' id='word_1_915' title='bbox 2676 5557 2812 5628; x_wconf 81' lang='lat' dir='ltr'><strong>enim</strong></span> <span class='ocrx_word' id='word_1_916' title='bbox 2854 5551 3072 5628; x_wconf 70' lang='lat' dir='ltr'><strong>Phinees</strong></span> <span class='ocrx_word' id='word_1_917' title='bbox 3098 5552 3159 5628; x_wconf 75' lang='lat' dir='ltr'><strong>in</strong></span> <span class='ocrx_word' id='word_1_918' title='bbox 3188 5548 3372 5619; x_wconf 75' lang='lat' dir='ltr'><strong>lingua</strong></span> <span class='ocrx_word' id='word_1_919' title='bbox 3399 5555 3578 5628; x_wconf 68' lang='lat' dir='ltr'><strong>nostra</strong></span> <span class='ocrx_word' id='word_1_920' title='bbox 3611 5548 3756 5628; x_wconf 72' lang='lat' dir='ltr'><strong>&#39;_oris</strong></span> 
     </span>
    </p>
   </div>
   <div class='ocr_carea' id='block_1_116' title="bbox 2189 5618 3756 5692">
    <p class='ocr_par' dir='ltr' id='par_1_116' title="bbox 2189 5618 3756 5692">
     <span class='ocr_line' id='line_1_117' title="bbox 2189 5618 3756 5692; baseline -0.011 -7"><span class='ocrx_word' id='word_1_921' title='bbox 2189 5618 2475 5690; x_wconf 69' lang='lat' dir='ltr'><strong>obirtratio,</strong></span> <span class='ocrx_word' id='word_1_922' title='bbox 2506 5618 2581 5679; x_wconf 65' lang='lat' dir='ltr'><strong>cel</strong></span> <span class='ocrx_word' id='word_1_923' title='bbox 2608 5626 2691 5678; x_wconf 88' lang='lat' dir='ltr'><strong>ori</strong></span> <span class='ocrx_word' id='word_1_924' title='bbox 2717 5639 2955 5692; x_wconf 77' lang='lat' dir='ltr'><strong>parcens.</strong></span> <span class='ocrx_word' id='word_1_925' title='bbox 2986 5622 3028 5673; x_wconf 85' lang='lat' dir='ltr'><strong>A</strong></span> <span class='ocrx_word' id='word_1_926' title='bbox 3058 5627 3135 5681; x_wconf 69' lang='grc' dir='ltr'><strong>ΠΕ</strong></span> <span class='ocrx_word' id='word_1_927' title='bbox 3174 5636 3191 5670; x_wconf 80' lang='grc' dir='ltr'><strong>ι</strong></span> <span class='ocrx_word' id='word_1_928' title='bbox 3216 5618 3277 5675; x_wconf 82' lang='lat' dir='ltr'><strong>os</strong></span> <span class='ocrx_word' id='word_1_929' title='bbox 3300 5638 3318 5671; x_wconf 73' lang='grc' dir='ltr'><strong>ι</strong></span> <span class='ocrx_word' id='word_1_930' title='bbox 3347 5625 3534 5676; x_wconf 71' lang='lat' dir='ltr'><strong>etnon</strong></span> <span class='ocrx_word' id='word_1_931' title='bbox 3558 5634 3575 5669; x_wconf 83' lang='lat' dir='ltr'><strong>t</strong></span> <span class='ocrx_word' id='word_1_932' title='bbox 3598 5618 3756 5671; x_wconf 85' lang='lat' dir='ltr'><strong>obtu-</strong></span> 
     </span>
    </p>
   </div>
   <div class='ocr_carea' id='block_1_117' title="bbox 2184 5692 3531 5765">
    <p class='ocr_par' dir='ltr' id='par_1_117' title="bbox 2184 5692 3531 5765">
     <span class='ocr_line' id='line_1_118' title="bbox 2184 5692 3531 5765; baseline -0.013 -11"><span class='ocrx_word' id='word_1_933' title='bbox 2184 5702 2344 5765; x_wconf 86' lang='lat' dir='ltr'><strong>ravit,</strong></span> <span class='ocrx_word' id='word_1_934' title='bbox 2378 5720 2395 5751; x_wconf 70' lang='grc' dir='ltr'><strong>ι</strong></span> <span class='ocrx_word' id='word_1_935' title='bbox 2430 5697 2510 5754; x_wconf 89' lang='lat' dir='ltr'><strong>vcl</strong></span> <span class='ocrx_word' id='word_1_936' title='bbox 2536 5706 2639 5757; x_wconf 77' lang='lat' dir='ltr'><strong>mn</strong></span> <span class='ocrx_word' id='word_1_937' title='bbox 2672 5692 2970 5764; x_wconf 84' lang='lat' dir='ltr'><strong>tpepercit.</strong></span> <span class='ocrx_word' id='word_1_938' title='bbox 2994 5709 3012 5742; x_wconf 73' lang='grc' dir='ltr'><strong>ι</strong></span> <span class='ocrx_word' id='word_1_939' title='bbox 3492 5694 3531 5725; x_wconf 75' lang='grc' dir='ltr'><strong><em>ο</em></strong></span> 
     </span>
    </p>
   </div>
  </div>
