4124 6384
339 416 473 471 1005

1462 422 1528 475 ΙΝ
1568 417 1824 474 LIBRUM
1863 414 2098 471 REGUM
2139 411 2423 467 HOMILIA
2462 411 2501 465 ῐ.

3438 406 3577 461 1Οοιῖ

334 533 501 586 Deum
538 540 783 587 orantem
823 533 1063 598 invenio,
1100 532 1187 587 vel
1242 531 1551 600 loquentem
1576 569 1592 592 ,
1644 530 1745 583 nisi
1807 543 1900 597 per
1930 530 1974 585 Α
2005 524 2228 577 sterium
2284 522 2580 574 docebatur
2610 559 2621 582 ,
2657 532 2801 581 cum,
2836 516 3015 587 Moyse
3066 516 3308 572 elcvaute
3338 532 3530 572 manus
3558 556 3577 584 ,

333 624 440 677 duo
477 632 685 677 tantum
730 624 893 678 verba
918 664 933 685 ,
983 625 1072 678 ubi
1116 626 1247 679 dicit
1275 626 1357 675 99:
1400 642 1415 673 ι
1458 623 1657 675 Laetata
1697 636 1813 674 sum
1848 620 1898 671 in

332 713 556 767 salutari
583 724 692 777 tuo,
729 733 746 765 ι
775 723 829 768 et
855 714 1000 768 aliud
1040 733 1051 767 :
1086 734 1104 765 ι
1135 714 1271 780 Quia
1310 728 1413 766 non
1447 724 1530 765 est
1560 721 1754 782 printer
1788 720 1895 764 te.»

329 801 546 859 lnitium
576 812 756 857 autem
789 806 866 860 sic
915 806 1079 860 habet
1113 825 1125 860 :
1164 825 1183 857 ι
1220 805 1525 859 Exsultavit
1578 820 1671 857 cor
1720 818 1898 857 meum

333 894 386 949 in
418 896 659 949 Domino.
684 916 701 947 ι
728 896 844 950 Non
869 897 1028 958 dixit,
1060 896 1365 951 Exsultavit
1401 911 1495 950 cor
1531 902 1707 948 metim
1736 896 1788 947 in
1826 905 1896 948 te.

334 984 390 1040 Si
414 988 556 1040 enim
580 996 725 1042 esset
750 988 945 1049 oratio,
984 988 1052 1041 ita
1094 988 1198 1042 dici
1235 1002 1575 1055 consequens
1607 995 1766 1039 erat:
1805 986 1902 1039 Ex-

329 1078 549 1132 sultavit
574 1094 669 1135 cor
691 1093 868 1133 meum
902 1079 952 1133 in
985 1090 1053 1134 te.
1082 1080 1145 1134 Et
1170 1080 1364 1133 iterum
1388 1081 1441 1133 in
1466 1080 1712 1147 sequenti
1740 1092 1897 1131 versu

328 1167 447 1235 ejus
487 1170 621 1223 dicit
652 1190 663 1225 :
694 1190 712 1221 ι
749 1171 1060 1225 Exaltatum
1096 1180 1178 1225 est
1211 1187 1377 1226 cornu
1416 1185 1591 1224 meum
1627 1172 1677 1223 iu
1715 1170 1840 1223 Deo.
1876 1188 1894 1220 ι

330 1257 443 1312 Non
478 1260 612 1314 dixit
648 1280 659 1315 :
694 1261 996 1315 Exaltatum
1028 1273 1111 1316 est
1143 1278 1307 1317 cornu
1334 1276 1509 1315 memn
1541 1262 1591 1313 in
1621 1269 1688 1325 te,
1718 1261 1812 1314 sed
1847 1264 1897 1315 in

331 1348 462 1402 Deo.
503 1366 522 1399 ι
549 1348 841 1405 Dilatatum
876 1362 956 1405 est
984 1368 1044 1406 os
1083 1368 1258 1407 meum
1287 1367 1450 1420 super
1479 1351 1746 1414 inimicos,
1774 1351 1900 1420 quia

328 1436 507 1494 lanata
546 1454 663 1493 sum
696 1442 747 1495 in
778 1443 1000 1497 salutari
1034 1452 1145 1498 tuo.
1181 1461 1199 1493 ι
1234 1442 1418 1507 Unus,
1463 1451 1521 1496 ut
1555 1442 1689 1504 dixi,
1718 1457 1900 1496 sermo

327 1530 629 1584 orationem
662 1512 943 1589 continet:
974 1552 991 1585 ι
1014 1534 1216 1588 Lzetata
1246 1550 1364 1588 sum
1398 1535 1448 1587 in
1482 1534 1707 1589 salutari
1739 1544 1848 1597 tuo,
1874 1553 1892 1587 ι

326 1628 385 1673 et
415 1619 465 1671 in
501 1624 967 1693 consequentibus
1000 1639 1104 1678 non
1134 1624 1267 1677 dicit
1294 1624 1422 1691 quia
1449 1639 1551 1675 non
1575 1634 1658 1677 est
1681 1635 1899 1678 sanctus

322 1708 427 1762 nisi
454 1718 529 1774 tu,
553 1708 667 1771 scd,
697 1726 714 1757 ι
752 1706 868 1761 Non
901 1715 983 1761 est
1011 1717 1230 1763 sanctus
1255 1716 1313 1762 ut
1342 1717 1424 1763 est
1456 1709 1735 1775 Dominus,
1770 1730 1788 1762 ι
1818 1721 1892 1779 et,

328 1816 348 1850 ι
384 1799 501 1853 Non
532 1808 615 1853 est
642 1808 838 1866 praeter
882 1809 953 1852 te.
995 1817 1013 1848 i
1045 1798 1144 1852 Hic
1177 1813 1357 1853 sermo
1383 1815 1495 1853 non
1534 1800 1745 1855 videtur
1777 1817 1892 1855 ser-

326 1900 483 1942 vasse
502 1891 764 1946 orationis
786 1894 1056 1949 ordinem.
1087 1894 1142 1947 lu
1181 1894 1490 1950 novissimis
1518 1907 1698 1949 autem
1726 1896 1897 1965 longa:

328 1979 748 2051 supplicationis
781 1985 983 2050 specie,
1012 1984 1177 2038 etiam
1212 1986 1610 2039 commutiones
1634 1986 1895 2055 quasdam

326 2071 655 2141 introducit,
707 2074 891 2128 dicens
924 2077 989 2129 ⁸ε
1042 2093 1061 2125 ι
1096 2074 1273 2131 Nolite
1324 2076 1683 2146 multiplicare
1750 2077 1894 2145 loqui

326 2162 501 2225 mala,
536 2177 714 2231 neque
742 2174 896 2220 exeat
938 2167 1375 2237 maliloquacitas
1431 2170 1497 2223 de
1541 2184 1637 2225 ore
1675 2179 1894 2237 vestro,

322 2253 450 2320 quia
487 2255 649 2309 fortis
685 2256 738 2309 in
780 2259 1003 2312 scientia
1041 2259 1323 2314 Dominus.
1349 2279 1367 2312 ι
1397 2260 1452 2314 1η
1484 2276 1590 2328 quo
1618 2275 1717 2316 nec
1745 2263 1896 2316 vide-

322 2341 546 2409 turjam
578 2348 643 2398 ad
681 2346 964 2403 Dominqu
1012 2349 1179 2419 loqui.
1213 2351 1353 2418 Quid
1389 2366 1520 2419 ergo
1552 2352 1797 2407 dicemus
1829 2354 1896 2408 de

324 2431 448 2487 his?
478 2433 589 2505 Ego
615 2451 741 2491 cum
777 2438 1017 2507 legerem
1056 2442 1355 2511 aliquando
1403 2443 1543 2512 apud
1575 2443 1893 2513 Apostolum

319 2524 462 2590 quod
492 2525 629 2579 dixit
651 2529 671 2558 ¹
704 2545 717 2581 :
754 2548 771 2580 ι
802 2529 934 2583 Sine
970 2531 1376 2586 intermissione
1407 2543 1592 2597 orate,
1631 2553 1650 2585 ι
1684 2549 1895 2604 quaere-

320 2608 445 2665 bam
475 2612 518 2668 si
553 2630 880 2688 praeceptum
912 2620 1016 2676 hoc
1040 2621 1297 2691 possibile
1326 2632 1469 2678 esset
1498 2624 1728 2694 impleri.
1763 2626 1895 2693 Quis

319 2716 463 2756 enim
497 2717 673 2774 potest
706 2726 979 2782 nunquam
1024 2714 1275 2771 desinere
1315 2719 1381 2773 ab
1414 2719 1694 2784 oratione,
1728 2720 1799 2773 ita
1835 2729 1895 2778 ut

322 2809 495 2866 neque
525 2799 703 2854 cibum
733 2841 746 2864 ,
795 2818 971 2873 neque
1005 2816 1189 2874 potum
1241 2809 1490 2866 sumendi
1543 2819 1753 2880 tempus
1798 2811 1896 2866 ha~

318 2883 485 2941 beat?
508 2890 707 2961 quippe
740 2909 862 2947 cum
898 2895 941 2949 si
979 2897 1092 2951 haec
1125 2897 1277 2965 ﬁant,
1310 2900 1717 2957 intermittenda
1747 2903 1893 2957 vide~

319 2984 406 3029 tur
457 2983 652 3034 oratio.
703 2982 807 3039 Sed
844 3001 945 3039 nec
983 2986 1286 3043 dormiendi
1344 3000 1438 3044 aut
1491 2992 1695 3062 aliquid
1747 2992 1892 3047 aliud

318 3065 539 3124 humani
574 3087 702 3126 usus
735 3076 929 3144 agendi
974 3079 1186 3131 veniam
1221 3082 1518 3135 secundum
1569 3082 1709 3136 istud
1754 3097 1894 3151 prae-

316 3168 534 3228 ceptum
566 3164 741 3218 oratio
772 3168 1134 3221 communiter
1183 3169 1455 3225 intellecta
1494 3171 1765 3226 concedit.
1802 3172 1890 3228 Vi-
1917 3199 1962 3258 ο

315 3250 540 3307 deanms
556 3269 685 3325 ergo
706 3272 772 3311 ne
794 3257 934 3312 forte
961 3274 1151 3315 omnes
1178 3271 1331 3316 actus
1358 3262 1476 3332 ejus
1507 3264 1601 3333 qui
1630 3264 1680 3317 in
1706 3264 1890 3321 divino

314 3354 567 3398 versatur
593 3343 789 3413 ollicio,
848 3358 903 3403 et
959 3352 1139 3404 omnia
1173 3362 1321 3423 gesta
1362 3356 1443 3409 vel
1480 3356 1621 3411 dicta
1654 3371 1774 3427 qua:
1805 3372 1895 3413 se-

314 3434 554 3488 cundum
589 3435 757 3491 Deum
792 3441 931 3509 gerit
963 3450 1017 3494 et
1058 3442 1213 3505 dicit,
1269 3445 1337 3498 ad
1373 3446 1674 3501 orationem
1707 3461 1894 3517 repor-

317 3533 519 3582 tentur.
553 3529 607 3581 Si
648 3531 792 3584 enim
829 3533 1005 3586 oratio
1038 3533 1140 3588 hoc
1172 3535 1346 3589 solum
1381 3537 1717 3607 intelligatur
1745 3538 1891 3606 quod

315 3621 677 3675 communiter
734 3623 958 3689 scimus,
1019 3639 1192 3693 neque
1230 3628 1384 3681 Anna
1446 3628 1498 3681 in
1565 3629 1651 3683 bis
1708 3630 1890 3686 verbis

314 3722 504 3764 orasse
529 3712 819 3779 videbitur,
854 3725 907 3769 et
938 3732 1210 3786 nunquam
1237 3719 1664 3790 ullusjustorum
1693 3736 1890 3777 secun-

315 3801 446 3856 dum
468 3804 712 3875 Apostoli
757 3820 1089 3879 praeceptum
1138 3810 1256 3865 sine
1299 3812 1703 3871 intermissione
1732 3830 1892 3870 orare

310 3900 517 3962 potest.
561 3894 617 3948 Si
658 3911 786 3950 vero
830 3900 1005 3951 omnis
1052 3909 1207 3955 actus
1248 3898 1426 3968 justi,
1481 3918 1642 3972 quem
1689 3920 1888 3960 secun-

314 3986 441 4038 dum
477 3985 642 4040 Deum
687 3988 799 4057 agit
828 4000 887 4049 et
912 3993 1207 4046 secundum
1253 3995 1566 4049 mandatum
1602 3995 1843 4051 divinum
1870 4040 1885 4065 ,

313 4075 495 4128 oratio
546 4086 853 4146 reputatur,
905 4085 1032 4149 quia
1082 4081 1264 4150 justus
1316 4083 1432 4139 sine
1479 4084 1889 4143 intermissione

312 4180 433 4235 quae
482 4168 628 4237 justa
684 4181 815 4225 sunt
866 4176 1014 4241 agit,
1053 4188 1149 4244 per
1188 4175 1293 4229 hoc
1330 4176 1453 4231 sine
1485 4178 1891 4234 intermissione

308 4254 486 4324 justus
531 4261 726 4324 orabit,
777 4277 876 4317 nec
923 4279 1159 4331 unquam
1201 4266 1268 4320 ab
1310 4267 1558 4322 oratione
1603 4271 1883 4325 cessabit:

312 4349 417 4403 nisi
442 4349 625 4415 justus
652 4367 774 4408 esse
808 4354 1058 4409 desistat.
1086 4355 1221 4411 Cum
1278 4357 1424 4411 enim
1486 4357 1745 4425 injustum
1789 4361 1887 4415 ali-

310 4441 441 4509 quid
472 4443 682 4509 agimus
711 4454 804 4498 aut
828 4444 1212 4514 delinquimus,
1261 4455 1466 4501 certum
1508 4456 1590 4502 est
1640 4452 1783 4516 quod
1820 4466 1886 4505 eo

2008 611 2257 663 vincebat
2309 608 2472 661 Israel
2515 606 2564 672 ’⁵;
2615 606 2935 660 demittente
2994 622 3121 661 vero
3183 616 3238 660 et
3292 607 3579 672 dejicieute

2004 700 2256 752 deorsum
2284 741 2297 762 ,
2334 699 2581 752 vincebat
2614 697 2877 751 Amalec?
2924 698 2984 751 Et
3014 699 3057 752 si
3095 716 3113 750 ι
3150 700 3332 753 omnia
3368 702 3481 757 hinc
3512 704 3573 756 li-

2004 789 2266 856 guralitcr
2281 788 2663 857 contingebant
2686 787 2812 849 illis,
2830 789 3032 856 scripta
3054 797 3179 842 sunt
3201 804 3330 843 vero
3354 802 3577 862 propter

2004 894 2123 944 nos,
2149 880 2200 931 in
2234 895 2371 947 quos
2405 880 2539 933 lines
2568 879 2891 933 saeculorum
2934 881 3269 933 devenerunt
3292 880 3364 933 ⁵.»
3400 880 3579 946 Quare

2005 967 2307 1037 intelligere
2342 968 2635 1033 debemus,
2681 968 2805 1036 quia
2848 967 3020 1021 donec
3061 966 3298 1022 fanmlus
3338 970 3432 1024 Dei
3467 971 3576 1026 cle-

2005 1070 2096 1113 vat
2134 1068 2289 1113 actus
2320 1075 2445 1113 suos
2478 1060 2546 1113 ad
2576 1059 2766 1124 Deum,
2798 1058 2961 1112 vincit
2991 1074 3125 1127 gens
3161 1059 3252 1112 Dei
3283 1078 3295 1111 :
3328 1077 3450 1114 cum
3482 1078 3578 1114 au-

2005 1159 2112 1202 tem
2155 1148 2417 1216 deiecerit
2468 1158 2522 1202 et
2573 1148 2851 1203 demiserit
2904 1163 3120 1211 manus,
3169 1150 3219 1202 id
3259 1159 3382 1215 est,
3422 1159 3578 1203 artus

2005 1256 2153 1303 Suos,
2194 1241 2363 1295 vincit
2399 1240 2623 1294 Amalec
2676 1240 2928 1294 inimicus
2968 1240 3081 1296 Dei.
3126 1242 3227 1294 Aut
3265 1243 3394 1310 quid
3423 1244 3577 1296 vidc-

2005 1332 2128 1384 tur?
2158 1332 2300 1401 (volo
2330 1330 2475 1385 enim
2532 1330 2811 1399 paululum
2861 1330 3139 1384 immorari
3188 1347 3307 1385 cum
3362 1333 3448 1386 bis
3483 1336 3575 1400 qui

2004 1422 2193 1475 uolunt
2245 1423 2358 1476 haec
2413 1421 2773 1486 spiritaliter,
2828 1421 2921 1476 sed
2988 1423 3283 1476 secundum
3340 1424 3574 1479 litteram

2002 1511 2702 1583 intelligi,)numquidnam
2760 1513 3055 1582 putandum
3106 1524 3186 1568 est
3219 1555 3232 1576 ,
3282 1518 3422 1583 quod
3459 1533 3579 1571 0m-

2003 1604 2251 1671 nipotens
2297 1602 2440 1656 Deus
2471 1604 2537 1656 ad
2570 1619 2762 1658 manus
2795 1605 3095 1673 respiceret
3148 1605 3316 1676 Moysi
3343 1649 3358 1673 ,
3405 1618 3460 1662 et
3501 1612 3578 1664 si—

1999 1697 2217 1763 quidem
2264 1694 2467 1747 videret
2517 1709 2607 1749 cas
2658 1711 2874 1751 sursum
2928 1696 3213 1759 elevatus.
3272 1698 3434 1754 Israel
3493 1702 3574 1754 vi-

2001 1786 2229 1839 ctoriam
2275 1785 2473 1839 daret:
2512 1788 2554 1841 si
2596 1802 2727 1842 vero
2783 1788 3037 1842 deorsum
3093 1789 3332 1856 dejectas
3358 1830 3373 1856 ,
3414 1790 3578 1844 Ama-

1927 1868 2225 1931 Blecitis?
2275 1876 2493 1933 Siccine
2552 1879 2769 1946 dignum
2817 1888 2900 1933 est
2961 1882 3026 1934 de
3091 1883 3265 1935 sancti
3337 1883 3576 1952 Spiritus

2000 1969 2205 2023 sentire
2255 1969 2643 2024 sermonibus?
2699 1971 2782 2026 Au
2833 1970 2963 2025 illud
3028 1973 3206 2041 potius
3280 1974 3573 2041 putandum

1998 2069 2083 2113 est
2111 2099 2127 2125 ,
2174 2060 2315 2127 quod
2360 2059 2534 2115 lutura
2591 2062 2643 2116 in
2700 2060 2785 2116 his
2831 2064 3090 2133 mysteria
3134 2066 3577 2134 przeformabat?

1999 2152 2127 2219 Quae
2167 2152 2387 2222 quidem
2446 2155 2513 2209 de
2580 2156 2761 2209 crucis
2811 2168 3156 2212 sacramento
3215 2168 3269 2213 et
3325 2159 3576 2215 allixioue

2000 2259 2256 2299 manuum
2331 2244 2628 2301 Salvatoris
2693 2247 2918 2318 intelligi
2983 2252 3170 2303 tritum
3228 2250 3375 2319 jam,
3429 2261 3484 2307 et
3541 2275 3571 2308 a

1996 2337 2160 2410 487
2177 2336 2358 2391 multis
2371 2353 2512 2407 saepe
2530 2338 2816 2394 dissertum
2831 2350 2934 2394 est.
2952 2340 3057 2394 Sed
3077 2345 3334 2410 quoniam
3353 2345 3577 2400 innova-

1998 2430 2043 2483 ri
2063 2430 2506 2500 semperjubetur
2524 2431 2589 2493 is,
2609 2431 2696 2500 qui
2727 2433 3021 2487 secundum
3039 2434 3390 2507 Evangelium
3416 2439 3571 2502 vivit,

1999 2528 2052 2573 et
2084 2518 2293 2573 Novum
2328 2521 2733 2576 Testamentum
2768 2538 2983 2593 semper
3015 2526 3173 2580 debet
3204 2532 3359 2585 novis
3392 2533 3572 2585 scnsi-

1999 2610 2101 2665 bus
2141 2611 2419 2678 illustrari,
2457 2622 2512 2668 et
2565 2624 2787 2669 cantare
2840 2616 3068 2673 Domino
3111 2619 3367 2685 jubemur
3396 2624 3573 2679 canti-

1997 2716 2120 2756 cum
2179 2717 2398 2768 novum,
2443 2713 2498 2757 et
2549 2704 2776 2759 interior
2825 2706 2986 2762 homo
3036 2718 3220 2765 noster
3276 2728 3380 2767 non
3436 2714 3577 2772 dixit

1997 2792 2198 2848 Paulus
2229 2795 2353 2863 quia
2389 2807 2684 2851 renovatur
2716 2804 2768 2851 et
2804 2800 2973 2863 stetit,
3010 2802 3105 2855 sed
3143 2820 3163 2853 ι
3188 2815 3484 2859 renovatur
3506 2809 3572 2862 de

1995 2886 2083 2940 die
2112 2885 2164 2939 in
2201 2886 2412 2951 diem“;
2436 2905 2455 2938 ι
2491 2889 2777 2957 oportebat
2802 2890 2967 2945 etiam
3003 2907 3102 2947 nos
3134 2903 3185 2948 et
3209 2895 3274 2948 de
3305 2898 3575 2953 orationis

1995 2975 2159 3030 modo
2210 2976 2444 3045 qualiter
2494 2979 2613 3034 sine
2652 2980 3053 3038 intermissione
3100 2988 3360 3042 orandum
3393 2990 3485 3053 sit,
3518 3003 3575 3049 et

1997 3067 2065 3123 de
2108 3068 2412 3124 elcvatioue
2464 3087 2743 3137 manuum,
2793 3077 2936 3144 quod
2986 3078 3317 3135 sacrificium
3369 3084 3574 3141 dicitur

1995 3161 2384 3229 vespertinum,
2420 3178 2524 3217 non
2562 3164 2734 3219 solum
2782 3167 2996 3223 usitatis
3028 3178 3081 3224 et
3116 3173 3338 3239 attritis,
3376 3176 3472 3230 sed
3506 3187 3565 3231 et

1996 3248 2394 3317 aliquantulum
2447 3253 2719 3311 innovatis
2777 3256 3197 3316 dissertionibus
3246 3265 3563 3333 explanare.

2066 3339 2154 3395 10.
2190 3339 2480 3397 Videamus
2510 3358 2639 3412 ergo
2670 3345 2797 3413 quid
2838 3346 2937 3399 sibi
2971 3348 3085 3401 vult
3118 3351 3257 3404 ratio
3306 3353 3408 3407 ista
3443 3370 3573 3410 ora-

1997 3430 2154 3487 tionis
2203 3432 2392 3498 Annae,
2425 3450 2586 3503 quam
2628 3436 2671 3490 si
2729 3436 3107 3505 didicerimus,
3158 3442 3413 3496 similiter
3463 3444 3573 3500 for-

1998 3524 2157 3579 tassis
2188 3533 2241 3579 et
2260 3539 2357 3580 nos
2390 3540 2548 3581 orare
2581 3531 2899 3596 poterimus.
2929 3547 2947 3580 ‹
2974 3528 3301 3600 Exsultavit,
3328 3536 3504 3605 inquit
3524 3538 3571 3604 ",

1995 3629 2091 3669 cor
2153 3630 2333 3669 meum
2379 3616 2432 3670 in
2483 3618 2773 3673 Domino.)
2818 3618 3141 3678 Necessario
3190 3626 3438 3684 addidit:
3471 3629 3569 3684 «In

1996 3706 2244 3763 Domino.
2270 3729 2289 3761 ι
2346 3710 2440 3765 Est
2474 3712 2619 3765 enim
2654 3713 2945 3767 exsultatio
2970 3732 3088 3784 qua:
3116 3733 3225 3773 non
3256 3731 3337 3776 est
3366 3722 3418 3776 in
3460 3722 3568 3779 Do'

1993 3799 2164 3863 mino,
2182 3802 2323 3856 sicut
2349 3813 2403 3858 et
2431 3802 2563 3858 illud
2584 3804 2851 3860 dicitur“:
2878 3823 2896 3857 ι
2919 3806 3161 3865 Gaudete
3192 3812 3244 3866 in
3279 3812 3529 3871 Domino.
3547 3837 3565 3869 ι

1992 3891 2178 3947 Potest
2203 3895 2345 3947 enim
2382 3895 2505 3964 quis
2537 3897 2772 3966 gaudere
2805 3897 2858 3952 iu
2907 3900 3243 3968 carnalibus,
3274 3914 3329 3960 et
3364 3920 3472 3963 non
3514 3910 3569 3963 in

1996 3982 2244 4038 Domino.
2280 3983 2335 4038 Si
2372 3987 2515 4039 enim
2548 3988 2812 4055 gaudeam
2861 3991 3001 4058 quod
3036 3991 3219 4047 inveni
3254 3996 3569 4055 thesaurum

1992 4072 2282 4135 visibilem,
2321 4074 2461 4128 istud
2493 4077 2745 4144 gaudium
2776 4081 2961 4134 carnis
2994 4090 3098 4144 est,
3134 4092 3189 4139 et
3231 4101 3339 4141 non
3379 4088 3433 4142 in
3464 4091 3573 4145 Do-

1994 4166 2161 4218 mino.
2198 4163 2253 4218 Si
2301 4166 2568 4235 gaudeam
2595 4170 2740 4235 quod
2784 4184 2868 4224 me
2900 4170 3148 4229 homines
3198 4176 3453 4248 laudant,
3517 4192 3573 4236 et

1994 4255 2135 4308 forte
2166 4270 2269 4308 non
2317 4271 2414 4325 pro
2446 4257 2660 4322 merito,
2705 4273 2808 4313 non
2843 4271 2925 4316 est
2962 4263 3062 4317 hoc
3093 4267 3331 4335 gaudere
3363 4269 3415 4324 in
3460 4270 3568 4326 Do-

1993 4345 2161 4398 mino.
2202 4345 2257 4399 Si
2292 4345 2557 4415 gaudeam
2596 4348 2649 4402 in
2687 4353 2847 4404 rebus
2892 4350 3181 4421 fragilibus
3227 4367 3280 4412 et
3322 4361 3567 4427 caducis,

1995 4436 2107 4491 hinc
2135 4438 2315 4491 omnia
2347 4454 2451 4492 non
2492 4439 2694 4495 habent
2744 4441 3013 4499 laudabile
3042 4449 3321 4516 gaudium.
3354 4450 3409 4505 Si
3438 4469 3570 4508 vero

312 4541 553 4600 tempore
596 4535 758 4590 etiam
818 4536 887 4590 ab
938 4538 1182 4591 oratione
1235 4552 1530 4593 cessamus.
1581 4538 1717 4593 Puto
1744 4547 1885 4609 quod

1996 4529 2253 4595 gaudeam
2287 4531 2545 4599 quoniam
2584 4532 2778 4599 dignus
2820 4533 3036 4591 habitus
3067 4553 3184 4593 sum
3214 4556 3315 4610 pro
3350 4546 3570 4601 nomine

307 4620 413 4677 hoc
433 4623 723 4678 edocemur
751 4634 804 4679 ct
839 4626 889 4679 in
920 4624 1149 4681 Psalmis
1179 4643 1301 4682 cum
1327 4629 1525 4684 dicitur
1547 4631 1567 4662 ³
1596 4645 1610 4684 :
1642 4649 1661 4683 ι
1695 4632 1885 4686 Eleva-

308 4715 385 4768 tio
416 4732 669 4770 manuum
702 4733 942 4774 mearum
965 4718 1295 4774 sacriﬁcium
1323 4722 1739 4793 vespertinum.)
1762 4723 1880 4779 Non

306 4804 454 4861 enim
504 4815 635 4874 puto
680 4808 823 4875 quod
860 4807 903 4861 si
936 4809 1059 4879 quis
1108 4809 1400 4865 elevaverit
1454 4811 1537 4865 vel
1575 4815 1884 4870 extenderit

307 4910 502 4950 manus
533 4897 598 4950 ad
633 4896 830 4951 coelum
869 4898 950 4969 (ιιι
981 4900 1201 4955 habitus
1231 4903 1503 4955 orantium
1537 4917 1656 4957 esse
1696 4904 1877 4975 solet),

306 4987 567 5040 continuo
587 4986 918 5042 sacriﬁcium
937 4989 1193 5045 obtulerit
1222 4991 1350 5047 Deo.
1373 4994 1478 5048 Sed
1506 4996 1786 5049 videamus
1818 5010 1883 5050 ne

305 5070 451 5128 forte
485 5076 586 5131 hoc
623 5078 693 5132 sit
722 5081 863 5148 quod
898 5080 969 5134 ibi
1019 5079 1223 5138 indicat
1267 5100 1450 5139 sermo
1483 5086 1595 5149 Dei,
1631 5088 1754 5157 quia
1788 5103 1885 5157 per

305 5178 506 5221 manus
533 5181 698 5236 opera
743 5172 1137 5245 intelliguntur.
1170 5175 1356 5230 Elevat
1407 5192 1600 5232 manus
1633 5177 1746 5247 ille,
1790 5179 1880 5247 qui

305 5255 487 5311 elevat
519 5268 672 5314 actus
697 5276 823 5317 suos
850 5280 877 5317 a
910 5273 1080 5329 terra,
1109 5274 1163 5318 et
1190 5266 1536 5319 conversatio
1562 5266 1675 5333 eius
1704 5267 1884 5321 adhuc

306 5345 364 5425 in
393 5354 537 5400 terra
565 5350 895 5407 ambulantis
929 5353 981 5407 in
1016 5355 1170 5409 caelis
1198 5366 1301 5409 est.
1332 5354 1540 5411 Excelsi
1574 5371 1705 5422 ergo
1730 5368 1883 5412 actus

306 5444 367 5489 et
420 5437 702 5503 sublimes,
754 5454 892 5510 Quos
944 5443 1192 5499 videntes
1229 5446 1478 5500 homines
1527 5446 1884 5515 magnificam

305 5522 524 5581 Patrem
552 5527 855 5593 caelestem,
889 5532 1119 5586 elevatio
1150 5548 1406 5587 manuum
1441 5534 1663 5597 dicitur,
1699 5546 1753 5589 et
1787 5551 1878 5590 sa-

300 5616 569 5673 criﬁcium
595 5622 978 5689 vespertinum.
1012 5624 1204 5679 Annon
1232 5635 1288 5681 et
1312 5626 1365 5678 in
1390 5625 1504 5696 lege
1531 5626 1583 5680 id
1610 5641 1706 5697 per
1765 5642 1882 5696 my-

375 5730 422 5805 τ’
450 5730 626 5805 l__Reg.
664 5750 727 5799 ιι,
760 5737 809 5801 l,
838 5737 891 5791 2.
998 5738 1012 5768 ⁸
1046 5739 1174 5793 ibid.
1211 5740 1266 5794 5.
1357 5740 1418 5795 'I
1452 5739 1709 5805 Thess.v,
1742 5742 1829 5795 17.

304 5795 331 5827 ⁸
356 5800 415 5855 ll.
452 5795 690 5871 Corfiv,
716 5795 811 5861 16'.
889 5808 948 5862 ⁷1
980 5807 1110 5879 Reg.
1150 5824 1210 5875 ll,
1249 5812 1301 5865 l.
1377 5795 1610 5883 'Pliilip.
1640 5795 1713 5880 Iv,
1746 5812 1800 5867 4.

1945 5742 1964 5773 ³
2001 5741 2145 5797 Psal.
2192 5758 2339 5805 cxu,
2390 5744 2446 5798 2.

1877 5814 1896 5844 ⁹
1919 5813 2037 5867 Act.
2092 5830 2140 5867 v.

1994 4618 2205 4672 Domini
2268 4620 2520 4689 iujuriam
2566 4624 2896 4692 pati°,istud
2945 4629 3199 4699 gaudium
3256 4633 3309 4687 in
3344 4634 3571 4691 Domino

1993 4718 2096 4774 est,
2129 4710 2254 4780 quia
2290 4711 2404 4780 ipse
2425 4712 2558 4767 dixit
2580 4728 2741 4781 supcr
2772 4715 2951 4771 his”:
2984 4736 3001 4769 ι
3029 4718 3274 4780 Gaudete
3298 4733 3353 4779 et
3387 4728 3571 4782 exsul-

1995 4810 2123 4866 tate,
2173 4805 2298 4873 quia
2345 4820 2553 4860 merces
2602 4816 2781 4861 vestra
2826 4809 2992 4864 multa
3028 4822 3111 4867 est
3152 4815 3203 4869 in
3240 4817 3417 4872 caelis.
3447 4838 3465 4873 ι
3506 4820 3568 4876 Si

1994 4898 2259 4966 gaudeam
2306 4914 2427 4952 cum
2473 4898 2596 4952 odia
2643 4899 2692 4953 in
2747 4915 2831 4955 me
2875 4914 3206 4958 exercentur
3266 4907 3487 4977 iujusta.
3522 4914 3568 4966 si

1990 4990 2253 5059 gaudeam
2302 5004 2422 5044 cum
2464 4990 2752 5061 impugnor
2802 5004 3019 5062 propter
3078 4997 3304 5053 verbum
3360 5001 3478 5067 Dei,
3518 5018 3566 5060 ει

1994 5082 2257 5153 gaudeam
2285 5096 2407 5136 cum
2442 5083 2680 5150 castigor
2709 5084 2761 5137 in
2796 5084 3168 5156 languoribus,
3208 5091 3260 5145 in
3308 5107 3566 5160 persecu—

1993 5173 2254 5239 tiouibus,
2306 5173 2356 5226 iu
2404 5174 2692 5241 angustiis,
2738 5176 2782 5233 si
2846 5178 2958 5231 lucc
3012 5181 3191 5235 omnia
3224 5181 3381 5239 lietus
3413 5188 3567 5240 exci-

1994 5266 2158 5334 piam,
2196 5264 2336 5317 istud
2378 5265 2629 5334 gaudium
2678 5266 2729 5320 itt
2774 5266 3000 5324 Domino
3029 5280 3133 5326 est.
3186 5272 3251 5328 Et
3297 5276 3418 5331 ideo
3466 5292 3567 5330 nos

1993 5355 2151 5409 docet
2182 5355 2485 5424 Scriptura,
2518 5365 2575 5409 ut
2603 5356 2919 5425 abjicientes
2948 5363 3145 5429 gaudia
3182 5371 3420 5431 terrena,
3454 5366 3567 5419 tra-

1994 5446 2120 5517 gilia
2180 5458 2233 5502 et
2263 5449 2488 5513 caduca,
2526 5448 2591 5503 de
2633 5454 2855 5507 aeternis
2896 5454 3110 5523 gaudiis
3150 5456 3481 5513 exsultemus
3512 5460 3566 5512 in

1990 5537 2241 5606 Domino,
2306 5548 2364 5594 ut
2425 5541 2619 5596 merito
2670 5543 2917 5598 dicamus
2973 5546 3115 5613 quod
3169 5545 3322 5599 Anna
3378 5546 3565 5604 dixit:

1996 5646 2015 5679 ι
2047 5628 2350 5684 Exsultavit
2382 5646 2476 5685 cor
2509 5648 2686 5687 meum
2737 5635 2788 5688 in
2840 5635 3086 5690 Domino.
3110 5653 3129 5686 ι
3170 5635 3237 5689 Ει
3283 5638 3563 5704 quoniam,

2561 5744 2768 5816 δεξιαὶ.
2814 5759 2941 5799 xvn.
3060 5744 3272 5800 'lCor.
3345 5761 3403 5816 ι,
3471 5748 3563 5812 Η.

2222 5815 2264 5846 ¹⁰
2303 5813 2495 5869 Matth.
2543 5830 2595 5879 ν,
2642 5814 2730 5867 12.
