4124 6392
559 398 692 453 1⁸007

2032 395 2351 449 οιιιιιεκις

3676 405 3699 457 1
3710 403 3812 460 008

555 531 676 569 cum
722 516 834 569 hare
868 514 1141 579 dicuntur,
1181 515 1395 582 quidam
1433 513 1498 565 de
1546 513 1849 566 astantihus
1903 514 2134 580 repletus
2166 518 2204 570 A
2240 516 2408 566 mieos
2434 529 2601 569 meos.
2628 513 2722 567 »δί
2747 514 2862 569 istis
2886 516 3179 571 confutatis
3198 528 3487 574 occurrant
3510 520 3809 593 philosophi

554 617 636 659 est
668 607 862 673 spiritu
911 607 1209 671 immundo,
1260 616 1313 658 et
1345 605 1671 659 exclamavit
1732 606 1801 657 ita
1864 612 1922 656 ιιι
1975 606 2127 656 fieret

552 700 734 769 populi
776 714 1101 761 concursus,
1156 699 1402 751 dicamus
1449 706 1501 749 et
1546 710 1642 749 nos
1687 710 1808 749 cum
1862 694 2016 746 Anna
2049 694 2131 748 di—

550 805 707 846 cente
736 809 751 845 :
787 813 802 841 ι
829 791 1129 845 Exsultavit
1162 805 1257 844 cor
1288 803 1463 842 meum
1495 789 1545 840 in
1572 787 1818 841 Domino.
1846 806 1863 839 ι
1899 786 2129 841 Contra-

552 884 666 937 rius
710 884 934 951 spiritus
994 881 1414 935 exsultationem
1478 888 1720 931 nostram
1788 879 1841 930 in
1898 878 2125 932 Domino

552 976 695 1026 terre
723 988 826 1027 non
862 974 1053 1040 potuit,
1086 974 1179 1026 sed
1212 974 1323 1027 vult
1349 989 1468 1028 eam
1504 983 1728 1029 mutare.
1760 981 1818 1023 ut
1858 971 2031 1023 ahlata
2066 987 2127 1023 ea

554 1063 868 1117 iutrodueat
928 1065 1241 1125 tristitiam,
1286 1074 1338 1118 et
1388 1064 1671 1133 prohibeat
1733 1079 1829 1117 nos
1888 1063 2122 1115 dicere:

556 1173 575 1205 ι
602 1155 905 1209 Exsultavit
937 1172 1031 1210 cor
1079 1170 1255 1209 meum
1288 1158 1337 1209 in
1375 1156 1653 1210 Domino.»
1691 1154 1890 1209 Verum
1929 1172 1995 1208 ne
2033 1170 2130 1207 nos

553 1249 930 1316 impediamnr,
961 1249 1051 1303 sed
1083 1250 1253 1312 tttngis
1286 1263 1349 1301 ac
1381 1248 1551 1315 magis
1574 1247 1819 1300 dicamus
1848 1264 1861 1300 :
1894 1265 1910 1295 ι
1936 1246 2129 1300 Exsul-

554 1343 687 1393 tavit
722 1355 815 1393 cor
850 1356 1027 1394 meum
1062 1340 1113 1393 in
1143 1340 1366 1393 Domino
1398 1356 1411 1391 :
1448 1357 1465 1389 ι
1494 1347 1547 1391 et
1579 1353 1675 1405 pro
1707 1337 1811 1390 hoc
1846 1337 1962 1406 ipso
1988 1338 2126 1404 quod

554 1432 802 1485 videmus
836 1430 1143 1484 immundos
1174 1429 1399 1496 spiritus
1428 1425 1710 1497 ﬂagellari,
1752 1427 2080 1490 gaudeamus
2111 1443 2121 1475 :

556 1523 680 1589 quia
715 1530 771 1575 et
813 1537 910 1591 per
940 1523 1052 1575 haec
1086 1521 1240 1575 multi
1280 1528 1674 1573 convertuntur
1714 1519 1779 1569 ad
1817 1519 2123 1579 Dominum,

551 1614 699 1667 multi
735 1614 1108 1676 emendantur,
1147 1611 1298 1664 multi
1334 1609 1400 1662 ad
1433 1609 1587 1661 fidem
1623 1609 1870 1671 veniunt,
1907 1621 1963 1663 et
1995 1608 2125 1661 nihil

547 1716 630 1758 est
682 1706 822 1774 quod
875 1706 993 1758 sine
1039 1719 1198 1757 causa
1257 1702 1419 1756 faciat
1470 1702 1752 1767 Dominus,
1788 1717 1890 1756 nec
1925 1702 2125 1770 aliquid

548 1796 664 1849 fieri
717 1794 918 1849 frustra
972 1794 1255 1863 permittit.
1312 1793 1445 1847 Nam
1507 1793 1761 1861 quoniam
1804 1793 1957 1847 multi
2001 1805 2127 1847 sunt

545 1888 635 1953 qui
674 1889 840 1941 verbo
869 1902 974 1939 non
1012 1886 1255 1952 credunt,
1288 1902 1386 1942 nec
1416 1890 1683 1941 rationem
1718 1886 1980 1941 doctrina:
2004 1902 2123 1940 sus-

542 1982 772 2050 cipiunt,
802 1980 853 2033 in
886 1982 971 2033 his
1003 1996 1124 2034 cum
1174 1982 1380 2036 dmmon
1413 1981 1685 2044 insilierit,
1730 1990 1859 2035 tunc
1890 1996 2124 2035 convcr-

549 2082 760 2136 tnntur,
804 2082 863 2125 ttt
906 2072 998 2125 ubi
1046 2072 1343 2126 abundavit
1383 2073 1663 2137 delictum,
1720 2074 2124 2141 superabundet

546 2162 719 2228 gratia
752 2183 764 2217 :
799 2174 853 2216 et
904 2163 992 2215 ubi
1026 2164 1258 2232 maligna
1287 2164 1460 2219 virtus
1490 2174 1709 2233 operata
1761 2174 1865 2228 est,
1904 2164 1973 2218 ibi
2008 2164 2124 2232 plus

548 2258 887 2318 postmodum
924 2255 1138 2308 Domini
1172 2257 1340 2325 gratia
1376 2265 1628 2324 operetur
1662 2273 1674 2308 :
1705 2256 1829 2324 quia
1866 2272 1989 2309 cum
2024 2271 2122 2310 cx-

550 2346 749 2413 pulcrit
781 2347 991 2400 Domini
1022 2348 1194 2418 gratia
1228 2348 1526 2415 malignum
1564 2347 1841 2415 spiritum,
1876 2348 2123 2402 introdu-

546 2438 621 2490 cit
656 2437 918 2506 Spiritum
952 2449 1197 2491 sauctum
1224 2447 1308 2492 :et
1337 2436 1514 2488 anima
1559 2451 1678 2504 qua:
1716 2436 1917 2504 repleta
1959 2436 2121 2490 fuerit

547 2529 739 2598 spiritu
772 2530 1070 2591 immundo,
1109 2529 1345 2598 repletur
1372 2528 1713 2597 postmodum
1751 2527 1959 2595 Spiritu
1990 2544 2117 2582 san-

547 2632 653 2675 cto.
705 2621 827 2675 Ideo
869 2637 964 2689 pro
1015 2622 1099 2676 his
1147 2622 1398 2674 omnibus
1451 2620 1737 2674 dicamus:
1781 2618 2121 2673 «Exsultavit

546 2726 643 2763 eor
672 2726 850 2764 tneum
879 2711 928 2763 iu
949 2711 1194 2765 Domino.
1223 2711 1285 2763 Et
1311 2711 1604 2764 exaltatum
1629 2719 1712 2761 est
1738 2723 1905 2761 cornu
1939 2724 2119 2763 meum

546 2803 599 2856 in
633 2802 739 2858 Deo
778 2818 916 2857 meo.
942 2823 962 2856 ι
999 2802 1137 2857 Sunt
1162 2804 1406 2872 quzcdam
1451 2818 1652 2857 cornua
1693 2802 1966 2871 justorum
1998 2801 2120 2870 qui-

543 2897 646 2951 bus
677 2905 899 2950 utuntur
928 2897 1010 2949 vel
1041 2905 1264 2965 agentes
1300 2895 1499 2965 aliquid
1531 2895 1612 2949 vel
1650 2894 1956 2963 loquentes,
1981 2894 2127 2953 siCnl

545 3004 667 3040 cum
701 2988 885 3041 dicunt
911 2989 950 3018 “
987 3006 997 3040 :
1031 3007 1048 3039 ι
1080 2987 1132 3040 In
1180 2998 1229 3041 te
1276 2988 1526 3042 inimicos
1578 2996 1800 3046 nostros
1835 2990 2123 3046 ventilabi-

547 3094 665 3133 mus
717 3093 907 3133 cornu.
940 3098 957 3130 ι
999 3076 1053 3132 In
1103 3078 1293 3133 Grmco
1342 3082 1705 3158 κερατίσομεν
1744 3081 2120 3153 dicitur,qnod

2237 606 2562 660 insultantes
2589 611 2922 677 simplicitati
2967 608 3086 663 fidei
3138 623 3358 673 nostrze,
3388 622 3441 664 et
3481 613 3679 667 idiotas
3714 630 3817 669 nos

2236 695 2623 766 imperitosque
2671 699 3042 760 clamitantes,
3091 708 3145 753 et
3199 710 3487 754 convertar
3536 703 3699 757 etiam
3742 707 3809 758 ad

2235 802 2401 853 Ipsos,
2460 798 2511 842 et
2571 806 2712 844 vera:
2749 791 3031 860 sapientiae
3067 793 3274 844 viribus
3306 790 3455 846 falsa:
3503 809 3567 847 ac
3610 793 3809 851 fucatae

2234 882 2515 949 Sapientia“:
2557 885 2809 937 nebulam
2846 885 3229 947 obturbavero,
3269 894 3321 938 et
3356 900 3462 937 non
3500 885 3674 940 solum
3710 890 3808 941 ltu-

2230 975 2320 1039 jns
2359 975 2562 1038 tunudi,
2612 976 2704 1029 sed
2742 985 2794 1027 et
2825 975 3131 1041 principum
3182 974 3341 1040 hujus
3370 978 3551 1029 mundi
3596 980 3804 1045 sapien-

2236 1066 2361 1114 tiam
2383 1064 2725 1129 destruxero,
2752 1075 2879 1116 tunc
2900 1062 3109 1130 plenius
3128 1063 3408 1117 dilatatum
3434 1076 3517 1118 est
3542 1080 3602 1120 os
3630 1082 3805 1120 meum

2234 1167 2396 1220 super
2442 1153 2691 1209 inimicos
2744 1170 2910 1209 meos.
2966 1158 3153 1211 Sancti
3196 1168 3278 1211 est
3320 1173 3451 1226 ergo
3486 1173 3584 1211 vox
3624 1159 3726 1212 ista
3755 1168 3809 1212 et

2234 1245 2481 1312 perfecti,
2515 1248 2605 1314 qtti
2646 1248 2809 1301 rebus
2848 1250 2980 1316 ipsis
3012 1259 3065 1303 et
3107 1250 3339 1303 veritate
3370 1248 3661 1303 subnixum
3703 1251 3807 1303 hu-

2224 1337 2530 1404 juscemodi
2585 1354 2888 1393 sermonem
2937 1342 3107 1410 possit
3158 1338 3408 1404 proferre
3464 1350 3520 1393 et
3573 1340 3803 1395 dicere:

2238 1430 2568 1483 «Dilatatum
2615 1440 2697 1484 est
2740 1447 2804 1485 os
2858 1446 3034 1485 meum
3088 1446 3251 1500 super
3305 1430 3557 1493 inimicos
3591 1445 3801 1485 meos.»

2230 1521 2454 1590 Oportet
2497 1536 2628 1591 ergo
2679 1535 2777 1573 nos
2826 1522 3002 1588 primo
3053 1535 3115 1574 os
3163 1531 3407 1574 nostrum
3451 1519 3705 1581 dilatare,
3750 1527 3807 1571 ut

2231 1612 2453 1680 impleat
2486 1611 2610 1664 illud
2648 1611 2810 1665 Deus.
2844 1611 3125 1677 Quomodo
3158 1620 3337 1664 autem
3366 1625 3429 1664 os
3460 1612 3635 1679 primo
3669 1610 3805 1663 dila-

2232 1702 2445 1757 tnmus?
2477 1718 2571 1772 per
2605 1702 3010 1757 meditationem
3048 1703 3199 1757 verbi
3233 1702 3425 1763 divini,
3457 1709 3515 1755 ut
3535 1703 3805 1769 possimus

2229 1809 2292 1848 eo
2329 1810 2497 1864 usque
2533 1795 2818 1864 proficere,
2853 1805 2911 1848 ut
2961 1810 2989 1847 a
3018 1794 3366 1847 ‘dilatatione
3396 1793 3510 1846 oris
3540 1794 3703 1846 etiam
3737 1794 3805 1846 ad

2230 1886 2409 1939 cordis
2440 1886 2812 1940 dilatationem
2846 1887 3148 1948 veniamus,
3178 1894 3232 1938 et
3263 1899 3384 1937 cum
3419 1883 3681 1952 Apostolo
3722 1884 3807 1936 diu

2229 1991 2353 2031 cere
2373 1978 2454 2031 ηε
2486 1997 2502 2027 ι
2528 1977 2636 2031 Cor
2669 1991 2844 2031 meum
2877 1977 3158 2031 dilatatnm
3198 1986 3280 2030 est
3310 1977 3375 2030 ad
3405 1991 3520 2037 vos,
3553 1991 3585 2029 ο
3615 1974 3806 2029 Corin-

2230 2068 2348 2123 thii.
2374 2086 2392 2119 ι
2430 2068 2504 2121 Ex
2541 2069 2827 2123 latitudine
2857 2068 3000 2121 enim
3035 2069 3216 2122 cordis
3248 2068 3581 2123 abundantia
3612 2067 3693 2121 ori
3719 2082 3807 2121 sa-

2228 2160 2391 2228 pienti
2424 2162 2786 2216 ministratur.

2299 2251 2384 2305 fl.
2414 2268 2431 2300 ι
2457 2252 2589 2316 Quia
2624 2252 2802 2305 laetata
2835 2266 2954 2305 sum
2986 2252 3036 2304 itt
3066 2252 3285 2304 salutari
3318 2252 3480 2303 tuo."
3505 2271 3523 2303 ι
3566 2252 3621 2305 Si
3654 2251 3803 2304 ltela-

2230 2352 2312 2397 tus
2353 2342 2507 2397 fuero
2559 2344 2610 2397 in
2662 2345 2884 2398 salutari
2938 2345 3055 2409 Dei,
3116 2357 3240 2399 tunc
3284 2347 3567 2400 dilatatutn
3618 2355 3699 2398 est
3742 2360 3802 2397 os

2226 2449 2405 2497 meum
2448 2450 2612 2504 super
2646 2437 2898 2492 inimicos
2935 2454 3103 2493 meos.
3150 2456 3167 2489 ι
3193 2437 3307 2491 Non
3355 2446 3437 2491 est
3477 2436 3645 2508 488
3674 2451 3803 2489 sau-

2225 2534 2345 2581 ctus
2374 2526 2516 2581 sicut
2547 2528 2885 2582 Dominus“.
2913 2548 2932 2580 ι
2974 2529 3030 2583 Si
3065 2532 3326 2598 scriptmn
3371 2539 3536 2592 esset,
3567 2529 3683 2582 Non
3720 2536 3805 2580 est

2225 2627 2445 2672 sanctus
2471 2619 2571 2671 nisi
2607 2602 2887 2682 Dominus,
2924 2633 3263 2689 consequens
3312 2629 3431 2672 erat
3472 2632 3663 2671 omnes
3704 2632 3804 2671 nos

2225 2710 2544 2762 renuntiare
2581 2710 2986 2778 nobismetipsis
3020 2711 3086 2763 ab
3128 2710 3228 2763 hac
3258 2724 3352 2778 spe
3393 2718 3449 2762 ut
3480 2710 3654 2761 sancti
3685 2707 3805 2761 effi-

2222 2816 2474 2856 ceremttr
2506 2821 2519 2857 :
2554 2818 2697 2857 nunc
2743 2812 2923 2856 autem
2964 2804 3268 2857 necessaria
3315 2800 3662 2855 distinetione
3694 2800 3803 2855 uti-

2227 2912 2313 2956 tur
2346 2909 2399 2957 et
2452 2897 2622 2956 dicit:
2657 2913 2676 2952 t
2701 2895 2812 2954 Non
2853 2910 2937 2953 est
2983 2909 3208 2954 sanctus
3261 2908 3405 2951 Sicut
3454 2896 3744 2958 Dominus;
3774 2913 3796 2945 ι

2225 2996 2326 3050 hoc
2360 3004 2461 3057 est,
2491 2995 2590 3049 etsi
2625 2995 2733 3046 sint
2782 2992 2933 3045 multi
2975 2992 3171 3057 sancti,
3219 2996 3316 3046 sed
3347 2992 3526 3045 nullus
3557 2990 3629 3043 ita
3665 3001 3803 3041 san—

2224 3100 2343 3143 ctus
2380 3098 2461 3144 est
2519 3096 2575 3141 ut
2624 3086 2899 3140 Dominus.
2955 3083 3191 3137 Possunt
3235 3098 3366 3151 ergo
3421 3082 3571 3135 multi
3623 3083 3798 3136 sancti

544 3180 821 3225 εειθονηιι
852 3182 1127 3240 ροιεῖηιιεο
1170 3172 1251 3229 vel
1284 3177 1687 3230 ventilabimus.
1737 3175 1840 3229 Sed
1894 3184 1946 3228 et
1994 3174 2120 3228 alibi
2149 3182 2192 3240 c
2230 3181 2369 3245 fieri,
2396 3182 2612 3235 sicutet
2635 3178 2945 3231 mandatum
2975 3174 3066 3229 Dei
3096 3175 3365 3229 ἀίοῐιυιι
3392 3172 3576 3226 Sancti
3603 3182 3800 3235 estote,

546 3260 805 3314 dicitur"
834 3278 846 3319 :
881 3280 899 3317 t
928 3262 988 3320 Et
1012 3268 1402 3321 exaltabuutur
1439 3284 1642 3322 cornua
1666 3268 1821 3334 justi.
1847 3285 1866 3318 ι
1895 3264 2121 3334 Oportet

543 3366 671 3423 ergo
707 3371 803 3410 nos
834 3357 1029 3411 habere
1072 3361 1173 3412 ista
1218 3373 1446 3425 cornua,
1482 3374 1602 3429 qua:
1639 3360 1804 3429 justis
1841 3357 1906 3410 de
1940 3356 2121 3411 causis

546 3448 788 3514 apicibus
819 3449 1015 3502 Christi
1065 3455 1245 3504 crucis
1285 3456 1659 3515 conferuntur,
1689 3462 1747 3505 ut
1792 3452 1847 3505 in
1887 3452 1972 3504 his
2028 3452 2122 3504 de-

547 3549 825 3592 strnamns
847 3551 899 3592 et
921 3539 1243 3607 dejiciamus
1263 3541 1603 3596 adversarias
1623 3542 1849 3594 virtutes
1864 3541 1929 3593 de
1942 3541 2120 3592 anima

547 3642 754 3694 nostra,
784 3630 980 3698 quibus
1009 3633 1298 3700 prostratis
1324 3643 1375 3685 et
1408 3633 1647 3700 expulsis
1678 3633 1849 3701 possit
1884 3632 1935 3684 in
1966 3632 2123 3685 nobis

546 3723 777 3789 plantari
808 3723 984 3788 vinea,
1013 3722 1139 3791 quia
1176 3740 1193 3771 ι
1218 3724 1372 3776 vinea
1408 3723 1551 3776 facta
1583 3733 1669 3778 est
1698 3722 1897 3778 dilecto
1926 3723 1977 3775 in
2003 3738 2123 3777 cor-

547 3830 641 3877 nu,
683 3815 734 3867 in
777 3814 893 3867 loco
926 3814 1188 3867 uberi”.t
1220 3814 1523 3867 Exaltatum
1561 3824 1644 3868 est
1686 3829 1814 3883 ergo
1857 3829 2021 3869 cornu
2071 3823 2123 3868 et

546 3903 885 3973 hujusjustae
922 3906 1134 3975 gratiae,
1172 3917 1225 3960 et
1260 3906 1584 3975 omnisjusti
1616 3905 1667 3959 in
1710 3907 1958 3961 Domino.
1990 3924 2007 3957 ι
2032 3906 2121 3959 Di-

547 3997 772 4049 latatum
797 4007 877 4050 est
899 4012 961 4051 os
990 4013 1168 4051 meum
1199 4012 1359 4067 super
1385 3997 1635 4051 inimicos
1677 3996 1935 4053 meos”.»
1970 3998 2120 4051 Scri-

545 4100 696 4158 ptum
726 4089 865 4143 est"
893 4107 905 4143 :
935 4106 953 4142 ι
983 4090 1155 4143 Dilata
1204 4106 1265 4145 os
1314 4099 1486 4156 tuum,
1533 4096 1588 4141 et
1611 4085 2119 4159 adimpleboillud,»

544 4189 600 4234 et
628 4195 768 4233 nunc
794 4180 925 4232 dicit
959 4181 1071 4233 haec
1091 4178 1237 4247 justa
1271 4200 1282 4234 :
1319 4197 1336 4230 ι
1362 4180 1654 4234 Dilatatum
1681 4188 1765 4233 est
1796 4193 1858 4232 os
1883 4193 2117 4233 meum.»

546 4273 602 4326 Si
640 4272 862 4325 idoneus
901 4281 955 4325 et
984 4270 1139 4325 fortis
1169 4271 1322 4327 fuero
1367 4271 1417 4325 in
1450 4271 1615 4325 verbo
1656 4268 1903 4333 effectus,
1935 4277 1989 4323 et
2027 4283 2122 4322 va-

548 4364 687 4417 lidus
720 4363 772 4417 in
801 4363 1089 4431 sapientia,
1122 4364 1193 4416 ita
1219 4371 1278 4417 ut
1304 4378 1409 4416 non
1437 4362 1679 4431 angustis
1704 4360 2120 4422 assertionibus,

548 4455 641 4507 sed
666 4455 903 4508 dilatatis
920 4466 970 4507 et
998 4454 1344 4507 affluentibus
1370 4452 1651 4506 confutare
1679 4452 1883 4521 possim
1909 4465 2122 4504 onmem

2223 3273 2479 3341 quoniam
2513 3281 2565 3326 et
2595 3286 2695 3339 ego
2717 3280 2937 3324 sanctus
2960 3283 3097 3322 sum.
3128 3285 3145 3318 ι
3178 3267 3281 3319 Sed
3312 3275 3802 3334 quantumcunque

2222 3366 2345 3434 quis
2392 3366 2445 3417 in
2479 3365 2769 3417 sanctitate
2803 3361 3073 3429 proficiat,
3103 3358 3506 3428 quantumlibet
3548 3358 3804 3426 puritatis

2223 3465 2278 3509 et
2303 3454 2636 3508 sinceritatis
2662 3452 2928 3520 acquirat,
2967 3450 3039 3502 ita
3070 3464 3190 3502 esse
3225 3460 3447 3503 sanctus
3496 3448 3659 3502 homo
3691 3460 3795 3499 non

2224 3554 2399 3615 potest
2433 3545 2571 3598 sicut
2607 3544 2890 3605 Dominus;
2928 3543 3053 3610 quia
3089 3540 3176 3593 ille
3211 3540 3437 3607 largitor
3485 3539 3798 3593 sanctitatis

2223 3646 2329 3700 est,
2358 3636 2457 3689 iste
2487 3644 2802 3701 susceptor;
2840 3635 2927 3687 ille
2952 3633 3260 3687 sanctitatis
3287 3630 3408 3684 fons
3443 3640 3552 3693 est,
3587 3631 3675 3683 hic
3700 3644 3802 3683 att-

2228 3738 2333 3783 tem
2382 3729 2557 3782 sancti
2596 3727 2760 3781 fontis
2804 3735 3049 3794 potator;
3099 3725 3188 3778 ille
3225 3725 3530 3778 sanctitatis
3573 3722 3663 3775 lux
3695 3731 3801 3786 est,

2227 3820 2313 3873 hic
2346 3827 2547 3873 saneta:
2576 3818 2709 3871 lucis
2741 3818 3044 3884 inspector;
3073 3826 3124 3867 et
3148 3814 3266 3868 ideo
3297 3832 3316 3866 ι
3341 3829 3444 3867 non
3475 3822 3557 3865 est
3580 3818 3803 3866 sanctus

2224 3911 2361 3964 sicut
2386 3909 2666 3972 Dominus,
2686 3916 2740 3961 et
2770 3922 2871 3960 non
2903 3916 2989 3960 est
3020 3914 3216 3974 przeter
3242 3914 3311 3958 te.
3337 3922 3355 3954 ι
3383 3904 3518 3969 Quid
3550 3912 3632 3956 est
3655 3900 3802 3969 quod

2226 3999 2374 4059 dicit,
2419 4012 2563 4051 tuon
2616 4007 2699 4050 est
2744 4006 2938 4065 praeter
2989 4005 3102 4059 te,»
3161 4010 3266 4048 non
3314 3997 3472 4063 plane
3515 3994 3690 4060 capio.
3741 3990 3802 4044 Si

2223 4089 2471 4153 dixisset,
2502 4104 2606 4141 non
2634 4098 2715 4143 est
2750 4089 2891 4142 Deus
2923 4098 3116 4158 prazter
3152 4100 3224 4153 te,
3255 4086 3339 4140 vel
3374 4101 3479 4138 non
3524 4094 3608 4139 est
3648 4097 3805 4137 crea-

2229 4190 2310 4235 tor
2335 4190 2531 4248 przeter
2560 4190 2634 4243 te,
2663 4189 2753 4232 aut
2794 4179 2898 4232 tale
2945 4179 3148 4249 aliquid
3178 4178 3493 4238 addidisset,
3542 4174 3673 4228 nihil
3711 4189 3801 4227 re-

2226 4273 2548 4343 quirendum
2580 4272 2885 4334 videbatur,
2918 4287 3059 4325 nunc
3103 4280 3281 4322 autem
3312 4268 3435 4336 quia
3463 4268 3613 4329 dicit,
3650 4284 3667 4316 ι
3691 4279 3803 4317 non

2225 4349 2306 4418 est
2335 4374 2529 4433 praeter
2558 4373 2628 4429 te,
2656 4382 2672 4414 ι
2718 4364 2849 4417 mihi
2886 4366 2986 4416 hoc
3013 4362 3228 4415 videtur
3258 4360 3310 4413 in
3347 4358 3464 4413 loco
3501 4357 3806 4425 designari,

2229 4455 2359 4508 nihil
2391 4470 2578 4509 eorum
2611 4470 2733 4522 quas
2765 4465 2912 4518 sunt,
2967 4456 3066 4507 hoc
3100 4452 3275 4520 ipsum
3310 4451 3452 4521 quod
3486 4458 3613 4504 sunt
3646 4458 3807 4500 natu-

550 4542 830 4595 scientiam
861 4543 1211 4595 extollentem
1242 4557 1300 4595 se
1327 4542 1616 4594 adversum
1649 4540 1806 4595 fidem
1840 4547 1893 4593 et
1924 4540 2123 4592 verita-
2160 4524 2201 4578 θ
2229 4546 2415 4599 raliter
2445 4546 2665 4600 habere.
2710 4545 2787 4598 Tu
2837 4544 2984 4598 solus
3033 4558 3113 4609 es,
3156 4545 3239 4596 cui
3282 4543 3426 4611 quod
3468 4557 3549 4605 es,
3598 4556 3626 4594 a
3657 4540 3808 4593 nullo

554 4642 659 4683 tem
689 4632 893 4685 Christi
922 4650 934 4685 :
962 4633 1044 4685 vel
1083 4647 1204 4685 eum
1239 4631 1677 4684 incredulitatem
1714 4630 1795 4682 vel
1843 4628 2124 4697 perfidiam

554 4738 785 4791 arguens
808 4722 1117 4776 Iudaeorum
1150 4736 1216 4776 ex
1247 4722 1365 4790 lege
1395 4730 1450 4774 et
1471 4736 1537 4775 ex
1571 4720 1849 4789 prophetis
1872 4720 2126 4788 deprom-

554 4826 721 4881 ptam,
758 4816 1049 4869 ostendero
1082 4828 1203 4867 esse
1230 4811 1515 4867 Christum
1548 4812 1756 4878 .lesum,
1786 4822 1839 4866 et
1864 4814 1917 4866 in
1950 4813 2127 4866 omni-

555 4906 655 4958 hus
688 4914 877 4973 potero
915 4906 1244 4974 redarguere
1273 4903 1516 4957 veritatis
1555 4903 1805 4958 inimicos
1837 4920 1850 4955 :
1882 4911 2010 4958 tunc
2049 4904 2128 4957 di-

554 5011 657 5064 gne
690 5014 906 5067 possum
947 4999 1108 5054 etiam
1159 5013 1259 5065 ego
1306 4996 1487 5052 dicere
1516 5016 1529 5054 :
1563 4996 1892 5052 «Dilatatum
1937 5006 2023 5053 est
2063 5011 2126 5052 os

557 5103 732 5141 meum
765 5104 927 5157 super
980 5088 1235 5144 inimicos
1285 5104 1501 5145 meos.»
1562 5089 1617 5144 Si
1669 5090 1796 5145 mihi
1849 5099 2124 5145 certamen

556 5190 770 5233 moveat
803 5178 1083 5244 Basilides,
1111 5192 1165 5235 et
1200 5197 1324 5235 eum
1361 5182 1708 5235 vehementer
1740 5180 2015 5236 obtrivero
2041 5200 2054 5236 :
2082 5182 2127 5235 si

554 5272 822 5327 Valentini
869 5272 1163 5342 discipulus
1194 5282 1453 5328 occurrat
1503 5284 1555 5326 et
1605 5288 1690 5326 me
1732 5273 2127 5341 quaestionibus

553 5365 797 5431 ventilet,
840 5374 894 5418 et
922 5367 988 5419 de
1034 5366 1135 5419 hoc
1181 5365 1478 5419 certamine
1508 5366 1684 5418 victor
1711 5365 1932 5419 exiero:
1962 5365 2005 5418 si
2041 5365 2126 5418 his

553 5457 853 5524 prostratis,
890 5456 1128 5511 Marcion
1169 5466 1444 5520 occurrat,
1495 5467 1549 5509 et
1594 5457 1908 5510 discesserit
1960 5456 2125 5510 etiam

555 5549 667 5617 ipse
700 5561 1026 5618 superatus:
1059 5568 1078 5600 ι
1108 5551 1395 5604 Dilatatum
1431 5559 1511 5604 est
1541 5564 1603 5603 os
1629 5562 1806 5602 meum
1838 5564 2001 5617 super
2025 5550 2128 5602 iui-

1354 5754 1494 5808 Psal.
1528 5771 1687 5819 uxr,
1726 5754 1813 5806 t0.

1354 5826 1397 5855 ¹⁸
1423 5826 1549 5878 ibitl.
1606 5832 1656 5877 ‘2.

572 5786 575 5787 ν
630 5752 839 5808 “Psal.
888 5769 1030 5817 mv,
1064 5754 1118 5809 5.
1197 5756 1239 5785 "

561 5835 631 5883 Vl,
670 5824 752 5878 ll.
828 5825 916 5875 ¹τΙ
964 5823 1090 5890 Reg.
1128 5840 1186 5887 ll,
1226 5827 1271 5878 ι.

1921 5755 1968 5786 ¹³
1992 5754 2112 5808 Isai.
2163 5772 2214 5817 v,
2257 5758 2306 5812 1.

1741 5827 1780 5855 ι’
1827 5824 1993 5878 [.evil.
2043 5841 2130 5889 xx,
2162 5827 2254 5883 ‘26.
2332 5824 2424 5876 ¹⁰1
2468 5817 2694 5891 κυεΪυ,
2736 5822 2789 5873 2.
2866 5821 2908 5850 ¹¹
2942 5819 3108 5899 Exod.
3142 5832 3222 5881 ιιι,
3266 5817 3368 5884 Η,

2229 4638 2411 4691 datum
2447 4647 2551 4691 est.
2591 4636 2696 4690 Nos
2737 4636 2881 4689 enim
2909 4650 3119 4701 omnes,
3166 4634 3218 4687 id
3255 4644 3338 4688 est
3365 4634 3614 4687 universa
3650 4645 3812 4684 crea-

2229 4735 2369 4791 tura,
2398 4740 2502 4795 non
2529 4739 2751 4779 eramus
2770 4731 3059 4789 antequam
3086 4737 3415 4782 crearemur.
3443 4733 3496 4775 et
3522 4721 3641 4774 ideo
3656 4717 3809 4787 quod

2227 4832 2436 4880 smnus,
2461 4817 2709 4869 voluntas
2731 4826 2812 4869 est
2834 4814 3124 4869 Creatoris.
3157 4814 3217 4866 Et
3236 4813 3361 4881 quia
3383 4813 3675 4881 aliquando
3699 4824 3810 4861 non

2230 4910 2451 4976 fuimus,
2482 4924 2584 4963 non
2635 4917 2719 4963 est
2751 4909 3018 4977 integrum
3050 4908 3093 4961 si
3136 4906 3354 4959 dicatur
3394 4909 3460 4959 de
3491 4903 3647 4957 nobis
3676 4902 3809 4969 quia

2232 5015 2441 5062 smnus,
2468 5009 2725 5066 quantum
2750 4999 2816 5051 ad
2848 4998 2973 5051 illud
3001 5006 3214 5065 spectat
3246 5012 3368 5050 cum
3401 5010 3505 5048 non
3536 5008 3805 5048 essemus.

2233 5091 2341 5145 Sed
2377 5088 2525 5143 solus
2553 5099 2637 5143 est
2666 5087 2832 5154 Deus,
2864 5088 2954 5158 qui
2984 5089 3126 5157 quod
3159 5097 3243 5141 est
3274 5100 3487 5153 semper
3511 5085 3723 5146 habuit,
3753 5092 3817 5135 et

2235 5197 2341 5235 non
2372 5180 2586 5250 accepit
2618 5188 2679 5233 ut
2708 5190 2853 5235 esset
2894 5180 3126 5235 initium.
3171 5178 3413 5245 Denique
3443 5176 3655 5246 Moyses
3680 5188 3813 5226 cum

2233 5274 2443 5327 discere
2478 5272 2637 5326 vellet
2681 5286 2711 5324 a
2754 5271 2862 5325 Deo
2887 5271 3031 5340 quod
3072 5271 3121 5323 ei
3167 5283 3362 5323 nomen
3411 5277 3575 5330 esset,
3606 5265 3816 5319 docens

2230 5379 2352 5419 eum
2383 5365 2523 5418 Deus
2549 5364 2750 5416 dixit“
2782 5375 2799 5415 :
2826 5380 2842 5411 ι
2865 5362 2976 5430 Ego
3019 5376 3135 5413 sum
3165 5359 3256 5427 qui
3293 5374 3437 5419 sum,
3462 5364 3516 5406 et
3543 5354 3643 5408 hoc
3674 5352 3816 5406 mihi

2234 5472 2427 5510 nomen
2457 5465 2564 5510 est.
2605 5472 2626 5505 ι
2661 5452 2717 5506 Si
2746 5467 2875 5521 ergo
2914 5452 3062 5505 aliud
3086 5451 3284 5520 aliquid
3328 5449 3380 5500 in
3409 5445 3676 5501 creaturis
3706 5443 3818 5496 hoc

2234 5552 2449 5605 nomine
2485 5549 2569 5603 vel
2612 5547 2715 5600 hac
2745 5545 3113 5615 significantia
3146 5540 3404 5613 appellari
3438 5547 3639 5609 posset,
3668 5550 3817 5589 nun—

2910 5750 2953 5781 "
2983 5747 3127 5802 Psal.
3165 5762 3318 5808 xvttl,
3363 5744 3449 5799 l0.
3529 5741 3636 5796 “ll
3680 5740 3816 5798 Cor.

2387 5756 2427 5785 ’δ
2467 5753 2485 5807 1
2518 5752 2650 5822 Reg.
2692 5768 2750 5811 ll,
2782 5752 2831 5805 l.
