4124 6438
378 393 510 448 1000

1484 401 1549 454 IN
1591 401 1844 457 LIBRUM
1884 398 2120 455 REGIS.“
2161 389 2445 450 llO~.\lll.l.-\
2488 390 2526 442 l.

3509 396 3647 450 1010

374 527 537 578 quam
562 511 773 566 diceret
800 513 1058 568 Dominus
1094 513 1193 567 hoc
1219 512 1322 567 sibi
1348 527 1468 567 esse
1496 527 1713 566 nomen.
1741 512 1956 567 Sciebat
1988 518 2031 572 Α
2065 513 2250 575 Immo,
2283 513 2405 580 quis
2433 527 2516 562 me
2545 508 2803 561 liberabit
2837 508 2902 562 de
2929 521 3162 577 corpore
3191 509 3384 564 mortis
3412 509 3637 580 huius?-

372 602 519 656 enim
550 619 608 658 se
641 605 816 659 solum
858 621 999 670 esse,
1033 618 1315 660 creaturas
1360 621 1489 660 vero
1531 622 1558 659 a
1588 621 1646 660 se
1680 606 1957 674 accepisse

373 701 432 745 ut
454 705 655 750 essent.
673 695 808 749 Nam
827 707 879 750 et
907 696 1095 751 tn'nhra
1122 698 1188 750 ad
1219 697 1683 766 comparationem
1709 696 1957 766 corporis

373 803 479 842 non
512 795 618 854 est,
655 797 710 842 et
739 788 921 844 iunius
954 791 1020 843 ad
1049 791 1510 857 comparationem
1539 788 1677 856 ignis
1718 803 1821 842 non
1850 799 1950 842 est.

373 882 465 935 Sic
497 897 627 949 ergo
664 888 719 933 et
747 895 866 948 qua:
899 882 952 933 in
984 881 1138 935 caelis
1178 891 1304 934 sunt
1339 891 1393 933 et
1419 897 1542 950 quae
1580 882 1631 934 in
1679 891 1846 945 terra,
1876 883 1957 935 vi-

371 973 548 1027 sibilia
589 982 644 1026 et
680 972 999 1038 invisibilia,
1034 985 1298 1042 quantum
1330 974 1395 1027 ad
1428 982 1678 1027 naturam
1711 975 1801 1028 Dei
1831 991 1958 1044 per-

371 1062 526 1126 tinet,
552 1078 657 1116 non
697 1072 842 1121 sunt.
899 1073 1159 1132 quantum
1190 1065 1255 1117 ad
1289 1065 1620 1118 voluntatem
1650 1064 1950 1126 Creatoris.

369 1164 492 1209 sunt
541 1155 644 1209 hoc
681 1155 824 1222 quod
878 1170 939 1209 ea
980 1169 1102 1208 esse
1155 1156 1321 1209 voluit
1357 1156 1444 1210 ille
1495 1157 1584 1224 qui
1633 1156 1778 1210 fecit.
1827 1156 1952 1210 [deo

367 1261 498 1315 ergo
534 1248 755 1310 dicitur,
791 1249 918 1316 quia
953 1267 970 1298 ι
1000 1258 1194 1316 praeter
1230 1259 1301 1312 te,
1337 1264 1440 1301 non
1471 1258 1573 1302 est.
1609 1268 1627 1300 ι

441 1341 528 1395 1‘2.
572 1359 592 1392 ι
621 1341 734 1395 Non
757 1351 838 1395 est
865 1353 1056 1410 potens
1089 1342 1230 1396 sicut
1273 1343 1432 1406 Deus,
1457 1343 1594 1398 Deus
1627 1353 1813 1397 uoster
1837 1347 1898 1396 ¹¹.
1930 1363 1946 1394 ι

367 1433 558 1486 Simile
581 1443 671 1490 est
699 1433 799 1487 hoc
843 1433 915 1486 illi
964 1434 1106 1502 quod
1143 1436 1396 1502 superius
1443 1435 1645 1488 dictum
1683 1437 1787 1498 est,
1825 1438 1950 1503 quia

365 1539 472 1578 non
512 1534 593 1579 est
627 1536 848 1580 sanctus
884 1528 1024 1580 sicut
1056 1527 1340 1582 Dominus.
1381 1529 1534 1583 Sient
1563 1530 1705 1582 enim
1738 1529 1807 1583 ibi
1843 1547 1948 1584 non

365 1615 526 1682 dixit,
555 1617 681 1681 quia
714 1633 820 1670 non
855 1629 938 1672 est
975 1629 1194 1674 sanctus
1223 1621 1536 1690 quisquam,
1584 1623 1677 1676 sed
1729 1637 1833 1677 non
1869 1632 1952 1678 est

363 1718 585 1762 sanctus
611 1709 750 1762 sicut
781 1709 1056 1772 Dominus,
1097 1719 1156 1763 ut
1181 1713 1501 1766 ostenderet
1528 1713 1652 1780 quia
1683 1713 1786 1766 etsi
1820 1722 1950 1766 sunt

364 1800 562 1861 sancti,
593 1809 774 1854 tamen
806 1818 964 1856 nemo
997 1804 1071 1856 ita
1102 1815 1186 1856 est
1211 1815 1436 1858 sanctus
1461 1815 1519 1858 ut
1544 1813 1624 1859 esl
1653 1805 1946 1860 Dominus:

366 1887 439 1942 ita
476 1901 531 1944 et
563 1891 616 1944 in
657 1893 760 1946 hoc
796 1893 913 1947 loco
947 1897 1051 1948 etsi
1099 1896 1171 1948 sit
1201 1896 1394 1964 aliquis
1429 1907 1641 1965 potens,
1669 1915 1688 1947 ‹
1711 1913 1813 1952 non
1842 1910 1946 1965 est,

363 1977 564 2048 inquit,
600 1993 789 2050 potens
825 1986 968 2039 sicut
1007 1987 1145 2041 Dens
1183 1999 1387 2042 uoster.
1417 2008 1435 2040 ι

437 2068 522 2124 13.
568 2091 585 2121 ι
614 2072 792 2126 Nolite
832 2075 1200 2144 mul.ip|icare
1249 2079 1392 2148 loqui
1447 2081 1746 2134 excelsa.”
1774 2107 1790 2133 ι
1841 2083 1950 2137 Cur

365 2173 471 2213 non
509 2162 688 2216 dixit:
726 2163 902 2219 Nolite
945 2167 1090 2236 loqui
1149 2170 1404 2224 excelsa?
1454 2171 1593 2241 Ergo
1642 2174 1770 2228 licet
1817 2176 1945 2228 ntihi

357 2251 543 2320 aliqua
580 2254 726 2323 loqui
767 2258 1004 2324 excelsa,
1039 2261 1405 2330 multiplicare
1439 2275 1619 2319 autem
1654 2267 1865 2322 excelsa
1895 2277 1948 2322 et

359 2341 528 2392 ardua
575 2357 681 2397 non
715 2345 844 2399 mihi
883 2346 1031 2414 licet,
1072 2349 1174 2403 hoc
1215 2354 1360 2406 enim
1417 2353 1633 2408 videtur
1670 2356 1944 2426 designari

362 2444 459 2496 per
492 2432 542 2486 id
581 2435 725 2502 quod
757 2438 956 2492 dictum
992 2449 1072 2494 est
1101 2460 1114 2494 :
1152 2461 1170 2491 ι
1192 2441 1372 2497 Nolite
1402 2445 1766 2515 multiplicare
1800 2449 1944 2519 loqui

360 2525 604 2579 excelsa.
631 2544 648 2576 ι
685 2526 822 2591 Quid
858 2545 986 2597 ergo
1021 2548 1116 2599 per
1148 2533 1251 2586 hoc
1300 2535 1592 2601 indicetur,
1632 2542 1945 2596 considere-

360 2627 500 2668 mus.
523 2613 636 2670 Non
670 2614 1002 2686 permittitur
1028 2624 1278 2680 humanae
1309 2642 1517 2683 naturae
1541 2631 1705 2685 multa
1729 2638 1942 2690 excelsa

360 2701 528 2773 loqui,
567 2723 741 2777 neque
773 2712 935 2766 multa
971 2716 1188 2770 excelsa
1231 2719 1554 2789 intelligere.
1591 2723 1725 2777 Nam
1759 2736 1812 2780 et
1842 2727 1944 2782 Sa—

359 2794 537 2851 lomon
572 2799 760 2854 dicit“
789 2825 801 2858 :
830 2822 849 2854 ι
871 2805 1074 2860 Altiora
1110 2818 1159 2862 te
1191 2825 1255 2863 ne
1284 2814 1586 2879 quaesieris,
1621 2826 1676 2869 et
1713 2817 1938 2872 fortiora

354 2893 504 2941 tene
540 2902 807 2958 scrutere,
852 2897 949 2951 sed
996 2899 1060 2950 de
1105 2901 1301 2968 quibus
1336 2903 1430 2957 tibi
1465 2915 1799 2973 praeceptum
1833 2918 1937 2974 est,

359 2979 469 3032 haec
497 2980 758 3048 intellige.
792 3006 810 3038 ι
850 2986 992 3059 Ergo
1023 3003 1076 3044 et
1115 2993 1165 3044 in
1199 2994 1300 3046 hoc
1327 2994 1446 3048 loro
1478 2997 1681 3051 dicitur
1717 3003 1941 3054 «excel-

352 3089 465 3138 sa,»
499 3093 600 3130 non
635 3089 688 3131 ut
717 3083 939 3136 omnino
966 3101 1069 3149 non
1101 3103 1335 3154 quaeras,
1366 3092 1457 3144 sed
1491 3108 1556 3146 ne
1585 3093 1760 3147 dehis
1791 3102 1936 3149 mul-

355 3165 566 3230 tiplices
591 3171 935 3235 quaestiones.
969 3175 1302 3244 Respieienti
1337 3183 1536 3250 quippe
1584 3186 1649 3236 ad
1689 3186 1932 3240 inibecil-
1963 3196 2005 3252 ο

350 3253 556 3310 litatem
608 3261 938 3318 conditionis
983 3267 1267 3335 humame,
1319 3273 1550 3329 sulliciat
1601 3278 1694 3331 tibi
1745 3294 1807 3334 ea
1869 3283 1934 3336 de

348 3349 577 3402 excelsis
615 3361 668 3404 et
706 3355 890 3408 arduis
927 3357 1005 3409 vel
1044 3359 1338 3427 inquisisse
1377 3365 1457 3417 vel
1493 3370 1767 3438 proloqui,
1813 3389 1934 3440 qtae

351 3434 517 3488 vitam
573 3439 652 3492 vel
704 3441 1112 3509 inquirentibus
1155 3453 1236 3504 vel
1280 3451 1626 3521 loquentibus
1667 3461 1928 3519 tribuant.

350 3522 480 3589 Quae
509 3539 686 3582 autem
715 3543 839 3584 sunt
867 3535 919 3588 in
951 3539 1148 3605 quibus
1177 3543 1389 3595 excelsa
1421 3561 1507 3598 me
1539 3547 1682 3618 loqui
1712 3567 1932 3609 necesse

351 3614 469 3666 est?
501 3615 728 3681 Quando
764 3623 827 3676 de
860 3628 1252 3696 omnipotentia
1307 3633 1398 3686 Dei
1438 3614 1647 3702 loquor,
1683 3641 1749 3692 de
1797 3643 1932 3696 invi-

351 3704 611 3760 sibilitate
659 3719 713 3762 et
752 3715 1188 3782 sempiternitate
1239 3722 1380 3788 ejus,
1439 3729 1656 3783 excelsa
1714 3732 1925 3801 loquor.

349 3793 580 3858 Quando
609 3800 675 3851 de
708 3799 984 3871 Unigeniti
1033 3809 1150 3874 ejus
1189 3816 1565 3872 coazternitate
1605 3825 1929 3894 ueterisque

349 3898 466 3950 ejus
516 3893 790 3957 mysteriis
836 3902 1152 3963 pronuntio,
1198 3905 1412 3958 excelsa
1451 3907 1662 3976 loquor.
1699 3893 1926 3979 Quando

347 3975 417 4029 de
460 3982 633 4034 sancti
689 3982 926 4052 Spiritus
975 3993 1379 4061 magniﬁcentia
1422 3975 1652 4066 dissero,
1710 3975 1923 4065 excelsa

347 4066 560 4137 loquor.
599 4073 653 4126 In
687 4075 770 4130 his
805 4087 1010 4133 tantum
1072 4085 1227 4140 nobis
1276 4093 1597 4148 conceditur
1637 4097 1781 4167 loqui
1830 4116 1926 4155 ex-

345 4159 510 4214 celsa.
553 4163 685 4219 Post
717 4169 833 4222 haec
869 4171 968 4224 tria
1013 4172 1126 4242 jam
1165 4177 1296 4230 nihil
1344 4180 1588 4249 loquaris
1617 4191 1920 4246 excelsum.

344 4253 535 4309 Omnia
570 4261 716 4313 enim
765 4263 986 4318 humilia
1028 4279 1152 4322 sunt
1186 4280 1239 4324 et
1273 4274 1500 4341 dejecta,
1547 4291 1811 4348 quantum
1857 4287 1922 4340 ad

345 4346 632 4402 Trinitatis
669 4351 831 4420 hujus
859 4355 1238 4415 celsitudinem
1284 4377 1518 4430 spectat.
1566 4346 1745 4427 Nolite
1789 4390 1921 4448 ergo

346 4439 711 4508 multiplicare
743 4444 887 4513 loqui
916 4450 1156 4517 excelsa,
1192 4454 1291 4509 nisi
1322 4458 1388 4510 de
1417 4458 1582 4516 Patre
1613 4472 1667 4517 et
1695 4465 1836 4522 Filio
1853 4439 1922 4524 vet

2059 603 2322 656 Couvenit
2351 603 2453 657 hoc
2481 603 2586 657 dici
2619 603 2684 656 de
2712 600 2859 654 οιιιιιί
2898 599 3136 654 homine.
3190 600 3445 656 Miserum
3488 620 3644 657 nam-

2059 713 2164 766 que
2191 706 2276 751 est
2325 697 2634 752 mortalium
2673 710 2845 764 genus
2872 709 2886 746 :
2917 694 3181 764 siquidem
3218 710 3322 748 non
3367 696 3542 751 solum
3586 699 3638 750 in

2061 790 2238 853 malis,
2265 790 2358 843 sed
2403 798 2455 842 et
2508 789 2560 842 in
2594 789 2752 842 bonis
2803 787 3201 856 periclitamur.
3234 788 3397 842 Verbi
3434 789 3636 855 gratia.

2060 883 2296 935 visiones
2332 881 2596 950 quasdam
2632 880 2740 933 vidi
2773 879 2966 940 bonas,
3015 877 3172 932 facta:
3199 891 3327 932 sunt
3361 880 3488 932 mihi
3523 880 3638 933 ela-

2060 974 2212 1029 tioui.
2240 973 2404 1044 Signa
2434 981 2485 1026 ct
2510 973 2750 1042 prodigia
2785 987 2881 1040 per
2910 986 2994 1026 me
3027 970 3247 1040 impleta
3273 982 3419 1034 sunt,
3448 986 3639 1039 snper-

2059 1066 2156 1120 bus
2185 1064 2411 1119 eﬂ‘ectus
2440 1081 2556 1118 smn
2601 1064 2653 1116 in
2691 1063 2867 1117 bonis.
2902 1062 3128 1115 Servavi
3176 1061 3464 1131 justitiam,
3499 1078 3638 1117 con-

2059 1156 2364 1218 tinentiam,
2405 1156 2680 1217 virtutem,
2730 1155 2825 1207 sed
2864 1154 2914 1205 in
2953 1153 3038 1206 his
3075 1152 3376 1220 periclitor.
3411 1152 3638 1219 Quando

2055 1249 2199 1301 enim
2238 1247 2369 1301 nihil
2415 1245 2560 1300 aliud
2613 1245 2804 1300 fecerit
2853 1245 3108 1308 Zabulus,
3145 1259 3244 1314 pro
3275 1244 3358 1298 his
3383 1245 3642 1301 omnibus

2057 1339 2284 1392 suscitat
2317 1339 2446 1392 mihi
2489 1338 2830 1406 superbiam,
2858 1337 2926 1389 ita
2960 1346 3016 1389 ut
3050 1346 3236 1405 postea
3267 1336 3496 1390 habeam
3534 1351 3649 1391 an-

2055 1431 2232 1497 gelum
2270 1431 2486 1484 Satanae
2517 1435 2608 1500 qui
2645 1445 2729 1483 me
2759 1429 3088 1498 colapltizet,
3127 1430 3200 1480 uti
3233 1444 3300 1483 ne
3323 1430 3556 1483 extollar
3592 1441 3648 1484 et

2054 1531 2213 1575 exeat
2243 1522 2664 1592 magniloquium
2694 1521 2760 1574 de
2784 1535 2879 1574 ore
2908 1521 3110 1585 meo",
3139 1521 3192 1574 id
3217 1532 3320 1584 est,
3349 1539 3416 1576 ne
3440 1539 3632 1593 Inagna

2055 1614 2121 1666 de
2182 1613 2388 1681 meipso
2445 1612 2656 1680 loquar,
2714 1611 2968 1679 qiiouiam
3023 1612 3240 1679 quidem
3301 1614 3636 1668 exterminat

2057 1704 2316 1757 Dominus
2367 1704 2508 1756 labia
2564 1703 2772 1767 dolosa,
2815 1713 2870 1756 et
2929 1704 3164 1771 linguam
3221 1704 3630 1774 magniloquam

2053 1810 2238 1849 eorum
2280 1799 2370 1863 qui
2409 1795 2720 1849 dixerunt"
2751 1815 2764 1848 :
2794 1813 2810 1845 (
2838 1795 3101 1863 Linguam
3137 1805 3377 1848 nostram
3418 1798 3633 1865 magni-

2057 1889 2359 1942 licavimns.
2429 1887 2544 1941 Non
2594 1901 2723 1954 ergo
2763 1897 2919 1940 exeat
2967 1886 3396 1953 magniloqulum
3439 1889 3503 1940 de
3538 1901 3632 1940 ore

2053 1991 2252 2040 vestro,
2287 1980 2412 2046 quia
2456 1979 2611 2032 fortis
2641 1979 2990 2032 scientiarum
3022 1977 3304 2031 Dominus.
3329 1996 3347 2028 ι

2123 2068 2210 2122 15.
2249 2086 2265 2117 ι
2302 2068 2366 2120 Et
2419 2084 2522 2120 non
2567 2070 2996 2120 ementlareruut
3043 2075 3400 2132 excusantes;
3438 2087 3456 2119 ι
3495 2069 3630 2123 sicut

2049 2171 2104 2214 et
2156 2160 2228 2215 ibi
2279 2162 2481 2215 dictmn
2524 2161 2662 2214 est”
2697 2179 2708 2212 :
2741 2158 2893 2212 ιΝυιι
2948 2159 3181 2213 declinet
3223 2175 3317 2214 cor
3368 2173 3514 2214 tuum
3574 2163 3624 2215 in

2049 2254 2214 2308 verba
2256 2253 2396 2308 mala
2447 2252 2512 2305 ad
2563 2253 2900 2306 excusandas
2951 2253 3338 2308 excusationes
3394 2255 3445 2306 in
3499 2270 3626 2323 pec-

2050 2345 2188 2400 catis
2239 2360 2361 2397 cum
2429 2344 2743 2398 hominibus
2799 2344 3154 2413 operantibus
3210 2345 3620 2416 iniquitatem.»

2051 2436 2116 2490 Et
2145 2436 2196 2489 in
2233 2434 2531 2488 Proverbiis
2563 2435 2824 2488 dicitur’°
2851 2453 2863 2488 :
2894 2453 2912 2486 ι
2952 2438 3280 2492 Occasiones
3312 2439 3516 2508 accipit
3542 2441 3625 2508 pi-

2048 2543 2141 2596 ger
2185 2537 2245 2581 et
2288 2527 2414 2580 dicit
2457 2545 2469 2579 :
2508 2525 2619 2581 Leo
2668 2535 2748 2581 est
2804 2527 2857 2581 in
2917 2530 3000 2580 via
3031 2569 3043 2591 ,
3103 2529 3154 2582 in
3213 2529 3402 2598 plateis
3445 2541 3621 2584 autem

2048 2619 2354 2672 homicida).
2389 2637 2408 2669 ι
2449 2617 2756 2672 Invenimus
2799 2634 2930 2689 ergo
2965 2619 3099 2673 tales
3131 2635 3250 2673 esse
3288 2631 3622 2688 peccatores,

2043 2709 2212 2780 489
2241 2720 2562 2764 accusantes
2586 2711 2767 2764 omnia
2811 2713 2978 2780 magis
3006 2726 3165 2780 quam
3199 2713 3538 2782 semctipsos,
3570 2723 3624 2768 et

2045 2803 2362 2856 occasiones
2411 2803 2632 2857 sibimet
2682 2804 3089 2857 excusationum
3151 2804 3437 2874 tingentes,
3493 2821 3617 2858 eum

2044 2895 2273 2948 dicunt:
2307 2893 2543 2949 Zabulus
2584 2910 2668 2948 me
2717 2896 3100 2964 supplantavit,
3149 2897 3343 2950 mulier
3401 2912 3485 2950 me
3534 2911 3622 2950 se-

2043 2985 2216 3049 duxit,
2256 2985 2345 3040 ille
2374 2986 2504 3039 mihi
2545 2989 2887 3041 occasionem
2926 2989 3174 3056 pr:rs:itit
3212 3001 3266 3042 ut
3298 3006 3620 3059 peccarem,

2042 3093 2166 3131 cum
2201 3079 2391 3145 utique
2434 3089 2715 3148 oporteret
2768 3082 3080 3135 meminisse
3131 3084 3380 3151 pra-cepti
3432 3084 3620 3139 dicen—

2043 3170 2197 3223 tis“.
2219 3187 2237 3219 ι
2269 3171 2361 3225 Dic
2387 3181 2440 3224 tu
2469 3184 2686 3239 peccata
2717 3177 2971 3235 tuaprior
3001 3175 3428 3240 utjnstiliceris:
3465 3198 3481 3229 ι
3513 3194 3618 3232 non

2045 3262 2186 3315 enim
2238 3265 2530 3317 emendant
2563 3267 2968 3330 excusationes,
3007 3283 3179 3336 neque
3228 3269 3335 3333 hic,
3369 3286 3540 3338 neque
3568 3272 3618 3326 in

2045 3352 2252 3417 futuro,
2287 3355 2330 3407 si
2376 3356 2515 3409 male
2547 3350 2864 3414 fecerimus.
2901 3359 3004 3412 Sed
3053 3369 3106 3412 et
3138 3360 3267 3413 illud
3302 3363 3353 3414 in
3387 3378 3618 3417 excursu

2043 3447 2357 3516 contingere
2377 3451 2746 3504 necessarium
2783 3451 3014 3506 videtur.
3042 3452 3235 3506 Mirum
3271 3457 3467 3524 quippe
3491 3472 3622 3511 con-

2044 3539 2177 3594 tinet
2200 3557 2441 3608 sensum,
2480 3545 2602 3612 quia
2633 3547 2896 3616 scriptum
2927 3558 3011 3602 est
3032 3549 3076 3580 "
3106 3566 3118 3602 :
3152 3549 3378 3606 «Justus
3399 3557 3510 3623 ipse
3535 3556 3616 3611 sui

2041 3641 2329 3685 accusator
2360 3633 2420 3686 lit
2452 3633 2502 3686 in
2533 3635 2802 3704 principio
2825 3637 3094 3693 sermonis
3120 3642 3222 3702 sui,
3245 3661 3260 3693 ι
3287 3658 3407 3696 cum
3437 3653 3616 3699 tamen

2042 3720 2271 3788 injustus
2307 3739 2412 3777 non
2445 3725 2514 3778 sit
2545 3727 2626 3780 sui
2659 3738 2948 3782 accusator
2977 3769 2992 3793 ,
3039 3722 3131 3785 sed
3163 3733 3409 3787 aliorum.
3463 3735 3620 3790 Sicut

2038 3820 2091 3864 et
2129 3811 2363 3868 Zabulns
2394 3827 2680 3872 accusator
2715 3821 2930 3889 quidem
2961 3831 3067 3887 est,
3114 3836 3400 3879 accusator
3433 3837 3612 3882 autem

2038 3917 2142 3956 non
2191 3905 2296 3969 sui,
2346 3907 2439 3960 sed
2497 3908 2745 3964 fratrum.
2778 3912 2997 3967 Interim
3029 3928 3220 3970 omnes
3269 3933 3488 3972 necesse
3532 3932 3617 3974 est

2037 3997 2279 4048 accusari
2314 4012 2328 4050 :
2361 3999 2456 4052 sed
2485 4001 2530 4053 si
2557 4001 2773 4070 quidem
2804 4003 2986 4071 justus
3025 4006 3195 4072 fuero,
3231 4024 3334 4060 non
3358 4021 3616 4076 exspecto

2037 4095 2094 4138 ιιι
2121 4088 2260 4141 alius
2289 4103 2375 4142 me
2392 4101 2639 4155 accuset,
2675 4095 2768 4146 sed
2803 4094 2916 4162 ipse
2942 4096 3044 4149 mei
3077 4108 3363 4151 accusator
3383 4101 3610 4156 exsisto.

2038 4179 2256 4234 Plenius
2297 4190 2476 4235 tamen
2515 4182 2677 4237 velim
2736 4184 3040 4248 discutere,
3098 4190 3371 4255 quomodo
3436 4202 3613 4259 potest

2029 4269 2210 4338 justus
2264 4271 2346 4322 sui
2398 4285 2686 4326 accusator
2720 4289 2867 4328 esse.
2922 4277 3140 4330 Certum
3172 4287 3252 4332 est
3285 4280 3409 4346 quia
3441 4281 3614 4334 donec

2034 4361 2158 4427 quis
2198 4370 2387 4430 peccat
2420 4371 2474 4416 et
2507 4375 2787 4430 permanet
2822 4367 2873 4418 in
2929 4367 3163 4432 delictis,
3207 4383 3384 4438 neque
3429 4371 3612 4440 justus

2031 4463 2135 4517 est,
2191 4469 2367 4522 neque
2400 4464 2686 4508 accusator
2721 4465 2802 4511 est
2854 4459 2960 4514 sui.
3016 4457 3134 4513 Non
3190 4462 3336 4513 enim
3389 4471 3613 4518 accusat

344 4526 547 4630 Spiritu
582 4544 797 4590 sancto.
833 4537 898 4592 Et
929 4551 983 4592 ut
1022 4543 1236 4610 plenius
1269 4551 1617 4607 manifestum
1652 4558 1738 4612 fiat
1773 4564 1921 4630 quod

2043 4547 2175 4614 quod
2207 4548 2338 4616 agit.
2369 4546 2504 4600 Cum
2559 4562 2688 4601 vero
2745 4549 3062 4616 ptenituerit
3108 4566 3136 4602 a
3198 4550 3432 4617 delictis,
3482 4560 3612 4608 tunc

341 4619 635 4688 loquimur,
693 4637 909 4682 utamur
970 4633 1168 4699 adhuc,
1219 4637 1264 4691 si
1320 4641 1557 4708 videtur,
1607 4619 1915 4720 exemplis:

340 4714 492 4766 verbi
525 4716 694 4783 gratia
733 4731 925 4787 gentes
971 4723 1168 4780 multos
1209 4728 1562 4788 introducunt
1613 4714 1920 4798 deos-Ista:

337 4802 708 4871 multiplicant
761 4811 904 4880 loqui
960 4818 1192 4872 excelsa.
1232 4819 1622 4880 llaereticorum
1667 4833 1916 4901 quidam,

340 4891 775 4966 derelinquentes
826 4915 1124 4961 creatorem
1185 4913 1390 4978 mundi,
1437 4926 1492 4969 et
1534 4891 1728 4974 Filium
1773 4891 1913 4992 ejus,

338 4984 545 5054 lingunt
572 4993 672 5045 sibi
711 4995 877 5048 alium
908 5001 1093 5054 nescio
1126 5017 1288 5070 quem
1324 5008 1684 5064 excelsiorem
1728 4984 1913 5080 deum,

340 5085 390 5128 et
416 5077 550 5133 alios
570 5083 821 5137 similiter
849 5087 1220 5154 introducunt,
1241 5095 1355 5149 sive
1383 5114 1520 5167 quos
1543 5101 1768 5167 αἰῶνας,
1800 5077 1916 5162 sive

338 5181 476 5233 quos
521 5170 653 5224 deos
699 5176 996 5245 appellant.
1028 5179 1093 5233 Et
1145 5182 1231 5237 isti
1271 5200 1402 5254 ergo
1438 5189 1797 5260 multiplicant
1830 5195 1911 5249 lo-

331 5261 423 5328 qui
455 5263 691 5318 excelsa.
889 5329 910 5355 .

404 5350 494 5406 Li.
551 5370 569 5402 ι
601 5351 714 5408 Νοιι
747 5350 907 5411 exeat
931 5364 1353 5433 magniloquium
1381 5368 1446 5423 de
1479 5385 1573 5425 ore
1599 5382 1776 5427 vestro
1795 5375 1861 5426 ".
1887 5393 1907 5426 ›

333 5438 466 5496 Vide
504 5442 633 5511 quid
686 5445 888 5502 dictmn
935 5459 1020 5505 est
1066 5453 1133 5506 ab
1178 5456 1500 5524 Apostolo"
1531 5477 1544 5514 :
1575 5461 1776 5516 «Miser
1810 5479 1911 5532 ego

2024 4638 2208 4705 justus
2231 4638 2493 4704 ellicitur,
2537 4648 2593 4692 et
2626 4654 2730 4693 non
2777 4640 3030 4706 alterius,
3076 4641 3170 4694 sed
3202 4643 3283 4696 sui
3320 4652 3610 4698 accusator

2026 4731 2257 4785 exsistit.
2654 4736 2670 4747 ‘

2100 4823 2188 4878 16.
2217 4842 2235 4874 ι
2275 4823 2451 4878 Arcus
2491 4825 2789 4893 potentium
2825 4825 3130 4880 infirmatus
3165 4834 3248 4880 est
3277 4828 3340 4882 ³³.
3373 4851 3389 4882 ι
3416 4830 3606 4893 .[acula

2027 4915 2388 4984 maligniquze
2427 4917 2685 4969 dicuntur
2723 4916 2911 4984 ignita,
2948 4934 3044 4983 per
3081 4926 3606 4990 arcumpotentinut

2027 5007 2370 5060 emittuntur.
2433 5006 2687 5061 Potentes
2717 5019 2896 5062 autem
2927 5010 3157 5066 virtutes
3213 5014 3466 5068 dicuntur
3511 5015 3609 5072 ad-

2026 5113 2220 5161 versae,
2250 5098 2316 5153 de
2357 5100 2552 5167 quibus
2583 5100 2780 5153 dicitur
2804 5100 2880 5165 ³⁸,
2919 5118 2936 5150 ι
2983 5105 3108 5171 quia
3139 5120 3266 5160 ecce
3290 5117 3606 5174 peccatores

2026 5192 2374 5244 intenderunt
2401 5207 2612 5255 arcum,
2645 5194 2777 5246 etin
2803 5195 2920 5262 ipso
2950 5208 3284 5266 paraverunt
3306 5214 3434 5252 vasa
3465 5215 3605 5252 mor-

2025 5282 2113 5334 tis.
2155 5300 2172 5332 ι
2211 5281 2274 5334 Et
2304 5282 2500 5336 iterum
2534 5299 2546 5334 :
2585 5301 2603 5333 ι
2641 5283 2883 5352 Sagittas
2929 5304 3065 5342 suas
3103 5291 3421 5343 ardentibus
3466 5288 3598 5342 (ιπε-

2022 5372 2116 5426 cit.
2153 5392 2171 5424 ι
2219 5371 2326 5427 Sed
2359 5384 2410 5428 et
2440 5391 2582 5429 nunc
2611 5377 2829 5441 dicitur,
2880 5380 3009 5446 quia
3043 5398 3061 5432 ι
3098 5395 3258 5434 arcus
3298 5380 3598 5447 potentium

2019 5464 2328 5521 inﬁrmatus
2355 5477 2457 5521 est.
2497 5487 2516 5519 ι
2554 5469 2612 5522 Si
2640 5471 2786 5524 enim
2821 5471 3041 5526 indutus
3078 5476 3154 5527 sis
3189 5471 3358 5523 armis
3390 5469 3506 5530 Dei,
3550 5470 3595 5523 si

399 5645 445 5732 1'
480 5642 652 5732 l'Reg.
901 5649 1140 5732 .f’hihiil.
1186 5654 1238 5706 3.
1337 5655 1610 5732 “_Ecc_|_i._
1642 5675 1718 5724 ιιι,
1762 5661 1850 5717 2‘2.
1930 5667 1936 5692 θ

2086 5662 2216 5732 Reg.
2262 5681 2320 5726 Il,
2363 5663 2416 5720 5.
2513 5665 2556 5694 ³⁵
2593 5665 2748 5720 Rom.
2787 5681 2879 5725 vn.
2917 5665 3007 5718 24.
3117 5667 3158 5696 ’⁷
3191 5664 3229 5718 ll
3256 5661 3378 5719 Cor.
3413 5682 3510 5728 xtl,
3536 5667 3594 5722 7.

330 5711 376 5742 "
401 5714 540 5766 Psal.
571 5711 664 5775 xit.
690 5717 742 5777 5,
773 5717 817 5769 ι.

331 5795 394 5849 ιι,
433 5786 474 5839 l.

901 5719 941 5749 ¹⁵⁸
969 5721 1105 5773 Psal.
1131 5737 1278 5784 CXLI.
1390 5727 1442 5778 4.

553 5785 596 5817 ³⁵
627 5785 767 5840 l’sal.
797 5804 853 5852 ιι,
885 5790 920 5844 2
955 5801 1006 5845 et
1042 5793 1180 5846 l‘sal.
1221 5809 1317 5863 vn,
1354 5796 1438 5850 l5.

1523 5729 1564 5759 ³ο
1593 5728 1747 5783 Prov.
1789 5749 1934 5799 xm,
1972 5735 2056 5789 15.

2134 5735 2169 5764 ³¹
2207 5733 2328 5789 Isai.
2363 5750 2516 5800 xuii,
2542 5736 2629 5789 226.
2710 5738 2754 5769 ³¹
2786 5737 2939 5790 l'rov.
2971 5750 3124 5801 xvni,
3167 5737 3245 5790 18.
3323 5737 3364 5766 ³³
3396 5734 3415 5787 l
3457 5737 3593 5808 lica.
