4124 6386
543 351 672 405 10H

2007 347 2326 406 ORICENIS

3654 352 3804 408 10ιῖ

537 476 693 520 scuto
732 465 852 521 fidei
889 466 966 521 sis
1003 469 1313 526 mnnitusct
1342 469 1496 540 galea
1532 469 1726 526 salutis
1757 469 2034 537 obtectus,
2063 480 2118 523 et
2147 489 2190 544 Α
2224 469 2349 523 filiis
2391 468 2662 524 inﬁrmata
2695 475 2797 524 est.
2840 487 2858 519 ι
2893 467 3114 523 Patroni
3167 466 3366 523 litterae
3407 465 3574 524 Judaei
3630 472 3798 529 velim

537 555 707 610 lorica
749 557 1058 620 charitatis,
1125 568 1179 612 et
1233 559 1408 629 gladio
1463 559 1687 628 spiritus
1746 561 2020 613 accinctus
2045 559 2111 621 ³⁸,

536 662 694 701 arcus
737 659 927 700 contra
973 658 1023 703 te
1073 652 1372 719 potentium
1406 667 1503 721 pro
1533 652 1883 706 munimentis
1919 651 2114 705 talibus

537 739 930 794 inﬁrmahitur.
978 741 1037 794 Si
1065 742 1208 794 cnim
1235 741 1508 810 iaculatus
1541 742 1702 797 fuerit
1736 743 2024 796 adversum
2064 753 2115 796 te

538 847 704 884 unum
757 830 977 900 aliquod
1010 832 1251 900 jaculum
1293 835 1549 904 ignitum,
1589 837 1639 888 id
1675 844 1956 905 exceptum
1991 833 2111 887 fidei

534 935 693 977 scuto
720 923 983 977 continuo
1018 925 1396 994 restinguitur.
1428 925 1568 980 Jecit
1599 937 1653 979 et
1679 926 1822 979 aliud
1849 925 2112 993 jaculum,

535 1016 810 1084 repulsum
844 1017 894 1069 id
924 1031 1140 1086 quoque
1175 1032 1203 1070 a
1251 1018 1476 1072 thorace
1506 1017 1734 1085 justitite
1757 1025 1862 1071 est.
1889 1017 2025 1070 Jecit
2059 1024 2114 1070 et

537 1109 778 1174 tertium,
835 1117 888 1161 et
945 1109 996 1161 id
1057 1108 1238 1177 gladio
1295 1109 1521 1178 spiritus
1570 1109 1950 1162 detruncatum
2005 1113 2110 1162 est.

533 1196 695 1251 Mittit
725 1197 969 1252 fortassis
1002 1209 1056 1252 et
1087 1211 1365 1268 quartum,
1399 1201 1544 1268 quod
1589 1199 1838 1254 similiter
1880 1211 1976 1266 per
2015 1212 2113 1265 ga-

534 1288 671 1342 leam
706 1289 898 1344 salutis
943 1288 1208 1356 abjectum
1238 1299 1340 1344 est.
1383 1290 1628 1360 Cumque
1658 1304 1750 1358 per
1780 1290 1892 1342 haec
1931 1287 2108 1340 omnia

536 1380 700 1433 homo
729 1378 819 1434 Dei
855 1379 1058 1449 petitus
1093 1377 1810 1440 invulnerabilismanserit,
1832 1384 1956 1428 tunc
1979 1389 2110 1427 arcu

535 1473 835 1538 potentium
861 1485 1200 1540 nequaquam
1235 1477 1312 1523 tot
1341 1469 1564 1524 directis
1603 1466 1824 1537 spiculis
1863 1465 2108 1519 inﬁrma-

533 1561 700 1614 bitur.

605 1652 692 1705 17.
726 1669 744 1704 ι
780 1649 847 1704 Et
889 1651 1086 1705 inﬁrmi
1121 1651 1352 1706 accincti
1382 1660 1510 1705 sunt
1556 1650 1874 1706 fortitudine
1899 1651 1964 1702 ³⁸.
1997 1669 2014 1701 ι
2053 1649 2107 1705 Si

530 1744 809 1797 videamus
846 1745 1121 1810 quomodo
1151 1761 1168 1793 ι
1211 1758 1332 1812 qum
1361 1743 1526 1797 stulta
1564 1751 1692 1798 sunt
1724 1743 1908 1797 mundi
1949 1741 2112 1811 elegit

531 1836 695 1900 Deus,
723 1844 782 1888 ut
805 1832 1112 1889 confundat
1134 1835 1508 1903 sapientes,et
1539 1849 1658 1904 qua:
1687 1836 1899 1888 inﬁrma
1925 1834 2106 1887 mundi
2140 1863 2182 1917 Β

529 1935 684 1991 ειιιιι,
734 1935 793 1981 ιιι
833 1926 1140 1981 confundat
1181 1924 1344 1980 fortia
1373 1926 1451 1990 π,
1485 1943 1503 1978 ι
1541 1925 1800 1996 intelligis
1839 1924 2108 1995 quomodo

527 2017 728 2071 infirmi
758 2017 988 2072 accincti
1015 2026 1143 2072 sunt
1175 2016 1521 2072 fortitudine.
1551 2017 1797 2071 Inﬁrmus
1823 2026 1940 2070 erat
1976 2031 2107 2084 grn-

527 2109 640 2162 tilis
687 2109 915 2179 populus
944 2149 960 2173 ,
1008 2111 1208 2179 quippe
1255 2111 1349 2179 qui
1419 2110 1626 2164 alienus
1685 2120 1806 2165 erat
1858 2125 1887 2162 a
1937 2119 2107 2163 teda-

530 2210 716 2254 mento
751 2199 843 2253 Dei
875 2217 890 2254 :
927 2200 1016 2254 hic
1075 2201 1304 2268 adeptus
1346 2210 1430 2256 est
1486 2201 1876 2256 fortitudinem.
1935 2200 2107 2268 Quam

529 2287 941 2343 fortitudinem?
978 2307 995 2339 ι
1037 2289 1322 2344 Fortitudo
1345 2307 1464 2344 mea
1491 2299 1546 2344 et
1581 2291 1820 2346 laudatio
1851 2307 1969 2345 mea
2003 2291 2109 2344 Do-

530 2379 738 2444 minus,
769 2389 821 2432 et
847 2379 1024 2434 factus
1046 2390 1130 2434 est
1163 2381 1292 2435 mihi
1325 2383 1378 2436 in
1412 2382 1642 2436 salutem
1679 2381 1745 2436 ³⁸.
1780 2403 1798 2433 ι
1827 2382 2110 2437 Fortitudo

530 2485 662 2541 ergo
689 2486 806 2524 mea
842 2472 957 2540 ipse
999 2483 1083 2527 est
1113 2472 1370 2528 Christus
1407 2475 1668 2529 Dominus
1690 2517 1704 2538 ,
1735 2491 1841 2544 qua
1877 2474 2106 2528 accincti

529 2577 718 2616 sumus
749 2578 847 2618 nos
876 2564 964 2632 qui
989 2579 1210 2619 eramus
1236 2566 1531 2635 aliquando
1551 2567 1708 2620 alicui
1736 2566 2110 2619 a'testamento

532 2653 649 2718 Dei,
683 2664 736 2708 et
773 2656 888 2709 sine
922 2658 1028 2710 Deo
1065 2657 1115 2710 itt
1151 2658 1252 2711 hoc
1284 2659 1486 2711 mundo
1512 2657 1578 2712 ".

602 2745 688 2800 18.
723 2765 741 2798 ι
783 2747 1022 2800 Satnrati
1083 2749 1314 2816 panibus
1345 2747 1560 2801 deducti
1595 2755 1722 2800 sunt
1752 2746 1819 2799 ad
1870 2745 2108 2800 servitu-

529 2837 716 2892 tem”.
754 2856 774 2889 ι
803 2838 1086 2906 Culpabile
1119 2839 1355 2893 ostendit
1404 2853 1525 2892 esse
1575 2838 1810 2891 saturari
1856 2836 2109 2907 panibus,

526 2928 650 2997 quia
682 2927 850 2983 Iacob
877 2928 1291 2982 manducavitet
1315 2928 1469 2990 bibit,
1489 2938 1543 2984 et
1565 2929 1800 2998 repletus
1828 2936 2002 2992 est,et
2025 2925 2111 2980 in-

527 3031 806 3075 crassatus
835 3028 938 3084 est,
969 3030 1024 3074 et
1054 3020 1419 3074 recalcitravit
1451 3020 1684 3075 dilectus
1707 3019 1780 3071 “.
1807 3037 1824 3070 ι
1854 3018 2111 3072 Esurien-

527 3121 612 3168 Ies
639 3113 1129 3182 dereliquerunt".
1158 3132 1174 3164 ι
1198 3112 1326 3168 Illos
1356 3113 1489 3168 dicit
1519 3113 1610 3182 qui
1641 3113 1869 3166 saturati
1893 3109 2110 3164 fuerant

2219 563 2407 614 videre
2438 562 2712 630 quomodo
2743 572 2994 616 asserunt
3023 560 3167 631 quod
3198 558 3425 615 fecunda
3475 562 3528 616 in
3557 562 3682 617 ﬁliis
3715 565 3799 616 in-

2218 653 2490 717 ﬁrmatnr,
2533 661 2587 706 et
2615 653 2826 707 sterilis
2862 654 3132 722 quomodo
3162 655 3374 725 peperit
3411 663 3621 724 septem
3650 671 3665 709 :
3701 656 3804 720 sed

2218 745 2429 798 illorum
2481 743 2677 797 fabulis
2708 746 2908 812 spretis
2951 761 3049 800 nos
3078 749 3510 810 consideremus,
3543 763 3611 802 ne
3655 746 3801 802 forte

2223 835 2600 904 unusquisque
2638 837 3120 892 nostrum'habeat
3148 838 3290 892 intra
3321 853 3380 894 se
3407 839 3649 894 sterilem
3675 856 3799 908 quae

2217 929 2426 996 peperit
2465 937 2696 996 septem,
2728 929 2927 982 habeat
2963 939 3017 983 et
3059 929 3349 984 fecundam
3407 932 3458 985 in
3513 933 3640 986 ﬁliis
3671 947 3797 1001 qua:

2216 1004 2538 1072 infirmatur.
2598 1016 2850 1072 Fecunda
2889 1019 2940 1071 in
2975 1021 3270 1090 propagine
3321 1031 3441 1076 erat
3489 1038 3624 1077 caro
3675 1038 3796 1076 mea

2217 1107 2423 1162 habens
2451 1109 2714 1177 plurimos
2744 1110 2926 1164 carnis
2951 1109 3180 1174 fructus,
3209 1111 3650 1180 fornicationem,
3689 1115 3794 1167 im-

2215 1198 2560 1264 munditiam,
2609 1199 3034 1268 impudicitiam,
3081 1200 3474 1267 idololatriam,
3503 1204 3791 1269 veneﬁcia,

2215 1289 2548 1356 inimicitias,
2606 1291 3007 1358 contentiones,
3068 1293 3464 1359 aemulationes,
3512 1295 3793 1349 incitatio-

2214 1395 2332 1447 nes,
2366 1381 2736 1438 dissensiones
2763 1400 2776 1447 ;
2808 1383 2923 1438 haec
2950 1394 3106 1438 erant
3130 1385 3316 1439 carnis
3347 1394 3546 1440 nostrae
3598 1401 3789 1440 nume-

2215 1487 2359 1526 rosae
2383 1473 2693 1543 progenies.
2725 1473 2829 1528 Sed
2858 1489 2982 1528 cum
3036 1476 3281 1529 venimus
3320 1475 3386 1529 ad
3416 1477 3578 1530 ﬁdem
3610 1478 3792 1530 crucis

2213 1563 2438 1628 Christi,
2466 1575 2520 1618 et
2566 1564 3035 1620 mortiﬁcationem
3067 1564 3213 1632 Jesu,
3249 1567 3514 1634 coepimus
3554 1568 3790 1622 circqu-

2213 1656 2358 1712 ferre
2407 1657 2462 1710 in
2511 1672 2745 1726 corpore
2793 1667 3000 1722 nostro,
3048 1667 3102 1712 et
3158 1660 3488 1714 tnortiﬁcare
3549 1661 3790 1721 membra

2214 1756 2399 1801 nostra
2425 1762 2546 1816 quae
2573 1756 2704 1801 sunt
2743 1763 2906 1817 super
2947 1757 3174 1809 terram,
3211 1758 3266 1803 et
3294 1749 3551 1804 exhibere
3581 1763 3644 1802 ea
3673 1764 3790 1802 ser-

2214 1839 2568 1908 virejustitiae
2595 1849 2651 1894 et
2679 1839 2960 1894 sobrietati
2989 1858 3004 1895 :
3040 1850 3166 1894 tunc
3189 1841 3490 1894 fecunditas
3519 1840 3792 1910 probrosae

2212 1928 2374 1998 hujus
2395 1931 2759 1999 generationis
2783 1931 3008 1987 exclusa
3041 1942 3144 1996 est,
3169 1941 3224 1986 et
3246 1933 3348 1988 hoc
3377 1933 3536 1987 modo
3560 1932 3790 1987 fecunda

2211 2021 2262 2074 in
2281 2020 2406 2075 ﬁliis
2427 2021 2702 2076 inﬁrmata
2723 2031 2826 2076 est.
2846 2022 3130 2089 Quomodo
3149 2033 3329 2078 autem
3355 2024 3554 2078 sterilis
3582 2032 3790 2093 septem

2209 2113 2419 2181 pariat,
2455 2114 2758 2167 videamus.
2798 2114 3014 2169 Sterilis
3059 2123 3177 2166 erat
3207 2116 3259 2168 in
3293 2129 3380 2168 me
3409 2114 3590 2167 anima
3623 2128 3741 2167 mea
3769 2153 3787 2180 ,

2209 2216 2315 2254 non
2351 2199 2612 2255 afferebat
2637 2201 2850 2257 fructus
2880 2203 3104 2273 justitize
3137 2221 3151 2256 :
3189 2218 3329 2256 nunc
3363 2213 3541 2258 autem
3571 2204 3661 2256 ubi
3692 2217 3790 2273 per

2213 2289 2371 2342 fidem
2405 2288 2608 2344 Christi
2652 2292 2853 2345 meruit
2903 2290 3137 2360 gratiam
3191 2289 3424 2358 Spiritus
3474 2288 3683 2354 sancti,
3733 2296 3791 2340 et

2210 2378 2435 2446 replevit
2477 2394 2596 2433 eam
2644 2381 2867 2450 spiritus
2897 2382 3178 2450 sapientia:
3214 2391 3266 2434 et
3302 2380 3608 2434 intellectus
3631 2421 3645 2445 ,
3678 2378 3792 2448 spi-

2210 2469 2347 2524 ritus
2377 2469 2590 2524 consilii
2622 2481 2674 2523 et
2710 2472 3064 2536 fortitudinis,
3105 2469 3569 2539 spiritusjustitiae
3597 2479 3651 2523 et
3683 2469 3788 2521 ιιιὶ-

2210 2560 2539 2623 sericordire,
2591 2567 2646 2613 et
2676 2561 2900 2627 replevit
2929 2576 3049 2614 eam
3081 2562 3304 2630 spiritus
3354 2561 3566 2615 timoris
3601 2559 3789 2612 Domi-

2212 2651 2265 2703 ni
2287 2649 2333 2680 ‘°
2365 2667 2379 2702 :
2417 2661 2628 2704 certum
2663 2661 2745 2704 est
2779 2652 2923 2718 quod
2967 2651 3177 2705 sterilis"
3212 2654 3424 2720 peperit
3467 2659 3696 2718 septem,
3738 2656 3794 2703 et

2213 2739 2445 2796 fecunda
2479 2741 2530 2794 in
2562 2740 2688 2795 ﬁliis
2715 2741 2986 2794 inﬁrmata
3021 2751 3120 2796 est.

2283 2833 2371 2889 19.
2411 2851 2429 2885 ¢
2473 2833 2736 2888 Dominus
2769 2833 3064 2888 mortiﬁcat
3090 2843 3145 2887 et
3179 2831 3419 2886 viviﬁcat
3454 2830 3518 2884 ".
3561 2850 3579 2883 ι
3616 2829 3790 2896 Quem

2212 2925 2507 2979 mortiﬁcat
2563 2924 2848 2990 Dominus,
2902 2932 2956 2979 et
3006 2938 3165 2993 quem
3201 2922 3480 2976 viviﬁcat?
3518 2921 3786 2988 Meipsum

2213 3014 2532 3079 mortificat,
2563 3029 2689 3068 cum
2720 3028 2806 3069 me
2837 3025 3106 3069 mortuum
3138 3015 3268 3068 facit
3307 3029 3427 3067 esse
3457 3022 3702 3081 peccato.
3727 3011 3790 3066 Et

2215 3107 2480 3174 meipsum
2510 3105 2772 3169 viviﬁcat,
2809 3118 2937 3158 cum
2965 3119 3050 3158 me
3082 3101 3217 3157 facit
3252 3104 3433 3157 vivere
3480 3104 3608 3158 Deo.
3656 3102 3787 3158 Pec-

527 3201 908 3269 panibus,quia
932 3199 1771 3272 reliqueruntesurientes.Venit
1793 3200 1983 3263 fames,
2001 3213 2105 3252 non
2136 3196 2178 3253 ο
2213 3205 2364 3251 cator
2413 3209 2587 3262 eram,
2640 3203 2696 3248 et
2745 3194 2797 3246 in
2828 3193 3038 3248 delictis
3107 3193 3356 3246 vivebam
3393 3211 3406 3247 :
3437 3193 3789 3246 mortiﬁcavit

529 3292 702 3345 fames
733 3291 905 3360 panis,
947 3307 1118 3360 neque
1143 3307 1296 3360 aqua;
1319 3292 1460 3358 sitis,
1480 3292 1573 3345 sed
1602 3289 1850 3343 audiendi
1885 3289 2106 3342 verbum

529 3384 737 3438 Domini
765 3385 830 3437 ".
851 3383 1140 3451 Propterea
1169 3396 1300 3445 ergo
1329 3400 1349 3432 ι
1374 3382 1678 3435 esurientes
1701 3380 2108 3447 dereliquerunt

527 3484 808 3538 nsquequo
829 3471 1032 3524 sterilis
1055 3472 1265 3536 peperit
1289 3479 1524 3538 septem,
1553 3479 1608 3522 et
1631 3469 1860 3523 fecunda
1895 3467 1949 3520 in
1975 3466 2102 3521 ﬁliis

528 3562 800 3614 infirmata
827 3572 910 3616 est
929 3561 995 3617 “.
1023 3561 1172 3614 Multi
1197 3561 1340 3614 enim
1367 3561 1460 3613 filii
1495 3561 1721 3612 deserta:
1749 3558 1924 3628 magis
1945 3571 2105 3625 quam

525 3651 642 3717 eius
667 3667 788 3718 qua:
815 3653 980 3706 habet
1007 3651 1179 3704 virum
1200 3651 1268 3704 ".
1301 3669 1321 3701 ι
1360 3650 1577 3704 Sterilis
1608 3657 1692 3704 est
1723 3657 1896 3702 mater
1919 3658 2104 3701 nostra

527 3741 804 3808 Ecclesia,
837 3743 950 3796 haec
993 3741 1204 3810 peperit
1236 3750 1466 3808 septem.
1495 3739 1867 3809 septenarium
1897 3737 2109 3792 scilicet

527 3847 837 3897 numerum,
871 3833 958 3887 cui
989 3831 1206 3901 requies
1231 3831 1470 3900 ascripta
1499 3839 1606 3885 est.
1636 3849 1654 3881 ι
1690 3829 1758 3885 Ει
1789 3829 2015 3884 fecunda
2053 3828 2106 3883 in

772 4102 936 4175 5.90
968 4102 1210 4171 Origenis
1241 4102 1303 4175 in,
1329 4101 1485 4175 primi
1513 4100 1634 4175 fibri
1667 4099 1864 4175 Regum

823 4170 939 4241 ἔαρ.
979 4170 1166 4226 xxvttt.
1191 4171 1339 4224 —l)e
1364 4170 1815 4240 Engartrimytho.

599 4283 728 4349 Qure
760 4283 896 4338 lecta
930 4283 1257 4344 audivimus,
1287 4282 1438 4350 plura
1481 4289 1606 4334 sunt
1641 4297 1655 4333 :
1688 4281 1754 4332 de
1788 4280 1853 4335 iis
1885 4281 1936 4333 in
1967 4280 2104 4334 duas

530 4386 713 4443 partes
754 4375 945 4429 divisis
990 4389 1170 4428 sertno
1214 4373 1372 4427 nobis
1404 4371 1685 4426 habendus
1712 4371 1840 4424 erit.
1883 4369 2013 4434 Quae
2041 4371 2107 4424 de

600 4513 644 4545 ³⁵
670 4511 873 4580 'Epltes.
914 4528 987 4576 vr,
1032 4511 1118 4570 Η.
1156 4511 1243 4574 16.
1285 4511 1368 4565 Π-
1471 4510 1516 4542 ﬂ
1547 4509 1572 4580 ,l
1618 4509 1764 4580 “('33.
1797 4507 1950 4580 ﬁt"

530 4584 575 4614 ⁸ο
601 4581 619 4634 l
647 4579 778 4648 Reg.
811 4597 870 4638 ιι,
903 4582 954 4634 5.
1058 4582 1103 4612 δι
1142 4580 1296 4633 Dent.
1338 4595 1508 4637 xxx".
1534 4579 1622 4633 15.

531 4653 576 4682 ⁸⁵
606 4651 702 4705 lsa.
730 4665 806 4713 ιιι,
846 4650 900 4712 2,
929 4652 983 4704 ὅ.
1087 4650 1128 4680 ⁸⁷
1157 4652 1176 4703 ι
1209 4649 1339 4718 Reg.
1372 4665 1442 4714 tt;
1469 4649 1521 4702 6.

603 4788 679 4857 (1)
735 4785 1211 4854 Ἀναγ-νωσθέντα
1240 4784 1491 4857 alsia-rd
1521 4785 1671 4857 ἐσῖι.
1703 4783 1964 4857 ld__moris
2002 4790 2120 4836 erat

531 4853 670 4924 apud
709 4853 948 4919 veteres,
985 4857 1059 4908 uti
1095 4857 1148 4908 in
1195 4855 1384 4909 Itomil.
1415 4855 1488 4908 20
1529 4853 1730 4908 iuJesu
1764 4855 1944 4918 Nave,
1987 4868 2109 4919 cap.

532 4928 621 4988 15,
654 4925 1071 4991 aduotabamus,
1099 4937 1157 4978 ut
1189 4940 1309 4978 cum
1353 4925 1419 4978 ad
1457 4939 1611 4978 sacra
1646 4926 1924 4986 coiisseut,
1961 4931 2112 4976 certa

531 4998 777 5064 quaedam
825 4996 1124 5064 Scriptura:
1171 4997 1351 5064 capita
1398 4995 1593 5063 populo
1648 4996 2112 5064 pt'wlegerrntur,

531 5061 649 5133 quae
699 5068 814 5118 fusa
866 5061 1214 5134 postmodum
1239 5061 1516 5128 oratione,
1569 5065 1634 5118 ad
1681 5063 1966 5134 arbitrium
2001 5061 2114 5131 epi-

531 5137 706 5203 scopi,
747 5144 803 5188 et
843 5133 906 5188 ad
933 5134 1261 5204 praefinitum
1299 5146 1531 5203 tempus,
1558 5133 2111 5204 prmsentibusetiant

531 5200 948 5260 catecltttmenis
1012 5206 1363 5259 concinnatur
1412 5200 1764 5272 explanaret.
1839 5200 2105 5272 Origenes

531 5277 691 5343 paulo
744 5275 972 5330 inferius
1024 5292 1038 5327 :
1092 5275 1386 5346 Τεσσᾴρων
1439 5265 2113 5346 ρῦσῶνλπερικφπῶνηῶν

532 5341 738 5418 ἑκάστη
764 5347 1063 5418 πράγμᾳτα
1095 5345 1195 5418 ob):
1225 5341 1380 5418 ῥΧιγα
1424 5344 1566 5418 ἔχειἱ
1589 5341 1854 5418 ᾁλλὰρεαὶ
1878 5345 1991 5418 “rei;
2017 5341 2112 5418 53-

532 5412 788 5486 ναμένόις
811 5412 1085 5486 ἒξέιρἁζειν
1113 5412 1388 5486 δυνάμενα
1417 5412 1718 5486 ἀὸχολῇσαι
1737 5412 1959 5486 ὥρᾳςμεὺ
1987 5413 2113 5486 μιᾶς

536 5482 807 5553 συνάξεως
827 5528 841 5550 ,
878 5485 1014 5539 ἀλλὰ
1052 5486 1147 5539 καὶ
1181 5482 1458 5549 πλειόνων,
1492 5482 1528 5537 ίὸ
1558 5485 1610 5537 τί
1643 5482 2053 5553 ποτεβούλετοιι
2085 5482 2113 5532 ὁ

531 5550 830 5621 irrisione;
857 5557 1195 5627 προτεινὰτω
1218 5556 1325 5627 τῷν
1355 5555 1658 5627 τεσσάρων,
1683 5555 1767 5627 ἵνοι
1784 5550 1926 5627 scapi.
1956 5550 2115 5627 τοιξτο

532 5621 1136 5705 ᾀεπχολῃβῷμενξηώςϋτὰ
1166 5625 1298 5694 περὶ
1317 5626 1414 5694 τῆς
1434 5621 1633 5705 suae:
1644 5622 1892 5705 pt'pt'iGOIJ,
1924 5621 2110 5689 φησιν,

535 5691 890 5761 ἑξὰαζέσθὶιι.
926 5696 991 5748 Ει
1019 5697 1108 5748 lib.
1147 5712 1203 5761 tu
1244 5691 1431 5748 roma
1475 5691 1736 5747 Ceis.:"l'i
1761 5691 1966 5753 τούτοις
2005 5707 2112 5743 πα-

540 5767 841 5836 ραπλήσιον
875 5766 1206 5837 πράττομεν,
1234 5766 1280 5818 οἱ
1321 5765 1410 5818 καὶ
1444 5765 1510 5818 δι’
1548 5763 1986 5832 ἀναγνωσμάτων
2021 5761 2114 5812 καὶ

2055 4507 2098 4538 ³⁷
2140 4505 2160 4558 1
2193 4504 2319 4560 Cor.
2353 4519 2392 4564 ι,
2431 4503 2522 4556 27.

1726 4577 1817 4631 “1
1855 4577 1988 4648 Reg.
2023 4593 2082 4644 tt,
2119 4577 2173 4631 5.

2213 3302 2300 3342 me
2334 3300 2363 3338 a
2396 3287 2654 3355 peccatis,
2689 3285 2826 3339 mori
2859 3300 2944 3338 me
2985 3284 3115 3337 fecit
3144 3285 3268 3336 vitae
3299 3283 3487 3352 priori,
3523 3292 3579 3336 et
3615 3283 3792 3336 viviﬁ-

2215 3379 2360 3432 cabit
2393 3392 2479 3431 me
2519 3387 2578 3430 ut
2617 3377 2669 3430 in
2722 3377 2916 3430 timore
2966 3389 3064 3430 suo
3117 3375 3316 3440 vivam,
3351 3385 3408 3429 ut
3457 3376 3510 3428 in
3548 3375 3651 3427 ﬁde
3692 3388 3791 3428 sua

2212 3480 2371 3534 stem,
2405 3479 2460 3522 ut
2491 3467 2628 3521 ultra
2659 3484 2763 3521 non
2797 3470 2972 3520 vivam
3021 3477 3263 3536 peccato,
3298 3469 3392 3522 sed
3430 3469 3556 3531 Deo,
3591 3468 3680 3535 qui
3707 3482 3794 3521 me

2213 3575 2242 3613 a
2279 3560 2506 3612 mortuis
2552 3558 2854 3623 suscitavit,
2887 3570 2942 3610 ut
2983 3559 3035 3611 itt
3080 3559 3322 3613 novitate
3353 3559 3476 3612 vita:
3510 3558 3788 3612 ambulem

2217 3649 2269 3702 in
2301 3649 2519 3702 Christo
2547 3647 2672 3702 Jesu
2712 3647 2941 3701 Domino
2967 3658 3176 3710 nostro,
3213 3647 3298 3700 cui
3321 3657 3406 3702 est
3427 3646 3596 3718 gloria
3615 3656 3670 3701 et
3693 3646 3794 3699 im-

2214 3735 2422 3804 perium
2453 3735 2506 3788 in
2531 3734 2728 3790 sacula
2759 3736 3105 3791 saeculorum.
3133 3735 3327 3790 Amen.

2140 4104 2186 4160 D
2226 4103 2557 4174 Ὡριτένους
2593 4105 2680 4168 εἱς
2703 4101 2831 4174 τὴν
2861 4100 2977 4174 τῶι»
3003 4099 3334 4174 Buccis:th
3365 4067 3624 4174 σιξοώτην,
3656 4113 3790 4168 κεςο.

2447 4180 2554 4238 κη’.
2589 4202 2656 4213 —-
2698 4172 2864 4239 Ὑπὲρ
2895 4171 3006 4237 τῆς
3035 4170 3554 4240 Ἐγγαστριμύθου.

2285 4268 2367 4322 Τὰ
2389 4265 2808 4334 ἀναγνωσθέντα
2855 4262 3078 4315 πλείονά
3115 4263 3230 4312 ἐστι
3261 4259 3358 4328 (⁸1)·
3393 4259 3488 4311 καὶ
3517 4260 3638 4310 ἐπεὶ
3683 4255 3792 4328 χρὴ

2206 4361 2626 4432 ὲπιτεμνόμενον
2657 4361 2829 4411 εἰπεῖν
2858 4357 2978 4410 δυσὶ
3011 4356 3356 4424 περικοπαῖς,
3379 4349 3693 4421 ἀνεγνώσθη
3722 4348 3793 4402 τὰ

2600 4500 2645 4530 ³⁸
2689 4497 2829 4551 Psal.
2880 4511 3067 4556 ειη-ιιι,
3113 4493 3195 4546 Η.
3272 4493 3315 4524 ³⁹
3362 4492 3560 4556 Ephes.
3603 4508 3663 4552 ιι,
3703 4491 3788 4544 12.

2278 4575 2324 4604 ⁸³
2360 4561 2548 4636 Amos,
2589 4584 2707 4633 vm,
2741 4570 2818 4621 t-l.
2898 4565 2942 4596 “
2967 4564 2984 4616 l
3010 4564 3141 4632 Reg.
3177 4580 3238 4626 tt,
3263 4563 3316 4616 5.
3390 4562 3434 4592 ’⁵⁸
3469 4561 3568 4613 lsa.
3599 4578 3707 4626 Ltv,
3739 4562 3787 4613 1.

2224 4779 2312 4832 διὰ
2343 4778 2452 4830 τῶν
2481 4778 2560 4838 εἰς
2592 4774 2660 4827 τὰ
2686 4769 3091 4838 ἁναγνώςματα.
3119 4767 3421 4838 διηγήσεων
3456 4765 3794 4838 προτρέπον.

2224 4867 2315 4911 τες
2356 4847 2452 4917 μὲν
2496 4836 2587 4897 ἐτι).
2633 4842 2730 4911 τὴν
2770 4836 2848 4904 εἰς
2889 4836 3018 4917 Θεὸν
3063 4836 3345 4917 intimidae)?
3379 4836 3703 4917 euséGstgv;
3739 4844 3796 4917 et

2219 4903 2409 4973 hoinil.
2447 4917 2514 4969 1‘2
2562 4917 2611 4967 in
2653 4903 2907 4967 Exodet
2938 4909 3123 4962 homil.
3152 4908 3184 4960 7
3223 4909 3274 4960 in
3315 4906 3483 4959 Levit.
3520 4903 3577 4958 ei
3605 4907 3791 4959 homil.

2219 4990 2250 5042 6
2276 4997 2330 5041 et
2360 4987 2432 5040 15
2502 4987 2555 5037 in
2595 4984 2753 5036 Nunt.
2795 4981 2996 5034 Morem
3037 4979 3179 5031 hunc
3211 4982 3487 5042 eleganter
3532 4976 3796 5029 describit

2214 5057 2460 5112 Justinus
2490 5054 2706 5121 A-polog.
2738 5053 2790 5107 Ξ.
2819 5050 2927 5103 Nec
2953 5048 3084 5121 viris
3105 5048 3276 5121 solum
3303 5046 3408 5121 Deo
3425 5045 3793 5121 consecratis,

2215 5129 2309 5183 sed
2340 5127 2493 5181 laicis
2523 5114 2688 5178 etiam
2729 5123 2778 5174 id
2821 5119 3059 5172 muneris
3090 5117 3382 5182 aliquando
3419 5114 3657 5184 episcopi
3695 5115 3790 5165 de-

2218 5197 2568 5251 mandabant.
2626 5191 2778 5257 Quod
2825 5190 2876 5242 itt
2918 5189 3148 5254 Origene
3191 5186 3424 5240 nondum
3476 5185 3798 5257 presbytero

2218 5267 2418 5321 factum
2453 5267 2520 5317 ah
2547 5253 2853 5317 Aleiandro
2873 5253 3386 5332 Hierosolymitano.
3404 5253 3796 5332 et‘T‘heocljsto

2216 5335 2539 5392 Cursariensi
2595 5332 2864 5401 epiSCOpis
2913 5345 3036 5402 cum
3089 5323 3430 5402 Detuetrius_
3453 5323 3798 5402 Alexandria:

2217 5407 2500 5475 episcopus
2530 5393 2968 5475 reprehenderet,
3003 5399 3099 5464 ipsi
3129 5405 3378 5475 auctores
3405 5395 3531 5447 facti
3561 5393 3795 5475 aliorum

2219 5462 2512 5530 multorum
2545 5462 2794 5543 eiemplo
2839 5462 3194 5543 excusarunt,
3234 5473 3296 5543 ut
3323 5475 3404 5543 est
3439 5463 3579 5543 apud
3617 5462 3792 5543 Euse-

2216 5547 2386 5611 bium,
2416 5546 2507 5598 lib.
2541 5558 2594 5594 γι
2643 5533 2845 5594 Hister.
2875 5540 3027 5611 eccl.,
3073 5553 3194 5604 cap.
3213 5535 3667 5611 _19._Conciott_em
3697 5533 3794 5585 de-

2219 5603 2385 5670 ιιιιιιιί
2417 5611 2723 5679 excipiebat
2757 5610 3006 5679 precatio
3035 5626 3046 5660 :
3083 5603 3224 5674 quod
3245 5605 3496 5679 “discere
3545 5603 3700 5679 licet_
3723 5616 3792 5654 ex

2217 5687 2438 5739 lrornilia
2515 5671 2582 5735 3'6
2615 5671 2866 5750 Ot'igénis
2902 5681 2952 5732 in
2987 5671 3210 5750 Lucam.
3245 5671 3369 5750 H.t_-_c
3399 5672 3793 5750 consuetudoe

2220 5755 2508 5826 synagogis
2542 5743 2852 5807 .ludaro'runt
2894 5750 2944 5803 in
2987 5747 3258 5803 Ecclesias
3289 5743 3492 5799 Christi
3526 5743 3740 5797 transiit
3769 5754 3786 5790 ι
