4124 6428
359 393 502 449 1015

353 602 563 673 ίστορία
593 601 626 672 ή
674 603 800 674 περὶ⁵
830 602 922 656 τοῦ
955 601 1260 674 κεκρύφθαι
1306 602 1398 656 τὸν
1440 601 1602 655 Δαυῒδ
1631 601 1782 672 παρὰ
1821 604 1934 665 τοῖς

353 691 618 762 Ζιφαίοις,
650 693 746 746 καὶ
770 693 1155 765 διαὸεϐλῆσθαι
1204 693 1364 747 αὑτὸν
1403 695 1494 746 ὑπ’
1519 693 1720 756 αὐτῶν,
1747 693 1936 764 ἐληλυ-

353 783 502 836 θέναι
529 784 585 836 δὲ
613 785 704 838 τὸν
727 783 898 837 Σαοὺλ
923 784 1243 856 βουλόμενον
1281 785 1461 838 λαϐεῖν
1491 787 1582 839 τὸν
1613 784 1792 848 Δαυῖδ,
1843 787 1936 838 καὶ

351 873 645 944 ἐληλυθότα
687 877 1015 947 ἐπιτηρῆσαι
1064 877 1273 948 καιρὸν,
1325 876 1711 946 ἐπεληλυθέναι
1751 894 1809 928 τε
1859 875 1936 945 τῷ

351 966 524 1023 Σαοὺλ
568 967 659 1020 τὸν
701 969 884 1034 Δαυῒδ,
926 969 1022 1024 καὶ
1053 969 1355 1038 εἰληφέναι,
1392 969 1736 1040 κοιμωμένου
1770 968 1934 1022 αὐτοῦ

351 1061 447 1122 καὶ
475 1059 582 1114 τῶν
613 1061 922 1132 φερούντων
953 1063 1030 1130 (2)
1057 1063 1239 1126 αὐτὸν,
1276 1064 1336 1116 τὸ
1361 1064 1486 1134 δόρυ
1520 1067 1613 1116 καὶ
1644 1066 1733 1116 τὸν
1762 1065 1935 1134 φακὸν

349 1149 442 1202 τοῦ
474 1149 682 1214 ὓδατος,
711 1152 805 1204 καὶ
849 1151 990 1221 μετὰ
1021 1151 1210 1204 τούτου
1234 1152 1452 1222 ἔλεγχον
1485 1155 1935 1225 προσενηνοχέναι

348 1243 460 1303 τοῖς
483 1242 936 1311 πεπιστευμένοις
972 1244 1070 1314 μὲν
1102 1243 1390 1312 φυλάττειν
1421 1245 1604 1309 αὑτὸν,
1631 1247 1935 1316 ἀποκοιμη-

350 1330 487 1383 Osis:
515 1331 593 1384 δέ.
631 1328 764 1385 Εἶτα
786 1333 854 1386 τὰ
876 1333 1001 1406 έξῆς
1034 1337 1065 1405 ή
1102 1335 1312 1405 ἱστορία
1347 1331 1415 1406 ἦν
1447 1336 1626 1406 τρίτη,
1655 1337 1736 1389 ὅτι
1777 1338 1936 1390 κατέ-

351 1437 489 1490 φυγε
525 1423 660 1495 πρὸς
691 1425 868 1495 ’Δχαρ
890 1424 1114 1494 βασιλέα
1138 1425 1237 1478 Γὲθ
1272 1427 1300 1479 6
1323 1425 1504 1488 Δαυῖδ,
1537 1427 1629 1480 καὶ
1646 1427 1777 1498 ὅσην
1808 1419 1936 1498 εὗρε

348 1513 509 1585 χάριν
554 1516 684 1587 παρ’
729 1516 877 1587 αὺτῷ
933 1517 1072 1588 μετὰ
1113 1518 1180 1571 τά
1210 1517 1378 1570 πολλὰ
1415 1517 1878 1589 ἀνδραγαθήματα
1904 1518 1932 1569 6

347 1597 526 1665 Δαυῒδ,
562 1601 697 1672 πρὸς
729 1603 810 1668 ὃν,
840 1623 858 1656 ι
906 1604 1502 1678 Ἀρχισωματοφύλακα
1532 1606 1766 1676 θήσομαί
1793 1624 1872 1671 σε,
1908 1626 1928 1658 ι

346 1691 533 1759 φησίν.
582 1693 740 1763 Ἑξῆς
767 1695 978 1759 τούτοις
1004 1692 1071 1766 ἦν
1104 1699 1136 1766 ἠ
1170 1695 1378 1766 ἱστορία
1407 1699 1438 1768 ή
1475 1697 1760 1767 διαϐόητος
1792 1697 1934 1769 ὑπὲρ

345 1780 444 1851 τῆς
466 1783 904 1856 ἐγγαστριμύθου
929 1789 1023 1840 καὶ
1051 1789 1181 1858 περὶ
1209 1787 1301 1841 τοῦ
1338 1788 1609 1858 Σαμουήλ·
1641 1789 1722 1840 ὅτι
1754 1785 1933 1851 ἔδοξεν

343 1871 661 1945 ἀνηνοχέναι
687 1879 718 1947 ἡ
747 1877 1184 1948 ἐγγαστρίμυθος
1218 1877 1307 1930 τὸν
1336 1878 1607 1948 Σαμουὴλ,
1646 1881 1740 1932 καὶ
1763 1880 1790 1932 6
1821 1881 1925 1932 Σα-
1963 1863 2000 1920 Β

347 1964 517 2034 μουὴλ
570 1967 902 2037 προφητεύει
954 1970 1029 2039 (5)
1064 1968 1140 2040 τῷ
1176 1970 1369 2024 Σαούλ.
1417 1971 1708 2042 Τεσσάρων
1749 1971 1925 2025 οὐσῶν

343 2056 656 2122 περικοπῶν
681 2057 778 2126 (4),
818 2052 892 2112 ὧν
922 2061 1124 2132 ἑκάστη
1153 2062 1454 2133 πράγματα
1490 2064 1590 2116 οὐκ
1612 2063 1763 2132 ὀλίγα
1789 2065 1921 2134 ἔχει,

343 2142 480 2199 ἀλλὰ
519 2146 748 2210 καὶτοῖς
780 2147 1097 2219 δυναμένοις
1133 2151 1409 2216 ἐξετάζειν
1451 2153 1722 2225 δυνάμενα
1771 2155 1928 2225 ἀσχο-

341 2231 504 2302 λῆσαι
551 2235 699 2307 ὥρας
736 2239 796 2290 οὐ
841 2242 970 2310 μιᾶς
1007 2243 1299 2308 συνάξεως,
1335 2245 1471 2298 ἀλλὰ
1513 2246 1606 2298 καὶ
1643 2246 1921 2308 πλειόνων,

337 2323 368 2377 ὃ
394 2326 449 2378 τί
482 2343 611 2379 ποτε
647 2319 894 2397 βούλεται
923 2332 952 2383 6
980 2331 1279 2397 ἐπίσκοπος
1299 2336 1636 2406 προτεινάτω
1671 2335 1778 2388 τῶν
1811 2353 1924 2388 τεσ-

339 2417 546 2487 σάρων,
581 2419 665 2471 ἵνα
698 2422 826 2491 περὶ
847 2422 1006 2477 τοῦτο
1028 2425 1541 2498 ἀσχοληθῶμεν··ὼς
1572 2427 1639 2480 τὰ
1669 2429 1795 2499 περὶ
1821 2429 1922 2498 τῆς

337 2509 804 2581 ἐγγαστριμύθου,
848 2517 1034 2585 φησὶν,
1065 2515 1419 2581 ἐξεταζέσθω.
1454 2518 1631 2570 Ἕνιαι
1655 2518 1752 2588 μὲν
1783 2518 1922 2569 ίστο-

341 2600 452 2669 ρίαι
474 2602 574 2672 οὐχ
603 2601 863 2658 ἅπτονται
881 2607 1055 2677 ήμῶψ
1073 2606 1217 2660 οὕτω
1246 2608 1290 2660 δ’
1313 2603 1486 2670 εἷπον,
1521 2609 1770 2680 ἱστορίαι,
1797 2607 1920 2660 ἐπεὶ

335 2691 546 2746 οὐδέπω
603 2694 876 2766 φθάνομεν
913 2697 1006 2749 ἐπὶ
1037 2697 1106 2751 τὰ
1131 2698 1231 2768 τῆς
1270 2699 1585 2768 ἀναγωγῆς,
1617 2699 1782 2752 παντὶ
1841 2697 1918 2769 τῷ

335 2781 496 2836 εἰδότι
514 2785 758 2853 ἀνάγειν,
782 2788 814 2857 ἢ
840 2787 1060 2841 ἀκούειν
1078 2789 1428 2859 ἀναγομένων
1460 2791 1705 2860 χρήσιμα
1729 2792 1914 2853 πᾶσιν·

334 2868 444 2926 οἷον
471 2875 546 2939 ὡς
571 2875 662 2929 ἐπὶ
680 2875 1121 2948 παραδείγματος
1149 2881 1181 2950 ή
1216 2880 1477 2951 ίστορίαή
1510 2883 1638 2951 περὶ
1672 2883 1765 2936 τοῦ
1792 2883 1916 2940 Λὼτ

335 2967 429 3020 καὶ
454 2967 562 3021 τῶν
584 2967 900 3042 θυγατέρων
940 2972 1123 3026 αὐτοῦ.
1156 2973 1220 3026 Ei
1258 2974 1440 3043 μέντοι
1470 2975 1612 3029 κατὰ
1658 2977 1754 3048 τὴν
1776 2980 1914 3032 ἀνα-

334 3059 518 3130 γωγὴν
546 3059 655 3130 ἔχει
695 3064 983 3133 χρήσιμον,
1017 3063 1151 3128 Θεὸς
1177 3061 1305 3129 οἶδε,
1326 3066 1420 3119 καὶ
1446 3060 1490 3133 ᾧ
1517 3065 1583 3119 ἂν
1620 3069 1913 3139 χαρίσηται

332 3151 458 3211 τοὺς
480 3149 672 3218 λόγους
705 3153 945 3216 ἐκείνους
967 3153 1260 3219 ἐξετάζεινο
1300 3159 1348 3210 εί
1377 3157 1435 3210 δὲ
1461 3157 1602 3212 κατὰ
1635 3161 1736 3230 τὴν
1767 3163 1911 3214 ἱστο-

1239 453 1244 457 .
1453 388 1520 444 ιΝ
1561 394 1818 450 LIBRUM
1862 393 2096 452 REGE.“
2145 393 2427 452 ΙῙΟΜΠΛᾹ
2467 393 2530 449 ιι,

314 495 326 522 ³
353 511 482 581 ἑξῆς
509 510 638 582 περὶ
667 510 853 566 Ναϐὰλ
881 511 972 565 τὸν
1009 511 1345 584 Καρμήλιον·
1387 505 1506 564 εἶτα
1543 509 1683 580 μετὰ
1710 509 1866 562 τοῦτο
1899 511 1917 561 ’ί

2041 508 2242 562 Nalrale
2294 506 2547 562 Carmelo
2624 503 2911 574 Scriptura
2988 501 3287 562 narrat“.

3486 375 3624 432 10ίᾶ

3342 500 3574 570 legimus
3603 517 3619 563 ;

2040 601 2276 670 posthaec
2320 598 2707 652 occultationis
2734 596 2954 650 Davidis
2981 597 3120 664 apud
3155 594 3404 662 Ziplneos
3447 595 3622 648 histo-

2039 694 2173 746 riam
2207 694 2274 757 ‘9,
2307 691 2455 744 illum
2493 689 2562 744 ab
2596 690 2676 744 eis
2701 697 3051 750 accusatum,
3078 687 3365 741 advenisse
3395 686 3618 741 Saulem

2037 801 2102 839 eo
2131 785 2334 847 animo,
2384 794 2441 836 ut
2475 783 2728 836 Davidem
2771 793 3022 850 caperet,
3068 789 3121 833 et
3151 794 3274 833 cum
3308 779 3619 833 advenisset

2041 887 2254 948 tempus
2288 887 2672 946 exspectasse;
2709 872 3097 942 supervenisse
3141 870 3287 926 Sauli
3338 871 3613 931 Davidem,

2039 969 2236 1038 illoque
2295 983 2359 1020 ac.
2424 967 2568 1020 illius
2624 963 2939 1019 custodibus
2989 963 3427 1024 dormientibus,
3501 962 3619 1015 Iau-

2038 1076 2188 1116 crant
2233 1070 2289 1113 et
2320 1074 2470 1128 aquae
2527 1056 2835 1110 lenticulam
2886 1056 3130 1124 rapuisse
3153 1055 3230 1116 t5";
3290 1064 3476 1124 postea
3510 1055 3619 1108 illis

2037 1150 2129 1219 qui
2159 1151 2302 1204 illius
2339 1149 2596 1202 custodes
2619 1157 2795 1210 erant,
2827 1147 3127 1201 revelasse.
3165 1144 3426 1214 Sequitur
3453 1143 3617 1200 tertia

2039 1242 2280 1296 narratio
2304 1241 2370 1304 δ’,
2407 1239 2662 1294 Davidem
2704 1240 2771 1294 ad
2820 1241 3002 1295 Achar
3051 1254 3232 1308 regem
3269 1237 3406 1293 Gelli
3464 1238 3615 1291 aufu-

2036 1335 2200 1401 gisse,
2231 1345 2283 1386 et
2318 1351 2480 1405 quam
2516 1335 2720 1388 invenit
2751 1333 2983 1402 gratiam
3019 1331 3188 1385 David
3218 1340 3338 1401 post
3371 1345 3457 1386 res
3479 1346 3617 1400 prte-

2035 1427 2178 1480 clare
2209 1436 2408 1494 gestas,
2460 1427 2524 1482 ad
2577 1441 2760 1495 quem,
2796 1445 2813 1476 ι
2845 1424 3108 1493 Corporis
3161 1425 3264 1479 mei
3330 1424 3612 1479 custodem

2035 1519 2359 1571 constituam
2401 1527 2470 1575 te.
2515 1535 2540 1567 ι
2575 1519 2749 1588 inquit
2779 1519 2845 1570 ⁵⁸.
2889 1517 3085 1572 Ultima
3126 1517 3369 1571 omnium
3407 1526 3491 1571 est
3525 1532 3616 1572 ce-

2035 1608 2201 1664 lehris
2252 1610 2476 1663 historia
2524 1609 2589 1672 de
2624 1610 2963 1678 ventriloqua
3004 1619 3059 1672 ot
3096 1609 3351 1665 Samuele
3379 1610 3447 1663 ".
3486 1609 3611 1666 Visa

2034 1717 2265 1771 namque
2283 1713 2364 1755 est
2390 1703 2726 1770 ventriloqua
2753 1701 3059 1756 Samuelem
3085 1717 3339 1756 evocasse
3359 1720 3372 1768 ;
3394 1701 3610 1756 Samuel

2037 1789 2182 1844 Sauli
2236 1794 2587 1846 vaticinatur.
2632 1790 2898 1857 Quazlibet
2954 1791 3148 1844 harum
3185 1791 3442 1860 part-ium,
3493 1807 3612 1858 quae

2035 1894 2270 1951 quatuor
2295 1892 2441 1947 sunt,
2473 1899 2654 1938 rerum
2675 1882 2852 1951 copia,
2875 1882 3037 1934 etiam
3059 1881 3142 1934 his
3167 1880 3257 1949 qui
3276 1882 3426 1935 hisce
3451 1882 3613 1936 rebus

2033 1976 2404 2046 examinandis
2425 1975 2533 2047 apti
2559 1987 2704 2038 sunt,
2738 1989 2847 2028 non
2872 1973 3054 2037 unius,
3080 1971 3175 2026 sed
3202 1971 3491 2041 plurimum
3517 1972 3608 2024 Ιιο-

2033 2083 2215 2122 rarum
2237 2083 2584 2139 congressum
2604 2065 2936 2134 occupando,
2960 2063 3232 2135 negotium
3255 2063 3499 2117 facesset.
3514 2061 3610 2114 Ar-

2034 2157 2234 2212 bitratu
2261 2174 2360 2212 suo
2384 2165 2614 2226 partem,
2642 2171 2801 2225 quam
2837 2155 2972 2218 vult,
3009 2161 3274 2224 proponat
3297 2153 3604 2222 episcopus,

2032 2255 2090 2301 ut
2115 2247 2166 2300 in
2190 2246 2240 2301 id
2259 2247 2496 2303 studium
2518 2255 2760 2301 nostrum
2779 2247 3144 2301 conferamus.
3166 2245 3294 2312 Quae
3315 2246 3387 2299 de
3403 2245 3610 2299 ventri-

2032 2335 2188 2406 loqua
2211 2337 2636 2402 narrantur,ait,
2655 2335 3052 2390 examinentur.
3071 2334 3352 2389 Nonnullae
3371 2334 3607 2389 historia

2032 2435 2217 2486 nostra
2238 2441 2342 2480 non
2368 2428 2659 2482 intersunt.
2686 2426 2758 2479 Ita
2780 2441 2906 2480 vero
2929 2425 3140 2479 locutus
3168 2428 3285 2480 sum
3308 2441 3321 2488 ;
3354 2426 3604 2494 quando.

2029 2518 2248 2586 quidem
2281 2517 2349 2570 ad
2390 2516 2615 2571 altiores
2653 2531 2834 2571 rerum
2874 2530 3101 2582 sensus,
3150 2516 3605 2585 sublimioresque

2029 2606 2269 2658 nondum
2303 2605 2673 2674 pervenimus,
2704 2603 2796 2673 qui
2830 2604 3085 2658 omnibus
3121 2603 3283 2657 utiles
3312 2613 3461 2666 sunt,
3493 2612 3604 2655 tum

2028 2695 2097 2750 iis
2120 2697 2208 2764 qui
2229 2696 2352 2748 illos
2372 2694 2644 2764 proferre,
2673 2703 2784 2748 tum
2807 2694 2873 2748 iis
2895 2694 2988 2762 qui
3009 2694 3129 2748 illos
3147 2694 3334 2747 audire
3355 2701 3601 2763 possunt.

2024 2785 2183 2860 491
2228 2786 2542 2855 Exemplum
2580 2793 2664 2854 est
2711 2785 2935 2839 historia
2971 2785 3037 2839 de
3073 2783 3173 2840 Lot
3237 2793 3293 2837 et
3323 2783 3440 2851 eius
3467 2783 3603 2836 iiiia-

2023 2880 2146 2933 bus.
2182 2879 2238 2932 Si
2268 2894 2428 2932 sensu
2477 2879 2733 2950 mystico,
2775 2891 2840 2930 ac
2889 2875 3190 2941 recondito,
3222 2875 3461 2943 aliquam
3493 2889 3604 2942 pra:

2025 2983 2085 3024 se
2133 2967 2236 3023 fert
2281 2969 2599 3034 utilitatem,
2627 2969 2768 3023 Deus
2815 2967 2986 3028 novit,
3013 2975 3068 3021 et
3100 2967 3143 3021 is
3178 2967 3265 3022 cui
3309 2967 3450 3021 Deus
3476 2980 3609 3034 gra-

2029 3061 2156 3114 tiam
2190 3061 2422 3114 contulit
2463 3075 2748 3115 sermones
2794 3060 2913 3114 illos
2967 3058 3340 3113 examinandi.
3379 3056 3434 3111 Si
3469 3073 3600 3112 vero

2023 3159 2321 3214 secundum
2347 3158 2587 3212 historia:
2617 3157 2813 3212 seriem
2849 3157 3150 3226 pet-quires,
3174 3154 3392 3209 cuinam
3428 3153 3601 3207 histo—

335 3238 455 3309 ρίαν
486 3237 746 3312 ζητήσαις
775 3241 860 3304 ἂν,
890 3244 940 3294 τί
975 3244 1084 3313 γὰρ
1107 3245 1296 3314 ὄφελός
1327 3264 1416 3317 μοι
1455 3249 1520 3301 ἐκ
1553 3251 1652 3320 τῆς
1673 3218 1913 3323 ἱστορίας

2025 3249 2100 3303 ria
2129 3248 2250 3314 L01,
2284 3249 2537 3320 illiusque
2567 3248 2800 3304 ﬁliarum
2835 3250 3055 3304 utilitati
3086 3249 3216 3302 mihi
3243 3247 3359 3302 est?
3390 3246 3598 3300 Simili-

330 3328 432 3398 τῆς
456 3331 583 3401 περὶ
600 3331 692 3384 τοῦ
722 3331 842 3387 Λὼτ
870 3335 1080 3389 καὶτῶν
1099 3335 1415 3407 θυγατέρων
1438 3340 1604 3394 αὑτοῦ
1629 3359 1642 3407 ;
1678 3343 1913 3413 Ὁμοίως

330 3422 384 3474 τί
421 3423 612 3492 ὄφελός
661 3443 751 3494 μοι
779 3427 964 3491 ἁπλῶς
997 3427 1248 3499 λεχθεῖσα
1276 3433 1308 3501 ἡ
1335 3434 1543 3504 ἱστορία
1582 3437 1614 3505 ἡ
1653 3436 1780 3507 περὶ
1821 3436 1914 3490 τὸν

331 3512 504 3568 Σαοὺλ
533 3518 628 3570 καὶ
645 3518 743 3590 τὴν
759 3520 1194 3591 ἐγγαστρίμυθον
1214 3541 1227 3588 ;
1246 3523 1468 3578 Πάντων
1488 3525 1716 3580 ἅπτεται
1744 3529 1911 3596 ἀναγ-

327 3605 462 3662 ,καία
487 3606 718 3677 ἀλήθεια
751 3611 891 3664 κατὰ
924 3612 1015 3664 τὸν
1061 3612 1236 3680 λόγον’
1289 3614 1371 3678 τίς
1407 3616 1535 3686 γὰρ,
1578 3617 1913 3687 ἀπαλλαγεὶς

329 3695 522 3749 τούτου
554 3699 645 3752 τοῦ
672 3699 808 3769 βίου,
839 3701 980 3755 θέλει
1007 3699 1144 3756 εἶναι
1178 3705 1283 3758 ὑπὸ
1314 3704 1563 3770 ἐξουσίαν
1597 3707 1872 3779 δαιμονίου
1894 3714 1923 3776 ;’

333 3782 449 3839 Ἵνα
478 3789 913 3861 ἐγγαστρίμυθος
941 3795 1191 3867 ἀναγάγῃ
1218 3796 1277 3848 οὐ
1308 3796 1397 3850 τὸν
1428 3797 1659 3866 τυχόντα
1678 3799 1784 3852 τῶν
1816 3818 1914 3853 πε-

331 3881 716 3948 πιστευκότων,
759 3882 894 3937 ἀλλὰ
940 3885 1191 3957 Σαμουὴλ
1227 3888 1318 3940 τὸν
1343 3891 1647 3961 προφήτην,
1687 3892 1818 3962 »περὶ
1852 3887 1912 3946 οὗ

325 3982 494 4040 φησιν
534 3973 562 4024 6
591 3972 724 4037 Θεὸς
775 3974 864 4040 διὰ
913 3976 1006 4029 τοῦ
1049 3979 1335 4050 Ἱερεμίου·
1378 3999 1396 4031 ι
1438 3981 1561 4034 Οὐδ’
1597 3981 1662 4035 ἂν
1705 3984 1912 4054 Μωσῆς

327 4061 423 4116 καὶ
465 4063 714 4137 Σαμουὴλ
747 4067 854 4138 πρὸ
904 4068 1194 4138 προσώπου
1230 4087 1354 4140 μου,
1390 4071 1510 4125 οὐδέ
1539 4073 1740 4126 τούτων
1797 4075 1909 4126 είσ-

401 4243 487 4297 u‘l
521 4243 651 4312 Reg.
680 4262 796 4300 xm.

331 4327 419 4378 xv,
452 4315 502 4369 l.
609 4316 654 4348 "
690 4317 832 4375 Psal.
864 4333 1053 4384 xcvm,
1080 4315 1134 4377 σῖ

904 4247 949 4334 l’
980 4247 995 4302 Ι
1032 4250 1160 4334 Reg.
1241 4267 1388 4306 nrt.
1449 4254 1492 4285 ³ο
1519 4255 1650 4310 ibid.
1682 4257 1770 4311 42.
1825 4259 1866 4291 ⁸¹
1893 4257 1908 4310 l
1937 4257 2068 4334 Reg.
2101 4271 2269 4315 xxvii.
2319 4255 2363 4286 "
2401 4253 2418 4307 l
2448 4253 2580 4327 Reg.
2613 4254 2863 4320 xxvtnﬂ.
2941 4253 2987 4287 ”
3010 4254 3139 4309 ibid.
3165 4254 3219 4309 8.

2023 3351 2105 3395 ter
2160 3342 2430 3410 quodnam
2483 3341 2612 3396 mihi
2659 3343 2772 3410 jam
2833 3342 2977 3396 dicta
3026 3342 3093 3394 de
3151 3339 3493 3407 ventriloqua
3545 3347 3599 3391 et

2023 3429 2184 3484 Saule
2218 3429 2444 3483 historia
2475 3431 2638 3483 atIert
2670 3429 3337 3486 emolumentum?Omnia
3375 3428 3598 3495 veritas,

2022 3534 2142 3588 qua:
2171 3524 2222 3573 in
2257 3535 2509 3576 sermone
2537 3534 2642 3585 est,
2670 3524 2977 3578 necessario
3000 3531 3237 3590 superat.
3266 3518 3398 3585 Quis
3426 3519 3596 3585 enim,

2021 3613 2275 3681 praesenti
2321 3613 2428 3666 vita
2477 3613 2714 3679 deserta,
2750 3614 2849 3676 sub
2891 3624 3161 3684 potestate
3193 3616 3452 3670 daemonis
3479 3629 3600 3669 esse

2021 3703 2184 3757 velit?
2213 3703 2280 3758 Ut
2302 3704 2644 3772 ventriloqua
2676 3697 3020 3760 evocet-non
3056 3723 3086 3761 e
3120 3707 3370 3762 ﬁdelibus
3405 3723 3594 3769 unum,

2022 3796 2116 3850 sed
2166 3793 2472 3848 Samuelem
2513 3797 2854 3867 prophetam,
2887 3797 2952 3852 de
2980 3815 3087 3868 quo
3125 3800 3266 3854 Deus
3306 3813 3400 3868 per
3438 3797 3597 3853 Jere-

2013 3890 2181 3952 iniam
2226 3889 2504 3952 dixerat“
2531 3906 2544 3941 :
2575 3906 2595 3940 ι
2627 3887 2809 3958 Neque
2837 3893 2881 3944 si
2915 3891 3129 3960 Moyses
3163 3900 3218 3946 et
3250 3890 3468 3945 Samuel
3498 3907 3595 3944 an-

2017 3989 2070 4033 te
2106 3978 2298 4032 faciem
2357 3995 2552 4046 meam,
2605 3996 2700 4034 eos
2757 3983 3078 4045 exaudiam;
3111 4001 3128 4032 ι
3186 3983 3251 4034 de
3304 3997 3414 4050 quo
3465 3983 3591 4034 item

2016 4069 2284 4140 Propheta
2315 4069 2518 4124 fatetur
2543 4070 2596 4124 in
2624 4070 2840 4141 hymnis
2862 4071 2946 4124 "z
2979 4088 2997 4121 ι
3045 4069 3254 4139 Moyses
3303 4080 3358 4124 et
3409 4071 3590 4123 Aaron

3315 4254 3362 4287 “
3383 4253 3587 4309 Jcrcm.

330 4470 402 4524 ibi
431 4470 572 4550 enim
589 4480 744 4550 erant
773 4472 1138 4550 ἀναγνῶσται,
1170 4485 1224 4550 et
1247 4479 1314 4531 ad
1347 4493 1472 4550 suos
1487 4493 1629 4550 rusus
1655 4478 1902 4550 Scriptu-

2075 4481 2163 4547 (5)
2203 4481 2595 4550 Προφητεύει.
2663 4479 2828 4533 Forte
2851 4479 3161 4548 legendum,
3195 4479 3582 4550 προφητεύειν.

331 4556 445 4594 ram
479 4541 533 4593 in
560 4541 830 4616 sectiones
859 4545 1056 4616 populo
1077 4546 1443 4616 przelegendas
1467 4541 1897 4616 distribuebant;

327 4618 381 4663 et
413 4625 532 4678 quae
578 4610 1124 4685 praelecta—fuerant,
1160 4610 1593 4685 exponebantnr.
1649 4620 1800 4685 Quod
1853 4610 1897 4676 si

326 4690 622 4758 estraneus
675 4681 893 4758 aliquis
927 4681 1245 4758 dignitate,
1292 4689 1576 4758 meritisve
1635 4681 1899 4758 praestans

327 4750 570 4822 adesset,
600 4753 813 4822 impiam
848 4752 893 4805 ei
925 4750 1134 4822 legendi
1184 4767 1237 4809 et
1271 4757 1572 4812 disserendi
1607 4750 1896 4815 faciebant.

327 4814 512 4897 ﬁdem
558 4819 644 4872 his
671 4814 884 4897 faciunt
917 4814 1039 4890 quva;
1087 4835 1273 4882 narrat
1321 4825 1517 4893 Lucas,
1551 4844 1670 4896 cap.
1707 4845 1782 4893 ιν,
1808 4814 1898 4897 16,

329 4887 417 4962 η,
447 4898 502 4942 et
539 4903 688 4962 _seq.,
739 4899 792 4962 et
825 4887 946 4962 Art.
993 4908 1115 4956 xm,
1148 4911 1256 4957 xw,
1304 4911 1394 4962 xv,
1428 4887 1596 4952 ιιι-τη.
1619 4887 1930 4954 Ἐιιιιιιιθηί

328 4958 492 5037 igitur
520 4959 909 5037 dividentla:_in
941 4964 1246 5032 περικοπὰς
1285 4958 1601 5036 Scripturaa,
1627 4977 1680 5022 et
1714 4970 1779 5022 ad
1805 4986 1903 5037 po-

325 5028 892 5104 pulum_pr§elege_nda_2
957 5028 1378 5104 etiexponendae
1411 5028 1625 5091 'morem
1671 5028 1902 5104 usurpa-

326 5107 459 5180 runt
491 5096 1130 5180 Clhristiaui._.Quoniam'
1173 5113 1354 5180 autem
1403 5107 1698 5175 aliquando
1744 5096 1900 5180 πέρι·

324 5165 746 5244 κοπήινιοηςίοι,
780 5169 1072 5236 aliquando
1097 5173 1339 5238 brevior,
1395 5165 1622 5244 quaeque
1659 5165 1899 5233 versicu-

323 5237 433 5290 lum
459 5237 724 5317 t'luuta‘sat
754 5256 918 5291 untun
964 5244 1293 5317 t-oittiitert-t,
1322 5237 1548 5317 populo'
1569 5248 1895 5317 praelegeba-

327 5318 434 5370 tur,
471 5306 593 5358 inde
625 5307 825 5386 factum
859 5319 915 5361 ut
953 5311 1288 5386 ἀνάγνωσμα
1321 5306 1458 5368 idem
1493 5306 1582 5370 sit'
1604 5306 1898 5386 aliquando

326 5391 387 5428 ac
412 5379 725 5447 περικοπή,
752 5377 1041 5446 aliquando
1074 5377 1230 5436 idem
1281 5400 1344 5436 ac
1381 5377 1708 5439 versiculus.-
1741 5388 1895 5440 Ἀνα-

327 5444 551 5520 γνώσεις
575 5444 1108 5520 ,εειιίᾲναγνὼσματα
1137 5452 1306 5508 Gra-ci
1337 5453 1547 5516 Patres,
1591 5455 1764 5509 Latini
1819 5458 1894 5511 Ie-

326 5516 535 5591 cti_0ne_s
557 5517 848 5591 appellant,
872 5516 1012 5591 unde
1039 5524 1304 5589 hodieque
1336 5525 1388 5575 in
1424 5525 1641 5591 liturgia
1675 5528 1854 5586 missa:
1874 5565 1889 5586 ,

331 5603 350 5657 ι
391 5585 552 5657 lectio
597 5587 873 5655 epistolae:
914 5608 932 5639 ι
980 5590 1103 5641 inde
1149 5585 1309 5645 etiam
1358 5585 1614 5657 lectores;
1669 5585 1791 5647 inde
1841 5585 1896 5649 et

329 5653 662 5710 lvctionaria.
701 5657 836 5711 Vide
868 5673 964 5712 nos
1009 5660 1060 5711 in
1101 5659 1260 5715 Joan.
1313 5677 1372 5725 ιι,
1411 5663 1478 5716 ιε
1512 5677 1565 5717 et
1595 5653 1707 5734 seq.
1751 5665 1892 5719 llue~

329 5738 470 5781 'I'IUS-

395 5792 474 5864 (El
511 5795 870 5862 Φερούντων.
901 5794 1125 5853 ὃτι-ἰιιοιι
1150 5800 1278 5869 'um,
1306 5799 1758 5870 δορυφορούντων.

2081 4552 2158 4622 (4)
2198 4549 2564 4622 Περικοπῶν.
2613 4551 2929 4622 Περικοπάς
2967 4551 3053 4604 hic
3079 4549 3327 4618 appellat,
3369 4549 3488 4620 qua:
3533 4555 3584 4612 in

2007 4621 2206 4675 usitata
2281 4621 2569 4676 bibliorum
2626 4621 2976 4675 distinctione
3031 4623 3209 4686 capita
3264 4631 3582 4681 censentur.

2008 4690 2329 4759 Quanquam
2353 4691 2455 4743 alia
2483 4700 2611 4744 tunc
2643 4701 2762 4744 erat
2785 4706 3064 4745 sacrorum
3098 4692 3361 4743 librorum
3389 4692 3585 4748 divisio

2008 4772 2171 4830 atque
2206 4775 2354 4813 nunc
2384 4769 2508 4814 est:
2546 4775 2674 4814 suos
2717 4761 2861 4814 enim
2912 4775 3121 4818 versus.
3175 4775 3270 4813 sua
3321 4762 3582 4830 capitula,

2009 4845 2138 4885 Suos
2173 4831 2356 4894 titulos
2403 4831 2670 4892 habebant
2714 4847 2742 4883 a
2787 4830 2992 4884 nostris
3019 4831 3173 4897 plane
3217 4831 3489 4884 diversos.
3525 4835 3579 4888 Id

2011 4911 2252 4953 veterum
2285 4900 2583 4970 Scriptura:
2626 4901 2980 4967 interpretum
3017 4901 3395 4970 countientarii
3444 4907 3583 4960 satis

2007 4971 2260 5038 probant,
2293 4971 2386 5036 qui
2413 4969 2531 5022 suis
2574 4971 2811 5023 distincti
2840 4977 2965 5022 sunt
2995 4969 3294 5036 capitibus,
3324 4987 3351 5022 a
3381 4977 3581 5029 nostris

2006 5040 2232 5094 omnino
2261 5040 2473 5094 alienis.
2505 5038 2754 5108 Vulgata,
2776 5041 2873 5094 ista
2899 5057 3062 5109 quam
3093 5055 3436 5108 usurpamus,
3469 5043 3579 5098 dis-

2008 5110 2200 5163 tinctio
2245 5111 2518 5165 recentior
2553 5121 2672 5175 est;
2731 5125 2831 5164 nec
2872 5110 3170 5180 Scriptura:
3236 5111 3448 5174 solum,
3483 5117 3577 5168 sed

2006 5181 2340 5232 exoticorum
2388 5183 2748 5247 quorumdam
2799 5190 3104 5242 auctorum,
3143 5180 3235 5248 qui
3287 5181 3414 5232 olim
3469 5199 3575 5235 uno

2006 5259 2334 5303 contextnet
2358 5251 2500 5303 serie
2527 5249 2804 5318 descripti,
2821 5251 2934 5303 suis
2953 5250 3286 5303 nuncornati
3311 5251 3577 5316 capitibus

2007 5331 2055 5371 et
2070 5319 2244 5371 titulis
2260 5319 2530 5372 videntur.
2549 5319 2602 5372 Id
2624 5330 2751 5372 ante
2768 5335 2941 5374 annos
2961 5321 3182 5374 circiter
3199 5320 3348 5374 milio
3365 5321 3416 5372 in
3446 5322 3572 5373 Ari-

1997 5389 2188 5442 stutcle
2199 5398 2251 5442 et
2265 5388 2384 5442 aliis
2398 5389 2608 5457 complu
2619 5391 2763 5443 ribus
2777 5391 3137 5444 studiosorum
3153 5391 3427 5442 hominum
3444 5406 3526 5441 cur
3540 5404 3572 5443 a

1999 5459 2316 5523 attentavit;
2348 5474 2576 5528 quorum
2611 5460 2929 5512 industriam
2954 5459 3370 5528 aemulatihnjus
3396 5463 3572 5510 aetatis

2001 5528 2202 5589 critici,
2251 5526 2504 5582 auctores
2542 5528 3121 5596 bodiequedivellunt.
3165 5526 3569 5596 Non'negamus

2004 5605 2186 5650 tamen
2221 5599 2514 5666 scriptores
2539 5595 2768 5666 aliquos,
2806 5598 3071 5666 Agellinm
3119 5605 3269 5666 puta,
3308 5595 3567 5666 librorum

2003 5682 2229 5736 suorum
2266 5662 2536 5736 capitibus
2583 5662 2766 5724 tiiulos
2817 5662 3134 5734 pfaeiixissel
3169 5662 3276 5719 Sed
3320 5665 3432 5720 haec
3470 5680 3568 5720 suo

2000 5734 2119 5791 loco
2145 5734 2450 5794 disserenda
2463 5775 2476 5792 .
