4124 6388
552 373 690 427 1015

2000 377 2324 435 URIGENIS

3676 387 3812 445 l0£6

543 490 594 542 in
665 488 1038 543 sacerdotibus
1087 487 1226 554 ejus,
1266 497 1319 541 ct
1375 489 1596 544 Samuel
1644 490 1696 544 in
1753 492 2124 550 invocantibus

2231 497 2555 569 ακούσομαιο
2598 517 2615 550 ι
2650 500 2776 570 περὶ
2815 494 2874 554 οὗ
2905 518 3066 572 φησιν
3117 504 3144 555 6
3187 501 3478 574 Προφήτης
3510 504 3567 556 ἐν
3597 504 3808 577 ὕμνοις

540 597 750 637 nomen
784 581 932 650 ejus:
959 583 1285 636 invocabant
1313 583 1620 649 Dominum,
1651 595 1704 639 et
1733 585 1845 653 ipse
1871 587 2129 643 exaudie-

536 678 630 728 bat
667 689 781 737 eos,
812 676 865 727 in
898 675 1149 728 columna
1193 676 1352 730 nubis
1401 676 1725 745 loquebatur
1759 677 1823 730 ad
1862 693 1990 744 eos;
2023 698 2040 730 ι
2076 689 2130 733 et

534 767 642 822 alio
696 766 856 821 loco:
885 785 902 817 ι
926 766 982 821 Si
1035 767 1287 820 steterint
1345 767 1556 836 Moyses
1601 776 1654 822 et
1689 767 1932 832 Samuel,
1965 780 2019 824 et
2045 772 2129 826 de-

535 862 753 928 precati
788 859 1013 923 fuerint,
1041 879 1060 912 ι
1110 870 1313 916 etc.....
1368 862 1539 927 Itane,
1583 862 1627 915 si
1668 862 1788 916 talis
1833 879 1896 917 ac
1945 872 2128 919 tantus

531 952 634 1005 sub
701 963 846 1006 terra
894 963 1034 1017 erat,
1071 962 1126 1007 et
1173 954 1424 1008 evocavit
1469 953 1616 1007 illum
1658 954 2018 1026 ventriloqua,
2065 958 2118 1010 in

531 1045 783 1097 animam
833 1045 1213 1112 prOpbeticam
1261 1045 1471 1098 daemon
1546 1053 1870 1114 potestatem
1920 1047 2128 1100 habet?

545 1134 686 1203 Quid
709 1136 987 1190 dicemus?
1013 1137 1295 1205 Scriptane
1323 1137 1436 1191 haec
1462 1139 1626 1192 sunt?
1646 1137 1854 1193 Verane
1877 1155 1937 1194 ea
1967 1152 2088 1193 sunt
2107 1181 2120 1203 ,

543 1244 730 1281 annon
753 1240 876 1281 sunt
901 1229 1070 1283 vera?
1099 1228 1257 1283 Certe
1273 1245 1521 1284 asserere
1539 1246 1600 1284 ea
1625 1247 1748 1284 vera
1773 1248 1878 1285 non
1899 1247 2042 1296 esse,
2069 1235 2120 1286 ln

545 1319 922 1374 infidelitatem
957 1323 1182 1382 inducit.
1209 1323 1480 1390 cadetqne
1511 1337 1672 1392 super
1715 1324 2011 1378 dicentium
2039 1340 2127 1378 ca-

547 1413 678 1480 pita.
720 1411 855 1466 Vera
900 1429 1043 1476 esse,
1105 1415 1544 1482 disquisitionem
1620 1415 2122 1484 dubitationcmque

547 1503 702 1556 nobis
737 1504 980 1558 exhibet.
1015 1503 1232 1558 Scimus
1264 1521 1329 1558 ex
1363 1507 1566 1560 nostris
1593 1506 1855 1562 fratribus
1891 1510 2123 1562 nonnul-

546 1593 626 1646 los
658 1595 976 1648 adversatos
1007 1595 1307 1666 Scripturaa
1344 1599 1566 1662 dixisse,
1612 1598 1977 1668 Yentriloqum
2012 1613 2117 1651 non

543 1686 732 1737 credo.
782 1686 1134 1765 Ventriloqua
1188 1699 1380 1741 narrat
1425 1705 1485 1744 se
1527 1692 1836 1746 Samuelcm
1878 1691 2115 1756 vidisse;

544 1776 830 1841 mentitur;
883 1776 1100 1831 Samuel
1144 1795 1249 1833 non
1289 1790 1374 1834 est
1415 1794 1711 1848 evocatus;
1756 1783 1974 1836 Samuel
2012 1798 2116 1836 non

2237 609 2254 638 ι
2303 590 2505 660 Μωσῆς
2543 590 2636 644 καὶ
2689 591 2897 660 Ἀαρὼν
2932 594 2988 644 ἐν
3030 595 3142 655 τοῖς
3195 591 3432 664 ἱερεῦσιν
3478 595 3664 659 αὑτοῦ,
3718 601 3812 652 καὶ

2231 682 2480 755 Σαμουὴλ
2501 686 2557 736 ἐν
2579 688 2690 748 τοῖς
2723 686 3169 757 ἐπικαλουμένοις
3202 689 3262 740 τὸ
3277 689 3445 758 ὄνομα
3471 689 3656 742 αὑτοῦ·
3688 691 3816 742 ἐπε-

2232 774 2492 828 καλοῦντο
2514 775 2604 828 τὸν
2633 775 2857 846 Κύριον,
2890 779 2983 829 καὶ
3002 778 3164 840 αὐτὸς
3194 779 3478 849 εἰσήκουεν
3518 779 3720 844 αὐτῶν,
3754 781 3812 832 ἐν

2231 866 2406 936 στύλῳ
2436 865 2666 938 νεφέλης
2713 867 2888 920 ἐλάλει
2924 868 3059 937 πρὸς
3093 869 3306 931 αὐτούς’
3344 889 3363 920 ι
3415 871 3509 922 καὶ
3551 870 3809 941 ἀλλαχοῦο

2235 977 2250 1006 ι
2291 957 2415 1011 Ἐὰν
2440 961 2534 1027 στῇ
2563 960 2800 1029 Μωῦσῆς
2818 959 2910 1010 καὶ
2926 959 3195 1028 Σαμουὴλ,
3215 961 3305 1012 καὶ
3326 961 3750 1032 προσεύξωνται,
3787 981 3805 1010 ι

2227 1050 2320 1102 καὶ
2355 1049 2419 1102 τὰ
2441 1049 2638 1119 ἑξῆς...
2679 1047 2933 1121 τιΑρὀὗν,
2963 1053 3008 1102 εἰ
3031 1053 3057 1103 6
3089 1051 3406 1122 τηλικοῦτος
3430 1051 3534 1104 ὑπὸ
3564 1053 3660 1122 τὴν
3683 1053 3808 1122 γῆν,

2228 1143 2321 1196 καὶ
2355 1145 2628 1212 ἀνήγαγεν
2663 1143 2882 1214 αὺτὸν-ὴ
2916 1143 3371 1214 ἐγγαστρίμυθος,
3415 1143 3662 1207 ἐξουσίαν
3696 1144 3808 1214 ἔχει

2226 1235 2500 1304 δαιμόνιον
2529 1234 2706 1304 ψυχῆς
2744 1236 3123 1306 προφητικῆς;
3170 1235 3233 1286 Τί
3275 1235 3551 1305 εἴπωμεν;
3604 1237 3810 1305 Γέγρα-

2229 1343 2357 1378 πται
2383 1323 2588 1390 ταύτα;
2639 1327 2836 1397 Ἀληθῆ
2889 1326 3061 1392 ἐστιν,
3096 1326 3128 1396 ἤ
3163 1328 3263 1379 οὐκ
3306 1327 3451 1379 ἔστιν
3490 1326 3698 1397 ἀληθὴς
3736 1328 3809 1378 Τὸ

2232 1415 2327 1484 μὲν
2351 1416 2424 1486 μὴ
2459 1411 2597 1474 εἶναι
2631 1417 2802 1487 ἀληθῆ
2842 1416 3041 1485 λέγειν,
3078 1419 3155 1479 εἰς
3184 1418 3442 1470 ἀπιστίαν
3487 1418 3805 1489 προτρέπειο

2225 1507 2448 1578 χωρήσῃ
2474 1507 2561 1559 ἐπὶ
2585 1507 2822 1575 κεφαλὰς
2843 1509 2949 1561 τῶν
2964 1509 3250 1576 λεγόντων*
3283 1509 3341 1560 τὸ
3365 1510 3420 1562 δὲ
3443 1507 3579 1563 εἶναι
3608 1509 3805 1580 ἀληθῆ,

2226 1598 2451 1668 ζήτησιν
2485 1600 2576 1650 καὶ
2606 1599 2933 1671 ἐξαπόρησιν
2969 1603 3099 1670 ἡμῖν
3128 1600 3374 1670 παρέχει.
3402 1601 3513 1654 Καὶ
3547 1601 3654 1672 μὴν
3678 1603 3809 1670 γοῦν

2225 1686 2382 1757 ἴσμεν
2414 1687 2564 1750 τινὰς
2589 1687 2697 1741 τῶν
2724 1690 3002 1759 ἡμετέρων
3023 1689 3262 1758 ἀδελφῶν
3290 1689 3713 1759 ἀντιϐλέψαντας
3736 1693 3802 1759 τῇ

2225 1778 2435 1848 Γραφῇ,
2469 1781 2560 1831 καὶ
2593 1779 2868 1846 λέγοντας,
2899 1781 2972 1832 Ού
3006 1781 3244 1834 πιστεύω
3273 1784 3337 1852 τῇ
3363 1781 3802 1852 ἐγγαστριμύθῳ.

541 1866 806 1935 loquitur.
853 1867 957 1924 Sed
1013 1873 1472 1939 quemadmodum
1525 1844 2118 1944 pseudoprophetarum

2225 1844 2456 1941 Λέγει-’ὴ
2491 1844 2926 1943 ἐγγαστρίμυθος
2953 1872 3278 1945 ἐορταμέναι
3312 1844 3510 1943 (5)101
3533 1844 3803 1943 Σαμουὴλ,

539 1958 707 2027 aliqui
743 1957 982 2013 fatentur
1015 1982 1026 2015 :
1058 1979 1076 2011 ι
1122 1960 1246 2015 Haec
1276 1963 1406 2017 dicit
1442 1963 1721 2028 Dominus,
1756 1982 1772 2015 ι
1805 1974 1883 2018 et:
1914 1963 2122 2017 «Domi-

540 2066 643 2104 nus
663 2067 767 2104 non
791 2051 1002 2106 locutus
1021 2063 1138 2114 est;
1163 2074 1180 2105 ι
1204 2055 1282 2107 sic
1299 2064 1350 2108 et
1376 2055 1697 2107 daemonium
1719 2057 1820 2111 hoc
1839 2055 2117 2113 mentitur.

540 2146 666 2196 dum
719 2146 785 2197 ad
826 2145 1006 2198 Saulis
1053 2146 1382 2198 voluntatem
1431 2149 1720 2216 poliicetur
1773 2163 1940 2200 unum
1988 2145 2120 2198 edn-

541 2249 703 2288 cere:
735 2252 753 2284 ι
782 2235 950 2300 Quem
997 2236 1166 2300 enim,
1215 2238 1290 2290 ait
1314 2238 1381 2304 ",
1413 2239 1677 2292 educam?
1705 2237 1926 2293 Samuel
1985 2238 2115 2290 tnihi

539 2336 860 2379 evocetur.»
911 2327 1036 2381 ΙΙωο
1071 2328 1162 2397 qui
1219 2329 1360 2382 hanc
1401 2329 1682 2384 historiam
1731 2330 1895 2384 veluti
1928 2329 2118 2382 falsam

539 2428 874 2488 Oppugnant,
920 2420 1226 2487 producunt
1258 2437 1270 2472 :
1304 2418 1522 2476 Samuel
1570 2422 1710 2491 apud
1753 2421 1995 2474 inferos?
2030 2419 2120 2474 Sa-

539 2510 684 2564 muel
748 2526 775 2562 a
821 2511 1160 2580 ventriloqna
1233 2512 1508 2578 educitur,
1565 2513 1952 2581 prophetarum
2011 2511 2121 2563 exi-

540 2602 720 2666 mius;
771 2602 837 2656 ab
887 2604 998 2671 ipsa
1029 2603 1309 2655 nativitate
1344 2604 1452 2656 Deo
1503 2618 1855 2657 consecratus
1875 2602 1919 2632 ⁸⁷
1946 2641 1963 2668 ,
1994 2611 2120 2656 ante

540 2694 876 2747 nativitatem
926 2694 979 2746 in
1015 2695 1212 2763 templo
1259 2695 1472 2748 futurus
1531 2692 1916 2757 denuntiatus;
1961 2703 2116 2746 ante-

539 2797 702 2852 quam
734 2799 763 2837 a
819 2795 992 2838 matre
1033 2785 1404 2838 ablactaretur
1443 2784 1620 2853 ephod
1676 2785 1916 2845 indutus,
1949 2792 2003 2837 et
2038 2783 2119 2835 tli-

539 2872 718 2940 ploide
771 2879 1023 2937 amictus,
1078 2885 1130 2928 et
1191 2875 1400 2929 Domini
1465 2873 1726 2927 sacerdos
1791 2871 2114 2936 eﬂ‘ectns";

536 2980 696 3034 quem
744 2981 868 3018 cum
911 2967 1090 3022 adhuc
1143 2969 1194 3020 in
1230 2967 1416 3035 pueris
1450 2976 1595 3020 esset
1629 2965 1768 3019 Deus
1801 2977 1885 3020 est
1917 2967 2117 3021 allocu-

537 3067 626 3112 tus
649 3057 740 3111 '9?
790 3058 1007 3113 Samuel
1063 3059 1201 3127 apud
1250 3057 1499 3111 inferos?
1540 3057 1759 3111 Samuel
1810 3057 1862 3110 in
1912 3058 2119 3112 subter-

2221 1961 2491 2031 ψεύδεται⁸
2540 1963 2790 2034 Σαμουὴλ
2822 1965 2922 2016 ούκ
2964 1963 3190 2034 ἀνήχθη·
3229 1963 3481 2034 Σαμουὴλ
3514 1965 3574 2015 ού
3629 1964 3803 2016 λαλεῖ.

2235 2052 2369 2104 Ἀλλ’
2417 2052 2605 2124 ὥσπερ
2657 2055 2760 2106 εἰσί
2821 2072 2964 2117 τινες
3021 2053 3466 2125 ψευδοπροφῆται
3531 2053 3802 2121 λέγοντες·

2226 2163 2244 2194 ι
2286 2145 2421 2197 Τάδε
2465 2145 2609 2214 λέγει
2651 2146 2874 2218 Κύριος,
2922 2166 2938 2196 ι
2994 2145 3106 2198 καί·
3163 2166 3180 2196 ι
3219 2146 3426 2216 Κύριος
3465 2145 3563 2198 οὑκ
3605 2144 3803 2213 ἐλάλη-

2223 2246 2313 2282 σεν
2359 2231 2454 2301 (6)°
2507 2253 2524 2284 ι
2581 2233 2723 2287 οὕτω
2768 2235 2859 2288 καὶ
2901 2235 2963 2286 τὸ
3013 2234 3288 2303 δαιμόνιον
3337 2234 3494 2286 τοῦτο
3527 2233 3806 2302 ψεύδεται,

2221 2322 2686 2394 ἐπαγγελλόμενον
2731 2324 2954 2392 ἀνάγειν
2989 2324 3080 2376 τὺν
3111 2323 3216 2375 ὑπὸ
3240 2323 3333 2376 τοῦ
3371 2323 3544 2376 Σαοὺλ
3572 2339 3810 2393 προτασ-

2223 2413 2467 2484 σύμενον.
2498 2435 2516 2465 ι
2557 2417 2689 2468 Τίνα
2719 2415 2827 2486 γὰρ
2857 2416 3070 2484 ἀνάγω;
3116 2435 3133 2467 ι
3167 2415 3318 2487 φησί.
3351 2435 3368 2465 ι
3403 2413 3651 2484 Σαμουὴλ
3675 2413 3808 2466 ἀνά-

2221 2507 2358 2573 γαγέ
2410 2524 2519 2576 μοι.
2561 2526 2577 2555 ι
2618 2507 2802 2559 Ταῦτα
2834 2507 3049 2574 λέγεται
3097 2507 3202 2560 ὑπὸ
3227 2507 3332 2559 τῶν
3367 2505 3684 2574 φασκόντων
3709 2506 3810 2574 τὴν

2222 2597 2460 2667 ἱστορίαν
2495 2595 2697 2666 ταύτην
2751 2596 2823 2666 μὴ
2855 2592 2991 2648 εἶναι
3027 2597 3222 2666 ἀληθῆ·
3261 2599 3513 2668 Σαμουὴλ
3552 2599 3609 2650 ἐν
3643 2599 3807 2669 ᾆδους

2219 2688 2473 2758 Σαμουὴλ
2515 2686 2619 2738 ὑπὸ
2657 2687 3098 2757 ἐγγαστριμύθου
3146 2688 3428 2755 ἀνάγεται,
3463 2690 3490 2740 6
3530 2687 3812 2758 ἐξαίρετος

2219 2781 2326 2834 τῶν
2359 2778 2671 2851 προηρητῶνο
2704 2781 2731 2832 ὁ
2769 2779 2875 2831 ἀπὸ
2909 2779 3007 2848 τῆς
3041 2778 3307 2847 γενέσεως
3344 2779 3698 2848 ἀνακείμενος
3729 2779 3811 2848 τῷ

2219 2871 2358 2944 Θεῷ·
2390 2874 2418 2924 6
2459 2871 2563 2941 πρὸ
2589 2871 2854 2940 γενέσεως
2885 2873 2942 2925 ἐν
2975 2870 3053 2940 τῷ
3088 2870 3215 2942 ἱερῷ
3238 2870 3530 2939 λεγόμενος
3563 2869 3806 2922 ἔσεσθαιο

2218 2964 2247 3016 ὁ
2273 2965 2389 3035 ἅμα
2410 2963 2486 3032 τῷ
2525 2962 3060 3032 ἀπογαλακτισθῆναι
3094 2963 3454 3032 ἐνδυσάμενος
3491 2961 3672 3029 ἐφοὺδ,
3713 2962 3809 3014 καὶ

2220 3055 2683 3128 περιϐεϐλημένος
2726 3055 2990 3120 διπλοΐδα,
3041 3057 3132 3107 καὶ
3179 3057 3356 3125 ἱερεὺς
3391 3055 3679 3124 γενόμενος
3711 3052 3803 3105 τοῦ

541 3151 743 3213 ιιιιιοίε,
780 3151 870 3218 qui
900 3150 1035 3216 lleli,
1075 3157 1299 3220 propter
1330 3149 1566 3203 filiorum
1593 3149 1798 3203 scelera
1835 3157 1889 3201 et
1925 3149 2115 3219 impie-

2223 3147 2449 3220 Κυρίου’
2561 3146 2757 3217 παιδίῳ
2785 3146 2861 3198 ἔτι
2889 3146 3001 3199 ὄντι
3032 3148 3400 3218 ἐχρημάτισεν
3437 3148 3464 3198 6
3493 3146 3695 3215 Κύριος
3713 3144 3808 3197 λα-

537 3253 674 3296 tales
707 3261 734 3296 a
763 3244 1110 3298 Providentia
1146 3244 1533 3306 c0ndetnnat0,
1568 3244 1866 3296 Successit?
1899 3242 2117 3297 Samuel

541 3335 686 3402 apud
737 3337 960 3398 inferos,
996 3351 1156 3404 quem
1213 3345 1456 3403 tempore
1510 3337 1702 3390 messis
1751 3335 1920 3389 tritici
1977 3335 2117 3388 Deus

535 3425 833 3488 exaudivit,
879 3425 1244 3495 elargitnsqne
1294 3435 1400 3487 est,
1439 3433 1496 3478 ut
1530 3425 1704 3478 imber
1746 3424 1810 3477 de
1852 3423 1992 3476 etelo
2024 3439 2117 3475 ca-

538 3515 687 3568 deret
709 3513 790 3566 ‘°?
822 3513 1037 3567 Samuel
1088 3517 1228 3584 apud
1280 3513 1507 3575 inferos,
1553 3514 1644 3580 qui
1692 3513 1801 3566 Ιιιτι·
1841 3513 2019 3564 omnia
2055 3512 2120 3563 li-

539 3605 668 3659 bere
703 3613 866 3674 atque
910 3603 1139 3671 ingenue
1168 3606 1356 3659 dixit“
1389 3621 1402 3656 :
1437 3622 1454 3655 ι
1488 3603 1543 3656 Si
1570 3601 1924 3656 desiderabile
1955 3601 2118 3672 [‘92

540 3697 769 3762 alicujus
817 3697 1080 3762 accepi?»
1119 3695 1238 3750 Non
1280 3696 1490 3763 accepit
1525 3695 1781 3758 vitulum,
1813 3709 1918 3747 non
1959 3710 2119 3747 acce-

469 3850 474 3854 _
538 3787 614 3854 pit
656 3787 872 3848 bovem,
913 3785 1201 3852 judicavit,
1233 3785 1726 3854 condemnavitque
1765 3787 2041 3853 populum.
2066 3795 2118 3839 et

540 3892 745 3947 pauper
791 3877 992 3930 tnansit
1023 3895 1035 3930 :
1069 3894 1344 3946 nunquam
1379 3878 1586 3944 aliquid
1634 3891 1663 3929 a
1717 3876 1810 3930 tali
1862 3885 2118 3942 tantoque

540 3967 739 4037 pepnlo
778 3968 1104 4022 desideravit
1153 3969 1420 4037 accipere.
1451 3967 1516 4022 Ut
1544 3967 1671 4037 quid
1723 3965 1942 4021 Samuel
1974 3969 2115 4036 apud

541 4059 742 4114 inferos
815 4060 1065 4113 videtur?
1128 4060 1259 4126 Quis
1319 4060 1458 4128 apud
1524 4059 1726 4113 inferos
1806 4059 2114 4114 Samuelem

536 4153 824 4220 sequitur?
846 4151 1062 4205 Samuel
1090 4153 1231 4219 apud
1257 4153 1466 4207 inferos
1484 4153 1506 4206 ?
1523 4151 1702 4219 Quare
1728 4168 1834 4207 non
1867 4161 1921 4206 et
1945 4153 2117 4205 Abra-

538 4245 684 4307 ham,
733 4255 787 4298 et
837 4245 1006 4308 Isaac,
1038 4255 1090 4298 et
1123 4241 1290 4296 Jacob
1333 4245 1475 4312 apud
1525 4245 1728 4297 inferos
1793 4243 1959 4298 sunt?
2012 4241 2122 4297 Sa-

536 4336 680 4389 muel
722 4336 864 4405 apud
899 4336 1134 4390 inferos?
1167 4335 1349 4400 Quare
1386 4351 1490 4389 nou
1519 4345 1573 4387 et
1612 4334 1846 4405 Moyses,
1884 4336 1976 4402 qui
2007 4351 2113 4387 nua

537 4440 660 4479 cum
688 4425 962 4488 Samuelc,
993 4436 1052 4478 ιιι
1081 4427 1282 4478 dictum
1324 4435 1425 4487 est,
1458 4424 1806 4493 coniungitur
1831 4426 1874 4456 ⁸⁵
1905 4443 1918 4478 :
1954 4443 1972 4475 ι
2006 4424 2112 4478 Ne-

2220 3239 2358 3304 λῶν;
2390 3239 2645 3310 Σαμουὴλ
2669 3240 2725 3290 ἐν
2744 3239 2900 3309 ᾅδους
2929 3238 3182 3308 Σαμουὴλ
3203 3240 3383 3300 ἐντοῖς
3401 3236 3804 3306 καταχθονίοιςς

2219 3333 2247 3384 6
2270 3331 2649 3401 διαδεξάμενος
2689 3331 2828 3394 Ἠλὶ,
2858 3330 2945 3383 διὰ
2967 3330 3031 3382 τά
3063 3329 3170 3383 τῶν
3200 3330 3404 3384 τέκνων
3434 3331 3807 3401 ἁμαρτήματα

2219 3424 2313 3476 καὶ
2370 3425 2811 3494 παρανομήματα
2865 3421 3329 3476 καταδικασθέντα
3379 3421 3482 3474 ὑπὸ
3524 3422 3624 3490 τῆς
3666 3423 3810 3493 Προ-

2219 3512 2399 3577 νοίας;
2431 3514 2683 3584 Σαμουὴλ
2705 3516 2762 3565 ἐν
2788 3513 2936 3584 ᾅδου,
2966 3507 3025 3566 οὗ
3047 3516 3074 3566 6
3103 3514 3235 3576 Θεὸς
3262 3514 3566 3582 ἐπήκουσεν
3594 3516 3650 3565 ἐν
3682 3529 3806 3565 και-

2224 3603 2299 3673 ρῷ
2325 3603 2585 3673 θερισμοῦ
2617 3603 2823 3673 πυρῶν,
2851 3604 2944 3657 καὶ
2973 3604 3127 3656 ὑετὸν
3159 3604 3357 3656 ἔδωκεν
3389 3603 3562 3656 ἐλθεῖν
3593 3604 3702 3656 ἀπὸ
3723 3604 3810 3655 ού-

2223 3695 2383 3764 ρανοῦ
2405 3711 2418 3758 ;
2447 3694 2700 3764 Σαμουὴλ
2724 3696 2781 3748 ἐν
2800 3695 2946 3765 ᾅδου,
2975 3698 3002 3748 6
3025 3695 3248 3748 τοιαῦτα
3264 3696 3805 3767 παρρησιασάμενος

2226 3804 2244 3836 ι
2293 3788 2353 3839 Εἰ
2384 3785 2708 3856 ἐπιθύμημά
2739 3805 2880 3849 τινος
2909 3787 3136 3852 ἐλαϐον;
3179 3808 3196 3839 ι
3237 3789 3352 3842 Οὐκ
3386 3788 3545 3840 ἔλαϐε
3583 3789 3675 3842 τὸν
3708 3789 3808 3856 μό-

2221 3894 2366 3946 σχον,
2392 3878 2492 3930 ούκ
2513 3877 2671 3930 ἔλαϐε
2700 3877 2790 3931 τὸν
2819 3877 2965 3948 βοῦν,
3002 3877 3206 3949 ἔκρινε,
3244 3879 3338 3933 καὶ
3366 3877 3689 3931 κατεδίκασε
3715 3877 3808 3930 τὸν

2218 3968 2363 4033 λαὸν,
2413 3969 2588 4039 μένων
2623 3969 2807 4040 πένηςο
2862 3971 3118 4024 οὐδέποτε
3165 3970 3477 4040 ἐπεθύμησε
3526 3970 3709 4022 λαϐεῖν
3755 3987 3807 4021 τι

2219 4061 2326 4115 ἀπὸ
2354 4061 2672 4133 τηλικούτου
2705 4062 2836 4114 λαοῦ
2856 4063 2948 4114 καὶ
2964 4062 3239 4116 τοσούτου.
3272 4063 3524 4134 Σαμουὴλ
3558 4064 3643 4115 ἵνα
3666 4063 3718 4114 τί
3749 4064 3808 4113 ἐν

2219 4153 2344 4224 ᾅδου
2360 4154 2553 4222 ὁρᾶται
2575 4170 2588 4217 ;
2620 4153 2714 4218 Τίς
2749 4153 3032 4206 ἀκολουθεῖ
3052 4152 3129 4222 τῷ
3149 4152 3403 4223 Σαμουὴλ
3433 4155 3488 4205 ἐν
3518 4152 3643 4222 ᾇδου
3667 4169 3679 4215 ;
3705 4152 3809 4204 Σα.

2221 4243 2390 4314 μουὴλ
2424 4245 2480 4296 ἐν
2504 4243 2660 4314 ᾇδου;
2687 4243 2786 4296 Διά
2810 4243 2863 4296 τί
2885 4245 3004 4313 οὐχὶ
3037 4244 3130 4296 καὶ
3166 4244 3432 4314 Ἀϐραὰμ,
3465 4243 3560 4294 καὶ
3599 4242 3805 4305 Ἰσαὰκ,

2219 4337 2312 4387 καὶ
2349 4334 2541 4388 Ἰακὼϐ
2573 4338 2630 4389 ἐν
2665 4337 2825 4406 ᾆδου;
2871 4335 3125 4407 Σαμουὴλ
3159 4337 3215 4388 ἐν
3244 4335 3406 4406 ᾂδου;
3459 4337 3556 4388 Διά
3585 4337 3637 4389 τί
3684 4337 3807 4405 οὐχὶ

2218 4428 2310 4478 καὶ
2345 4427 2549 4498 Μωσῆς
2607 4426 2635 4477 6
2673 4424 3101 4495 συνεζευγμένος
3144 4425 3222 4495 τῷ
3264 4425 3515 4496 Σαμουὴλ
3551 4426 3692 4480 κατά
3745 4427 3807 4480 τὸ

535 4533 640 4584 qne
669 4518 711 4570 si
743 4519 955 4572 steterit
988 4518 1199 4588 Moyses
1266 4527 1320 4570 et
1355 4517 1591 4583 Samuel,
1624 4533 1718 4572 eos
1745 4518 2066 4571 exaudiam?
2091 4536 2108 4568 ι

2223 4517 2526 4588 είρημένον·
2561 4537 2579 4567 ι
2621 4516 2754 4570 Οὐδὲ
2799 4515 2894 4569 ἐὰν
2919 4519 3016 4587 στῇ
3048 4517 3255 4586 Μωσῆς
3289 4518 3379 4570 καὶ
3408 4517 3684 4587 Σαμουὴλ,
3716 4518 3808 4568 ού·-

539 4608 758 4662 Samuel
783 4610 921 4676 apud
958 4610 1198 4663 inferos?
1226 4612 1408 4676 Quare
1449 4627 1553 4663 non
1585 4620 1640 4663 et
1668 4609 1938 4664 Jeremias
1973 4611 2111 4678 apud

540 4697 869 4751 inferos?ad
914 4715 1076 4768 quem
1127 4701 1335 4754 dictum
1377 4711 1498 4754 est:
1537 4703 1880 4770 «Antequam
1915 4701 2114 4756 forma-

541 4804 651 4842 tem
677 4800 725 4843 te
762 4790 812 4843 in
847 4803 1022 4854 utero,
1059 4795 1283 4860 cognovi
1315 4805 1389 4859 te,
1419 4807 1471 4848 ct
1503 4805 1792 4864 antequam
1826 4793 2006 4846 exires
2047 4794 2115 4847 de

537 4881 716 4942 vulva,
739 4881 1071 4936 sanctilicavi
1101 4894 1170 4938 te.
1197 4904 1215 4935 ι
1255 4887 1408 4954 Apud
1442 4887 1646 4940 inferos
1679 4896 1732 4940 et
1760 4885 1945 4948 Isaias,
1971 4888 2112 4954 apud

539 4972 740 5026 inferos
757 4984 811 5026 et
831 4973 1118 5041 Jeremias,
1147 4982 1284 5044 apud
1304 4979 1507 5033 inferos
1535 4981 1768 5050 denique
1787 4993 1979 5033 omnes
1997 4995 2115 5048 pro-

539 5064 737 5131 phetm,
756 5067 896 5135 apud
929 5068 1149 5124 inferos.
1175 5069 1322 5122 Talia
1343 5071 1559 5138 quidem
1580 5073 1746 5135 dicet,
1775 5071 1865 5139 qni
1887 5071 2115 5124 Samue-

538 5158 643 5210 lt‘lll
675 5173 860 5213 revera
891 5161 1144 5216 eductum
1176 5177 1295 5216 esse
1343 5165 1665 5232 pertendere
1721 5178 1783 5216 ac
1811 5178 2119 5232 propugna-

541 5268 599 5306 re
644 5268 748 5306 non
793 5254 929 5307 vult.
969 5253 1105 5307 Cum
1155 5264 1334 5308 autem
1381 5265 1632 5324 oporteat
1669 5256 1806 5310 bene
1835 5271 1957 5310 esse
1987 5255 2118 5310 aﬂ‘e-

535 5352 708 5404 ctmn,
737 5345 826 5413 qui
853 5343 1166 5410 Scripturas
1195 5345 1468 5412 intelligit,
1497 5347 1960 5414 probabiliterque
1979 5345 2114 5398 satis

535 5441 712 5486 orabo
749 5449 848 5486 nos
880 5435 1163 5488 deduxerit
1213 5444 1268 5488 ut
1313 5449 1438 5489 vere
1471 5452 1565 5490 nos
1599 5447 1653 5490 et
1683 5451 2032 5490 commovere
2059 5447 2112 5490 et

606 5554 693 5628 "l
728 5556 856 5627 Reg.
885 5573 1072 5624 xxvtn,
1097 5558 1182 5612 ll.
1259 5557 1347 5610 ⁸⁷1
1379 5557 1509 5628 Reg.
1543 5575 1579 5612 ι.
1657 5557 1742 5610 ⁸⁸1
1779 5558 1908 5628 Reg.
1942 5573 1998 5618 ιι.
2036 5558 2121 5611 18.

539 5625 701 5689 αν,1.

607 5717 685 5858 t5;
734 5720 1129 5789 Ἑορταμέναι.
1190 5723 1351 5778 Forte
1401 5723 1770 5785 scribendum,
1799 5723 2123 5792 ἑωρακέναι.

611 5789 663 5853 (6
714 5792 832 5844 Οὐκ
863 5791 1189 5858 ἐλάλησεν.
1226 5793 1420 5848 "Helio
1467 5794 1688 5848 delenda
1742 5794 1950 5847 videtur
1979 5795 2115 5858 patti

2193 5556 2268 5609 "l
2300 5555 2520 5626 Regatt,
2545 5556 2596 5609 4.

2217 4607 2272 4660 δέ
2308 4608 2528 4660 ἐκείνων
2555 4607 2980 4676 εἰσακούσομαι;
3035 4626 3054 4657 ι
3102 4607 3356 4678 Σαμουὴλ
3389 4609 3446 4660 ἐν
3485 4607 3649 4678 ᾆδου;
3690 4609 3807 4660 Ἵνα

2219 4701 2269 4752 τί
2307 4701 2379 4770 μὴ
2411 4700 2503 4751 καὶ
2539 4699 2810 4770 Ἱερεμίας
2851 4701 2908 4751 ἐν
2932 4698 3095 4768 ᾆδου;
3132 4700 3266 4767 πρὸς
3283 4699 3341 4751 ὃν
3369 4699 3603 4771 εἴρηταιο
3639 4721 3654 4749 ι
3691 4699 3806 4769 Πρὸ

2219 4791 2310 4843 τοῦ
2344 4808 2409 4860 με
2433 4791 2634 4843 πλάσαι
2661 4807 2719 4843 σε
2737 4792 2792 4842 ἐν
2816 4790 3012 4860 κοιλίᾳ,
3041 4789 3338 4860 ἐπίσταμαί
3363 4808 3441 4853 σε,
3469 4793 3562 4846 καὶ
3585 4792 3688 4862 πρὸ
3711 4793 3804 4846 τοῦ

2221 4901 2280 4937 σε
2320 4883 2554 4948 ἐξελθεῖν
2601 4887 2665 4938 ἐκ
2709 4889 2920 4955 μήτρας
2963 4885 3165 4954 ἡγίασά
3216 4901 3297 4936 σε·
3349 4903 3366 4934 ι
3414 4885 3502 4936 Ἐν
3547 4884 3672 4955 ᾅδου
3708 4885 3805 4937 καὶ

2233 4976 2481 5039 Ἡσαΐας,
2520 4976 2577 5027 ἐν
2628 4975 2754 5046 ᾅδου
2785 4976 2878 5028 καὶ
2929 4975 3214 5046 Ἱερεμίας,
3250 4976 3306 5026 ἐν
3340 4973 3468 5044 ᾅδου
3511 4975 3713 5037 πάντες
3753 4976 3802 5026 oi

2222 5067 2524 5137 προφῆται,
2550 5069 2607 5120 ἐν
2640 5066 2788 5137 ᾅδου.
2823 5065 3006 5119 Ταῦτα
3056 5067 3152 5136 μὲν
3187 5067 3300 5136 ἐρεῖ
3323 5066 3352 5118 6
3380 5066 3451 5136 μὴ
3480 5065 3803 5135 βουλόμενος

2217 5161 2402 5228 ἀγῶνα
2457 5159 2885 5231 παραδέξασθαι,
2933 5161 3017 5213 ὅτι
3067 5160 3322 5230 Σαμουὴλ
3379 5162 3526 5212 ἐστιν
3575 5159 3740 5221 ὅντως
3775 5162 3804 5212 6

2219 5252 2491 5322 ἀναχθείς·
2532 5253 2717 5324 ἐπειδὴ
2768 5254 2848 5306 δεῖ
2887 5251 3205 5322 εὐγνώμονα
3232 5247 3370 5305 εἶναι
3393 5253 3450 5303 ἐν
3477 5251 3554 5321 τῷ
3583 5250 3804 5303 ἀκούειν

2214 5340 2321 5392 τῶν
2349 5341 2598 5412 Γραφῶν,
2638 5341 2878 5404 πιθανῶς
2926 5344 3459 5412 καταπομπήσαντος
3508 5343 3655 5412 ἡμᾶς
3707 5341 3802 5393 τοῦ

2214 5435 2394 5502 λόγου,
2443 5436 2536 5489 κα¹ι
2579 5435 2793 5506 ἀληθῶς
2823 5435 3121 5506 δυναμένου
3152 5434 3404 5507 ταράξαι,
3433 5434 3524 5487 καὶ
3581 5433 3801 5502 κινῆσαι

2683 5556 2726 5586 *⁸ο
2759 5555 2773 5609 l
2801 5556 2930 5626 Reg.
2961 5571 3059 5622 xu,
3090 5557 3174 5610 l7.
3255 5556 3296 5587 ⁶¹
3325 5554 3457 5610 ibid.
3534 5557 3579 5588 θ’
3598 5553 3799 5610 Jeretn.

714 5792 832 5844 Οὐκ
863 5791 1189 5860 ἐλάλησεν.
1226 5793 1420 5848 llttctio
1467 5794 1688 5848 delenda
1742 5790 1950 5847 videtur
1979 5791 2263 5861 patticuln,
2296 5790 2423 5846 οὐκ.
