4124 6432
525 432 660 487 1017

1631 435 1697 491 IN
1740 437 1995 491 LIBRUM
2036 436 2272 492 REGE.“
2312 436 2594 491 HOMILIA
2637 437 2700 490 ll.

3643 443 3778 500 1M8

520 548 686 616 ἡμᾶς,
725 545 919 615 ἴδωμεν
979 542 1204 614 πότερόν
1245 562 1374 596 ποτε
1419 545 1663 615 νενόηται
1699 548 1731 617 ἠ
1785 546 1976 617 Γραφὴ
2025 542 2094 613 τῷ

2206 558 2498 602 concutere
2536 549 2730 613 Valeal,
2788 547 3067 604 videmnus
3116 559 3294 605 utrum
3342 563 3487 610 recte
3533 554 3778 625 Scriptu-

517 635 675 689 τοῦτο
704 636 778 707 μὴ
819 637 1265 707 παραδεξαμένῳ·
1297 637 1329 707 ἦ
1372 637 1478 688 ἀπὸ
1504 637 1728 703 ἐνδόξων
1766 639 1862 706 μὲν
1894 640 2100 706 ἐπιχει-

524 731 625 801 ρεῖ,
685 728 898 781 ἐναντία
947 729 1003 781 δὲ
1032 729 1179 797 λέγει
1220 732 1329 791 τοῖς
1357 729 1780 800 γεγραμμένοις.
1812 729 1944 782 Τίνα
1991 730 2099 800 γάρ

518 817 724 870 ἐστιτὰ
753 819 1145 889 γεγραμμένα;
1179 838 1196 869 ‹
1240 820 1348 870 K-al
1384 814 1535 871 εἶπεν
1567 821 1781 890 ήγυνή·
1818 818 1948 872 Τίνα
1978 820 2100 872 ἁνα-

518 906 673 975 γάγω
698 924 810 972 σοι;
849 928 866 958 ι
903 907 1060 971 Τίνος
1091 910 1380 980 πρόσωπόν
1419 912 1534 962 ἐστι
1565 911 1625 962 τὸ
1653 910 1831 978 λέγον,
1868 930 1886 962 ‹
1931 905 2100 963 Εἶπεν

518 1001 743 1070 ὴγυνή;
792 1018 809 1050 ι
855 995 1001 1070 ’Ἄρα
1036 1001 1097 1052 τὸ
1128 1002 1416 1071 πρόσωπον
1456 1001 1608 1068 ἁγίου
1651 1001 1988 1071 Πνεῦματος,
2040 1001 2100 1067 ἐξ

517 1087 576 1144 οῦ
605 1091 961 1143 πεπίστευται
987 1092 1397 1163 ἀναγεγράφθαι
1430 1096 1461 1164 ἡ
1502 1092 1714 1163 Γραφὴ,
1748 1095 1779 1164 ἢ
1811 1095 2098 1164 πρόσωπον

516 1182 883 1254 ἄλλου.τινός;
925 1183 996 1234 Τὸ
1019 1183 1125 1254 γὰρ
1156 1184 1546 1255 διηγηματικὸν
1585 1187 1873 1256 πρόσωπον
1903 1204 2100 1239 παντα-

518 1274 636 1344 χοῦ,
666 1274 740 1337 ὡς
780 1270 925 1326 ἴσασι
959 1273 1052 1326 καὶ
1079 1276 1126 1326 οἱ
1160 1275 1286 1344 περὶ
1321 1275 1688 1338 παντοδαποὺς
1708 1276 1982 1344 γενόμενοι
2011 1277 2099 1330 λό-

517 1381 668 1431 γους,
704 1365 819 1416 ἐστὶ
851 1364 1142 1435 πρόσωπον
1189 1364 1282 1416 τοῦ
1327 1366 1703 1436 συγγραφέως.
1743 1369 2097 1437 Συγγραφεὺς

515 1456 573 1509 δὲ
601 1459 690 1510 ἐπὶ
725 1457 928 1510 τούτων
953 1459 1060 1512 τῶν
1095 1457 1268 1527 λόγων
1307 1460 1660 1513 πεπίστευται
1697 1456 1835 1513 εἶναι
1872 1463 1972 1513 οὐκ
2004 1461 2098 1513 ἄν-

518 1548 754 1619 θρωπος,
791 1549 925 1602 ἀλλά
973 1551 1322 1622 συγγραφεὺς
1371 1552 1430 1604 τὸ
1464 1552 1686 1622 Πνεῦμα
1723 1553 1784 1604 τὸ
1824 1553 1996 1620 ἅγιον,
2036 1555 2096 1607 τὸ

515 1643 742 1712 κινῆσαν
770 1645 892 1706 τοὺς
922 1642 1259 1715 ἀνθρώπους·
1291 1643 1485 1696 οὐκοῦν
1512 1643 1570 1695 τὸ
1611 1644 1836 1715 Πνεῦμα
1864 1645 1922 1696 τὸ
1945 1645 2094 1714 ἆγιον

516 1732 682 1802 λέγει·
731 1753 748 1784 ι
787 1736 896 1788 Kal
944 1731 1145 1804 εἶπενὴ
1172 1736 1326 1806 γυνή·
1366 1735 1498 1787 Τίνα
1548 1735 1807 1803 ἀναγάγω
1842 1753 1952 1799 σοι;
2001 1737 2094 1788 καὶ

514 1819 656 1878 εἷπε·
694 1826 944 1896 Σαμουὴλ
975 1825 1214 1893 ἀνάγαγέ
1250 1843 1357 1893 μοι.
1389 1845 1404 1874 ι
1429 1825 1524 1888 Τίς
1561 1825 1726 1892 λέγει·
1767 1845 1783 1875 (
1823 1827 1931 1877 Kal
1959 1821 2094 1878 εἶδεν

514 1919 547 1987 ἡ
567 1919 704 1987 γυνὴ
731 1904 820 1970 τδν
846 1918 1120 1988 Σαμουὴλ,
1155 1918 1248 1970 καὶ
1277 1917 1500 1987 ἐϐόησεν
1523 1920 1555 1986 ἡ
1582 1917 1716 1988 γυνὴ
1747 1920 1896 1988 φωνῇ
1931 1918 2100 1988 μεγὰ-

513 2007 580 2081 λῃ
604 2008 867 2076 λέγουσα;
911 2028 927 2059 ι
979 2007 1238 2080 Ἐροῦμεν
1281 2009 1416 2079 πρὸς
1457 2012 1661 2062 ἐκεῖνον
1700 2008 1936 2062 τοσαῦτα
1967 2011 2098 2079 ἡμῖν

513 2100 1031 2170 καταϐομϐήσαντα,
1067 2101 1159 2152 καὶ
1205 2101 1371 2171 μυρία
1411 2102 1691 2172 εἰρηκότα,
1738 2103 1812 2165 ὡς
1844 2102 1951 2171 ἄρα
1994 2104 2097 2154 Σαο

517 2191 685 2260 μουὴλ
715 2193 813 2244 οὐκ
842 2189 908 2263 ἦν
948 2196 1003 2247 ἐν
1029 2194 1174 2266 ᾅδου.
1215 2216 1232 2247 ι
1276 2193 1429 2250 Εἷδεν
1459 2201 1490 2269 ἡ
1523 2199 1659 2270 γυνὴ
1697 2199 1971 2268 Σαμουὴλ,
2011 2219 2029 2249 ι
2064 2200 2096 2268 ἡ

511 2281 883 2352 διηγηματικὴ
908 2286 1058 2355 φωνὴ
1078 2285 1233 2339 τοῦτο
1259 2286 1450 2356 ἔφησε,
1484 2307 1500 2338 t
1537 2289 1628 2340 καὶ
1654 2288 1875 2357 ἐϐόησεν
1901 2290 1932 2358 ἡ
1961 2288 2095 2356 γυνὴ

512 2373 664 2440 φωνῇ
712 2373 943 2445 μεγάλῃ,
980 2375 1072 2427 καὶ
1107 2370 1248 2441 εἷπε,
1279 2377 1369 2447 Μὴ
1394 2377 1581 2446 φοϐοῦ,
1618 2378 1749 2447 πρὸς
1784 2378 1974 2432 Σαούλο
2011 2380 2098 2433 ἵνα

509 2461 561 2512 τί
589 2464 984 2534 παρηνοχλήσω
1015 2485 1102 2536 με.
1133 2469 1226 2520 καὶ
1259 2471 1323 2521 σὺ
1345 2465 1395 2521 εἷ
1423 2469 1622 2531 Σαούλς
1646 2472 1756 2522 Kal
1781 2467 1932 2523 εἶπεν
1955 2473 2093 2544 αὐτῇ

510 2554 539 2604 ό
569 2552 835 2622 βασιλεύς·
871 2557 935 2608 Τί
975 2559 1081 2628 γάρ
1125 2560 1241 2611 ἐστι
1265 2602 1278 2625 ,
1315 2560 1403 2630 Μὴ
1464 2560 1663 2630 φοϐοῦ;
1699 2562 1762 2613 Τί
1800 2562 2094 2633 ἐώρακας;

511 2645 618 2696 Καὶ
642 2642 846 2718 εἷπε·ιὴ
883 2649 1017 2720 γυνὴ
1051 2651 1184 2721 πρὸς
1213 2653 1305 2704 τὸν
1353 2652 1541 2706 Σαούλ·
1585 2653 1752 2717 Θεοὺς
1791 2649 1929 2707 εἶδον
1964 2656 2095 2706 ἀνα-

509 2734 792 2802 ϐαίνοντας
833 2742 897 2793 ἐκ
930 2741 1028 2810 τῆς
1078 2743 1199 2811 γῆς.
1241 2744 1352 2796 Kal
1384 2741 1534 2797 εἶπεν
1568 2745 1723 2814 αὐτῇ·
1759 2746 1824 2798 Τί
1857 2745 1916 2798 τὸ
1957 2741 2095 2808 εἶδος

509 2826 721 2891 αὐτῶν;
758 2831 865 2882 Kal
896 2827 1049 2884 εἶπεν
1073 2832 1240 2901 αὐτῷ·
1289 2833 1452 2903 Ἀνὴρ
1479 2833 1849 2904 πρεσϐύτερος
1871 2835 2095 2888 ἀναϐαί-

509 2936 650 2980 νων,
695 2922 786 2973 καὶ
835 2922 995 2984 αὐτὸς
1051 2923 1513 2994 περιϐεϐλημένος
1558 2924 1798 2977 διπλοΐδα
1837 2927 2016 2994 ἐφούδ.
2067 2947 2084 2978 ι

509 3009 672 3076 Λέγει
719 3011 886 3080 αὐτὴν
917 3013 1222 3082 ἑωρακέναι
1258 3014 1350 3065 καὶ
1375 3014 1434 3065 τὸ
1461 3013 1674 3083 ἱμάτιον
1700 3014 1758 3066 τὸ
1795 3015 2088 3085 ίερατικόν.

510 3093 642 3152 Οἶδα
670 3100 746 3163 δὲ,
774 3102 852 3154 ὅτι
893 3103 1134 3156 ἐναντίον
1168 3105 1232 3156 ἐκ
1277 3103 1369 3156 τοῦ
1400 3105 1558 3171 λόγου
1590 3105 1757 3172 λέγει,
1783 3107 1842 3158 οὑ
1885 3107 2087 3178 θαῦμα.

2206 653 2290 690 ras
2311 639 2638 707 perceperit,
2675 640 2768 707 qui
2803 639 2856 693 id
2885 655 2989 694 non
3019 640 3278 708 admittit,
3315 644 3397 697 vel
3432 660 3776 715 argumente~

2203 737 2290 780 tur
2356 730 2424 784 ab
2472 729 2792 793 illustribus,
2859 733 3266 800 pugnantiaque
3313 735 3458 788 dicat
3506 737 3611 791 illis
3659 756 3778 809 quae

2203 821 2403 888 scripta
2458 832 2606 877 sunt.
2657 822 2792 875 Nam
2843 839 2963 892 qua:
2989 835 3114 878 sunt
3148 828 3346 895 scripta
3373 828 3456 883 “?
3497 849 3515 882 ι
3547 831 3611 886 Ει
3641 832 3779 887 dixit

2203 915 2412 982 mulier,
2439 915 2608 982 Quem
2639 919 2877 971 evocabo
2908 919 3038 972 tibi?
3069 938 3086 969 ι
3116 918 3409 986 Cujusnam
3435 932 3518 978 est
3543 940 3775 992 persona

2205 1007 2312 1070 illa,
2360 1023 2479 1074 quae
2533 1007 2714 1061 dicit:
2751 1009 2937 1061 «Dixit
2986 1010 3252 1063 mulier?»
3305 1013 3496 1068 Annon
3545 1032 3776 1084 persona

2203 1097 2439 1164 Spiritus
2468 1099 2666 1162 sancti,
2707 1113 2736 1150 a
2772 1115 2878 1165 quo
2909 1101 3119 1156 divinas
3151 1101 3357 1156 litteras
3387 1108 3618 1174 scriptas
3657 1125 3779 1164 esse

2201 1190 2492 1254 credimus,
2523 1190 2606 1244 vel
2644 1191 2870 1247 alterius
2930 1193 3269 1262 cnjnspiatn?
3304 1195 3512 1265 Quippe
3549 1215 3774 1267 persona

2203 1296 2430 1334 narrans
2480 1281 2699 1350 ubique,
2757 1287 3218 1352 quemadn'todutn
3275 1289 3364 1354 qui
3423 1303 3520 1356 per
3587 1306 3778 1346 omnes

2201 1372 2470 1426 orationis
2524 1376 2714 1427 modos
2762 1377 2962 1428 versati
3000 1388 3124 1430 sunt
3176 1379 3382 1444 optime
3430 1380 3648 1441 callent,
3683 1398 3780 1435 att-

2202 1465 2366 1517 Ctoris
2398 1479 2622 1531 persona
2655 1467 2843 1520 est.At
2880 1483 3186 1520 sermonum
3208 1469 3400 1522 horum
3435 1483 3645 1537 attctor,
3671 1490 3776 1529 nun

2205 1556 2385 1616 homo,
2431 1555 2522 1607 sed
2571 1556 2807 1622 Spiritus
2865 1567 3107 1620 sanctus,
3144 1562 3235 1626 qui
3293 1563 3460 1615 movit
3506 1563 3776 1626 homines,

2202 1656 2322 1696 esse
2365 1645 2621 1698 creditur.
2670 1645 2810 1698 Dicit
2869 1647 3031 1715 igitur
3073 1647 3308 1716 Spiritus
3355 1663 3581 1706 sanctus
3617 1671 3629 1706 :
3666 1673 3683 1704 ι
3711 1653 3779 1708 Ει

2203 1734 2339 1787 dixit
2362 1734 2555 1788 mulier
2590 1753 2603 1788 :
2633 1735 2804 1800 Quem
2840 1737 3068 1790 educam
3101 1740 3235 1793 tibi?
3260 1751 3315 1795 et
3338 1742 3474 1796 dixit
3505 1763 3516 1796 :
3546 1744 3775 1800 Samue-

2202 1826 2305 1879 letn
2343 1828 2479 1880 educ
2513 1828 2665 1884 mihi.
2700 1848 2717 1879 ι
2754 1827 2886 1892 Quis
2914 1830 3088 1884 dicit:
3120 1849 3138 1880 ι
3167 1832 3226 1884 Et
3261 1834 3395 1887 vidit
3449 1837 3646 1889 mulier
3676 1837 3777 1890 Sa-

2205 1917 2459 1982 muelcm,
2503 1928 2556 1973 et
2587 1919 2844 1973 clamavit
2880 1921 3074 1974 mulier
3104 1906 3244 1976 voce
3281 1939 3474 1991 magna
3505 1927 3725 1982 dicens?
3753 1945 3770 1978 ι

2201 2007 2441 2063 Dicimus
2484 2011 2548 2063 ad
2591 2010 2761 2074 illum,
2795 2012 2885 2078 qui
2932 2022 3152 2066 nosuas
3203 2028 3364 2068 aures
3407 2015 3650 2084 implevit
3684 2034 3774 2071 ru-

2199 2101 2460 2162 moribus,
2496 2100 2898 2172 immodicaque
2941 2104 3232 2156 verborum
3266 2106 3423 2172 copia
3463 2104 3774 2161 Samueletn

2198 2188 2337 2254 apud
2381 2187 2584 2242 inferos
2621 2206 2726 2243 non
2767 2190 2932 2244 fuisse
2976 2193 3278 2246 centcndit.
3331 2213 3348 2243 ι
3382 2193 3524 2247 Vidit
3577 2195 3773 2248 mulier

2199 2276 2522 2343 Samttelem,
2558 2300 2575 2331 ι
2608 2296 2834 2334 narrans
2857 2297 2957 2335 vox
2989 2283 3209 2346 dixit“,
3237 2303 3255 2334 ι
3292 2294 3342 2338 et
3365 2285 3622 2337 clamavit
3655 2303 3776 2338 ntu—

2199 2369 2297 2422 lier
2331 2385 2459 2423 voce
2495 2386 2716 2439 magna,
2764 2384 2818 2426 et
2848 2375 2985 2428 dixit
3013 2376 3078 2427 ad
3117 2377 3261 2429 Sauli
3288 2392 3336 2428 m
3375 2395 3386 2428 :
3427 2376 3503 2430 Ne
3539 2378 3771 2432 timeas:

2199 2461 2410 2528 utquid
2444 2461 2702 2531 decepisti
2760 2480 2866 2529 me,
2888 2475 2942 2518 et
2990 2474 3042 2518 ιιι
3103 2482 3161 2520 es
3218 2467 3384 2520 Saul?
3426 2467 3492 2520 Et
3543 2467 3680 2521 dixit
3724 2469 3772 2520 ei

2200 2567 2289 2604 rex
2324 2569 2336 2605 :
2370 2551 2509 2618 Quid
2543 2554 2594 2605 id
2621 2563 2736 2617 est,
2769 2551 2845 2609 Ne
2881 2555 3260 2622 timeas?Quitl
3291 2558 3514 2612 vidisti?
3549 2559 3610 2612 Et
3638 2560 3775 2612 dixit

2199 2644 2392 2697 mulier
2430 2645 2494 2698 ad
2535 2645 2661 2698 Saul
2694 2663 2706 2698 :
2742 2645 2877 2701 Deos
2911 2648 3017 2700 vidi
3053 2651 3409 2704 ascendentes
3435 2667 3464 2704 e
3501 2662 3669 2709 terra.
3709 2654 3773 2707 Et

2197 2735 2331 2788 dixit
2361 2737 2612 2790 adeam:
2646 2737 2775 2804 Qua:
2796 2749 2878 2792 est
2912 2738 3082 2794 forma
3124 2741 3465 2796 illorum?Et
3494 2744 3631 2797 dixit
3666 2745 3768 2797 illi:

2203 2824 2294 2878 Vir
2325 2827 2506 2880 senior
2544 2830 2867 2890 ascendens,
2907 2841 2961 2883 et
2988 2831 3077 2883 hic
3113 2832 3298 2886 senior
3331 2833 3567 2900 diploide
3593 2835 3772 2902 epltod

2197 2915 2437 2971 indutus.
2468 2938 2484 2969 ι
2519 2918 2745 2972 Fatetur
2774 2933 2890 2972 eam
2918 2921 3122 2974 vidisse
3151 2931 3206 2974 et
3232 2933 3432 2976 vestem
3463 2926 3774 2978 sacerdota-

2198 3007 2322 3060 lem.
2352 3007 2488 3062 Novi
2522 3010 2831 3077 oppositum
2867 3013 3068 3073 dicere,
3101 3013 3242 3080 quod
3279 3014 3474 3066 ntirtttn
3523 3030 3626 3067 non
3665 3025 3768 3068 est.

2196 3095 2311 3162 Ipse
2343 3099 2541 3165 quippe
2596 3099 2829 3153 Satanas
2885 3101 3242 3154 transformat
3299 3117 3356 3164 se
3407 3103 3458 3153 in
3519 3103 3770 3172 angelum

513 3191 685 3252 Αὐτὸς
701 3190 810 3261 γὰρ
841 3193 867 3244 ό
899 3194 1143 3255 Σατανᾶς
1171 3193 1704 3263 μετασχηματίζεται
1745 3197 1823 3257 εἰς
1864 3196 2092 3264 ἄγγελον

2201 3183 2416 3238 lucis“.
2455 3185 2636 3252 Quare
2677 3203 2932 3258 magnum
2969 3205 3070 3242 non
3125 3201 3228 3254 est,
3263 3192 3306 3245 si
3343 3199 3397 3259 et
3432 3190 3578 3243 illius
3615 3192 3774 3245 inini-

520 3281 987 3368 φωτόςῇοὑ,,μέγα
1004 3281 1096 3337 οὖν
1125 3287 1172 3336 εἰ
1195 3285 1285 3336 καὶ
1301 3286 1348 3336 οί
1381 3284 1792 3336 διὰκονοιαὺτοῦ
1823 3303 2096 3358 μετασχη-

515 3371 936 3442 ματίζονταίὶῦς
973 3374 1206 3427 διάκονοι
1238 3374 1602 3444 δικαιοσύνης.
1646 3373 1806 3425 Ἀλλὰ
1838 3374 1888 3426 τί
1925 3376 2091 3438 ἐστιν,

507 3464 646 3535 ὅπερ
673 3461 810 3518 εἶδεν
839 3467 870 3533 ἡ
902 3464 1059 3534 γυνὴ,
1101 3464 1193 3516 τοῦ
1227 3464 1506 3534 Σαμουήλ;
1557 3464 1715 3516 Ἀλλὰ
1765 3464 2092 3534 γέγραπται,

509 3556 590 3608 ὅτι
646 3556 785 3624 ἔγνω
829 3557 1020 3619 Σαοϋλ,
1059 3558 1140 3609 ὅτι
1193 3556 1444 3627 Σαμουὴλ
1507 3558 1641 3619 ἐστι,
1697 3576 1713 3606 ι
1747 3557 1856 3609 Kal
1903 3556 2093 3610 ἔπεσεν

507 3649 598 3700 ἐπὶ
627 3648 914 3718 πρόσωπον
938 3649 1028 3700 ἐπὶ
1061 3649 1158 3718 τὴν
1173 3647 1299 3717 γῆν,
1336 3650 1429 3699 καὶ
1460 3647 1886 3718 προσεκύνησεν.
1923 3667 1938 3698 ι
1962 3644 2092 3701 Εἶτα

512 3739 674 3791 πάλιν
702 3737 763 3790 τὸ
789 3738 1080 3810 πρόσωπον
1108 3738 1208 3808 τῆς
1240 3739 1482 3809 Γραφῆς·
1517 3757 1534 3788 ι
1567 3739 1673 3791 Καὶ
1701 3734 1818 3791 εἷπε
1842 3741 2092 3810 Σαμουὴλ.

511 3830 646 3900 πρὸς
674 3829 864 3881 Σαούλ·
904 3829 1017 3881 Ἵνα
1059 3830 1112 3882 τί
1144 3829 1504 3901 παρώργισάς
1557 3848 1622 3900 με
1659 3830 1751 3882 τοῦ
1791 3831 2091 3898 ἀναγαγεῖν

513 3935 610 3986 με;
634 3939 650 3970 ι
686 3913 901 3981 (Εἴπερ
932 3917 1152 3988 φησὶνὴ
1205 3919 1415 3990 Γραφὴ,
1445 3921 1550 3973 ἔδει
1591 3921 1882 3983 πιστεύειν,
1917 3941 1934 3972 ι
1974 3919 2091 3974 εἷπε

509 4009 780 4079 Σαμουὴλ*
816 4010 931 4062 Ἵνα
953 4010 1002 4062 τί
1039 4009 1394 4080 παρὼργισάς
1418 4029 1484 4080 με
1517 4011 1609 4064 τοῦ
1639 4014 1932 4080 ἀναγαγεῖν
1951 4030 2018 4083 με
2041 4030 2086 4076 ;›

510 4096 644 4153 Εἶτα
690 4101 825 4172 πρὸς
850 4101 1036 4154 τοῦτον
1087 4104 1440 4174 ἀποκρίνεται
1488 4103 1677 4155 Σαούλ·
1722 4123 1737 4154 ι
1788 4103 1998 4174 Σφόδρα
2041 4104 2089 4155 οί

508 4193 795 4262 ἀλλόφυλοι
844 4193 1170 4263 πολεμοῦσιν
1215 4197 1273 4247 ἐν
1308 4195 1451 4265 ἐμοὶ,
1498 4196 1590 4249 καὶ
1635 4197 1663 4247 ὁ
1705 4194 1837 4258 Θεὸς
1879 4195 2088 4266 ἀπέστη

509 4287 601 4338 ἀπ’
626 4285 782 4356 ἐμοῦ,
825 4289 917 4339 καὶ
938 4288 1036 4341 οὐκ
1064 4287 1335 4357 ἀπεκρίθη
1371 4305 1459 4357 μοι
1492 4288 1594 4347 ἔτι,
1632 4288 1724 4340 καί
1755 4304 1819 4354 γε
1865 4289 1921 4338 ἐν
1949 4289 2092 4358 χειρὶ

507 4377 615 4429 τῶν
654 4379 970 4449 προφητῶν,
1003 4379 1096 4431 καὶ
1138 4380 1194 4430 ἐν
1228 4382 1342 4440 τοῖς
1390 4377 1658 4441 ἐνυπνίοις
1695 4377 1948 4441 ἐκάλεσα,
1995 4376 2088 4430 τοῦ

505 4461 742 4533 δηλῶσαί
773 4482 858 4533 μοι
885 4465 935 4517 τί
963 4467 1192 4535 ποιήσω.
1229 4484 1246 4515 ι
1287 4465 1455 4518 Πάλιν
1497 4469 1529 4538 ὴ
1561 4467 1772 4538 Γραφὴ,
1810 4469 1908 4520 οὐκ
1934 4467 2090 4531 ἄλλος

508 4550 682 4617 εἶπεν,
725 4553 841 4608 ἀλλ’
881 4557 962 4608 ὅτι
1009 4559 1170 4621 αὐτὸς
1215 4559 1467 4630 Σαμουὴλ
1514 4537 1650 4630 ἔφη·
1690 4578 1707 4610 ι
1741 4562 1851 4614 Kal
1905 4561 1990 4614 ἵνα
2040 4562 2090 4614 τί
2126 4537 2168 4590 D

508 4645 864 4716 ἐπερώτησάς
905 4665 1002 4717 με;
1053 4651 1162 4703 Kal
1219 4651 1422 4722 Κύριος
1462 4652 1673 4724 ἀπέστη
1708 4653 1814 4706 ἀπὸ
1844 4653 1958 4711 σοῦ,
1998 4655 2092 4708 καὶ

508 4734 738 4804 ἐγενήθη
772 4736 910 4788 κατὰ
939 4737 1053 4800 σοῦ,
1093 4738 1186 4791 καὶ
1219 4740 1472 4809 ἐποίησεν
1498 4740 1656 4793 ἄλλον
1685 4742 1856 4812 αὐτῷ,
1888 4742 1946 4795 ὃν
1977 4743 2093 4814 τρό-

511 4843 608 4878 πον
634 4826 890 4898 ὲλάλησεν
919 4831 974 4881 ἐν
1007 4831 1148 4900 χειρί
1181 4848 1302 4902 μου.
1336 4833 1446 4885 Kal
1484 4833 1768 4904 διαρρήξει
1802 4835 1900 4902 τὴν
1941 4835 2091 4904 βασι-

507 4915 654 4971 λείαν
687 4919 752 4972 ἐκ
799 4920 980 4990 χειρός
1039 4937 1151 4974 σου.
1197 4941 1217 4973 ι
1270 4924 1380 4976 Kal
1427 4923 1701 4994 δαιμόνιον
1751 4926 2084 4996 προφητεύει

509 5008 638 5079 περὶ¹
674 5009 950 5080 βασιλείας
985 5012 1403 5084 Ἰσραηλιτικῆς.
1453 5014 1517 5066 Τί
1570 5031 1734 5084 φησιν
1777 5019 1804 5068 ὁ
1847 5018 2088 5080 ἐναντίος

507 5099 698 5168 λόγος;
745 5104 939 5174 Ὀρᾶτε
964 5104 1086 5168 ὅσος
1109 5104 1257 5173 ἀγών
1284 5108 1431 5160 ἐστιν
1461 5109 1517 5160 ἐν
1543 5108 1619 5178 τῷ
1644 5107 1786 5178 λόγῳ
1811 5108 1903 5162 τοῦ
1929 5110 2086 5172 Θεοῦ,

509 5193 696 5262 χρείαν
725 5194 861 5265 ἔχων
895 5197 990 5250 καί¹
1020 5198 1301 5268 ἀκροατῶν
1329 5199 1640 5270 δυναμένων
1677 5201 1845 5268 ἁγίων
1869 5201 2086 5255 ἀκούειν

508 5285 680 5354 λόγων
717 5289 984 5357 μεγάλων,
1009 5294 1100 5344 καὶ
1122 5294 1447 5364 ἀπορρήτων
1479 5292 1586 5347 τῶν
1612 5295 1856 5364 περὶτῆς
1878 5295 2086 5359 ἐξόδου,

509 5377 966 5448 ἐπαπορουμένων
993 5397 1050 5431 τε
1076 5379 1181 5432 τῶν
1215 5381 1517 5452 προτέρων,
1543 5381 1663 5434 οὔτε
1690 5382 1795 5436 τῶν
1823 5382 2088 5453 δευτέρων

512 5469 698 5540 σαφῶν
750 5470 940 5524 ὄντων.
1005 5473 1142 5525 Ἀλλ’
1173 5476 1200 5526 ὁ
1230 5473 1386 5542 λόγος
1427 5475 1506 5527 ἔτι
1567 5475 1897 5540 ἐξετάζεται.
1933 5475 2089 5544 Λέγω

509 5561 587 5625 δὲ,
635 5564 717 5615 ὄτι
763 5563 1036 5630 ἀναγκαία
1085 5565 1175 5617 καὶ
1220 5565 1252 5635 ἡ
1305 5565 1534 5636 ἱστορία,
1580 5567 1740 5636 καὶὴ
1785 5566 2086 5637 ἐξέτασιςὴ

511 5655 638 5726 περὶ
669 5656 857 5725 αὐτῆς,
899 5656 984 5707 ἵνα
1013 5657 1212 5725 ἴδωμεν
1245 5657 1296 5709 τί
1339 5659 1485 5727 ἡμᾶς
1515 5662 1626 5728 ἔχει
1655 5660 1792 5728 μετὰ
1832 5657 1929 5728 τὴν
1976 5660 2090 5726 ἕξο-

583 5829 628 5860 ”
659 5828 677 5883 ι
705 5828 830 5900 Reg.
866 5848 1054 5900 xxvttt,
1091 5833 1172 5888 ll.
1252 5836 1294 5865 δ”
1326 5837 1476 5902 ibid.,
1511 5837 1590 5902 l2,
1626 5837 1705 5895 l3.

1786 5839 1828 5870 ⁵³
1863 5839 1902 5893 ll
1935 5840 2058 5895 Cor.
2095 5856 2168 5906 λι,
2206 5840 2288 5895 ll.

2203 3277 2300 3332 stri
2348 3279 2398 3330 in
2447 3279 2981 3348 ministrosjustitim
3022 3294 3447 3336 commutantur.
3493 3282 3597 3337 Sed
3643 3283 3771 3350 quid

2201 3369 2252 3422 id
2282 3377 2383 3432 est,
2415 3370 2556 3438 quod
2607 3371 2878 3425 Samuelis
2921 3388 3040 3426 esse
3097 3373 3291 3427 mulier
3333 3375 3621 3443 cognovit?
3666 3373 3773 3428 Sed

2199 3463 2464 3530 scriptum
2516 3473 2598 3517 est
2649 3463 2867 3518 Sattletn
2906 3468 3229 3532 cognovisse
3275 3465 3427 3518 illtttu
3461 3467 3627 3519 fuisse
3673 3464 3742 3520 Sa

2199 3553 2534 3606 mtteletn“:
2568 3573 2585 3606 ι
2632 3555 2699 3608 Ει
2753 3556 3031 3623 procubuit
3287 3556 3338 3608 in
3393 3556 3584 3610 faciem
3618 3571 3771 3608 suam

2197 3657 2362 3712 Super
2405 3653 2625 3709 terram,
2663 3654 2715 3698 et
2747 3646 3013 3698 adoravit.
3044 3667 3060 3696 ι
3107 3646 3317 3699 Rursus
3355 3645 3482 3699 item
3518 3645 3774 3712 Scriptu-

2199 3750 2270 3786 ra:
2307 3743 2532 3787 ant-tor:
2568 3754 2586 3785 ι
2619 3735 2681 3788 Et
2719 3736 2854 3789 dixit
2884 3735 3100 3789 Samuel
3128 3736 3194 3787 ad
3242 3735 3462 3786 Saulem
3495 3751 3507 3788 :
3541 3731 3609 3787 Ut
3645 3733 3772 3799 quid

2196 3828 2523 3894 pet-turbasti
2560 3845 2645 3884 me
2669 3827 2912 3882 faciendo
2936 3826 3285 3881 ascendere?»
3326 3824 3551 3886 «Dixit,»
3601 3823 3774 3892 inquit

2198 3916 2504 3985 Scriptura,
2538 3917 2647 3983 jam
2691 3917 2914 3970 credere
2945 3931 3080 3985 opus
3125 3923 3208 3968 est
3239 3930 3249 3963 :
3292 3932 3310 3965 ι
3336 3914 3478 3967 Dixit
3506 3913 3722 3967 Samuel
3756 3929 3769 3963 :

2197 4005 2265 4060 Ut
2303 4009 2428 4076 quid
2479 4008 2530 4060 in
2567 4007 2708 4062 iram
2745 4009 2993 4061 excitasti
3033 4024 3138 4071 me,
3184 4008 3431 4059 faciendo
3476 4020 3560 4059 me
3587 4021 3776 4058 ascen-

2194 4098 2392 4151 dere?»
2433 4099 2740 4166 Respondet
2774 4100 2967 4152 deinde
3001 4099 3128 4152 Saul
3163 4117 3175 4152 :
3209 4117 3228 4149 ε
3256 4097 3422 4151 Valde
3457 4098 3774 4162 alienigenas

2195 4202 2436 4257 pugnant
2472 4190 2522 4243 in
2552 4205 2672 4254 me,
2708 4201 2762 4242 et
2795 4190 2939 4244 Deus
2979 4192 3231 4244 discessit
3267 4205 3293 4242 a
3331 4203 3434 4248 me,
3466 4198 3521 4241 et
3553 4203 3654 4241 non
3688 4205 3774 4240 re-

2194 4282 2413 4348 Spondit
2465 4281 2596 4334 mihi
2658 4281 2820 4342 ultra,
2863 4281 2990 4335 licet
3042 4283 3216 4349 ipsum
3266 4283 3317 4333 in
3369 4282 3620 4334 manibus
3655 4297 3774 4346 pro-

2194 4374 2502 4442 phetarum,
2553 4383 2604 4427 el
2659 4373 2708 4426 in
2768 4375 2997 4428 somniis
3054 4375 3444 4435 invocaverint,
3483 4375 3548 4424 ad
3586 4371 3768 4440 umitl-

2195 4465 2426 4518 cundum
2463 4465 2593 4518 mihi
2627 4466 2753 4532 quid
2791 4465 3008 4517 faciam.
3038 4484 3056 4516 ι
3092 4465 3294 4518 lterum
3333 4462 3642 4532 Scriptura,
3675 4476 3772 4514 uec

2197 4554 2334 4608 alius
2378 4556 2538 4617 dixit,
2575 4557 2746 4623 ipsum
2798 4553 3107 4608 Samuelem
3152 4556 3358 4609 dixisse
3375 4557 3418 4591 ⁸⁷
3451 4572 3463 4607 :
3499 4573 3514 4603 ε
3541 4552 3608 4610 Ut
3639 4553 3768 4622 quid

2196 4647 2499 4715 interrogas
2558 4647 2682 4700 me?
2723 4647 2784 4700 Et
2841 4649 3101 4700 Dominus
3151 4648 3397 4700 discessit
3429 4663 3456 4699 a
3496 4657 3566 4711 te,
3611 4657 3664 4700 et
3702 4645 3772 4697 ﬁt-

2197 4747 2319 4791 ctus
2351 4748 2429 4791 est
2470 4749 2658 4790 contra
2692 4749 2763 4799 te,
2814 4747 2866 4790 et
2913 4737 3046 4791 fecit
3077 4739 3244 4792 alium
3291 4739 3415 4800 sibi,
3450 4739 3591 4792 sicut
3633 4737 3788 4791 locu-

2196 4841 2282 4884 tus
2314 4839 2395 4883 est
2434 4831 2484 4883 itt
2522 4847 2682 4884 manu
2721 4846 2860 4885 mea.
2901 4829 2966 4884 Et
2998 4832 3280 4884 absciudet
3309 4847 3530 4900 regnum
3563 4828 3628 4881 de
3655 4844 3778 4881 Ina-

2196 4937 2266 4974 ntt
2301 4931 2412 4973 tua.
2438 4940 2455 4970 »
2505 4920 2838 4974 ῡςιιιιιοιιίιιιιι
2870 4921 2938 4973 de
2976 4921 3272 4974 Israelitico
3304 4937 3468 4990 regno
3496 4920 3760 4972 vaticina-

2197 5023 2304 5066 tur.
2339 5013 2478 5079 Quid
2511 5015 2578 5067 ad
2619 5015 2754 5080 haec,
2783 5013 2872 5082 qui
2900 5014 3238 5066 contrarium
3279 5013 3575 5066 asserunt?
3613 5012 3774 5064 Vide-

2198 5106 2265 5158 tis
2306 5106 2575 5174 quodnam
2614 5115 2894 5160 certamen
2949 5105 3017 5157 sit
3066 5105 3119 5158 in
3173 5105 3356 5157 verbis
3387 5101 3619 5163 Domini,
3649 5116 3768 5168 quae

2194 5197 2532 5250 auditoribus
2565 5197 2831 5264 indigent,
2875 5197 2962 5264 qtti
2998 5213 3191 5265 magna
3227 5205 3279 5249 et
3324 5192 3614 5248 ineffabilia
3648 5207 3768 5260 pos-

2191 5291 2299 5345 sint
2329 5289 2627 5359 intelligere
2666 5291 2733 5344 de
2761 5292 2908 5344 exitu
2944 5305 3010 5344 ex
3066 5292 3165 5343 hac
3193 5290 3319 5351 vita,
3351 5303 3471 5342 cum
3511 5285 3684 5354 prima
3714 5283 3768 5335 in

2194 5383 2412 5435 dubium
2438 5391 2935 5445 controvertantur,
2975 5391 3030 5435 et
3058 5381 3296 5434 secunda
3337 5375 3621 5429 utauifcsta
3660 5388 3766 5426 nor.

2193 5473 2318 5525 sint.
2355 5472 2461 5526 Sed
2503 5487 2684 5526 sermo
2719 5473 2896 5526 adhuc
2935 5473 2987 5524 in
3031 5471 3283 5522 exatnine
3339 5477 3443 5520 est.
3481 5466 3611 5518 Dico
3641 5477 3770 5516 vero

2195 5565 2554 5619 necessariam
2585 5581 2705 5619 esse
2737 5577 2790 5618 et
2815 5565 3127 5627 historiam,
3164 5573 3220 5615 et
3256 5561 3400 5613 illius
3428 5573 3679 5618 exnmeu,
3710 5564 3768 5608 ut

2197 5656 2325 5727 quid
2363 5671 2459 5710 nos
2493 5667 2614 5725 post
2662 5657 2783 5710 vitae
2825 5655 2984 5723 hujus
3011 5657 3217 5708 exitum
3248 5659 3547 5719 exspectat.
3580 5649 3764 5703 vidca-

2388 5837 2432 5868 “
2460 5835 2472 5890 Ι
2505 5833 2637 5906 Reg.
2671 5852 2859 5902 xstttt,
2892 5836 2977 5891 li.
3056 5835 3097 5866 ⁸⁷
3126 5833 3233 5889 ibid
3265 5875 3280 5904 ,
3323 5834 3404 5896 16,
3445 5833 3530 5890 Π.
