4124 6438
363 371 503 427 1019

1798 374 2137 431 DRIGENIS.

3475 382 3612 435 5039

360 504 502 544 mus.
547 506 565 539 ι
593 487 829 542 Locutus
858 496 940 541 est
975 487 1026 541 in
1061 502 1219 541 manu
1254 504 1394 552 mea,
1433 498 1486 546 et
1515 490 1796 545 ahscindet
1826 493 1920 545 Do<

2034 491 2141 545 δον.
2173 509 2191 543 ι
2234 490 2540 561 Λελάληκεν
2563 490 2619 541 ἐν
2652 490 2792 560 χειρί
2815 507 2934 561 μου·
2966 490 3060 544 καὶ
3088 479 3364 562 stupeﬁat
3407 492 3611 562 Κύριος

360 581 540 633 mimis
590 594 812 647 regnum
858 579 922 632 de
955 594 1112 631 manu
1170 588 1286 641 tua,
1316 588 1367 633 et
1402 581 1552 634 dabit
1586 583 1713 635 illud
1748 585 1933 650 proxi-

362 685 452 723 mo
505 679 593 722 tuo
629 669 813 721 David.
848 688 865 719 ι
903 669 1234 722 Πςεηιοιιίιιιιι
1292 686 1421 724 vero
1484 688 1711 739 regnum
1765 673 1929 728 David

361 762 547 827 nequit
598 758 801 812 habere
851 771 1217 829 compertum,
1251 765 1392 829 quod
1438 780 1465 816 a
1505 762 1613 817 Deo
1654 766 1928 819 decretum

357 860 497 905 erat.
535 850 774 917 Quidni?
820 850 1011 906 Nonne
1061 868 1246 907 vocem
1312 854 1522 908 Domini
1581 855 1931 913 intellexisti?

366 960 384 992 ι
413 940 527 994 Νοη
561 942 685 995 fecit
740 943 1164 1011 indignationem
1205 945 1299 997 irte
1327 961 1456 1008 sum,
1492 946 1541 999 in
1568 947 1787 1002 Amalec
1808 949 1874 1002 ⁵⁸.
1902 969 1921 1002 ι

360 1031 549 1086 Nonne
609 1035 722 1086 haec
754 1044 884 1088 sunt
912 1036 1075 1089 verba
1113 1036 1367 1089 Domini?
1398 1052 1572 1092 nonne
1605 1053 1725 1091 vera
1769 1039 1927 1093 sunt?

357 1121 500 1177 Vere
554 1126 775 1191 quidem
821 1126 1151 1180 voluntatem
1208 1128 1421 1181 Domini
1458 1128 1587 1182 Saul
1638 1142 1927 1187 exsecutus

358 1230 463 1268 non
490 1224 574 1268 est
602 1234 615 1268 :
648 1216 741 1268 sed
776 1232 955 1286 regem
987 1218 1208 1272 Amalec
1259 1220 1443 1273 vivum
1485 1224 1923 1290 conservabat",

357 1314 576 1373 prepter
610 1320 770 1373 quem
820 1316 877 1360 et
927 1319 1217 1376 antequam
1254 1311 1573 1379 quiesceret,
1604 1322 1659 1366 et
1691 1314 1742 1367 in
1779 1317 1924 1369 exitu

358 1394 477 1465 ipso
492 1396 707 1447 Samuel
730 1395 878 1449 Sauli
910 1399 1290 1466 exprobravit:
1316 1419 1332 1449 ι
1360 1401 1424 1453 Et
1444 1412 1664 1471 propter
1684 1405 1784 1457 hoc
1808 1420 1925 1458 ver-

356 1480 482 1535 bum
511 1483 613 1536 hoc
630 1484 757 1538 fecit
784 1486 1040 1540 Dominus
1060 1488 1113 1540 in
1138 1488 1226 1540 die
1249 1489 1444 1543 hac.Et
1469 1490 1641 1544 tradet
1669 1492 1926 1549 Dominus

356 1575 534 1641 ipsum
567 1576 730 1631 Israel
763 1580 815 1632 in
852 1595 1010 1637 manu
1052 1582 1499 1650 alienigenarum.
1533 1603 1551 1635 ›
1578 1586 1648 1640 De
1673 1588 1925 1643 universo

356 1665 451 1720 Dei
502 1669 696 1736 populo
733 1670 1059 1729 daemonium
1115 1682 1288 1740 potest
1327 1674 1612 1729 Vaticinari
1638 1677 1923 1732 Dominum

358 1761 682 1814 traditurum
736 1764 941 1817 Israel?
970 1783 988 1815 ι
1016 1765 1078 1818 Ει
1113 1767 1514 1825 tabernaculum
1549 1775 1719 1840 ipsum
1754 1771 1919 1827 lsrael

2038 582 2136 651 τὴν
2166 582 2442 650 βασιλείαν
2488 584 2551 633 ἐκ
2603 580 2783 650 χειρός
2835 599 2948 645 σου,
2990 582 3083 634 καὶ
3116 581 3276 634 δώσει
3324 582 3492 652 αὐτὴν
3530 584 3608 653 τῷ

2040 672 2263 743 πλησίον
2289 690 2381 725 σου
2412 671 2488 741 τῷ
2517 670 2701 724 Δαυῖδ.
2731 690 2750 722 ι
2788 672 3070 741 Δαιμόνιον
3105 671 3161 723 δέ
3194 672 3252 723 οὐ
3283 672 3503 725 δύναται
3532 676 3609 725 εί-

2037 765 2183 817 δέναι
2212 766 2309 836 τὴν
2345 764 2621 833 βασιλείαν
2651 763 2829 821 Δαυῖδ.
2866 764 2961 833 τὴν
2990 764 3093 815 ὑπὸ
3118 763 3210 816 τοῦ
3252 764 3456 837 Κυρίου
3493 783 3609 837 χει-

2039 856 2434 927 ροτονηθεῖσαν.
2471 856 2709 918 Καθότι;
2756 857 2869 907 Οὐκ
2902 856 3137 924 ἤκουσας
3164 854 3261 925 τὴν
3300 855 3483 926 φωνὴν
3511 856 3614 909 τοῦς

2036 948 2239 1018 Κυρίου
2268 965 2281 1013 ;
2318 968 2335 999 ι
2376 949 2489 1001 Ούκ
2524 948 2777 1017 ἐποίησεν
2818 947 2987 1016 ὀργὴν
3022 946 3191 1017 θυμοῦ
3225 947 3386 1000 αὑτοῦ
3422 950 3479 1000 ἐν
3521 949 3595 1000 ’Δ-

2039 1039 2239 1111 μαλήκ.
2263 1058 2279 1090 ι
2299 1038 2482 1092 Ταῦτα
2503 1039 2601 1092 οὐκ
2620 1039 2732 1093 ἐστι
2756 1040 2973 1109 ῥήματα
2999 1038 3131 1090 Θεοῦ
3156 1038 3286 1102 ;οῢκ
3314 1038 3459 1091 ἔστιν
3484 1039 3609 1109 ἁλη-

2035 1128 2133 1197 θῆ;
2199 1126 2438 1197 Ἀληθῶς
2481 1126 2590 1198 γὰρ
2623 1128 2722 1181 οὐκ
2768 1127 2993 1199 ἐποίησε
3041 1128 3100 1179 τὸ
3146 1127 3355 1198 θέλημα
3399 1128 3603 1197 Κυρίου

2034 1220 2222 1272 Σαούλ·
2251 1219 2386 1272 ἀλλὰ
2423 1220 2674 1289 περιέπει
2716 1219 2805 1272 τὸν
2853 1220 3075 1290 βασιλέα
3117 1220 3361 1290 Ἀμαλὴκ
3403 1218 3602 1285 ζῶντα,

2032 1311 2118 1379 ἐφ’
2146 1304 2189 1378 ᾧ
2230 1312 2323 1363 καὶ
2371 1311 2476 1379 πρὸ
2509 1311 2608 1380 τῆς
2653 1312 2962 1381 κοιμήσεως
3011 1309 3196 1371 αὐτοῦ,
3245 1310 3337 1362 καὶ
3376 1310 3469 1361 ἐπὶ
3505 1311 3604 1380 τῆς

2032 1402 2212 1467 ἐξόδου
2246 1401 2490 1454 ὠνείδισε
2525 1400 2775 1471 Σαμουὴλ
2806 1400 2883 1470 τῷ
2911 1400 3102 1453 Σαούλ·
3142 1418 3160 1449 ι
3202 1400 3312 1451 Καὶ
3333 1399 3421 1451 διὰ
3447 1398 3605 1452 τοῦτο

2030 1491 2092 1543 τὸ
2126 1491 2278 1561 ῥῆμα
2326 1490 2483 1544 τοῦτο
2530 1492 2749 1560 ἐποίησε
2784 1491 2987 1561 Κύριος
3018 1493 3076 1543 ἐν
3103 1491 3168 1559 τῇ
3206 1488 3386 1559 ἡμέρᾳ
3410 1490 3599 1560 ταύτῃ.

2033 1581 2143 1633 Καὶ
2168 1580 2328 1635 δώσει
2358 1581 2560 1651 Κύριος
2588 1582 2679 1635 καί
2708 1599 2771 1650 γε
2810 1582 2899 1634 τὸν
2938 1581 3153 1651 Ἰσραὴλ
3191 1582 3247 1633 ἐν
3281 1581 3424 1651 χειρὶ
3448 1580 3602 1633 ἀλλο-

2034 1674 2233 1742 φύλων.
2290 1693 2309 1726 ι
2356 1675 2487 1745 Περὶ
2530 1676 2650 1728 ὅλου
2690 1674 2819 1730 λαοῦ
2858 1674 3009 1727 Θεοῦ
3065 1672 3286 1726 δύναται
3329 1673 3601 1743 δαιμόνιον

2033 1762 2423 1833 προφητεῦσαι,
2448 1765 2527 1816 ὅτι
2562 1764 2761 1836 Κύριος
2791 1764 2968 1836 μέλλει
2998 1763 3342 1834 παραδιδόναι
3370 1763 3459 1815 τὸν
3498 1764 3600 1816 Ἰσ-

358 1850 531 1903 tradet
560 1850 824 1906 Dominus
852 1853 904 1906 in
935 1868 1093 1908 manu
1114 1856 1563 1929 alienigenarum.
1585 1863 1647 1917 Et
1675 1874 1752 1926 tu,
1773 1864 1920 1929 Saul,

2030 1852 2200 1922 ραήλ;
2234 1872 2251 1902 ι
2294 1854 2402 1905 Καί
2431 1870 2492 1921 γε
2519 1854 2619 1924 τὴν
2654 1854 3002 1924 παρεμϐολὴν
3046 1851 3259 1921 Ἰσραὴλ
3288 1849 3597 1921 παραδώσει

354 1954 476 1994 cras
500 1941 763 2006 accelera,
793 1953 868 2008 tu,
890 1955 942 2000 et
966 1945 1109 2001 ﬁlius
1134 1957 1254 2004 tuus
1290 1967 1501 2006 mecum
1532 1954 1599 2007 "°.
1642 1973 1660 2008 ι
1710 1957 1770 2009 Et
1793 1957 1922 2010 illud

352 2030 678 2087 dmutonium
710 2036 851 2089 scire
897 2047 1094 2104 p0test,
1145 2056 1323 2111 regem
1366 2044 1573 2098 scilicet
1624 2048 1925 2104 chrismate

353 2117 664 2185 pmphetico
696 2123 1047 2193 declaratum,
1073 2125 1288 2182 Saulem
1320 2146 1443 2186 cras
1469 2148 1498 2186 e
1527 2136 1629 2187 vita
1660 2138 1921 2206 migratu-

355 2223 497 2272 rum,
547 2222 601 2264 et
635 2213 773 2267 ﬁlios
806 2214 954 2271 illius
988 2234 1094 2272 una
1129 2235 1249 2275 cum
1276 2223 1384 2276 eo?
1417 2244 1433 2275 ι
1456 2225 1590 2279 Cras
1628 2235 1707 2290 tu,
1741 2239 1795 2283 et
1829 2231 1921 2284 lilii

356 2299 429 2352 tui
465 2315 695 2354 meeum.
718 2324 735 2354 ι
761 2304 854 2359 llis
883 2310 1130 2376 superius
1151 2312 1349 2379 scripta
1373 2313 1762 2371 conﬁrmantur
1794 2334 1918 2373 vera

350 2403 494 2454 esse,
524 2393 660 2447 etin
696 2395 862 2449 vitam
901 2411 1184 2455 evocatum
1220 2403 1384 2457 fuisse
1420 2405 1749 2463 Samuelem.
1781 2410 1919 2477 Quid

355 2481 632 2552 igiturhic
683 2489 1024 2558 ventriloqna
1057 2496 1354 2560 Operatur?
1378 2496 1514 2562 Quid
1551 2500 1601 2552 in
1631 2500 1921 2561 eductione

351 2571 692 2643 animaejnsti
727 2580 1063 2649 ventriloqua
1093 2584 1241 2651 agit?
1272 2586 1372 2652 Qui
1406 2591 1599 2656 prima:
1629 2593 1921 2647 sententia

351 2673 457 2728 est,
509 2666 734 2720 evitavit
769 2685 838 2724 ne
886 2687 994 2740 pra:
1041 2685 1114 2727 tot
1152 2677 1273 2732 aliis
1301 2688 1355 2733 et
1412 2696 1609 2733 novum
1643 2691 1917 2738 certamen

351 2749 492 2805 inire
528 2766 858 2824 cogeretur:
893 2759 1034 2815 circa
1071 2766 1421 2831 qua’stionem
1455 2768 1614 2837 hujus
1666 2771 1768 2825 loci
1827 2788 1915 2827 re-

350 2845 612 2911 spondet:
648 2846 761 2901 Non
808 2860 891 2904 est
922 2849 1159 2912 Samuel,
1193 2855 1358 2928 494
1387 2858 1593 2912 ιΙιειιιοιι
1638 2863 1914 2928 mentitur,

350 2949 472 2988 cum
510 2936 622 3006 ipsa
654 2937 937 3009 Scriptura
991 2947 1205 3000 mentiri
1232 2964 1341 3001 non
1369 2951 1556 3016 possit.
1586 2952 1760 3007 Verba
1789 2969 1917 3011 vero

352 3026 647 3098 Scriptura:
690 3044 815 3087 sunt
849 3054 860 3088 :
890 3053 992 3091 non
1023 3054 1050 3091 a
1088 3041 1353 3107 daemone,
1386 3044 1478 3096 sed
1532 3045 1599 3100 ab
1643 3046 1785 3101 illius
1818 3066 1916 3101 au-

348 3129 501 3173 ctore
546 3133 673 3177 sunt
704 3127 911 3193 prolata
947 3145 960 3180 :
991 3149 1008 3180 ι
1037 3129 1100 3182 Et
1139 3131 1268 3187 vidit
1301 3133 1496 3189 mulier
1527 3137 1860 3193 Samuelem.
1890 3158 1908 3190 ι
1943 3166 1984 3224 C

351 3209 498 3264 Dixit
551 3213 678 3267 Saul
730 3231 848 3285 quae
892 3218 1111 3273 locutus
1160 3218 1339 3278 fuerat
1381 3222 1620 3281 Samuel.
1669 3226 1913 3293 Quanam

351 3300 519 3370 igitur
548 3306 781 3371 ratione;
811 3324 932 3377 quae
961 3311 1012 3363 in
1042 3312 1142 3366 hoc
1180 3311 1297 3368 loco
1333 3315 1397 3367 de
1422 3319 1761 3389 ventriloqua
1811 3322 1915 3375 du‘

348 3392 613 3461 bitantur,
657 3399 978 3455 solventur?
1020 3403 1213 3470 Quer
1244 3420 1271 3456 a
1304 3406 1492 3472 primae
1530 3409 1672 3463 illius
1702 3422 1918 3466 senten-

350 3485 439 3541 tia:
471 3499 734 3545 auctore:
779 3492 999 3548 Samuel
1045 3498 1185 3566 apud
1234 3500 1483 3553 inferos?
1521 3512 1627 3556 etc.
1670 3501 1914 3570 Respon-

348 3576 470 3631 deat
500 3580 564 3631 ad
600 3581 928 3653 interrogata
963 3590 1124 3653 :quis
1171 3591 1360 3656 major,
1397 3588 1638 3655 Samuel,
1674 3592 1917 3648 anJesus

346 3665 635 3722 Christus?
658 3668 792 3735 Quis
826 3673 1014 3739 major,
1045 3678 1341 3742 prophetae,
1365 3694 1430 3729 an
1460 3676 1617 3731 .lesus
1645 3679 1919 3735 Christus?

347 3760 470 3826 quis
502 3764 695 3828 major,
730 3762 1027 3827 Abraham,
1054 3781 1119 3819 an
1147 3766 1309 3820 Jesus
1335 3767 1626 3823 Christus?
1656 3768 1799 3823 Sane
1833 3770 1918 3825 hic

347 3865 508 3905 nemo
550 3866 762 3913 eorum,
789 3852 878 3919 qui
917 3854 1000 3907 vel
1044 3871 1146 3908 una
1187 3857 1305 3911 vice
1339 3866 1545 3910 tautmn
1574 3859 1714 3912 scire
1743 3860 1918 3927 potuit

345 3936 530 3992 Jesum
577 3938 851 3994 Christum
901 3958 1041 4006 esse,
1069 3945 1160 4011 qui
1199 3960 1226 3997 a
1261 3948 1542 4015 prophetis
1588 3949 1918 4016 prtenuntia-

347 4039 437 4083 tus
469 4040 574 4093 est,
614 4031 829 4086 audebit
859 4034 1038 4087 dicere
1063 4037 1334 4089 Christum
1372 4053 1477 4090 non
1503 4054 1627 4092 esse
1659 4038 1913 4107 majorem

348 4122 644 4189 prophetis.
669 4121 799 4177 Cum
823 4125 1004 4192 itaque
1034 4126 1304 4180 Christum
1342 4128 1599 4197 majorem
1631 4128 1911 4192 fateberis,

345 4212 668 4269 Christusne
720 4218 859 4284 apud
910 4218 1150 4273 inferos?
1203 4220 1391 4273 Nonne
1452 4220 1576 4273 illuc.
1637 4222 1918 4289 pervenit?

345 4302 536 4359 Nonne
590 4322 775 4361 verum
834 4320 918 4363 est
965 4312 1107 4378 quod
1152 4312 1204 4364 in
1251 4311 1479 4365 Psalmis
1512 4313 1730 4375 dicitur,
1774 4313 1917 4368 etab

349 4396 611 4461 apostolis
648 4398 698 4449 in
729 4386 946 4453 Actibus
982 4402 1449 4470 interpretatur“,
1478 4402 1813 4455 Salvatorem
1850 4402 1914 4455 ad

2026 1941 2227 2010 Κύριος
2248 1942 2415 2012 αὐτὴν
2442 1944 2498 1994 ἐν
2518 1943 2663 2013 χειρὶ
2683 1942 3012 2011 ἀλλοφύλων.
3033 1942 3271 2009 Τάχυνον
3296 1940 3374 2005 δὲ,
3404 1939 3594 2001 Σαοὺλ,

2024 2030 2232 2100 αὔριον·
2282 2033 2377 2086 καὶ
2441 2034 2527 2097 σὺ,
2570 2036 2663 2088 καὶ
2701 2038 2729 2088 6
2779 2035 2891 2097 υἱός
2929 2051 3021 2085 σου
3079 2032 3192 2101 μετ’
3230 2030 3385 2102 ἐμοῦ.
3428 2049 3446 2082 ι
3490 2029 3599 2082 Καὶ

2023 2120 2179 2174 τοῦτο
2224 2121 2444 2176 δύναται
2475 2125 2670 2177 εἰδέναι
2706 2124 3001 2195 δαιμόνιον,
3049 2121 3265 2192 βασιλέα
3293 2137 3599 2193 χειροτονη-

2024 2210 2185 2263 θέντα
2217 2213 2356 2281 μετὰ
2383 2212 2681 2284 χρίσματος
2718 2211 3078 2283 προφητικοῦ,
3110 2213 3190 2264 ὅτι
3228 2210 3416 2280 αὔριον
3441 2210 3598 2279 ἐμελ-

2022 2302 2111 2355 λεν
2152 2302 2429 2367 ἐξελέσθαι
2475 2306 2503 2356 6
2556 2305 2727 2358 Σαοὺλ
2765 2306 2855 2358 τὸν
2904 2304 3039 2374 βίον,
3076 2304 3168 2356 καὶ
3208 2304 3258 2356 οἱ
3302 2304 3406 2355 υίοῖ⁵
3432 2300 3596 2355 αὑτοῦ

2025 2397 2142 2464 μετ’
2177 2396 2374 2460 citrei};
2416 2413 2434 2446 ι
2472 2395 2671 2466 Αὔριον
2699 2398 2789 2459 σὺ,
2821 2398 2915 2450 καὶ
2960 2395 3065 2448 υίοί
3106 2412 3198 2447 σου
3234 2396 3348 2465 μετ’
3376 2394 3531 2465 ἐμοῦ.
3571 2414 3590 2445 ι

2022 2485 2206 2538 Ταῦτα
2253 2486 2353 2554 μὲν
2396 2482 2509 2550 οὖν,
2539 2488 2621 2539 ὅτι
2655 2488 2755 2539 οὐκ
2782 2487 2896 2539 ἐστι
2930 2488 3006 2558 (7)
3053 2486 3221 2555 ψευδῆ
3256 2486 3323 2538 τὰ
3356 2487 3466 2539 ἄνω
3505 2501 3597 2553 γε-

2020 2574 2334 2644 γραμμένα,
2372 2576 2464 2627 καὶ
2490 2577 2573 2627 ὅτι
2612 2576 2865 2646 Σαμουὴλ
2894 2580 3037 2629 ἐστιν
3066 2579 3095 2629 6
3127 2574 3495 2643 ἀναϐεϐηκώς,
3530 2575 3595 2625 Τί

2020 2660 2111 2717 οὖν
2137 2668 2281 2716 ποιεῖ
2308 2664 2741 2735 ἐγγαστρίμυθος
2773 2664 2990 2730 ἐνθάδε;
3024 2664 3087 2717 Τί
3124 2667 3269 2717 ποιεῖ
3304 2662 3594 2732 ἐγγαστρί-

2022 2754 2191 2825 μυθος
2243 2757 2372 2826 περὶ
2422 2756 2522 2827 τὴν
2551 2755 2839 2826 ἀναγωγὴν
2872 2757 2970 2828 τῆς
3009 2756 3187 2825 ψυχῆς
3216 2755 3310 2807 τοῦ
3340 2755 3590 2817 δικαίους

2032 2846 2268 2909 Ἐκεῖνος
2295 2845 2492 2915 ἔφυγεν
2525 2848 2553 2898 6
2584 2845 2674 2900 τὸν
2701 2846 2914 2917 πρῶτον
2952 2846 3041 2899 τὸν
3071 2846 3226 2913 λόγον
3269 2844 3435 2898 εἰπών
3453 2861 3465 2873 ·
3504 2845 3592 2896 ἴνα

2018 2942 2127 3014 γὰρ
2179 2942 2255 3012 (8)
2311 2941 2385 3013 μὴ
2424 2942 2608 3010 ἀγῶνα
2641 2942 2783 3011 ἔχειν
2816 2941 2942 3011 δοκῇ
2978 2940 3118 2994 κατὰ
3160 2938 3394 2992 τοσαῦτα
3435 2937 3591 3002 ἄλλα,

2018 3034 2159 3087 κατὰ
2189 3033 2278 3085 τὸν
2304 3033 2464 3085 τόπον
2490 3031 2818 3102 ζητούμενα,
2848 3034 2941 3084 καὶ
2992 3032 3156 3099 λέγει·
3187 3030 3300 3082 υύκ
3338 3028 3450 3080 ἐστι
3488 3027 3592 3077 Σα-

2022 3124 2212 3195 μουὴλ,
2241 3123 2493 3192 ψεύδεται
2522 3123 2583 3175 τὸ
2614 3122 2908 3193 δαιμόνιον,
2951 3122 3074 3174 ἐπεὶ
3105 3120 3164 3172 ού
3206 3119 3425 3172 δύναται
3466 3116 3597 3185 ψεύ-

2020 3214 2201 3269 δεσθαι
2240 3218 2272 3285 ἡ
2304 3214 2513 3285 Γραφή.
2546 3212 2627 3265 Τὰ
2658 3212 2714 3265 δὲ
2752 3214 2970 3284 ῥήματα
3014 3212 3111 3282 τῆς
3154 3209 3374 3280 Γραφῆς
3411 3209 3590 3260 ἐστιν·

2019 3306 2118 3359 οὐκ
2139 3305 2282 3358 ἐστιν
2305 3305 2367 3356 ὲκ
2394 3302 2685 3375 προσώπου
2715 3302 2808 3354 τοῦ
2856 3302 3129 3372 δαιμονίου
3160 3300 3344 3363 αὑτοῦ,
3387 3300 3498 3353 ἀλλ’
3529 3301 3593 3352 ἐκ

2022 3396 2314 3467 προσώπου
2338 3395 2527 3463 αὐτῆς·
2558 3414 2576 3444 α
2620 3395 2728 3446 Καὶ
2755 3390 2890 3446 εἷδεν
2928 3397 2960 3464 ἡ
2997 3394 3131 3463 γυνὴ
3157 3393 3247 3444 τὸν
3284 3391 3589 3461 Σαμουὴλ.)

2020 3485 2153 3541 Εῐπε
2177 3486 2346 3540 Σαοὺλ
2366 3485 2433 3538 τὰ
2462 3485 2801 3557 λελαλημένα
2826 3484 2933 3537 ἀπὸ
2966 3483 3057 3535 τοῦ
3086 3483 3339 3552 Σαμουήλ
3362 3481 3459 3551 (9)·
3479 3480 3595 3543 πῶς

2019 3578 2111 3634 οὖν
2146 3579 2379 3649 λυόμενα
2407 3578 2475 3631 τὰ
2505 3578 2604 3646 τῆς
2630 3574 3064 3647 ἐγγαστριμύθου
3104 3577 3350 3643 φανεῖται
3371 3573 3438 3626 τὰ
3459 3572 3597 3627 κατὰ

2018 3670 2110 3722 τὸν
2134 3670 2327 3733 τόπον;
2353 3668 2694 3738 Πυνθάνομαι
2719 3666 2811 3720 τοῦ
2838 3667 3223 3736 προειρηκότος
3249 3666 3316 3718 τὰ
3332 3663 3593 3734 πρότερα,

2021 3762 2271 3832 Σαμουὴλ
2315 3762 2372 3813 ἐν
2412 3760 2573 3830 ᾂδου;
2619 3759 2714 3813 καὶ
2760 3758 2830 3811 τὰ
2871 3757 3015 3827 ἑξῆς.
3057 3757 3167 3810 Καὶ
3211 3754 3598 3826 ἀποκρινάσθω

2022 3854 2159 3923 πρὸς
2216 3854 2276 3906 τὸ
2334 3854 2779 3923 ἐπηρωτημένον.
2839 3851 2934 3911 Τίς
2979 3849 3200 3921 μείζων,
3251 3845 3526 3917 Σαμουὴλ,
3559 3845 3593 3914 ἢ

2033 3945 2238 4014 Ἰησοῦς
2263 3947 2290 3997 6
2315 3944 2579 4015 Χριστόςς
2610 3942 2690 4005 τίς
2723 3942 2942 4012 μείζων,
2979 3941 3027 3992 οἱ
3076 3938 3373 4011 προφῆται,
3413 3936 3447 4007 ἢ
3493 3937 3597 4004 ’1η-

2022 4036 2147 4098 σοῦς
2174 4037 2202 4087 6
2233 4033 2496 4106 Χριστός;
2543 4033 2625 4095 τίς
2677 4030 2898 4102 μείζων,
2944 4029 3215 4100 Ἀδραὰμ,
3252 4028 3285 4097 ἦ
3336 4024 3541 4095 Ἰησοῦς
3567 4026 3597 4077 6

2019 4126 2293 4196 Χριστός;
2343 4124 2557 4177 Ἐνθάδε
2598 4124 2658 4175 οὐ
2715 4122 2971 4192 τολμήσοι
3009 4137 3091 4181 τις
3130 4118 3235 4171 τῶν
3270 4113 3416 4179 ἅπαξ
3463 4114 3597 4182 φθα-

2022 4218 2228 4270 σάντων
2264 4217 2355 4268 τὸν
2389 4214 2591 4285 Κύριον
2630 4213 2826 4265 εἰδέναι
2868 4209 3072 4280 Ἰησοῦν
3112 4208 3345 4280 Χριστὸν
3367 4206 3457 4259 τὸν
3490 4205 3597 4258 ὑπὸ

2017 4308 2124 4366 τῶν
2151 4303 2440 4377 προφητῶν
2474 4302 2917 4375 προκηρυχθέντα
2948 4297 3107 4362 εἶναι,
3141 4300 3331 4359 εἰπεῖν,
3360 4298 3442 4350 ὅτι
3478 4295 3597 4365 μεί-

2020 4398 2125 4462 ζων
2155 4398 2254 4450 οὐκ
2284 4396 2428 4449 ἐστιν
2459 4396 2487 4446 6
2532 4394 2762 4465 Χριστὸς
2799 4392 2905 4445 τῶν
2954 4389 3264 4462 προφητῶν.
3301 4387 3468 4440 Ὅταν
3502 4382 3595 4438 οὖν

346 4484 550 4540 inferos
581 4488 961 4545 descendisse?
984 4493 1135 4556 Quod
1168 4494 1219 4545 in
1255 4493 1466 4562 psalmo
1489 4493 1700 4548 decimo
1722 4494 1915 4561 quinto

2018 4488 2374 4559 ὁμολογήσῃς,
2406 4489 2486 4540 ὅτι
2538 4484 2746 4556 Ἰησοῦς
2772 4483 3004 4555 Χριστὸς
3036 4480 3233 4551 μείζων
3263 4479 3430 4540 ἐστὶν,
3458 4478 3595 4546 Χρι-

345 4576 565 4647 legitur,
602 4584 668 4635 ad
721 4582 895 4650 ipsum
962 4584 1151 4638 referri
1216 4587 1481 4655 scriptum
1518 4588 1663 4639 est“
1701 4604 1714 4639 :
1751 4605 1767 4635 ι
1798 4585 1911 4640 Non

322 4670 701 4740 ‘derelinques
734 4675 974 4727 animam
1034 4656 1205 4729 meum
1253 4678 1304 4730 iu
1364 4678 1596 4735 inferno.
1628 4693 1727 4732 nec
1762 4678 1917 4732 dabis

340 4757 547 4828 justum
582 4772 729 4815 tuum
793 4765 975 4819 videre
1023 4770 1491 4837 corruptionem.»
1549 4770 1603 4823 Si
1661 4769 1915 4835 deinceps

350 4853 713 4919 respondebit,
751 4855 875 4921 quia
921 4856 1168 4913 Christus
1218 4863 1283 4914 ad
1345 4860 1549 4913 inferos
1586 4859 1914 4913 descendit:

348 4943 476 5009 quid
529 4946 781 4999 acturus?
817 4948 1148 5013 victurusue,
1183 4965 1248 5003 an
1299 4965 1327 5004 a
1368 4960 1542 5005 morte
1590 4947 1921 5003 Vincendus?

349 5032 641 5089 Descendit
670 5038 734 5088 ad
762 5037 847 5091 illa
884 5039 1019 5105 loca,
1077 5058 1179 5094 non
1215 5053 1469 5110 tanquam
1508 5056 1696 5094 servus
1726 5055 1912 5093 eorum

348 5125 436 5193 qui
477 5126 546 5179 ibi
600 5139 776 5193 erant,
801 5131 893 5183 sed
926 5140 1185 5200 tanquam
1221 5133 1481 5185 Dominus
1513 5132 1918 5200 decertaturus,

348 5228 405 5271 ut
435 5221 584 5287 prius
630 5221 964 5289 dicebamus,
999 5224 1125 5276 dum
1152 5223 1419 5292 psalmum
1453 5225 1766 5292 vigesimum
1804 5226 1916 5293 pri-

348 5327 493 5363 mum
520 5312 913 5380 explicaremus
935 5313 1470 5367 :«Circumdederunt
1491 5332 1575 5368 me
1603 5316 1753 5369 vituli
1781 5316 1919 5369 ιιιιιΙ-

349 5395 412 5460 ιί,
440 5399 579 5450 tauri
610 5399 839 5467 pingues
867 5401 1198 5455 obsederunt
1230 5417 1336 5456 me.
1369 5404 1712 5473 Aperuerunt
1754 5419 1921 5473 super

421 5510 465 5540 °"
492 5512 509 5563 l
533 5511 662 5583 Reg.
686 5530 878 5582 xxviii,
912 5516 999 5571 18.
1074 5518 1118 5550 ⁸⁸
1150 5517 1166 5570 l
1196 5518 1326 5587 Reg.
1357 5534 1451 5583 xv,
1477 5518 1569 5575 28.

424 5624 501 5703 (Ἰ)
530 5627 648 5703 Ὅτι
680 5632 790 5703 οὐκ
814 5631 978 5703 ἐστι.
1012 5632 1104 5686 Vel
1135 5634 1314 5687 scrihe
1336 5633 1507 5703 δηλοῖ,
1537 5634 1617 5687 ὅτι
1652 5636 1752 5687 οὐκ
1779 5633 1913 5696 ἐστι,

356 5698 656 5769 νειώειιιιιιιε
685 5700 852 5768 δηλοῖ,
897 5713 988 5755 aut
1014 5703 1143 5769 quid
1170 5703 1365 5755 simile.

431 5764 746 5830 (8)1323261"
779 5770 877 5822 ἵνα
922 5764 1048 5837 γάρ,
1086 5783 1187 5826 ειε.
1224 5772 1417 5828 lluelio
1456 5774 1731 5842 legendum
1764 5771 1910 5827 vide-

2020 4577 2141 4639 στὸς
2169 4579 2224 4629 ἐν
2253 4576 2411 4647 ﬁsco;
2454 4576 2524 4628 Ἢ
2555 4577 2614 4627 οὐ
2645 4575 2864 4643 γέγονεν
2897 4575 3044 4636 exat;
3086 4571 3200 4623 Οὐκ
3227 4569 3373 4621 ἐστιν
3399 4566 3598 4637 ἀληθὲς

2016 4668 2076 4720 τὸ
2104 4669 2389 4738 εἰρημένον
2414 4669 2469 4720 ἐν
2518 4666 2805 4734 Ψαλμοῖς,
2832 4662 3161 4736 ἐρμηνευθέν
3188 4662 3291 4714 ὑπὸ
3337 4660 3443 4714 τῶν
3476 4661 3603 4712 ἀπο-

2022 4760 2220 4813 στόλων
2244 4762 2300 4812 ὲν
2329 4761 2447 4822 ταῖς
2511 4758 2809 4825 Πράξεσιν
2851 4755 3028 4809 αὐτῶν
3063 4751 3311 4825 περὶτοῦ
3351 4752 3440 4805 τὸν
3487 4750 3601 4801 Σω-

2023 4853 2163 4923 τῆρα
2208 4854 2264 4904 ἐν
2300 4852 2425 4922 ᾇδου
2477 4849 2939 4918 καταϐεϐηκέναι;
3000 4848 3334 4920 Γέγραπται,
3377 4848 3458 4899 ὅτι
3511 4845 3598 4896 ἐπ’

2024 4945 2184 4997 αὑτὸν
2215 4943 2435 5014 φέρεται
2470 4943 2530 4994 τὸ
2557 4943 2615 4993 ἐν
2650 4942 2808 4994 πέντε
2849 4942 2944 4993 καί¹
2990 4939 3202 5009 δεκάτῳ
3234 4936 3462 5008 ψαλμῷ·
3514 4936 3597 4987 ὅτι

2030 5055 2047 5085 ι
2085 5038 2197 5088 Οὐκ
2233 5034 2647 5104 ἐγκαταλείψεις
2694 5032 2790 5102 τὴν
2819 5032 2994 5103 ψυχήν
3038 5049 3135 5103 μου
3178 5032 3255 5093 είς
3290 5029 3435 5099 ᾅδου,
3478 5025 3596 5079 οὐδὲ

2023 5126 2214 5189 δώσεις
2250 5124 2341 5177 τὸν
2390 5124 2532 5177 ὅσιόν
2578 5141 2668 5177 σου
2729 5124 2853 5176 ἰδεῖν
2904 5123 3217 5194 διαφθοράν.
3251 5140 3268 5171 ι
3306 5117 3437 5173 Εἶτα
3464 5116 3596 5187 μετὰ

2024 5216 2181 5270 τοῦτο
2217 5216 2311 5269 ἐὰν
2344 5215 2725 5287 ἀποκρίνηται,
2773 5216 2853 5267 ὅτι
2891 5215 3122 5285 Χριστὸς
3166 5216 3221 5266 ὲν
3266 5211 3390 5282 ᾅδου
3425 5226 3595 5262 κατα-

2025 5310 2246 5379 ϐέϐηκε,
2279 5308 2330 5360 τί
2371 5310 2578 5371 ποιεῖς;
2629 5310 2885 5377 νικήσων,
2938 5307 2969 5377 ἦ
3023 5305 3445 5376 νικηθησόμενος
3493 5300 3598 5353 ὑπὸ

2024 5400 2113 5453 τοῦ
2147 5400 2372 5453 θανάτου
2399 5416 2412 5463 ;
2439 5401 2549 5452 Καὶ
2571 5399 2928 5469 κατελήλυθεν
2966 5401 3045 5461 εἰς
3078 5398 3144 5449 τὰ
3182 5397 3356 5467 χωρία
3391 5396 3596 5455 ἐκεῖνα,

1669 5519 1758 5573 ⁷⁰Ι
1797 5519 1926 5588 Reg.
1960 5534 2150 5583 xxviii,
2186 5518 2270 5572 19.
2347 5517 2389 5547 ⁷¹
2419 5516 2536 5570 Act.
2576 5532 2635 5581 ll,
2671 5517 2758 5569 51.
2837 5516 2882 5546 τ’
2922 5514 3063 5568 Psal.
3093 5533 3178 5575 κν,
3214 5515 3298 5570 10.

2030 5643 2135 5695 tur,
2164 5631 2354 5693 εἰπὼν,
2390 5631 2477 5684 ἵνα
2507 5631 2579 5701 μὴ
2615 5630 2821 5701 ἀγῶνα,
2850 5640 2958 5701 etc.

2096 5704 2171 5775 (Si)
2221 5702 2352 5756 Ἀπὸ
2388 5696 2825 5770 τοῦΣὶιμὸυήλ.
2876 5700 3035 5769 Lege.
3069 5698 3172 5753 ὑπὸ
3202 5696 3291 5752 τοῦ
3320 5697 3593 5770 Σαμουὴλ.
