4124 6432
522 385 654 440 1091

1611 378 1676 432 IN
1719 372 1975 430 LIBRUM
2015 371 2253 427 REGUM
2294 370 2579 427 llOMlLlA
2617 372 2685 426 11.

3648 370 3670 424 1
3681 370 3790 426 022

519 504 617 573 οὐχ
648 502 725 565 ὡς
748 500 934 565 δοῦλος
960 501 1068 555 τῶν
1090 502 1226 566 ἐκεῖ,
1255 500 1368 553 ἀλλ’
1409 501 1484 564 ὡς
1511 500 1777 571 δεσπότης
1802 499 2090 552 παλαίσων

2212 511 2296 549 me
2323 512 2387 551 os
2417 509 2599 558 suum,
2629 491 2774 546 sicut
2804 486 2890 542 leo
2917 485 3136 555 rapiens
3162 492 3218 540 et
3252 484 3491 558 rugiens.
3531 485 3781 555 Dispersa

518 593 595 656 ὡς
640 592 831 664 πρώην
884 592 1141 663 ἐλέγομεν
1171 590 1524 662 ἐξηγούμενοι
1580 591 1670 645 τὸν
1718 591 1933 660 ψαλμὸν
1983 596 2100 641 κα’·

526 701 547 735 ι
598 681 1047 753 Περιεκύκλωσάν
1089 700 1156 752 με
1201 684 1389 752 μόσχοι
1432 681 1634 743 πολλοὶ,
1685 681 1876 752 ταῦροι
1924 680 2106 743 πίονες

518 775 808 845 περιέσχον
844 791 931 842 με.
966 772 1222 837 Ἤνοιξαν
1250 773 1340 824 ἐπ’
1368 773 1468 843 ἐμὲ
1503 773 1563 825 τὸ
1597 772 1770 841 στόμα
1796 769 1996 833 αὐτῶν,
2031 770 2106 831 ὡς

518 863 653 917 λέων
684 863 944 935 ἁρπάζων
972 864 1063 917 καὶ
1092 864 1423 935 ὼρυόμενος.
1447 863 1844 934 Διεσκορπίσθη
1875 861 1945 915 τὰ
1974 863 2107 914 ὀστᾶ

516 972 642 1025 μου.
671 974 689 1005 ι
711 954 1217 1025 Μεμνήμεθα,εἴγε
1237 955 1580 1025 μεμνήμεθα,
1608 953 1721 1006 τῶν
1750 952 1907 1023 ἱερῶν
1921 969 2111 1022 γραμ-

520 1045 724 1115 μάτων·
771 1046 1051 1116 μέμνημαι
1084 1046 1192 1116 γὰρ
1229 1046 1405 1100 αὐτῶν
1446 1047 1748 1117 εἰρημένων
1784 1048 1863 1109 είς
1897 1046 1988 1099 τὸν
2017 1050 2103 1099 κα¹

510 1136 749 1207 ψαλμόν.
776 1135 990 1189 Οὐκοῦν
1023 1139 1051 1188 ό
1088 1122 1301 1208 Σωτὴρ-
1317 1138 1647 1208 κατελήλυθε
1681 1137 1901 1190 σώσων·
1946 1154 2106 1189 κατε-

518 1228 747 1300 λήλυθεν
799 1229 915 1279 ἐκεῖ
960 1227 1362 1298 προκηρυχοεὶς
1400 1229 1504 1281 ὑπὸ
1552 1228 1660 1282 τῶν
1702 1229 2015 1299 προφητῶν,
2067 1230 2100 1299 ἢ

516 1320 614 1384 ob;
659 1319 797 1372 Ἀλλ’
830 1318 1017 1372 ἐνθάδε
1058 1320 1154 1390 μὲν
1188 1319 1573 1390 προεκηρύχθη
1602 1319 1709 1373 ὑπὸ
1745 1318 1853 1371 τῶν
1893 1336 2105 1390 προφη-

517 1406 645 1459 τῶν·
682 1406 915 1477 ἀλλαχοῦ
945 1408 1001 1461 δὲ
1037 1407 1357 1477 κατέρχεται
1384 1407 1444 1458 ού
1495 1406 1582 1459 διὰ
1625 1406 1948 1476 προφητῶν;
1996 1409 2104 1460 Kal.

517 1497 723 1567 Μωσῆς
757 1498 918 1550 αὐτὸν
956 1496 1220 1567 κηρύσσει
1263 1497 1667 1566 ὲπιδημήσοντα
1691 1495 1767 1566 τῷ
1800 1497 1950 1563 γένει
1994 1497 2103 1551 τῶν

516 1588 838 1660 ἀνθρώπων·
875 1589 1013 1642 ὥστε
1061 1588 1313 1657 λέγεσθαι
1364 1588 1543 1650 καλῶς
1586 1588 1692 1640 ὑπὸ
1758 1588 1852 1640 τοῦ
1898 1589 2101 1659 Κυρίου

517 1681 611 1732 καὶ
645 1681 895 1751 Σωτῆρος
919 1680 1093 1751 ἡμῶν·
1128 1699 1146 1730 ι
1168 1682 1230 1732 Ei
1257 1678 1573 1732 ἐπιστεύετε
1598 1680 1792 1748 Μωσῇ,
1819 1680 2101 1732 ἐπιστεύεο

515 1790 575 1825 τε
607 1772 674 1825 ἂν
712 1773 863 1842 ἐμοί·
900 1772 1024 1842 περὶ
1062 1772 1171 1840 γὰρ
1206 1770 1343 1841 ἐμοῦ
1388 1773 1596 1833 ἐκεῖνος
1641 1769 1899 1841 ἔγραψεν.
1936 1773 1999 1823 Εἰ
2041 1771 2099 1823 δὲ

2207 598 2337 643 sunt
2364 587 2549 643 omnia
2592 599 2718 639 ossa
2762 594 2878 634 mea
2902 578 2969 630 ⁷³.
3000 596 3019 629 ι
3067 577 3212 632 Sane
3257 582 3614 632 recordamur
3655 578 3788 631 divi-

2208 694 2399 732 narum
2448 678 2776 741 litterarum,
2811 686 3050 743 namque
3086 670 3201 723 haec
3246 668 3299 723 in
3345 670 3555 738 psalmo
3583 667 3782 735 vigesio

2208 788 2295 825 mo
2321 771 2498 840 primo
2544 769 2749 836 scripta
2776 781 2899 821 esse
2944 763 3187 820 memini.
3211 760 3383 830 Igitur
3410 760 3662 814 Salvator
3688 760 3783 813 dc-

2204 861 2438 926 scendit,
2471 867 2529 913 ttt
2575 858 2856 917 liberaret.
2886 854 3243 910 descenditne
3289 851 3418 904 illuc
3452 850 3782 919 praenuntia-

2206 961 2293 1005 tus
2314 967 2341 1003 a
2374 949 2677 1019 prophetis,
2714 946 2939 1000 annon?
2966 946 3035 1000 At
3070 943 3158 997 hic
3186 942 3406 1011 quidem
3439 955 3468 993 a
3499 940 3782 1009 prophetis

2205 1040 2598 1112 praenuntiatus
2628 1047 2745 1103 est;
2782 1037 2890 1091 alio
2926 1050 3057 1090 vero
3090 1035 3369 1089 descendit
3394 1047 3498 1085 non
3527 1045 3622 1099 per
3654 1045 3781 1098 pro-

2215 1132 2448 1205 phetas?
2479 1132 2691 1201 Moyses
2724 1131 2851 1184 item
2891 1129 3064 1197 ipsum
3093 1127 3416 1197 praenuntiat
3444 1139 3543 1194 pro
3582 1138 3782 1191 genere

2205 1228 2445 1282 humano
2473 1226 2858 1286 adventurum,
2890 1221 2962 1274 ita
3000 1232 3056 1274 ut
3089 1230 3234 1275 recte
3265 1234 3293 1272 a
3324 1216 3553 1272 Domino
3569 1226 3618 1268 et
3656 1213 3780 1267 Sal-

2208 1329 2391 1373 vatore
2418 1325 2607 1371 nostro
2634 1313 2909 1369 dicatur“
2933 1327 2946 1365 :
2974 1330 2992 1363 ι
3021 1313 3077 1367 Si
3095 1309 3393 1367 crederetis
3427 1306 3623 1377 Moysi,
3656 1319 3781 1359 cre-

2205 1410 2408 1465 deretis
2443 1418 2496 1463 et
2530 1407 2661 1461 mihi
2697 1422 2710 1460 :
2744 1408 2812 1459 de
2842 1419 2927 1460 me
2966 1405 3112 1458 enim
3164 1401 3255 1455 ille
3282 1399 3524 1468 scripsit.
3561 1394 3617 1450 Si
3643 1394 3783 1450 scri-

2206 1503 2311 1569 ptis
2342 1500 2487 1553 illius
2534 1514 2641 1552 non
2684 1496 2933 1560 creditis,
2979 1494 3254 1563 quomodo
3288 1490 3472 1546 verbis
3508 1491 3644 1543 meis
3673 1502 3786 1542 cre-

2207 1590 2416 1643 detis?t
2452 1589 2517 1640 Et
2532 1588 2681 1641 venit
2712 1586 2764 1639 itt
2795 1587 2933 1639 hanc
2956 1585 3123 1637 vitam
3152 1583 3501 1645 Cltristus,et
3532 1594 3786 1647 praenun-

2210 1680 2371 1733 tiatur
2395 1678 2652 1732 Christus
2676 1677 2729 1730 in
2752 1676 2893 1730 hanc
2933 1678 3102 1729 vitam
3134 1673 3452 1727 adveniens.
3484 1671 3538 1723 Si
3574 1671 3785 1738 Moyses

2208 1772 2274 1825 de
2307 1770 2401 1823 illo
2448 1770 2535 1823 hic
2566 1767 2937 1836 praenuntiat,
2970 1781 3079 1820 non
3118 1765 3198 1818 vis
3241 1774 3295 1818 et
3334 1765 3504 1832 ipsum
3544 1762 3670 1814 illuc
3698 1763 3787 1813 dc-

515 1867 628 1926 τοῖς
654 1864 860 1917 ἐκείνου
884 1864 1203 1932 γράμμασιν
1234 1864 1294 1915 οὐ
1321 1862 1624 1925 πιστεύετε,
1658 1862 1779 1925 πῶς
1822 1866 1934 1925 τοῖς
1953 1864 2090 1933 ἐμοῖς

2210 1863 2507 1923 scetttlisse,
2541 1870 2597 1913 ttt
2628 1859 2905 1913 Christum
2945 1857 3263 1927 praediceret
3295 1870 3358 1908 eo
3386 1852 3785 1921 migraturum?

519 1957 725 2026 ῥήμασι
753 1954 1102 2017 πιστεύσετε;
1128 1973 1146 2004 ι
1181 1955 1287 2006 Καὶ
1320 1955 1684 2025 ἐπιδεδήμηκε
1702 1954 1881 2031 ,τούτῳ
1898 1954 1975 2023 τῷ
1998 1955 2097 2026 βίῳ

514 2045 772 2115 Χριστὸς,
803 2046 896 2098 καὶ
918 2061 1094 2115 προκη
1104 2044 1358 2115 ρύσσεται
1375 2045 1607 2115 Χριστὸς
1629 2045 1909 2115 ἐπιδημῶν
1924 2045 2097 2116 τούτῳ

513 2135 591 2203 τῷ
621 2135 739 2206 βίῳ.
768 2139 829 2189 Εἰ
870 2136 925 2189 δὲ
966 2138 1169 2208 Μωσῆς
1214 2137 1548 2207 προφητεύει
1585 2137 1746 2191 αὑτὸν
1780 2136 1987 2202 ἐνθάδε,
2034 2138 2093 2189 ού

514 2226 688 2289 θέλεις
733 2228 894 2280 αὑτὸν
930 2229 1089 2280 κάκεῖ
1133 2228 1590 2296 καταϐεϐηκέναι,
1624 2228 1709 2281 ἵνα
1742 2227 2096 2298 προφητεύσῃ

513 2316 749 2386 Χριστὸν
777 2317 1127 2381 ὲλεύσεσθαι;
1177 2319 1241 2370 Ἰῖί
1270 2319 1362 2383 δέ;
1399 2319 1606 2388 Μωσῆς
1643 2319 1760 2390 μὲν,
1789 2322 1837 2373 oi
1871 2322 1927 2373 δὲ
1970 2320 2096 2392 ἑξῆς

510 2409 787 2477 προφῆται
821 2410 938 2480 οὐχί
963 2427 977 2475 ;
1032 2410 1282 2481 Σαμουὴλ
1312 2411 1369 2463 δὲ
1409 2412 1560 2480 auxi;
1617 2411 1683 2463 Τί
1734 2412 1932 2465 ἄτοπόν
1980 2414 2093 2464 ἐστι

507 2501 635 2563 τοὺς
670 2502 885 2571 ἰατροὺς
915 2502 1265 2555 καταϐαίνειν
1301 2502 1437 2571 πρὸς
1475 2505 1601 2566 τοὺς
1642 2503 1827 2567 κακῶς
1848 2503 2090 2573 ἔχονταςς

508 2588 575 2641 Τί
607 2588 662 2641 δὲ
686 2590 883 2642 ἄτοπόν
911 2593 1058 2643 ἐστιν
1083 2591 1169 2642 ἵνα
1202 2590 1295 2642 καὶ
1324 2591 1351 2642 ό
1378 2591 1674 2663 ἀρχίατρος
1708 2591 1920 2663 καταϐῇ
1957 2592 2095 2663 πρὸς

505 2680 632 2741 τοὺς
661 2679 845 2742 κακῶς
866 2680 1123 2749 έχονταςς
1179 2682 1404 2735 Ἐκεῖνοι
1443 2683 1614 2753 ἰατροὶ
1652 2683 1749 2752 μὲν
1775 2678 1914 2753 ἦσαν
1960 2683 2092 2736 πολ-

508 2768 610 2831 λοὶ,
644 2771 674 2821 ό
698 2769 754 2821 δὲ
794 2769 994 2839 Κύριός
1025 2787 1125 2840 μου
1149 2771 1241 2823 καὶ
1279 2770 1468 2842 Σωτὴρ
1496 2770 1789 2843 ἀρχίατρός
1818 2772 1951 2823 ἐστι·
1999 2772 2093 2823 καὶ

506 2859 617 2928 γὰρ
639 2858 736 2930 τὴν
763 2860 910 2912 ἔνδον
940 2860 1259 2932 ἐπιθυμίαν,
1293 2862 1325 2931 ἢ
1350 2864 1410 2915 ού
1436 2862 1658 2916 δύναται
1683 2862 1788 2915 ὑπὸ
1804 2862 1977 2915 ἄλλων
2005 2862 2093 2915 θε-

508 2949 865 3019 ραπευθῆναι,
904 2952 1065 3014 αὐτὸς
1097 2952 1416 3022 Θεραπεύει·
1449 2954 1570 3023 ἦτις
1615 2955 1715 3006 οὐκ
1748 2954 1964 3023 ἴσχυσεν
1998 2955 2091 3007 ὑπ’

505 3041 721 3103 οὐδενὸς
772 3042 1175 3111 Θεραπευθῆναι
1217 3043 1325 3096 τῶν
1359 3045 1581 3115 ἰατρῶν,
1611 3045 1843 3115 Χριστὸς
1888 3047 2091 3116 Ἰησοῦς

504 3128 673 3199 αὐτὴν
702 3128 1011 3199 θεραπεύει.
1038 3129 1127 3199 Μὴ
1152 3130 1339 3197 φοϐοῦ.
1371 3131 1462 3201 Μὴ
1497 3131 1729 3199 Οαμϐοὖ.
1769 3133 1973 3203 Ἰησοῦς
2010 3138 2090 3197 είς

2205 1954 2343 2020 Quid
2376 1952 2575 2021 porro?
2612 1950 2825 2019 Moyses
2848 1948 2899 2001 id
2935 1949 3045 2016 egit
3079 1964 3092 1998 :
3123 1945 3317 2013 reliqui
3362 1943 3640 2013 propheta:
3675 1957 3781 1993 non

2206 2044 2372 2099 item?
2397 2043 2583 2097 Nonne
2625 2040 2889 2095 Samuel?
2927 2038 3197 2105 Quidnam
3224 2034 3446 2089 absurdi
3482 2043 3584 2097 est,
3614 2033 3781 2085 medi-

2203 2151 2298 2190 cos
2331 2136 2395 2188 ad
2424 2135 2561 2187 male
2603 2149 2661 2186 se
2695 2131 2962 2185 habentes
2991 2126 3368 2183 descendere?
3396 2124 3534 2191 Quid
3560 2123 3781 2176 :lllSlll'tll

2202 2237 2285 2279 est
2332 2225 2627 2293 principem
2685 2221 3019 2274 medicorum
3067 2220 3133 2272 ad
3176 2227 3506 2286 a‘grotantes
3552 2219 3781 2270 descen-

2204 2318 2368 2373 dere?
2416 2317 2494 2371 llli
2532 2316 2728 2371 medici
2788 2314 3007 2384 quidem
3058 2324 3233 2378 erant,
3287 2320 3343 2366 et
3391 2326 3523 2363 sane
3586 2309 3777 2362 lltlllll:

2202 2419 2259 2465 at
2314 2410 2573 2464 Dominus
2643 2423 2794 2461 meus
2859 2414 2914 2461 et
2954 2406 3207 2459 Salvator
3278 2406 3531 2474 princeps
3588 2418 3780 2457 eorum

2200 2512 2302 2558 est.
2368 2501 2578 2555 Etenim
2651 2502 2922 2557 internum
2996 2499 3370 2559 desiderium.
3427 2496 3591 2567 495
3641 2498 3782 2563 quod

2202 2609 2307 2648 non
2368 2602 2548 2663 potest
2588 2592 2656 2646 ah
2707 2592 2831 2645 aliis
2897 2590 3110 2655 curari,
3156 2599 3315 2645 curat
3364 2589 3480 2658 ipse
3517 2607 3531 2644 :
3565 2590 3707 2658 quod
3750 2604 3780 2642 a

2202 2683 2419 2739 nemine
2472 2683 2645 2751 potuit
2690 2681 3024 2736 medicorum
3079 2680 3284 2743 sanari,
3315 2689 3538 2733 sanatur
3566 2695 3593 2733 a
3621 2678 3782 2734 Chri-

2201 2782 2286 2827 sto
2331 2771 2481 2826 Jcsu.
2523 2770 2601 2826 Ne
2642 2772 2859 2825 timeas.
2910 2769 2987 2824 Ne
3018 2770 3252 2825 mireris.
3299 2770 3545 2823 Christus
3596 2769 3649 2823 in
3694 2770 3780 2823 itt-

2202 2863 2412 2918 l'ernum
2468 2862 2788 2925 descendit,
2844 2870 2900 2917 et
2948 2872 3075 2915 ante
3135 2877 3258 2915 eum
3317 2861 3631 2930 pr0phette,
3686 2861 3778 2930 qtti

2199 2953 2316 3018 ejus
2357 2956 2645 3007 adventum
2691 2953 3083 3022 prmdicchant.
3135 2952 3343 3006 Addam
3413 2962 3674 3020 praetcrea
3721 2962 3779 3006 et

2200 3040 2348 3093 aliud
2393 3042 2581 3095 nescio
2601 3043 2729 3109 quid
2757 3058 2821 3096 ex
2849 3043 2963 3111 ipsa
2995 3041 3300 3110 Scriptura.
3337 3040 3555 3095 Samuel
3586 3056 3780 3095 ascen-

2200 3130 2315 3195 dit;
2367 3141 2421 3184 et
2457 3146 2585 3184 ecce
2626 3131 2755 3185 Saul
2800 3132 2933 3185 dicit
2983 3146 3043 3186 se
3097 3132 3296 3186 vidisse
3340 3131 3578 3184 animam
3619 3150 3631 3184 :
3672 3146 3778 3184 non

504 3220 633 3290 ᾅδου
661 3220 871 3288 γέγονε,
907 3222 1001 3272 καὶ
1032 3223 1078 3273 οἱ
1110 3223 1387 3291 προφῆται
1418 3223 1525 3291 πρὸ
1544 3222 1731 3287 αὐτοῦ,
1763 3225 1858 3277 καὶ
1884 3241 2090 3295 προκη-

2196 3221 2325 3274 dicit
2360 3222 2635 3275 hominem
2682 3236 2740 3274 se
2783 3223 3009 3275 vidisse.
3060 3220 3265 3274 Timuit
3311 3235 3473 3290 quem
3506 3220 3641 3275 vidit
3677 3236 3691 3272 ι
3723 3229 3780 3274 at

509 3309 765 3380 ρύσσουσι
796 3308 889 3360 τοῦ
923 3310 1157 3380 Χριστοῦ
1180 3312 1280 3379 τὴν
1303 3310 1616 3380 ἐπιδημίαν.
1648 3308 1781 3364 Εἶτα
1825 3313 1920 3365 κα)⁵
1966 3313 2094 3366 ἄλλο

502 3417 556 3453 τι
595 3401 732 3453 Θέλω
761 3402 935 3453 εἰπεῖν
960 3403 1054 3453 ἀπ’
1082 3401 1253 3471 αὐτῆς
1278 3402 1376 3472 τῆς
1399 3402 1642 3473 Γραφῆς.
1672 3404 1926 3474 Σαμουὴλ
1963 3406 2093 3459 ἀνα-

504 3492 700 3554 εαίνει,
733 3493 826 3544 καὶ
877 3493 984 3546 ίδοὺ
1017 3494 1191 3547 Σαοὺλ
1232 3493 1378 3560 λέγει
1423 3494 1727 3564 ἑωρακέναι
1758 3496 1935 3565 ψυχήν
1962 3515 1974 3527 ·
2029 3498 2088 3550 ού

503 3583 651 3651 λέγει
678 3583 982 3655 ἑωρακέναι
1010 3585 1315 3657 ἄνθρωπον.
1348 3585 1588 3654 Ἐπτηξε
1626 3587 1813 3642 τοῦτον
1852 3588 1912 3642 ὃν
1950 3585 2086 3642 εἶδε·

500 3675 623 3727 τίνα
648 3676 749 3745 ὁρᾷ
772 3691 786 3739 ;
808 3694 826 3726 ι
860 3677 1045 3741 Θεοὺς,
1080 3679 1263 3746 φησὶν,
1300 3677 1409 3746 ἐγὼ
1424 3676 1580 3742 εἶδον,
1600 3679 1755 3743 θεοὺς
1773 3681 2089 3734 ἀναϐαίνον-

500 3783 598 3829 τας
630 3766 739 3819 ἀπὸ
767 3768 866 3836 τῆς
890 3769 1009 3838 γῆς.
1042 3788 1060 3820 ι
1091 3770 1201 3823 Καὶ
1229 3770 1370 3840 τάχα
1392 3770 1643 3841 Σαμουὴλ
1665 3772 1727 3824 ού
1766 3772 1923 3842 μόνος
1959 3775 2089 3827 ἀνα-

501 3855 704 3925 ϐέϐηκε
734 3858 827 3910 καὶ
853 3858 975 3909 τότε
1008 3858 1400 3929 προφητεύσων
1428 3859 1505 3928 τῷ
1532 3859 1733 3912 Σαούλ·
1766 3860 1879 3913 ἀλλ”
1919 3862 2085 3925 εἰκὸς,

503 3945 691 4017 ὥσπερ
738 3948 990 4001 ἐνταῦθα·
1029 3966 1046 3998 ι
1085 3949 1240 4002 Μετὰ
1278 3950 1424 4003 ὁσίου
1468 3950 1766 4023 όσιωθήσῃ,
1811 3953 1905 4005 καὶ
1951 3954 2088 4022 μετὰ

499 4037 693 4109 ἀνδρὸς
715 4038 892 4093 ἀθώου
927 4040 1102 4103 sese;
1144 4042 1264 4111 ἔσῃ,
1294 4043 1389 4095 καὶ
1430 4041 1568 4112 μετὰ
1614 4042 1872 4096 ὲκλεκτοῦ
1935 4045 2088 4098 ἐκλε-

501 4127 629 4190 κτὸς
655 4128 775 4201 ἔσῃ·
802 4148 817 4179 ι
846 4131 940 4183 καὶ
977 4131 1112 4183 εἰσὶν
1148 4131 1378 4184 ἐνταῦθα
1410 4132 1683 4202 διατριϐαὶ
1727 4135 1900 4201 ἁγίων
1949 4135 2085 4205 μετὰ

497 4216 689 4283 ἁγίων·
729 4218 848 4286 οὐχί
881 4218 936 4270 δὲ
961 4220 1131 4285 ἁγίων
1160 4220 1298 4290 μετὰ
1328 4220 1663 4292 ἁμαρτωλῶν
1684 4239 1696 4251 ·
1746 4223 1841 4275 καὶ
1879 4226 1927 4276 εἰ
1977 4224 2084 4295 ἄρα

499 4307 630 4359 ποτέ
649 4307 765 4359 ἐστι
794 4307 904 4360 τῶν
931 4308 1102 4377 ἁγίων
1130 4310 1380 4381 διατριϐὴ
1406 4312 1546 4380 μετὰ
1572 4310 1681 4363 τῶν
1719 4312 2081 4383 ἁμαρτωλῶν,

500 4398 639 4469 ὑπὲρ
658 4399 752 4451 τοῦ
778 4400 871 4453 καὶ⁸
899 4401 1024 4463 τοὺς
1052 4402 1408 4471 ἁμαρτωλοὺς
1441 4403 1632 4456 σῶσαι.
1657 4402 1961 4475 Οὕτωτάχα
1992 4404 2084 4457 καὶ

496 4490 841 4544 ἀναϐαίνοντι
863 4490 942 4561 τῷ
971 4492 1224 4563 Σαμουὴλ
1265 4492 1767 4563 συναναόεὸήκασιν
1787 4496 1904 4565 ἦτοι
1931 4496 2082 4563 ἆγιαι

495 4577 663 4648 ψυχαὶ
692 4579 866 4633 ἄλλων
910 4584 1223 4653 προφητῶν.
1268 4586 1421 4655 Τάχα
1463 4587 1738 4659 ζητήσεις,
1774 4592 1822 4642 οἱ
1862 4592 2081 4661 ἄγγελοι

495 4662 635 4737 ἦσαν
664 4669 757 4722 ἐπὶ
803 4670 911 4722 τῶν
953 4673 1280 4742 πνευμάτων
1318 4675 1530 4743 αύτῶν;
1575 4678 1632 4731 Ὀ
1665 4681 1957 4751 Προφήτης
1989 4683 2079 4737 λέ-

496 4773 613 4825 γει·
652 4777 670 4807 ι
706 4760 968 4828 Ἀγγελος
1000 4764 1029 4814 ὁ
1075 4764 1250 4819 λαλῶν
1280 4768 1336 4819 ὲν
1369 4768 1543 4837 ὲμοί.»
1591 4769 1658 4822 Ἦ
1686 4772 1907 4839 ἄγγελοι
1940 4770 2080 4845 ἦσαν

500 4848 637 4917 μετὰ
671 4852 995 4921 πνευμάτων
1028 4857 1546 4928 συναναϐεϐηκότες,
1591 4864 1686 4916 καὶ
1730 4864 1909 4919 πάντα
1943 4867 2080 4937 πλη-

499 4935 684 5006 ροῦται
712 4939 822 5009 (10)
852 4939 961 4994 τῶν
1006 4942 1276 5012 δεομένων
1321 4948 1629 5017 σωτηρίας·
1665 4968 1684 5001 ι
1726 4952 1835 5004 Καὶ
1875 4935 2075 5017 πάντες

494 5027 602 5080 εἰσὶ
632 5027 976 5101 λειτουργικὰ
1004 5034 1287 5104 πνεύματα
1318 5038 1396 5099 είς
1431 5038 1708 5094 διακονίαν
1746 5044 2075 5098 ἀποστελλό-

499 5131 635 5183 μενα
667 5118 755 5172 διὰ
776 5122 900 5184 τοὺς
934 5122 1221 5192 μέλλοντας
1247 5126 1600 5199 κληρονομεῖν
1633 5134 1921 5205 σωτηρίαν.
1962 5155 1980 5186 ι
2012 5138 2076 5189 Τί

496 5207 633 5279 φοϐῇ
669 5213 860 5275 εἰπεῖν,
891 5214 972 5266 ὃτι
1006 5217 1113 5278 πᾶς
1138 5217 1303 5281 τόπος
1346 5219 1538 5290 χρῄζει
1579 5222 1753 5291 ’1ησοῦ
1798 5226 2072 5293 Χριστοῦ;

496 5298 630 5386 osse
663 5301 770 5371 γὰρ
791 5303 1026 5372 Χριστοῦ
1044 5307 1151 5375 ,μὲν
1185 5309 1377 5378 χρῄζει
1412 5310 1518 5363 τῶν
1548 5314 1842 5383 προφητῶν
1874 5318 1902 5368 ό
1942 5316 2075 5386 χρῄ-

495 5383 605 5450 ζων
633 5388 726 5442 τοῦ
760 5392 1018 5460 Χριστοῦ.
1052 5395 1184 5448 Οὐδὲ
1205 5396 1311 5467 γὰρ
1344 5400 1580 5469 Χριστοῦ
1605 5402 1703 5470 μὲν
1729 5383 1948 5473 χρῄζει,

491 5477 549 5531 δὲ
571 5479 995 5551 εύτρεπιζόντων
1032 5486 1270 5555 Χριστοῦ
1315 5491 1614 5558 παρουσίαν
1645 5493 1738 5544 καὶ
1780 5494 2074 5565 ἐπιδημίαν

2194 3327 2355 3380 quem
2384 3312 2563 3365 vidit?
2597 3330 2615 3363 ι
2658 3312 2818 3376 Deos,
2845 3312 3022 3382 inquit
3048 3312 3115 3379 ⁷⁵,
3140 3327 3238 3382 ego
3270 3312 3398 3376 vidi,
3428 3312 3558 3366 deos
3583 3325 3777 3364 ascen-

2196 3401 2388 3455 dentes
2413 3416 2443 3454 Θ
2478 3413 2642 3457 lCl‘l‘ﬂ.
2678 3422 2696 3452 ι
2732 3403 2797 3456 ΕΙ.
2826 3402 3059 3457 fortasse
3108 3411 3235 3455 tunc
3265 3417 3369 3457 non
3412 3402 3559 3456 SOlllS
3590 3415 3777 3454 ascen-

2194 3492 2272 3545 dit
2306 3491 2528 3546 Samuel
2561 3493 2711 3547 Sauli
2744 3494 3159 3548 vaticinaturus.
3210 3493 3315 3547 Sed
3345 3502 3772 3547 consentaneum

2192 3594 2297 3649 est,
2347 3583 2803 3653 quemadmodum
2838 3583 2925 3638 hic
2950 3584 2994 3615 ⁷⁸
3028 3603 3042 3637 :
3085 3604 3103 3635 ι
3143 3585 3277 3639 Cum
3324 3594 3515 3639 sancto
3545 3596 3770 3639 sanctus

2192 3677 2325 3739 eris,
2372 3684 2425 3730 et
2467 3690 2595 3729 cum
2641 3676 2863 3730 homine
2907 3677 3197 3731 innocente
3246 3677 3506 3731 innocens
3537 3679 3682 3743 eris;
3716 3688 3774 3732 et

2190 3782 2313 3821 cum
2340 3767 2513 3821 electo
2554 3768 2758 3821 electus
2801 3767 2946 3832 eris;
2991 3786 3010 3818 ι
3066 3777 3298 3835 suntque
3330 3768 3419 3823 hic
3449 3779 3769 3822 sanctorum

2190 3872 2313 3912 cum
2347 3857 2554 3910 sanctis
2587 3857 3045 3923 consuetudines;
3080 3869 3129 3912 at
3161 3874 3264 3911 non
3291 3869 3607 3913 sanctorum
3641 3875 3765 3913 cum

2190 3946 2696 4017 praevaricatoriltus
2723 3961 2736 3999 :
2778 3956 2833 4000 et
2862 3947 2906 4002 si
2959 3931 3282 4017 quandoque
3313 3949 3428 4002 ﬁeri
3458 3950 3649 4019 possit,
3701 3957 3761 4002 ut

2188 4048 2504 4093 sanctorum
2555 4053 2658 4090 uua
2697 4053 2818 4091 cum
2857 4042 3237 4106 peccatoribus
3284 4041 3621 4095 consuetudo
3668 4041 3762 4104 sit,

2189 4138 2246 4183 ut
2282 4139 2601 4197 peccatores
2637 4129 2933 4183 salventur.
2974 4130 3233 4185 Fortasse
3277 4131 3377 4185 hac
3414 4133 3626 4185 ratione
3660 4148 3767 4185 una

2188 4234 2310 4273 cum
2339 4218 2590 4272 Samuele
2613 4220 2940 4274 ascendente
2963 4222 3325 4275 ascenderunt
3345 4223 3507 4275 etiam
3535 4223 3770 4275 aliorum

2186 4314 2572 4382 prapltetarum
2629 4314 2827 4366 anima:
2879 4322 3108 4367 sanctas.
3156 4314 3361 4368 Forsan
3410 4331 3653 4382 quaeres,
3692 4329 3767 4367 an

2187 4403 2385 4456 fuerint
2413 4402 2588 4471 angeli
2610 4419 2772 4471 super
2809 4405 3092 4474 spiritibus
3135 4422 3347 4461 corum.
3380 4404 3648 4473 Pr0plteta
3682 4406 3766 4458 di-

2188 4498 2369 4552 cit":
2402 4516 2419 4548 ι
2457 4499 2695 4569 Angelus
2722 4499 2811 4568 qui
2854 4503 3091 4567 loquitur
3131 4501 3182 4554 itt
3236 4515 3342 4554 me.
3388 4520 3404 4552 ι
3445 4501 3538 4556 Vel
3588 4502 3763 4570 angeli

2189 4597 2369 4654 erant,
2401 4590 2490 4657 qui
2521 4606 2628 4644 una
2656 4607 2779 4645 cum
2826 4591 3115 4659 spiritibus
3141 4593 3528 4655 ascenderunt.
3553 4593 3763 4647 omnia-

2188 4695 2295 4747 que
2328 4680 2395 4733 ad
2430 4681 2702 4747 egentium
2738 4681 2972 4734 salutem
3020 4684 3300 4752 complent
3337 4702 3351 4738 :
3400 4701 3419 4733 ι
3478 4684 3540 4737 Et
3574 4697 3765 4736 omnes

2187 4781 2313 4825 sunt
2361 4771 2586 4838 spiritus
2650 4772 3071 4837 ministrantes,
3147 4775 3237 4842 qui
3296 4775 3347 4829 in
3405 4774 3769 4829 ministerium

2184 4870 2405 4929 propter
2431 4859 2639 4915 futuros
2662 4860 2903 4917 ltaeredes
2928 4861 3115 4915 salutis
3156 4865 3449 4917 mittuntur
3479 4865 3547 4920 ⁷⁸.
3574 4883 3592 4913 ι
3623 4862 3764 4928 Quid

2189 4952 2345 5004 times
2377 4952 2578 5017 dicere,
2606 4967 2820 5005 omnem
2852 4950 3028 5004 locum
3057 4950 3186 5006 Jesu
3226 4955 3447 5008 Christo
3480 4951 3767 5021 indigere?

2182 5039 2369 5113 Neque
2400 5056 2549 5104 vero,
2581 5041 2671 5108 qui
2707 5038 2925 5094 Christo
2974 5040 3195 5109 indiget,
3245 5044 3549 5111 prophetis,
3585 5043 3761 5111 iisque

2183 5132 2272 5201 qui
2300 5132 2501 5186 Christi
2532 5134 2872 5200 praesentiam
2902 5142 2956 5186 et
2984 5133 3276 5186 adventum
3305 5146 3634 5203 prmparant,
3654 5151 3758 5189 non

2185 5222 2449 5292 indigent.
2481 5224 2547 5279 Et
2579 5224 2817 5280 Joannes
2858 5241 2991 5281 sane
3015 5266 3031 5289 ,
3067 5243 3173 5296 quo
3212 5228 3386 5293 major
3430 5230 3572 5281 inter
3604 5237 3762 5279 natos

2183 5316 2491 5381 mulierum,
2538 5320 2757 5375 Christo
2802 5322 2920 5390 ipso
2956 5329 3113 5387 (085e,
3151 5338 3307 5375 nemo
3352 5323 3495 5375 fuit:
3533 5339 3549 5370 ι
3590 5318 3760 5385 Mal"?

2183 5410 2324 5461 inter
2346 5420 2499 5464 natos
2526 5412 2808 5467 mulierum
2831 5413 3039 5468 Joanne
3067 5414 3305 5480 Baptista
3336 5412 3511 5465 nullus
3534 5410 3628 5463 fuit
3653 5410 3751 5473 ἠςι

2183 5512 2356 5567 neque
2406 5500 2600 5555 timeas
2658 5501 2706 5556 id
2750 5501 3019 5558 atIirmare
3064 5518 3077 5554 :
3127 5503 3405 5556 descendit
3440 5502 3504 5554 ad
3553 5500 3757 5553 it-lcros

563 5591 788 5685 ’,κρεκὶετ
820 5596 1233 5685 ᾗκιτρὸλωξ,
1310 5599 1530 5655 “Joan.
1560 5619 1610 5668 v,
1643 5603 1730 5657 46.
1810 5606 1856 5638 ⁷⁸
1893 5606 1907 5660 l
1940 5606 2070 5679 Reg.

2196 5627 2290 5682 πιιι,
2324 5613 2410 5667 15.
2488 5617 2532 5647 ⁷⁸
2562 5615 2703 5669 Ρ.»ιι1.
2738 5633 2871 5685 xvtt,
2896 5617 2984 5671 26.
3062 5617 3104 5647 ⁷⁷
3130 5615 3295 5670 Zach.
3323 5630 3385 5680 tt,
3412 5616 3464 5671 5.
3542 5612 3587 5646 ’⁸
3615 5613 3751 5670 lich.

494 5675 535 5726 ι,
582 5661 668 5743 ιι.
742 5662 787 5693 τε
817 5662 1005 5719 Matth.
1044 5683 1118 5730 XI,
1161 5669 1238 5721 ιι.

572 5774 681 5846 (l0)
715 5778 1069 5846 Πληροῦτίιι.
1105 5779 1288 5846 Forte,
1322 5782 1671 5855 πληροῦντες.
