4124 6408
374 359 511 414 Ill-3'5

1886 355 2207 412 ORICENIS

3501 357 3638 413 1‘02!

372 475 747 546 prmittntiatts
789 473 1099 537 Dominum,
1130 482 1184 526 ιιι
1209 471 1357 526 illum
1394 470 1782 528 descensurum
1815 489 1948 542 prte-

2054 474 2114 525 ού
2170 471 2395 543 χρῄζει·
2447 472 2540 524 καὶ
2584 471 2852 542 Ἰωάννης,
2900 464 2961 525 οὗ
3010 471 3208 541 μείζων
3247 471 3305 524 ἐν
3360 478 3637 543 γεννητοῖς

373 569 604 621 diceret.
651 565 968 632 Propterea,
1011 565 1138 617 dum
1185 564 1238 617 in
1267 565 1511 618 custodia
1560 574 1725 628 esset,
1755 581 1816 618 ac
1847 565 1949 618 sibi

371 658 576 712 exitum
614 656 1000 722 interitumque
1040 654 1328 707 inuuinere
1370 653 1733 722 conspiceret,
1771 657 1952 710 missis

371 748 582 801 duobus
611 745 912 814 discipulis,
947 745 1244 812 quazrebat,
1281 760 1421 797 non:
1459 764 1475 794 1
1515 744 1591 798 Tu
1623 761 1681 798 es
1710 747 1799 814 qui
1830 763 1952 800 vcn-

373 848 527 894 turus
565 854 624 892 es
653 837 678 889 ’ί
716 857 734 888 ι
774 837 993 890 Sciebat
1028 836 1173 889 enim
1202 852 1216 900 ;
1249 835 1382 888 sed:
1420 854 1438 886 ι
1483 835 1562 888 Tu
1601 852 1660 891 es
1704 842 1793 906 qui
1828 854 1952 891 vcn-

374 943 526 986 turus
556 947 635 994 es,
669 947 735 984 an
767 931 934 984 alium
965 937 1319 997 expectamus
1335 928 1384 958 ⁸ο
1415 927 1438 979 ?
1477 947 1493 978 1
1531 928 1770 982 Gloriam
1810 931 1951 984 illius

371 1033 711 1092 compertam
740 1023 930 1076 habuit
951 1037 964 1083 ;
985 1020 1051 1072 de
1089 1020 1221 1072 mira
1253 1021 1368 1086 ejus
1403 1019 1451 1072 vi
1480 1021 1706 1086 plurima
1743 1022 1952 1077 locutus

373 1113 498 1176 fuit,
526 1117 843 1183 primusque
878 1113 949 1165 illi
988 1111 1356 1165 testimonium
1386 1112 1634 1166 exhibuit
1664 1114 1706 1144 ἠ
1743 1132 1754 1166 :
1789 1132 1809 1164 ι
1849 1115 1950 1180 Qui

371 1213 494 1272 post
543 1219 628 1258 me
687 1206 850 1265 venit,
894 1211 1020 1256 ante
1061 1217 1145 1256 me
1180 1201 1354 1256 factus
1409 1213 1516 1258 est.
1574 1222 1592 1255 ι
1635 1203 1778 1258 Vidit
1809 1207 1954 1260 illius

369 1296 622 1364 gloriam,
658 1313 678 1347 1
726 1295 951 1363 gloriam
1001 1292 1156 1362 quasi
1206 1291 1474 1362 Uuigeniti
1509 1311 1536 1346 a
1578 1295 1772 1357 Patre,
1810 1297 1951 1365 pleni

370 1387 558 1455 gratia:
591 1395 645 1439 et
690 1386 932 1439 veritatis
951 1386 1016 1438 θ’.
1059 1404 1077 1436 ι
1111 1383 1234 1436 llaec
1283 1399 1402 1438 cum
1429 1387 1494 1438 de
1533 1386 1749 1438 Christo
1783 1387 1952 1440 vidis-

371 1488 473 1539 set,
510 1479 658 1546 piget
697 1479 949 1539 credere,
983 1477 1179 1528 dubius
1209 1477 1403 1539 lueret,
1439 1492 1539 1529 nec
1575 1476 1817 1530 fatetur:
1864 1479 1952 1533 Di-

371 1570 478 1622 cite
507 1570 629 1637 ipsi,
665 1568 744 1620 Tu
780 1584 838 1621 es
877 1567 1147 1620 Christus.
1198 1566 1326 1633 Quae
1359 1581 1478 1620 cum
1516 1584 1618 1620 non
1655 1570 1951 1624 intellexis-

371 1669 489 1712 sent
526 1659 786 1720 nounulli,
819 1667 1210 1714 asseverarunt
1234 1656 1497 1711 Joannem
1530 1669 1735 1712 tantum
1767 1676 1828 1713 ac
1871 1672 1952 1714 la-

371 1749 496 1810 lem,
536 1747 812 1801 Chl‘ialllll]
861 1763 966 1801 non
1019 1747 1253 1805 novisse.
1293 1749 1387 1800 sed
1425 1749 1492 1802 ah
1529 1764 1593 1804 eo
1631 1750 1950 1806 discessisse

2054 563 2334 630 γυναικῶν
2365 561 2542 624 οὐδεὶς
2591 558 2680 632 ἦν,
2717 562 2856 615 κατὰ
2898 563 2996 632 τὴν
3037 563 3128 615 τοῦ
3181 563 3433 634 Σωτῆρος
3482 566 3638 632 ἡμῶν

2055 654 2364 725 μαρτυρίαν
2386 653 2654 721 λέγοντος·
2691 673 2708 703 ι
2743 654 2960 718 Μείζων
2987 657 3042 706 ἐν
3065 658 3342 726 γεννητοῖς
3367 657 3638 722 γυναικῶν

2065 744 2310 796 Ἰωάννου
2344 743 2436 796 τοῦ
2485 743 2788 796 Βαπτιστοῦ
2839 745 3012 807 οὐδείς
3063 746 3240 807 ἐστιν,
3279 764 3296 796 1
3341 745 3415 816 μὴ
3470 747 3635 815 φοϐοῦ

2054 833 2254 901 λέγειν,
2299 835 2380 886 ὅτι
2425 834 2504 897 εἰς
2540 833 2668 905 ᾇδου
2724 833 3065 902 καταϐέϐηκε
3112 835 3510 906 προκηρύσσων
3543 836 3635 888 τὸν

2052 925 2276 994 Κύριον,
2303 927 2389 979 ἵνα
2407 927 2643 998 προείπῃ
2663 925 2824 979 αὑτὸν
2850 925 3322 995 κατελευσόμενον·
3351 928 3437 981 διὰ
3455 927 3632 992 τοῦτο,

2054 1015 2141 1066 ὅτε
2169 1011 2235 1085 ἦν
2267 1017 2324 1067 ἐν
2352 1019 2419 1087 τῇ
2450 1017 2686 1086 φυλακῇ,
2729 1017 2820 1068 καὶ
2850 1016 2962 1084 ᾔδει
3001 1016 3100 1087 τὴν
3146 1017 3324 1083 ἔξοδον
3365 1019 3464 1089 τὴν
3517 1022 3638 1073 ἐπιρ-

2056 1109 2312 1178 κειμένην
2363 1109 2532 1178 αύτῷ,
2577 1109 2799 1179 πέμψας
2833 1109 2928 1161 δύο
2968 1109 3077 1163 τῶν
3109 1110 3367 1181 μαθητῶν
3399 1113 3635 1168 ἐπυνθὼ·

2054 1215 2195 1259 νετο,
2220 1199 2357 1267 οὐχί·
2400 1219 2417 1248 ι
2449 1201 2520 1253 Σὺ
2558 1197 2607 1252 εἴ
2639 1201 2668 1251 6
2711 1201 3000 1273 ἐρχόμενος
3028 1219 3042 1265 ;
3076 1221 3093 1253 1
3122 1203 3239 1274 ᾔδει
3271 1204 3409 1273 γάρ·
3464 1204 3632 1259 ἀλλά·

2060 1309 2078 1340 ι
2111 1291 2182 1343 Σὺ
2215 1285 2264 1342 εἷ
2297 1292 2324 1341 6
2352 1291 2667 1362 ἐρχόμενος,
2704 1293 2736 1362 ἢ
2773 1292 2929 1346 ἄλλον
2962 1294 3382 1364 προσδοκῶμεν;
3430 1314 3448 1346 1
3481 1293 3635 1350 Εἶδεν

2055 1380 2218 1433 αὐτοῦ
2250 1381 2346 1452 τὴν
2367 1381 2543 1448 δόξαν,
2579 1383 2805 1453 ἐλάλησε
2837 1385 3006 1438 πολλὰ
3042 1385 3170 1456 περὶ
3200 1386 3301 1454 τῆς
3335 1386 3636 1457 Θαυμασιό-

2052 1489 2214 1543 τητος
2246 1473 2411 1526 αὑτοῦ
2431 1491 2444 1502 ·
2478 1475 2860 1546 ἐμαρτύρησεν
2876 1476 3026 1546 αὐτῷ
3057 1477 3291 1547 πρῶτος·
3319 1496 3337 1528 ι
3381 1479 3438 1532 Ὀ
3460 1481 3634 1533 ὀπίσω

2058 1582 2158 1634 μου
2198 1565 2490 1636 ἐρχόμενος
2536 1565 2841 1635 ἔμπροσθέν
2875 1584 2973 1636 μου
3005 1569 3244 1635 γέγονεν.
3293 1587 3312 1618 ι
3346 1563 3498 1621 Εἶδεν
3531 1571 3634 1623 αύ-

2053 1656 2148 1708 τοῦ
2179 1657 2273 1728 τὴν
2295 1656 2472 1724 δόξαν,
2509 1677 2526 1708 ι
2562 1658 2719 1722 δόξαν
2743 1659 2816 1724 ὡς
2844 1661 3183 1728 Μονογενοῦς
3222 1661 3373 1732 παρά
3399 1663 3632 1732 Πατρὸς,

2056 1749 2270 1819 πλήρης
2297 1751 2520 1822 χάριτος
2553 1752 2645 1804 καὶ
2672 1751 2945 1822 ἀληθείας.
2980 1771 2998 1803 ι
3024 1753 3334 1822 Τηλικαῦτα
3359 1753 3480 1807 ἰδὼν
3506 1753 3635 1825 περὶ

371 1839 633 1908 Spiritum
667 1849 935 1894 sam-tum.
964 1839 1070 1893 Sed
1101 1841 1308 1893 sciebat
1346 1841 1515 1906 illmu,
1540 1843 1623 1896 cui
1657 1854 1947 1912 antequam

2053 1840 2308 1910 Χριστοῦ,
2345 1841 2492 1894 ὀκνεῖ
2521 1843 2826 1905 πιστεῦσαι,
2853 1844 3200 1913 ἀμφιϐάλλει,
3231 1846 3325 1896 καὶ
3350 1846 3410 1896 οὐ
3444 1845 3630 1912 λέγει·

369 1938 690 1982 nasceretur
716 1928 1092 1982 testimonium
1121 1929 1420 1997 perhibuit,
1439 1940 1492 1982 et
1523 1947 1620 1999 pro
1655 1949 1762 2002 quo
1785 1937 1951 1989 salta-

365 2021 463 2086 vit,
499 2020 626 2073 dum
652 2022 718 2074 ad
747 2021 920 2089 ipsum
948 2020 1117 2074 Maria
1157 2024 1461 2088 accederet,
1497 2037 1553 2078 ut
1581 2026 1647 2079 de
1679 2027 1768 2082 illo
1801 2032 1950 2084 testi-

366 2112 606 2164 monium
633 2111 942 2183 fecit496
969 2126 1141 2165 mater
1175 2113 1291 2181 ejus
1323 2113 1423 2167 illis
1460 2118 1776 2170 verbis”:¢
1810 2119 1948 2174 Ecce

365 2203 509 2256 enim
538 2214 594 2256 ut
627 2205 770 2257 facta
809 2216 891 2259 est
923 2221 1022 2258 vox
1061 2204 1401 2259 Salutationis
1435 2207 1505 2258 in.
1531 2210 1756 2265 auribus
1791 2215 1944 2276 meis,

365 2291 604 2345 exsilivit
639 2292 690 2346 in
733 2295 928 2363 gaudio
961 2295 1138 2348 infans
1167 2296 1217 2347 in
1259 2303 1414 2349 utero
1441 2313 1581 2356 meo.
1606 2319 1624 2351 1
1651 2301 1948 2373 Hicitaque

364 2381 625 2450 Joannes,
649 2386 739 2452 qui
773 2397 900 2440 ante
927 2386 1262 2439 nativitatem
1288 2388 1524 2442 exsilivit
1552 2408 1565 2456 ;
1593 2393 1682 2460 qui
1707 2394 1944 2448 dixit“:

372 2492 391 2525 ι
441 2473 539 2528 llic
561 2485 644 2528 est
675 2477 740 2530 de
766 2493 871 2544 quo
893 2493 992 2547 ego
1023 2480 1131 2532 dixi
1166 2498 1178 2532 :
1221 2482 1322 2546 Qui
1355 2495 1470 2550 p05!
1506 2500 1592 2537 me
1621 2487 1790 2549 venit,
1824 2497 1949 2540 ante

368 2580 455 2617 me
507 2566 682 2621 factus
721 2577 803 2621 est
844 2585 857 2630 ;
909 2590 925 2620 ι
965 2581 1016 2622 et
1056 2569 1102 2602 ⁸³
1145 2587 1159 2622 :
1201 2590 1218 2622 ι
1271 2572 1372 2637 Qui
1429 2574 1576 2626 misit
1631 2589 1714 2628 me
1742 2615 1756 2637 ,
1811 2576 1950 2628 dixit

368 2657 500 2712 mihi
533 2675 548 2712 :
585 2660 759 2728 Super
808 2677 964 2730 quem
999 2663 1199 2716 videris
1242 2664 1502 2733 Spiritum
1534 2669 1948 2722 descendentem

369 2756 422 2800 et
456 2758 783 2815 manentem,
828 2753 940 2818 ipse
985 2761 1066 2804 est
1095 2751 1265 2807 Filius
1294 2754 1426 2820 Dei;
1468 2773 1486 2804 D
1529 2755 1635 2821 hic,
1676 2757 1947 2823 inquiunt,

369 2838 605 2891 nondum
631 2856 854 2894 noverat
872 2842 1147 2897 Christum
1183 2845 1232 2896 iu
1261 2856 1472 2900 ventre.
1494 2847 1728 2902 Noverat
1753 2850 1950 2918 quippe

368 2927 548 2996 illiilli;
575 2933 664 2984 sed
690 2933 863 2986 simile
880 2936 1004 3002 quid
1030 2935 1190 2991 Petro
1209 2953 1397 3004 passus
1417 2948 1497 2992 est
1527 2949 1746 3008 prepter
1764 2939 1950 3009 gloriae

289 3047 292 3050 -
365 3025 830 3089 exsuperantiam.
875 3027 1158 3092 Quodnam
1209 3030 1336 3084 illud
1385 3031 1503 3086 est?
1543 3030 1640 3084 llic
1694 3046 1946 3101 maguum

2049 1931 2253 1984 Εἴπατε
2288 1932 2456 2002 αὐτῷ·
2496 1935 2566 1986 Σὺ
2603 1930 2654 1986 εἷ
2704 1936 2731 1986 6
2780 1937 3031 2005 Χριστὸς,
3073 1935 3186 1989 νῦν·
3228 1937 3302 2006 μὴ
3342 1942 3634 2006 νοήσαντες

2050 2025 2158 2094 γάρ
2190 2040 2332 2087 τινες
2358 2025 2425 2077 τὰ
2453 2028 2714 2097 εἰρημένα
2737 2027 3005 2095 λέγουσιν·
3051 2028 3302 2098 Ἰωάννης
3335 2032 3362 2081 ὁ
3384 2030 3634 2098 τηλικοῦ⁸

2049 2135 2138 2181 τος
2189 2117 2289 2168 οὐκ
2343 2117 2458 2188 ᾔδει
2512 2117 2764 2189 Χριστὸν,
2808 2117 2922 2169 ἀλλ’
2957 2118 3168 2188 ἀπέστη
3217 2118 3310 2171 ἀπ’
3362 2118 3526 2170 αὑτοῦ
3573 2118 3635 2171 τὸ

2051 2211 2278 2281 Πνεῦμα
2331 2209 2391 2261 τὸ
2435 2208 2608 2276 ἅγιον.
2653 2208 2761 2259 Καὶ
2805 2206 2918 2276 ᾔδει
2948 2206 3155 2270 τοῦτον,
3199 2199 3242 2274 ᾧ
3283 2207 3634 2278 ἐμαρτύρησε

2050 2304 2156 2374 πρὸ
2188 2302 2478 2370 γενέσεως,
2504 2301 2595 2353 καὶ
2623 2301 2707 2368 ἐφ’
2742 2295 2786 2367 ᾧ
2823 2297 3164 2369 ἐσκίρτησεν,
3194 2299 3356 2370 ἡνίκα
3381 2295 3513 2370 ἦλθε
3543 2302 3635 2352 καὶ

2051 2396 2084 2462 ἡ
2112 2393 2300 2462 Μαρία
2337 2392 2472 2462 πρὸς
2502 2391 2682 2454 αὐτὸν,
2713 2389 2787 2453 ὼς
2809 2389 3188 2460 ἐμαρτύρησεν
3216 2389 3364 2459 αὐτῷ
3395 2391 3426 2460 ἡ
3454 2391 3634 2460 μήτηρ

2051 2483 2215 2537 αὐτοῦ
2263 2483 2514 2550 λέγουσα·
2557 2501 2574 2529 ι
2620 2481 2750 2533 Ἰδοὺ
2794 2482 2902 2550 γὰρ
2942 2481 3017 2543 ὡς
3051 2481 3263 2548 ἐγένετο
3290 2485 3322 2550 ἡ
3357 2482 3506 2552 φωνὴ
3538 2483 3634 2534 τοῦ

2051 2574 2343 2644 ἀσπασμοῦ
2379 2589 2471 2624 σου
2507 2574 2585 2634 εἰς
2611 2572 2678 2624 τὰ
2712 2566 2825 2624 ὦτά
2862 2589 2984 2640 μου,
3018 2572 3339 2640 ἐσκίρτησεν
3378 2574 3434 2624 ἐν
3468 2573 3637 2639 ἀγαλ-

2051 2665 2223 2718 λιάσει
2272 2666 2332 2718 τὸ
2378 2663 2571 2733 βρέφος
2618 2663 2675 2714 ἐν
2707 2664 2771 2732 τῇ
2821 2661 2996 2730 κοιλίᾳ
3031 2677 3152 2730 μου.
3190 2680 3208 2712 ι
3254 2653 3421 2722 Οὗτος
3469 2658 3562 2714 οὖν
3605 2664 3637 2716 6

2053 2757 2352 2826 σκιρτήσας
2377 2755 2484 2825 πρὸ
2515 2753 2799 2822 γενέσεως,
2840 2751 3090 2822 Ἰωάννης
3121 2753 3150 2804 6
3179 2750 3365 2804 εἰπών·
3409 2771 3426 2802 ι
3466 2747 3636 2816 Οὗτός

2053 2849 2166 2899 ἐστι
2192 2846 2321 2917 περὶ
2352 2841 2413 2899 οὗ
2445 2843 2554 2912 ἐγὼ
2576 2840 2747 2896 εἷπον·
2793 2843 2850 2895 '0
2879 2842 3053 2894 ὀπίσω
3086 2859 3184 2910 μου
3210 2842 3504 2914 ἐρχόμενος
3537 2841 3636 2912 ἐμ-

2053 2935 2286 3006 προσοέν
2319 2951 2418 3004 μου
2453 2933 2662 3001 γέγονε·
2697 2952 2713 2982 ι
2741 2930 2887 2984 καί”‹
2913 2931 2970 2981 'U
2987 2930 3206 3000 πέμψας
3232 2925 3351 2980 εἶπέ
3388 2947 3498 2998 μοι·
3518 2930 3634 2996 Ἐφ’

2050 3026 2108 3080 ὃν
2141 3026 2207 3080 ἂν
2242 3027 2356 3097 ἴδῃς
2389 3026 2449 3078 τὸ
2496 3024 2720 3094 Πνεῦμα
2759 3022 3104 3082 καταϐαῖνον,
3170 3021 3263 3073 καὶ
3313 3021 3494 3090 μένον,
3547 3014 3638 3073 οὖ-

364 3114 491 3179 quid
523 3115 587 3166 de
617 3116 832 3172 Christo
863 3120 1084 3174 sciebat.
1117 3121 1251 3188 Quis
1289 3140 1408 3178 sum
1437 3125 1459 3178 ?
1500 3142 1518 3173 ι
1558 3124 1724 3189 Quem
1758 3139 1842 3178 me
1869 3125 1948 3178 di-

2053 3117 2144 3180 τός
2189 3118 2336 3168 ἐστιν
2369 3117 2397 3166 6
2433 3115 2560 3177 Υἱὸς
2601 3114 2692 3166 τοῦ
2727 3113 2883 3166 Θεοῦ·
2927 3133 2945 3164 1
2995 3107 3167 3175 οὗτος,
3226 3112 3410 3180 φασὶν,
3451 3111 3637 3164 ούκέτι

367 3213 495 3256 cunt
553 3204 643 3259 lilii
685 3208 962 3264 hominum
1005 3214 1188 3266 esse“
1219 3215 1241 3268 ?
1276 3233 1292 3266 1
1341 3214 1455 3276 llic,
1509 3216 1608 3279 ait,
1659 3216 1790 3269 dicit
1825 3217 1945 3270 hoc.

366 3292 442 3346 Tu
475 3300 751 3366 veroquid
784 3299 850 3350 ?r
888 3300 966 3353 Tu
1001 3317 1060 3356 es
1105 3303 1358 3359 Christus
1398 3305 1568 3360 Filius
1616 3307 1706 3360 Dci
1752 3307 1878 3360 vivi.
1925 3327 1942 3360 1

364 3383 655 3452 Propterea
705 3389 894 3443 beatus
942 3395 1292 3460 enuntiatur,
1340 3397 1595 3464 quoniam
1631 3415 1649 3447 ι
1725 3413 1853 3452 caro
1897 3409 1950 3453 et

367 3475 587 3543 sanguis
613 3491 715 3528 non
743 3479 1009 3533 revelavit
1047 3504 1066 3536 ι
1095 3483 1192 3549 illi,
1236 3504 1253 3536 ι
1285 3486 1378 3539 sed
1409 3486 1567 3540 Pater
1589 3487 1678 3556 qui
1708 3488 1759 3540 iu
1795 3488 1952 3541 cmlis

365 3575 468 3618 est.
515 3582 534 3615 ι
581 3565 714 3620 Cum
756 3567 924 3635 igitur
970 3572 1193 3638 grandia
1235 3574 1302 3626 de
1345 3573 1562 3627 Christo
1608 3577 1869 3639 audisset,
1899 3587 1954 3631 et

367 3657 588 3724 grandia
633 3658 992 3724 concepisset.
1037 3661 1292 3715 auxilium
1329 3661 1381 3714 in
1418 3671 1591 3716 semet
1630 3679 1733 3715 non
1765 3663 1942 3717 admi-

365 3747 434 3797 sit
465 3764 477 3798 :
513 3764 531 3795 ι
566 3748 702 3800 Ecce
735 3751 1079 3806 ascendimus
1113 3754 1162 3804 in
1205 3752 1531 3819 Jerusalem,
1565 3764 1618 3810 et
1661 3756 1950 3824 perﬁcien-

370 3845 458 3888 tur
482 3836 548 3887 ⁸⁷.
592 3856 608 3886 ι
642 3837 706 3890 Et
743 3857 754 3890 :
792 3858 810 3889 ι
845 3839 1070 3903 Oportet
1099 3842 1293 3895 Filium
1332 3845 1567 3899 hominis
1608 3847 1772 3899 multa
1806 3848 1940 3915 pati,

367 3935 421 3979 et
453 3929 728 3995 reprobari
762 3945 788 3981 a
817 3930 1152 3998 principibus
1175 3938 1535 3998 sacerdotum,
1569 3947 1625 3989 et
1651 3938 1943 3991 sacerdoti-

369 4017 490 4079 hus,
523 4025 575 4070 et
607 4020 802 4084 occidi,
833 4031 887 4076 et
913 4024 1066 4078 tertio
1086 4025 1170 4080 die
1193 4027 1580 4097 resurgere".i
1613 4045 1631 4078 ι
1655 4027 1951 4098 Propitius,

371 4109 621 4177 inquit”,
651 4112 725 4165 sis
764 4113 856 4166 tibi
877 4153 893 4176 ,
925 4115 1170 4168 Domine.
1205 4135 1223 4168 ι
1249 4119 1478 4172 Maxima
1513 4121 1576 4172 de
1605 4121 1825 4176 Christo
1856 4140 1954 4178 no-

370 4207 518 4251 Verat
548 4217 563 4265 ;
597 4203 738 4270 quod
783 4205 1042 4260 humilius
1074 4218 1192 4260 erat
1227 4209 1291 4260 de
1327 4223 1392 4262 eo
1439 4211 1612 4266 noluit
1647 4215 1954 4268 admittere.

369 4288 616 4344 Similem
649 4295 774 4347 mihi
809 4299 994 4349 animo
1031 4300 1190 4367 pinge
1218 4298 1510 4366 Joannem,
1538 4303 1664 4355 dum
1689 4303 1743 4356 in
1773 4317 1957 4359 custo-

367 4381 453 4433 dia
487 4393 601 4436 erat
636 4400 648 4435 :
682 4387 904 4455 grandia
939 4388 1004 4442 de
1033 4389 1256 4445 Clu-isto
1301 4393 1736 4461 apprehenderat
1766 4409 1781 4454 ;
1825 4396 1957 4448 vidit

2051 3209 2168 3277 ᾔδει
2194 3207 2399 3279 Ἰησοῦν
2430 3206 2662 3278 Χριστὸν
2689 3207 2746 3258 ἐν
2768 3204 2962 3276 κοιλίᾳ.
2982 3203 3133 3275 ᾝδει
3159 3201 3266 3272 γὰρ
3296 3204 3476 3256 αὐτόν·
3502 3203 3636 3257 ἀλλά

2051 3300 2118 3353 δι’
2155 3297 2456 3369 ὑπερϐολὴν
2493 3295 2651 3366 δόξης
2683 3295 2865 3364 ὅμοιόν
2911 3312 2961 3346 τι
2998 3292 3074 3363 τῷ
3110 3293 3301 3364 Πέτρῳ
3347 3294 3633 3364 πεποίηκε.

2054 3392 2118 3444 Τί
2139 3392 2357 3461 ὅμοιως
2396 3384 2563 3450 Uine;
2586 3388 2726 3457 μέγα
2743 3404 2795 3439 τι
2825 3386 2940 3456 ᾔδει
2973 3385 3102 3452 περὶ
3131 3385 3224 3436 τοῦ
3252 3385 3507 3455 Χριστοῦ.
3542 3386 3637 3450 Τίς

2055 3483 2204 3550 εἰμις
2249 3499 2266 3530 ι
2308 3480 2442 3532 Τίνα
2497 3495 2564 3548 με
2609 3478 2859 3545 λέγουσιν
2903 3477 2952 3528 oi
2987 3474 3257 3545 ἄνθρωποι
3299 3472 3469 3542 εἷναι;
3519 3497 3536 3528 ι
3582 3477 3638 3530 '0

2054 3568 2130 3629 δέ,
2163 3568 2300 3620 τόδε.
2337 3568 2408 3619 Σὺ
2434 3566 2490 3618 δέ
2521 3566 2604 3630 τί;
2642 3585 2660 3615 ι
2696 3566 2766 3618 Σὺ
2802 3561 2853 3617 εἷ
2875 3567 2903 3618 ὁ
2933 3565 3166 3636 Χριστὸς
3186 3567 3213 3616 6
3236 3566 3362 3629 Υἱὸς
3384 3565 3476 3620 τοῦ
3501 3565 3635 3619 Θεοῦ

2057 3657 2149 3709 τοῦ
2185 3658 2404 3720 ζῶντος·
2445 3675 2463 3707 1
2498 3658 2554 3709 ἐν
2586 3651 2630 3723 ᾧ
2657 3657 2750 3709 καὶ
2778 3657 3160 3728 μακαρίζεται,
3189 3658 3272 3709 ὅτι
3312 3675 3330 3708 ι
3370 3658 3506 3729 σάρξ
3544 3659 3637 3711 καὶ

2056 3744 2193 3819 αἷμα
2233 3750 2332 3801 οὐκ
2371 3747 2720 3816 ἀπεκάλυψεν
2754 3767 2772 3799 1
2805 3747 2972 3818 αὐτῷ,
3016 3768 3034 3797 ι
3077 3747 3190 3800 ἀλλ’
3221 3751 3249 3801 6
3295 3748 3480 3820 Πατὴρ
3516 3752 3544 3801 ό
3581 3751 3637 3801 ἐν

2057 3843 2169 3902 τοῖς
2200 3840 2466 3911 οὐρανοῖς.
2509 3859 2528 3890 ι
2579 3840 2728 3892 Ἐπεὶ
2755 3837 2848 3892 οὖν
2878 3840 3088 3910 μεγάλα
3125 3841 3323 3910 1ἤκουσε
3352 3841 3479 3910 περὶ
3506 3842 3639 3910 Χρι-

2061 3929 2208 3993 στοῦ,
2245 3931 2337 3984 καὶ
2389 3932 2598 4001 μεγάλα
2641 3931 3015 4000 ἀπελάμϐανε,
3053 3933 3146 3984 καὶ
3191 3933 3251 3984 οὐ
3308 3932 3638 4003 παρεδέξατο

2058 4023 2156 4092 τὴν
2179 4022 2428 4093 βοήθειαν
2453 4023 2549 4094 τὴν
2578 4024 2714 4094 πρὸς
2741 4025 2921 4078 αὐτόν·
2950 4043 2966 4074 ι
3009 4025 3139 4077 Ἰδοὺ
3174 4023 3534 4094 ἀναϐαίνομεν
3557 4026 3632 4088 εἰς

2073 4113 2447 4184 Ἰερουσαλὴμ,
2474 4115 2567 4166 καὶ
2585 4113 3018 4186 τελειωοήσεται·
3047 4134 3064 4165 ι
3098 4114 3210 4167 καί·
3236 4134 3254 4165 ι
3287 4117 3376 4166 Δεῖ
3395 4116 3484 4167 τὸν
3508 4115 3637 4168 Υίὸν

2056 4203 2152 4256 τοῦ
2197 4203 2483 4273 ἀνθρώπου
2529 4202 2701 4255 πολλὰ
2743 4202 2953 4266 παθεῖν,
3003 4205 3096 4256 καὶ
3135 4201 3636 4272 ἀποδοκιμασθῆναι

2059 4294 2166 4346 άπὸ
2186 4293 2294 4346 τῶν
2324 4294 2627 4365 ἀρχιερέων
2665 4293 2760 4347 καὶ
2792 4293 3198 4363 πρεσϐυτέρων,
3239 4293 3334 4344 καὶ
3366 4294 3637 4345 ἀποκταν·

2061 4383 2239 4452 θῆναι,
2259 4384 2351 4435 καὶ
2365 4385 2428 4452 τῇ
2453 4382 2613 4455 τρίτῃ
2630 4383 2812 4454 ἡμέρᾳ.
2833 4382 3149 4451 ἀναστῆναι.
3178 4401 3194 4432 1
3219 4383 3294 4452 Φη
3304 4382 3435 4434 σίνοι
3451 4381 3636 4444 Ἵλεώς

369 4469 537 4524 caelos
575 4485 833 4542 apertos;
874 4477 1006 4529 vidit
1049 4479 1317 4547 Spiritum
1355 4492 1606 4536 sanctum
1635 4497 1797 4551 super
1824 4484 1947 4537 Sal-

2056 4491 2158 4536 σοι,
2198 4473 2389 4544 Κύριε.
2416 4493 2432 4523 ι
2459 4475 2681 4541 Μεγὰλα
2701 4474 2817 4544 ᾔδει
2845 4473 2973 4544 περὶ
3001 4472 3374 4544 Χριστοῦ,ούκ
3403 4472 3636 4543 ἠθέλησε

369 4571 609 4614 vatorem
646 4563 1095 4631 descendentem,
1141 4581 1556 4640 tnanentemque
1604 4589 1770 4642 super
1801 4588 1944 4628 eum.

372 4651 616 4708 Similem
653 4657 880 4724 gloriam
913 4661 1038 4712 dum
1059 4663 1226 4727 videt,
1265 4663 1436 4716 hzeret
1464 4665 1684 4729 dubius,
1718 4666 1948 4722 fortasse

371 4743 534 4796 etiam
589 4759 692 4798 non
747 4749 1026 4811 credebat.
1078 4766 1145 4804 an
1176 4752 1256 4805 sic
1298 4753 1634 4821 gloriﬁcatus
1683 4772 1852 4826 usque
1883 4761 1948 4813 ad

373 4831 602 4897 inl'eros,
651 4842 706 4888 et
747 4835 1001 4906 abyssum
1056 4840 1230 4906 ipsum
1287 4842 1663 4906 descenderet,
1717 4861 1949 4914 quapro-

370 4934 488 4993 pter
533 4928 741 4981 dicehat
769 4931 814 4961 ⁹⁰
848 4949 858 4983 :
898 4949 915 4981 ι
949 4931 1028 4986 Tu
1066 4948 1124 4987 es
1151 4935 1240 5002 qui
1282 4944 1540 4990 venturus
1579 4953 1658 5000 es,
1687 4954 1752 4990 an
1784 4938 1944 4992 alium

369 5030 750 5085 exspectamus
775 5022 798 5076 ?
827 5043 845 5076 ι
874 5023 988 5078 Non
1026 5041 1274 5095 egressus
1309 5043 1426 5082 sum
1460 5044 1489 5082 a
1525 5032 1822 5099 proposito,
1857 5046 1948 5084 ue-

368 5126 476 5179 que
528 5115 797 5178 materiae,
841 5131 961 5184 qua:
1012 5118 1143 5172 mihi
1181 5136 1289 5188 prce
1330 5122 1583 5176 manibus
1619 5131 1720 5188 est,
1748 5124 1948 5177 oblitus

371 5219 509 5257 sum.
558 5203 688 5258 lllud
722 5207 952 5274 probare
999 5209 1155 5262 nobis
1185 5209 1239 5263 in
1286 5219 1468 5264 animo
1513 5223 1627 5275 est,
1661 5213 1704 5267 si
1736 5227 1945 5279 omnes,

371 5298 462 5367 qui
505 5306 629 5352 ante
653 5298 931 5354 Christum
977 5302 1028 5355 in
1061 5303 1330 5357 infernum
1363 5304 1786 5370 descenderunt,
1819 5321 1948 5372 prte-

371 5403 622 5444 cursores
663 5391 896 5454 Christi.
929 5405 1090 5462 atque
1141 5397 1416 5464 propheta:
1454 5394 1639 5459 fuere;
1689 5397 1803 5462 pari
1860 5412 1946 5449 ta-

375 5482 521 5536 tione
571 5492 624 5535 et
648 5482 954 5540 Samuelem
990 5500 1055 5538 eo
1078 5488 1446 5551 descendisse,
1469 5501 1574 5540 non
1607 5486 1942 5557 simpliciter,

2053 4564 2454 4632 παραδέξασθαι
2511 4566 2570 4616 τὸ
2601 4564 2978 4633 ταπεινότερον
3008 4563 3134 4633 περὶ
3163 4562 3349 4616 αὐτοῦ.
3385 4563 3636 4617 Τοιοῦτόν

2047 4655 2170 4708 τινά
2208 4673 2297 4726 μοι
2329 4657 2437 4709 νόει
2473 4656 2566 4710 καὶ
2612 4656 2702 4708 τὸν
2734 4656 2988 4726 Ἰωάννην
3025 4658 3082 4708 ἐν
3122 4657 3334 4727 φυλακῇ
3358 4674 3370 4686 ·
3420 4651 3488 4726 ἦν
3541 4673 3636 4725 με-

2049 4749 2188 4814 γάλα
2209 4748 2364 4812 εἰδὼς
2391 4750 2519 4819 περὶ
2539 4747 2774 4820 Χριστοῦ
2798 4765 2809 4777 ·
2841 4745 2978 4800 εἶδεν
3003 4748 3263 4820 οὐρανοὺς
3287 4749 3593 4818 ἀνεῳγότας
3616 4764 3630 4778 ·

2049 4835 2157 4893 εἶδε
2192 4841 2418 4912 Πνεῦμα
2446 4841 2600 4908 ἆγιον
2640 4839 2700 4904 ἐξ
2724 4839 2955 4910 ούρανοῦ
2991 4841 3386 4910 κατερχόμενον
3421 4840 3511 4893 ἐπὶ
3544 4839 3636 4893 τὸν

2057 4934 2302 5004 Σωτῆρα,
2341 4934 2432 4986 καὶ
2463 4933 2620 5004 μένον
2672 4934 2759 4984 ἐπ’
2795 4932 2978 4984 αὐτόν·
3021 4931 3141 4985 ἰδὼν
3175 4933 3272 5001 τὴν
3304 4930 3636 5001 τηλικαύτην

2055 5025 2210 5089 δόξαν
2245 5026 2578 5097 ἀμφέϐαλλε,
2604 5025 2696 5078 καὶ
2733 5024 2872 5094 τάχα
2907 5025 3123 5094 ἠπίστει
3149 5042 3161 5054 ·
3206 5025 3284 5077 διὸ
3313 5021 3465 5086 οὗτος
3493 5023 3634 5075 ἔνδο-

2057 5115 2144 5181 ξος
2174 5120 2264 5172 καὶ
2293 5117 2482 5188 μέχρις
2512 5117 2658 5188 ᾇδου,
2689 5119 2783 5170 καὶ
2809 5117 3079 5188 μέχριτῆς
3113 5114 3348 5170 ἀϐύσσου
3379 5115 3632 5168 κατελεύ-

2025 5243 2030 5254 ι
2056 5226 2226 5262 σεται.
2258 5209 2355 5262 Διά
2379 5208 2534 5261 τοῦτο
2565 5209 2734 5276 ἔλεγε·
2775 5228 2792 5258 ι
2837 5209 2909 5261 Σὺ
2938 5204 2988 5260 εἴ
3014 5210 3041 5260 6
3069 5207 3379 5278 ἐρχόμενος,
3411 5205 3443 5276 ἢ
3475 5204 3629 5258 ἄλλον

2057 5299 2484 5371 προσδοκῶμεν;
2537 5320 2554 5352 ι
2595 5301 2669 5352 Ού
2725 5298 3056 5370 παρεξέϐην,
3108 5297 3227 5350 οὐδὲ
3289 5295 3631 5366 ἐπελαθόμην

2054 5389 2148 5441 τοῦ
2186 5389 2564 5459 προκειμένου,
2591 5389 2725 5441 ἀλλά
2753 5389 2910 5440 τοῦτο
2948 5387 3170 5456 θέλομεν
3205 5386 3630 5449 κατασκευάσαι,

2052 5485 2153 5546 ὅτι,
2184 5486 2231 5535 εἰ
2262 5483 2460 5546 πάντες
2498 5485 2576 5545 εἰς
2603 5482 2728 5552 ᾇδου
2771 5479 3180 5550 καταϐεϐήκασι
3225 5479 3330 5551 πρὸ
3368 5479 3462 5531 τοῦ
3493 5480 3628 5549 Χρι-

451 5677 497 5709 ⁸⁹
525 5677 709 5732 Matth.
750 5682 906 5738 xt.'5.
983 5683 1208 5736 In.Ioan.
1255 5699 1290 5745 1,
1353 5684 1436 5738 13.
1515 5685 1559 5716 ⁸³
1591 5685 1720 5739 ibid.
1781 5686 1862 5739 H.
1942 5687 1948 5715 ‘

2053 5701 2152 5738 .ttc.
2193 5699 2232 5747 1,
2283 5684 2370 5737 66.
2445 5681 2645 5736 “‘Joan.
2691 5697 2728 5745 t,
2773 5683 2863 5735 51.
2939 5683 2983 5713 ⁸⁵
3019 5682 3145 5739 ibid.
3198 5681 3286 5737 55.
3361 5681 3405 5713 ⁸⁸
3441 5680 3628 5735 Matth.

385 5761 502 5811 xu,
559 5749 638 5800 15.
718 5752 757 5778 ⁸⁷
810 5751 939 5803 Luc.
981 5768 1135 5815 xvttt,
1170 5754 1255 5804 3|.
1335 5755 1379 5786 ⁸⁸
1413 5755 1540 5808 Luc.
1577 5770 1650 5818 Ix,
1686 5756 1776 5809 ‘2‘2.

1853 5757 1897 5790 δ’
1925 5755 2110 5808 Matth.
2147 5771 2253 5818 sit,
2277 5756 2361 5807 ‘22.

2448 5755 2493 5784 9°
2523 5753 2713 5808 Matth.
2739 5768 2810 5818 ιιι,
2847 5753 2900 5806 5.
