  <div class='ocr_page' id='page_1' title='image "/cluster/home/n/w/nwhite01/storage/ocr_20150623/12:no.2/coo.31924054873074/526.png"; bbox 0 0 4124 6432; ppageno 0'>
   <div class='ocr_carea' id='block_1_1' title="bbox 497 464 639 518">
    <p class='ocr_par' dir='ltr' id='par_1_1' title="bbox 497 464 639 518">
     <span class='ocr_line' id='line_1_1' title="bbox 497 464 639 518; baseline -0.007 -1"><span class='ocrx_word' id='word_1_1' title='bbox 497 465 522 517; x_wconf 86' lang='grc'><strong>1</strong></span> <span class='ocrx_word' id='word_1_2' title='bbox 534 464 639 518; x_wconf 61' lang='lat'><strong>0‘35</strong></span> 
     </span>
    </p>
   </div>
   <div class='ocr_carea' id='block_1_2' title="bbox 1592 451 2664 516">
    <p class='ocr_par' dir='ltr' id='par_1_2' title="bbox 1592 451 2664 516">
     <span class='ocr_line' id='line_1_2' title="bbox 1592 451 2664 516; baseline -0.013 0"><span class='ocrx_word' id='word_1_3' title='bbox 1592 462 1658 516; x_wconf 68' lang='grc' dir='ltr'><strong>ιΝ</strong></span> <span class='ocrx_word' id='word_1_4' title='bbox 1698 457 1954 514; x_wconf 72' lang='lat' dir='ltr'><strong>LIBRUM</strong></span> <span class='ocrx_word' id='word_1_5' title='bbox 1998 458 2234 512; x_wconf 77' lang='lat' dir='ltr'><strong>REGUM</strong></span> <span class='ocrx_word' id='word_1_6' title='bbox 2276 451 2557 509; x_wconf 71' lang='lat' dir='ltr'><strong>IIOMILIA</strong></span> <span class='ocrx_word' id='word_1_7' title='bbox 2601 451 2664 503; x_wconf 91' lang='lat' dir='ltr'><strong>Il.</strong></span> 
     </span>
    </p>
   </div>
   <div class='ocr_carea' id='block_1_3' title="bbox 3629 452 3765 507">
    <p class='ocr_par' dir='ltr' id='par_1_3' title="bbox 3629 452 3765 507">
     <span class='ocr_line' id='line_1_3' title="bbox 3629 452 3765 507; baseline 0 -3"><span class='ocrx_word' id='word_1_8' title='bbox 3629 453 3646 504; x_wconf 91' lang='grc'><strong>1</strong></span> <span class='ocrx_word' id='word_1_9' title='bbox 3659 452 3765 507; x_wconf 77' lang='lat'><strong>026</strong></span> 
     </span>
    </p>
   </div>
   <div class='ocr_carea' id='block_1_4' title="bbox 496 561 2082 648">
    <p class='ocr_par' dir='ltr' id='par_1_4' title="bbox 496 567 2082 648">
     <span class='ocr_line' id='line_1_4' title="bbox 496 567 2082 648; baseline -0.006 -18"><span class='ocrx_word' id='word_1_10' title='bbox 496 578 643 640; x_wconf 77' lang='grc' dir='ltr'>ατοῦ,</span> <span class='ocrx_word' id='word_1_11' title='bbox 669 577 958 647; x_wconf 74' lang='grc' dir='ltr'><strong>πρόδρομοι</strong></span> <span class='ocrx_word' id='word_1_12' title='bbox 983 574 1217 648; x_wconf 84' lang='grc' dir='ltr'>Χριστοῦ</span> <span class='ocrx_word' id='word_1_13' title='bbox 1251 575 1298 627; x_wconf 86' lang='grc' dir='ltr'>οἱ</span> <span class='ocrx_word' id='word_1_14' title='bbox 1333 572 1611 645; x_wconf 76' lang='grc' dir='ltr'>προφῆται</span> <span class='ocrx_word' id='word_1_15' title='bbox 1646 571 1880 644; x_wconf 75' lang='grc' dir='ltr'><strong>Χριστοῦ</strong></span> <span class='ocrx_word' id='word_1_16' title='bbox 1902 589 1913 601; x_wconf 92' lang='grc'><strong>·</strong></span> <span class='ocrx_word' id='word_1_17' title='bbox 1940 567 2082 623; x_wconf 68' lang='grc' dir='ltr'>οὕτω</span> 
     </span>
    </p>
   </div>
   <div class='ocr_carea' id='block_1_5' title="bbox 2185 561 3770 648">
    <p class='ocr_par' dir='ltr' id='par_1_5' title="bbox 2188 561 3770 626">
     <span class='ocr_line' id='line_1_5' title="bbox 2188 561 3770 626; baseline -0.002 -7"><span class='ocrx_word' id='word_1_18' title='bbox 2188 566 2279 619; x_wconf 89' lang='lat' dir='ltr'><strong>sed</strong></span> <span class='ocrx_word' id='word_1_19' title='bbox 2303 576 2358 618; x_wconf 93' lang='lat' dir='ltr'><strong>ut</strong></span> <span class='ocrx_word' id='word_1_20' title='bbox 2388 575 2672 626; x_wconf 77' lang='lat' dir='ltr'><strong>samztum;</strong></span> <span class='ocrx_word' id='word_1_21' title='bbox 2712 561 2798 616; x_wconf 89' lang='lat' dir='ltr'><strong>ttbi</strong></span> <span class='ocrx_word' id='word_1_22' title='bbox 2836 561 2878 614; x_wconf 92' lang='lat' dir='ltr'><strong>si</strong></span> <span class='ocrx_word' id='word_1_23' title='bbox 2905 569 2987 615; x_wconf 84' lang='lat' dir='ltr'><strong>est</strong></span> <span class='ocrx_word' id='word_1_24' title='bbox 3016 571 3263 626; x_wconf 85' lang='lat' dir='ltr'><strong>sanctus,</strong></span> <span class='ocrx_word' id='word_1_25' title='bbox 3296 573 3519 618; x_wconf 87' lang='lat' dir='ltr'><strong>sanctus</strong></span> <span class='ocrx_word' id='word_1_26' title='bbox 3548 567 3770 618; x_wconf 82' lang='lat' dir='ltr'><strong>omnino</strong></span> 
     </span>
    </p>
   </div>
   <div class='ocr_carea' id='block_1_6' title="bbox 495 650 2086 738">
    <p class='ocr_par' dir='ltr' id='par_1_6' title="bbox 495 650 2086 738">
     <span class='ocr_line' id='line_1_6' title="bbox 495 650 2086 738; baseline -0.006 -18"><span class='ocrx_word' id='word_1_27' title='bbox 495 669 590 720; x_wconf 74' lang='grc' dir='ltr'>καὶ</span> <span class='ocrx_word' id='word_1_28' title='bbox 620 667 871 738; x_wconf 81' lang='grc' dir='ltr'>Σαμουὴλ</span> <span class='ocrx_word' id='word_1_29' title='bbox 915 668 1032 718; x_wconf 76' lang='grc' dir='ltr'>ἐκεῖ</span> <span class='ocrx_word' id='word_1_30' title='bbox 1060 664 1436 733; x_wconf 87' lang='grc' dir='ltr'>καταϐέϐηκεν</span> <span class='ocrx_word' id='word_1_31' title='bbox 1456 681 1468 692; x_wconf 91' lang='grc'><strong>·</strong></span> <span class='ocrx_word' id='word_1_32' title='bbox 1499 664 1558 716; x_wconf 85' lang='grc' dir='ltr'><strong>ού</strong></span> <span class='ocrx_word' id='word_1_33' title='bbox 1596 663 1703 732; x_wconf 79' lang='grc' dir='ltr'>γὰρ</span> <span class='ocrx_word' id='word_1_34' title='bbox 1736 662 1942 724; x_wconf 86' lang='grc' dir='ltr'>ἀπλῶς,</span> <span class='ocrx_word' id='word_1_35' title='bbox 1970 650 2086 713; x_wconf 87' lang='grc' dir='ltr'>ἀλλ’</span> 
     </span>
    </p>
   </div>
   <div class='ocr_carea' id='block_1_7' title="bbox 497 753 2087 828">
    <p class='ocr_par' dir='ltr' id='par_1_7' title="bbox 497 753 2087 828">
     <span class='ocr_line' id='line_1_7' title="bbox 497 753 2087 828; baseline -0.006 -16"><span class='ocrx_word' id='word_1_36' title='bbox 497 760 571 822; x_wconf 84' lang='grc' dir='ltr'>ὡς</span> <span class='ocrx_word' id='word_1_37' title='bbox 606 759 774 826; x_wconf 71' lang='grc' dir='ltr'>ἅγιος·</span> <span class='ocrx_word' id='word_1_38' title='bbox 811 759 946 809; x_wconf 80' lang='grc' dir='ltr'>ὅπου</span> <span class='ocrx_word' id='word_1_39' title='bbox 993 757 1090 809; x_wconf 77' lang='grc' dir='ltr'>ἐὰν</span> <span class='ocrx_word' id='word_1_40' title='bbox 1191 758 1219 807; x_wconf 98' lang='lat'><strong>6</strong></span> <span class='ocrx_word' id='word_1_41' title='bbox 1247 757 1422 823; x_wconf 74' lang='grc' dir='ltr'>ἅγιος,</span> <span class='ocrx_word' id='word_1_42' title='bbox 1469 755 1615 806; x_wconf 80' lang='grc' dir='ltr'>ἐστιν</span> <span class='ocrx_word' id='word_1_43' title='bbox 1650 755 1678 805; x_wconf 91' lang='lat'><strong>6</strong></span> <span class='ocrx_word' id='word_1_44' title='bbox 1726 753 1898 820; x_wconf 79' lang='grc' dir='ltr'>ἅγιος.</span> <span class='ocrx_word' id='word_1_45' title='bbox 1939 754 2087 822; x_wconf 83' lang='grc' dir='ltr'><strong>Μήτι</strong></span> 
     </span>
    </p>
   </div>
   <div class='ocr_carea' id='block_1_8' title="bbox 501 844 2088 923">
    <p class='ocr_par' dir='ltr' id='par_1_8' title="bbox 501 844 2088 923">
     <span class='ocr_line' id='line_1_8' title="bbox 501 844 2088 923; baseline -0.005 -19"><span class='ocrx_word' id='word_1_46' title='bbox 501 851 734 923; x_wconf 84' lang='grc' dir='ltr'>Χριστὸς</span> <span class='ocrx_word' id='word_1_47' title='bbox 773 850 872 902; x_wconf 83' lang='grc' dir='ltr'><strong>οὐκ</strong></span> <span class='ocrx_word' id='word_1_48' title='bbox 910 849 988 902; x_wconf 81' lang='grc' dir='ltr'><strong>ἔτι</strong></span> <span class='ocrx_word' id='word_1_49' title='bbox 1041 849 1277 920; x_wconf 81' lang='grc' dir='ltr'>Χριστός</span> <span class='ocrx_word' id='word_1_50' title='bbox 1327 851 1495 907; x_wconf 79' lang='grc' dir='ltr'>ἐστιν,</span> <span class='ocrx_word' id='word_1_51' title='bbox 1537 847 1659 899; x_wconf 74' lang='grc' dir='ltr'>ἐπεὶ</span> <span class='ocrx_word' id='word_1_52' title='bbox 1689 848 1745 898; x_wconf 79' lang='grc' dir='ltr'>ἐν</span> <span class='ocrx_word' id='word_1_53' title='bbox 1788 844 1912 914; x_wconf 74' lang='grc' dir='ltr'>ᾅδου</span> <span class='ocrx_word' id='word_1_54' title='bbox 1961 845 2088 897; x_wconf 87' lang='grc' dir='ltr'>ποτὲ</span> 
     </span>
    </p>
   </div>
   <div class='ocr_carea' id='block_1_9' title="bbox 496 936 2087 1014">
    <p class='ocr_par' dir='ltr' id='par_1_9' title="bbox 496 936 2087 1014">
     <span class='ocr_line' id='line_1_9' title="bbox 496 936 2087 1014; baseline -0.004 -20"><span class='ocrx_word' id='word_1_55' title='bbox 496 938 600 1014; x_wconf 82' lang='grc' dir='ltr'><strong>ἦν;</strong></span> <span class='ocrx_word' id='word_1_56' title='bbox 628 943 742 994; x_wconf 83' lang='grc' dir='ltr'>Οὐκ</span> <span class='ocrx_word' id='word_1_57' title='bbox 782 941 861 994; x_wconf 81' lang='grc' dir='ltr'>ἔτι</span> <span class='ocrx_word' id='word_1_58' title='bbox 901 937 970 1012; x_wconf 82' lang='grc' dir='ltr'>ἦν</span> <span class='ocrx_word' id='word_1_59' title='bbox 1002 940 1129 1002; x_wconf 87' lang='grc' dir='ltr'>Υἱὸς</span> <span class='ocrx_word' id='word_1_60' title='bbox 1158 938 1316 1002; x_wconf 86' lang='grc' dir='ltr'>Θεοῦ,</span> <span class='ocrx_word' id='word_1_61' title='bbox 1368 938 1489 990; x_wconf 73' lang='grc' dir='ltr'>ἐπεὶ</span> <span class='ocrx_word' id='word_1_62' title='bbox 1525 940 1581 990; x_wconf 79' lang='grc' dir='ltr'><strong>ἐν</strong></span> <span class='ocrx_word' id='word_1_63' title='bbox 1617 938 1694 1006; x_wconf 83' lang='grc' dir='ltr'><strong>τῷ</strong></span> <span class='ocrx_word' id='word_1_64' title='bbox 1746 936 2087 1006; x_wconf 82' lang='grc' dir='ltr'>καταχθονίῳ</span> 
     </span>
    </p>
   </div>
   <div class='ocr_carea' id='block_1_10' title="bbox 496 1027 2088 1102">
    <p class='ocr_par' dir='ltr' id='par_1_10' title="bbox 496 1027 2088 1102">
     <span class='ocr_line' id='line_1_10' title="bbox 496 1027 2088 1102; baseline -0.004 -16"><span class='ocrx_word' id='word_1_65' title='bbox 496 1035 786 1102; x_wconf 86' lang='grc' dir='ltr'>γεγένηται</span> <span class='ocrx_word' id='word_1_66' title='bbox 828 1033 996 1101; x_wconf 79' lang='grc' dir='ltr'>τόπῳ,</span> <span class='ocrx_word' id='word_1_67' title='bbox 1044 1050 1061 1080; x_wconf 81' lang='grc' dir='ltr'>ι</span> <span class='ocrx_word' id='word_1_68' title='bbox 1093 1031 1182 1084; x_wconf 83' lang='grc' dir='ltr'><strong>ἵνα</strong></span> <span class='ocrx_word' id='word_1_69' title='bbox 1228 1033 1335 1083; x_wconf 84' lang='grc' dir='ltr'><strong>πᾶν</strong></span> <span class='ocrx_word' id='word_1_70' title='bbox 1366 1031 1494 1096; x_wconf 78' lang='grc' dir='ltr'>γόνυ</span> <span class='ocrx_word' id='word_1_71' title='bbox 1537 1029 1729 1098; x_wconf 68' lang='grc' dir='ltr'>κάμψῃ</span> <span class='ocrx_word' id='word_1_72' title='bbox 1770 1029 1828 1082; x_wconf 82' lang='grc' dir='ltr'>ἐν</span> <span class='ocrx_word' id='word_1_73' title='bbox 1865 1027 1941 1097; x_wconf 79' lang='grc' dir='ltr'><strong>τῷ</strong></span> <span class='ocrx_word' id='word_1_74' title='bbox 1973 1028 2088 1080; x_wconf 83' lang='grc' dir='ltr'><strong>ὀνό-</strong></span> 
     </span>
    </p>
   </div>
   <div class='ocr_carea' id='block_1_11' title="bbox 501 1117 2086 1192">
    <p class='ocr_par' dir='ltr' id='par_1_11' title="bbox 501 1117 2086 1192">
     <span class='ocr_line' id='line_1_11' title="bbox 501 1117 2086 1192; baseline -0.004 -17"><span class='ocrx_word' id='word_1_75' title='bbox 501 1139 630 1186; x_wconf 87' lang='grc' dir='ltr'>ματι</span> <span class='ocrx_word' id='word_1_76' title='bbox 672 1121 847 1192; x_wconf 81' lang='grc' dir='ltr'>Ἰησοῦ</span> <span class='ocrx_word' id='word_1_77' title='bbox 884 1119 1141 1189; x_wconf 80' lang='grc' dir='ltr'><strong>Χριστοῦ,</strong></span> <span class='ocrx_word' id='word_1_78' title='bbox 1169 1118 1530 1189; x_wconf 79' lang='grc' dir='ltr'>ἐπουρανίων,</span> <span class='ocrx_word' id='word_1_79' title='bbox 1559 1118 1651 1170; x_wconf 72' lang='grc' dir='ltr'><strong>καὶ</strong></span> <span class='ocrx_word' id='word_1_80' title='bbox 1682 1117 1963 1184; x_wconf 76' lang='grc' dir='ltr'>ἐπιγείων,</span> <span class='ocrx_word' id='word_1_81' title='bbox 1994 1117 2086 1169; x_wconf 79' lang='grc' dir='ltr'><strong>καὶ</strong></span> 
     </span>
    </p>
   </div>
   <div class='ocr_carea' id='block_1_12' title="bbox 498 1206 2086 1284">
    <p class='ocr_par' dir='ltr' id='par_1_12' title="bbox 498 1206 2086 1284">
     <span class='ocr_line' id='line_1_12' title="bbox 498 1206 2086 1284; baseline -0.004 -16"><span class='ocrx_word' id='word_1_82' title='bbox 498 1213 864 1284; x_wconf 79' lang='grc' dir='ltr'>καταχθονίων</span> <span class='ocrx_word' id='word_1_83' title='bbox 890 1228 904 1276; x_wconf 87' lang='grc'>;</span> <span class='ocrx_word' id='word_1_84' title='bbox 940 1232 956 1261; x_wconf 79' lang='grc' dir='ltr'>ι</span> <span class='ocrx_word' id='word_1_85' title='bbox 992 1211 1178 1274; x_wconf 78' lang='grc' dir='ltr'>Οὕτως</span> <span class='ocrx_word' id='word_1_86' title='bbox 1213 1211 1447 1280; x_wconf 87' lang='grc' dir='ltr'>Χριστὸς</span> <span class='ocrx_word' id='word_1_87' title='bbox 1464 1206 1551 1280; x_wconf 86' lang='grc' dir='ltr'>ἦν,</span> <span class='ocrx_word' id='word_1_88' title='bbox 1579 1210 1674 1262; x_wconf 53' lang='grc' dir='ltr'><strong>καὶ⁵</strong></span> <span class='ocrx_word' id='word_1_89' title='bbox 1696 1210 1845 1262; x_wconf 91' lang='grc' dir='ltr'>κάτω</span> <span class='ocrx_word' id='word_1_90' title='bbox 1875 1207 1970 1274; x_wconf 79' lang='grc' dir='ltr'><strong>ὢν,</strong></span> <span class='ocrx_word' id='word_1_91' title='bbox 2002 1210 2086 1262; x_wconf 80' lang='grc' dir='ltr'><strong>ἵνα</strong></span> 
     </span>
    </p>
   </div>
   <div class='ocr_carea' id='block_1_13' title="bbox 496 1297 2086 1371">
    <p class='ocr_par' dir='ltr' id='par_1_13' title="bbox 496 1297 2086 1371">
     <span class='ocr_line' id='line_1_13' title="bbox 496 1297 2086 1371; baseline -0.005 -13"><span class='ocrx_word' id='word_1_92' title='bbox 496 1303 672 1367; x_wconf 75' lang='grc' dir='ltr'>οὕτως</span> <span class='ocrx_word' id='word_1_93' title='bbox 707 1303 868 1364; x_wconf 76' lang='grc' dir='ltr'>εἴπω,</span> <span class='ocrx_word' id='word_1_94' title='bbox 903 1303 960 1354; x_wconf 83' lang='grc' dir='ltr'>ὲν</span> <span class='ocrx_word' id='word_1_95' title='bbox 987 1301 1066 1371; x_wconf 84' lang='grc' dir='ltr'>τῷ</span> <span class='ocrx_word' id='word_1_96' title='bbox 1113 1301 1262 1353; x_wconf 89' lang='grc' dir='ltr'>κάτω</span> <span class='ocrx_word' id='word_1_97' title='bbox 1307 1301 1458 1370; x_wconf 74' lang='grc' dir='ltr'>τόπῳ</span> <span class='ocrx_word' id='word_1_98' title='bbox 1505 1298 1600 1362; x_wconf 82' lang='grc' dir='ltr'><strong>ὢν,</strong></span> <span class='ocrx_word' id='word_1_99' title='bbox 1633 1299 1946 1370; x_wconf 88' lang='grc' dir='ltr'>προαιρέσει</span> <span class='ocrx_word' id='word_1_100' title='bbox 1975 1297 2086 1351; x_wconf 82' lang='grc' dir='ltr'><strong>ἀνω</strong></span> 
     </span>
    </p>
   </div>
   <div class='ocr_carea' id='block_1_14' title="bbox 496 1391 2086 1468">
    <p class='ocr_par' dir='ltr' id='par_1_14' title="bbox 496 1391 2086 1468">
     <span class='ocr_line' id='line_1_14' title="bbox 496 1391 2086 1468; baseline -0.004 -20"><span class='ocrx_word' id='word_1_101' title='bbox 496 1393 567 1468; x_wconf 77' lang='grc' dir='ltr'>ἦν</span> <span class='ocrx_word' id='word_1_102' title='bbox 598 1414 610 1426; x_wconf 90' lang='grc'>·</span> <span class='ocrx_word' id='word_1_103' title='bbox 644 1395 787 1448; x_wconf 78' lang='grc' dir='ltr'>οὕτω</span> <span class='ocrx_word' id='word_1_104' title='bbox 817 1395 911 1448; x_wconf 73' lang='grc' dir='ltr'><strong>καὶ</strong></span> <span class='ocrx_word' id='word_1_105' title='bbox 937 1396 987 1447; x_wconf 88' lang='grc' dir='ltr'>οἱ</span> <span class='ocrx_word' id='word_1_106' title='bbox 1031 1393 1331 1465; x_wconf 75' lang='grc' dir='ltr'>προφῆται,</span> <span class='ocrx_word' id='word_1_107' title='bbox 1363 1394 1456 1444; x_wconf 68' lang='grc' dir='ltr'><strong>καὶ</strong></span> <span class='ocrx_word' id='word_1_108' title='bbox 1483 1391 1754 1460; x_wconf 80' lang='grc' dir='ltr'>Σαμουὴλ,</span> <span class='ocrx_word' id='word_1_109' title='bbox 1784 1391 1884 1444; x_wconf 80' lang='grc' dir='ltr'><strong>κᾶν</strong></span> <span class='ocrx_word' id='word_1_110' title='bbox 1918 1407 2086 1442; x_wconf 86' lang='grc' dir='ltr'>κατα-</span> 
     </span>
    </p>
   </div>
   <div class='ocr_carea' id='block_1_15' title="bbox 500 1477 2084 1556">
    <p class='ocr_par' dir='ltr' id='par_1_15' title="bbox 500 1477 2084 1556">
     <span class='ocr_line' id='line_1_15' title="bbox 500 1477 2084 1556; baseline -0.004 -16"><span class='ocrx_word' id='word_1_111' title='bbox 500 1488 666 1540; x_wconf 83' lang='grc' dir='ltr'>ϐῶσιν</span> <span class='ocrx_word' id='word_1_112' title='bbox 705 1487 837 1539; x_wconf 87' lang='grc' dir='ltr'>ὅπου</span> <span class='ocrx_word' id='word_1_113' title='bbox 869 1487 924 1538; x_wconf 86' lang='grc' dir='ltr'>αἱ</span> <span class='ocrx_word' id='word_1_114' title='bbox 955 1486 1125 1556; x_wconf 68' lang='grc' dir='ltr'>ψυχαὶ</span> <span class='ocrx_word' id='word_1_115' title='bbox 1160 1487 1216 1538; x_wconf 90' lang='lat' dir='ltr'><strong>ai.</strong></span> <span class='ocrx_word' id='word_1_116' title='bbox 1253 1485 1422 1538; x_wconf 86' lang='grc' dir='ltr'>κάτω.</span> <span class='ocrx_word' id='word_1_117' title='bbox 1454 1483 1602 1536; x_wconf 84' lang='grc' dir='ltr'>κάτω</span> <span class='ocrx_word' id='word_1_118' title='bbox 1646 1483 1896 1535; x_wconf 87' lang='grc' dir='ltr'>δύνανται</span> <span class='ocrx_word' id='word_1_119' title='bbox 1944 1477 2084 1534; x_wconf 77' lang='grc' dir='ltr'>εἶναι</span> 
     </span>
    </p>
   </div>
   <div class='ocr_carea' id='block_1_16' title="bbox 499 1571 2082 1644">
    <p class='ocr_par' dir='ltr' id='par_1_16' title="bbox 499 1571 2082 1644">
     <span class='ocr_line' id='line_1_16' title="bbox 499 1571 2082 1644; baseline -0.001 -19"><span class='ocrx_word' id='word_1_120' title='bbox 499 1573 670 1643; x_wconf 83' lang='grc' dir='ltr'>τόπῳ,</span> <span class='ocrx_word' id='word_1_121' title='bbox 695 1573 754 1626; x_wconf 82' lang='grc' dir='ltr'><strong>ού</strong></span> <span class='ocrx_word' id='word_1_122' title='bbox 783 1573 934 1626; x_wconf 85' lang='grc' dir='ltr'><strong>κάτω</strong></span> <span class='ocrx_word' id='word_1_123' title='bbox 959 1573 1014 1626; x_wconf 89' lang='grc' dir='ltr'><strong>δέ</strong></span> <span class='ocrx_word' id='word_1_124' title='bbox 1041 1575 1145 1625; x_wconf 84' lang='grc' dir='ltr'>εἰσι</span> <span class='ocrx_word' id='word_1_125' title='bbox 1169 1576 1232 1644; x_wconf 81' lang='grc' dir='ltr'>τῇ</span> <span class='ocrx_word' id='word_1_126' title='bbox 1270 1573 1602 1644; x_wconf 83' lang='grc' dir='ltr'>προαιρέσει.</span> <span class='ocrx_word' id='word_1_127' title='bbox 1634 1571 1980 1641; x_wconf 90' lang='grc' dir='ltr'>Πυνθάνομαι</span> <span class='ocrx_word' id='word_1_128' title='bbox 2006 1571 2082 1634; x_wconf 79' lang='grc' dir='ltr'><strong>δὲ,</strong></span> 
     </span>
    </p>
   </div>
   <div class='ocr_carea' id='block_1_17' title="bbox 501 1661 2084 1736">
    <p class='ocr_par' dir='ltr' id='par_1_17' title="bbox 501 1661 2084 1736">
     <span class='ocr_line' id='line_1_17' title="bbox 501 1661 2084 1736; baseline -0.001 -20"><span class='ocrx_word' id='word_1_129' title='bbox 501 1666 916 1735; x_wconf 83' lang='grc' dir='ltr'>προεφήτευσαν</span> <span class='ocrx_word' id='word_1_130' title='bbox 939 1665 1008 1717; x_wconf 86' lang='grc' dir='ltr'><strong>τά</strong></span> <span class='ocrx_word' id='word_1_131' title='bbox 1037 1665 1439 1736; x_wconf 84' lang='grc' dir='ltr'>ὑπερουράνια;</span> <span class='ocrx_word' id='word_1_132' title='bbox 1496 1663 1637 1731; x_wconf 83' lang='grc' dir='ltr'>Ἐγὼ</span> <span class='ocrx_word' id='word_1_133' title='bbox 1675 1663 1731 1715; x_wconf 83' lang='grc' dir='ltr'><strong>δὲ</strong></span> <span class='ocrx_word' id='word_1_134' title='bbox 1761 1663 1820 1714; x_wconf 88' lang='grc' dir='ltr'><strong>ού</strong></span> <span class='ocrx_word' id='word_1_135' title='bbox 1852 1661 2084 1731; x_wconf 83' lang='grc' dir='ltr'>δύναμαι</span> 
     </span>
    </p>
   </div>
   <div class='ocr_carea' id='block_1_18' title="bbox 499 1753 2082 1825">
    <p class='ocr_par' dir='ltr' id='par_1_18' title="bbox 499 1753 2082 1825">
     <span class='ocr_line' id='line_1_18' title="bbox 499 1753 2082 1825; baseline -0.001 -18"><span class='ocrx_word' id='word_1_136' title='bbox 499 1755 698 1809; x_wconf 82' lang='grc' dir='ltr'>διδόναι</span> <span class='ocrx_word' id='word_1_137' title='bbox 721 1755 982 1825; x_wconf 81' lang='grc' dir='ltr'>δαιμονίῳ</span> <span class='ocrx_word' id='word_1_138' title='bbox 1005 1754 1336 1824; x_wconf 79' lang='grc' dir='ltr'>τηλικαύτην</span> <span class='ocrx_word' id='word_1_139' title='bbox 1361 1755 1607 1824; x_wconf 87' lang='grc' dir='ltr'>δύναμιν,</span> <span class='ocrx_word' id='word_1_140' title='bbox 1634 1755 1714 1807; x_wconf 83' lang='grc' dir='ltr'><strong>ὅτι</strong></span> <span class='ocrx_word' id='word_1_141' title='bbox 1755 1753 2082 1824; x_wconf 73' lang='grc' dir='ltr'>προφητεύει</span> 
     </span>
    </p>
   </div>
   <div class='ocr_carea' id='block_1_19' title="bbox 503 1844 2085 1916">
    <p class='ocr_par' dir='ltr' id='par_1_19' title="bbox 503 1844 2085 1916">
     <span class='ocr_line' id='line_1_19' title="bbox 503 1844 2085 1916; baseline -0.001 -19"><span class='ocrx_word' id='word_1_142' title='bbox 503 1847 630 1916; x_wconf 72' lang='grc' dir='ltr'>περὶ</span> <span class='ocrx_word' id='word_1_143' title='bbox 658 1847 829 1899; x_wconf 75' lang='grc' dir='ltr'>Σαοὺλ</span> <span class='ocrx_word' id='word_1_144' title='bbox 855 1845 1125 1916; x_wconf 82' lang='grc' dir='ltr'>Σαμουὴλ,</span> <span class='ocrx_word' id='word_1_145' title='bbox 1154 1845 1246 1898; x_wconf 71' lang='grc' dir='ltr'><strong>καὶ</strong></span> <span class='ocrx_word' id='word_1_146' title='bbox 1271 1845 1360 1896; x_wconf 83' lang='grc' dir='ltr'><strong>τοῦ</strong></span> <span class='ocrx_word' id='word_1_147' title='bbox 1393 1844 1523 1897; x_wconf 87' lang='grc' dir='ltr'>λαοῦ</span> <span class='ocrx_word' id='word_1_148' title='bbox 1551 1845 1644 1897; x_wconf 89' lang='grc' dir='ltr'><strong>τοῦ</strong></span> <span class='ocrx_word' id='word_1_149' title='bbox 1663 1845 1815 1907; x_wconf 82' lang='grc' dir='ltr'>Θεοῦ,</span> <span class='ocrx_word' id='word_1_150' title='bbox 1843 1846 1935 1897; x_wconf 75' lang='grc' dir='ltr'><strong>καὶ</strong></span> <span class='ocrx_word' id='word_1_151' title='bbox 1952 1860 2085 1914; x_wconf 82' lang='grc' dir='ltr'>προ-</span> 
     </span>
    </p>
   </div>
   <div class='ocr_carea' id='block_1_20' title="bbox 2190 653 3768 712">
    <p class='ocr_par' dir='ltr' id='par_1_20' title="bbox 2190 653 3768 712">
     <span class='ocr_line' id='line_1_20' title="bbox 2190 653 3768 712; baseline -0.001 0"><span class='ocrx_word' id='word_1_152' title='bbox 2190 667 2290 712; x_wconf 77' lang='lat' dir='ltr'><strong>est.</strong></span> <span class='ocrx_word' id='word_1_153' title='bbox 2334 656 2519 710; x_wconf 85' lang='lat' dir='ltr'><strong>Nonne</strong></span> <span class='ocrx_word' id='word_1_154' title='bbox 2548 655 2598 708; x_wconf 88' lang='lat' dir='ltr'><strong>id</strong></span> <span class='ocrx_word' id='word_1_155' title='bbox 2632 654 2798 708; x_wconf 88' lang='lat' dir='ltr'><strong>etiam</strong></span> <span class='ocrx_word' id='word_1_156' title='bbox 2833 654 2898 707; x_wconf 90' lang='lat' dir='ltr'><strong>de</strong></span> <span class='ocrx_word' id='word_1_157' title='bbox 2925 653 3141 708; x_wconf 91' lang='lat' dir='ltr'><strong>Christo</strong></span> <span class='ocrx_word' id='word_1_158' title='bbox 3165 654 3496 709; x_wconf 84' lang='lat' dir='ltr'><strong>aliirtnamus</strong></span> <span class='ocrx_word' id='word_1_159' title='bbox 3522 657 3546 710; x_wconf 72' lang='grc' dir='ltr'><strong><em>τ</em></strong></span> <span class='ocrx_word' id='word_1_160' title='bbox 3575 657 3768 710; x_wconf 84' lang='lat' dir='ltr'><strong>Annon</strong></span> 
     </span>
    </p>
   </div>
   <div class='ocr_carea' id='block_1_21' title="bbox 2189 743 3771 815">
    <p class='ocr_par' dir='ltr' id='par_1_21' title="bbox 2189 743 3771 815">
     <span class='ocr_line' id='line_1_21' title="bbox 2189 743 3771 815; baseline 0 -15"><span class='ocrx_word' id='word_1_161' title='bbox 2189 749 2441 801; x_wconf 84' lang='lat' dir='ltr'><strong>Christus</strong></span> <span class='ocrx_word' id='word_1_162' title='bbox 2479 754 2622 810; x_wconf 88' lang='lat' dir='ltr'><strong>erat,</strong></span> <span class='ocrx_word' id='word_1_163' title='bbox 2665 745 2789 798; x_wconf 89' lang='lat' dir='ltr'><strong>licet</strong></span> <span class='ocrx_word' id='word_1_164' title='bbox 2820 743 3108 813; x_wconf 80' lang='lat' dir='ltr'><strong>aliquando</strong></span> <span class='ocrx_word' id='word_1_165' title='bbox 3150 747 3290 815; x_wconf 89' lang='lat' dir='ltr'><strong>apud</strong></span> <span class='ocrx_word' id='word_1_166' title='bbox 3325 745 3527 800; x_wconf 83' lang='lat' dir='ltr'><strong>inferos</strong></span> <span class='ocrx_word' id='word_1_167' title='bbox 3562 745 3771 801; x_wconf 75' lang='lat' dir='ltr'><strong>fuerit?</strong></span> 
     </span>
    </p>
   </div>
   <div class='ocr_carea' id='block_1_22' title="bbox 2189 836 3767 908">
    <p class='ocr_par' dir='ltr' id='par_1_22' title="bbox 2189 836 3767 908">
     <span class='ocr_line' id='line_1_22' title="bbox 2189 836 3767 908; baseline 0 -16"><span class='ocrx_word' id='word_1_168' title='bbox 2189 839 2383 892; x_wconf 84' lang='lat' dir='ltr'><strong>Annon</strong></span> <span class='ocrx_word' id='word_1_169' title='bbox 2435 839 2535 890; x_wconf 92' lang='lat' dir='ltr'><strong>fuit</strong></span> <span class='ocrx_word' id='word_1_170' title='bbox 2566 837 2736 890; x_wconf 83' lang='lat' dir='ltr'><strong>Filius</strong></span> <span class='ocrx_word' id='word_1_171' title='bbox 2769 837 2859 889; x_wconf 89' lang='lat' dir='ltr'><strong>Dei</strong></span> <span class='ocrx_word' id='word_1_172' title='bbox 2883 876 2898 901; x_wconf 93' lang='lat'><strong>,</strong></span> <span class='ocrx_word' id='word_1_173' title='bbox 2935 836 3062 890; x_wconf 88' lang='lat' dir='ltr'><strong>licet</strong></span> <span class='ocrx_word' id='word_1_174' title='bbox 3113 839 3162 890; x_wconf 93' lang='lat' dir='ltr'><strong>in</strong></span> <span class='ocrx_word' id='word_1_175' title='bbox 3201 839 3571 892; x_wconf 76' lang='lat' dir='ltr'><strong>subterraneis</strong></span> <span class='ocrx_word' id='word_1_176' title='bbox 3609 840 3767 908; x_wconf 82' lang='lat' dir='ltr'><strong>dege-</strong></span> 
     </span>
    </p>
   </div>
   <div class='ocr_carea' id='block_1_23' title="bbox 2191 928 3770 996">
    <p class='ocr_par' dir='ltr' id='par_1_23' title="bbox 2191 928 3770 996">
     <span class='ocr_line' id='line_1_23' title="bbox 2191 928 3770 996; baseline 0.001 -14"><span class='ocrx_word' id='word_1_177' title='bbox 2191 941 2272 983; x_wconf 69' lang='lat' dir='ltr'><strong>ret</strong></span> <span class='ocrx_word' id='word_1_178' title='bbox 2329 930 2493 992; x_wconf 89' lang='lat' dir='ltr'><strong>locis,</strong></span> <span class='ocrx_word' id='word_1_179' title='bbox 2536 947 2554 979; x_wconf 80' lang='grc' dir='ltr'>ι</span> <span class='ocrx_word' id='word_1_180' title='bbox 2607 939 2665 981; x_wconf 85' lang='grc' dir='ltr'>ιιι</span> <span class='ocrx_word' id='word_1_181' title='bbox 2702 941 2861 981; x_wconf 88' lang='lat' dir='ltr'><strong>onme</strong></span> <span class='ocrx_word' id='word_1_182' title='bbox 2918 944 3054 996; x_wconf 82' lang='lat' dir='ltr'><strong>genu</strong></span> <span class='ocrx_word' id='word_1_183' title='bbox 3105 928 3408 983; x_wconf 84' lang='lat' dir='ltr'><strong>flecteretur</strong></span> <span class='ocrx_word' id='word_1_184' title='bbox 3452 930 3504 982; x_wconf 93' lang='lat' dir='ltr'><strong>in</strong></span> <span class='ocrx_word' id='word_1_185' title='bbox 3553 933 3770 984; x_wconf 83' lang='lat' dir='ltr'><strong>nomine</strong></span> 
     </span>
    </p>
   </div>
   <div class='ocr_carea' id='block_1_24' title="bbox 2187 1020 3772 1084">
    <p class='ocr_par' dir='ltr' id='par_1_24' title="bbox 2187 1020 3772 1084">
     <span class='ocr_line' id='line_1_24' title="bbox 2187 1020 3772 1084; baseline -0.003 -9"><span class='ocrx_word' id='word_1_186' title='bbox 2187 1021 2334 1084; x_wconf 82' lang='lat' dir='ltr'><strong>Jesu,</strong></span> <span class='ocrx_word' id='word_1_187' title='bbox 2385 1021 2710 1082; x_wconf 70' lang='lat' dir='ltr'><strong>caelestium,</strong></span> <span class='ocrx_word' id='word_1_188' title='bbox 2773 1022 3112 1073; x_wconf 83' lang='lat' dir='ltr'><strong>terrestrium</strong></span> <span class='ocrx_word' id='word_1_189' title='bbox 3154 1031 3208 1073; x_wconf 93' lang='lat' dir='ltr'><strong>et</strong></span> <span class='ocrx_word' id='word_1_190' title='bbox 3258 1020 3589 1076; x_wconf 81' lang='lat' dir='ltr'><strong>infcrnorum</strong></span> <span class='ocrx_word' id='word_1_191' title='bbox 3619 1021 3714 1074; x_wconf 75' lang='lat'><strong>&quot;?</strong></span> <span class='ocrx_word' id='word_1_192' title='bbox 3753 1036 3772 1070; x_wconf 75' lang='grc' dir='ltr'>ι</span> 
     </span>
    </p>
   </div>
   <div class='ocr_carea' id='block_1_25' title="bbox 2191 1110 3771 1180">
    <p class='ocr_par' dir='ltr' id='par_1_25' title="bbox 2191 1110 3771 1180">
     <span class='ocr_line' id='line_1_25' title="bbox 2191 1110 3771 1180; baseline 0.003 -16"><span class='ocrx_word' id='word_1_193' title='bbox 2191 1111 2306 1164; x_wconf 78' lang='lat' dir='ltr'><strong>Non</strong></span> <span class='ocrx_word' id='word_1_194' title='bbox 2343 1112 2501 1164; x_wconf 84' lang='lat' dir='ltr'><strong>aliter</strong></span> <span class='ocrx_word' id='word_1_195' title='bbox 2524 1110 2774 1164; x_wconf 86' lang='lat' dir='ltr'><strong>Christus</strong></span> <span class='ocrx_word' id='word_1_196' title='bbox 2811 1119 2949 1171; x_wconf 88' lang='lat' dir='ltr'><strong>erat.</strong></span> <span class='ocrx_word' id='word_1_197' title='bbox 2999 1111 3121 1165; x_wconf 90' lang='lat' dir='ltr'><strong>licet</strong></span> <span class='ocrx_word' id='word_1_198' title='bbox 3149 1112 3376 1166; x_wconf 90' lang='lat' dir='ltr'><strong>inferius</strong></span> <span class='ocrx_word' id='word_1_199' title='bbox 3409 1125 3574 1180; x_wconf 65' lang='lat' dir='ltr'><strong>eSset,</strong></span> <span class='ocrx_word' id='word_1_200' title='bbox 3605 1124 3662 1166; x_wconf 92' lang='lat' dir='ltr'><strong>ut</strong></span> <span class='ocrx_word' id='word_1_201' title='bbox 3691 1116 3771 1168; x_wconf 90' lang='lat' dir='ltr'><strong>sic</strong></span> 
     </span>
    </p>
   </div>
   <div class='ocr_carea' id='block_1_26' title="bbox 2189 1203 3774 1271">
    <p class='ocr_par' dir='ltr' id='par_1_26' title="bbox 2189 1203 3774 1271">
     <span class='ocr_line' id='line_1_26' title="bbox 2189 1203 3774 1271; baseline 0.003 -17"><span class='ocrx_word' id='word_1_202' title='bbox 2189 1204 2390 1269; x_wconf 87' lang='lat' dir='ltr'><strong>dicam,</strong></span> <span class='ocrx_word' id='word_1_203' title='bbox 2426 1212 2478 1256; x_wconf 68' lang='lat' dir='ltr'><strong>et</strong></span> <span class='ocrx_word' id='word_1_204' title='bbox 2513 1203 2554 1256; x_wconf 90' lang='lat' dir='ltr'><strong>si</strong></span> <span class='ocrx_word' id='word_1_205' title='bbox 2602 1204 2652 1255; x_wconf 92' lang='lat' dir='ltr'><strong>iu</strong></span> <span class='ocrx_word' id='word_1_206' title='bbox 2693 1203 2938 1256; x_wconf 90' lang='lat' dir='ltr'><strong>inferiori</strong></span> <span class='ocrx_word' id='word_1_207' title='bbox 2974 1203 3092 1256; x_wconf 81' lang='lat' dir='ltr'><strong>loco</strong></span> <span class='ocrx_word' id='word_1_208' title='bbox 3127 1213 3334 1271; x_wconf 84' lang='lat' dir='ltr'><strong>ageret,</strong></span> <span class='ocrx_word' id='word_1_209' title='bbox 3369 1204 3649 1259; x_wconf 80' lang='lat' dir='ltr'><strong>voluntate</strong></span> <span class='ocrx_word' id='word_1_210' title='bbox 3684 1221 3774 1258; x_wconf 90' lang='lat' dir='ltr'><strong>su-</strong></span> 
     </span>
    </p>
   </div>
   <div class='ocr_carea' id='block_1_27' title="bbox 2189 1276 3771 1364">
    <p class='ocr_par' dir='ltr' id='par_1_27' title="bbox 2189 1276 3771 1364">
     <span class='ocr_line' id='line_1_27' title="bbox 2189 1276 3771 1364; baseline 0 -15"><span class='ocrx_word' id='word_1_211' title='bbox 2189 1276 2369 1364; x_wconf 67' lang='lat' dir='ltr'><strong>perius</strong></span> <span class='ocrx_word' id='word_1_212' title='bbox 2423 1306 2561 1350; x_wconf 86' lang='lat' dir='ltr'><strong>erat.</strong></span> <span class='ocrx_word' id='word_1_213' title='bbox 2599 1295 2796 1349; x_wconf 84' lang='lat' dir='ltr'><strong>Eodem</strong></span> <span class='ocrx_word' id='word_1_214' title='bbox 2834 1306 2992 1364; x_wconf 84' lang='lat' dir='ltr'><strong>pacto</strong></span> <span class='ocrx_word' id='word_1_215' title='bbox 3019 1304 3071 1348; x_wconf 89' lang='lat' dir='ltr'><strong>et</strong></span> <span class='ocrx_word' id='word_1_216' title='bbox 3117 1297 3416 1363; x_wconf 61' lang='lat' dir='ltr'><strong>prophetat,</strong></span> <span class='ocrx_word' id='word_1_217' title='bbox 3442 1306 3494 1350; x_wconf 87' lang='lat' dir='ltr'><strong>et</strong></span> <span class='ocrx_word' id='word_1_218' title='bbox 3523 1295 3771 1362; x_wconf 78' lang='lat' dir='ltr'><strong>Samuel,</strong></span> 
     </span>
    </p>
   </div>
   <div class='ocr_carea' id='block_1_28' title="bbox 2189 1385 3776 1456">
    <p class='ocr_par' dir='ltr' id='par_1_28' title="bbox 2189 1385 3776 1456">
     <span class='ocr_line' id='line_1_28' title="bbox 2189 1385 3776 1456; baseline 0.002 -19"><span class='ocrx_word' id='word_1_219' title='bbox 2189 1386 2434 1455; x_wconf 83' lang='lat' dir='ltr'><strong>quamvis</strong></span> <span class='ocrx_word' id='word_1_220' title='bbox 2462 1401 2526 1440; x_wconf 88' lang='lat' dir='ltr'><strong>eo</strong></span> <span class='ocrx_word' id='word_1_221' title='bbox 2564 1386 2915 1446; x_wconf 87' lang='lat' dir='ltr'><strong>descendant,</strong></span> <span class='ocrx_word' id='word_1_222' title='bbox 2949 1385 3035 1439; x_wconf 89' lang='lat' dir='ltr'><strong>ubi</strong></span> <span class='ocrx_word' id='word_1_223' title='bbox 3079 1397 3206 1439; x_wconf 91' lang='lat' dir='ltr'><strong>sunt</strong></span> <span class='ocrx_word' id='word_1_224' title='bbox 3243 1387 3438 1441; x_wconf 72' lang='lat' dir='ltr'><strong>anima:</strong></span> <span class='ocrx_word' id='word_1_225' title='bbox 3461 1403 3579 1456; x_wconf 73' lang='lat' dir='ltr'><strong>qua:</strong></span> <span class='ocrx_word' id='word_1_226' title='bbox 3610 1390 3660 1440; x_wconf 92' lang='lat' dir='ltr'><strong>in</strong></span> <span class='ocrx_word' id='word_1_227' title='bbox 3692 1389 3776 1441; x_wconf 91' lang='lat' dir='ltr'><strong>in-</strong></span> 
     </span>
    </p>
   </div>
   <div class='ocr_carea' id='block_1_29' title="bbox 2192 1477 3776 1548">
    <p class='ocr_par' dir='ltr' id='par_1_29' title="bbox 2192 1477 3776 1548">
     <span class='ocr_line' id='line_1_29' title="bbox 2192 1477 3776 1548; baseline 0.003 -17"><span class='ocrx_word' id='word_1_228' title='bbox 2192 1479 2383 1543; x_wconf 89' lang='lat' dir='ltr'><strong>fernis,</strong></span> <span class='ocrx_word' id='word_1_229' title='bbox 2423 1480 2545 1533; x_wconf 92' lang='lat' dir='ltr'><strong>loco</strong></span> <span class='ocrx_word' id='word_1_230' title='bbox 2594 1479 2811 1548; x_wconf 79' lang='lat' dir='ltr'><strong>quidem</strong></span> <span class='ocrx_word' id='word_1_231' title='bbox 2845 1477 3071 1533; x_wconf 82' lang='lat' dir='ltr'><strong>inferius</strong></span> <span class='ocrx_word' id='word_1_232' title='bbox 3099 1493 3258 1546; x_wconf 89' lang='lat' dir='ltr'><strong>sunt;</strong></span> <span class='ocrx_word' id='word_1_233' title='bbox 3295 1491 3351 1535; x_wconf 88' lang='lat' dir='ltr'><strong>at</strong></span> <span class='ocrx_word' id='word_1_234' title='bbox 3396 1497 3501 1536; x_wconf 91' lang='lat' dir='ltr'><strong>non</strong></span> <span class='ocrx_word' id='word_1_235' title='bbox 3549 1481 3776 1536; x_wconf 87' lang='lat' dir='ltr'><strong>inferius</strong></span> 
     </span>
    </p>
   </div>
   <div class='ocr_carea' id='block_1_30' title="bbox 2188 1570 3775 1641">
    <p class='ocr_par' dir='ltr' id='par_1_30' title="bbox 2188 1570 3775 1641">
     <span class='ocr_line' id='line_1_30' title="bbox 2188 1570 3775 1641; baseline 0 -18"><span class='ocrx_word' id='word_1_236' title='bbox 2188 1579 2312 1623; x_wconf 84' lang='lat' dir='ltr'><strong>Sltttl</strong></span> <span class='ocrx_word' id='word_1_237' title='bbox 2345 1571 2645 1624; x_wconf 86' lang='lat' dir='ltr'><strong>voluntate.</strong></span> <span class='ocrx_word' id='word_1_238' title='bbox 2678 1570 2742 1622; x_wconf 89' lang='lat' dir='ltr'><strong>Et</strong></span> <span class='ocrx_word' id='word_1_239' title='bbox 2775 1584 2960 1639; x_wconf 81' lang='lat' dir='ltr'><strong>quaero</strong></span> <span class='ocrx_word' id='word_1_240' title='bbox 2995 1586 3062 1623; x_wconf 88' lang='lat' dir='ltr'><strong>an</strong></span> <span class='ocrx_word' id='word_1_241' title='bbox 3093 1572 3504 1639; x_wconf 71' lang='lat' dir='ltr'><strong>superi-mlestia</strong></span> <span class='ocrx_word' id='word_1_242' title='bbox 3541 1573 3775 1641; x_wconf 88' lang='lat' dir='ltr'><strong>prophe-</strong></span> 
     </span>
    </p>
   </div>
   <div class='ocr_carea' id='block_1_31' title="bbox 2187 1660 3776 1730">
    <p class='ocr_par' dir='ltr' id='par_1_31' title="bbox 2187 1660 3776 1730">
     <span class='ocr_line' id='line_1_31' title="bbox 2187 1660 3776 1730; baseline 0.002 -17"><span class='ocrx_word' id='word_1_243' title='bbox 2187 1661 2369 1714; x_wconf 89' lang='lat' dir='ltr'><strong>tarint.</strong></span> <span class='ocrx_word' id='word_1_244' title='bbox 2404 1663 2472 1714; x_wconf 82' lang='lat' dir='ltr'><strong>At</strong></span> <span class='ocrx_word' id='word_1_245' title='bbox 2497 1676 2596 1727; x_wconf 85' lang='lat' dir='ltr'><strong>ego</strong></span> <span class='ocrx_word' id='word_1_246' title='bbox 2628 1675 2890 1726; x_wconf 88' lang='lat' dir='ltr'><strong>nusquam</strong></span> <span class='ocrx_word' id='word_1_247' title='bbox 2940 1660 3172 1713; x_wconf 71' lang='lat' dir='ltr'><strong>daemoni</strong></span> <span class='ocrx_word' id='word_1_248' title='bbox 3210 1662 3439 1716; x_wconf 87' lang='lat' dir='ltr'><strong>similem</strong></span> <span class='ocrx_word' id='word_1_249' title='bbox 3478 1663 3776 1730; x_wconf 69' lang='lat' dir='ltr'><strong>potentiam</strong></span> 
     </span>
    </p>
   </div>
   <div class='ocr_carea' id='block_1_32' title="bbox 2187 1747 3771 1820">
    <p class='ocr_par' dir='ltr' id='par_1_32' title="bbox 2187 1747 3771 1820">
     <span class='ocr_line' id='line_1_32' title="bbox 2187 1747 3771 1820; baseline 0.002 -17"><span class='ocrx_word' id='word_1_250' title='bbox 2187 1749 2502 1803; x_wconf 79' lang='lat' dir='ltr'><strong>concedam.</strong></span> <span class='ocrx_word' id='word_1_251' title='bbox 2543 1749 2675 1802; x_wconf 82' lang='lat' dir='ltr'><strong>Nam</strong></span> <span class='ocrx_word' id='word_1_252' title='bbox 2723 1747 2946 1802; x_wconf 88' lang='lat' dir='ltr'><strong>Samuel</strong></span> <span class='ocrx_word' id='word_1_253' title='bbox 3002 1749 3068 1801; x_wconf 90' lang='lat' dir='ltr'><strong>de</strong></span> <span class='ocrx_word' id='word_1_254' title='bbox 3110 1749 3305 1812; x_wconf 87' lang='lat' dir='ltr'><strong>Saule,</strong></span> <span class='ocrx_word' id='word_1_255' title='bbox 3335 1762 3388 1803; x_wconf 89' lang='lat' dir='ltr'><strong>et</strong></span> <span class='ocrx_word' id='word_1_256' title='bbox 3425 1753 3619 1820; x_wconf 84' lang='lat' dir='ltr'><strong>pepulo</strong></span> <span class='ocrx_word' id='word_1_257' title='bbox 3656 1753 3771 1818; x_wconf 79' lang='lat' dir='ltr'><strong>Dei,</strong></span> 
     </span>
    </p>
   </div>
   <div class='ocr_carea' id='block_1_33' title="bbox 2186 1840 3775 1911">
    <p class='ocr_par' dir='ltr' id='par_1_33' title="bbox 2186 1840 3775 1911">
     <span class='ocr_line' id='line_1_33' title="bbox 2186 1840 3775 1911; baseline 0.003 -19"><span class='ocrx_word' id='word_1_258' title='bbox 2186 1850 2241 1892; x_wconf 90' lang='lat' dir='ltr'><strong>ct</strong></span> <span class='ocrx_word' id='word_1_259' title='bbox 2277 1856 2441 1911; x_wconf 84' lang='lat' dir='ltr'><strong>regno</strong></span> <span class='ocrx_word' id='word_1_260' title='bbox 2472 1841 2664 1904; x_wconf 84' lang='lat' dir='ltr'><strong>David,</strong></span> <span class='ocrx_word' id='word_1_261' title='bbox 2690 1841 2857 1894; x_wconf 82' lang='lat' dir='ltr'><strong>David</strong></span> <span class='ocrx_word' id='word_1_262' title='bbox 2894 1840 3106 1893; x_wconf 83' lang='lat' dir='ltr'><strong>scilicet</strong></span> <span class='ocrx_word' id='word_1_263' title='bbox 3131 1851 3480 1909; x_wconf 82' lang='lat' dir='ltr'><strong>regnaturum</strong></span> <span class='ocrx_word' id='word_1_264' title='bbox 3512 1846 3775 1898; x_wconf 86' lang='lat' dir='ltr'><strong>vaticina-</strong></span> 
     </span>
    </p>
   </div>
   <div class='ocr_carea' id='block_1_34' title="bbox 503 1928 2082 2008">
    <p class='ocr_par' dir='ltr' id='par_1_34' title="bbox 503 1935 2079 2008">
     <span class='ocr_line' id='line_1_34' title="bbox 503 1935 2079 2008; baseline 0 -18"><span class='ocrx_word' id='word_1_265' title='bbox 503 1938 724 2008; x_wconf 83' lang='grc' dir='ltr'>φητεύει</span> <span class='ocrx_word' id='word_1_266' title='bbox 751 1938 879 2008; x_wconf 79' lang='grc' dir='ltr'>περὶ</span> <span class='ocrx_word' id='word_1_267' title='bbox 915 1937 1190 2007; x_wconf 83' lang='grc' dir='ltr'>βασιλείας</span> <span class='ocrx_word' id='word_1_268' title='bbox 1227 1936 1408 2000; x_wconf 78' lang='grc' dir='ltr'>Δαυῖδ,</span> <span class='ocrx_word' id='word_1_269' title='bbox 1437 1937 1518 1988; x_wconf 79' lang='grc' dir='ltr'><strong>ὅτι</strong></span> <span class='ocrx_word' id='word_1_270' title='bbox 1550 1935 1732 2007; x_wconf 79' lang='grc' dir='ltr'>μέλλει</span> <span class='ocrx_word' id='word_1_271' title='bbox 1757 1936 2079 2006; x_wconf 79' lang='grc' dir='ltr'>βασιλεύειν.</span> 
     </span>
    </p>
   </div>
   <div class='ocr_carea' id='block_1_35' title="bbox 2185 1928 3773 2008">
    <p class='ocr_par' dir='ltr' id='par_1_35' title="bbox 2195 1928 3773 2002">
     <span class='ocr_line' id='line_1_35' title="bbox 2195 1928 3773 2002; baseline 0.006 -25"><span class='ocrx_word' id='word_1_272' title='bbox 2195 1936 2298 1980; x_wconf 92' lang='lat' dir='ltr'><strong>tur.</strong></span> <span class='ocrx_word' id='word_1_273' title='bbox 2337 1928 2439 1993; x_wconf 81' lang='lat' dir='ltr'><strong>Qui</strong></span> <span class='ocrx_word' id='word_1_274' title='bbox 2470 1929 2803 1982; x_wconf 89' lang='lat' dir='ltr'><strong>contrarium</strong></span> <span class='ocrx_word' id='word_1_275' title='bbox 2838 1931 3101 1994; x_wconf 90' lang='lat' dir='ltr'><strong>sentiunt,</strong></span> <span class='ocrx_word' id='word_1_276' title='bbox 3135 1931 3585 2002; x_wconf 74' lang='lat' dir='ltr'><strong>veritatem,qute</strong></span> <span class='ocrx_word' id='word_1_277' title='bbox 3612 1934 3662 1986; x_wconf 91' lang='lat' dir='ltr'><strong>in</strong></span> <span class='ocrx_word' id='word_1_278' title='bbox 3706 1949 3773 1987; x_wconf 94' lang='lat' dir='ltr'><strong>co</strong></span> 
     </span>
    </p>
   </div>
   <div class='ocr_carea' id='block_1_36' title="bbox 502 2026 2083 2097">
    <p class='ocr_par' dir='ltr' id='par_1_36' title="bbox 502 2026 2083 2097">
     <span class='ocr_line' id='line_1_36' title="bbox 502 2026 2083 2097; baseline 0 -16"><span class='ocrx_word' id='word_1_279' title='bbox 502 2029 752 2081; x_wconf 85' lang='grc' dir='ltr'>Εῖσονται</span> <span class='ocrx_word' id='word_1_280' title='bbox 771 2030 820 2080; x_wconf 82' lang='grc' dir='ltr'>οἱ</span> <span class='ocrx_word' id='word_1_281' title='bbox 845 2026 1017 2079; x_wconf 83' lang='grc' dir='ltr'>ταῦτα</span> <span class='ocrx_word' id='word_1_282' title='bbox 1051 2027 1299 2095; x_wconf 88' lang='grc' dir='ltr'>λέγοντες</span> <span class='ocrx_word' id='word_1_283' title='bbox 1328 2027 1397 2079; x_wconf 76' lang='grc' dir='ltr'>τὰ</span> <span class='ocrx_word' id='word_1_284' title='bbox 1412 2028 1512 2097; x_wconf 82' lang='grc' dir='ltr'>τῆς</span> <span class='ocrx_word' id='word_1_285' title='bbox 1543 2027 1799 2097; x_wconf 84' lang='grc' dir='ltr'>ἀληθείας</span> <span class='ocrx_word' id='word_1_286' title='bbox 1823 2027 1923 2094; x_wconf 80' lang='grc' dir='ltr'>τῆς</span> <span class='ocrx_word' id='word_1_287' title='bbox 1941 2030 2083 2081; x_wconf 86' lang='grc' dir='ltr'><strong>κατά</strong></span> 
     </span>
    </p>
   </div>
   <div class='ocr_carea' id='block_1_37' title="bbox 500 2117 2084 2188">
    <p class='ocr_par' dir='ltr' id='par_1_37' title="bbox 500 2117 2084 2188">
     <span class='ocr_line' id='line_1_37' title="bbox 500 2117 2084 2188; baseline 0 -18"><span class='ocrx_word' id='word_1_288' title='bbox 500 2117 592 2170; x_wconf 69' lang='grc' dir='ltr'><strong>τὸν</strong></span> <span class='ocrx_word' id='word_1_289' title='bbox 602 2117 784 2181; x_wconf 88' lang='grc' dir='ltr'>τόπον,</span> <span class='ocrx_word' id='word_1_290' title='bbox 809 2117 906 2186; x_wconf 85' lang='grc' dir='ltr'><strong>οὐχ</strong></span> <span class='ocrx_word' id='word_1_291' title='bbox 923 2119 1212 2188; x_wconf 80' lang='grc' dir='ltr'>εὑρήσουσι</span> <span class='ocrx_word' id='word_1_292' title='bbox 1238 2118 1584 2188; x_wconf 78' lang='grc' dir='ltr'>παραστῆσαι</span> <span class='ocrx_word' id='word_1_293' title='bbox 1604 2117 1720 2181; x_wconf 81' lang='grc' dir='ltr'>πῶς</span> <span class='ocrx_word' id='word_1_294' title='bbox 1736 2117 1800 2170; x_wconf 85' lang='grc' dir='ltr'>ἂν</span> <span class='ocrx_word' id='word_1_295' title='bbox 1823 2119 1914 2171; x_wconf 70' lang='grc' dir='ltr'>καὶ</span> <span class='ocrx_word' id='word_1_296' title='bbox 1931 2119 2084 2186; x_wconf 80' lang='grc' dir='ltr'>ἅγιος</span> 
     </span>
    </p>
   </div>
   <div class='ocr_carea' id='block_1_38' title="bbox 502 2207 2084 2278">
    <p class='ocr_par' dir='ltr' id='par_1_38' title="bbox 502 2207 2084 2278">
     <span class='ocr_line' id='line_1_38' title="bbox 502 2207 2084 2278; baseline 0.003 -20"><span class='ocrx_word' id='word_1_297' title='bbox 502 2207 712 2273; x_wconf 89' lang='grc' dir='ltr'>γένοιτο</span> <span class='ocrx_word' id='word_1_298' title='bbox 747 2207 886 2277; x_wconf 80' lang='grc' dir='ltr'>ὑπὲρ</span> <span class='ocrx_word' id='word_1_299' title='bbox 914 2208 1186 2278; x_wconf 79' lang='grc' dir='ltr'>σωτηρίας</span> <span class='ocrx_word' id='word_1_300' title='bbox 1207 2207 1312 2259; x_wconf 83' lang='grc' dir='ltr'>τῶν</span> <span class='ocrx_word' id='word_1_301' title='bbox 1350 2208 1534 2270; x_wconf 84' lang='grc' dir='ltr'>κακῶς</span> <span class='ocrx_word' id='word_1_302' title='bbox 1576 2209 1828 2278; x_wconf 76' lang='grc' dir='ltr'>ἐχόντων.</span> <span class='ocrx_word' id='word_1_303' title='bbox 1869 2211 1961 2271; x_wconf 85' lang='grc' dir='ltr'>Είς</span> <span class='ocrx_word' id='word_1_304' title='bbox 1993 2210 2084 2262; x_wconf 79' lang='grc' dir='ltr'><strong>τὸν</strong></span> 
     </span>
    </p>
   </div>
   <div class='ocr_carea' id='block_1_39' title="bbox 501 2295 2085 2371">
    <p class='ocr_par' dir='ltr' id='par_1_39' title="bbox 501 2295 2085 2371">
     <span class='ocr_line' id='line_1_39' title="bbox 501 2295 2085 2371; baseline 0.004 -24"><span class='ocrx_word' id='word_1_305' title='bbox 501 2295 661 2348; x_wconf 86' lang='grc' dir='ltr'>τόπον</span> <span class='ocrx_word' id='word_1_306' title='bbox 705 2295 812 2348; x_wconf 81' lang='grc' dir='ltr'><strong>τῶν</strong></span> <span class='ocrx_word' id='word_1_307' title='bbox 857 2297 1042 2360; x_wconf 85' lang='grc' dir='ltr'>κακῶς</span> <span class='ocrx_word' id='word_1_308' title='bbox 1085 2299 1318 2367; x_wconf 80' lang='grc' dir='ltr'>ἐχόντων</span> <span class='ocrx_word' id='word_1_309' title='bbox 1375 2300 1548 2371; x_wconf 71' lang='grc' dir='ltr'>ἰατροὶ</span> <span class='ocrx_word' id='word_1_310' title='bbox 1598 2301 1958 2368; x_wconf 80' lang='grc' dir='ltr'>γενέσθωσαν,</span> <span class='ocrx_word' id='word_1_311' title='bbox 2005 2304 2085 2367; x_wconf 82' lang='grc' dir='ltr'><strong>εἰς</strong></span> 
     </span>
    </p>
   </div>
   <div class='ocr_carea' id='block_1_40' title="bbox 499 2388 2086 2461">
    <p class='ocr_par' dir='ltr' id='par_1_40' title="bbox 499 2388 2086 2461">
     <span class='ocr_line' id='line_1_40' title="bbox 499 2388 2086 2461; baseline 0.004 -23"><span class='ocrx_word' id='word_1_312' title='bbox 499 2388 624 2448; x_wconf 76' lang='grc' dir='ltr'>τοὺς</span> <span class='ocrx_word' id='word_1_313' title='bbox 650 2388 842 2450; x_wconf 74' lang='grc' dir='ltr'>τύπους</span> <span class='ocrx_word' id='word_1_314' title='bbox 866 2388 973 2440; x_wconf 81' lang='grc' dir='ltr'><strong>τῶν</strong></span> <span class='ocrx_word' id='word_1_315' title='bbox 1003 2389 1315 2458; x_wconf 84' lang='grc' dir='ltr'>καμνόντων</span> <span class='ocrx_word' id='word_1_316' title='bbox 1352 2391 1715 2461; x_wconf 81' lang='grc' dir='ltr'>στρατιωτῶν,</span> <span class='ocrx_word' id='word_1_317' title='bbox 1746 2392 1838 2444; x_wconf 73' lang='grc' dir='ltr'>καὶ</span> <span class='ocrx_word' id='word_1_318' title='bbox 1876 2393 2086 2445; x_wconf 81' lang='grc' dir='ltr'>εἰσίτω-</span> 
     </span>
    </p>
   </div>
   <div class='ocr_carea' id='block_1_41' title="bbox 502 2479 2085 2553">
    <p class='ocr_par' dir='ltr' id='par_1_41' title="bbox 502 2479 2085 2553">
     <span class='ocr_line' id='line_1_41' title="bbox 502 2479 2085 2553; baseline 0.005 -24"><span class='ocrx_word' id='word_1_319' title='bbox 502 2495 598 2529; x_wconf 89' lang='grc' dir='ltr'><strong>σαν</strong></span> <span class='ocrx_word' id='word_1_320' title='bbox 625 2479 758 2530; x_wconf 81' lang='grc' dir='ltr'>ὅπου</span> <span class='ocrx_word' id='word_1_321' title='bbox 799 2482 852 2532; x_wconf 78' lang='lat' dir='ltr'><strong>ai</strong></span> <span class='ocrx_word' id='word_1_322' title='bbox 879 2479 1132 2533; x_wconf 79' lang='grc' dir='ltr'>δυσωδίαι</span> <span class='ocrx_word' id='word_1_323' title='bbox 1158 2483 1265 2535; x_wconf 83' lang='grc' dir='ltr'><strong>τῶν</strong></span> <span class='ocrx_word' id='word_1_324' title='bbox 1303 2484 1630 2553; x_wconf 88' lang='grc' dir='ltr'>τραυμάτων</span> <span class='ocrx_word' id='word_1_325' title='bbox 1665 2484 1863 2538; x_wconf 79' lang='grc' dir='ltr'>αὐτῶν.</span> <span class='ocrx_word' id='word_1_326' title='bbox 1913 2483 2085 2538; x_wconf 87' lang='grc' dir='ltr'>Τοῦτο</span> 
     </span>
    </p>
   </div>
   <div class='ocr_carea' id='block_1_42' title="bbox 501 2570 2086 2646">
    <p class='ocr_par' dir='ltr' id='par_1_42' title="bbox 501 2570 2086 2646">
     <span class='ocr_line' id='line_1_42' title="bbox 501 2570 2086 2646; baseline 0.005 -25"><span class='ocrx_word' id='word_1_327' title='bbox 501 2570 791 2623; x_wconf 83' lang='grc' dir='ltr'>ὑποϐάλλει</span> <span class='ocrx_word' id='word_1_328' title='bbox 825 2573 857 2641; x_wconf 85' lang='grc' dir='ltr'><strong>ή</strong></span> <span class='ocrx_word' id='word_1_329' title='bbox 897 2572 1110 2643; x_wconf 78' lang='grc' dir='ltr'>ἰατρικὴ</span> <span class='ocrx_word' id='word_1_330' title='bbox 1153 2573 1550 2646; x_wconf 83' lang='grc' dir='ltr'>φιλανθρωπία.</span> <span class='ocrx_word' id='word_1_331' title='bbox 1597 2575 1752 2628; x_wconf 78' lang='grc' dir='ltr'>Οῦτω</span> <span class='ocrx_word' id='word_1_332' title='bbox 1777 2575 1934 2628; x_wconf 88' lang='grc' dir='ltr'>τοῦτο</span> <span class='ocrx_word' id='word_1_333' title='bbox 1957 2577 2086 2629; x_wconf 84' lang='grc' dir='ltr'>ὑπο-</span> 
     </span>
    </p>
   </div>
   <div class='ocr_carea' id='block_1_43' title="bbox 501 2663 2084 2738">
    <p class='ocr_par' dir='ltr' id='par_1_43' title="bbox 501 2663 2084 2738">
     <span class='ocr_line' id='line_1_43' title="bbox 501 2663 2084 2738; baseline 0.001 -23"><span class='ocrx_word' id='word_1_334' title='bbox 501 2663 734 2735; x_wconf 75' lang='grc' dir='ltr'>ϐέϐληκε</span> <span class='ocrx_word' id='word_1_335' title='bbox 770 2665 847 2735; x_wconf 83' lang='grc' dir='ltr'>τῷ</span> <span class='ocrx_word' id='word_1_336' title='bbox 875 2666 1086 2738; x_wconf 79' lang='grc' dir='ltr'>Σωτῆρι</span> <span class='ocrx_word' id='word_1_337' title='bbox 1113 2668 1140 2718; x_wconf 90' lang='lat'><strong>6</strong></span> <span class='ocrx_word' id='word_1_338' title='bbox 1168 2665 1326 2733; x_wconf 83' lang='grc' dir='ltr'>λόγος</span> <span class='ocrx_word' id='word_1_339' title='bbox 1355 2665 1552 2734; x_wconf 79' lang='grc' dir='ltr'>κατά(1</span> <span class='ocrx_word' id='word_1_340' title='bbox 1572 2666 1618 2735; x_wconf 93' lang='grc'><strong>1)</strong></span> <span class='ocrx_word' id='word_1_341' title='bbox 1637 2667 1748 2728; x_wconf 85' lang='grc' dir='ltr'>τοῖς</span> <span class='ocrx_word' id='word_1_342' title='bbox 1776 2667 2084 2736; x_wconf 85' lang='grc' dir='ltr'>προφήταις</span> 
     </span>
    </p>
   </div>
   <div class='ocr_carea' id='block_1_44' title="bbox 501 2757 2084 2828">
    <p class='ocr_par' dir='ltr' id='par_1_44' title="bbox 501 2757 2084 2828">
     <span class='ocr_line' id='line_1_44' title="bbox 501 2757 2084 2828; baseline 0.001 -20"><span class='ocrx_word' id='word_1_343' title='bbox 501 2757 591 2808; x_wconf 84' lang='grc' dir='ltr'><strong>καὶ</strong></span> <span class='ocrx_word' id='word_1_344' title='bbox 617 2757 805 2810; x_wconf 81' lang='grc' dir='ltr'>ἐνθάδε</span> <span class='ocrx_word' id='word_1_345' title='bbox 841 2757 1037 2820; x_wconf 79' lang='grc' dir='ltr'>ἐλθεῖν,</span> <span class='ocrx_word' id='word_1_346' title='bbox 1065 2759 1159 2812; x_wconf 75' lang='grc' dir='ltr'>καὶ</span> <span class='ocrx_word' id='word_1_347' title='bbox 1182 2761 1261 2821; x_wconf 86' lang='grc' dir='ltr'>εἰς</span> <span class='ocrx_word' id='word_1_348' title='bbox 1289 2758 1415 2828; x_wconf 73' lang='grc' dir='ltr'>ᾅδου</span> <span class='ocrx_word' id='word_1_349' title='bbox 1441 2757 1766 2825; x_wconf 82' lang='grc' dir='ltr'>καταϐῆναι.</span> <span class='ocrx_word' id='word_1_350' title='bbox 1793 2758 1903 2811; x_wconf 79' lang='lat' dir='ltr'><strong>Kal.</strong></span> <span class='ocrx_word' id='word_1_351' title='bbox 1929 2759 2084 2811; x_wconf 81' lang='grc' dir='ltr'>τοῦτο</span> 
     </span>
    </p>
   </div>
   <div class='ocr_carea' id='block_1_45' title="bbox 498 2844 2079 2920">
    <p class='ocr_par' dir='ltr' id='par_1_45' title="bbox 498 2844 2079 2920">
     <span class='ocr_line' id='line_1_45' title="bbox 498 2844 2079 2920; baseline -0.001 -20"><span class='ocrx_word' id='word_1_352' title='bbox 498 2849 554 2900; x_wconf 85' lang='grc' dir='ltr'>δὲ</span> <span class='ocrx_word' id='word_1_353' title='bbox 581 2848 907 2920; x_wconf 84' lang='grc' dir='ltr'>προσθετέον</span> <span class='ocrx_word' id='word_1_354' title='bbox 946 2849 1022 2919; x_wconf 81' lang='grc' dir='ltr'><strong>τῷ</strong></span> <span class='ocrx_word' id='word_1_355' title='bbox 1055 2849 1200 2918; x_wconf 86' lang='grc' dir='ltr'>λόγῳ</span> <span class='ocrx_word' id='word_1_356' title='bbox 1221 2865 1235 2880; x_wconf 79' lang='grc' dir='ltr'><strong>ο</strong></span> <span class='ocrx_word' id='word_1_357' title='bbox 1269 2851 1350 2902; x_wconf 85' lang='grc' dir='ltr'><strong>ὅτι</strong></span> <span class='ocrx_word' id='word_1_358' title='bbox 1399 2849 1649 2918; x_wconf 76' lang='grc' dir='ltr'>Σαμουὴλ</span> <span class='ocrx_word' id='word_1_359' title='bbox 1678 2850 1960 2919; x_wconf 80' lang='grc' dir='ltr'>προφήτης</span> <span class='ocrx_word' id='word_1_360' title='bbox 1992 2844 2079 2919; x_wconf 83' lang='grc' dir='ltr'>ἦν,</span> 
     </span>
    </p>
   </div>
   <div class='ocr_carea' id='block_1_46' title="bbox 500 2936 2082 3009">
    <p class='ocr_par' dir='ltr' id='par_1_46' title="bbox 500 2936 2082 3009">
     <span class='ocr_line' id='line_1_46' title="bbox 500 2936 2082 3009; baseline -0.002 -17"><span class='ocrx_word' id='word_1_361' title='bbox 500 2940 594 2992; x_wconf 75' lang='grc' dir='ltr'>καὶ</span> <span class='ocrx_word' id='word_1_362' title='bbox 620 2939 943 3003; x_wconf 76' lang='grc' dir='ltr'>ἐξελθόντος,</span> <span class='ocrx_word' id='word_1_363' title='bbox 981 2939 1190 3009; x_wconf 84' lang='grc' dir='ltr'>ἀπέστη</span> <span class='ocrx_word' id='word_1_364' title='bbox 1238 2939 1330 2991; x_wconf 84' lang='grc' dir='ltr'>ἀπ’</span> <span class='ocrx_word' id='word_1_365' title='bbox 1359 2937 1522 2989; x_wconf 79' lang='grc' dir='ltr'>αὑτοῦ</span> <span class='ocrx_word' id='word_1_366' title='bbox 1547 2939 1579 3008; x_wconf 78' lang='grc' dir='ltr'>ἡ</span> <span class='ocrx_word' id='word_1_367' title='bbox 1609 2936 1938 3007; x_wconf 83' lang='grc' dir='ltr'>προφητεία·</span> <span class='ocrx_word' id='word_1_368' title='bbox 1985 2939 2082 2990; x_wconf 84' lang='grc' dir='ltr'><strong>ούκ</strong></span> 
     </span>
    </p>
   </div>
   <div class='ocr_carea' id='block_1_47' title="bbox 500 3024 2084 3100">
    <p class='ocr_par' dir='ltr' id='par_1_47' title="bbox 500 3024 2084 3100">
     <span class='ocr_line' id='line_1_47' title="bbox 500 3024 2084 3100; baseline -0.001 -20"><span class='ocrx_word' id='word_1_369' title='bbox 500 3024 608 3100; x_wconf 88' lang='grc' dir='ltr'>ἆρα</span> <span class='ocrx_word' id='word_1_370' title='bbox 634 3029 885 3100; x_wconf 84' lang='grc' dir='ltr'>ἀληθεύει</span> <span class='ocrx_word' id='word_1_371' title='bbox 917 3030 946 3081; x_wconf 82' lang='lat'><strong>6</strong></span> <span class='ocrx_word' id='word_1_372' title='bbox 992 3029 1162 3096; x_wconf 89' lang='grc' dir='ltr'>λέγων</span> <span class='ocrx_word' id='word_1_373' title='bbox 1204 3027 1520 3090; x_wconf 85' lang='grc' dir='ltr'>Ἀπόστολος</span> <span class='ocrx_word' id='word_1_374' title='bbox 1545 3043 1557 3056; x_wconf 87' lang='grc'><strong>·</strong></span> <span class='ocrx_word' id='word_1_375' title='bbox 1606 3045 1623 3077; x_wconf 82' lang='grc' dir='ltr'>ι</span> <span class='ocrx_word' id='word_1_376' title='bbox 1670 3027 1828 3096; x_wconf 78' lang='grc' dir='ltr'>’Ἄρτι</span> <span class='ocrx_word' id='word_1_377' title='bbox 1873 3044 2084 3098; x_wconf 81' lang='grc' dir='ltr'>προφη-</span> 
     </span>
    </p>
   </div>
   <div class='ocr_carea' id='block_1_48' title="bbox 499 3117 2080 3194">
    <p class='ocr_par' dir='ltr' id='par_1_48' title="bbox 499 3117 2080 3194">
     <span class='ocr_line' id='line_1_48' title="bbox 499 3117 2080 3194; baseline -0.001 -20"><span class='ocrx_word' id='word_1_378' title='bbox 499 3121 642 3174; x_wconf 87' lang='grc' dir='ltr'>τεύω</span> <span class='ocrx_word' id='word_1_379' title='bbox 669 3124 732 3174; x_wconf 82' lang='grc' dir='ltr'><strong>ἐκ</strong></span> <span class='ocrx_word' id='word_1_380' title='bbox 777 3122 998 3194; x_wconf 86' lang='grc' dir='ltr'>μέρους,</span> <span class='ocrx_word' id='word_1_381' title='bbox 1043 3121 1135 3174; x_wconf 74' lang='grc' dir='ltr'>καὶ</span> <span class='ocrx_word' id='word_1_382' title='bbox 1181 3121 1244 3172; x_wconf 84' lang='grc' dir='ltr'><strong>ἐκ</strong></span> <span class='ocrx_word' id='word_1_383' title='bbox 1291 3119 1492 3190; x_wconf 84' lang='grc' dir='ltr'>μέρους</span> <span class='ocrx_word' id='word_1_384' title='bbox 1533 3117 1821 3186; x_wconf 80' lang='grc' dir='ltr'>γινώσκω·</span> <span class='ocrx_word' id='word_1_385' title='bbox 1868 3121 1996 3172; x_wconf 85' lang='grc' dir='ltr'>ὅταν</span> <span class='ocrx_word' id='word_1_386' title='bbox 2023 3119 2080 3172; x_wconf 84' lang='grc' dir='ltr'>δὲ</span> 
     </span>
    </p>
   </div>
   <div class='ocr_carea' id='block_1_49' title="bbox 499 3209 2085 3283">
    <p class='ocr_par' dir='ltr' id='par_1_49' title="bbox 499 3209 2085 3283">
     <span class='ocr_line' id='line_1_49' title="bbox 499 3209 2085 3283; baseline -0.001 -18"><span class='ocrx_word' id='word_1_387' title='bbox 499 3212 625 3283; x_wconf 66' lang='grc' dir='ltr'>ἔλθῃ</span> <span class='ocrx_word' id='word_1_388' title='bbox 647 3212 706 3265; x_wconf 75' lang='grc' dir='ltr'>τὸ</span> <span class='ocrx_word' id='word_1_389' title='bbox 731 3212 956 3270; x_wconf 87' lang='grc' dir='ltr'>τέλειον,</span> <span class='ocrx_word' id='word_1_390' title='bbox 981 3212 1074 3264; x_wconf 75' lang='grc' dir='ltr'><strong>καὶ</strong></span> <span class='ocrx_word' id='word_1_391' title='bbox 1101 3211 1221 3262; x_wconf 88' lang='grc' dir='ltr'>τότε</span> <span class='ocrx_word' id='word_1_392' title='bbox 1251 3211 1311 3262; x_wconf 79' lang='grc' dir='ltr'><strong>τὸ</strong></span> <span class='ocrx_word' id='word_1_393' title='bbox 1348 3211 1414 3263; x_wconf 75' lang='grc' dir='ltr'>ἐκ</span> <span class='ocrx_word' id='word_1_394' title='bbox 1446 3210 1645 3280; x_wconf 87' lang='grc' dir='ltr'>μέρους</span> <span class='ocrx_word' id='word_1_395' title='bbox 1674 3209 2085 3280; x_wconf 79' lang='grc' dir='ltr'>καταργηθήσε-</span> 
     </span>
    </p>
   </div>
   <div class='ocr_carea' id='block_1_50' title="bbox 2192 2018 3770 2090">
    <p class='ocr_par' dir='ltr' id='par_1_50' title="bbox 2192 2018 3770 2090">
     <span class='ocr_line' id='line_1_50' title="bbox 2192 2018 3770 2090; baseline 0.006 -20"><span class='ocrx_word' id='word_1_396' title='bbox 2192 2018 2312 2072; x_wconf 90' lang='lat' dir='ltr'><strong>Ioco</strong></span> <span class='ocrx_word' id='word_1_397' title='bbox 2338 2030 2443 2085; x_wconf 90' lang='lat' dir='ltr'><strong>est,</strong></span> <span class='ocrx_word' id='word_1_398' title='bbox 2493 2021 2822 2075; x_wconf 74' lang='lat' dir='ltr'><strong>confirmare</strong></span> <span class='ocrx_word' id='word_1_399' title='bbox 2859 2036 2916 2075; x_wconf 89' lang='lat' dir='ltr'><strong>se</strong></span> <span class='ocrx_word' id='word_1_400' title='bbox 2951 2039 3058 2076; x_wconf 92' lang='lat' dir='ltr'><strong>non</strong></span> <span class='ocrx_word' id='word_1_401' title='bbox 3109 2037 3267 2090; x_wconf 83' lang='lat' dir='ltr'><strong>posse</strong></span> <span class='ocrx_word' id='word_1_402' title='bbox 3318 2024 3770 2079; x_wconf 84' lang='lat' dir='ltr'><strong>anitnadvertent.</strong></span> 
     </span>
    </p>
   </div>
   <div class='ocr_carea' id='block_1_51' title="bbox 2193 2108 3770 2184">
    <p class='ocr_par' dir='ltr' id='par_1_51' title="bbox 2193 2108 3770 2184">
     <span class='ocr_line' id='line_1_51' title="bbox 2193 2108 3770 2184; baseline 0.004 -21"><span class='ocrx_word' id='word_1_403' title='bbox 2193 2108 2297 2163; x_wconf 86' lang='lat' dir='ltr'><strong>Sed</strong></span> <span class='ocrx_word' id='word_1_404' title='bbox 2323 2125 2554 2178; x_wconf 90' lang='lat' dir='ltr'><strong>quanam</strong></span> <span class='ocrx_word' id='word_1_405' title='bbox 2585 2114 2795 2166; x_wconf 87' lang='lat' dir='ltr'><strong>ratione</strong></span> <span class='ocrx_word' id='word_1_406' title='bbox 2825 2127 3043 2169; x_wconf 86' lang='lat' dir='ltr'><strong>sanctus</strong></span> <span class='ocrx_word' id='word_1_407' title='bbox 3081 2129 3180 2184; x_wconf 87' lang='lat' dir='ltr'><strong>pro</strong></span> <span class='ocrx_word' id='word_1_408' title='bbox 3217 2114 3392 2167; x_wconf 89' lang='lat' dir='ltr'><strong>salute</strong></span> <span class='ocrx_word' id='word_1_409' title='bbox 3424 2114 3564 2168; x_wconf 85' lang='lat' dir='ltr'><strong>male</strong></span> <span class='ocrx_word' id='word_1_410' title='bbox 3585 2130 3642 2168; x_wconf 90' lang='lat' dir='ltr'><strong>se</strong></span> <span class='ocrx_word' id='word_1_411' title='bbox 3670 2115 3770 2168; x_wconf 87' lang='lat' dir='ltr'><strong>Ita-</strong></span> 
     </span>
    </p>
   </div>
   <div class='ocr_carea' id='block_1_52' title="bbox 2193 2199 3768 2272">
    <p class='ocr_par' dir='ltr' id='par_1_52' title="bbox 2193 2199 3768 2272">
     <span class='ocr_line' id='line_1_52' title="bbox 2193 2199 3768 2272; baseline 0.006 -21"><span class='ocrx_word' id='word_1_412' title='bbox 2193 2199 2452 2263; x_wconf 83' lang='lat' dir='ltr'><strong>bentium,</strong></span> <span class='ocrx_word' id='word_1_413' title='bbox 2508 2201 2559 2254; x_wconf 93' lang='lat' dir='ltr'><strong>in</strong></span> <span class='ocrx_word' id='word_1_414' title='bbox 2607 2201 2782 2254; x_wconf 85' lang='lat' dir='ltr'><strong>locum</strong></span> <span class='ocrx_word' id='word_1_415' title='bbox 2841 2203 2930 2256; x_wconf 88' lang='lat' dir='ltr'><strong>ubi</strong></span> <span class='ocrx_word' id='word_1_416' title='bbox 2995 2215 3309 2272; x_wconf 86' lang='lat' dir='ltr'><strong>permanent</strong></span> <span class='ocrx_word' id='word_1_417' title='bbox 3376 2204 3675 2260; x_wconf 78' lang='lat' dir='ltr'><strong>deveniet?</strong></span> <span class='ocrx_word' id='word_1_418' title='bbox 3713 2206 3768 2260; x_wconf 88' lang='lat' dir='ltr'><strong>lu</strong></span> 
     </span>
    </p>
   </div>
   <div class='ocr_carea' id='block_1_53' title="bbox 2189 2289 3772 2366">
    <p class='ocr_par' dir='ltr' id='par_1_53' title="bbox 2189 2289 3772 2366">
     <span class='ocr_line' id='line_1_53' title="bbox 2189 2289 3772 2366; baseline 0.006 -23"><span class='ocrx_word' id='word_1_419' title='bbox 2189 2289 2352 2361; x_wconf 68' lang='grc'>497</span> <span class='ocrx_word' id='word_1_420' title='bbox 2379 2292 2490 2345; x_wconf 89' lang='lat' dir='ltr'><strong>loca</strong></span> <span class='ocrx_word' id='word_1_421' title='bbox 2517 2294 2748 2348; x_wconf 90' lang='lat' dir='ltr'><strong>militum</strong></span> <span class='ocrx_word' id='word_1_422' title='bbox 2777 2297 3153 2365; x_wconf 75' lang='lat' dir='ltr'><strong>aegrotandum</strong></span> <span class='ocrx_word' id='word_1_423' title='bbox 3186 2297 3380 2352; x_wconf 90' lang='lat' dir='ltr'><strong>medici</strong></span> <span class='ocrx_word' id='word_1_424' title='bbox 3418 2314 3662 2366; x_wconf 85' lang='lat' dir='ltr'><strong>gressum</strong></span> <span class='ocrx_word' id='word_1_425' title='bbox 3689 2300 3772 2355; x_wconf 83' lang='lat' dir='ltr'><strong>di-</strong></span> 
     </span>
    </p>
   </div>
   <div class='ocr_carea' id='block_1_54' title="bbox 2193 2383 3773 2450">
    <p class='ocr_par' dir='ltr' id='par_1_54' title="bbox 2193 2383 3773 2450">
     <span class='ocr_line' id='line_1_54' title="bbox 2193 2383 3773 2450; baseline 0.009 -16"><span class='ocrx_word' id='word_1_426' title='bbox 2193 2383 2374 2450; x_wconf 91' lang='lat' dir='ltr'><strong>rigant</strong></span> <span class='ocrx_word' id='word_1_427' title='bbox 2410 2400 2425 2437; x_wconf 88' lang='lat'><strong>:</strong></span> <span class='ocrx_word' id='word_1_428' title='bbox 2463 2383 2737 2439; x_wconf 89' lang='lat' dir='ltr'><strong>introeant</strong></span> <span class='ocrx_word' id='word_1_429' title='bbox 2773 2389 2858 2440; x_wconf 88' lang='lat' dir='ltr'><strong>ubi</strong></span> <span class='ocrx_word' id='word_1_430' title='bbox 2913 2387 3076 2441; x_wconf 71' lang='lat' dir='ltr'><strong>fcetor</strong></span> <span class='ocrx_word' id='word_1_431' title='bbox 3124 2389 3364 2444; x_wconf 89' lang='lat' dir='ltr'><strong>ulcerum</strong></span> <span class='ocrx_word' id='word_1_432' title='bbox 3399 2407 3588 2446; x_wconf 84' lang='lat' dir='ltr'><strong>eorum</strong></span> <span class='ocrx_word' id='word_1_433' title='bbox 3633 2393 3773 2448; x_wconf 83' lang='lat' dir='ltr'><strong>male</strong></span> 
     </span>
    </p>
   </div>
   <div class='ocr_carea' id='block_1_55' title="bbox 2191 2472 3772 2544">
    <p class='ocr_par' dir='ltr' id='par_1_55' title="bbox 2191 2472 3772 2544">
     <span class='ocr_line' id='line_1_55' title="bbox 2191 2472 3772 2544; baseline 0.01 -19"><span class='ocrx_word' id='word_1_434' title='bbox 2191 2472 2319 2528; x_wconf 90' lang='lat' dir='ltr'><strong>olet.</strong></span> <span class='ocrx_word' id='word_1_435' title='bbox 2346 2472 2456 2527; x_wconf 88' lang='lat' dir='ltr'><strong>lloc</strong></span> <span class='ocrx_word' id='word_1_436' title='bbox 2485 2476 2726 2544; x_wconf 79' lang='lat' dir='ltr'><strong>suggerit</strong></span> <span class='ocrx_word' id='word_1_437' title='bbox 2757 2477 3090 2531; x_wconf 87' lang='lat' dir='ltr'><strong>medicorum</strong></span> <span class='ocrx_word' id='word_1_438' title='bbox 3123 2479 3173 2532; x_wconf 92' lang='lat' dir='ltr'><strong>in</strong></span> <span class='ocrx_word' id='word_1_439' title='bbox 3207 2481 3454 2536; x_wconf 86' lang='lat' dir='ltr'><strong>homines</strong></span> <span class='ocrx_word' id='word_1_440' title='bbox 3479 2498 3651 2538; x_wconf 87' lang='lat' dir='ltr'><strong>amor.</strong></span> <span class='ocrx_word' id='word_1_441' title='bbox 3679 2487 3772 2542; x_wconf 91' lang='lat' dir='ltr'><strong>Sic</strong></span> 
     </span>
    </p>
   </div>
   <div class='ocr_carea' id='block_1_56' title="bbox 2192 2565 3769 2643">
    <p class='ocr_par' dir='ltr' id='par_1_56' title="bbox 2192 2565 3769 2643">
     <span class='ocr_line' id='line_1_56' title="bbox 2192 2565 3769 2643; baseline 0.011 -28"><span class='ocrx_word' id='word_1_442' title='bbox 2192 2572 2245 2616; x_wconf 90' lang='lat' dir='ltr'><strong>et</strong></span> <span class='ocrx_word' id='word_1_443' title='bbox 2276 2565 2628 2631; x_wconf 84' lang='lat' dir='ltr'><strong>propheticus</strong></span> <span class='ocrx_word' id='word_1_444' title='bbox 2650 2581 2828 2620; x_wconf 90' lang='lat' dir='ltr'><strong>sermo</strong></span> <span class='ocrx_word' id='word_1_445' title='bbox 2852 2566 3124 2623; x_wconf 85' lang='lat' dir='ltr'><strong>Salvatori</strong></span> <span class='ocrx_word' id='word_1_446' title='bbox 3154 2574 3348 2634; x_wconf 87' lang='lat' dir='ltr'><strong>suasit,</strong></span> <span class='ocrx_word' id='word_1_447' title='bbox 3372 2584 3426 2626; x_wconf 92' lang='lat' dir='ltr'><strong>ut</strong></span> <span class='ocrx_word' id='word_1_448' title='bbox 3455 2588 3520 2628; x_wconf 91' lang='lat' dir='ltr'><strong>eo</strong></span> <span class='ocrx_word' id='word_1_449' title='bbox 3538 2578 3769 2643; x_wconf 84' lang='lat' dir='ltr'><strong>veniret,</strong></span> 
     </span>
    </p>
   </div>
   <div class='ocr_carea' id='block_1_57' title="bbox 2191 2653 3770 2727">
    <p class='ocr_par' dir='ltr' id='par_1_57' title="bbox 2191 2653 3770 2727">
     <span class='ocr_line' id='line_1_57' title="bbox 2191 2653 3770 2727; baseline 0.01 -21"><span class='ocrx_word' id='word_1_450' title='bbox 2191 2653 2651 2727; x_wconf 77' lang='lat' dir='ltr'><strong>descenderetque</strong></span> <span class='ocrx_word' id='word_1_451' title='bbox 2681 2659 2732 2711; x_wconf 92' lang='lat' dir='ltr'><strong>in</strong></span> <span class='ocrx_word' id='word_1_452' title='bbox 2767 2660 3057 2713; x_wconf 88' lang='lat' dir='ltr'><strong>infernum.</strong></span> <span class='ocrx_word' id='word_1_453' title='bbox 3093 2661 3223 2716; x_wconf 89' lang='lat' dir='ltr'><strong>Illud</strong></span> <span class='ocrx_word' id='word_1_454' title='bbox 3254 2665 3380 2717; x_wconf 85' lang='lat' dir='ltr'><strong>item</strong></span> <span class='ocrx_word' id='word_1_455' title='bbox 3412 2667 3643 2720; x_wconf 87' lang='lat' dir='ltr'><strong>orationi</strong></span> <span class='ocrx_word' id='word_1_456' title='bbox 3672 2671 3770 2722; x_wconf 91' lang='lat' dir='ltr'><strong>ad-</strong></span> 
     </span>
    </p>
   </div>
   <div class='ocr_carea' id='block_1_58' title="bbox 2191 2745 3776 2828">
    <p class='ocr_par' dir='ltr' id='par_1_58' title="bbox 2191 2745 3776 2828">
     <span class='ocr_line' id='line_1_58' title="bbox 2191 2745 3776 2828; baseline 0.01 -31"><span class='ocrx_word' id='word_1_457' title='bbox 2191 2745 2422 2800; x_wconf 87' lang='lat' dir='ltr'><strong>dendum</strong></span> <span class='ocrx_word' id='word_1_458' title='bbox 2457 2764 2470 2799; x_wconf 90' lang='lat'><strong>:</strong></span> <span class='ocrx_word' id='word_1_459' title='bbox 2504 2747 2720 2803; x_wconf 86' lang='lat' dir='ltr'><strong>Samuel</strong></span> <span class='ocrx_word' id='word_1_460' title='bbox 2751 2752 3006 2822; x_wconf 86' lang='lat' dir='ltr'><strong>propheta</strong></span> <span class='ocrx_word' id='word_1_461' title='bbox 3040 2753 3162 2817; x_wconf 84' lang='lat' dir='ltr'><strong>fuit,</strong></span> <span class='ocrx_word' id='word_1_462' title='bbox 3198 2769 3371 2824; x_wconf 84' lang='lat' dir='ltr'><strong>eoque</strong></span> <span class='ocrx_word' id='word_1_463' title='bbox 3397 2767 3608 2811; x_wconf 89' lang='lat' dir='ltr'><strong>mortuo</strong></span> <span class='ocrx_word' id='word_1_464' title='bbox 3640 2773 3776 2828; x_wconf 89' lang='lat' dir='ltr'><strong>pro-</strong></span> 
     </span>
    </p>
   </div>
   <div class='ocr_carea' id='block_1_59' title="bbox 2192 2837 3774 2918">
    <p class='ocr_par' dir='ltr' id='par_1_59' title="bbox 2192 2837 3774 2918">
     <span class='ocr_line' id='line_1_59' title="bbox 2192 2837 3774 2918; baseline 0.01 -30"><span class='ocrx_word' id='word_1_465' title='bbox 2192 2837 2373 2904; x_wconf 88' lang='lat' dir='ltr'><strong>phetia</strong></span> <span class='ocrx_word' id='word_1_466' title='bbox 2403 2840 2470 2893; x_wconf 88' lang='lat' dir='ltr'><strong>ab</strong></span> <span class='ocrx_word' id='word_1_467' title='bbox 2499 2841 2590 2894; x_wconf 90' lang='lat' dir='ltr'><strong>illo</strong></span> <span class='ocrx_word' id='word_1_468' title='bbox 2647 2844 2922 2900; x_wconf 89' lang='lat' dir='ltr'><strong>discessit.</strong></span> <span class='ocrx_word' id='word_1_469' title='bbox 2953 2847 3145 2900; x_wconf 87' lang='lat' dir='ltr'><strong>Annon</strong></span> <span class='ocrx_word' id='word_1_470' title='bbox 3197 2863 3323 2900; x_wconf 86' lang='lat' dir='ltr'><strong>vera</strong></span> <span class='ocrx_word' id='word_1_471' title='bbox 3367 2849 3499 2902; x_wconf 90' lang='lat' dir='ltr'><strong>dicit</strong></span> <span class='ocrx_word' id='word_1_472' title='bbox 3539 2850 3774 2918; x_wconf 84' lang='lat' dir='ltr'><strong>Aposto-</strong></span> 
     </span>
    </p>
   </div>
   <div class='ocr_carea' id='block_1_60' title="bbox 2191 2928 3774 3009">
    <p class='ocr_par' dir='ltr' id='par_1_60' title="bbox 2191 2928 3774 3009">
     <span class='ocr_line' id='line_1_60' title="bbox 2191 2928 3774 3009; baseline 0.009 -28"><span class='ocrx_word' id='word_1_473' title='bbox 2191 2928 2275 2983; x_wconf 89' lang='lat' dir='ltr'><strong>Itts</strong></span> <span class='ocrx_word' id='word_1_474' title='bbox 2301 2930 2346 2961; x_wconf 82' lang='grc'><strong>⁹¹</strong></span> <span class='ocrx_word' id='word_1_475' title='bbox 2376 2948 2390 2982; x_wconf 91' lang='lat'><strong>:</strong></span> <span class='ocrx_word' id='word_1_476' title='bbox 2423 2950 2441 2982; x_wconf 84' lang='grc' dir='ltr'>ι</span> <span class='ocrx_word' id='word_1_477' title='bbox 2487 2929 2605 2986; x_wconf 82' lang='lat' dir='ltr'><strong>Jam</strong></span> <span class='ocrx_word' id='word_1_478' title='bbox 2653 2937 2916 3004; x_wconf 87' lang='lat' dir='ltr'><strong>propheto</strong></span> <span class='ocrx_word' id='word_1_479' title='bbox 2948 2953 3014 2990; x_wconf 84' lang='lat' dir='ltr'><strong>ex</strong></span> <span class='ocrx_word' id='word_1_480' title='bbox 3056 2947 3228 3006; x_wconf 89' lang='lat' dir='ltr'><strong>parte,</strong></span> <span class='ocrx_word' id='word_1_481' title='bbox 3276 2949 3332 2992; x_wconf 89' lang='lat' dir='ltr'><strong>et</strong></span> <span class='ocrx_word' id='word_1_482' title='bbox 3373 2955 3436 2994; x_wconf 75' lang='lat' dir='ltr'><strong>ex</strong></span> <span class='ocrx_word' id='word_1_483' title='bbox 3493 2951 3643 3009; x_wconf 88' lang='lat' dir='ltr'><strong>parte</strong></span> <span class='ocrx_word' id='word_1_484' title='bbox 3688 2956 3774 2995; x_wconf 84' lang='lat' dir='ltr'><strong>co-</strong></span> 
     </span>
    </p>
   </div>
   <div class='ocr_carea' id='block_1_61' title="bbox 2189 3028 3769 3101">
    <p class='ocr_par' dir='ltr' id='par_1_61' title="bbox 2189 3028 3769 3101">
     <span class='ocr_line' id='line_1_61' title="bbox 2189 3028 3769 3101; baseline 0.009 -30"><span class='ocrx_word' id='word_1_485' title='bbox 2189 3035 2392 3089; x_wconf 86' lang='lat' dir='ltr'><strong>gnosco</strong></span> <span class='ocrx_word' id='word_1_486' title='bbox 2421 3041 2434 3076; x_wconf 94' lang='lat'><strong>:</strong></span> <span class='ocrx_word' id='word_1_487' title='bbox 2467 3039 2588 3076; x_wconf 91' lang='lat' dir='ltr'><strong>cum</strong></span> <span class='ocrx_word' id='word_1_488' title='bbox 2626 3041 2754 3080; x_wconf 90' lang='lat' dir='ltr'><strong>vero</strong></span> <span class='ocrx_word' id='word_1_489' title='bbox 2788 3028 3189 3083; x_wconf 88' lang='lat' dir='ltr'><strong>consummatio</strong></span> <span class='ocrx_word' id='word_1_490' title='bbox 3214 3032 3440 3095; x_wconf 88' lang='lat' dir='ltr'><strong>venerit,</strong></span> <span class='ocrx_word' id='word_1_491' title='bbox 3474 3042 3600 3085; x_wconf 90' lang='lat' dir='ltr'><strong>tunc</strong></span> <span class='ocrx_word' id='word_1_492' title='bbox 3627 3034 3769 3101; x_wconf 85' lang='lat' dir='ltr'><strong>quod</strong></span> 
     </span>
    </p>
   </div>
   <div class='ocr_carea' id='block_1_62' title="bbox 2189 3119 3771 3182">
    <p class='ocr_par' dir='ltr' id='par_1_62' title="bbox 2189 3119 3771 3182">
     <span class='ocr_line' id='line_1_62' title="bbox 2189 3119 3771 3182; baseline 0.01 -18"><span class='ocrx_word' id='word_1_493' title='bbox 2189 3126 2253 3166; x_wconf 83' lang='lat' dir='ltr'><strong>ex</strong></span> <span class='ocrx_word' id='word_1_494' title='bbox 2282 3125 2435 3182; x_wconf 88' lang='lat' dir='ltr'><strong>parte</strong></span> <span class='ocrx_word' id='word_1_495' title='bbox 2465 3125 2566 3180; x_wconf 89' lang='lat' dir='ltr'><strong>est,</strong></span> <span class='ocrx_word' id='word_1_496' title='bbox 2589 3119 2753 3172; x_wconf 88' lang='lat' dir='ltr'><strong>etiam</strong></span> <span class='ocrx_word' id='word_1_497' title='bbox 2785 3122 3214 3176; x_wconf 65' lang='lat' dir='ltr'><strong>evacuabitur?»</strong></span> <span class='ocrx_word' id='word_1_498' title='bbox 3244 3122 3649 3178; x_wconf 87' lang='lat' dir='ltr'><strong>Consummalio</strong></span> <span class='ocrx_word' id='word_1_499' title='bbox 3671 3125 3771 3180; x_wconf 78' lang='lat' dir='ltr'><strong>ita-</strong></span> 
     </span>
    </p>
   </div>
   <div class='ocr_carea' id='block_1_63' title="bbox 2188 3208 3768 3284">
    <p class='ocr_par' dir='ltr' id='par_1_63' title="bbox 2188 3208 3768 3284">
     <span class='ocr_line' id='line_1_63' title="bbox 2188 3208 3768 3284; baseline 0.01 -27"><span class='ocrx_word' id='word_1_500' title='bbox 2188 3221 2294 3274; x_wconf 90' lang='lat' dir='ltr'><strong>que</strong></span> <span class='ocrx_word' id='word_1_501' title='bbox 2328 3215 2448 3274; x_wconf 85' lang='lat' dir='ltr'><strong>post</strong></span> <span class='ocrx_word' id='word_1_502' title='bbox 2494 3208 2656 3278; x_wconf 87' lang='lat' dir='ltr'><strong>hujus</strong></span> <span class='ocrx_word' id='word_1_503' title='bbox 2687 3214 2811 3263; x_wconf 62' lang='lat' dir='ltr'><strong>vitae</strong></span> <span class='ocrx_word' id='word_1_504' title='bbox 2855 3212 3012 3265; x_wconf 83' lang='lat' dir='ltr'><strong>finem</strong></span> <span class='ocrx_word' id='word_1_505' title='bbox 3060 3223 3162 3267; x_wconf 86' lang='lat' dir='ltr'><strong>est.</strong></span> <span class='ocrx_word' id='word_1_506' title='bbox 3204 3213 3270 3267; x_wconf 82' lang='lat' dir='ltr'><strong>Et</strong></span> <span class='ocrx_word' id='word_1_507' title='bbox 3304 3216 3565 3284; x_wconf 88' lang='lat' dir='ltr'><strong>quidquid</strong></span> <span class='ocrx_word' id='word_1_508' title='bbox 3601 3217 3768 3273; x_wconf 87' lang='lat' dir='ltr'><strong>Isaias</strong></span> 
     </span>
    </p>
   </div>
   <div class='ocr_carea' id='block_1_64' title="bbox 499 3289 2082 3372">
    <p class='ocr_par' dir='ltr' id='par_1_64' title="bbox 499 3301 2080 3372">
     <span class='ocr_line' id='line_1_64' title="bbox 499 3301 2080 3372; baseline -0.003 -14"><span class='ocrx_word' id='word_1_509' title='bbox 499 3319 618 3369; x_wconf 58' lang='lat' dir='ltr'><strong>rat;</strong></span> <span class='ocrx_word' id='word_1_510' title='bbox 652 3323 669 3354; x_wconf 79' lang='grc' dir='ltr'>ι</span> <span class='ocrx_word' id='word_1_511' title='bbox 723 3302 930 3356; x_wconf 83' lang='grc' dir='ltr'>υύκοῦν</span> <span class='ocrx_word' id='word_1_512' title='bbox 963 3302 1023 3354; x_wconf 86' lang='grc' dir='ltr'><strong>τὸ</strong></span> <span class='ocrx_word' id='word_1_513' title='bbox 1055 3302 1257 3355; x_wconf 84' lang='grc' dir='ltr'>τέλειον</span> <span class='ocrx_word' id='word_1_514' title='bbox 1284 3302 1420 3372; x_wconf 83' lang='grc' dir='ltr'><strong>μετά</strong></span> <span class='ocrx_word' id='word_1_515' title='bbox 1453 3302 1543 3353; x_wconf 80' lang='grc' dir='ltr'><strong>τὸν</strong></span> <span class='ocrx_word' id='word_1_516' title='bbox 1595 3301 1707 3370; x_wconf 88' lang='grc' dir='ltr'>βίον</span> <span class='ocrx_word' id='word_1_517' title='bbox 1750 3303 1916 3354; x_wconf 82' lang='grc' dir='ltr'>ἐστίν.</span> <span class='ocrx_word' id='word_1_518' title='bbox 1970 3302 2080 3355; x_wconf 74' lang='grc' dir='ltr'>Καὶ</span> 
     </span>
    </p>
   </div>
   <div class='ocr_carea' id='block_1_65' title="bbox 2185 3289 3768 3372">
    <p class='ocr_par' dir='ltr' id='par_1_65' title="bbox 2187 3299 3768 3368">
     <span class='ocr_line' id='line_1_65' title="bbox 2187 3299 3768 3368; baseline 0.009 -20"><span class='ocrx_word' id='word_1_519' title='bbox 2187 3299 2548 3366; x_wconf 85' lang='lat' dir='ltr'><strong>prophetavit,</strong></span> <span class='ocrx_word' id='word_1_520' title='bbox 2570 3314 2635 3353; x_wconf 81' lang='lat' dir='ltr'><strong>ex</strong></span> <span class='ocrx_word' id='word_1_521' title='bbox 2664 3310 2816 3368; x_wconf 88' lang='lat' dir='ltr'><strong>parte</strong></span> <span class='ocrx_word' id='word_1_522' title='bbox 2839 3318 2960 3355; x_wconf 94' lang='lat' dir='ltr'><strong>cum</strong></span> <span class='ocrx_word' id='word_1_523' title='bbox 2988 3304 3132 3356; x_wconf 91' lang='lat' dir='ltr'><strong>omni</strong></span> <span class='ocrx_word' id='word_1_524' title='bbox 3167 3304 3419 3359; x_wconf 86' lang='lat' dir='ltr'><strong>libertate</strong></span> <span class='ocrx_word' id='word_1_525' title='bbox 3443 3308 3768 3363; x_wconf 89' lang='lat' dir='ltr'><strong>vaticinatus</strong></span> 
     </span>
    </p>
   </div>
   <div class='ocr_carea' id='block_1_66' title="bbox 501 3393 2080 3466">
    <p class='ocr_par' dir='ltr' id='par_1_66' title="bbox 501 3393 2080 3466">
     <span class='ocr_line' id='line_1_66' title="bbox 501 3393 2080 3466; baseline -0.001 -19"><span class='ocrx_word' id='word_1_526' title='bbox 501 3397 555 3450; x_wconf 69' lang='grc' dir='ltr'>εἴ</span> <span class='ocrx_word' id='word_1_527' title='bbox 576 3413 627 3448; x_wconf 81' lang='grc' dir='ltr'><strong>τι</strong></span> <span class='ocrx_word' id='word_1_528' title='bbox 663 3396 1066 3466; x_wconf 89' lang='grc' dir='ltr'>προεφήτευσεν</span> <span class='ocrx_word' id='word_1_529' title='bbox 1100 3395 1347 3456; x_wconf 81' lang='grc' dir='ltr'>Ἡσαΐας,</span> <span class='ocrx_word' id='word_1_530' title='bbox 1374 3395 1437 3446; x_wconf 81' lang='grc' dir='ltr'><strong>ὲκ</strong></span> <span class='ocrx_word' id='word_1_531' title='bbox 1473 3393 1670 3464; x_wconf 82' lang='grc' dir='ltr'>μέρους</span> <span class='ocrx_word' id='word_1_532' title='bbox 1711 3395 2080 3464; x_wconf 83' lang='grc' dir='ltr'>προεφήτευσε</span> 
     </span>
    </p>
   </div>
   <div class='ocr_carea' id='block_1_67' title="bbox 502 3483 2081 3559">
    <p class='ocr_par' dir='ltr' id='par_1_67' title="bbox 502 3483 2081 3559">
     <span class='ocr_line' id='line_1_67' title="bbox 502 3483 2081 3559; baseline -0.003 -17"><span class='ocrx_word' id='word_1_533' title='bbox 502 3487 639 3559; x_wconf 83' lang='grc' dir='ltr'>μετὰ</span> <span class='ocrx_word' id='word_1_534' title='bbox 666 3487 846 3555; x_wconf 86' lang='grc' dir='ltr'>πάσης</span> <span class='ocrx_word' id='word_1_535' title='bbox 876 3485 1218 3556; x_wconf 79' lang='grc' dir='ltr'>παρρησίας·</span> <span class='ocrx_word' id='word_1_536' title='bbox 1253 3483 1671 3554; x_wconf 83' lang='grc' dir='ltr'>μεμαρτύρηται</span> <span class='ocrx_word' id='word_1_537' title='bbox 1695 3483 1760 3559; x_wconf 29' lang='grc' dir='ltr'><strong>’δὲ</strong></span> <span class='ocrx_word' id='word_1_538' title='bbox 1799 3483 1866 3536; x_wconf 84' lang='grc' dir='ltr'>τὰ</span> <span class='ocrx_word' id='word_1_539' title='bbox 1895 3483 2081 3537; x_wconf 81' lang='grc' dir='ltr'>ἐνθάδε</span> 
     </span>
    </p>
   </div>
   <div class='ocr_carea' id='block_1_68' title="bbox 498 3555 2083 3651">
    <p class='ocr_par' dir='ltr' id='par_1_68' title="bbox 498 3555 2083 3651">
     <span class='ocr_line' id='line_1_68' title="bbox 498 3555 2083 3651; baseline -0.003 -21"><span class='ocrx_word' id='word_1_540' title='bbox 498 3581 525 3630; x_wconf 85' lang='lat'><strong>6</strong></span> <span class='ocrx_word' id='word_1_541' title='bbox 553 3577 715 3631; x_wconf 83' lang='grc' dir='ltr'>Δαυῒδ</span> <span class='ocrx_word' id='word_1_542' title='bbox 750 3578 876 3647; x_wconf 72' lang='grc' dir='ltr'>περὶ</span> <span class='ocrx_word' id='word_1_543' title='bbox 900 3577 960 3628; x_wconf 83' lang='grc' dir='ltr'><strong>τὸ</strong></span> <span class='ocrx_word' id='word_1_544' title='bbox 986 3575 1191 3627; x_wconf 85' lang='grc' dir='ltr'>τέλειον</span> <span class='ocrx_word' id='word_1_545' title='bbox 1226 3573 1324 3644; x_wconf 80' lang='grc' dir='ltr'>τῆς</span> <span class='ocrx_word' id='word_1_546' title='bbox 1354 3555 1722 3651; x_wconf 66' lang='grc' dir='ltr'>προφητείαξ·</span> <span class='ocrx_word' id='word_1_547' title='bbox 1750 3573 1849 3626; x_wconf 80' lang='grc' dir='ltr'><strong>οὐκ</strong></span> <span class='ocrx_word' id='word_1_548' title='bbox 1878 3573 2083 3626; x_wconf 89' lang='grc' dir='ltr'>ἀπέλα-</span> 
     </span>
    </p>
   </div>
   <div class='ocr_carea' id='block_1_69' title="bbox 494 3660 2081 3734">
    <p class='ocr_par' dir='ltr' id='par_1_69' title="bbox 494 3660 2081 3734">
     <span class='ocr_line' id='line_1_69' title="bbox 494 3660 2081 3734; baseline 0 -18"><span class='ocrx_word' id='word_1_549' title='bbox 494 3660 704 3717; x_wconf 80' lang='grc' dir='ltr'>ϐενοῦν</span> <span class='ocrx_word' id='word_1_550' title='bbox 727 3663 823 3734; x_wconf 82' lang='grc' dir='ltr'><strong>τὴν</strong></span> <span class='ocrx_word' id='word_1_551' title='bbox 869 3665 1031 3733; x_wconf 85' lang='grc' dir='ltr'>χάριν</span> <span class='ocrx_word' id='word_1_552' title='bbox 1074 3661 1172 3733; x_wconf 84' lang='grc' dir='ltr'><strong>τὴν</strong></span> <span class='ocrx_word' id='word_1_553' title='bbox 1215 3663 1560 3732; x_wconf 71' lang='grc' dir='ltr'>προφητικὴν</span> <span class='ocrx_word' id='word_1_554' title='bbox 1610 3662 1883 3733; x_wconf 76' lang='grc' dir='ltr'>Σαμουὴλ.</span> <span class='ocrx_word' id='word_1_555' title='bbox 1921 3663 1977 3716; x_wconf 83' lang='grc' dir='ltr'><strong>Ὀ</strong></span> <span class='ocrx_word' id='word_1_556' title='bbox 2026 3663 2081 3716; x_wconf 78' lang='grc' dir='ltr'>δὲ</span> 
     </span>
    </p>
   </div>
   <div class='ocr_carea' id='block_1_70' title="bbox 499 3753 2082 3826">
    <p class='ocr_par' dir='ltr' id='par_1_70' title="bbox 499 3753 2082 3826">
     <span class='ocr_line' id='line_1_70' title="bbox 499 3753 2082 3826; baseline 0.001 -19"><span class='ocrx_word' id='word_1_557' title='bbox 499 3755 620 3818; x_wconf 81' lang='grc' dir='ltr'>νοῦς</span> <span class='ocrx_word' id='word_1_558' title='bbox 651 3772 750 3824; x_wconf 90' lang='grc' dir='ltr'><strong>μου</strong></span> <span class='ocrx_word' id='word_1_559' title='bbox 793 3753 1040 3826; x_wconf 81' lang='grc' dir='ltr'>ἄκαρπός</span> <span class='ocrx_word' id='word_1_560' title='bbox 1083 3758 1228 3807; x_wconf 68' lang='grc' dir='ltr'>ἐστι·</span> <span class='ocrx_word' id='word_1_561' title='bbox 1263 3754 1354 3806; x_wconf 77' lang='grc' dir='ltr'><strong>καὶ</strong></span> <span class='ocrx_word' id='word_1_562' title='bbox 1396 3755 1478 3806; x_wconf 82' lang='grc' dir='ltr'><strong>ὅτι</strong></span> <span class='ocrx_word' id='word_1_563' title='bbox 1528 3753 1850 3824; x_wconf 82' lang='grc' dir='ltr'>Ἐκκλησίαν</span> <span class='ocrx_word' id='word_1_564' title='bbox 1881 3755 2082 3808; x_wconf 77' lang='grc' dir='ltr'>οἰκοδο-</span> 
     </span>
    </p>
   </div>
   <div class='ocr_carea' id='block_1_71' title="bbox 503 3844 2080 3918">
    <p class='ocr_par' dir='ltr' id='par_1_71' title="bbox 503 3844 2080 3918">
     <span class='ocr_line' id='line_1_71' title="bbox 503 3844 2080 3918; baseline 0.002 -22"><span class='ocrx_word' id='word_1_565' title='bbox 503 3845 882 3918; x_wconf 81' lang='grc' dir='ltr'>μεῖὸγλώσσῃ</span> <span class='ocrx_word' id='word_1_566' title='bbox 916 3845 1110 3897; x_wconf 86' lang='grc' dir='ltr'>λαλῶν.</span> <span class='ocrx_word' id='word_1_567' title='bbox 1161 3847 1272 3898; x_wconf 77' lang='lat' dir='ltr'><strong>Kal.</strong></span> <span class='ocrx_word' id='word_1_568' title='bbox 1313 3844 1423 3915; x_wconf 87' lang='grc' dir='ltr'><strong>γάρ</strong></span> <span class='ocrx_word' id='word_1_569' title='bbox 1468 3844 1615 3912; x_wconf 88' lang='grc' dir='ltr'>λέγει</span> <span class='ocrx_word' id='word_1_570' title='bbox 1663 3847 1690 3896; x_wconf 89' lang='grc' dir='ltr'>ὁ</span> <span class='ocrx_word' id='word_1_571' title='bbox 1733 3845 1963 3908; x_wconf 88' lang='grc' dir='ltr'>Παῦλος,</span> <span class='ocrx_word' id='word_1_572' title='bbox 1998 3847 2080 3899; x_wconf 82' lang='grc' dir='ltr'><strong>ὅτι</strong></span> 
     </span>
    </p>
   </div>
   <div class='ocr_carea' id='block_1_72' title="bbox 511 3934 2078 4006">
    <p class='ocr_par' dir='ltr' id='par_1_72' title="bbox 511 3934 2078 4006">
     <span class='ocr_line' id='line_1_72' title="bbox 511 3934 2078 4006; baseline -0.001 -19"><span class='ocrx_word' id='word_1_573' title='bbox 511 3935 835 4006; x_wconf 84' lang='grc' dir='ltr'>Ἐκκλησίαν</span> <span class='ocrx_word' id='word_1_574' title='bbox 883 3935 1158 4006; x_wconf 76' lang='grc' dir='ltr'>οἰκοδομεῖ</span> <span class='ocrx_word' id='word_1_575' title='bbox 1199 3937 1228 3986; x_wconf 92' lang='lat'><strong>6</strong></span> <span class='ocrx_word' id='word_1_576' title='bbox 1273 3934 1648 4006; x_wconf 85' lang='grc' dir='ltr'>προφητεύων,</span> <span class='ocrx_word' id='word_1_577' title='bbox 1680 3935 1872 3998; x_wconf 83' lang='grc' dir='ltr'>αὑταῖς</span> <span class='ocrx_word' id='word_1_578' title='bbox 1903 3934 2078 4000; x_wconf 83' lang='grc' dir='ltr'>λέξεσι</span> 
     </span>
    </p>
   </div>
   <div class='ocr_carea' id='block_1_73' title="bbox 497 4020 2077 4098">
    <p class='ocr_par' dir='ltr' id='par_1_73' title="bbox 497 4020 2077 4098">
     <span class='ocr_line' id='line_1_73' title="bbox 497 4020 2077 4098; baseline -0.003 -18"><span class='ocrx_word' id='word_1_579' title='bbox 497 4028 686 4096; x_wconf 82' lang='grc' dir='ltr'>λέγων.</span> <span class='ocrx_word' id='word_1_580' title='bbox 725 4027 863 4080; x_wconf 81' lang='grc' dir='ltr'>Είδὲ</span> <span class='ocrx_word' id='word_1_581' title='bbox 884 4025 1238 4098; x_wconf 85' lang='grc' dir='ltr'>προφητεύων</span> <span class='ocrx_word' id='word_1_582' title='bbox 1281 4024 1606 4096; x_wconf 84' lang='grc' dir='ltr'>Ἐκκλησίαν</span> <span class='ocrx_word' id='word_1_583' title='bbox 1633 4025 1922 4094; x_wconf 82' lang='grc' dir='ltr'>οἰκοδομεῖ,</span> <span class='ocrx_word' id='word_1_584' title='bbox 1965 4020 2077 4094; x_wconf 85' lang='grc' dir='ltr'>εἷχε</span> 
     </span>
    </p>
   </div>
   <div class='ocr_carea' id='block_1_74' title="bbox 498 4117 2078 4191">
    <p class='ocr_par' dir='ltr' id='par_1_74' title="bbox 498 4117 2078 4191">
     <span class='ocr_line' id='line_1_74' title="bbox 498 4117 2078 4191; baseline -0.001 -18"><span class='ocrx_word' id='word_1_585' title='bbox 498 4121 657 4191; x_wconf 80' lang='grc' dir='ltr'>χάριν</span> <span class='ocrx_word' id='word_1_586' title='bbox 706 4122 1087 4191; x_wconf 74' lang='grc' dir='ltr'>προφητικήνο</span> <span class='ocrx_word' id='word_1_587' title='bbox 1143 4119 1204 4170; x_wconf 82' lang='grc' dir='ltr'><strong>οὐ</strong></span> <span class='ocrx_word' id='word_1_588' title='bbox 1253 4118 1363 4188; x_wconf 85' lang='grc' dir='ltr'>γὰρ</span> <span class='ocrx_word' id='word_1_589' title='bbox 1412 4117 1748 4171; x_wconf 85' lang='grc' dir='ltr'>ἀπολωλέκει</span> <span class='ocrx_word' id='word_1_590' title='bbox 1792 4117 1961 4188; x_wconf 79' lang='grc' dir='ltr'>αὐτὴν</span> <span class='ocrx_word' id='word_1_591' title='bbox 2004 4119 2078 4189; x_wconf 86' lang='grc' dir='ltr'>μὴ</span> 
     </span>
    </p>
   </div>
   <div class='ocr_carea' id='block_1_75' title="bbox 497 4208 2080 4282">
    <p class='ocr_par' dir='ltr' id='par_1_75' title="bbox 497 4208 2080 4282">
     <span class='ocr_line' id='line_1_75' title="bbox 497 4208 2080 4282; baseline -0.003 -18"><span class='ocrx_word' id='word_1_592' title='bbox 497 4211 852 4282; x_wconf 81' lang='grc' dir='ltr'>ἀφθαρτήσας</span> <span class='ocrx_word' id='word_1_593' title='bbox 877 4209 1006 4279; x_wconf 71' lang='grc'><strong>(12)·</strong></span> <span class='ocrx_word' id='word_1_594' title='bbox 1054 4209 1211 4279; x_wconf 78' lang='grc' dir='ltr'>μόνος</span> <span class='ocrx_word' id='word_1_595' title='bbox 1243 4209 1350 4278; x_wconf 85' lang='grc' dir='ltr'><strong>γὰρ</strong></span> <span class='ocrx_word' id='word_1_596' title='bbox 1390 4209 1650 4261; x_wconf 81' lang='grc' dir='ltr'>ἀπόλλυσι</span> <span class='ocrx_word' id='word_1_597' title='bbox 1681 4208 1840 4278; x_wconf 85' lang='grc' dir='ltr'>χάριν</span> <span class='ocrx_word' id='word_1_598' title='bbox 1872 4223 2080 4278; x_wconf 85' lang='grc' dir='ltr'>προφη-</span> 
     </span>
    </p>
   </div>
   <div class='ocr_carea' id='block_1_76' title="bbox 494 4294 2075 4371">
    <p class='ocr_par' dir='ltr' id='par_1_76' title="bbox 494 4294 2075 4371">
     <span class='ocr_line' id='line_1_76' title="bbox 494 4294 2075 4371; baseline -0.003 -19"><span class='ocrx_word' id='word_1_599' title='bbox 494 4302 670 4371; x_wconf 76' lang='grc' dir='ltr'>τικὴν,</span> <span class='ocrx_word' id='word_1_600' title='bbox 695 4301 752 4362; x_wconf 85' lang='grc' dir='ltr'>ὃς</span> <span class='ocrx_word' id='word_1_601' title='bbox 782 4298 919 4369; x_wconf 86' lang='grc' dir='ltr'><strong>μετά</strong></span> <span class='ocrx_word' id='word_1_602' title='bbox 945 4298 1005 4350; x_wconf 87' lang='grc' dir='ltr'><strong>τὸ</strong></span> <span class='ocrx_word' id='word_1_603' title='bbox 1029 4297 1403 4368; x_wconf 84' lang='grc' dir='ltr'>προφητεῦσαι</span> <span class='ocrx_word' id='word_1_604' title='bbox 1440 4297 1738 4367; x_wconf 90' lang='grc' dir='ltr'>πεποίηκεν</span> <span class='ocrx_word' id='word_1_605' title='bbox 1765 4295 1956 4361; x_wconf 82' lang='grc' dir='ltr'>ἀνάξια</span> <span class='ocrx_word' id='word_1_606' title='bbox 1983 4294 2075 4348; x_wconf 84' lang='grc' dir='ltr'><strong>τοῦ</strong></span> 
     </span>
    </p>
   </div>
   <div class='ocr_carea' id='block_1_77' title="bbox 497 4387 2078 4462">
    <p class='ocr_par' dir='ltr' id='par_1_77' title="bbox 497 4387 2078 4462">
     <span class='ocr_line' id='line_1_77' title="bbox 497 4387 2078 4462; baseline -0.004 -16"><span class='ocrx_word' id='word_1_607' title='bbox 497 4393 811 4462; x_wconf 90' lang='grc' dir='ltr'>Πνεύματος</span> <span class='ocrx_word' id='word_1_608' title='bbox 837 4391 930 4444; x_wconf 86' lang='grc' dir='ltr'><strong>τοῦ</strong></span> <span class='ocrx_word' id='word_1_609' title='bbox 959 4391 1138 4459; x_wconf 82' lang='grc' dir='ltr'>ἁγίου,</span> <span class='ocrx_word' id='word_1_610' title='bbox 1166 4389 1294 4442; x_wconf 83' lang='grc' dir='ltr'>ὥστ’</span> <span class='ocrx_word' id='word_1_611' title='bbox 1337 4387 1724 4457; x_wconf 77' lang='grc' dir='ltr'>ἐγκαταλιπεῖν</span> <span class='ocrx_word' id='word_1_612' title='bbox 1769 4387 1951 4451; x_wconf 80' lang='grc' dir='ltr'>αὑτὸν,</span> <span class='ocrx_word' id='word_1_613' title='bbox 1985 4388 2078 4440; x_wconf 76' lang='grc' dir='ltr'><strong>καὶ</strong></span> 
     </span>
    </p>
   </div>
   <div class='ocr_carea' id='block_1_78' title="bbox 496 4476 2077 4553">
    <p class='ocr_par' dir='ltr' id='par_1_78' title="bbox 496 4476 2077 4553">
     <span class='ocr_line' id='line_1_78' title="bbox 496 4476 2077 4553; baseline -0.006 -16"><span class='ocrx_word' id='word_1_614' title='bbox 496 4486 685 4553; x_wconf 79' lang='grc' dir='ltr'>φυγεῖν</span> <span class='ocrx_word' id='word_1_615' title='bbox 716 4483 825 4536; x_wconf 75' lang='grc' dir='ltr'>ἀπὸ</span> <span class='ocrx_word' id='word_1_616' title='bbox 878 4481 972 4535; x_wconf 88' lang='grc' dir='ltr'><strong>τοῦ</strong></span> <span class='ocrx_word' id='word_1_617' title='bbox 1017 4479 1346 4551; x_wconf 81' lang='grc' dir='ltr'>ἡγεμονικοῦ</span> <span class='ocrx_word' id='word_1_618' title='bbox 1391 4476 1587 4531; x_wconf 80' lang='grc' dir='ltr'>αὐτοῦ·</span> <span class='ocrx_word' id='word_1_619' title='bbox 1648 4478 1784 4548; x_wconf 83' lang='grc' dir='ltr'>ὅπερ</span> <span class='ocrx_word' id='word_1_620' title='bbox 1832 4476 2077 4546; x_wconf 78' lang='grc' dir='ltr'>ἐφοϐεῖτο</span> 
     </span>
    </p>
   </div>
   <div class='ocr_carea' id='block_1_79' title="bbox 494 4567 2071 4644">
    <p class='ocr_par' dir='ltr' id='par_1_79' title="bbox 494 4567 2071 4644">
     <span class='ocr_line' id='line_1_79' title="bbox 494 4567 2071 4644; baseline -0.005 -18"><span class='ocrx_word' id='word_1_621' title='bbox 494 4577 614 4628; x_wconf 76' lang='grc' dir='ltr'>τότε</span> <span class='ocrx_word' id='word_1_622' title='bbox 652 4575 744 4628; x_wconf 72' lang='grc' dir='ltr'><strong>καὶ</strong></span> <span class='ocrx_word' id='word_1_623' title='bbox 792 4574 928 4644; x_wconf 85' lang='grc' dir='ltr'><strong>μετά</strong></span> <span class='ocrx_word' id='word_1_624' title='bbox 982 4573 1080 4643; x_wconf 86' lang='grc' dir='ltr'><strong>τὴν</strong></span> <span class='ocrx_word' id='word_1_625' title='bbox 1116 4571 1387 4642; x_wconf 86' lang='grc' dir='ltr'>ἁμαρτίαν</span> <span class='ocrx_word' id='word_1_626' title='bbox 1433 4572 1461 4622; x_wconf 93' lang='lat'><strong>6</strong></span> <span class='ocrx_word' id='word_1_627' title='bbox 1508 4567 1689 4630; x_wconf 76' lang='grc' dir='ltr'>Δαυῒδ,</span> <span class='ocrx_word' id='word_1_628' title='bbox 1736 4567 1831 4620; x_wconf 76' lang='grc' dir='ltr'><strong>καὶ</strong></span> <span class='ocrx_word' id='word_1_629' title='bbox 1887 4567 2071 4635; x_wconf 76' lang='grc' dir='ltr'>ἔλεγε·</span> 
     </span>
    </p>
   </div>
   <div class='ocr_carea' id='block_1_80' title="bbox 502 4659 2072 4735">
    <p class='ocr_par' dir='ltr' id='par_1_80' title="bbox 502 4659 2072 4735">
     <span class='ocr_line' id='line_1_80' title="bbox 502 4659 2072 4735; baseline -0.004 -16"><span class='ocrx_word' id='word_1_630' title='bbox 502 4684 520 4718; x_wconf 81' lang='lat' dir='ltr'><strong>t</strong></span> <span class='ocrx_word' id='word_1_631' title='bbox 562 4668 671 4719; x_wconf 82' lang='grc' dir='ltr'><strong>Καὶ</strong></span> <span class='ocrx_word' id='word_1_632' title='bbox 720 4667 779 4718; x_wconf 84' lang='grc' dir='ltr'><strong>τὸ</strong></span> <span class='ocrx_word' id='word_1_633' title='bbox 827 4665 1050 4735; x_wconf 87' lang='grc' dir='ltr'>Πνεῦμα</span> <span class='ocrx_word' id='word_1_634' title='bbox 1074 4663 1135 4717; x_wconf 82' lang='grc' dir='ltr'><strong>τὸ</strong></span> <span class='ocrx_word' id='word_1_635' title='bbox 1174 4663 1326 4732; x_wconf 76' lang='grc' dir='ltr'>ἅγιόν</span> <span class='ocrx_word' id='word_1_636' title='bbox 1369 4679 1463 4714; x_wconf 88' lang='grc' dir='ltr'><strong>σου</strong></span> <span class='ocrx_word' id='word_1_637' title='bbox 1509 4662 1582 4732; x_wconf 84' lang='grc' dir='ltr'>μὴ</span> <span class='ocrx_word' id='word_1_638' title='bbox 1629 4659 1928 4731; x_wconf 81' lang='grc' dir='ltr'>ἀντανέλῃς</span> <span class='ocrx_word' id='word_1_639' title='bbox 1978 4662 2072 4713; x_wconf 82' lang='grc' dir='ltr'>ἀπ’</span> 
     </span>
    </p>
   </div>
   <div class='ocr_carea' id='block_1_81' title="bbox 496 4753 2072 4827">
    <p class='ocr_par' dir='ltr' id='par_1_81' title="bbox 496 4753 2072 4827">
     <span class='ocr_line' id='line_1_81' title="bbox 496 4753 2072 4827; baseline -0.003 -19"><span class='ocrx_word' id='word_1_640' title='bbox 496 4757 651 4827; x_wconf 75' lang='grc' dir='ltr'>ἐμοῦ.</span> <span class='ocrx_word' id='word_1_641' title='bbox 697 4777 714 4809; x_wconf 79' lang='grc' dir='ltr'>ι</span> <span class='ocrx_word' id='word_1_642' title='bbox 750 4759 812 4810; x_wconf 83' lang='lat' dir='ltr'><strong>Ei</strong></span> <span class='ocrx_word' id='word_1_643' title='bbox 833 4756 1010 4810; x_wconf 85' lang='grc' dir='ltr'>τοίνυν</span> <span class='ocrx_word' id='word_1_644' title='bbox 1041 4756 1101 4809; x_wconf 83' lang='grc' dir='ltr'>τὸ</span> <span class='ocrx_word' id='word_1_645' title='bbox 1142 4754 1364 4824; x_wconf 88' lang='grc' dir='ltr'>Πνεῦμα</span> <span class='ocrx_word' id='word_1_646' title='bbox 1397 4753 1456 4805; x_wconf 85' lang='grc' dir='ltr'><strong>τὸ</strong></span> <span class='ocrx_word' id='word_1_647' title='bbox 1509 4753 1662 4819; x_wconf 81' lang='grc' dir='ltr'>ἆγιον</span> <span class='ocrx_word' id='word_1_648' title='bbox 1711 4753 2072 4822; x_wconf 79' lang='grc' dir='ltr'>προφητεύει’</span> 
     </span>
    </p>
   </div>
   <div class='ocr_carea' id='block_1_82' title="bbox 493 4843 2073 4920">
    <p class='ocr_par' dir='ltr' id='par_1_82' title="bbox 493 4843 2073 4920">
     <span class='ocr_line' id='line_1_82' title="bbox 493 4843 2073 4920; baseline -0.003 -17"><span class='ocrx_word' id='word_1_649' title='bbox 493 4849 634 4916; x_wconf 88' lang='grc' dir='ltr'>τίνι;</span> <span class='ocrx_word' id='word_1_650' title='bbox 683 4851 988 4919; x_wconf 73' lang='grc' dir='ltr'>Ἀγγέλοιςο</span> <span class='ocrx_word' id='word_1_651' title='bbox 1047 4867 1066 4901; x_wconf 77' lang='grc' dir='ltr'><strong>ι</strong></span> <span class='ocrx_word' id='word_1_652' title='bbox 1125 4843 1204 4912; x_wconf 73' lang='grc' dir='ltr'>οἷς</span> <span class='ocrx_word' id='word_1_653' title='bbox 1249 4849 1322 4920; x_wconf 84' lang='grc' dir='ltr'>μὴ</span> <span class='ocrx_word' id='word_1_654' title='bbox 1373 4847 1562 4917; x_wconf 89' lang='grc' dir='ltr'>χρείαν</span> <span class='ocrx_word' id='word_1_655' title='bbox 1607 4845 1719 4916; x_wconf 81' lang='grc'><strong>(15)</strong></span> <span class='ocrx_word' id='word_1_656' title='bbox 1764 4845 1978 4915; x_wconf 76' lang='grc' dir='ltr'>ἔχουσιν</span> <span class='ocrx_word' id='word_1_657' title='bbox 2025 4848 2073 4898; x_wconf 84' lang='grc' dir='ltr'>οἱ</span> 
     </span>
    </p>
   </div>
   <div class='ocr_carea' id='block_1_83' title="bbox 497 4934 2072 5010">
    <p class='ocr_par' dir='ltr' id='par_1_83' title="bbox 497 4934 2072 5010">
     <span class='ocr_line' id='line_1_83' title="bbox 497 4934 2072 5010; baseline -0.003 -18"><span class='ocrx_word' id='word_1_658' title='bbox 497 4939 768 5009; x_wconf 68' lang='grc' dir='ltr'>ἰσχύοντες</span> <span class='ocrx_word' id='word_1_659' title='bbox 801 4938 1020 5010; x_wconf 75' lang='grc' dir='ltr'>ἰατρῶν,</span> <span class='ocrx_word' id='word_1_660' title='bbox 1055 4937 1168 4991; x_wconf 85' lang='grc' dir='ltr'>ἀλλ’</span> <span class='ocrx_word' id='word_1_661' title='bbox 1190 4937 1240 4990; x_wconf 79' lang='lat' dir='ltr'><strong>oi</strong></span> <span class='ocrx_word' id='word_1_662' title='bbox 1269 4936 1454 4999; x_wconf 81' lang='grc' dir='ltr'>κακῶς</span> <span class='ocrx_word' id='word_1_663' title='bbox 1483 4935 1717 5005; x_wconf 72' lang='grc' dir='ltr'>ἔχοντες.</span> <span class='ocrx_word' id='word_1_664' title='bbox 1764 4953 1782 4984; x_wconf 77' lang='grc' dir='ltr'>ι</span> <span class='ocrx_word' id='word_1_665' title='bbox 1819 4934 2072 5004; x_wconf 85' lang='grc' dir='ltr'>Δέχονται</span> 
     </span>
    </p>
   </div>
   <div class='ocr_carea' id='block_1_84' title="bbox 492 5025 2073 5101">
    <p class='ocr_par' dir='ltr' id='par_1_84' title="bbox 492 5025 2073 5101">
     <span class='ocr_line' id='line_1_84' title="bbox 492 5025 2073 5101; baseline -0.003 -17"><span class='ocrx_word' id='word_1_666' title='bbox 492 5031 636 5095; x_wconf 88' lang='grc' dir='ltr'>τίνες</span> <span class='ocrx_word' id='word_1_667' title='bbox 664 5031 761 5101; x_wconf 85' lang='grc' dir='ltr'>τῆς</span> <span class='ocrx_word' id='word_1_668' title='bbox 786 5028 1120 5100; x_wconf 82' lang='grc' dir='ltr'>προφητείας</span> <span class='ocrx_word' id='word_1_669' title='bbox 1152 5027 1262 5099; x_wconf 75' lang='grc'><strong>(14)</strong></span> <span class='ocrx_word' id='word_1_670' title='bbox 1292 5025 1456 5080; x_wconf 87' lang='grc' dir='ltr'>αὑτοῦ</span> <span class='ocrx_word' id='word_1_671' title='bbox 1483 5043 1497 5091; x_wconf 89' lang='grc'><strong>;</strong></span> <span class='ocrx_word' id='word_1_672' title='bbox 1541 5026 1614 5078; x_wconf 81' lang='grc' dir='ltr'><strong>οὐ</strong></span> <span class='ocrx_word' id='word_1_673' title='bbox 1649 5025 1759 5096; x_wconf 87' lang='grc' dir='ltr'>γὰρ</span> <span class='ocrx_word' id='word_1_674' title='bbox 1789 5027 1949 5095; x_wconf 88' lang='grc' dir='ltr'>ἀργεῖ</span> <span class='ocrx_word' id='word_1_675' title='bbox 1976 5027 2073 5096; x_wconf 89' lang='grc' dir='ltr'>χά-</span> 
     </span>
    </p>
   </div>
   <div class='ocr_carea' id='block_1_85' title="bbox 497 5115 2065 5193">
    <p class='ocr_par' dir='ltr' id='par_1_85' title="bbox 497 5115 2065 5193">
     <span class='ocr_line' id='line_1_85' title="bbox 497 5115 2065 5193; baseline -0.002 -19"><span class='ocrx_word' id='word_1_676' title='bbox 497 5138 580 5192; x_wconf 88' lang='grc' dir='ltr'><strong>ρις</strong></span> <span class='ocrx_word' id='word_1_677' title='bbox 601 5123 910 5193; x_wconf 81' lang='grc' dir='ltr'>προφητική</span> <span class='ocrx_word' id='word_1_678' title='bbox 931 5139 943 5151; x_wconf 93' lang='grc'><strong>·</strong></span> <span class='ocrx_word' id='word_1_679' title='bbox 965 5120 1117 5174; x_wconf 82' lang='grc' dir='ltr'>οὐδὲν</span> <span class='ocrx_word' id='word_1_680' title='bbox 1148 5118 1392 5190; x_wconf 85' lang='grc' dir='ltr'>χάρισμα</span> <span class='ocrx_word' id='word_1_681' title='bbox 1411 5119 1570 5189; x_wconf 86' lang='grc' dir='ltr'>ἀργεῖ</span> <span class='ocrx_word' id='word_1_682' title='bbox 1585 5117 1694 5170; x_wconf 82' lang='grc' dir='ltr'><strong>τῶν</strong></span> <span class='ocrx_word' id='word_1_683' title='bbox 1725 5119 1782 5170; x_wconf 81' lang='grc' dir='ltr'>ὲν</span> <span class='ocrx_word' id='word_1_684' title='bbox 1803 5115 1880 5187; x_wconf 81' lang='grc' dir='ltr'>τῷ</span> <span class='ocrx_word' id='word_1_685' title='bbox 1905 5117 2065 5187; x_wconf 82' lang='grc' dir='ltr'>ἁγίῳ.</span> 
     </span>
    </p>
   </div>
   <div class='ocr_carea' id='block_1_86' title="bbox 493 5209 2068 5285">
    <p class='ocr_par' dir='ltr' id='par_1_86' title="bbox 493 5209 2068 5285">
     <span class='ocr_line' id='line_1_86' title="bbox 493 5209 2068 5285; baseline -0.001 -19"><span class='ocrx_word' id='word_1_686' title='bbox 493 5212 606 5284; x_wconf 82' lang='grc' dir='ltr'><strong>Τῆς</strong></span> <span class='ocrx_word' id='word_1_687' title='bbox 636 5209 728 5267; x_wconf 83' lang='grc' dir='ltr'><strong>οὖν</strong></span> <span class='ocrx_word' id='word_1_688' title='bbox 763 5215 983 5285; x_wconf 90' lang='grc' dir='ltr'>χάριτος</span> <span class='ocrx_word' id='word_1_689' title='bbox 1014 5214 1112 5285; x_wconf 85' lang='grc' dir='ltr'>τῆς</span> <span class='ocrx_word' id='word_1_690' title='bbox 1139 5213 1478 5284; x_wconf 60' lang='grc' dir='ltr'>προφητικῆς</span> <span class='ocrx_word' id='word_1_691' title='bbox 1529 5213 1585 5265; x_wconf 82' lang='lat' dir='ltr'><strong>ai</strong></span> <span class='ocrx_word' id='word_1_692' title='bbox 1629 5212 1798 5282; x_wconf 73' lang='grc' dir='ltr'>ψυχαὶ</span> <span class='ocrx_word' id='word_1_693' title='bbox 1818 5211 1924 5265; x_wconf 83' lang='grc' dir='ltr'>τῶν</span> <span class='ocrx_word' id='word_1_694' title='bbox 1955 5228 2068 5265; x_wconf 85' lang='grc' dir='ltr'>κοι-</span> 
     </span>
    </p>
   </div>
   <div class='ocr_carea' id='block_1_87' title="bbox 497 5301 2066 5376">
    <p class='ocr_par' dir='ltr' id='par_1_87' title="bbox 497 5301 2066 5376">
     <span class='ocr_line' id='line_1_87' title="bbox 497 5301 2066 5376; baseline -0.003 -18"><span class='ocrx_word' id='word_1_695' title='bbox 497 5304 782 5376; x_wconf 84' lang='grc' dir='ltr'>μωμένων,</span> <span class='ocrx_word' id='word_1_696' title='bbox 811 5305 1066 5376; x_wconf 86' lang='grc' dir='ltr'>τολμήσω</span> <span class='ocrx_word' id='word_1_697' title='bbox 1095 5304 1186 5357; x_wconf 74' lang='grc' dir='ltr'><strong>καὶ</strong></span> <span class='ocrx_word' id='word_1_698' title='bbox 1230 5303 1389 5366; x_wconf 80' lang='grc' dir='ltr'>εἴπω,</span> <span class='ocrx_word' id='word_1_699' title='bbox 1422 5302 1651 5356; x_wconf 77' lang='grc' dir='ltr'>ἐδέοντο.</span> <span class='ocrx_word' id='word_1_700' title='bbox 1695 5302 1834 5355; x_wconf 83' lang='grc' dir='ltr'>Ἀλλ’</span> <span class='ocrx_word' id='word_1_701' title='bbox 1879 5301 2066 5356; x_wconf 79' lang='grc' dir='ltr'>ἐνθάδε</span> 
     </span>
    </p>
   </div>
   <div class='ocr_carea' id='block_1_88' title="bbox 495 5395 2066 5469">
    <p class='ocr_par' dir='ltr' id='par_1_88' title="bbox 495 5395 2066 5469">
     <span class='ocr_line' id='line_1_88' title="bbox 495 5395 2066 5469; baseline -0.003 -16"><span class='ocrx_word' id='word_1_702' title='bbox 495 5398 594 5468; x_wconf 80' lang='grc' dir='ltr'><strong>μὲν</strong></span> <span class='ocrx_word' id='word_1_703' title='bbox 613 5398 800 5469; x_wconf 86' lang='grc' dir='ltr'>χρείαν</span> <span class='ocrx_word' id='word_1_704' title='bbox 832 5396 1011 5469; x_wconf 71' lang='grc' dir='ltr'>ἔχεται</span> <span class='ocrx_word' id='word_1_705' title='bbox 1043 5396 1155 5468; x_wconf 81' lang='grc'><strong>(15)</strong></span> <span class='ocrx_word' id='word_1_706' title='bbox 1174 5395 1268 5448; x_wconf 91' lang='grc' dir='ltr'><strong>τοῦ</strong></span> <span class='ocrx_word' id='word_1_707' title='bbox 1301 5397 1582 5466; x_wconf 85' lang='grc' dir='ltr'>προφήτου</span> <span class='ocrx_word' id='word_1_708' title='bbox 1623 5395 1868 5468; x_wconf 80' lang='grc' dir='ltr'>Ἰσραήλ·</span> <span class='ocrx_word' id='word_1_709' title='bbox 1915 5397 2008 5450; x_wconf 83' lang='grc' dir='ltr'><strong>καὶ</strong></span> <span class='ocrx_word' id='word_1_710' title='bbox 2037 5398 2066 5449; x_wconf 94' lang='lat'><strong>6</strong></span> 
     </span>
    </p>
   </div>
   <div class='ocr_carea' id='block_1_89' title="bbox 561 5535 2202 5608">
    <p class='ocr_par' dir='ltr' id='par_1_89' title="bbox 561 5535 2202 5608">
     <span class='ocr_line' id='line_1_89' title="bbox 561 5535 2202 5608; baseline 0 -16"><span class='ocrx_word' id='word_1_711' title='bbox 561 5539 603 5572; x_wconf 84' lang='grc'><strong>⁹¹</strong></span> <span class='ocrx_word' id='word_1_712' title='bbox 635 5537 865 5608; x_wconf 63' lang='lat' dir='ltr'><strong>Philipp.</strong></span> <span class='ocrx_word' id='word_1_713' title='bbox 901 5552 960 5602; x_wconf 90' lang='grc' dir='ltr'>ιι,</span> <span class='ocrx_word' id='word_1_714' title='bbox 991 5537 1076 5590; x_wconf 87' lang='grc'><strong>10.</strong></span> <span class='ocrx_word' id='word_1_715' title='bbox 1151 5537 1197 5569; x_wconf 71' lang='grc' dir='ltr'>θ’</span> <span class='ocrx_word' id='word_1_716' title='bbox 1229 5535 1245 5589; x_wconf 96' lang='lat' dir='ltr'><strong>l</strong></span> <span class='ocrx_word' id='word_1_717' title='bbox 1276 5535 1398 5591; x_wconf 86' lang='lat' dir='ltr'><strong>Cor.</strong></span> <span class='ocrx_word' id='word_1_718' title='bbox 1428 5553 1545 5604; x_wconf 80' lang='grc' dir='ltr'>ιιιιι,</span> <span class='ocrx_word' id='word_1_719' title='bbox 1570 5537 1624 5592; x_wconf 88' lang='lat'><strong>9.</strong></span> <span class='ocrx_word' id='word_1_720' title='bbox 1699 5538 1744 5568; x_wconf 76' lang='grc'><strong>⁸³</strong></span> <span class='ocrx_word' id='word_1_721' title='bbox 1773 5537 1788 5590; x_wconf 97' lang='lat' dir='ltr'><strong>l</strong></span> <span class='ocrx_word' id='word_1_722' title='bbox 1813 5536 1942 5594; x_wconf 89' lang='lat' dir='ltr'><strong>Cor.</strong></span> <span class='ocrx_word' id='word_1_723' title='bbox 1975 5553 2084 5601; x_wconf 76' lang='lat' dir='ltr'><strong>xw,</strong></span> <span class='ocrx_word' id='word_1_724' title='bbox 2119 5538 2202 5592; x_wconf 72' lang='grc'><strong>14.</strong></span> 
     </span>
    </p>
   </div>
   <div class='ocr_carea' id='block_1_90' title="bbox 562 5673 1292 5747">
    <p class='ocr_par' dir='ltr' id='par_1_90' title="bbox 562 5673 1292 5747">
     <span class='ocr_line' id='line_1_90' title="bbox 562 5673 1292 5747; baseline -0.007 -14"><span class='ocrx_word' id='word_1_725' title='bbox 562 5677 670 5740; x_wconf 85' lang='grc'><strong>(11)</strong></span> <span class='ocrx_word' id='word_1_726' title='bbox 691 5674 870 5730; x_wconf 76' lang='grc' dir='ltr'>Κατὰ.</span> <span class='ocrx_word' id='word_1_727' title='bbox 908 5675 1090 5747; x_wconf 78' lang='lat' dir='ltr'><strong>Forte,</strong></span> <span class='ocrx_word' id='word_1_728' title='bbox 1122 5673 1292 5747; x_wconf 83' lang='grc' dir='ltr'>παρά.</span> 
     </span>
    </p>
   </div>
   <div class='ocr_carea' id='block_1_91' title="bbox 561 5745 2062 5869">
    <p class='ocr_par' dir='ltr' id='par_1_91' title="bbox 561 5745 2062 5869">
     <span class='ocr_line' id='line_1_91' title="bbox 561 5745 2062 5869; baseline -0.001 -67"><span class='ocrx_word' id='word_1_729' title='bbox 561 5747 672 5869; x_wconf 74' lang='grc'><strong>(12)</strong></span> <span class='ocrx_word' id='word_1_730' title='bbox 715 5745 1138 5831; x_wconf 69' lang='grc' dir='ltr'>Ἁφθαρτήᾳας.</span> <span class='ocrx_word' id='word_1_731' title='bbox 1167 5745 1405 5832; x_wconf 64' lang='lat' dir='ltr'><strong>~Quonim»</strong></span> <span class='ocrx_word' id='word_1_732' title='bbox 1445 5746 1729 5813; x_wconf 72' lang='lat' dir='ltr'><strong>legendum</strong></span> <span class='ocrx_word' id='word_1_733' title='bbox 1759 5747 2062 5834; x_wconf 53' lang='grc' dir='ltr'>τάμαρτή-</span> 
     </span>
     <span class='ocr_line' id='line_1_92' title="bbox 561 5816 2060 5869; baseline 0 0"><span class='ocrx_word' id='word_1_734' title='bbox 561 5837 607 5869; x_wconf 83' lang='lat' dir='ltr'><strong>c.</strong></span> <span class='ocrx_word' id='word_1_735' title='bbox 669 5816 784 5869; x_wconf 84' lang='lat' dir='ltr'><strong>nfra</strong></span> <span class='ocrx_word' id='word_1_736' title='bbox 818 5817 980 5869; x_wconf 77' lang='lat' dir='ltr'><strong>:61tso</strong></span> <span class='ocrx_word' id='word_1_737' title='bbox 1006 5817 1250 5869; x_wconf 76' lang='grc' dir='ltr'>εφοϐειτο</span> <span class='ocrx_word' id='word_1_738' title='bbox 1279 5817 1419 5869; x_wconf 81' lang='grc' dir='ltr'>τότε.</span> <span class='ocrx_word' id='word_1_739' title='bbox 1458 5816 1550 5869; x_wconf 72' lang='grc' dir='ltr'><strong>καὶ</strong></span> <span class='ocrx_word' id='word_1_740' title='bbox 1584 5817 1718 5869; x_wconf 78' lang='grc' dir='ltr'><strong>μετά</strong></span> <span class='ocrx_word' id='word_1_741' title='bbox 1751 5835 1845 5869; x_wconf 81' lang='grc' dir='ltr'><strong>την</strong></span> <span class='ocrx_word' id='word_1_742' title='bbox 1881 5821 2060 5869; x_wconf 71' lang='grc' dir='ltr'>ἀμαρ-</span> 
     </span>
    </p>
   </div>
   <div class='ocr_carea' id='block_1_92' title="bbox 487 5816 2060 5943">
    <p class='ocr_par' dir='ltr' id='par_1_92' title="bbox 487 5816 2060 5943">
     <span class='ocr_line' id='line_1_93' title="bbox 487 5816 2060 5890; baseline 0 -20"><span class='ocrx_word' id='word_1_743' title='bbox 487 5836 607 5882; x_wconf 70' lang='grc' dir='ltr'>σσις.</span> <span class='ocrx_word' id='word_1_744' title='bbox 645 5816 784 5870; x_wconf 84' lang='lat' dir='ltr'><strong>Infra</strong></span> <span class='ocrx_word' id='word_1_745' title='bbox 818 5817 980 5888; x_wconf 77' lang='lat' dir='ltr'><strong>:61tsp</strong></span> <span class='ocrx_word' id='word_1_746' title='bbox 1006 5817 1250 5886; x_wconf 70' lang='grc' dir='ltr'>ἐφοϐεῖτο</span> <span class='ocrx_word' id='word_1_747' title='bbox 1279 5817 1419 5884; x_wconf 80' lang='grc' dir='ltr'>τότε,</span> <span class='ocrx_word' id='word_1_748' title='bbox 1458 5816 1550 5869; x_wconf 72' lang='grc' dir='ltr'><strong>καὶ</strong></span> <span class='ocrx_word' id='word_1_749' title='bbox 1583 5817 1718 5886; x_wconf 85' lang='grc' dir='ltr'><strong>μετά</strong></span> <span class='ocrx_word' id='word_1_750' title='bbox 1751 5816 1859 5884; x_wconf 71' lang='grc' dir='ltr'><strong>τὴν</strong></span> <span class='ocrx_word' id='word_1_751' title='bbox 1881 5816 2060 5890; x_wconf 78' lang='grc' dir='ltr'>ἀμαρ-</span> 
     </span>
     <span class='ocr_line' id='line_1_94' title="bbox 487 5887 1925 5943; baseline 0.002 -3"><span class='ocrx_word' id='word_1_752' title='bbox 487 5889 606 5942; x_wconf 76' lang='grc' dir='ltr'>τίαν</span> <span class='ocrx_word' id='word_1_753' title='bbox 635 5888 662 5938; x_wconf 80' lang='lat'><strong>6</strong></span> <span class='ocrx_word' id='word_1_754' title='bbox 696 5887 875 5943; x_wconf 69' lang='grc' dir='ltr'>Δαυῖδ.</span> <span class='ocrx_word' id='word_1_755' title='bbox 1918 5905 1925 5913; x_wconf 62' lang='grc'><em>³</em></span> 
     </span>
    </p>
   </div>
   <div class='ocr_carea' id='block_1_93' title="bbox 2185 3393 3767 3464">
    <p class='ocr_par' dir='ltr' id='par_1_93' title="bbox 2185 3393 3767 3464">
     <span class='ocr_line' id='line_1_95' title="bbox 2185 3393 3767 3464; baseline 0.01 -26"><span class='ocrx_word' id='word_1_756' title='bbox 2185 3397 2288 3452; x_wconf 89' lang='lat' dir='ltr'><strong>est,</strong></span> <span class='ocrx_word' id='word_1_757' title='bbox 2323 3398 2655 3458; x_wconf 89' lang='lat' dir='ltr'><strong>testatusque</strong></span> <span class='ocrx_word' id='word_1_758' title='bbox 2695 3403 2777 3446; x_wconf 87' lang='lat' dir='ltr'><strong>est</strong></span> <span class='ocrx_word' id='word_1_759' title='bbox 2816 3393 2929 3447; x_wconf 66' lang='lat' dir='ltr'><strong>haec</strong></span> <span class='ocrx_word' id='word_1_760' title='bbox 2963 3396 3145 3448; x_wconf 88' lang='lat' dir='ltr'><strong>omnia</strong></span> <span class='ocrx_word' id='word_1_761' title='bbox 3177 3397 3243 3448; x_wconf 91' lang='lat' dir='ltr'><strong>de</strong></span> <span class='ocrx_word' id='word_1_762' title='bbox 3288 3398 3588 3464; x_wconf 63' lang='lat' dir='ltr'><strong>prophetiae</strong></span> <span class='ocrx_word' id='word_1_763' title='bbox 3635 3415 3767 3454; x_wconf 88' lang='lat' dir='ltr'><strong>con-</strong></span> 
     </span>
    </p>
   </div>
   <div class='ocr_carea' id='block_1_94' title="bbox 2185 3478 3766 3559">
    <p class='ocr_par' dir='ltr' id='par_1_94' title="bbox 2185 3478 3766 3559">
     <span class='ocr_line' id='line_1_96' title="bbox 2185 3478 3766 3559; baseline 0.011 -32"><span class='ocrx_word' id='word_1_764' title='bbox 2185 3478 2550 3530; x_wconf 88' lang='lat' dir='ltr'><strong>summatione</strong></span> <span class='ocrx_word' id='word_1_765' title='bbox 2579 3480 2743 3533; x_wconf 89' lang='lat' dir='ltr'><strong>David</strong></span> <span class='ocrx_word' id='word_1_766' title='bbox 2770 3499 2782 3531; x_wconf 89' lang='lat'><strong>:</strong></span> <span class='ocrx_word' id='word_1_767' title='bbox 2819 3498 2923 3535; x_wconf 93' lang='lat' dir='ltr'><strong>non</strong></span> <span class='ocrx_word' id='word_1_768' title='bbox 2962 3484 3163 3551; x_wconf 88' lang='lat' dir='ltr'><strong>recepit</strong></span> <span class='ocrx_word' id='word_1_769' title='bbox 3188 3484 3354 3552; x_wconf 86' lang='lat' dir='ltr'><strong>igitur</strong></span> <span class='ocrx_word' id='word_1_770' title='bbox 3386 3488 3614 3554; x_wconf 79' lang='lat' dir='ltr'><strong>gratiam</strong></span> <span class='ocrx_word' id='word_1_771' title='bbox 3637 3503 3766 3559; x_wconf 86' lang='lat' dir='ltr'><strong>pro-</strong></span> 
     </span>
    </p>
   </div>
   <div class='ocr_carea' id='block_1_95' title="bbox 2184 3567 3767 3636">
    <p class='ocr_par' dir='ltr' id='par_1_95' title="bbox 2184 3567 3767 3636">
     <span class='ocr_line' id='line_1_97' title="bbox 2184 3567 3767 3636; baseline 0.011 -18"><span class='ocrx_word' id='word_1_772' title='bbox 2184 3567 2459 3634; x_wconf 87' lang='lat' dir='ltr'><strong>pheticam</strong></span> <span class='ocrx_word' id='word_1_773' title='bbox 2500 3569 2738 3626; x_wconf 88' lang='lat' dir='ltr'><strong>Samuel.</strong></span> <span class='ocrx_word' id='word_1_774' title='bbox 2777 3572 2848 3626; x_wconf 87' lang='lat' dir='ltr'><strong>At</strong></span> <span class='ocrx_word' id='word_1_775' title='bbox 2898 3573 3208 3628; x_wconf 81' lang='lat' dir='ltr'><strong>intellectus</strong></span> <span class='ocrx_word' id='word_1_776' title='bbox 3251 3591 3401 3630; x_wconf 88' lang='lat' dir='ltr'><strong>meus</strong></span> <span class='ocrx_word' id='word_1_777' title='bbox 3428 3578 3547 3632; x_wconf 88' lang='lat' dir='ltr'><strong>sine</strong></span> <span class='ocrx_word' id='word_1_778' title='bbox 3590 3579 3767 3636; x_wconf 85' lang='lat' dir='ltr'><strong>fructu</strong></span> 
     </span>
    </p>
   </div>
   <div class='ocr_carea' id='block_1_96' title="bbox 2184 3657 3768 3738">
    <p class='ocr_par' dir='ltr' id='par_1_96' title="bbox 2184 3657 3768 3738">
     <span class='ocr_line' id='line_1_98' title="bbox 2184 3657 3768 3738; baseline 0.01 -31"><span class='ocrx_word' id='word_1_779' title='bbox 2184 3657 2358 3709; x_wconf 78' lang='lat' dir='ltr'><strong>est”:</strong></span> <span class='ocrx_word' id='word_1_780' title='bbox 2385 3668 2436 3712; x_wconf 90' lang='lat' dir='ltr'><strong>et</strong></span> <span class='ocrx_word' id='word_1_781' title='bbox 2467 3661 2610 3728; x_wconf 89' lang='lat' dir='ltr'><strong>quod</strong></span> <span class='ocrx_word' id='word_1_782' title='bbox 2643 3661 2941 3716; x_wconf 87' lang='lat' dir='ltr'><strong>Ecclesiam</strong></span> <span class='ocrx_word' id='word_1_783' title='bbox 2973 3663 3226 3730; x_wconf 66' lang='lat' dir='ltr'><strong>aedificat,</strong></span> <span class='ocrx_word' id='word_1_784' title='bbox 3252 3667 3340 3734; x_wconf 91' lang='lat' dir='ltr'><strong>qui</strong></span> <span class='ocrx_word' id='word_1_785' title='bbox 3373 3666 3553 3736; x_wconf 85' lang='lat' dir='ltr'><strong>lingua</strong></span> <span class='ocrx_word' id='word_1_786' title='bbox 3593 3669 3768 3738; x_wconf 90' lang='lat' dir='ltr'><strong>loqui-</strong></span> 
     </span>
    </p>
   </div>
   <div class='ocr_carea' id='block_1_97' title="bbox 2185 3744 3766 3824">
    <p class='ocr_par' dir='ltr' id='par_1_97' title="bbox 2185 3744 3766 3824">
     <span class='ocr_line' id='line_1_99' title="bbox 2185 3744 3766 3824; baseline 0.009 -26"><span class='ocrx_word' id='word_1_787' title='bbox 2185 3744 2350 3799; x_wconf 75' lang='lat' dir='ltr'><strong>tur&quot;.</strong></span> <span class='ocrx_word' id='word_1_788' title='bbox 2396 3746 2460 3800; x_wconf 81' lang='lat' dir='ltr'><strong>Et</strong></span> <span class='ocrx_word' id='word_1_789' title='bbox 2487 3749 2686 3805; x_wconf 86' lang='lat' dir='ltr'><strong>Paulus</strong></span> <span class='ocrx_word' id='word_1_790' title='bbox 2724 3752 2837 3820; x_wconf 84' lang='lat' dir='ltr'><strong>ipse</strong></span> <span class='ocrx_word' id='word_1_791' title='bbox 2877 3753 3109 3806; x_wconf 77' lang='lat' dir='ltr'><strong>afﬁrmat</strong></span> <span class='ocrx_word' id='word_1_792' title='bbox 3141 3757 3549 3824; x_wconf 79' lang='lat' dir='ltr'><strong>propltrtantem</strong></span> <span class='ocrx_word' id='word_1_793' title='bbox 3581 3758 3766 3814; x_wconf 85' lang='lat' dir='ltr'><strong>Eccle-</strong></span> 
     </span>
    </p>
   </div>
   <div class='ocr_carea' id='block_1_98' title="bbox 2183 3838 3764 3916">
    <p class='ocr_par' dir='ltr' id='par_1_98' title="bbox 2183 3838 3764 3916">
     <span class='ocr_line' id='line_1_100' title="bbox 2183 3838 3764 3916; baseline 0.011 -29"><span class='ocrx_word' id='word_1_794' title='bbox 2183 3838 2318 3890; x_wconf 89' lang='lat' dir='ltr'><strong>siam</strong></span> <span class='ocrx_word' id='word_1_795' title='bbox 2359 3838 2630 3894; x_wconf 72' lang='lat' dir='ltr'><strong>aedificare</strong></span> <span class='ocrx_word' id='word_1_796' title='bbox 2660 3843 2744 3896; x_wconf 89' lang='lat' dir='ltr'><strong>his</strong></span> <span class='ocrx_word' id='word_1_797' title='bbox 2795 3844 2984 3899; x_wconf 91' lang='lat' dir='ltr'><strong>iisdem</strong></span> <span class='ocrx_word' id='word_1_798' title='bbox 3029 3843 3230 3896; x_wconf 85' lang='lat' dir='ltr'><strong>verbis.</strong></span> <span class='ocrx_word' id='word_1_799' title='bbox 3269 3847 3439 3903; x_wconf 82' lang='lat' dir='ltr'><strong>Porro</strong></span> <span class='ocrx_word' id='word_1_800' title='bbox 3467 3850 3508 3902; x_wconf 89' lang='lat' dir='ltr'><strong>si</strong></span> <span class='ocrx_word' id='word_1_801' title='bbox 3537 3850 3764 3916; x_wconf 81' lang='lat' dir='ltr'><strong>prephe-</strong></span> 
     </span>
    </p>
   </div>
   <div class='ocr_carea' id='block_1_99' title="bbox 2185 3929 3762 4010">
    <p class='ocr_par' dir='ltr' id='par_1_99' title="bbox 2185 3929 3762 4010">
     <span class='ocr_line' id='line_1_101' title="bbox 2185 3929 3762 4010; baseline 0.011 -31"><span class='ocrx_word' id='word_1_802' title='bbox 2185 3936 2304 3980; x_wconf 76' lang='lat' dir='ltr'><strong>tans</strong></span> <span class='ocrx_word' id='word_1_803' title='bbox 2334 3929 2628 3985; x_wconf 84' lang='lat' dir='ltr'><strong>Ecclesiatn</strong></span> <span class='ocrx_word' id='word_1_804' title='bbox 2655 3936 2905 4002; x_wconf 58' lang='lat' dir='ltr'><strong>aedificat,</strong></span> <span class='ocrx_word' id='word_1_805' title='bbox 2928 3938 3112 4007; x_wconf 87' lang='lat' dir='ltr'><strong>utique</strong></span> <span class='ocrx_word' id='word_1_806' title='bbox 3133 3941 3364 4008; x_wconf 83' lang='lat' dir='ltr'><strong>gratiam</strong></span> <span class='ocrx_word' id='word_1_807' title='bbox 3389 3941 3762 4010; x_wconf 79' lang='lat' dir='ltr'><strong>propheticam</strong></span> 
     </span>
    </p>
   </div>
   <div class='ocr_carea' id='block_1_100' title="bbox 2183 4017 3761 4101">
    <p class='ocr_par' dir='ltr' id='par_1_100' title="bbox 2183 4017 3761 4101">
     <span class='ocr_line' id='line_1_102' title="bbox 2183 4017 3761 4101; baseline 0.01 -32"><span class='ocrx_word' id='word_1_808' title='bbox 2183 4017 2364 4085; x_wconf 89' lang='lat' dir='ltr'><strong>habet,</strong></span> <span class='ocrx_word' id='word_1_809' title='bbox 2414 4037 2590 4092; x_wconf 87' lang='lat' dir='ltr'><strong>neque</strong></span> <span class='ocrx_word' id='word_1_810' title='bbox 2622 4026 2767 4079; x_wconf 90' lang='lat' dir='ltr'><strong>enim</strong></span> <span class='ocrx_word' id='word_1_811' title='bbox 2825 4028 2991 4096; x_wconf 82' lang='lat' dir='ltr'><strong>ipsam</strong></span> <span class='ocrx_word' id='word_1_812' title='bbox 3031 4032 3242 4095; x_wconf 90' lang='lat' dir='ltr'><strong>amisit,</strong></span> <span class='ocrx_word' id='word_1_813' title='bbox 3275 4031 3376 4085; x_wconf 76' lang='lat' dir='ltr'><strong>nisi</strong></span> <span class='ocrx_word' id='word_1_814' title='bbox 3430 4032 3761 4101; x_wconf 89' lang='lat' dir='ltr'><strong>peccaverit.</strong></span> 
     </span>
    </p>
   </div>
   <div class='ocr_carea' id='block_1_101' title="bbox 2181 4108 3757 4192">
    <p class='ocr_par' dir='ltr' id='par_1_101' title="bbox 2181 4108 3757 4192">
     <span class='ocr_line' id='line_1_103' title="bbox 2181 4108 3757 4192; baseline 0.01 -32"><span class='ocrx_word' id='word_1_815' title='bbox 2181 4108 2338 4164; x_wconf 85' lang='lat' dir='ltr'><strong>Solus</strong></span> <span class='ocrx_word' id='word_1_816' title='bbox 2363 4113 2559 4182; x_wconf 89' lang='lat' dir='ltr'><strong>quippe</strong></span> <span class='ocrx_word' id='word_1_817' title='bbox 2582 4117 2812 4185; x_wconf 83' lang='lat' dir='ltr'><strong>gratiam</strong></span> <span class='ocrx_word' id='word_1_818' title='bbox 2836 4120 3203 4187; x_wconf 89' lang='lat' dir='ltr'><strong>propheticam</strong></span> <span class='ocrx_word' id='word_1_819' title='bbox 3223 4123 3445 4183; x_wconf 81' lang='lat' dir='ltr'><strong>amittit,</strong></span> <span class='ocrx_word' id='word_1_820' title='bbox 3465 4124 3579 4192; x_wconf 91' lang='lat' dir='ltr'><strong>qui,</strong></span> <span class='ocrx_word' id='word_1_821' title='bbox 3609 4134 3757 4188; x_wconf 91' lang='lat' dir='ltr'><strong>post-</strong></span> 
     </span>
    </p>
   </div>
   <div class='ocr_carea' id='block_1_102' title="bbox 2179 4204 3758 4280">
    <p class='ocr_par' dir='ltr' id='par_1_102' title="bbox 2179 4204 3758 4280">
     <span class='ocr_line' id='line_1_104' title="bbox 2179 4204 3758 4280; baseline 0.011 -32"><span class='ocrx_word' id='word_1_822' title='bbox 2179 4210 2342 4262; x_wconf 87' lang='lat' dir='ltr'><strong>quam</strong></span> <span class='ocrx_word' id='word_1_823' title='bbox 2384 4204 2746 4272; x_wconf 84' lang='lat' dir='ltr'><strong>prophetarit,</strong></span> <span class='ocrx_word' id='word_1_824' title='bbox 2782 4207 2998 4274; x_wconf 81' lang='lat' dir='ltr'><strong>indigna</strong></span> <span class='ocrx_word' id='word_1_825' title='bbox 3029 4209 3232 4276; x_wconf 89' lang='lat' dir='ltr'><strong>Spiritu</strong></span> <span class='ocrx_word' id='word_1_826' title='bbox 3252 4221 3442 4263; x_wconf 89' lang='lat' dir='ltr'><strong>sancto</strong></span> <span class='ocrx_word' id='word_1_827' title='bbox 3467 4223 3758 4280; x_wconf 85' lang='lat' dir='ltr'><strong>operatur;</strong></span> 
     </span>
    </p>
   </div>
   <div class='ocr_carea' id='block_1_103' title="bbox 2180 4288 3763 4373">
    <p class='ocr_par' dir='ltr' id='par_1_103' title="bbox 2180 4288 3763 4373">
     <span class='ocr_line' id='line_1_105' title="bbox 2180 4288 3763 4373; baseline 0.011 -32"><span class='ocrx_word' id='word_1_828' title='bbox 2180 4288 2250 4341; x_wconf 90' lang='lat' dir='ltr'><strong>ita</strong></span> <span class='ocrx_word' id='word_1_829' title='bbox 2271 4299 2328 4343; x_wconf 89' lang='lat' dir='ltr'><strong>ut</strong></span> <span class='ocrx_word' id='word_1_830' title='bbox 2349 4291 2521 4361; x_wconf 91' lang='lat' dir='ltr'><strong>ipsum</strong></span> <span class='ocrx_word' id='word_1_831' title='bbox 2547 4297 2808 4366; x_wconf 90' lang='lat' dir='ltr'><strong>Spiritum</strong></span> <span class='ocrx_word' id='word_1_832' title='bbox 2834 4301 3067 4363; x_wconf 88' lang='lat' dir='ltr'><strong>deserat,</strong></span> <span class='ocrx_word' id='word_1_833' title='bbox 3087 4301 3364 4370; x_wconf 81' lang='lat' dir='ltr'><strong>fugiatque</strong></span> <span class='ocrx_word' id='word_1_834' title='bbox 3389 4301 3457 4357; x_wconf 87' lang='lat' dir='ltr'><strong>ab</strong></span> <span class='ocrx_word' id='word_1_835' title='bbox 3473 4303 3588 4367; x_wconf 89' lang='lat' dir='ltr'><strong>ejus</strong></span> <span class='ocrx_word' id='word_1_836' title='bbox 3611 4305 3763 4373; x_wconf 92' lang='lat' dir='ltr'><strong>prin-</strong></span> 
     </span>
    </p>
   </div>
   <div class='ocr_carea' id='block_1_104' title="bbox 2178 4387 3759 4468">
    <p class='ocr_par' dir='ltr' id='par_1_104' title="bbox 2178 4387 3759 4468">
     <span class='ocr_line' id='line_1_106' title="bbox 2178 4387 3759 4468; baseline 0.009 -28"><span class='ocrx_word' id='word_1_837' title='bbox 2178 4387 2298 4461; x_wconf 82' lang='lat' dir='ltr'><strong>cipe</strong></span> <span class='ocrx_word' id='word_1_838' title='bbox 2325 4391 2518 4445; x_wconf 71' lang='lat' dir='ltr'><strong>animae</strong></span> <span class='ocrx_word' id='word_1_839' title='bbox 2551 4393 2829 4451; x_wconf 77' lang='lat' dir='ltr'><strong>facultate.</strong></span> <span class='ocrx_word' id='word_1_840' title='bbox 2861 4396 3012 4462; x_wconf 87' lang='lat' dir='ltr'><strong>Quod</strong></span> <span class='ocrx_word' id='word_1_841' title='bbox 3063 4397 3286 4452; x_wconf 90' lang='lat' dir='ltr'><strong>timebat</strong></span> <span class='ocrx_word' id='word_1_842' title='bbox 3315 4408 3443 4452; x_wconf 91' lang='lat' dir='ltr'><strong>tunc</strong></span> <span class='ocrx_word' id='word_1_843' title='bbox 3480 4409 3598 4466; x_wconf 87' lang='lat' dir='ltr'><strong>post</strong></span> <span class='ocrx_word' id='word_1_844' title='bbox 3634 4415 3759 4468; x_wconf 87' lang='lat' dir='ltr'><strong>pec-</strong></span> 
     </span>
    </p>
   </div>
   <div class='ocr_carea' id='block_1_105' title="bbox 2177 4483 3756 4556">
    <p class='ocr_par' dir='ltr' id='par_1_105' title="bbox 2177 4483 3756 4556">
     <span class='ocr_line' id='line_1_107' title="bbox 2177 4483 3756 4556; baseline 0.004 -21"><span class='ocrx_word' id='word_1_845' title='bbox 2177 4493 2358 4536; x_wconf 88' lang='lat' dir='ltr'><strong>catum</strong></span> <span class='ocrx_word' id='word_1_846' title='bbox 2392 4483 2582 4548; x_wconf 86' lang='lat' dir='ltr'><strong>David,</strong></span> <span class='ocrx_word' id='word_1_847' title='bbox 2614 4485 2939 4555; x_wconf 87' lang='lat' dir='ltr'><strong>dicebatque</strong></span> <span class='ocrx_word' id='word_1_848' title='bbox 2963 4487 3038 4540; x_wconf 70' lang='grc' dir='ltr'><strong>πε</strong></span> <span class='ocrx_word' id='word_1_849' title='bbox 3074 4505 3092 4538; x_wconf 85' lang='grc' dir='ltr'>ι</span> <span class='ocrx_word' id='word_1_850' title='bbox 3123 4487 3185 4540; x_wconf 88' lang='grc' dir='ltr'>Ει</span> <span class='ocrx_word' id='word_1_851' title='bbox 3213 4487 3473 4556; x_wconf 91' lang='lat' dir='ltr'><strong>Spiritum</strong></span> <span class='ocrx_word' id='word_1_852' title='bbox 3510 4499 3756 4542; x_wconf 84' lang='lat' dir='ltr'><strong>sanctum</strong></span> 
     </span>
    </p>
   </div>
   <div class='ocr_carea' id='block_1_106' title="bbox 2180 4577 3758 4648">
    <p class='ocr_par' dir='ltr' id='par_1_106' title="bbox 2180 4577 3758 4648">
     <span class='ocr_line' id='line_1_108' title="bbox 2180 4577 3758 4648; baseline 0.003 -20"><span class='ocrx_word' id='word_1_853' title='bbox 2180 4585 2330 4628; x_wconf 91' lang='lat' dir='ltr'><strong>tuum</strong></span> <span class='ocrx_word' id='word_1_854' title='bbox 2357 4589 2424 4628; x_wconf 85' lang='lat' dir='ltr'><strong>ne</strong></span> <span class='ocrx_word' id='word_1_855' title='bbox 2452 4577 2670 4630; x_wconf 78' lang='lat' dir='ltr'><strong>auferas</strong></span> <span class='ocrx_word' id='word_1_856' title='bbox 2706 4592 2734 4629; x_wconf 91' lang='lat' dir='ltr'><strong>a</strong></span> <span class='ocrx_word' id='word_1_857' title='bbox 2763 4593 2866 4632; x_wconf 89' lang='lat' dir='ltr'><strong>me.</strong></span> <span class='ocrx_word' id='word_1_858' title='bbox 2903 4597 2920 4630; x_wconf 81' lang='grc' dir='ltr'>ι</span> <span class='ocrx_word' id='word_1_859' title='bbox 2958 4579 3149 4648; x_wconf 84' lang='lat' dir='ltr'><strong>Itaque</strong></span> <span class='ocrx_word' id='word_1_860' title='bbox 3193 4580 3236 4634; x_wconf 89' lang='lat' dir='ltr'><strong>si</strong></span> <span class='ocrx_word' id='word_1_861' title='bbox 3274 4577 3511 4647; x_wconf 74' lang='lat' dir='ltr'><strong>Spiritus</strong></span> <span class='ocrx_word' id='word_1_862' title='bbox 3536 4592 3758 4633; x_wconf 85' lang='lat' dir='ltr'><strong>sanctus</strong></span> 
     </span>
    </p>
   </div>
   <div class='ocr_carea' id='block_1_107' title="bbox 2179 4668 3760 4740">
    <p class='ocr_par' dir='ltr' id='par_1_107' title="bbox 2179 4668 3760 4740">
     <span class='ocr_line' id='line_1_109' title="bbox 2179 4668 3760 4740; baseline 0.004 -20"><span class='ocrx_word' id='word_1_863' title='bbox 2179 4668 2466 4737; x_wconf 89' lang='lat' dir='ltr'><strong>prophetat</strong></span> <span class='ocrx_word' id='word_1_864' title='bbox 2505 4686 2520 4722; x_wconf 91' lang='lat'><strong>:</strong></span> <span class='ocrx_word' id='word_1_865' title='bbox 2549 4669 2764 4722; x_wconf 89' lang='lat' dir='ltr'><strong>cuinam</strong></span> <span class='ocrx_word' id='word_1_866' title='bbox 2788 4668 2812 4720; x_wconf 85' lang='lat'><strong>?</strong></span> <span class='ocrx_word' id='word_1_867' title='bbox 2835 4668 3054 4737; x_wconf 86' lang='lat' dir='ltr'><strong>Angelis</strong></span> <span class='ocrx_word' id='word_1_868' title='bbox 3081 4670 3105 4722; x_wconf 87' lang='lat'><strong>?</strong></span> <span class='ocrx_word' id='word_1_869' title='bbox 3133 4670 3200 4723; x_wconf 86' lang='lat' dir='ltr'><strong>At</strong></span> <span class='ocrx_word' id='word_1_870' title='bbox 3234 4685 3248 4721; x_wconf 92' lang='lat'><strong>:</strong></span> <span class='ocrx_word' id='word_1_871' title='bbox 3295 4688 3314 4720; x_wconf 72' lang='grc' dir='ltr'>ι</span> <span class='ocrx_word' id='word_1_872' title='bbox 3355 4668 3469 4724; x_wconf 88' lang='lat' dir='ltr'><strong>Non</strong></span> <span class='ocrx_word' id='word_1_873' title='bbox 3499 4685 3637 4740; x_wconf 81' lang='lat' dir='ltr'><strong>Opus</strong></span> <span class='ocrx_word' id='word_1_874' title='bbox 3674 4682 3760 4726; x_wconf 86' lang='lat' dir='ltr'><strong>est</strong></span> 
     </span>
    </p>
   </div>
   <div class='ocr_carea' id='block_1_108' title="bbox 2180 4757 3754 4828">
    <p class='ocr_par' dir='ltr' id='par_1_108' title="bbox 2180 4757 3754 4828">
     <span class='ocr_line' id='line_1_110' title="bbox 2180 4757 3754 4828; baseline 0.004 -18"><span class='ocrx_word' id='word_1_875' title='bbox 2180 4759 2420 4813; x_wconf 86' lang='lat' dir='ltr'><strong>medicus</strong></span> <span class='ocrx_word' id='word_1_876' title='bbox 2463 4757 2622 4824; x_wconf 88' lang='lat' dir='ltr'><strong>bene,</strong></span> <span class='ocrx_word' id='word_1_877' title='bbox 2678 4760 2771 4812; x_wconf 89' lang='lat' dir='ltr'><strong>sed</strong></span> <span class='ocrx_word' id='word_1_878' title='bbox 2827 4761 2965 4813; x_wconf 87' lang='lat' dir='ltr'><strong>male</strong></span> <span class='ocrx_word' id='word_1_879' title='bbox 3020 4761 3341 4816; x_wconf 85' lang='lat' dir='ltr'><strong>habentibus</strong></span> <span class='ocrx_word' id='word_1_880' title='bbox 3360 4762 3424 4815; x_wconf 80' lang='lat'><strong>&quot;.</strong></span> <span class='ocrx_word' id='word_1_881' title='bbox 3469 4781 3486 4814; x_wconf 78' lang='grc' dir='ltr'>ι</span> <span class='ocrx_word' id='word_1_882' title='bbox 3523 4763 3754 4828; x_wconf 83' lang='lat' dir='ltr'><strong>Quinam</strong></span> 
     </span>
    </p>
   </div>
   <div class='ocr_carea' id='block_1_109' title="bbox 2176 4848 3759 4922">
    <p class='ocr_par' dir='ltr' id='par_1_109' title="bbox 2176 4848 3759 4922">
     <span class='ocr_line' id='line_1_111' title="bbox 2176 4848 3759 4922; baseline 0.004 -20"><span class='ocrx_word' id='word_1_883' title='bbox 2176 4848 2295 4916; x_wconf 85' lang='lat' dir='ltr'><strong>ejus</strong></span> <span class='ocrx_word' id='word_1_884' title='bbox 2331 4849 2666 4918; x_wconf 87' lang='lat' dir='ltr'><strong>prophetiam</strong></span> <span class='ocrx_word' id='word_1_885' title='bbox 2703 4853 3013 4920; x_wconf 79' lang='lat' dir='ltr'><strong>excipiunt?</strong></span> <span class='ocrx_word' id='word_1_886' title='bbox 3041 4852 3224 4922; x_wconf 87' lang='lat' dir='ltr'><strong>Neque</strong></span> <span class='ocrx_word' id='word_1_887' title='bbox 3255 4853 3402 4906; x_wconf 85' lang='lat' dir='ltr'><strong>enim</strong></span> <span class='ocrx_word' id='word_1_888' title='bbox 3437 4853 3637 4907; x_wconf 77' lang='lat' dir='ltr'><strong>frustra</strong></span> <span class='ocrx_word' id='word_1_889' title='bbox 3673 4865 3759 4909; x_wconf 80' lang='lat' dir='ltr'><strong>est</strong></span> 
     </span>
    </p>
   </div>
   <div class='ocr_carea' id='block_1_110' title="bbox 2175 4941 3752 5012">
    <p class='ocr_par' dir='ltr' id='par_1_110' title="bbox 2175 4941 3752 5012">
     <span class='ocr_line' id='line_1_112' title="bbox 2175 4941 3752 5012; baseline 0.005 -21"><span class='ocrx_word' id='word_1_890' title='bbox 2175 4941 2346 5010; x_wconf 82' lang='lat' dir='ltr'><strong>gratia</strong></span> <span class='ocrx_word' id='word_1_891' title='bbox 2403 4941 2716 5009; x_wconf 87' lang='lat' dir='ltr'><strong>prophetica</strong></span> <span class='ocrx_word' id='word_1_892' title='bbox 2747 4983 2760 5009; x_wconf 94' lang='lat'><strong>,</strong></span> <span class='ocrx_word' id='word_1_893' title='bbox 2812 4957 2985 5012; x_wconf 90' lang='lat' dir='ltr'><strong>neque</strong></span> <span class='ocrx_word' id='word_1_894' title='bbox 3031 4943 3196 4996; x_wconf 89' lang='lat' dir='ltr'><strong>ullum</strong></span> <span class='ocrx_word' id='word_1_895' title='bbox 3243 4944 3516 4996; x_wconf 84' lang='lat' dir='ltr'><strong>charisma</strong></span> <span class='ocrx_word' id='word_1_896' title='bbox 3563 4958 3752 4999; x_wconf 89' lang='lat' dir='ltr'><strong>eorum</strong></span> 
     </span>
    </p>
   </div>
   <div class='ocr_carea' id='block_1_111' title="bbox 2173 5030 3758 5104">
    <p class='ocr_par' dir='ltr' id='par_1_111' title="bbox 2173 5030 3758 5104">
     <span class='ocr_line' id='line_1_113' title="bbox 2173 5030 3758 5104; baseline 0.004 -22"><span class='ocrx_word' id='word_1_897' title='bbox 2173 5043 2292 5097; x_wconf 62' lang='lat' dir='ltr'><strong>qua</strong></span> <span class='ocrx_word' id='word_1_898' title='bbox 2327 5030 2380 5082; x_wconf 91' lang='lat' dir='ltr'><strong>in</strong></span> <span class='ocrx_word' id='word_1_899' title='bbox 2411 5043 2598 5083; x_wconf 88' lang='lat' dir='ltr'><strong>sancto</strong></span> <span class='ocrx_word' id='word_1_900' title='bbox 2634 5042 2761 5085; x_wconf 90' lang='lat' dir='ltr'><strong>sunt</strong></span> <span class='ocrx_word' id='word_1_901' title='bbox 2791 5031 2991 5086; x_wconf 85' lang='lat' dir='ltr'><strong>frustra</strong></span> <span class='ocrx_word' id='word_1_902' title='bbox 3033 5041 3137 5089; x_wconf 92' lang='lat' dir='ltr'><strong>est.</strong></span> <span class='ocrx_word' id='word_1_903' title='bbox 3171 5033 3354 5088; x_wconf 85' lang='lat' dir='ltr'><strong>Gratia</strong></span> <span class='ocrx_word' id='word_1_904' title='bbox 3407 5034 3588 5104; x_wconf 86' lang='lat' dir='ltr'><strong>itaque</strong></span> <span class='ocrx_word' id='word_1_905' title='bbox 3627 5049 3758 5103; x_wconf 83' lang='lat' dir='ltr'><strong>pro—</strong></span> 
     </span>
    </p>
   </div>
   <div class='ocr_carea' id='block_1_112' title="bbox 2177 5121 3754 5194">
    <p class='ocr_par' dir='ltr' id='par_1_112' title="bbox 2177 5121 3754 5194">
     <span class='ocr_line' id='line_1_114' title="bbox 2177 5121 3754 5194; baseline 0.004 -21"><span class='ocrx_word' id='word_1_906' title='bbox 2177 5121 2390 5188; x_wconf 86' lang='lat' dir='ltr'><strong>phetica</strong></span> <span class='ocrx_word' id='word_1_907' title='bbox 2417 5131 2754 5176; x_wconf 90' lang='lat' dir='ltr'><strong>mortuorum</strong></span> <span class='ocrx_word' id='word_1_908' title='bbox 2783 5123 2998 5189; x_wconf 69' lang='lat' dir='ltr'><strong>animae,</strong></span> <span class='ocrx_word' id='word_1_909' title='bbox 3031 5127 3290 5178; x_wconf 89' lang='lat' dir='ltr'><strong>audacter</strong></span> <span class='ocrx_word' id='word_1_910' title='bbox 3321 5127 3518 5188; x_wconf 84' lang='lat' dir='ltr'><strong>dicam,</strong></span> <span class='ocrx_word' id='word_1_911' title='bbox 3544 5126 3754 5194; x_wconf 74' lang='lat' dir='ltr'><strong>indige-</strong></span> 
     </span>
    </p>
   </div>
   <div class='ocr_carea' id='block_1_113' title="bbox 2175 5211 3751 5286">
    <p class='ocr_par' dir='ltr' id='par_1_113' title="bbox 2175 5211 3751 5286">
     <span class='ocr_line' id='line_1_115' title="bbox 2175 5211 3751 5286; baseline 0.004 -22"><span class='ocrx_word' id='word_1_912' title='bbox 2175 5211 2328 5265; x_wconf 92' lang='lat' dir='ltr'><strong>bant.</strong></span> <span class='ocrx_word' id='word_1_913' title='bbox 2381 5213 2485 5266; x_wconf 89' lang='lat' dir='ltr'><strong>Sed</strong></span> <span class='ocrx_word' id='word_1_914' title='bbox 2545 5213 2635 5269; x_wconf 92' lang='lat' dir='ltr'><strong>hic</strong></span> <span class='ocrx_word' id='word_1_915' title='bbox 2681 5214 2898 5282; x_wconf 90' lang='lat' dir='ltr'><strong>quidem</strong></span> <span class='ocrx_word' id='word_1_916' title='bbox 2950 5217 3290 5270; x_wconf 88' lang='lat' dir='ltr'><strong>necessarius</strong></span> <span class='ocrx_word' id='word_1_917' title='bbox 3351 5225 3436 5271; x_wconf 89' lang='lat' dir='ltr'><strong>est</strong></span> <span class='ocrx_word' id='word_1_918' title='bbox 3487 5218 3751 5286; x_wconf 85' lang='lat' dir='ltr'><strong>propheta</strong></span> 
     </span>
    </p>
   </div>
   <div class='ocr_carea' id='block_1_114' title="bbox 2173 5302 3750 5377">
    <p class='ocr_par' dir='ltr' id='par_1_114' title="bbox 2173 5302 3750 5377">
     <span class='ocr_line' id='line_1_116' title="bbox 2173 5302 3750 5377; baseline 0.001 -21"><span class='ocrx_word' id='word_1_919' title='bbox 2173 5302 2360 5368; x_wconf 88' lang='lat' dir='ltr'><strong>Israel,</strong></span> <span class='ocrx_word' id='word_1_920' title='bbox 2384 5315 2440 5358; x_wconf 93' lang='lat' dir='ltr'><strong>et</strong></span> <span class='ocrx_word' id='word_1_921' title='bbox 2469 5307 2559 5374; x_wconf 91' lang='lat' dir='ltr'><strong>qui</strong></span> <span class='ocrx_word' id='word_1_922' title='bbox 2602 5307 2822 5370; x_wconf 91' lang='lat' dir='ltr'><strong>dormit,</strong></span> <span class='ocrx_word' id='word_1_923' title='bbox 2859 5307 3221 5377; x_wconf 87' lang='lat' dir='ltr'><strong>discessitque</strong></span> <span class='ocrx_word' id='word_1_924' title='bbox 3264 5323 3331 5361; x_wconf 77' lang='lat' dir='ltr'><strong>ex</strong></span> <span class='ocrx_word' id='word_1_925' title='bbox 3364 5309 3466 5361; x_wconf 87' lang='lat' dir='ltr'><strong>hac</strong></span> <span class='ocrx_word' id='word_1_926' title='bbox 3501 5308 3632 5368; x_wconf 84' lang='lat' dir='ltr'><strong>vita,</strong></span> <span class='ocrx_word' id='word_1_927' title='bbox 3663 5310 3750 5360; x_wconf 82' lang='lat' dir='ltr'><strong>in-</strong></span> 
     </span>
    </p>
   </div>
   <div class='ocr_carea' id='block_1_115' title="bbox 2172 5397 3752 5468">
    <p class='ocr_par' dir='ltr' id='par_1_115' title="bbox 2172 5397 3752 5468">
     <span class='ocr_line' id='line_1_117' title="bbox 2172 5397 3752 5468; baseline 0 -18"><span class='ocrx_word' id='word_1_928' title='bbox 2172 5397 2391 5466; x_wconf 82' lang='lat' dir='ltr'><strong>digebat</strong></span> <span class='ocrx_word' id='word_1_929' title='bbox 2438 5399 2734 5468; x_wconf 85' lang='lat' dir='ltr'><strong>prephctis,</strong></span> <span class='ocrx_word' id='word_1_930' title='bbox 2780 5407 2840 5453; x_wconf 92' lang='lat' dir='ltr'><strong>ut</strong></span> <span class='ocrx_word' id='word_1_931' title='bbox 2886 5400 2990 5454; x_wconf 88' lang='lat' dir='ltr'><strong>alia</strong></span> <span class='ocrx_word' id='word_1_932' title='bbox 3034 5403 3244 5456; x_wconf 87' lang='lat' dir='ltr'><strong>ratione</strong></span> <span class='ocrx_word' id='word_1_933' title='bbox 3285 5401 3382 5468; x_wconf 93' lang='lat' dir='ltr'><strong>ipsi</strong></span> <span class='ocrx_word' id='word_1_934' title='bbox 3414 5397 3620 5454; x_wconf 89' lang='lat' dir='ltr'><strong>Christi</strong></span> <span class='ocrx_word' id='word_1_935' title='bbox 3653 5399 3752 5451; x_wconf 88' lang='lat' dir='ltr'><strong>ad-</strong></span> 
     </span>
    </p>
   </div>
   <div class='ocr_carea' id='block_1_116' title="bbox 2310 5539 3700 5607">
    <p class='ocr_par' dir='ltr' id='par_1_116' title="bbox 2310 5539 3700 5607">
     <span class='ocr_line' id='line_1_118' title="bbox 2310 5539 3700 5607; baseline 0.001 -14"><span class='ocrx_word' id='word_1_936' title='bbox 2310 5539 2355 5572; x_wconf 75' lang='lat'><strong>”</strong></span> <span class='ocrx_word' id='word_1_937' title='bbox 2385 5540 2517 5595; x_wconf 90' lang='lat' dir='ltr'><strong>ibid.</strong></span> <span class='ocrx_word' id='word_1_938' title='bbox 2546 5541 2600 5596; x_wconf 74' lang='grc'>4.</span> <span class='ocrx_word' id='word_1_939' title='bbox 2679 5543 2724 5574; x_wconf 78' lang='grc'><strong><em>³⁸</em></strong></span> <span class='ocrx_word' id='word_1_940' title='bbox 2761 5541 2903 5598; x_wconf 88' lang='lat' dir='ltr'><strong>PsaI.</strong></span> <span class='ocrx_word' id='word_1_941' title='bbox 2935 5558 2988 5607; x_wconf 76' lang='grc' dir='ltr'><strong>ι,</strong></span> <span class='ocrx_word' id='word_1_942' title='bbox 3019 5557 3139 5597; x_wconf 81' lang='lat' dir='ltr'><strong>xm.</strong></span> <span class='ocrx_word' id='word_1_943' title='bbox 3212 5539 3471 5594; x_wconf 80' lang='lat' dir='ltr'><strong>&quot;Matth.</strong></span> <span class='ocrx_word' id='word_1_944' title='bbox 3505 5553 3583 5605; x_wconf 78' lang='lat' dir='ltr'><strong>lx,</strong></span> <span class='ocrx_word' id='word_1_945' title='bbox 3613 5539 3700 5596; x_wconf 71' lang='grc'><strong>19.</strong></span> 
     </span>
    </p>
   </div>
   <div class='ocr_carea' id='block_1_117' title="bbox 2245 5676 3747 5752">
    <p class='ocr_par' dir='ltr' id='par_1_117' title="bbox 2245 5676 3747 5752">
     <span class='ocr_line' id='line_1_119' title="bbox 2245 5676 3747 5752; baseline 0.001 -18"><span class='ocrx_word' id='word_1_946' title='bbox 2245 5678 2356 5750; x_wconf 80' lang='lat' dir='ltr'><strong>(I3)</strong></span> <span class='ocrx_word' id='word_1_947' title='bbox 2398 5680 2728 5752; x_wconf 66' lang='grc' dir='ltr'>Ἃγγέλοιςο</span> <span class='ocrx_word' id='word_1_948' title='bbox 2769 5676 2862 5747; x_wconf 80' lang='grc' dir='ltr'>οἷς</span> <span class='ocrx_word' id='word_1_949' title='bbox 2908 5680 2997 5750; x_wconf 79' lang='grc' dir='ltr'><strong>μὴ</strong></span> <span class='ocrx_word' id='word_1_950' title='bbox 3050 5680 3279 5749; x_wconf 80' lang='grc' dir='ltr'>χρείαν.</span> <span class='ocrx_word' id='word_1_951' title='bbox 3313 5677 3544 5735; x_wconf 84' lang='lat' dir='ltr'><strong>Scribe:</strong></span> <span class='ocrx_word' id='word_1_952' title='bbox 3572 5679 3747 5752; x_wconf 79' lang='grc' dir='ltr'>ἀγγέ-</span> 
     </span>
    </p>
   </div>
   <div class='ocr_carea' id='block_1_118' title="bbox 2171 5749 3707 5960">
    <p class='ocr_par' dir='ltr' id='par_1_118' title="bbox 2171 5749 3707 5960">
     <span class='ocr_line' id='line_1_120' title="bbox 2171 5749 3671 5831; baseline 0.001 -29"><span class='ocrx_word' id='word_1_953' title='bbox 2171 5749 2320 5816; x_wconf 86' lang='grc' dir='ltr'>λοις;</span> <span class='ocrx_word' id='word_1_954' title='bbox 2351 5751 2424 5822; x_wconf 83' lang='grc' dir='ltr'>μὴ</span> <span class='ocrx_word' id='word_1_955' title='bbox 2445 5752 2662 5831; x_wconf 79' lang='grc' dir='ltr'>χρείαν,</span> <span class='ocrx_word' id='word_1_956' title='bbox 2693 5761 2798 5805; x_wconf 85' lang='lat' dir='ltr'><strong>etc.</strong></span> <span class='ocrx_word' id='word_1_957' title='bbox 2917 5749 2920 5750; x_wconf 54' lang='grc'><strong><em>⁷</em></strong></span> <span class='ocrx_word' id='word_1_958' title='bbox 3069 5818 3079 5830; x_wconf 44' lang='grc'><em>.</em></span> <span class='ocrx_word' id='word_1_959' title='bbox 3622 5749 3633 5752; x_wconf 66' lang='grc'>⁷</span> <span class='ocrx_word' id='word_1_960' title='bbox 3660 5749 3671 5752; x_wconf 14' lang='grc' dir='ltr'><em>ἠ</em></span> 
     </span>
     <span class='ocr_line' id='line_1_121' title="bbox 2269 5817 3707 5892; baseline 0.002 -19"><span class='ocrx_word' id='word_1_961' title='bbox 2269 5819 2353 5889; x_wconf 77' lang='grc'><strong>14)</strong></span> <span class='ocrx_word' id='word_1_962' title='bbox 2393 5825 2508 5888; x_wconf 85' lang='grc' dir='ltr'>Της</span> <span class='ocrx_word' id='word_1_963' title='bbox 2551 5821 2932 5890; x_wconf 71' lang='grc' dir='ltr'>προφητείας.</span> <span class='ocrx_word' id='word_1_964' title='bbox 2962 5817 3184 5874; x_wconf 79' lang='lat' dir='ltr'><strong>Scribe:</strong></span> <span class='ocrx_word' id='word_1_965' title='bbox 3223 5819 3321 5884; x_wconf 78' lang='grc' dir='ltr'>τὰς</span> <span class='ocrx_word' id='word_1_966' title='bbox 3351 5821 3707 5892; x_wconf 82' lang='grc' dir='ltr'>προφητείας,</span> 
     </span>
     <span class='ocr_line' id='line_1_122' title="bbox 2243 5820 3065 5960; baseline 0 -16"><span class='ocrx_word' id='word_1_967' title='bbox 2243 5820 2354 5960; x_wconf 61' lang='grc'><strong>(13)</strong></span> <span class='ocrx_word' id='word_1_968' title='bbox 2388 5891 2640 5960; x_wconf 77' lang='grc' dir='ltr'>Ἔχεται.</span> <span class='ocrx_word' id='word_1_969' title='bbox 2667 5891 2856 5946; x_wconf 79' lang='lat' dir='ltr'><strong>Scribe</strong></span> <span class='ocrx_word' id='word_1_970' title='bbox 2889 5908 2900 5942; x_wconf 87' lang='lat'><strong>:</strong></span> <span class='ocrx_word' id='word_1_971' title='bbox 2929 5888 3065 5959; x_wconf 80' lang='grc' dir='ltr'>ἔχει.</span> 
     </span>
    </p>
   </div>
   <div class='ocr_carea' id='block_1_119' title="bbox 2272 5888 3065 5961">
    <p class='ocr_par' dir='ltr' id='par_1_119' title="bbox 2272 5888 3065 5961">
     <span class='ocr_line' id='line_1_123' title="bbox 2272 5888 3065 5961; baseline 0 -17"><span class='ocrx_word' id='word_1_972' title='bbox 2388 5891 2640 5960; x_wconf 77' lang='grc' dir='ltr'>Ἔχεται.</span> <span class='ocrx_word' id='word_1_973' title='bbox 2667 5888 2856 5946; x_wconf 80' lang='lat' dir='ltr'><strong>Scribe</strong></span> <span class='ocrx_word' id='word_1_974' title='bbox 2889 5908 2900 5942; x_wconf 87' lang='lat'><strong>:</strong></span> <span class='ocrx_word' id='word_1_975' title='bbox 2929 5888 3065 5959; x_wconf 80' lang='grc' dir='ltr'>ἔχει.</span> 
     </span>
    </p>
   </div>
  </div>
