4124 6404
363 401 504 458 1οὲὶῖ
1821 403 1911 455 EX

2043 400 2105 456 lG
2115 400 2243 455 ΕΝΕ
3499 411 3637 466 1028

361 536 581 578 ventum
613 524 1061 578 vaticinarentur.
1084 523 1220 574 Ante
1252 521 1464 576 Domini
1493 524 1595 577 mei
1629 522 1756 578 Jesu
1779 524 1936 578 Chri-

2046 523 2384 593 κοιμώμενος
2413 523 2468 576 δὲ
2503 525 2531 576 6
2557 523 2974 594 6mi.).a‘{p.évog
3008 527 3100 580 τοῦ
3138 527 3254 598 βίου
3283 529 3471 600 χρείαν
3513 527 3626 600 ετχε

365 616 434 669 sti
480 616 766 669 adventqu
812 615 1012 668 nemini
1065 616 1248 668 datum
1295 626 1417 669 erat
1450 615 1539 669 ubi
1576 615 1776 683 lignum
1828 617 1936 669 vita

2051 614 2158 666 τῶν
2179 614 2492 685 προφητῶν,
2519 615 2606 668 ἵνα
2636 615 2792 668 πάλιν
2821 619 2869 669 oi
2893 619 3165 688 προφῆται
3191 620 3336 690 αὐτῷ
3359 638 3425 691 κη
3436 621 3635 692 ρύξωσι

361 717 482 762 erat
517 706 899 775 prmtergredi,
930 717 981 760 et
1029 707 1114 759 illa
1155 709 1457 776 transgredi
1506 723 1628 776 qua:
1673 709 1773 762 vim
1815 709 1936 777 ligni

2051 703 2149 772 τὴν
2180 703 2417 772 Χριστοῦ
2446 705 2760 775 ἐπιδημίαν.
2785 705 2991 770 Ἄλλως
3013 726 3071 761 τε
3097 711 3189 765 καὶ
3213 711 3496 782 προφήτης
3522 713 3634 788 (16)

363 797 489 852 vita:
522 797 890 852 custodienda:
919 798 1210 865 prmposita
1240 807 1421 850 erant.
1457 797 1592 863 Quis
1631 799 1771 850 viam
1804 797 1947 850 illam

367 897 574 943 tentare
617 896 830 958 poterat
866 889 889 942 ?
922 889 1055 954 Quis
1101 889 1262 942 alicui
1323 899 1516 943 auctor
1571 903 1691 943 esse
1739 899 1950 958 poterat

363 977 670 1032 ﬂammeum
709 980 946 1049 gladium
999 979 1418 1046 pertranseuntli
1448 981 1492 1011 ⁸⁷
1532 979 1946 1045 ?Quemadmo-

362 1069 615 1124 dum-nec
642 1084 792 1122 mare
818 1070 1039 1124 transiri
1071 1079 1283 1137 poterat
1325 1069 1444 1122 sine
1483 1085 1583 1137 Ope
1616 1068 1821 1159 divina,
1857 1084 1949 1122 co-

362 1157 654 1228 lumnaque
698 1161 917 1225 divina,
963 1162 1217 1216 columna
1275 1159 1522 1220 luminis,
1568 1157 1688 1227 qua:
1729 1166 1848 1210 erat
1883 1159 1949 1212 ab

361 1251 482 1321 ipso
508 1251 619 1305 Deo
647 1251 737 1304 ’3:
785 1254 1245 1320 quemadmodum
1303 1251 1536 1304 neminis
1580 1258 1696 1302 erat
1751 1247 1945 1302 Jorda-

361 1358 487 1397 nem
520 1345 748 1412 pedibus
783 1345 1034 1414 trajicere
1080 1357 1444 1416 praeterquam
1475 1341 1681 1412 Josue(
1713 1341 1824 1394 veri
1855 1340 1946 1394 Dei

365 1435 538 1504 lignra
569 1444 692 1488 erat
732 1434 819 1488 ille
857 1435 1042 1507 Josue)
1077 1454 1091 1489 :
1126 1437 1204 1490 sic
1240 1451 1335 1505 per
1369 1433 1672 1486 ﬂammeum
1713 1431 1945 1500 gladium

363 1525 584 1579 Samuel
619 1527 851 1580 transire
884 1542 988 1580 non
1033 1537 1246 1596 poterat
1274 1546 1287 1580 :
1333 1541 1436 1579 non
1476 1525 1748 1578 Abraham
1781 1539 1797 1587 ',
1827 1523 1948 1575 ideo

361 1625 416 1671 et
447 1619 718 1671 Abraham
754 1619 820 1671 ab
848 1632 914 1671 eo
938 1619 1026 1686 qui
1071 1620 1450 1686 torquebatur,
1495 1615 1849 1684 conspicitur.
1881 1613 1950 1667 Et

358 1708 528 1781 (.98
557 1726 677 1763 cum
720 1711 773 1763 in
817 1711 1098 1764 tormentis
1131 1711 1286 1764 dives
1317 1719 1484 1773 esset,
1524 1708 1751 1762 elevatis
1774 1705 1948 1760 oculis

359 1804 633 1854 Abraham
678 1800 966 1869 conspicit,
1010 1801 1138 1854 licet
1169 1817 1199 1854 ιι
1233 1801 1393 1872 longe
1434 1802 1648 1864 videat;
1690 1799 1836 1852 videt
1865 1807 1946 1849 ta-

2048 791 2142 844 τοῦ
2172 793 2373 865 Κυρίου
2418 812 2519 864 μου
2557 795 2727 866 Ἰησοῦ
2769 798 3004 867 Χριστοῦ
3047 799 3341 870 ἐπιδημίας
3376 802 3633 856 ἀδύνατον

2048 873 2114 947 ῆν
2140 896 2264 932 τινα
2292 880 2579 950 παρελθεῖν
2605 883 2738 936 ὅπου
2768 885 2827 936 τὸ
2857 883 3010 949 ξύλον
3037 886 3137 956 τῆς
3163 886 3308 958 ζωῆς
3328 907 3340 919 ·
3376 889 3632 948 ἀδύνατον

2048 963 2116 1038 ἦν
2140 969 2426 1040 παρελθεῖν
2457 970 2524 1024 τά
2565 975 2872 1042 τεταγμένα
2905 976 3198 1044 φυλάσσειν
3245 978 3342 1049 τὴν
3376 980 3494 1034 666v
3536 981 3630 1036 τοῦ

2053 1060 2206 1125 ξύλου
2238 1062 2338 1132 τῆς
2365 1061 2530 1131 ζωῆς.
2561 1065 2656 1128 Τίς
2679 1066 2908 1135 ἠδύνατο
2937 1069 3280 1140 όδοποιῆσαι;
3316 1074 3412 1136 Τίς
3438 1074 3632 1143 ἡδύνα-

2049 1167 2109 1202 το
2160 1152 2257 1222 τὴν
2299 1151 2556 1223 φλογίνην
2606 1157 2881 1225 ῥομφαίαν
2941 1161 3166 1230 ποιῆσαι
3202 1162 3431 1217 διελθεῖν
3475 1183 3628 1231 τινα;

2053 1242 2262 1313 ’Ὠσπερ
2288 1242 2560 1297 θάλασσαν
2591 1247 2690 1298 οὐκ
2721 1243 2789 1318 ἦν
2813 1249 3121 1322 ὁδοποιῆσαι
3156 1253 3188 1324 ἢ
3235 1255 3326 1308 τοῦ
3357 1256 3492 1310 Θεοῦ
3538 1275 3630 1312 και

2048 1329 2141 1382 τοῦ
2171 1331 2358 1385 στύλου
2386 1333 2478 1385 τοῦ
2511 1335 2758 1405 πυρίνου,
2809 1339 2900 1391 τοῦ
2938 1341 3130 1395 στύλου
3169 1344 3262 1398 τοῦ
3311 1347 3488 1414 φωτὸς
3533 1348 3628 1401 τοῦ

2049 1421 2156 1474 ἀπὺ
2186 1423 2280 1476 τοῦ
2312 1423 2444 1478 Θεοῦ
2464 1441 2476 1454 ·
2516 1425 2702 1498 ὥσπερ
2732 1429 2820 1483 τὸν
2853 1432 3121 1504 Ἰορδάνην
3155 1437 3254 1489 οὐκ
3293 1433 3361 1508 ἦν
3416 1441 3630 1504 οὐδενὸς

2047 1513 2360 1585 ὁδοποιῆσαι
2404 1518 2436 1588 ἢ
2497 1519 2704 1590 Ἰησοῦο
2739 1521 2830 1574 τοῦ
2883 1524 3134 1594 ἀληθινοῦ
3183 1529 3319 1582 Θεοῦ
3363 1531 3528 1594 τύπος
3560 1528 3628 1603 ἦν

2048 1608 2252 1670 ἐκεῖνος
2278 1609 2306 1659 6
2346 1610 2551 1680 Ἰησοῦς
2579 1629 2591 1640 ·
2633 1611 2772 1665 οὕτω
2807 1614 2894 1667 διὰ
2933 1617 3030 1687 τῆς
3061 1619 3317 1692 φλογίνης
3354 1624 3628 1693 ῥομφαίας

2049 1698 2302 1770 Σαμουὴλ
2341 1702 2441 1753 οὐκ
2483 1702 2713 1772 ἠδύνατο
2751 1705 3009 1760 διελθεῖν*
3063 1710 3162 1763 οὐκ
3209 1713 3488 1784 Ἀϐραάμ·
3539 1716 3628 1771 διὰ

2048 1790 2204 1843 τοῦτο
2238 1793 2331 1845 καὶ
2376 1793 2628 1865 Ἀϐραὰμ
2674 1795 2928 1864 βλέπεται
2975 1800 3078 1854 ὑπὸ
3116 1802 3209 1855 τοῦ
3241 1804 3624 1878 κολαζομένου.

361 1909 505 1956 men,
531 1903 584 1946 et
608 1892 871 1944 Lazarum
900 1892 952 1943 in
983 1892 1102 1945 sinu
1129 1869 1756 1962 ipsiusiExspcctabant
1783 1890 1936 1958 igitul

2051 1882 2158 1934 Καὶ
2185 1883 2444 1954 ὑπάρχων
2487 1886 2545 1938 ἐν
2595 1886 2849 1957 βασάνοις
2881 1893 2910 1944 6
2949 1891 3202 1957 πλούσιος
3249 1897 3459 1966 ἐπάρας
3501 1899 3628 1960 τοὺς

363 1982 570 2036 Domini
600 1983 700 2036 mei
727 1980 851 2036 Jesu
884 1981 1085 2036 Christi
1111 1984 1503 2049 adventum,et
1527 1982 1870 2052 patriarchae,
1893 1991 1946 2034 et

357 2074 656 2144 prophetae,
679 2083 733 2128 et
755 2088 968 2136 omnes,
989 2074 1151 2128 utsic
1183 2075 1321 2128 viam
1344 2074 1580 2144 aperiret
1601 2089 1643 2125 :c
1677 2074 1789 2144 Ego
1823 2087 1944 2128 sum

355 2168 442 2224 via
481 2181 496 2218 :
535 2179 637 2234 ego
665 2181 782 2219 sum
813 2174 967 2233 porta
990 2165 1060 2216 θ’.
1103 2183 1123 2217 ι
1159 2164 1254 2218 Via
1288 2175 1371 2218 est
1399 2165 1464 2218 ad
1496 2165 1699 2234 lignum
1728 2165 1947 2226 vitze,ut

357 2255 404 2309 si
435 2271 531 2324 per
564 2255 740 2324 ignem
785 2254 1018 2308 transire
1047 2255 1141 2308 tibi
1176 2255 1482 2322 contingat.
1512 2253 1725 2307 ﬂamma
1753 2264 1805 2307 te
1837 2269 1943 2308 nou

361 2348 709 2401 comburat:
763 2345 941 2413 qualis
999 2345 1138 2412 ignis
1200 2345 1377 2414 posuit
1430 2346 1744 2408 cherubim,
1789 2343 1944 2398 llam-

358 2454 647 2508 meumque
671 2438 909 2508 gladium
933 2438 1022 2507 qui
1048 2437 1383 2499 volvebatur,
1401 2445 1459 2489 ut
1483 2436 1623 2489 viam
1646 2435 1714 2490 ad
1739 2436 1942 2504 lignum

358 2534 490 2587 vita
537 2533 898 2587 custodirent.
949 2532 1074 2585 Ideo
1114 2529 1259 2583 beati
1304 2529 1414 2583 illic
1462 2529 1851 2598 permanebant
1881 2541 1943 2582 se

358 2632 752 2690 prmparanles,
792 2631 845 2676 et
893 2636 1016 2676 cum
1046 2634 1150 2673 non
1191 2629 1414 2688 possent
1446 2635 1512 2674 eo
1537 2619 1820 2683 accedere,
1849 2617 1942 2670 ubi

355 2725 476 2768 erat
505 2713 705 2781 lignum
750 2715 893 2778 vitas,
933 2717 1219 2784 paradisus
1257 2714 1374 2775 Dei,
1412 2721 1469 2766 et
1495 2711 1637 2765 Deus
1678 2708 1936 2780 agricola,

355 2805 448 2858 ubi
483 2804 650 2870 beati,
697 2813 750 2858 et
783 2805 964 2870 electi,
1007 2815 1062 2861 et
1099 2807 1273 2860 sancti
1319 2804 1434 2859 Dei.
1482 2801 1692 2856 Nullum
1723 2815 1854 2869 ergo
1884 2801 1936 2854 in

355 2893 462 2948 hoc
503 2895 625 2949 loco
665 2893 1050 2951 ol'l‘endiculum
1089 2904 1174 2951 est
1214 2912 1227 2947 :
1277 2895 1372 2950 sed
1401 2894 1583 2948 omnia
1625 2893 1760 2946 mira
1801 2908 1940 2963 qua-

354 2985 479 3039 dam
523 2987 571 3039 vi
618 2987 817 3056 scripta
852 2999 1004 3051 sunt,
1048 2986 1534 3056 intelligunlnrque
1572 2987 1640 3040 ab
1675 2985 1780 3038 illis
1817 2984 1938 3053 qui-

354 3077 456 3132 bus
493 3079 632 3133 Deus
661 3079 887 3134 revelat.
907 3079 1016 3135 Nos
1046 3079 1341 3149 porro,qui
1377 3079 1430 3132 in
1460 3078 1782 3132 saeculorum
1805 3092 1934 3132 con-

353 3170 720 3224 summatione
767 3170 1120 3236 advenimus,
1175 3169 1438 3224 habemus
1484 3168 1614 3238 quid
1671 3169 1928 3223 eximium
1958 3204 2003 3266 Ο

352 3257 489 3311 ultra
520 3269 770 3314 cancros.
802 3259 941 3326 Quid
966 3260 1097 3314 illud
1124 3259 1255 3314 est?
1286 3259 1344 3314 Si
1365 3276 1428 3313 ex
1465 3261 1566 3314 hac
1597 3260 1707 3313 vita
1743 3275 1933 3314 exces-

351 3349 582 3406 serimus
603 3351 726 3405 boni
757 3359 811 3404 et
855 3351 1044 3420 probi,
1076 3367 1183 3406 non
1216 3367 1320 3406 una
1369 3352 1650 3407 nobiscum
1680 3361 1932 3420 peccato-

351 3457 470 3494 rum
501 3442 733 3496 sarcinis
774 3444 1080 3508 conductis,
1109 3443 1567 3513 pertransibimus
1623 3441 1930 3497 llalnmeum

349 3531 610 3600 gladium,
635 3549 737 3586 nec
778 3533 830 3585 in
866 3532 1042 3586 locum
1072 3534 1242 3596 illum,
1276 3534 1330 3586 in
1365 3547 1474 3601 quo
1519 3533 1613 3600 qui
1656 3541 1780 3586 ante
1821 3532 1934 3599 ejus

349 3622 642 3674 adventura
681 3621 1024 3688 quieveram,
1075 3620 1353 3676 Christum
1396 3623 1806 3691 exspectabant,
1839 3623 1934 3673 de-

347 3710 652 3764 veniemus.
709 3711 1170 3765 Pertransibimus
1222 3711 1372 3764 nullo
1423 3711 1581 3765 nobis
1618 3727 1647 3764 a
1686 3715 1934 3763 ﬂammeo

349 3803 444 3858 illo
470 3803 648 3874 gladio
674 3807 870 3858 damno
889 3803 1058 3858 illato.
1090 3823 1109 3856 ι
1147 3803 1576 3872 Uniuscujusque
1609 3817 1739 3856 vero
1768 3801 1933 3871 quale

347 3908 488 3962 Opus
534 3894 630 3958 sit,
694 3893 836 3962 ignis
899 3895 1013 3964 ipse
1066 3895 1390 3964 probabit‘.
1428 3893 1483 3948 Si
1532 3892 1757 3961 alicujus
1794 3908 1931 3961 opus

349 3988 700 4040 combustum
756 3986 942 4052 fuerit,
989 3988 1246 4042 damnum
1293 3988 1598 4052 contrahet,
1645 3988 1760 4056 ipse
1798 4001 1930 4040 vero

348 4077 650 4132 salvabitur
682 4079 764 4133 sic
805 4080 960 4149 quasi
1001 4095 1098 4149 per
1143 4080 1320 4149 ignem
1346 4081 1387 4132 ³.
1419 4097 1437 4131 ι
1475 4079 1928 4133 Pertransibimus

345 4184 498 4239 ergo.
531 4170 804 4226 llabemus
838 4171 965 4226 item
1020 4173 1158 4226 ultra
1203 4180 1262 4225 et
1305 4171 1450 4226 aliud
1495 4171 1751 4224 eximium
1777 4187 1793 4230 ;
1819 4183 1926 4224 non

346 4261 724 4330 possumus,si
770 4271 916 4317 recte
950 4262 1271 4330 vixerimus,
1311 4262 1450 4316 male
1482 4261 1781 4315 discedere.
1815 4259 1927 4316 Hoc

346 4367 455 4405 non
510 4352 763 4406 dicebant
811 4353 1043 4421 antiqui,
1100 4369 1205 4407 non
1261 4353 1608 4421 patriarcha',
1645 4368 1752 4407 non
1803 4367 1928 4420 pro-

343 4443 538 4514 phetm.
567 4443 754 4499 Nonne
783 4444 837 4499 id
865 4460 963 4500 nos
987 4444 1141 4500 ell'ari
1170 4459 1490 4512 possumus:
1527 4445 1572 4498 si
1605 4445 1743 4499 bene
1770 4445 1924 4497 vixe-

2047 1973 2357 2044 όφθαλμοὺς
2389 1977 2490 2048 ὁρᾷ
2527 1979 2795 2050 Ἀϐραὰμ,
2832 1986 2880 2036 εί
2921 1985 3013 2038 καὶ⁵
3057 1986 3163 2038 ἀπὸ
3195 1988 3466 2058 μακρόθεν
3489 1990 3621 2061 ὁρᾷο

2046 2062 2163 2115 ἀλλ’
2183 2066 2307 2136 ὁρᾷ,
2333 2067 2538 2121 καὶτὸν
2570 2070 2818 2144 Λάζαρον
2845 2076 2901 2126 ἐν
2931 2077 3040 2138 τοῖς
3067 2076 3287 2141 κόλποις
3317 2079 3500 2133 αὑτοῦ,
3522 2081 3628 2132 Πε-

2047 2152 2294 2224 ριέμενον
2319 2153 2410 2210 οῦν
2439 2159 2536 2230 τὴν
2562 2161 2654 2214 τοῦ
2683 2164 2885 2236 Κυρίου
2921 2184 3021 2236 μου
3062 2169 3233 2238 Ἰησοῦ
3257 2171 3490 2243 Χριστοῦ
3515 2175 3629 2225 ἐπιο

2042 2246 2241 2316 δημίαν
2273 2250 2365 2302 καὶ
2404 2253 2759 2326 πατριάρχαι,
2813 2258 2906 2310 καὶ
2948 2262 3244 2332 προφῆται,
3273 2263 3365 2316 καὶ
3402 2264 3622 2328 πάντες,

2042 2337 2108 2388 ἵν’
2130 2336 2303 2403 οὕτως
2334 2340 2429 2411 τὴν
2471 2343 2589 2396 ὁδὸν
2623 2345 2808 2418 ἀνοίξῃ
2835 2364 2848 2378 °
2891 2367 2909 2399 ι
2954 2350 3094 2419 Ἐγώ
3122 2354 3234 2423 εἰμι
3280 2355 3312 2425 ἡ
3347 2354 3484 2419 ὁδὸς,
3513 2354 3625 2425 ἐγώ

2042 2430 2156 2498 εἰμι
2190 2431 2222 2500 ἡ
2259 2430 2417 2502 θύρα.
2457 2452 2475 2484 ι
2519 2435 2664 2499 ὐδὸς
2693 2438 2840 2491 ἐστιν
2888 2442 2977 2494 ἐπὶ
3025 2441 3084 2494 τὸ
3122 2442 3275 2507 ξύλον
3317 2446 3416 2516 τῆς
3456 2444 3620 2516 ζωῆς,

2041 2519 2125 2571 ἵνα
2156 2520 2399 2592 γένηται,
2448 2523 2542 2577 ἐὰν
2586 2527 2797 2598 διέλθῃς
2834 2530 2921 2584 διὰ
2962 2534 3152 2603 πυρὸς,
3182 2535 3312 2603 φλὸξ
3353 2539 3413 2590 οὐ
3457 2556 3626 2592 καταο-

2039 2609 2232 2662 καύσει
2299 2629 2390 2666 σε·
2448 2616 2600 2668 ποίου
2645 2619 2814 2689 πυρὸς
2856 2622 3012 2688 ἔταξε
3063 2625 3132 2676 τὰ
3181 2627 3468 2697 χερουσίμ,
3524 2631 3620 2683 καὶ

2037 2697 2134 2769 τὴν
2168 2700 2424 2773 φλογίνην
2473 2707 2747 2776 ῥομφαίαν
2778 2708 2876 2780 τὴν
2922 2715 3294 2786 στρεφομένην
3329 2717 3620 2785 φυλάσσειν

2036 2791 2136 2880 τὴν
2163 2793 2278 2846 ὁδὸν
2307 2795 2400 2848 τοῦ
2427 2795 2583 2860 ξύλου
2611 2799 2710 2870 τῆς
2761 2799 2932 2870 ζωῆς
2971 2804 3111 2858 ὥστε
3143 2806 3232 2861 διὰ
3266 2807 3421 2861 τοῦτο
3465 2825 3619 2880 περι-

2035 2879 2227 2952 έμενον
2252 2885 2302 2936 οῐ
2327 2889 2585 2959 μακάριοι
2615 2893 2730 2945 ἐκεῖ
2757 2895 3067 2965 οἰκονομίαν
3095 2900 3392 2966 ποιοῦντες,
3424 2901 3518 2952 καὶ
3545 2901 3620 2974 μὴ

2033 2973 2320 3046 δυνάμενοι
2343 2978 2477 3032 ὅπου
2518 2982 2578 3034 τὸ
2609 2983 2763 3049 ξύλον
2786 2987 2885 3057 τῆς
2915 2987 3082 3058 ζωῆς,
3125 2993 3258 3044 ὅπου
3297 2992 3327 3044 6
3358 2973 3618 3064 παράδειέ

2037 3083 2126 3131 σος
2149 3069 2176 3121 6
2203 3069 2293 3122 τοῦ
2322 3069 2479 3135 Θεοῦ,
2514 3074 2650 3127 ὅπου
2674 3079 2702 3129 6
2740 3078 2872 3142 Θεὸς
2902 3081 3166 3152 γεωργὸς,
3197 3085 3332 3136 ὅπου
3363 3086 3411 3137 οἱ
3440 3085 3618 3155 μακά-

2037 3173 2140 3229 ριοι
2194 3160 2287 3212 καὶ
2331 3162 2596 3229 ἐκλεκτοὶ,
2644 3167 2738 3220 καί⁹
2779 3169 2924 3238 ἅγιοι
2946 3172 3102 3236 Θεοῦ,
3133 3175 3404 3242 γενέσθαι.
3451 3177 3617 3231 Οὐδὲν

2033 3242 2127 3300 οὖν
2159 3249 2496 3322 πρόσκομμα
2530 3255 2671 3308 κατά
2715 3257 2806 3310 τὸν
2847 3259 3012 3314 τόπον
3053 3262 3230 3315 ἐστίν’
3265 3262 3400 3317 ἀλλὰ
3440 3264 3619 3320 πάντα

2034 3337 2355 3408 θαυμασίως
2394 3343 2724 3412 γέγραπται.
2771 3349 2864 3400 καὶ
2909 3350 3155 3422 νενόηται
3193 3349 3274 3416 οἷς
3319 3353 3385 3406 ἂν
3424 3356 3454 3407 6
3485 3353 3616 3418 Θεὸς

2031 3427 2377 3503 ἀποκαλύψῃ.
2404 3433 2668 3505 Περισσὸν
2693 3437 2749 3489 δέ
2784 3456 2836 3490 τι
2867 3439 3064 3511 ἔχομεν
3091 3443 3250 3513 ἡμεῖς
3280 3445 3329 3496 οἰ
3358 3444 3451 3497 ἐπὶ
3495 3464 3616 3499 συν-

2033 3515 2212 3584 τελείᾳ
2244 3518 2351 3570 τῶν
2386 3520 2598 3574 αἰώνων
2641 3522 2979 3594 ἐληλυθότες.
3031 3530 3096 3581 Τί
3137 3533 3426 3602 περισσόν;
3491 3534 3614 3588 Ἐὰν

2033 3604 2436 3678 ἀπαλλαγῶμεν
2463 3613 2742 3683 γενόμενοι
2767 3615 2921 3670 καλοί
2947 3620 3039 3672 καί⁹
3065 3622 3280 3690 ἀγαθοὶ,
3317 3625 3390 3696 μὴ
3415 3626 3615 3694 ἐπαγό-

2036 3711 2186 3764 μενοι
2219 3697 2287 3750 τά
2307 3698 2408 3768 τῆς
2441 3701 2712 3773 ἁμαρτίας
2737 3708 2952 3778 φορτία,
2983 3710 3364 3782 διελευσόμεθα
3399 3717 3493 3769 καὶ
3519 3715 3614 3770 a6-

2031 3786 2116 3879 τοὶ
2152 3787 2248 3879 τῂν
2298 3789 2553 3879 φλογίνην
2600 3798 2897 3866 ῥομφαίαν,
2928 3802 3022 3855 καὶ
3066 3803 3124 3856 οὐ
3175 3807 3612 3879 κατελευσόμεθα

2032 3877 2112 3939 εἰς
2149 3876 2245 3948 τὴν
2276 3877 2458 3952 χώραν
2497 3883 2630 3936 ὅπου
2678 3889 2998 3958 περιέμενον
3032 3891 3122 3944 τὸν
3150 3893 3382 3963 Χριστὸν
3422 3876 3484 3946 οἰ.
3507 3895 3611 3965 πρὸ

2030 3966 2129 4037 τῆς
2167 3971 2468 4040 παρουσίας
2504 3975 2669 4028 αὐτοῦ
2719 3978 3080 4051 κοιμώμενοι·
3125 3983 3508 4055 διελευσόμεθα
3552 3986 3608 4040 δὲ

2033 4057 2198 4128 μηδὲν
2256 4060 2615 4134 βλαπτόμενοι
2672 4069 2776 4122 ὑπὸ
2841 4071 2941 4140 τῆς
2992 4072 3248 4145 φλογίνης
3307 4077 3602 4148 ῥομφαίας,

2034 4168 2054 4202 ι
2103 4150 2367 4205 Ἐκάστου
2398 4154 2454 4207 δὲ
2488 4157 2547 4209 τὸ
2570 4157 2730 4230 ἔργον
2762 4161 2942 4216 ὁποῖόν
2975 4164 3113 4229 ἐστι,
3138 4165 3199 4218 τὸ
3228 4167 3338 4238 πῦρ
3364 4169 3494 4221 αὐτὸ
3522 4169 3608 4222 δο-

2028 4243 2274 4314 κιμάσει.
2303 4245 2372 4297 Εἰ
2395 4265 2540 4312 τινος
2570 4249 2631 4302 τὸ
2663 4251 2823 4322 ἔργον
2855 4257 3283 4326 κατακαήσεται,
3325 4259 3605 4330 ζημιωθή-

2029 4352 2199 4401 σεται,
2223 4339 2384 4404 αύτὺς
2409 4340 2465 4394 δὲ
2499 4342 2800 4415 σωθήσεται
2823 4345 2994 4412 οὕτως
3023 4349 3098 4412 ὡς
3135 4349 3222 4403 διὰ
3251 4352 3440 4422 πυρός.
3473 4371 3490 4403 ι
3520 4354 3605 4405 Διι-

2025 4427 2356 4500 ελευσόμεθα
2383 4427 2497 4486 οὖν.
2527 4435 2636 4487 Καὶ
2662 4437 2824 4492 πλέον
2856 4439 3049 4511 ἔχομέν
3076 4459 3148 4504 τι,
3180 4444 3271 4496 καὶ
3296 4445 3414 4514 οὐχὶ
3443 4445 3603 4499 δυνά-

345 4537 538 4598 rimus,
557 4536 750 4591 melius
778 4547 833 4590 et
864 4536 1237 4599 dissolvemur,
1265 4537 1580 4604 erimusque
1609 4551 1733 4589 cum
1763 4533 1922 4588 Chri-

2036 4519 2167 4590 μεθα
2199 4521 2377 4586 καλῶς
2411 4523 2702 4593 βιώσαντες
2741 4529 2927 4593 κακῶς
2973 4531 3298 4598 ἀπαλλάξαι.
3341 4534 3454 4588 Οὐκ
3484 4533 3603 4589 ἐλε-

341 4627 476 4681 sto?
499 4627 791 4695 Propterea
825 4642 947 4680 cum
987 4627 1127 4681 ultra
1157 4634 1385 4681 caeteros
1422 4627 1473 4680 id
1503 4626 1784 4691 habemus,
1817 4639 1918 4680 nec

341 4720 461 4775 lere
494 4720 566 4774 sit
589 4719 1037 4786 emolumentum,
1071 4734 1195 4774 cum
1243 4720 1295 4773 in
1336 4717 1444 4773 line
1478 4717 1792 4773 saeculorum
1827 4718 1923 4772 de—

343 4809 676 4874 venerimus,
715 4810 874 4880 primi
910 4811 1195 4866 denarium
1245 4809 1614 4878 accipiemus:
1645 4824 1770 4863 nam
1795 4809 1919 4864 audi

340 4899 655 4970 parabolam
681 4901 734 4955 ³ι
769 4919 789 4952 ι
823 4899 1092 4973 Incipiens
1111 4901 1276 4958 dabat
1297 4900 1572 4955 denarium
1599 4901 1668 4955 ab
1694 4899 1919 4955 ultimis.

337 4994 412 5046 At
437 4993 596 5061 primi
631 4994 1022 5050 existimabant
1067 5012 1126 5052 se
1162 4995 1338 5065 maius
1379 4994 1654 5064 quidpiam
1702 4993 1920 5048 habitu-

336 5100 448 5139 ros.
482 5105 501 5137 ι
534 5084 614 5139 Τιι
640 5101 770 5155 ει·ᾳο
809 5088 1042 5157 primus,
1067 5089 1162 5158 qui
1191 5090 1418 5143 ultimus
1458 5086 1676 5151 venisti,
1705 5100 1914 5140 merce-

334 5178 456 5232 dem
493 5194 520 5231 a
557 5179 948 5248 patrcl'amilias
987 5181 1190 5250 accipis
1221 5182 1272 5234 in
1318 5180 1532 5234 Christo
1563 5177 1689 5232 Jesu
1727 5176 1904 5230 Domi-

337 5285 407 5324 no
432 5281 639 5337 nostro,
665 5272 748 5325 cui
772 5282 854 5327 est
882 5272 1053 5343 gloria
1093 5284 1150 5329 et
1183 5271 1549 5344 imperiumin
1591 5269 1786 5326 saecula
1815 5283 1917 5323 sa:-

334 5361 599 5417 cnlnrum.
634 5365 826 5419 Amen.

2021 4638 2117 4689 γον
2141 4624 2190 4675 οἱ
2228 4624 2464 4696 ἀρχαῖοι,
2491 4627 2609 4680 οὐδέ
2648 4631 2696 4682 οἰ
2733 4631 3088 4703 πατριάρχαι,
3130 4634 3250 4686 οὐδὲ
3290 4637 3337 4687 οἱ
3390 4635 3601 4706 προφῆ-

2023 4737 2132 4776 ται.
2165 4724 2238 4775 Οὐ
2265 4723 2540 4796 δυνάμεθα
2568 4729 2728 4797 ἡμεῖς
2758 4732 2951 4793 εἰπεῖν,
2975 4731 3069 4785 ἐὰν
3091 4732 3268 4794 καλῶς
3294 4733 3596 4805 βιώσωμεν,

2025 4813 2238 4868 κάλλιον
2270 4818 2364 4869 καί
2387 4818 2670 4883 ἀναλῦσαι,
2703 4821 2797 4873 καὶ
2837 4822 2933 4874 σὺν
2955 4823 3173 4894 Χριστῷ
3199 4821 3366 4890 εἶναι;
3398 4828 3600 4900 Διόπερ

2023 4905 2197 4970 οὕτως
2229 4907 2442 4978 ἔχοντές
2478 4928 2531 4963 τι
2577 4911 2737 4965 πλέον
2768 4914 2860 4966 καὶ
2891 4914 3024 4968 πολὺ
3068 4917 3257 4987 κέρδος
3299 4919 3357 4971 ἐν
3389 4918 3467 4989 τῷ
3505 4919 3600 4974 ἐπὶ

2025 5001 2305 5073 συντελείᾳ
2334 5004 2442 5057 τῶν
2476 5004 2684 5060 αἰώνων
2719 5006 3055 5078 ἐληλυθέναι,
3099 5010 3303 5081 πρῶτοι
3346 5012 3406 5065 τὸ
3444 5013 3598 5084 δηνά-

2024 5109 2138 5164 ριον
2184 5093 2560 5166 λαμϐάνομεν*
2615 5097 2777 5152 ἄκουε
2820 5099 2927 5171 γὰρ
2965 5100 3064 5170 τῆς
3109 5102 3442 5173 παραϐολῆς,
3491 5105 3594 5171 ὅτι,

2029 5203 2048 5236 ι
2090 5185 2419 5257 Ἀρξάμενος
2440 5189 2613 5243 ἐδίδου
2652 5192 2713 5245 τὸ
2759 5193 3011 5265 δηνάριον
3049 5195 3154 5249 άπὸ
3192 5199 3299 5250 τῶν
3333 5198 3593 5267 ἐσχάτων.

2021 5277 2083 5328 Ol
2113 5276 2168 5328 δὲ
2210 5277 2419 5348 πρῶτοι
2453 5279 2640 5350 ᾤοντο,
2677 5284 2758 5337 ὅτι
2791 5286 2971 5340 πλεῖον
3015 5288 3294 5359 λήψονται.
3328 5309 3347 5340 ι
3385 5291 3456 5344 Σὺ
3504 5287 3598 5344 οὖν

2019 5364 2254 5434 πρῶτος,
2275 5369 2303 5420 6
2319 5367 2543 5440 ἔσχατος
2572 5372 2763 5440 ἐλθὼν,
2786 5375 3082 5447 λαμόάνεις
3104 5381 3230 5443 τοὺς
3249 5379 3473 5449 μισθοὺς
3489 5379 3597 5434 ἀπὸ

331 5453 422 5507 τοῦ
445 5456 820 5512 οἰκοδεσπότου
836 5460 894 5512 ἐν
919 5458 1139 5530 Χριστῷ
1153 5457 1324 5530 Ἰησοῦ
1348 5456 1426 5528 τῷ
1455 5457 1644 5530 Κυρίῳ
1675 5457 1849 5529 ἡμῶν,
1873 5450 1917 5525 ᾧ
1934 5460 1967 5530 η
1983 5457 2105 5524 δόξα
2139 5461 2233 5516 καὶ
2245 5463 2307 5518 τὸ
2322 5465 2522 5536 κράτος
2537 5469 2617 5534 εἰς
2636 5471 2760 5535 τοὺς
2781 5471 2982 5538 αἰῶνας
2999 5473 3106 5528 τῶν
3133 5474 3360 5529 αἰώνων.
3403 5476 3592 5546 Ἀμήν.

402 5613 446 5646 ⁵⁷
477 5615 614 5669 Gen.
635 5630 719 5680 ιιι.
741 5617 833 5674 ‘24.
908 5619 954 5652 ’⁸
974 5619 1146 5674 Exod.
1169 5621 1389 5687 xuv,2l.
1467 5620 1513 5652 θ’
1534 5615 1688 5688 Joan.
1723 5632 1834 5684 xxv,
1855 5615 2097 5684 6;Joan.
2120 5637 2175 5685 ι,
2204 5623 2258 5683 9.
2337 5627 2532 5684 ‘lCor.
2557 5646 2638 5699 ιιι,
2660 5632 2744 5688 l5.
2823 5636 2843 5668 ¹
2868 5635 2978 5691 bid.
3003 5633 3091 5692 l5.
3166 5634 3389 5691 ‘Matth.
3413 5652 3506 5701 xx,
3539 5637 3590 5694 8.

407 5706 520 5778 (l6)
556 5711 891 5780 Προφήτης.
925 5713 1312 5783 Srribendum,
1340 5716 1445 5790 πρὸ
1478 5715 1597 5785 τῆς.
