4124 6382
437 336 570 392 1051
1867 348 1956 401 PX
1996 350 2065 404 Ol

2046 350 2294 407 ΒΙΟΕΝΕ
3537 361 3674 413 1052

1880 505 1966 517 η’*

1168 652 2109 790 ΩΡΙΓΕΝΟΥΣ
2208 664 2955 801 ΕΚΛΟΓΑΙ

1857 895 2028 980 ΕΙΣ
2091 897 2297 982 ΙΩΒ.

1983 507 3422 538 ._..__—__________________

986 1201 1212 1313 EX
1323 1202 2159 1324 ORIGENE
2291 1213 3132 1354 SELECTA

1833 1433 1955 1517 IN
2040 1432 2298 1525 JOB.

1102 1747 1255 1803 CAP.
1295 1749 1334 1806 Ι.
2039 1764 2088 1820 Α

2039 1764 2088 1820 Δ
2766 1765 2920 1818 ΚΕΦ.
2961 1771 3036 1820 Α’.

503 1843 666 1897 Vens.
699 1843 780 1896 l7.
821 1841 1036 1911 Equites
1065 1841 1296 1908 fecerunt
1333 1843 1478 1897 nobis
1502 1847 1675 1912 capita
1708 1849 1808 1900 tria
1830 1858 1875 1901 et
1901 1850 2006 1903 cir-

2176 1856 2239 1906 Ol
2266 1852 2464 1919 ἱππεῖς
2515 1854 2814 1922 ἐποίησαν
2871 1858 3016 1926 ἡμῖν
3067 1860 3334 1928 κεφαλὰς
3383 1863 3538 1930 τρεῖς
3582 1869 3681 1922 καὶ

430 1935 809 1989 cumdederunt
847 1932 1096 1985 camelos.
1144 1930 1397 1987 Camelos
1450 1935 1615 2004 igitur
1670 1940 1724 1992 in
1761 1943 2006 2009 equitum

2109 1943 2466 1997 ἐκύκλωσαν
2488 1944 2592 2008 τὰς
2619 1943 2948 2012 καμήλους.
2994 1947 3102 2009 Τὰς
3135 1949 3230 2018 μὲν
3287 1947 3378 2003 οὖν
3409 1955 3683 2023 καμήλους

429 2035 753 2097 potestatem
787 2025 1024 2093 redegit;
1052 2025 1232 2078 asinos
1255 2042 1316 2077 ac
1341 2025 1465 2096 juga
1494 2029 1659 2084 boum
1698 2031 1765 2086 iis
1793 2035 1881 2100 qui
1909 2035 2008 2089 ab-

2110 2035 2375 2104 πεποίηκε
2405 2034 2655 2103 γενέσθαι
2688 2035 2790 2087 ὑπὸ
2818 2037 2940 2100 τοὺς
2969 2038 3168 2101 ἱππεῖς·
3197 2040 3296 2101 τὰς
3324 2042 3474 2107 ὄνους
3505 2045 3562 2097 δὲ
3590 2047 3684 2098 καὶ

429 2119 724 2182 duxerunt,
764 2114 1008 2177 addixit;
1042 2129 1173 2168 oves
1227 2114 1594 2173 inﬂammatus
1646 2122 1796 2184 odio,
1823 2125 2008 2177 incen-

2108 2123 2176 2176 τὰ
2205 2122 2372 2195 ζεύγη
2414 2124 2520 2177 τῶν
2557 2124 2695 2194 βοῶν
2731 2126 2836 2178 ὑπὸ
2865 2129 2989 2190 τοὺς
3045 2131 3560 2200 αίχμαλωτίζοντας·
3616 2139 3683 2192 τὰ

429 2208 516 2261 dio
551 2208 870 2269 interemit;
903 2206 1031 2260 llliis
1062 2220 1298 2274 quoque,
1340 2223 1462 2260 cum
1516 2224 1858 2279 compararet
1884 2217 2007 2269 insi-

2109 2214 2353 2284 πρόϐατα
2377 2214 2432 2266 δὲ
2461 2216 2660 2285 ἐμίσει·
2692 2216 2778 2269 διὰ
2803 2217 2960 2270 τοῦτο
2993 2219 3102 2290 πῦρ
3130 2223 3214 2274 ἐπ’
3254 2224 3390 2277 αὑτὰ
3446 2230 3684 2298 κατήγα-

429 2297 570 2360 dias,
609 2298 884 2365 patrandae
926 2297 1076 2351 necis
1138 2299 1593 2364 opportunitatem
1651 2305 2002 2360 observabat.

2107 2323 2220 2373 γεν·
2261 2305 2395 2358 ἀλλὰ
2445 2309 2535 2359 καὶ
2581 2310 2690 2371 τοῖς
2740 2311 2872 2372 υἱοῖς
2917 2311 3239 2366 ἐπεϐούλευε
3263 2353 3277 2376 ,
3348 2318 3440 2368 καὶ
3498 2319 3683 2390 καιρὸν

430 2390 486 2444 Si
515 2388 830 2442 ollcudisset
869 2405 962 2444 eos
996 2387 1260 2456 legentes,
1297 2391 1514 2444 domum
1571 2409 1680 2449 non
1716 2397 2005 2463 attigisset,

2106 2397 2286 2468 ἐζήτει
2320 2398 2411 2451 τοῦ
2448 2399 2644 2462 αὑτοὺς
2701 2401 2982 2454 ἀπολέσαι.
3034 2405 3096 2455 EE
3129 2405 3354 2477 εὑρήκει
3411 2411 3680 2478 ἀναγινώ-

428 2489 484 2534 et
512 2480 577 2533 ad
611 2479 1048 2534 interﬁciendum
1085 2481 1236 2534 locus
1280 2482 1571 2549 defuisset;
1624 2485 1668 2539 si
1721 2499 2008 2554 precantes

2109 2502 2355 2548 σκοντας,
2390 2487 2489 2539 οὑκ
2527 2488 2592 2540 ἂν
2629 2488 2805 2557 ἥψατο
2832 2490 2930 2558 τῆς
2956 2493 3152 2558 οἰκίας,
3191 2497 3308 2549 οὑδέ
3354 2498 3514 2552 τόπον
3565 2495 3680 2571 εἶχε

431 2571 744 2634 invenisset,
776 2571 908 2623 nihil
941 2581 1132 2624 contra
1168 2572 1289 2628 illos
1318 2572 1532 2627 ellicere
1577 2576 1840 2641 potuisset
1870 2597 1882 2630 :
1913 2579 2006 2631 sed

2105 2575 2199 2626 τοῦ
2227 2577 2423 2640 αὑτοὺς
2454 2578 2792 2630 ἀποκτεῖναι·
2830 2581 2877 2630 εί
2919 2582 3143 2651 εὑρήκει
3189 2589 3676 2658 προσευχομένους,

430 2678 551 2715 cum
581 2663 1030 2729 Opportunitatem
1058 2675 1248 2719 nactus
1282 2665 1498 2729 luisset,
1531 2665 1831 2734 praevaluit.
1863 2667 2006 2733 Qua-

2105 2664 2257 2716 οὑδέν
2292 2664 2510 2717 ἐδύνατο
2554 2665 2775 2734 ποιῆσαι
2818 2669 2938 2718 κατ’
2989 2668 3185 2721 αὑτῶν·
3237 2670 3349 2722 ἀλλ’
3389 2674 3477 2724 ὅτε
3523 2669 3679 2743 εῦρεν

431 2753 498 2807 lis
529 2765 713 2807 autem
745 2755 967 2808 occasio
999 2763 1054 2809 et
1103 2759 1480 2826 opportunitas
1513 2757 1652 2810 luit?
1675 2767 1831 2826 potus
1863 2771 2003 2827 erat,

2107 2753 2409 2825 εὐκαιρίαν,
2446 2755 2649 2823 τσχυσε.
2684 2755 2838 2816 Ποῖος
2862 2748 2928 2824 ἦν
2965 2756 2992 2807 6
3015 2757 3202 2828 καιρός
3229 2774 3242 2820 ;
3275 2759 3412 2828 μέθη
3435 2756 3522 2829 ἦν,
3551 2777 3679 2829 συμ-

428 2844 732 2898 convivium
761 2854 896 2898 erat.
924 2844 999 2897 Eo
1024 2860 1151 2900 vero
1177 2847 1318 2914 quod
1341 2857 1574 2916 quatuor
1609 2847 1804 2903 domus
1830 2865 2002 2918 angu-

2109 2845 2294 2897 πόσιον
2315 2840 2402 2916 ἦν.
2444 2845 2532 2914 Τῷ
2563 2845 2618 2898 δὲ
2647 2845 2755 2898 τῶν
2783 2845 2997 2914 γωνιῶν
3051 2847 3289 2915 ἅψασθαι
3316 2848 3375 2900 τὸ
3429 2849 3643 2918 πνεῦμα
3662 2889 3675 2911 ,

431 2933 510 2988 los
555 2945 749 2989 ventus
801 2936 1112 3005 contigerit,
1149 2937 1295 2991 disce
1339 2939 1390 2990 in
1441 2939 1652 3006 angulis
1698 2939 2001 3008 platearum

2105 2937 2416 3007 ἐπίστησον,
2439 2937 2521 2988 ὅτι
2541 2939 2598 2990 ἐν
2627 2940 2746 3001 ταῖς
2778 2938 2883 2990 τῶν
2921 2938 3131 3005 γωνιῶν
3163 2939 3442 3002 πλατείαις
3468 2940 3601 3010 (I6')
3627 2943 3677 2992 οἱ

430 3026 738 3097 hypocritas
789 3026 856 3079 ad
892 3027 1156 3081 orandum
1208 3029 1552 3083 consistere:
1588 3031 1680 3084 sed
1727 3040 1782 3084 et
1834 3047 2003 3086 unus-
2032 3096 2058 3102 _

2053 3097 2067 3102 _
2106 3029 2396 3102 ὑποκριταὶ
2415 3030 2644 3092 ἑστῶτες
2664 3031 3073 3100 προσεύχονται·
3092 3033 3199 3093 πᾶς
3219 3030 3274 3082 δὲ
3291 3032 3318 3083 6
3336 3030 3409 3102 μὴ
3427 3032 3681 3102 ἐπιϐεϐη-

429 3096 676 3184 quisqne,
721 3117 809 3185 qui
837 3117 974 3169 haud
1009 3126 1152 3170 recta
1190 3116 1397 3172 incedit
1427 3119 1534 3184 via,
1561 3119 1768 3190 angulis
1797 3123 1997 3175 utitur:
2032 3096 2057 3150 Ῑ

2049 3097 2074 3149 3
2104 3122 2213 3185 κὼς
2235 3123 2445 3186 εὐθείας
2467 3122 2587 3175 ὁδοῦ
2614 3126 2732 3186 ταῖς
2771 3122 2998 3192 γωνίαις
3026 3122 3308 3194 κέχρηται·
3349 3122 3576 3178 πλατεῖα
3620 3125 3677 3177 δὲ

430 3205 617 3272 plateae
643 3221 770 3260 vero
798 3207 1032 3278 angulus
1050 3217 1156 3272 est,
1192 3210 1482 3264 vehemens
1505 3220 1671 3279 atque
1702 3211 1868 3266 ellusa
1899 3214 2001 3267 im-

1702 3211 1868 3266 ell’usa
1899 3214 2001 3267 im-
2102 3214 2273 3282 γωνία
2305 3214 2450 3267 ἐστὶν
2478 3215 2511 3284 ἡ
2541 3213 2710 3283 πολλὴ
2733 3213 2828 3266 καὶ
2854 3212 3110 3282 ἀνειμένη
3137 3213 3322 3265 κακία.

428 3296 688 3365 probitas.

1029 3404 1181 3460 CAP.
1220 3405 1364 3461 xxx.
2192 3476 2205 3482 _

2192 3476 2205 3482 -
2738 3429 2894 3481 ΚΕΦ.
2928 3428 3026 3482 ΙΘ¹.

502 3538 659 3593 Vens.
691 3539 742 3592 1.
770 3537 1048 3607 Usquequo
1077 3539 1370 3593 molestiam
1391 3541 1596 3608 facietis
1624 3545 1814 3597 anima:
1837 3546 2004 3597 meas?

2177 3521 2323 3585 Ἕως
2354 3521 2516 3584 τίνος
2545 3519 2806 3588 ἕγκοπον
2831 3518 3113 3584 ποιήσετε
3140 3516 3350 3586 ψυχήν
3369 3533 3518 3585 μου;
3545 3517 3674 3569 ’Ὥσ-

427 3627 894 3692 anmadmodum
923 3641 1090 3680 onera
1141 3629 1327 3694 gravia
1367 3629 1696 3685 animalibus
1724 3633 2001 3702 imposita,

2105 3627 2210 3680 περ
2248 3608 2475 3678 σώματα
2518 3610 2691 3680 βαρέα
2740 3609 3092 3677 ἐπιτιθέμενα
3147 3608 3299 3672 ζώων
3331 3608 3542 3677 σώμασι
3578 3608 3677 3660 κάρ

2412 3701 2435 3712 -
2509 3698 2521 3712 .
2591 3698 2616 3712 η
2743 3697 2796 3712 ...
3009 3695 3030 3712 η
3225 3698 3234 3712 .
3282 3696 3294 3712 .
3531 3696 3587 3712 ς,

431 3717 802 3771 lassitudinem
833 3716 1175 3785 gestantibus
1203 3716 1458 3782 alieruul,
1479 3719 1548 3772 ita
1568 3735 1759 3786 graves
1783 3696 2004 3789 quidam

2108 3715 2258 3769 μνειν
2292 3701 2435 3750 ποιεῖ
2467 3698 2534 3750 τὰ
2591 3697 2944 3766 βαστάζοντα·
2976 3696 3147 3758 οὓτως
3191 3696 3294 3748 εἰσί
3335 3713 3476 3758 τινες
3531 3696 3675 3763 λόγοι

429 3811 483 3853 et
522 3799 729 3852 molesti
766 3784 1048 3851 sermones
1084 3810 1232 3864 sunt,
1261 3814 1397 3868 quos
1415 3802 1505 3868 qni
1529 3784 1697 3866 audit,
1729 3805 1778 3856 vi
1800 3784 2007 3858 verbo-

2107 3785 2310 3855 βαρεῖς,
2337 3785 2430 3848 οὒς
2449 3785 2688 3847 ἀκούσας
2721 3802 2828 3848 τις,
2869 3786 3068 3855 κάμνει
3107 3785 3181 3848 ὡς
3205 3785 3308 3837 ὑπὸ
3339 3784 3537 3855 βάρους
3559 3801 3677 3837 πιεο

432 3905 552 3943 rnm
581 3905 699 3957 qua:
721 3904 842 3943 cum
881 3889 1126 3942 convicio
1159 3899 1212 3943 et
1241 3893 1538 3944 acerbitate
1565 3893 1631 3946 ad
1664 3893 2008 3948 calumnian-

2105 3871 2329 3943 ζόμενος
2359 3874 2455 3944 τῆς
2484 3874 2763 3944 δυνάμεως
2794 3874 2902 3926 τῶν
2932 3874 3123 3942 λόγων,
3164 3874 3272 3927 τῶν
3313 3874 3677 3937 ὀνειδιστικῶς

433 3981 558 4031 dum
611 3979 817 4046 prolata
852 3987 1000 4045 Slllll,
1034 3989 1288 4047 tauquam
1323 3994 1489 4033 onere
1529 3981 1713 4049 aliquo
1751 3991 2006 4050 gravatus

2105 3966 2201 4018 καὶ
2225 3965 2496 4036 χαλεπῶς,
2533 3966 2564 4035 ἢ
2609 3966 2702 4018 ἐπὶ
2757 3965 3042 4036 λοιδορίαις
3091 3966 3418 4036 εἰρημένων·
3463 3965 3538 4027 ὡς
3585 3967 3676 4017 καὶ

431 4068 677 4123 lassescit
724 4084 734 4118 :
789 4076 950 4138 prout
1005 4067 1174 4124 Jobus
1238 4070 1767 4138 imprazsentiarum,
1826 4072 1894 4126 ob
1940 4086 2003 4126 ea

2105 4056 2199 4111 νῦν
2223 4055 2331 4107 τῶν
2366 4057 2469 4108 ὑπὸ
2505 4056 2708 4109 saxeas
2734 4057 3058 4126 εἰρημένων,
3098 4057 3259 4108 οἱονεὶ
3317 4056 3537 4124 φορτίου
3592 4057 3676 4108 αί-

431 4177 550 4228 ane
578 4175 608 4213 a
644 4160 878 4216 Baldado
917 4161 1276 4223 dicebantur,
1313 4163 1465 4228 quasi
1507 4178 1644 4217 onus
1676 4177 1840 4233 grave
1880 4179 2005 4218 sen—

2105 4144 2355 4213 σθανθεὶς
2399 4146 2592 4217 βαρέος
2653 4145 2681 4196 6
2736 4144 2854 4197 Ἰὼϐ
2883 4184 2897 4208 ,
2943 4142 3135 4214 καμὼν
3180 4147 3245 4214 τῇ
3297 4144 3440 4214 ψυχῇ
3489 4162 3669 4216 φησιν·

433 4253 592 4315 tiens,
625 4251 782 4321 501
821 4263 876 4306 et
911 4252 1077 4305 animi
1104 4251 1310 4305 viribus
1339 4251 1561 4316 fractus,
1592 4253 1768 4321 inquit
1796 4277 1807 4309 ;
1843 4272 1862 4305 ι
1905 4254 2005 4309 Us-

2111 4239 2290 4301 «Ἒως
2314 4237 2456 4300 τίνος
2483 4235 2714 4304 ἕγκοπον
2738 4237 2988 4306 ποιήσετε
3018 4235 3111 4304 τὴν
3149 4236 3327 4306 ψυχήν
3357 4252 3487 4304 μου,
3528 4255 3548 4288 ι
3581 4237 3675 4290 καὶ

430 4357 644 4410 quequo
687 4343 984 4397 molestiam
1031 4344 1242 4398 facietis
1283 4344 1478 4397 anima:
1522 4359 1673 4407 mete.
1718 4363 1737 4396 ι
1786 4355 1840 4398 et.
1887 4355 2005 4398 tan.

2104 4327 2235 4380 ὡσεὶ
2263 4327 2481 4397 φορτίον
2507 4325 2642 4397 βαρὺ
2674 4325 2957 4396 βαρυνείτε
2993 4326 3110 4377 κατ’
3138 4324 3272 4394 ἐμοῦ
3299 4324 3424 4385 τοὺς
3450 4324 3672 4392 λόγουςς

429 4448 589 4501 quam
635 4434 782 4502 gravi
844 4436 1061 4488 sarcina
1114 4435 1293 4488 verbis
1335 4449 1419 4486 me
1461 4435 1802 4488 onerabitis‘l
1842 4435 1999 4491 Vides
2030 4438 2057 4494 C

2046 4436 2072 4494 ς
2116 4420 2299 4489 Ὁρᾷς,
2325 4420 2406 4470 ὅτι
2427 4416 2733 4487 τυραννικοί
2767 4418 2902 4468 εἰσιν
2943 4417 2990 4468 οἱ
3023 4414 3115 4467 τοῦ
3171 4414 3448 4483 Σαυχαίων
3479 4414 3674 4483 τυράν-

433 4532 488 4574 ut
524 4521 909 4574 Sauchzeorum
952 4525 1164 4590 tyranni
1197 4537 1478 4577 sermones
1511 4525 1846 4593 tyrannidem
1888 4527 1999 4594 spi-

2104 4526 2193 4563 νου
2219 4509 2386 4576 λόγοι,
2419 4507 2510 4570 οὒς
2535 4506 2774 4568 ἀκούσας
2801 4506 2830 4558 6
2865 4505 3003 4563 Ἰὼϐ.
3036 4505 3182 4572 λέγει
3204 4505 3278 4557 τὰ
3317 4504 3671 4575 προκείμενα.

434 4621 553 4664 rent
579 4629 595 4677 ;
627 4613 820 4678 quibus
842 4613 1068 4675 auditis,
1094 4611 1260 4667 Jobus
1291 4615 1457 4667 verba
1485 4630 1606 4681 qua:
1644 4630 1803 4683 supra
1837 4615 1998 4668 allata

2102 4601 2214 4669 Οὐχ
2239 4599 2409 4661 οὕτως
2430 4598 2538 4668 γὰρ
2563 4597 2898 4651 καθικνεῖται
2924 4596 3100 4665 ψυχῆς
3125 4595 3412 4666 ἀνθρώπου
3446 4595 3574 4649 ἄλλο
3601 4613 3672 4650 τι.

431 4711 580 4767 Sunt,
612 4701 862 4770 protulit.
901 4702 1042 4756 Nihil
1087 4706 1230 4758 enim
1275 4705 1409 4757 adeo
1446 4719 1616 4772 usque
1658 4705 1724 4758 ad
1771 4706 2001 4761 hominis

2100 4692 2174 4754 ὼς
2199 4691 2354 4759 λόγος
2383 4689 2632 4760 σκληρός·
2663 4687 2918 4750 πολλάκις
2941 4689 3046 4758 γάρ
3075 4705 3158 4750 τις
3185 4689 3480 4758 ὑπομείνας
3507 4687 3675 4758 βασά-

432 4796 668 4848 animam
705 4803 977 4860 penetrat,
1011 4809 1075 4848 ac
1098 4796 1310 4865 pungit,
1355 4804 1412 4848 ut
1444 4810 1625 4850 sermo
1656 4796 1857 4862 durus;
1896 4814 2001 4852 ειυ-

2101 4800 2223 4846 νους
2250 4781 2461 4852 σώματι
2484 4779 2953 4852 προσφερομένας,
2992 4779 3184 4847 λόγους
3209 4779 3307 4849 οὑχ
3360 4779 3673 4848 ὑπέμεινεν.

433 4900 732 4955 peuumero
786 4886 932 4938 enim
982 4887 1074 4954 qui
1109 4886 1352 4955 corporis
1398 4885 1672 4941 cruciatus
1722 4888 1998 4953 sustinuit,

2111 4878 2171 4928 '0
2201 4876 2446 4946 μέντοιγε
2501 4873 2706 4935 τέλειος
2755 4871 3010 4939 ἀθλητὴς.
3062 4873 3108 4923 εξ
3139 4873 3233 4923 καὶ
3285 4871 3528 4939 κάμνων,
3559 4869 3671 4922 ἀλλ’

433 4977 597 5030 verba
635 4993 739 5030 non
793 4976 936 5030 tulit.
980 4977 1270 5031 Perfectus
1299 4987 1478 5031 autem
1529 4977 1748 5038 athleta,
1797 4978 2001 5032 fractus

2099 4969 2360 5038 ὑπομένει
2387 4968 2512 5027 τοὺς
2546 4965 2816 5036 χαλεποὺς
2839 4963 3051 5030 λόγους·
3106 4962 3260 5032 ὓϐριν
3318 4961 3425 5032 γὰρ
3465 4959 3674 5031 ὑπομέ-

433 5067 557 5120 licet
583 5079 636 5121 et
663 5067 937 5135 fatigatus,
982 5067 1144 5122 verba
1197 5069 1474 5137 asperiora
1526 5068 1798 5136 patienter
1845 5067 1996 5134 l‘crt;

2100 5075 2232 5124 νειν,
2263 5057 2500 5128 μεγάλου
2528 5054 2722 5126 ἀνδρὸς
2754 5055 2885 5106 ἐστι·
2912 5053 3099 5119 διόπερ
3142 5052 3201 5104 ἐν
3253 5055 3364 5111 τοῖς
3404 5050 3671 5121 ἀνδραγα-

432 5158 817 5211 contumeliam
862 5173 990 5213 vero
1044 5159 1275 5213 tolerare
1327 5158 1504 5228 magni
1561 5169 1644 5211 cst
1689 5161 1829 5224 viri;
1860 5161 1999 5213 unde

2103 5152 2168 5219 θή
2179 5166 2340 5220 μασιν
2367 5145 2560 5201 ἐαυτοῦ
2589 5148 2616 5198 ὁ
2661 5143 2976 5206 Ἀπόστολος
3000 5141 3147 5209 λέγει
3167 5159 3179 5171 ·
3213 5161 3230 5192 ι
3264 5142 3672 5213 Λοιδορούμενοι

431 5247 720 5315 Apostolus
749 5247 968 5314 egregia
1023 5263 1119 5302 sua
1172 5247 1416 5301 facinora
1451 5262 1888 5302 commemorans
1918 5250 1999 5301 iu-

2101 5240 2447 5309 εὑλογοῦμεν·
2485 5236 2959 5307 βλασφημούμενοι
3009 5232 3449 5304 παρακαλοῦμεν.
3490 5252 3509 5284 ι
3565 5232 3673 5285 Καὶ

432 5339 547 5406 quit
587 5338 608 5370 ⁸
647 5356 659 5391 :
697 5338 1015 5393 «Conviciis
1067 5337 1248 5390 all‘ecti
1308 5336 1698 5399 benedicimus,
1752 5336 1996 5389 infamati

2102 5333 2196 5386 νῦν
2228 5332 2283 5384 δὲ
2317 5333 2346 5382 ὁ
2384 5329 2504 5383 ἰῶϐ
2547 5329 2716 5393 ἐστιν,
2747 5328 2774 5379 6
2802 5326 2910 5378 τῶν
2934 5325 3181 5396 ἀθλητῶν
3202 5322 3600 5390 γενναιότατος,
3642 5321 3671 5373 6

432 5444 732 5498 precamur.
772 5448 790 5481 ι
821 5428 972 5483 Nunc
1008 5444 1136 5484 vero
1162 5428 1327 5482 Johns
1353 5428 1446 5497 qui
1501 5429 1615 5482 haec
1644 5426 1796 5491 dicit,
1827 5425 1999 5481 athle-

2102 5425 2272 5479 ταῦτα
2297 5424 2487 5490 λέγων·
2523 5416 2582 5473 οῦ
2608 5421 2699 5474 καὶ
2730 5419 2790 5472 τὸ
2815 5418 3012 5488 βιϐλίον
3041 5417 3191 5470 οὐδὲν
3217 5414 3342 5470 ἄλλο
3381 5412 3671 5488 ἐξαιρέτως

538 5593 559 5624 ⁵
591 5595 607 5648 ι
637 5595 763 5653 Cor.
796 5615 869 5665 tv,
899 5600 986 5665 1‘2,
1021 5600 1104 5654 l3.

506 5731 639 5801 (ια)
670 5731 908 5786 Γωνιῶν
939 5734 1264 5798 πλατείαις.
1309 5733 1457 5802 Legit
1488 5733 1756 5802 interpres
1779 5730 2005 5800 γωνίαις
2033 5728 2134 5802 πλᾳ

2037 5727 2326 5802 πλατειῶν,
2357 5740 2477 5779 mox
2517 5722 2777 5786 πλατείας
2797 5721 2968 5790 γωνία
2989 5738 3002 5751 ·
3032 5720 3188 5780 initio
3212 5719 3374 5776 etiam
3397 5733 3514 5792 cap.
3551 5735 3665 5792 seq.

437 5795 557 5870 legit
593 5795 806 5870 φορτία,
846 5803 961 5856 loco
999 5795 1254 5872 σώματαλ
1298 5795 1482 5871 sicque
1516 5795 1737 5857 «mulino
1765 5795 2065 5871 legi-udum.

875 5819 961 5856 aco
999 5795 1254 5872 σώματα-⁸
1298 5795 1482 5871 sicque
1516 5795 1737 5857 omnino
1765 5795 2236 5871 lcgt'ttdnml'lbt'r.
2268 5795 2503 5849 I‘ATPOL.
