4124 6424
448 408 588 466 1053

1784 398 2095 455 SELECTA
2128 397 2194 452 IN
2230 396 2369 453 JOB.

3560 399 3697 455 1031

446 528 691 599 περιέχει
716 524 867 595 ἢτὴν
897 522 1144 593 ἀνδρείαν
1166 519 1332 575 αὑτοῦ
1357 522 1447 575 καὶ
1462 522 1560 592 τὴν
1580 522 1877 592 ὑπομονήν·
1902 520 2011 574 ἀλλ’

2126 529 2304 572 tarum
2355 517 2788 578 strenuissimus,
2841 525 2896 570 et
2945 514 3096 583 cujus
3146 514 3279 569 liber
3329 516 3695 573 fortitudinem

445 620 595 688 ὅμως
618 614 931 671 αἰσθάνεται
964 614 1069 667 τῶν
1094 614 1355 683 καμάτων
1379 607 1452 665 ὧν
1478 612 1748 682 κεκμήκει
1786 611 1893 663 ἀπὸ
1922 610 2015 663 τοῦ

444 710 601 779 λόγου
634 709 729 762 τοῦ
760 706 995 779 σκληροῦ
1018 705 1126 759 τῶν
1154 704 1487 775 ἐληλυθότων
1510 703 1670 757 αὑτὸν
1722 703 2019 772 ἐπισκοπῆ-

446 819 558 857 σαι.
592 801 699 853 Καὶ
748 799 936 869 ἐπειδὴ
997 800 1032 865 ἡ
1079 796 1172 850 τοῦ
1225 796 1381 863 λόγου
1424 794 1682 866 βαρύτης,
1731 793 1919 863 ὥσπερ
1965 810 2017 844 τι

444 895 662 966 φορτίον
691 892 1062 962 ἐπιτιθέμενον
1094 892 1159 959 τῇ
1183 888 1349 958 ψυχῇ,
1376 888 1604 957 κάμνειν
1634 885 1802 955 αὐτὴν
1842 901 2020 956 παρα-

444 986 720 1051 σκευάζει,
747 986 835 1039 διά
871 984 1028 1037 τοῦτό
1061 1000 1246 1054 φησιν’
1288 981 1426 1035 Ἀνθ’
1453 982 1596 1044 ὅτου,
1622 974 1666 1031 ὦ
1695 978 1868 1047 φίλοι,
1897 980 2019 1040 ταῖς

441 1077 535 1129 τοῦ
565 1078 815 1146 σώματος
844 1074 1098 1145 ἀλγηδόσι
1124 1073 1440 1143 προστίθετε
1462 1072 1553 1123 τὸν
1580 1070 1679 1139 τῆς
1713 1069 1888 1138 ψυχῆς
1918 1068 2018 1121 πό-

443 1185 553 1230 νον,
584 1167 783 1239 μᾶλλον
810 1166 1123 1229 κεντοῦντες
1144 1168 1256 1228 τοῖς
1289 1167 1526 1235 ῥήμασιν
1557 1162 1589 1231 ἢ
1642 1160 1711 1212 τὰ
1765 1160 1909 1230 πάθη
1958 1159 2018 1213 τὸ

442 1258 644 1328 σῶμας

517 1439 915 1494 Καταλαλεῒτέ
944 1457 1080 1509 μου.
1134 1438 1399 1501 Πολλάκις
1446 1436 1734 1490 καταλαλεί
1786 1452 1870 1498 τις
1921 1451 2018 1487 κα-

442 1532 555 1595 κῶς
572 1533 757 1585 ποιῶν·
789 1534 916 1585 ὅταν
944 1532 999 1584 δὲ
1034 1530 1431 1602 ἀπερυθριάσῃ,
1452 1533 1530 1591 είς
1551 1529 1842 1599 πρόσωπον
1870 1527 2016 1595 λέγει

444 1628 655 1681 ἐκείνου
682 1666 696 1689 ,
758 1626 857 1677 οὐκ
908 1624 1165 1693 ἐλέγχων,
1212 1623 1338 1676 οὐδὲ
1389 1622 1593 1692 τάληθῆ
1646 1622 1838 1688 λέγων,
1900 1620 2013 1674 ἀλλ’

437 1716 715 1779 ὀνειδίζων
750 1716 845 1769 καὶ
870 1713 1124 1786 ὑϐρίζων.

2122 609 2239 677 ejus
2271 623 2333 663 ac
2366 608 2686 677 patientiam
2717 608 2993 677 praecipue
3025 608 3435 677 complectitur,
3482 609 3698 665 labores

2124 699 2478 755 nihilominus
2508 708 2561 751 et
2598 699 2877 754 molestias
2911 701 3196 769 persentit,
3229 714 3365 768 quas
3389 715 3453 754 ex
3478 701 3698 756 duriore

2121 803 2372 847 sermone
2424 804 2611 843 eorum
2642 791 2735 859 qui
2769 791 3037 845 invisendi
3076 806 3238 845 causa
3278 791 3345 845 ad
3399 792 3572 860 ipsum
3604 808 3699 847 ac~

2121 890 2427 944 cesserunt,
2470 880 2713 949 pertulit.
2754 881 2820 935 Et
2852 882 3108 949 quoniam
3154 882 3426 936 sermonis
3465 885 3696 951 pondus,

2124 981 2380 1040 tanquam
2434 972 2582 1039 gravi
2636 987 2806 1027 onere
2867 973 3151 1044 imposito,
3198 974 3437 1028 animam
3486 974 3697 1043 fatigat,

2122 1061 2328 1116 idcirco
2354 1062 2481 1117 dicit
2513 1081 2524 1115 :
2552 1062 2945 1129 Quamobrem,
2973 1080 3006 1119 o
3036 1065 3223 1129 amici,
3258 1066 3444 1120 acrius
3465 1081 3550 1120 me
3574 1080 3700 1120 ver-

2126 1150 2209 1206 bis
2233 1153 2432 1207 vestris
2481 1164 2781 1224 pungentes
2808 1170 2969 1223 quam
3015 1156 3232 1210 dolores
3265 1171 3462 1226 corpus
3502 1158 3698 1211 stimu.

2120 1242 2254 1310 lant,
2296 1245 2461 1299 animi
2516 1260 2780 1316 angorem
2820 1248 3072 1317 corporis
3111 1247 3390 1304 doloribus
3435 1250 3701 1319 superad—

2121 1336 2249 1390 ditis
2274 1337 2298 1388 Ἰ

2193 1426 2355 1480 Vens.
2386 1428 2441 1481 5.
2487 1427 2785 1499 Loquimini
2830 1441 3014 1485 contra
3048 1446 3147 1484 me.
3190 1429 3577 1499 Saepenumero
3603 1432 3693 1501 qui

2121 1519 2263 1573 mala
2313 1530 2627 1589 perpetrat,
2681 1522 2835 1576 alteri
2882 1522 3148 1586 detrahit;
3200 1532 3251 1577 et
3290 1537 3412 1577 cum
3458 1521 3692 1577 frontem

2117 1610 2286 1665 semel
2333 1613 2697 1680 perl’ricuerit,
2741 1628 2846 1666 non
2884 1613 3181 1683 arguendo,
3223 1626 3401 1680 neque
3445 1626 3572 1665 vera
3610 1612 3693 1666 di-

2117 1702 2310 1765 cendo,
2355 1703 2449 1757 sed
2491 1703 2850 1757 conviciando
2892 1714 2945 1758 et
2989 1690 3469 1756 calumniandoin
3515 1716 3578 1755 os
3605 1702 3689 1755 lo-

2116 1792 2323 1861 quitur.

512 1898 899 1967 Κεκρὰξομαι,
929 1897 1023 1950 καὶ
1046 1896 1309 1965 οὐδαμοῦ
1343 1895 1536 1965 κρῖμα.
1562 1895 1673 1950 Νῦν
1694 1895 1788 1949 ἐὰν
1811 1894 2011 1966 κράξω,

2192 1883 2355 1937 Vens.
2406 1885 2459 1938 7.
2507 1884 2762 1939 Clamabo
2797 1894 2845 1938 et
2886 1899 3145 1954 nusquam
3193 1883 3489 1952 judicium.
3543 1883 3695 1937 Nunc

445 1990 684 2061 οὐδαμοῦ
721 1990 783 2041 τὸ
843 1989 1015 2060 κρῖμά
1072 2006 1172 2057 μου
1222 1988 1463 2058 ἔρχεταιο
1516 1988 1600 2041 ἔτι
1640 1987 1807 2041 ἀθλῶ.
1873 1986 2016 2039 Ὠσεὶ

447 2081 652 2145 ἔλεγενο
689 2080 784 2141 Ὦς
822 2096 906 2141 τις
964 2078 1199 2149 ἀθλητὴς
1237 2079 1297 2131 ὲν
1338 2079 1536 2149 σταδίῳ
1588 2079 1832 2149 κέκραγα
1860 2118 1875 2141 ,
1921 2079 2017 2131 καὶ

446 2170 683 2241 οὐδαμοῦ
708 2171 768 2223 τὸ
804 2170 978 2241 κρῖμά
1010 2187 1109 2240 μου
1138 2170 1510 2223 ἐπανίσταται·
1535 2169 1614 2222 ἔτι
1642 2169 1748 2241 γὰρ
1779 2168 2010 2223 παλαίω.

456 2264 582 2317 Ἐὰν
615 2264 688 2335 μὴ
717 2263 917 2317 τελέσω
944 2263 1005 2316 τὸ
1036 2264 1339 2331 πάλαισμα,
1364 2264 1462 2318 οὐκ
1492 2264 1709 2335 ἔρχεται
1736 2264 1798 2318 τὸ
1840 2266 2014 2336 κρῖμα

443 2353 539 2406 τοῦ
568 2353 852 2422 στεφάνου.
884 2355 992 2408 Καὶ
1012 2354 1185 2407 ταῦτά
1213 2372 1411 2424 φαμεν,
1453 2356 1538 2408 ἴνα
1568 2354 1641 2426 μὴ
1694 2356 2013 2427 κατηγορῶ-

451 2464 549 2516 μεν
575 2446 669 2499 τοῦ
693 2447 849 2509 Θεοῦ,
875 2448 957 2500 ὅτι
985 2448 1220 2499 τοσαῦτα
1248 2448 1445 2516 πάσχει
1487 2447 1515 2497 ὁ
1558 2447 1678 2501 Ἰὼϐ
1706 2487 1720 2510 ,
1768 2449 1861 2501 καὶ
1918 2449 2011 2500 οὑ-

440 2535 614 2605 δαμοῦ
644 2536 705 2588 τὸ
738 2541 931 2607 κρῖμα,
963 2537 1237 2589 τουτέστιν
1272 2538 1303 2605 ἡ
1359 2537 1631 2605 ἀπόφασις
1664 2532 1763 2606 τῆς
1800 2536 2012 2590 ἐλευθε-

447 2627 590 2697 ρίας,
623 2628 832 2698 καὶτῆς
860 2629 967 2681 τῶν
994 2627 1182 2681 δεινῶν
1208 2627 1545 2698 ἀπαλλαγῆς.

1098 2792 1253 2846 ΚΕΦ.
1289 2792 1373 2845 Κ’.

527 2881 662 2934 Ἐὰν
680 2880 873 2949 ἀναϐῇ
904 2887 991 2947 εἰς
1022 2882 1282 2950 οὐρανὸν
1301 2882 1488 2937 αὐτοῦ
1526 2881 1598 2935 τὰ
1633 2881 1812 2951 δῶρα.
1844 2883 1953 2936 Καὶ
1984 2885 2013 2937 ό

439 2975 716 3045 αἱρετικὺς
733 2976 861 3029 ὅταν
891 2974 1136 3047 εὔξηται,
1169 2977 1298 3032 ὅταν
1331 2980 1364 3049 ἡ
1401 2977 1561 3030 θυσία
1611 2976 1777 3031 αὐτοῦ
1836 2976 2009 3049 ἀναϐῇ

441 3068 507 3134 τῇ
542 3066 835 3136 ὑψηγορίᾳ,
880 3066 1008 3119 ὅταν
1058 3066 1190 3136 δοκῇ
1258 3067 1705 3138 κατεστηρίχθαι,
1755 3067 1876 3120 τότε
1931 3069 2012 3131 είς

443 3153 592 3220 τέλος
622 3156 920 3210 ἀπολεῖται’
955 3160 988 3229 ἡ
1017 3158 1125 3229 γὰρ
1159 3157 1291 3229 εὐχὴ
1345 3159 1507 3211 αὐτοῦ
1558 3158 1831 3227 λογίζεται
1864 3158 2012 3229 αὐτῷ

2125 1972 2252 2028 licet
2287 1974 2618 2041 clamavero,
2669 1990 2934 2044 nusquam
2986 1984 3164 2029 tamen
3204 1972 3470 2042 judicium
3513 1988 3690 2028 meum

2126 2064 2291 2128 venit,
2322 2065 2497 2120 adhuc
2519 2076 2707 2133 certo;
2733 2082 2797 2120 ac
2828 2066 2871 2119 si
2897 2067 3159 2121 dixisset:
3184 2064 3466 2134 Tanquam
3488 2065 3694 2119 athleta

2126 2157 2178 2210 in
2220 2158 2400 2211 stadio
2433 2158 2686 2220 clamavi,
2714 2158 2981 2228 judicium
3029 2168 3205 2213 tamen
3260 2172 3441 2212 meum
3488 2171 3694 2226 nequa-

2124 2263 2291 2319 quam
2340 2250 2530 2314 instat,
2562 2251 2739 2305 adhuc
2781 2252 2923 2304 enim
2965 2249 3156 2306 luctor.
3214 2250 3271 2305 Si
3311 2260 3490 2306 autem
3535 2250 3696 2305 lucta:

2123 2340 2292 2396 ﬁnem
2316 2358 2423 2397 non
2443 2343 2775 2413 imposuero,
2797 2358 3001 2398 corona
3030 2343 3161 2398 mihi
3190 2359 3297 2399 non
3332 2343 3689 2412 adjudicatur.

2123 2431 2249 2488 Haec
2306 2449 2436 2489 vero
2490 2435 2740 2500 dicimus,
2796 2450 2863 2489 ne
2916 2435 3081 2490 Deum
3139 2450 3489 2501 accusemus,
3547 2436 3693 2505 quod

2119 2521 2289 2579 Jobus
2337 2532 2444 2580 tam
2483 2527 2670 2595 gravia
2722 2536 3016 2596 pateretur,
3075 2536 3131 2581 et
3187 2541 3454 2596 nusquam
3503 2534 3688 2581 tamen

2117 2615 2383 2685 judicium
2414 2626 2581 2681 esset,
2630 2619 2680 2673 id
2725 2630 2809 2674 est
2846 2620 3114 2675 libertatis
3154 2630 3209 2673 et
3256 2619 3592 2675 liberationis
3625 2618 3694 2674 ab

2120 2708 2381 2763 :erumnis
2408 2710 2703 2764 sententia.

2740 2798 2889 2855 CAP.
2934 2798 3051 2854 XX.

2193 2886 2355 2943 Vens.
2392 2890 2445 2944 6.
2490 2890 2552 2946 Si
2585 2892 2926 2945 ascenderint
2964 2894 3019 2945 in
3045 2892 3231 2945 caelum
3262 2892 3402 2944 dona
3447 2893 3582 2961 ejus.
3624 2891 3691 2949 Et

2121 2978 2406 3035 haereticus
2439 2998 2561 3036 cum
2588 2998 2776 3051 preces
2802 2986 2869 3036 ad
2904 2983 3070 3036 Deum
3101 2980 3322 3047 fuderit,
3358 2996 3481 3035 cum
3518 2983 3690 3037 sacri-

2120 3070 2299 3124 ficium
2345 3073 2462 3141 ejus
2505 3088 2628 3127 cum
2675 3071 2816 3126 fastu
2867 3083 2926 3126 et
2982 3072 3483 3142 superbiloquentia
3528 3073 3693 3127 altius

2121 3162 2449 3229 ascenderit,
2487 3178 2611 3219 cum
2657 3179 2741 3217 res
2784 3179 2895 3218 sum
2927 3163 3103 3217 stabili
3135 3165 3186 3217 iu
3223 3164 3343 3218 loco
3378 3177 3499 3218 esse
3535 3165 3689 3218 vide-

444 3249 523 3311 είς
549 3250 847 3320 ἁμαρτίαν.
883 3251 943 3302 Οί
999 3249 1057 3302 δὲ
1113 3249 1310 3312 εἰδότες
1365 3247 1531 3303 αὐτοῦ
1589 3249 1661 3303 τὰ
1721 3250 2011 3323 σφάλματα

2116 3250 2336 3318 buntur,
2384 3262 2513 3308 tunc
2564 3252 2806 3308 funditus
2846 3253 3271 3319 interibit;ejus
3301 3253 3446 3306 enim
3493 3267 3688 3318 preces

442 3340 881 3401 ὲκκλησιαστικοὶ
922 3340 1170 3413 ἐροῦμεν·
1208 3341 1320 3395 Ποῦ
1346 3343 1484 3397 εἰσιν
1521 3344 1570 3395 οί
1615 3341 1845 3395 τοιοῦτοι
1930 3344 2011 3397 ἐν-

2118 3340 2193 3395 illi
2235 3356 2335 3411 pro
2367 3352 2587 3412 peccato
2632 3344 3060 3413 imputabuntur.
3110 3341 3219 3397 Nos
3257 3357 3388 3397 vero
3428 3342 3689 3397 ecclesia-

432 3430 927 3498 υπνιαζόμενοικαὶ
942 3431 1373 3495 ἀναπλάττοντες
1421 3434 1635 3496 ἑαυτοῖς
1681 3431 2010 3503 σφάλματα;

443 3522 517 3574 Οὐ
554 3524 619 3592 τῇ
650 3522 877 3594 ἀληθείᾳ
922 3522 1019 3594 τὴν
1097 3523 1337 3579 διάνοιαν
1386 3524 1724 3594 ἐπερείδουσι
1785 3524 2015 3593 σφαλλόα

444 3625 617 3680 μενοιο
659 3610 755 3662 καὶ
786 3609 1024 3676 γίνονται
1054 3609 1244 3681 ὥσπερ
1293 3610 1541 3665 ἐνύπνιον
1596 3612 1950 3676 ἐκπετασθὲν,
1985 3614 2014 3665 ὃ

436 3702 500 3755 οὐ
535 3703 608 3773 μὴ
644 3702 863 3773 εὑρεθῇ.
900 3702 1148 3756 Τοιοῦτόν
1178 3720 1231 3755 τι
1256 3704 1349 3756 καὶ
1377 3702 1763 3773 Δαυῒδψάλλει·
1805 3722 1823 3755 ι
1864 3705 1925 3758 Οἱ
1956 3705 2014 3758 δὲ

439 3794 623 3865 ἐχθροὶ
660 3792 755 3846 τοῦ
808 3795 1014 3865 Κυρίου
1064 3795 1327 3858 ἐξέλιπον.
1375 3796 1523 3865 Ἅμα
1577 3797 1637 3851 τὸ
1689 3795 2012 3867 δοξασθῆναι

437 3886 635 3949 αὐτοὺς
668 3886 763 3939 καὶ
788 3885 1062 3956 ὑψωθῆναι
1094 3886 1435 3950 ἐκλείποντες
1465 3888 1596 3940 ὡσεὶ
1642 3888 1847 3952 καπνὸς
1898 3889 2012 3954 ἐξέ-

438 3974 615 4030 λιπον
655 3997 673 4030 ι
722 3978 818 4031 καὶ
879 3977 1064 4031 πάλιν·
1114 3997 1132 4029 ι
1177 3977 1320 4030 Ὠσεὶ⁹
1372 3980 1622 4032 ἐνύπνιον
1665 3979 2011 4051 ἐξεγειρομέσ

439 4083 563 4121 νων.
606 4088 627 4122 ο

508 4344 776 4411 Πλοῦτος
820 4345 1040 4413 ἀδίκως
1098 4349 1511 4417 συναγόμενος
1564 4348 2007 4418 ἐξεμεθιηὶσεται.

435 4430 566 4489 οἶδα
584 4437 676 4488 καὶ
704 4436 859 4489 ἀλλον
888 4437 1115 4492 πλοῦτον
1148 4439 1347 4502 ἀδίκως
1381 4439 1747 4509 συναγόμενον
1768 4479 1781 4501 ,
1831 4438 1923 4491 τὸν
1950 4438 2010 4490 ἐν

433 4527 546 4587 τοῖς
578 4525 754 4593 λόγοις
777 4527 886 4580 τῶν
944 4528 1253 4599 αἱρετικῶν,
1277 4529 1326 4581 οἳ
1372 4528 1553 4599 ἔχουσι
1598 4526 1890 4599 μαθήματα
1923 4529 2010 4580 ὲν-

2115 3432 2261 3499 stici,
2288 3434 2487 3499 quibus
2505 3433 2621 3503 ejus
2646 3448 2861 3487 errores
2886 3434 3087 3501 cogniti
3110 3444 3258 3497 sunt,
3283 3434 3528 3488 dicemus
3554 3452 3568 3488 :
3590 3434 3691 3489 Ubi

2115 3532 2243 3576 sunt
2290 3523 2377 3578 isti
2426 3526 2817 3589 somniatores.
2864 3526 2955 3594 qui
2989 3541 3202 3581 errores
3228 3526 3328 3579 sibi
3363 3525 3496 3595 ipsis
3536 3541 3688 3581 com-

2118 3613 2534 3669 miniscuntur?
2566 3615 2783 3684 Decepti
2824 3626 3056 3669 mentem
3094 3616 3328 3671 veritate
3375 3631 3480 3671 non
3521 3617 3691 3671 stabi-

2116 3699 2272 3765 liunt,
2304 3716 2367 3756 ac
2398 3712 2651 3771 tanquam
2687 3704 2982 3771 somnium,
3013 3706 3154 3774 quod
3182 3704 3420 3759 avolavit
3451 3714 3509 3758 et
3560 3721 3688 3759 nus“

2114 3800 2277 3854 quam
2327 3790 2656 3855 invenietur,
2709 3794 2966 3846 evadunt.
3003 3791 3142 3847 Iluic
3193 3794 3371 3848 simile
3423 3793 3588 3849 David
3631 3796 3685 3849 in

2113 3876 2341 3932 Psalmis
2374 3882 2519 3934 canit
2562 3883 2621 3933 °:
2660 3898 2679 3932 ι
2727 3881 2931 3936 Inimici
2981 3893 3160 3938 autem
3214 3885 3425 3940 Domini
3466 3886 3681 3941 defece-

2115 3979 2260 4023 runt.
2299 3991 2317 4024 ι
2356 3971 2423 4026 Et
2453 3988 2643 4028 rursus
2678 3974 2741 4026 ἐ
2779 3990 2799 4023 ί
2838 3972 2961 4027 Mox
2990 3985 3065 4029 .ut
3110 3976 3452 4031 honorificati
3483 3978 3686 4033 fuerint

2110 4070 2166 4114 et
2208 4063 2462 4129 exaltati,
2512 4064 2825 4121 deficientes
2858 4068 3001 4121 sicut
3039 4066 3220 4122 fumus
3257 4067 3618 4132 defecerunt;
3660 4091 3679 4122 ι

2108 4167 2164 4212 et
2212 4159 2271 4211 8:
2313 4173 2332 4208 ι
2366 4157 2648 4227 Tanquam
2710 4159 2980 4212 somnium
3038 4172 3225 4212 eorum
3279 4160 3371 4228 qui
3429 4164 3684 4232 expergi-

2108 4257 2360 4304 scuntur.
2398 4267 2417 4299 ι
3738 4232 3749 4259 Ὗ

2180 4340 2347 4394 Vens.
2386 4338 2659 4410 15.502
2702 4339 2913 4393 Divitia:
2962 4341 3142 4409 inique
3191 4352 3516 4411 congregata:
3560 4359 3683 4396 evo-

2109 4441 2346 4487 mentur.
2380 4430 2511 4486 Novi
2544 4432 2710 4485 etiam
2737 4442 2791 4486 et
2818 4432 2960 4485 aliud
2993 4433 3193 4500 injuste
3239 4440 3683 4502 comparatarum

2110 4514 2427 4575 divitiarum
2450 4536 2641 4590 genus,
2662 4522 2806 4590 quod
2838 4522 2891 4574 in
2915 4522 3295 4575 haereticorum
3334 4522 3681 4577 sermonibus

431 4586 589 4670 αντία
618 4586 978 4689 τοῖς-δόγμασι
1006 4586 1109 4690 ἶτῆς
1143 4586 1435 4688 ἀληθείας,⁸
1455 4586 1760 4689 ἐγγάστριά
1800 4616 2000 4669 αὐτῶν·

2116 4622 2365 4678 apparet,
2415 4616 2505 4681 qui
2555 4612 2831 4665 doctrinas
2863 4612 3112 4665 veritatis
3160 4611 3508 4681 dogmatibus
3550 4627 3682 4665 con-

430 4709 466 4762 δι
496 4709 595 4761 οὐκ
622 4708 735 4762 ἔστι
769 4711 990 4779 γλυκέα,
1023 4710 1157 4763 ἀλλά
1193 4729 1213 4762 ί
1244 4711 1375 4781 χολὴ
1406 4710 1633 4773 ἀσπίδος
1658 4749 1672 4772 ,
1707 4729 1726 4761 ι
1761 4709 2004 4762 τουτέστι

431 4800 661 4871 πονηρὼ
687 4801 763 4864 ὡς
790 4803 1005 4874 εἴρηται
1037 4805 1095 4855 ἐν
1124 4803 1528 4874 Δευτερονομίῳ
1561 4804 1618 4854 ἐν
1662 4802 1771 4872 ᾠδῇ
1837 4802 2005 4854 Μωῦ-

431 4892 569 4956 σέως
603 4894 731 4964 περὶ
754 4892 846 4945 τοῦ
892 4894 1034 4946 οἴνου
1068 4894 1167 4964 τῆς
1210 4894 1560 4957 διδασκαλίας
1599 4892 1802 4946 αὐτῶν·
1842 4912 1861 4944 ι
1909 4893 2002 4945 Ἐκ

426 4987 538 5059 γὰρ
567 4988 810 5060 ἀμπέλου
854 4988 1101 5059 Σοδόμων
1132 4991 1164 5058 ἡ
1215 4987 1455 5059 ἄμπελος
1507 4986 1708 5041 αὐτῶν.
1746 5006 1764 5039 ι
1814 4987 1950 5040 Ἀλλ’
1972 4988 2002 5039 ὁ

428 5076 634 5144 ἀγαθὸς
659 5077 791 5140 Θεὸς
821 5079 922 5131 οὐκ
953 5079 1103 5132 ἐάσει
1137 5078 1332 5142 αὐτοὺς
1355 5076 1585 5131 πλοῦτον
1606 5078 1808 5140 ἀδίκως
1839 5093 2001 5129 συνα-

427 5172 650 5241 γόμενον
678 5168 823 5240 ἔχειν
853 5170 940 5222 ἀεὶ
970 5172 1029 5223 ἐν
1072 5170 1313 5233 ἑαυτοῖς,
1357 5169 1492 5222 ἀλλὰ
1546 5171 1759 5241 ποιήσει
1804 5171 2002 5234 αὐτοὺς

425 5262 702 5333 ἐξεμέσαι.
741 5263 1005 5330 Ἀγγελος
1033 5262 1141 5333 γάρ
1175 5264 1297 5315 κατ’
1327 5263 1647 5333 εὐεργεσίαν
1684 5262 1819 5317 Θεοῦ
1853 5261 2002 5327 ἐξελ-

425 5353 582 5407 κύσει
620 5354 818 5416 αὐτοὺς
853 5355 937 5405 ἐπ’
969 5353 1139 5421 αὐτῆς
1175 5353 1276 5421 τῆς
1314 5352 1501 5416 κακῶς
1556 5351 2001 5424 οἰκοδομηθείσης

421 5445 617 5509 οἰκίας
651 5446 772 5516 ἥτις
801 5446 949 5497 ἐστὶν
979 5446 1012 5514 ἡ
1051 5443 1313 5515 ἐκκλησία
1347 5443 1815 5515 πονηρευομένων.
1835 5443 2000 5497 Ἐπά-

422 5554 508 5605 γει
546 5537 696 5607 γοῦν⁸
728 5555 748 5589 ί
800 5535 890 5602 Ἐξ
916 5535 1093 5599 οίκίας
1122 5536 1311 5602 αὐτοῦ,
1343 5556 1362 5589 ι
1398 5536 1494 5591 καὶ
1512 5534 1582 5588 τὰ
1612 5534 1761 5604 ἑξῆς.

2114 4700 2311 4755 trarias
2340 4701 2392 4755 in
2421 4710 2611 4756 ventre
2640 4717 2704 4756 ac
2746 4701 3047 4756 visceribus
3079 4703 3299 4765 habent,
3333 4717 3453 4771 quas
3491 4706 3679 4772 gustui

2111 4788 2298 4844 dulces
2329 4804 2433 4844 non
2469 4801 2615 4857 sunt,
2653 4791 2746 4846 sed
2778 4811 2797 4844 ι
2829 4791 2898 4845 fel
2932 4791 3162 4860 aspidis,
3203 4810 3220 4841 ι
3263 4791 3311 4844 id
3345 4800 3450 4857 est,
3479 4791 3682 4844 vitiatae

2109 4889 2163 4933 et
2195 4891 2508 4950 corruptae;
2560 4884 3018 4952 quemadmodum
3066 4884 3118 4938 in
3166 4874 3585 4937 Deuterouoinio
3629 4891 3681 4935 et

2109 4970 2324 5025 cantico
2371 4971 2571 5041 Moysis
2625 4974 2691 5029 de
2745 4974 3007 5029 doctrina:
3060 4990 3249 5029 eormn
3298 4974 3425 5028 viuo
3473 4976 3680 5028 dictqu

2106 5072 2190 5117 est
2215 5062 2236 5094 θ
2272 5081 2286 5116 :
2329 5081 2347 5115 ι
2392 5062 2607 5117 Etenim
2636 5078 2703 5118 ex
2736 5065 2847 5120 vite
2871 5065 3229 5119 Sodomorum
3262 5065 3388 5117 vitis
3411 5079 3618 5118 eorum.
3653 5079 3680 5120 υ

2109 5153 2309 5209 Verum
2340 5155 2609 5222 benignus
2642 5156 2781 5210 Deus
2832 5172 2940 5210 non
2985 5171 3200 5226 semper
3242 5155 3477 5225 patietur
3509 5163 3566 5207 ut
3600 5154 3680 5207 di-

2105 5246 2268 5301 vitias
2313 5262 2408 5317 per
2449 5248 2704 5316 injuriam
2755 5258 2941 5319 partas
2989 5249 3133 5304 intus
3180 5248 3532 5318 possideant,
3583 5245 3679 5298 sed

2104 5352 2361 5393 evomere
2389 5338 2509 5393 illas
2541 5338 2725 5395 faciet.
2766 5340 3008 5411 Angelus
3058 5341 3203 5395 enim
3250 5338 3427 5393 divina
3470 5334 3678 5390 benefi-

2106 5428 2283 5482 centia
2335 5444 2366 5483 e
2404 5429 2565 5485 domo
2602 5430 2744 5486 male
2795 5440 3094 5498 exstructa,
3145 5445 3265 5497 quae
3300 5436 3387 5482 est
3432 5424 3682 5495 improbe

2105 5520 2412 5589 degentium
2442 5531 2637 5587 castus,
2670 5521 2790 5576 illos
2826 5522 3102 5577 extrahet.
3144 5520 3325 5586 Quare
3348 5516 3626 5587 subjungit
3657 5531 3675 5574 :

2110 5630 2127 5662 ι
2154 5614 2229 5667 De
2257 5614 2421 5669 domo
2447 5613 2565 5681 ejus
2596 5616 2850 5671 extrahet
2873 5628 3020 5680 eum,
3057 5632 3074 5664 ι
3106 5620 3211 5667 etc.

491 5832 678 5891 'Psal.
717 5848 794 5897 Ix,
821 5833 871 5885 7.
949 5833 969 5864 "
1002 5831 1141 5887 Psal.
1174 5846 1362 5896 xxxw,
1397 5830 1488 5885 20.
1565 5832 1587 5863 ⁸
1612 5828 1758 5886 Psal.
1795 5842 1967 5894 mm,
2006 5824 2096 5881 20.
2169 5826 2191 5857 ⁹
2238 5827 2394 5891 Deut.
2428 5842 2597 5894 χχιιι,
2634 5824 2725 5880 52.
3316 5843 3393 5903 33

738 5927 1010 5985 Puncta
1053 5924 1170 5985 Gn.
1221 5924 1363 5986 XII.
