4124 6384
504 336 640 393 1035

499 556 723 612 propter
769 544 925 611 impia
975 545 1231 613 dogmata
1269 552 1547 605 recondita
1583 555 1712 608 sint.
1749 559 1928 622 Quare
1974 578 2066 614 ca-

497 650 624 690 vere
668 633 819 688 nobis
859 635 989 703 ipsis
1034 638 1314 704 debemus,
1366 657 1434 695 ne
1488 645 1756 702 hazretiea:
1805 651 2072 709 doctrinze

497 726 765 779 sermonis
798 727 1183 792 probabilitate
1217 730 1536 802 spolientur,
1568 746 1624 790 et
1650 738 1904 797 Ecclesiae
1949 760 2068 816 my-

494 814 661 867 sterio
694 815 1036 869 excidamus.

571 907 729 962 Vens.
768 908 852 960 l7.
901 906 1023 961 Non
1065 909 1240 962 videat
1280 912 1560 968 mulctram
1613 934 1877 986 pecorum.
1930 923 2066 977 Mul-

492 1001 699 1054 sionem
720 1015 849 1053 vero
880 1015 1107 1070 gregum
1133 1005 1499 1059 heterodoxus
1531 1024 1637 1062 non
1666 1012 1846 1077 videt;
1878 1031 2068 1085 greges

491 1100 672 1144 autem
703 1091 1059 1155 suntaninue,
1084 1108 1203 1161 quae
1244 1110 1272 1147 a
1323 1096 1463 1150 bono
1488 1110 1706 1165 pastore
1737 1118 2063 1171 pascuntur,

489 1192 545 1236 et
569 1182 821 1250 pabulum
859 1183 1181 1253 inveniunt;
1207 1189 1456 1258 dogmata
1486 1208 1610 1245 vero
1644 1210 1765 1262 qua:
1812 1196 1923 1251 Deo
1962 1200 2064 1253 ad-

492 1283 794 1339 versantur,
828 1274 961 1326 nihil
990 1275 1302 1333 dulcedinis
1329 1280 1379 1333 in
1408 1296 1469 1335 se
1497 1280 1715 1348 habent,
1749 1289 1841 1341 sed
1874 1304 2060 1357 aspera

488 1379 543 1422 et
574 1383 758 1422 amara
795 1382 941 1424 sunt.

560 1463 721 1517 Vens.
773 1462 857 1517 i9.
916 1462 1206 1518 Mullorum
1268 1466 1404 1520 enim
1474 1469 1819 1539 impotentum
1876 1474 2059 1530 domos

487 1553 664 1622 fregit.
701 1556 762 1608 Et
791 1556 1156 1611 heterodoxus
1202 1559 1447 1627 quidem,
1478 1562 1521 1615 si
1553 1578 1710 1629 quem
1746 1564 1799 1617 in
1832 1565 1939 1620 ﬁde
1969 1568 2055 1620 in-

485 1644 699 1699 firmutn
753 1656 804 1700 et
844 1647 895 1699 in
932 1662 1062 1701 sana
1098 1650 1345 1703 doctrina
1382 1653 1714 1709 imbecillum
1765 1657 2053 1726 invenerit,

483 1737 630 1791 illntn
690 1740 1054 1806 depraedalur.
1108 1743 1173 1796 Et
1239 1759 1427 1797 revera
1476 1745 1541 1799 de
1593 1750 2052 1803 heterodoxornm

482 1830 743 1897 magistro
772 1845 866 1884 seu
905 1832 1271 1891 hazresiarcha
1305 1838 1410 1890 dici
1450 1848 1651 1905 potest,
1680 1842 1824 1908 quod
1855 1842 2052 1895 multo-
2083 1819 2125 1873 Β

482 1935 601 1974 rum
659 1920 1014 1989 impotentum
1063 1926 1254 1980 domos
1302 1926 1652 1997 confregerit,
1700 1938 1756 1983 et
1796 1930 2048 1984 taberna-

479 2012 661 2066 culum
710 2013 831 2080 ejus
866 2015 957 2083 qtti
1000 2014 1161 2071 facile
1194 2020 1245 2071 in
1281 2019 1527 2074 fraudem
1582 2021 1875 2081 inducitur.
1917 2022 2050 2078 diri-

476 2104 705 2172 puerit;
765 2120 865 2159 nec
908 2115 1095 2174 postea
1134 2106 1308 2175 ipsum
1360 2111 1646 2175 statuerit,
1704 2113 2046 2167 mendacium

474 2196 621 2250 etaim
654 2206 892 2251 statuere
926 2199 1136 2266 nequit.

546 2284 710 2340 Vens.
743 2286 835 2340 28.
882 2286 1007 2340 Dies
1059 2288 1155 2341 ira:
1188 2290 1518 2356 superveniat
1576 2292 1647 2345 ei.
1698 2292 1814 2357 Qua
1855 2302 2045 2348 contra

479 2378 654 2447 ipsum
685 2378 764 2431 ira
800 2379 985 2433 divina
1016 2379 1346 2444 concitatur,
1381 2381 1496 2436 sive
1526 2396 1591 2436 ex
1626 2381 2046 2439 circumcisione

473 2472 638 2526 fuerit
660 2473 750 2540 qui
782 2481 973 2526 contra
1008 2472 1177 2526 Deum
1213 2474 1377 2540 impie
1406 2490 1464 2529 se
1496 2477 1752 2543 gesserit,
1788 2477 1902 2531 sive
1945 2476 2040 2530 he-

474 2564 793 2628 terodoxus,
851 2565 966 2619 sive
1012 2566 1117 2618 alia
1166 2567 1358 2633 quavis
1394 2567 1605 2619 ratione
1649 2567 1866 2634 impius,
1922 2581 2042 2620 sors

469 2652 590 2723 ejus
620 2662 675 2708 et
708 2653 888 2723 portio
917 2662 1001 2708 est
1038 2668 1160 2723 qua:
1189 2669 1351 2723 supra
1391 2655 1552 2708 dictis
1578 2663 1799 2710 ostensa
1826 2665 1929 2709 est.

1094 2744 1246 2800 CAP.
1289 2744 1430 2799 XXI.

542 2836 702 2892 Vens.
737 2839 792 2891 7.
833 2836 1009 2902 Quare
1060 2837 1208 2905 impii
1258 2839 1441 2892 vivunt
1468 2876 1483 2899 ,
1528 2847 1812 2891 senuerunt
1861 2848 2037 2892 autem

465 2941 515 2987 et
546 2934 598 2985 in
624 2931 820 2985 divitiis
842 2931 867 2983 Ρ
894 2929 1029 2985 Illud
1057 2940 1261 2995 autem,
1298 2948 1317 2981 ι
1344 2940 1636 2985 senuerunt
1669 2929 1723 2983 in
1749 2930 1974 2997 divitiis,
2011 2948 2030 2983 ι

470 3022 521 3076 id
570 3029 671 3083 est,
726 3035 831 3074 non
884 3033 1054 3089 nuper
1104 3018 1399 3087 locupletes
1456 3029 1773 3083 evaserunt,
1824 3024 1914 3075 sed
1965 3023 2032 3074 ab

1900 352 1991 406 EX
2030 353 2329 412 ORIGENE

576 452 709 505 Vide
760 463 937 506 autent
991 466 1125 522 quot
1185 465 1238 511 et
1293 470 1494 527 quanta
1551 464 1755 519 homini
1819 469 2145 535 lmreticoA

3615 391 3637 443 1
3648 393 3751 449 056

2248 478 2386 549 Ὅρα
2420 480 2475 534 δὲ
2505 484 2666 538 πόσον
2689 485 2779 537 καὶ
2803 488 3191 567 τῷέτεροδὸξῳ
3220 497 3503 555 ἀπόκειται
3536 503 3625 558 διὰ
3680 510 3750 563 τὰ

2174 568 2636 667 ἀσεϐἧὲδόγματα.
2658 578 2760 667 ᾼιά
2792 580 2948 635 τοῦτο
2989 587 3343 658 προσέχωμεν
3374 592 3605 661 ἑαυτοῖς,
3641 602 3746 667 μή-

2171 676 2301 755 ποτε
2347 662 2405 755 ὲν
2461 664 2864 736 πιθανολογίαις
2920 674 3240 747 συληθῶμεν
3293 682 3401 734 ἀπὸ
3456 662 3740 755 αἱρετικῆς

2168 750 2549 851 διδασκαλίας,
2601 761 2694 813 καὶ
2749 763 3070 837 ἐκπέσωμεν
3114 771 3208 824 τοῦ
3280 750 3580 847 μυστηρίου

2180 838 2527 913 Ἐκκλησίας.

2237 932 2347 1026 ιιι-ὴῄ
2369 933 2481 985 ἴδοι
2517 936 2771 1005 ἄμελξιν
2795 945 3090 1011 νομάδων.
3122 952 3231 1004 Καὶ
3258 954 3287 1005 ό
3325 955 3633 1026 ἑτερόδοξος
3680 961 3740 1014 δὲ

2166 1021 2226 1073 οὐ
2259 1023 2447 1119 βλέπει
2481 1028 2705 1097 ἄμελξιν
2735 1034 2999 1102 νομάδων.
3037 1040 3282 1110 Νομάδες
3316 1045 3372 1098 δέ
3413 1021 3519 1100 εἰσι
3569 1050 3740 1119 ψυχαὶ

2165 1114 2459 1183 νεμόμεναι
2493 1119 2597 1171 ὑπὸ
2645 1122 2722 1191 τῷ
2769 1126 2920 1196 καλῷ
2959 1130 3194 1199 ποιμένι,
3240 1135 3332 1187 καὶ
3378 1139 3548 1208 νομὴν
3584 1114 3739 1212 ὲορι-

2167 1220 2412 1260 σκουσαι.
2438 1210 2546 1262 Καὶ
2573 1211 2643 1264 τά
2669 1213 2909 1286 δόγματα
2948 1219 3004 1273 δὲ
3047 1224 3186 1275 κατά
3239 1224 3373 1280 Θεοῦ
3421 1231 3572 1284 οὐδὲν
3624 1210 3737 1305 ἔχει

2162 1296 2353 1365 γλυκὺ,
2386 1302 2520 1356 ἀλλὰ
2552 1312 2793 1377 στρυφνὰ
2824 1313 2915 1364 καὶ
2950 1315 3145 1369 πυκνά.

2228 1482 2482 1538 Πολλῶν
2517 1487 2627 1557 γὰρ
2658 1490 2973 1547 ἀδυνάτων
3002 1497 3211 1565 οἴκους
3239 1500 3520 1559 ἔθλασεν.
3563 1509 3672 1562 Καὶ
3701 1511 3731 1564 ό

2158 1572 2457 1668 έτερόδοξός
2506 1580 2696 1655 σεὲάν
2740 1601 2840 1636 που
2890 1589 3028 1660 εὕρῃ
3077 1589 3277 1662 ἀσθενῆ
3324 1596 3382 1647 ὲν
3421 1599 3484 1666 τῇ
3526 1600 3726 1668 πίστει,

2156 1663 2353 1758 ἀσθενῆ
2384 1669 2439 1721 ὲν
2460 1672 2523 1739 τῇ
2554 1672 2696 1739 ὑγιεῖ
2719 1672 3055 1747 διδασκαλίᾳ,
3082 1681 3270 1735 τοῦτον
3313 1663 3571 1758 ὑποσῦλᾷ.
3619 1663 3728 1743 Καί

2157 1753 2301 1808 ἔστιν
2332 1758 2547 1829 ἀληθῶς
2573 1764 2698 1835 περὶ
2741 1765 2833 1818 τοῦ
2878 1766 3195 1823 διδασκάλου
3246 1774 3355 1829 τῶν
3406 1753 3726 1847 ἑτεροδόξων

2154 1850 2347 1940 εἰπεῖν,
2370 1851 2450 1902 ὅτι
2472 1852 2680 1906 πολλῶν
2709 1856 2985 1911 ἀδυνάτων
3013 1862 3192 1926 οἴκους
3225 1862 3449 1920 ἔθλασεν
3479 1884 3493 1897 ⁸
3541 1870 3723 1940 ἁρπά-

2153 1938 2234 2003 ζει
2260 1939 2315 1993 δὲ
2335 1940 2431 2012 τὴν
2459 1942 2666 1999 δίαιταν
2694 1946 2787 1999 τοῦ
2812 1949 3235 2021 εὐεξαπατήτου,
3266 1957 3357 2010 καὶ
3385 1958 3523 2026 μετά
3553 1938 3723 2015 ταῦτα

2150 2033 2248 2101 οὐχ
2286 2032 2496 2104 ἵστησιν
2525 2036 2716 2107 αὐτήν·
2749 2038 2869 2092 οὐδὲ
2899 2039 3007 2112 γὰρ
3039 2040 3261 2098 δύναται
3293 2048 3487 2119 στῆσαι
3511 2049 3572 2102 τὸ
3585 2051 3719 2121 ψεῦ-

2148 2123 2256 2187 δος.

2228 2306 2435 2376 Ἡμέρα
2476 2310 2659 2378 ὀργῆς
2678 2311 2918 2367 ἐπέλθοι
2945 2313 3122 2382 αὐτῷ.
3143 2318 3281 2371 Καθ’
3309 2320 3375 2391 ἣν
3398 2322 3430 2391 ἠ
3457 2321 3575 2376 Θεία
3596 2325 3715 2377 κατ’

2145 2398 2311 2451 αὐτοῦ
2348 2403 2574 2454 κινεῖται
2602 2403 2746 2474 δίκη·
2786 2406 2897 2458 εἴτε
2926 2407 3018 2461 τοῦ
3046 2411 3108 2460 ὲκ
3136 2413 3433 2483 περιτομῆς
3466 2418 3546 2479 εἰς
3583 2416 3714 2470 Θεὸν

2147 2491 2535 2561 ἀσεϐήσαντος,
2573 2494 2683 2547 εἴτε
2718 2497 2810 2549 τοῦ
2860 2500 3185 2569 ἑτεροδόξου,
3238 2502 3337 2555 εἴθ’
3383 2506 3532 2569 ὅπως
3580 2508 3713 2562 ποτὲ

2143 2584 2393 2647 ἀσεϐοῦς,
2413 2586 2561 2656 αὑτῷ
2595 2588 2749 2657 μερίς
2778 2592 2926 2644 ἐστιν
2949 2594 2982 2661 ἡ
3000 2593 3298 2667 δηλουμένη
3316 2598 3375 2650 ὲν
3395 2599 3506 2661 τοῖς
3533 2613 3713 2670 προει-

2146 2689 2211 2743 ρη
2220 2673 2422 2741 μένοις.

2804 2765 2963 2823 ΚΕΦ.
3004 2764 3133 2825 KA'.

2209 2854 2310 2907 Διά
2333 2854 2391 2907 τι
2410 2854 2646 2922 ἀσεϐεῖς
2693 2856 2852 2917 ζῶσι.
2891 2862 3335 2915 πεπαλαίωνῖαι
3371 2862 3441 2916 δὲ
3494 2866 3590 2919 καὶ
3640 2866 3710 2919 ἐν

2136 2948 2417 3010 πλούτῳ;
2462 2947 2535 3000 Τὸ
2561 2948 2761 3017 μέντοι,
2839 2972 2857 3003 ι
2886 2953 3291 3008 πεπαλαίωνται
3319 2960 3375 3011 ἐν
3404 2956 3618 3026 πλεύτῳ
3640 2998 3655 3023 ,
3688 2979 3708 3012 ι

2136 3033 2288 3091 εἶπεν
2314 3040 2437 3092 ἀντὶ
2459 3039 2576 3103 τοῦ,
2605 3041 2704 3094 οὐκ
2722 3042 2828 3095 εἰσὶ
2853 3043 3182 3107 νεόπλουτοι,
3219 3044 3319 3098 ἀλλ
3356 3046 3421 3097 ὲκ
3458 3046 3703 3118 νεότητος

465 3112 688 3165 ineunte
716 3118 875 3164 mtate
897 3111 964 3165 ad
987 3118 1321 3165 senectutem
1353 3125 1524 3179 usque
1552 3110 1611 3164 in
1636 3111 1839 3166 divitiis
1866 3112 2027 3165 vitam

2140 3129 2228 3183 καὶ
2263 3128 2426 3200 μέχρι
2448 3132 2633 3203 γήρως
2662 3132 3016 3198 πλουτοῦντες
3050 3135 3374 3189 διετέλεσαν.

462 3209 869 3271 trsusegerunt.

534 3293 702 3349 Vsus.
739 3292 825 3349 12.
869 3289 1146 3345 Sumentes
1183 3290 1492 3360 psalterium
1524 3299 1572 3346 et
1606 3293 1888 3347 citharam.
1915 3293 2031 3348 Alia

455 3396 545 3441 est
598 3392 887 3455 parentum
947 3382 1205 3447 felicitas,
1265 3382 1563 3436 liberorum
1628 3382 1850 3447 latitia,
1910 3400 2034 3452 quae

461 3478 634 3542 tibiis,
672 3475 903 3529 citharis
929 3482 987 3526 et
1015 3473 1291 3542 tympanis
1325 3472 1421 3534 fit;
1447 3487 1680 3540 quorum
1709 3488 1853 3529 sono
1873 3489 2034 3527 aures

459 3572 680 3638 quidem
710 3567 1021 3628 titillautur,
1053 3572 1108 3616 ct
1145 3564 1309 3617 animi
1343 3563 1648 3629 voluptates
1695 3564 2030 3629 excitantur,

456 3670 513 3715 et
543 3662 636 3730 qui
679 3662 875 3712 adsunt
916 3656 1118 3709 lasciva
1177 3655 1409 3710 melodia
1456 3653 1815 3721 deliniuntur,
1864 3669 2029 3723 quam

455 3752 749 3819 impiorum
783 3748 877 3800 ﬁlii
923 3746 1236 3815 petulanter
1278 3746 1505 3812 faciunt,
1558 3762 1753 3799 manus
1807 3746 2033 3800 intentis

460 3845 657 3897 tidilms
679 3841 1048 3899 admoventes,
1083 3847 1137 3893 et
1166 3837 1499 3892 musicorum
1532 3852 1861 3906 organorum
1897 3851 2031 3891 50no

459 3949 594 3991 voce
618 3949 718 3989 sua
753 3932 1105 3988 concinentes
1134 3940 1190 3986 et
1217 3929 1634 4001 applaudeutes.

525 4140 692 4196 Vens.
722 4140 806 4194 13.
849 4138 1009 4210 503
1054 4136 1559 4193 Consummaverunt
1593 4141 1767 4191 autem
1795 4132 1850 4186 in
1879 4132 2028 4186 bonis

454 4238 620 4292 vitam
645 4249 812 4291 suam.
845 4231 957 4288 Hoc
986 4241 1091 4297 est,
1122 4228 1396 4285 felicitatis
1418 4242 1607 4282 eorum
1632 4236 1786 4279 tenor
1814 4239 1922 4278 non
1952 4224 2029 4277 iu-

454 4338 735 4398 terruptus
765 4325 884 4387 fuit,
918 4334 973 4378 et
998 4323 1210 4377 deliciis
1240 4323 1520 4390 corporeis
1562 4318 1808 4372 fruentes
1855 4317 2024 4370 vitam

454 4421 760 4474 universam
790 4416 1172 4476 traduxerunt,
1197 4421 1537 4478 extensaque
1560 4409 1628 4463 ad
1651 4409 1780 4462 vitae
1813 4407 2023 4462 exitum

2219 3306 2615 3360 Ἀναλαϐόντα
2676 3307 3014 3375 ψαλτήριον
3076 3309 3172 3361 καὶ
3232 3307 3498 3377 κιθάραν.
3536 3311 3702 3381 ’Ἄλλη

2134 3396 2386 3467 πατέρων
2425 3396 2758 3467 εὐδαιμονία,
2804 3399 2911 3452 τῶν
2946 3400 3151 3452 παίδων
3200 3400 3232 3469 ἡ
3266 3401 3592 3472 εὐφροσύνη,
3635 3403 3703 3473 ἢν

2132 3486 2544 3557 ἀποπληροῦσιν
2580 3487 2734 3540 αὐλοὶ
2769 3490 2863 3542 καὶ
2895 3489 3117 3560 κιθάραι
3159 3492 3252 3543 καὶ
3289 3492 3577 3561 τύμπανα,
3611 3494 3699 3561 ὑφ’

2132 3572 2207 3632 ὧν
2243 3581 2300 3631 αί
2334 3579 2432 3648 μὲν
2460 3580 2621 3632 ἀκοαὶ
2648 3580 3059 3644 καταυλοῦνται,
3081 3584 3135 3634 αἱ
3159 3582 3215 3635 δὲ
3246 3583 3345 3652 τῆς
3375 3583 3553 3653 ψυχῆς
3579 3584 3701 3655 ἡδο-

2134 3672 2223 3724 ναὶ
2256 3670 2634 3741 διεγείρονται,
2669 3674 2763 3727 καὶ
2790 3674 2838 3725 οἱ
2869 3675 3136 3745 παρόντες
3165 3679 3228 3746 τῇ
3264 3677 3545 3749 ἀκολάστῳ
3574 3678 3703 3749 μελ-

2132 3762 2265 3832 ῳδίᾳ
2304 3763 2754 3834 κατακηλοῦνται·
2777 3767 2842 3834 ἣν
2865 3767 2911 3818 οἱ
2944 3766 3053 3818 τῶν
3092 3767 3302 3821 ἀσεϐῶν
3326 3770 3512 3832 παῖδες
3540 3771 3693 3824 ἀσελ·

2133 3854 2246 3920 γῶς
2270 3855 2609 3924 ἐργάζονται,
2630 3859 2747 3920 ταῖς
2771 3859 3151 3928 ὲντεταμέναις
3172 3863 3384 3930 νευραῖς
3401 3859 3500 3923 τάς
3514 3863 3701 3931 χεῖρας

2129 3946 2310 4000 αὐτῶν
2338 3949 2734 4014 ἐπιϐάλλοντες,
2775 3950 2869 4003 καὶ
2893 3950 3028 4021 πρὸς
3057 3950 3155 4022 τὴν
3182 3951 3363 4022 φωνὴν
3391 3950 3499 4005 τῶν
3529 3953 3699 4023 ὁργά-

2131 4055 2236 4091 νων
2260 4038 2691 4109 ἐπικρατοῦντες.

2198 4128 2612 4183 Συνετέλεσαν
2629 4129 2699 4182 ἐν
2719 4128 2960 4197 ἀγαθοῖς
2981 4125 3240 4190 τὸνβίον
3266 4125 3485 4180 αὐτῶν.
3534 4129 3703 4182 Τουτι-

2124 4213 2457 4276 έστιν,οὐδὲν
2475 4218 2771 4290 διάλειμμα
2798 4219 2896 4290 τῆς
2922 4217 3224 4288 εὐπραγίας
3246 4217 3430 4281 αὐτοῖς
3458 4218 3697 4286 ἐγένετο,

2127 4311 2242 4365 ἀλλ’
2279 4311 2337 4364 ἐν
2379 4309 2478 4380 βίῳ
2523 4311 2716 4381 τελείῳ
2751 4312 2861 4373 τοῖς
2897 4311 3224 4379 σωματικοῖς
3255 4309 3480 4376 ἀγαθοῖς
3514 4312 3701 4381 ἐντρυ-

2130 4402 2336 4471 φῶντες
2361 4402 2693 4456 διετέλεσαν·
2724 4403 2816 4455 καὶ
2842 4401 3015 4473 πέρας
3056 4401 3239 4463 αὐτοῖς
3272 4400 3613 4470 εὐδαιμονίας
3639 4402 3701 4455 τὸ

455 4511 745 4574 felicitate,
803 4509 946 4563 idem
1004 4504 1355 4561 beatitudinis
1431 4511 1487 4558 et
1556 4502 1683 4556 vita)
1759 4498 2025 4553 terminus

2140 4495 2227 4564 τῆς
2257 4491 2399 4565 ζωῆς
2424 4495 2597 4565 πέρας
2617 4494 2853 4563 ἐγένετο,
2884 4492 3292 4564 παραταθείσης
3323 4493 3483 4563 μέχρι
3517 4493 3691 4547 τελευ-

452 4603 682 4655 exstitit.

525 4690 587 4742 Et
616 4690 671 4740 in
702 4688 875 4756 requie
905 4685 1103 4753 inferni
1130 4682 1478 4736 dormierunt.
1516 4679 1571 4734 ld
1602 4689 1717 4741 est,
1770 4679 1836 4733 ad
1876 4691 2023 4730 mor-

453 4794 556 4834 tem
603 4794 773 4849 usque
822 4775 1211 4846 tranquillitate
1263 4783 1499 4838 utentes,
1540 4782 1597 4824 et
1622 4772 1742 4824 sine
1770 4783 2018 4824 mrumna

450 4887 514 4925 ac
541 4871 784 4926 cruciatu
822 4870 1003 4922 hetitia
1046 4866 1309 4927 fruentes,
1355 4864 1420 4918 ad
1468 4863 1738 4919 infernum
1780 4864 2019 4916 descen-

450 4967 603 5018 dunt.
632 4961 746 5028 Vel,
788 4962 912 5030 quia
958 4975 1107 5013 mors
1151 4958 1263 5026 ipsa
1299 4959 1364 5012 iis
1414 4956 1636 5009 minime
1684 4956 1883 5009 acerba
1924 4953 2013 5013 sit,

448 5056 542 5110 sed
591 5053 733 5106 sicut
788 5065 981 5105 somno
1029 5049 1297 5114 consopiti
1340 5049 1661 5102 moriantur.
1709 5044 1823 5108 Vel,
1885 5043 2014 5112 quia

447 5145 535 5200 alii
572 5143 785 5213 quidem
820 5143 873 5195 in
902 5142 1009 5195 vita
1040 5154 1133 5194 sua
1168 5140 1548 5193 tribulationes
1587 5146 1644 5191 et
1697 5134 2018 5189 alﬂietiones

446 5236 745 5307 patiantur,
796 5234 848 5287 in
899 5242 1074 5286 morte
1123 5245 1252 5284 vero
1303 5231 1545 5300 requiem
1595 5230 1911 5282 inveniant:
1956 5222 2015 5278 hi

444 5337 627 5381 autem
655 5328 720 5381 de
745 5325 943 5393 quibus
965 5336 1049 5378 est
1077 5337 1283 5386 sermo,
1309 5323 1472 5376 vitam
1497 5337 1713 5375 omnem
1748 5318 2017 5373 iudcllexo

448 5431 638 5473 tenore
664 5419 715 5472 in
744 5419 930 5472 laetitia
957 5419 1122 5471 animi
1146 5415 1537 5482 transigentes,
1567 5413 1643 5467 sic
1673 5412 1737 5464 ad
1770 5410 2010 5477 requiem

444 5526 563 5580 qua:
596 5514 645 5564 in
681 5520 854 5565 morte
881 5520 965 5565 cst
994 5518 1386 5580 pervenerunt.

1040 5622 1189 5676 CAP.
1242 5619 1406 5674 XXII.

518 5709 678 5764 Vens.
713 5710 767 5763 2.
812 5708 1000 5763 Nonne
1050 5710 1300 5762 Dominus
1349 5716 1421 5759 est
1456 5720 1545 5771 qui
1583 5702 1775 5756 docet?
1807 5696 2007 5754 Sanum

441 5811 528 5858 est
555 5801 658 5877 hoc
682 5802 903 5870 dogma,
930 5796 1073 5865 quod
1102 5810 1263 5851 verus
1296 5796 1519 5851 virtutis
1550 5794 1811 5859 magister
1844 5793 2007 5846 homo

2126 4584 2225 4654 τῆς
2254 4585 2354 4655 τῆς
2382 4585 2699 4657 εὐημερίας.

2196 4678 2305 4728 Καὶ
2327 4675 2747 4731 ὲνὰναπαύσει
2779 4673 2924 4739 ᾅδου
2953 4671 3378 4740 ἐκοιμήθησαν.
3416 4670 3560 4724 Ἀντὶ
3583 4669 3697 4734 τοῦ,

2124 4768 2289 4840 μέχρι
2316 4767 2544 4822 θανάτου
2573 4764 2973 4835 ἀναπαυόμενοι
3020 4764 3112 4816 καὶ
3142 4760 3524 4824 εὐθυμοῦντες,
3558 4760 3666 4814 ἀὸα
3684 4789 3699 4800 -

2126 4860 2363 4913 σάνιστοι
2393 4860 2473 4921 εἰς
2497 4858 2627 4928 ᾅδην
2656 4856 3029 4925 κατέρχονται.
3061 4855 3133 4907 Ἦ
3157 4894 3172 4919 ,
3202 4855 3284 4907 ὄτι
3329 4853 3448 4905 οὐδὲ
3482 4852 3642 4913 αὐτὸς
3668 4852 3699 4904 ὁ

2123 4954 2348 5015 θάνατος
2378 4951 2576 5021 πικρὸς
2606 4951 2788 5012 αὐτοῖς
2816 4948 3021 5017 γίνεται
3046 4962 3060 4976 ·
3090 4945 3206 5000 ἀλλ’
3239 4944 3429 5015 ὥσπερ
3463 4942 3699 4995 ὑπνοῦν-

2120 5062 2211 5107 τες
2231 5083 2245 5105 ,
2279 5043 2452 5105 οὓτως
2487 5040 2941 5112 ἀποθνήσκουσιν.
2976 5039 3079 5102 "II,
3113 5038 3193 5090 ὅτι
3225 5038 3274 5089 οἱ
3315 5037 3412 5106 μὲν
3458 5035 3607 5088 ἄλλοι
3640 5036 3698 5087 ὲν

2120 5134 2197 5204 τῷ
2224 5133 2323 5205 ζῇν
2349 5131 2723 5188 κακοπαθοῦσι
2746 5132 2840 5185 καὶ
2870 5128 3358 5200 ταλαιπωροῦνται,
3402 5124 3699 5179 ἀποθανόνο

2121 5242 2212 5287 τες
2235 5225 2293 5277 δὲ
2319 5223 2708 5278 ἀναπαύονται·
2744 5215 2889 5275 οὗτοι
2922 5221 2979 5274 δὲ
3006 5223 3133 5291 περὶ
3154 5216 3228 5274 ὧν
3258 5223 3285 5274 ὁ
3313 5219 3500 5288 λόγος,“
3514 5221 3696 5272 πᾶσαν

2121 5315 2220 5385 τὴν
2244 5315 2387 5385 ζωὴν
2412 5316 2469 5367 ὲν
2497 5312 2730 5383 εὐθυμία
2752 5311 3083 5383 διηνυκότες,
3112 5308 3282 5373 οὕτως
3310 5310 3389 5371 εἰς
3414 5308 3511 5379 τὴν
3539 5308 3598 5362 ἐν
3617 5304 3697 5377 τῷ

2121 5405 2337 5474 θανάτῳ
2365 5400 2527 5475 ἦλθον
2555 5404 2880 5456 ἀνάπαυσιν.

2742 5602 2900 5655 ΚΕΦ.
2938 5602 3063 5652 KB’.

2188 5700 2447 5765 Πότερον
2468 5695 2538 5749 οὑ
2562 5694 2774 5761 Κύριός
2805 5692 2973 5744 ἐστιν
2995 5693 3028 5743 ό
3058 5686 3390 5748 «Stationem;
3419 5685 3602 5754 ’Υγιὲς
3639 5685 3697 5738 δὲ

2114 5790 2177 5842 τὸ
2202 5789 2375 5857 δόγμα
2405 5784 2582 5848 τοῦτο,
2618 5786 2698 5837 ὅτι
2740 5781 2989 5853 ἀληθινὸς
3021 5778 3337 5839 διδάσκαλος
3382 5774 3587 5847 ἀρετῆς
3631 5778 3695 5830 οὐ
