4124 6396
435 431 571 484 103⁸1

1780 423 2093 479 SELECTA
2130 422 2195 477 IN
2226 422 2363 479 JOB.

3559 432 3699 486 1058

427 555 647 607 δύναται
679 550 815 605 εἶναι
844 553 1157 621 ἄνθρωπος’
1196 573 1210 601 ι
1238 554 1264 604 ὀ
1290 552 1552 604 διδάσκων
1587 550 1692 620 γάρ
1724 547 1984 620 ἀνθρωπσ

2086 602 2087 605 η
2120 561 2224 599 non
2257 560 2379 598 esse
2424 543 2630 613 possit;
2668 545 2756 612 qui
2793 547 2935 597 cnim
2976 566 2990 597 ι
3030 548 3186 601 duCel.
3212 548 3484 602 hominem
3522 554 3695 605 scien-

428 646 650 713 γνῶσιν,
691 667 709 696 ι
747 647 842 700 καῖ
863 647 922 698 ἐν
936 646 1181 715 Ψαλμοῖς
1207 644 1641 713 ἀναγέγραπται,
1675 644 1757 695 δτι
1783 642 1883 694 οὑκ
1911 640 2008 694 άλ-

426 737 516 800 λος
549 739 695 790 ἐστὶν
722 736 838 790 ἀλλ’
878 736 911 808 ἢ
946 736 1096 800 Θεός.
1143 736 1394 789 Διδάσκει
1427 734 1484 787 δὲ
1517 735 1650 797 Θεὸς
1674 774 1688 796 ,
1720 734 2011 805 ἐλλάμπων

424 831 490 899 τῇ
520 828 663 899 ψυχῇ
683 827 777 881 τοῦ
812 828 1174 900 μανθάνοντος
1198 828 1289 881 ὑπ’
1320 826 1507 889 αὑτοῦ,
1533 828 1626 879 καὶ
1651 826 1750 897 τὴν
1774 827 2011 881 διάνοιαν

424 920 674 988 φωτίζων
705 920 784 991 τῷ
816 921 954 989 φωτὶ⁵
975 920 1053 991 τῷ
1075 920 1313 992 ἀληθινῷ
1337 922 1413 993 τῷ
1447 925 1645 977 ἐαυτοῦ
1673 923 1835 991 λόγῳ.
1866 920 1940 973 Οὑ
1952 938 2011 972 κ-

422 1004 548 1069 οῦν,
585 1005 688 1058 κᾶν
726 1007 918 1075 ἄνδρες
957 1007 1153 1061 δίκαιοι
1181 1010 1331 1079 ἡμᾶς
1362 1010 1675 1072 διδάσκωσι,
1707 1008 2011 1062 διδασκαλι-

423 1096 523 1169 κὴν
551 1098 831 1168 εἰληφότες
879 1099 1037 1170 χάριν
1056 1139 1071 1162 ,
1108 1100 1269 1154 πάλιν
1294 1102 1322 1153 6
1349 1101 1552 1172 Κύριός
1580 1104 1728 1155 ἐστιν
1758 1104 1785 1156 6
1812 1102 1879 1155 δι’
1914 1104 2011 1155 αὑ·-

419 1186 528 1239 τῶν
557 1187 823 1240 διδάσκων
840 1191 989 1258 ἡμᾶς
1006 1205 1019 1218 ⁸
1048 1190 1140 1243 καὶ
1170 1190 1304 1245 αὐτὸ
1328 1189 1385 1244 δέ
1413 1190 1474 1243 τὸ
1499 1191 1733 1243 συνιέναι
1754 1190 1848 1243 καὶ
1864 1190 2010 1244 διαν-

418 1277 666 1347 οιχθῆναι
718 1278 818 1341 τάς
879 1280 1108 1351 καρδίας
1176 1280 1333 1351 ἡμῶν
1391 1282 1471 1343 εἰς
1525 1282 1625 1353 τὴν
1680 1281 1789 1335 τῶν
1847 1280 2006 1335 θείων

420 1369 763 1441 μαθημάτων
844 1373 1179 1447 παραδοχὴν,
1218 1372 1359 1428 κατά
1419 1374 1518 1445 τὴν
1579 1373 1731 1428 θείαν
1796 1375 2003 1443 γίνεται

457 1467 600 1521 ἀοιν.

457 1484 491 1520 α
533 1486 600 1521 ιν.

417 1486 453 1538 χ
488 1484 563 1613 fu
609 1560 798 1629 λόγον
830 1576 946 1614 σου
992 1560 1348 1630 ποιούμενος
1396 1560 1627 1629 ἐλέγξει
1680 1578 1753 1615 σε
1777 1579 1798 1627 ἶ
1859 1563 2004 1633 Πρὸς

412 1651 572 1705 τοῦτο
637 1655 884 1725 εἴποιμεν
950 1653 1057 1718 ἂν,
1140 1654 1221 1707 ὅτι
1291 1654 1352 1706 οὑ
1430 1654 1729 1728 φροντίζων
1788 1656 1817 1709 6
1870 1656 2003 1720 Θεὸς

414 1745 627 1815 μήποτε
662 1745 824 1809 αὑτός
874 1763 927 1798 τι
978 1744 1183 1816 βλαϐῇ,
1235 1745 1445 1815 ἐλέγχει
1489 1746 1581 1798 τὸν
1619 1746 1819 1817 ἀσεϐἧο
1864 1746 2000 1800 ἀλλά

2119 639 2246 691 tiam
2282 638 2352 701 ιο,
2391 654 2407 687 ι
2464 646 2519 689 ιιι
2554 636 2604 689 in
2643 636 2877 691 Psalmis
2926 640 3188 707 scriptum
3253 652 3358 708 est,
3406 659 3509 696 non
3557 644 3701 699 alius

2115 739 2201 783 est
2246 737 2444 799 praeter
2488 729 2679 782 Deum.
2724 727 2893 783 Docet
2938 743 3116 783 autem
3151 733 3293 787 Deus
3325 735 3573 802 discipuli
3611 737 3693 789 sui

2114 823 2354 874 animam
2387 818 2733 884 illustrando,
2774 832 2828 874 et
2859 837 2991 876 vero
3020 822 3244 889 lumine,
3281 828 3445 880 verbo
3480 828 3694 882 scilicet

2115 928 2235 975 suo,
2268 920 2504 966 mentem
2540 910 2914 967 illuminando.
2949 914 3013 967 Et
3041 916 3263 984 quidem
3291 917 3418 972 licet
3444 920 3696 973 homines

2107 1001 2265 1071 justi,
2318 1003 2545 1058 docendi
2600 1007 2837 1075 gratiam
2884 1008 3186 1074 consecuti,
3245 1025 3344 1064 nos
3397 1013 3692 1073 erudiant;

2112 1096 2255 1151 Deus
2311 1106 2491 1152 tamen
2538 1109 2622 1152 eat
2688 1097 2779 1167 qui
2825 1114 2924 1168 per
2980 1114 3076 1154 eos
3122 1117 3221 1156 nos
3263 1102 3541 1158 instituit:
3584 1104 3696 1157 imo

2110 1200 2160 1242 et
2202 1188 2332 1244 illud
2363 1190 2543 1245 divina
2574 1190 2749 1260 gratia
2785 1190 2865 1255 fit,
2897 1200 2953 1245 ut
2990 1192 3379 1262 intelligamus,
3406 1206 3461 1250 et
3494 1198 3561 1249 ad
3602 1196 3691 1249 di-

2110 1280 2359 1336 vinarum
2381 1281 2759 1337 doctrinarum
2776 1283 3143 1352 rcecptionem
3162 1288 3326 1341 corda
3349 1290 3685 1356 aperiamus.

2181 1555 2346 1611 Vnus.
2386 1557 2441 1612 4.
2485 1558 2590 1609 Aut
2629 1557 2887 1610 rationem
2915 1561 2996 1610 tui
3022 1561 3219 1613 habens
3254 1572 3437 1629 urguet
3470 1570 3517 1615 te
3546 1566 3570 1612 γ
3607 1563 3687 1615 Ad

2108 1648 2211 1703 hoc
2241 1649 2573 1718 respondere
2604 1664 2923 1718 possumus,
2953 1651 3227 1706 hominem
3264 1653 3487 1722 impium
3513 1671 3541 1705 δ
3578 1655 3686 1707 Deo

2106 1741 2288 1811 argui,
2321 1756 2428 1794 non
2463 1741 2606 1809 quod
2651 1740 2928 1795 sollicitus
2956 1743 3028 1796 sit
3059 1756 3125 1795 ne
3152 1744 3408 1797 damnum
3465 1747 3684 1815 aliquod

409 1832 568 1903 λόγον
610 1837 930 1901 ποιούμενος
976 1836 1070 1890 τοῦ
1114 1838 1510 1907 προνοουμένου
1552 1839 1643 1891 καὶ
1693 1838 1984 1910 εὑεργετῶκ

2103 1832 2153 1886 ei
2183 1831 2402 1895 inferat,
2450 1832 2546 1886 sed
2594 1832 2721 1901 quia
2770 1846 2934 1901 quem
2972 1835 3319 1903 providentia
3352 1850 3448 1889 sua
3492 1837 3685 1906 digna-

408 1925 595 1981 αὑτόν.

503 2106 887 2177 Ἠνεχύραζες
951 2110 1093 2177 τοὺς
1154 2111 1455 2181 ἀδελφούς
1509 2130 1627 2168 σου
1702 2115 1992 2186 διακενῆς.

414 2195 822 2270 ’Υπολαμϐάνει
873 2201 931 2255 δὲ
986 2202 1143 2257 τοῦτο
1195 2206 1325 2275 περὶ
1384 2204 1480 2259 τοῦ
1527 2204 1648 2259 Ἰὼϐ
1712 2207 1993 2275 ἐντεῦθεν,

403 2292 487 2345 ὅτι
541 2292 657 2362 ᾔδει
703 2291 868 2344 αὑτὸν
918 2292 1211 2359 πλούσιον,
1250 2297 1344 2349 καὶ
1386 2296 1705 2351 ὑπώπτευεν
1749 2299 1857 2353 ἀπὸ
1885 2318 1996 2354 τοι-

401 2382 575 2434 οὑτων
601 2382 761 2435 τινῶν
788 2383 969 2453 πόρων
992 2384 1238 2439 πλουτεῖν
1264 2387 1427 2441 αὑτόν
1448 2405 1460 2417 ·
1494 2388 1575 2443 διό
1600 2407 1765 2461 φησιν
1783 2394 1993 2448 ἐἮνε-

401 2472 640 2543 χὺραζες
750 2473 1003 2544 διακενῆς
1028 2492 1041 2505 ⁸
1080 2494 1099 2528 ι
1142 2477 1392 2532 τουτέστι
1436 2480 1601 2549 μηδὲν
1638 2482 1995 2555 ὲποφειλόμε-

400 2580 509 2626 νος.
543 2564 982 2634 Προσεπιτείνων
1019 2566 1077 2621 δὲ
1122 2568 1284 2622 πάλιν
1318 2570 1486 2643 ἄλλην
1516 2571 1680 2626 αὑτοῦ
1713 2573 1991 2646 ἁμαρτίαν

402 2655 589 2727 φησίν.

480 2839 802 2909 Ἀμφίασιν
840 2840 909 2893 δὲ
949 2843 1191 2912 γυμνῶν
1235 2844 1513 2913 ἀφείλου.
1552 2845 1710 2899 Ἔστι
1738 2847 1869 2901 ποτὲ
1896 2847 1990 2903 λα-

396 2929 513 2983 ϐεῖν
545 2930 933 3002 ἀμφιάσματα,
964 2933 1025 2986 οὐ
1054 2934 1283 3005 γυμνοῦ,
1307 2934 1442 2989 άλλά
1473 2935 1749 3002 πλουσίου,
1773 2936 1989 3008 ἔχοντος

396 3023 735 3094 ἀποκείμενα
769 3025 1042 3096 ἐνδύματα
1078 3027 1268 3082 πολλά.
1316 3028 1442 3081 Ἐάν
1495 3029 1744 3101 μέντοιγε
1786 3032 1989 3102 χιτῶνα

393 3111 494 3187 ἔχῃ
531 3133 614 3180 τις
653 3116 781 3181 ἕνα,
824 3118 919 3171 καὶ
961 3116 1151 3173 τοῦτον
1196 3120 1290 3173 τὸν
1333 3119 1535 3190 χιτῶνα
1581 3121 1852 3193 προφάσει
1890 3121 1987 3177 τοῦ

393 3210 647 3263 ἀπαιτεῖν
679 3210 741 3262 τὸ
772 3210 904 3281 ἐμὸν
948 3212 1159 3265 ἐκδὺσω
1184 3252 1198 3276 ,
1239 3212 1314 3283 μὴ
1351 3212 1582 3283 ἐλεήσας
1625 3215 1829 3267 ἐκεῖνον
1889 3215 1981 3269 τὸν

391 3301 635 3371 γυμνὸν,
676 3303 945 3373 ἀμφίασιν
980 3300 1075 3356 τοῦ
1108 3303 1316 3375 γυμνοῦ
1347 3303 1668 3376 ἀφειλόμην.
1713 3305 1891 3359 Πολλά
1922 3306 1979 3360 δὲ

390 3390 617 3445 τοιαῦτα
638 3393 697 3447 ὲν
724 3393 854 3464 ἡμῖν
888 3394 1117 3463 γίνεται,
1135 3395 1264 3448 ὅταν
1284 3394 1638 3468 δανείζωμεν,
1660 3396 1789 3450 ὅταν
1810 3414 1980 3469 προσ-

388 3484 671 3551 οφειλέτας
719 3484 952 3556 ἔχωμεν.
1008 3487 1276 3551 Πολλάκις
1309 3490 1338 3541 6
1374 3487 1658 3560 ὀφειλέτης
1696 3489 1855 3560 ἡμῶν
1896 3490 1977 3554 είς

389 3574 694 3648 ὑπερϐολὴν
743 3576 997 3643 πένεται,
1046 3579 1122 3651 μὴ
1165 3579 1459 3651 δυνάμενος
1508 3581 1829 3637 ἀποδοῦναι·
1883 3584 1975 3636 καὶ

387 3667 549 3739 ⁴ἡμεῖς
571 3707 586 3731 ,
621 3670 692 3723 τὰ
736 3670 1021 3743 σπλάγχνα
1078 3672 1237 3744 ἡμῶν
1278 3674 1723 3741 ἀποκλείσαντες,
1756 3676 1851 3729 καὶ
1898 3676 1972 3748 μὴ

389 3756 696 3827 βλέποντες,
728 3760 811 3814 ὅτι
840 3765 1075 3830 γυναῖκα
1100 3763 1311 3835 τρέφει,
1340 3766 1432 3818 καὶ
1462 3765 1629 3835 τέκνα
1651 3806 1666 3830 ,
1696 3766 1789 3820 καὶ
1822 3767 1973 3837 μόλις

385 3851 642 3922 τρέφεται
675 3853 800 3906 ἀπὸ·
815 3854 924 3907 τῶν
951 3855 1322 3928 ποριζομένων
1351 3857 1500 3929 αὑτῷ
1527 3858 1722 3927 ὀλίγων
1747 3857 1968 3923 ὀϐολῶν,

384 3942 725 4016 ἀπαιτοῦμεν
766 3946 1015 4018 πικρῶς,
1046 3947 1158 4001 ἐσθ’
1192 3949 1282 4001 ὅτε
1333 3950 1431 4002 καὶ
1475 3948 1713 4021 περισσά
1755 3949 1970 4021 ἔχοντες

385 4039 517 4107 παρ’
565 4038 795 4101 ἑαυτοῖς.
842 4039 1027 4093 Ταῦτα
1076 4036 1168 4093 οῦν
1214 4039 1359 4109 λέγει
1407 4041 1653 4110 ἐγκαλῶν
1699 4040 1778 4112 τῷ
1822 4040 1964 4105 Ἰὼϐ,

384 4128 497 4189 ὅτι.
540 4150 559 4182 ι
605 4132 896 4201 ’Δμφίασιν
924 4132 1146 4203 γυμνῶν
1183 4133 1428 4202 ἀφείλου.
1481 4153 1499 4185 ι
1550 4134 1711 4195 Ἴσως
1758 4133 1817 4186 δὲ
1876 4133 1968 4186 καὶ

384 4219 447 4273 τὸ
491 4222 567 4293 μὴ
609 4221 791 4275 δοῦναι
833 4222 914 4293 τῷ
960 4223 1153 4294 γυμνῷ
1185 4224 1399 4295 ἱμάτιον
1444 4223 1734 4295 ἀφαίρεσιν
1766 4221 1966 4294 ὀνομά-

383 4312 501 4376 ζει·
550 4312 930 4385 ἀποστερητὴς
970 4314 1080 4384 γάρ
1121 4315 1238 4367 ἐστι
1286 4314 1380 4367 καὶ
1426 4313 1755 4385 πλεονέκτης
1800 4314 1894 4367 καὶ
1938 4317 1967 4368 6

384 4402 462 4475 μὴ
497 4402 697 4457 ἐνδὺων
725 4403 818 4457 τὸν
841 4403 1048 4473 γυμνὸν
1074 4445 1088 4469 ,
1122 4405 1214 4457 καὶ
1251 4405 1279 4457 6
1320 4405 1395 4476 μὴ
1426 4404 1640 4477 τρέφων
1674 4402 1763 4458 τὸν
1798 4404 1963 4475 ἄρτου

378 4492 655 4566 δεόμενον.

2030 1914 2073 1969 Β
2104 1931 2213 1986 tur,
2258 1938 2448 1978 curam
2501 1922 2616 1992 ejus
2670 1936 2846 1995 gerat,
2887 1933 2940 1979 et
2974 1926 3333 1982 beneficentia
3383 1942 3484 1983 sua
3530 1942 3681 1983 com-

2098 2013 2391 2083 plectatur.

2177 2104 2338 2161 Vans.
2376 2106 2430 2161 6.
2472 2105 2538 2160 In
2559 2107 2749 2177 pignus
2773 2116 2950 2161 autem
2978 2109 3227 2178 accepisti
3250 2110 3447 2179 fratres
3476 2121 3595 2165 tuo:
3621 2112 3679 2164 in

2100 2214 2313 2252 tanum.
2351 2198 2463 2253 lloc
2493 2210 2676 2253 autem
2714 2200 2781 2254 de
2808 2197 2946 2254 Jobo
2979 2215 3043 2255 ex
3076 2216 3142 2257 eo
3177 2204 3515 2271 suspicatur,
3552 2204 3687 2272 quia-

2097 2289 2321 2343 divitem
2346 2304 2469 2343 eum
2501 2288 2671 2343 fuisse
2698 2301 3047 2359 cognoverat,
3077 2299 3131 2344 et
3163 2292 3431 2359 ejusmodi
3479 2293 3677 2363 aliqui-

2097 2379 2199 2435 bus
2234 2378 2539 2435 rationibus
2580 2380 2910 2449 locupletem
2960 2382 3203 2437 erasisse
3249 2384 3673 2453 suspicabatur:

2097 2474 2322 2540 ideirco,
2359 2493 2378 2527 ι
2411 2476 2636 2546 Pignus,
2670 2475 2863 2544 inquit,
2910 2476 2967 2532 in
3009 2492 3210 2532 vanum
3247 2482 3528 2551 accepisti,
3569 2501 3589 2535 ι
3622 2483 3677 2538 id

2092 2576 2177 2621 est
2229 2567 2461 2622 fructum
2504 2568 2712 2621 nullum
2747 2568 2875 2621 inde
2901 2570 3228 2640 percipiens.
3268 2571 3674 2643 [inprobitatem

2095 2669 2276 2714 autem
2319 2659 2440 2727 ejus
2482 2672 2844 2730 exaggerans,
2894 2661 3039 2715 aliud
3082 2672 3346 2732 praeterea
3383 2676 3669 2735 peccatum

2091 2750 2208 2820 ejus
2236 2750 2403 2805 addit.

2166 2840 2235 2895 Et
2273 2842 2525 2895 amictum
2558 2842 2822 2895 nudorum
2855 2843 3143 2899 abstulisti.
3174 2844 3258 2900 Fit
3291 2846 3571 2903 interdum
3614 2858 3673 2903 ut

2092 2932 2465 2987 indumentum
2495 2933 2764 3001 capiatur,
2797 2946 2900 2986 non
2942 2944 3120 2989 autem
3156 2936 3312 3003 nudi,
3343 2939 3437 2993 sed
3467 2939 3674 3006 divitis,

2090 3024 2183 3093 qui
2241 3025 2409 3078 multa
2464 3026 2786 3082 vestimenta
2848 3029 3129 3082 recondita
3177 3030 3342 3085 habet
3386 3048 3399 3084 :
3449 3032 3493 3085 si
3543 3046 3672 3087 vero

2092 3116 2213 3184 quis
2240 3118 2476 3171 tunicam
2525 3119 2742 3173 unicam
2787 3128 2999 3172 tantum
3052 3121 3272 3186 habeat,
3309 3131 3364 3176 et
3395 3123 3536 3178 hanc
3568 3126 3671 3179 sub

2097 3218 2363 3278 prtetextu
2416 3212 2691 3280 repetendi
2738 3213 2882 3281 quod
2940 3228 3117 3267 meum
3171 3222 3274 3281 est,
3326 3215 3474 3269 nulla
3532 3218 3662 3272 nudi

2088 3299 2231 3355 illius
2280 3302 2634 3357 miseratione
2676 3314 2872 3370 taetus,
2920 3306 3248 3370 detraxero,
3306 3308 3434 3362 nudi
3498 3310 3658 3363 indu-

2091 3399 2333 3445 mentum
2367 3392 2587 3446 abstuli.
2620 3392 2772 3447 Talia
2804 3404 2985 3447 autem
3020 3395 3189 3449 multa
3221 3395 3367 3450 inter
3403 3412 3503 3453 nos
3533 3412 3658 3454 eve-

2087 3483 2266 3550 niunt,
2294 3498 2417 3539 cum
2462 3485 2631 3541 fenori
2663 3486 2922 3555 pecunias
2965 3489 3309 3558 exponimus,
3334 3500 3387 3545 et
3416 3507 3539 3546 cum
3566 3494 3659 3547 de-

2090 3572 2358 3630 bitoribns
2388 3577 2601 3646 negotia
2637 3577 2924 3636 habemus.
2958 3580 3348 3649 Smpenumero
3379 3582 3471 3653 qui
3506 3584 3667 3639 nobis

2087 3664 2269 3720 debito
2300 3666 2683 3737 obstringitur,
2719 3671 2772 3724 in
2802 3687 3014 3726 summa
3057 3680 3141 3727 est
3188 3682 3451 3742 egestate,
3498 3674 3571 3727 ita
3604 3684 3665 3726 ut

2085 3757 2348 3814 solvendo
2379 3759 2614 3817 omnino
2664 3780 2772 3819 non
2822 3768 2946 3833 sit;
2992 3778 3089 3820 nos
3142 3780 3272 3819 vero
3321 3780 3665 3836 nequaquam

2080 3855 2490 3911 considerantes
2542 3861 2685 3927 quod
2727 3862 3013 3930 coniugem
3067 3867 3120 3915 et
3175 3859 3376 3917 liberos
3436 3864 3662 3920 alendos

2080 3943 2298 4010 habeat,
2330 3957 2385 4002 et
2418 3950 2606 4017 paucis
2634 3949 2798 4022 505
2822 3951 2997 4007 obolis
3031 3953 3120 4019 qui
3175 3952 3249 4006 illi
3295 3953 3655 4020 exhibentur,

2078 4033 2375 4092 diﬂiculter
2418 4041 2585 4093 vitam
2636 4046 2932 4107 sustineat,
2977 4042 3215 4097 occlusis
3267 4044 3655 4099 misericordia:

2079 4125 2426 4191 visceribus,
2491 4144 2615 4183 cum
2671 4133 2976 4186 acerbitate
3037 4131 3278 4185 debitum
3343 4133 3654 4201 exigimus,

2086 4214 2245 4283 idque
2274 4215 2548 4269 interdum
2578 4233 2702 4272 cum
2739 4220 2837 4289 ipsi
2863 4236 3040 4273 rerum
3062 4220 3305 4274 omnitun
3329 4221 3656 4278 abundantia

2080 4304 2542 4361 circumfluamus.
2576 4308 2702 4365 Haec
2727 4312 2890 4381 igitur
2921 4310 3114 4365 Jobum
3150 4312 3464 4382 vituperans
3488 4314 3653 4372 dicit:

2078 4414 2097 4447 ι
2130 4397 2401 4452 Amictmn
2427 4400 2694 4455 nudorum
2721 4403 3015 4461 abstulisti.
3052 4423 3067 4456 ι
3118 4403 3371 4460 Fortasse
3402 4408 3569 4462 etiam
3602 4418 3658 4463 et

2074 4490 2459 4545 vestimentum
2492 4494 2636 4547 nudo
2673 4511 2779 4547 non
2813 4497 3071 4562 praebere,
3104 4497 3438 4552 ablutionem
3471 4510 3648 4555 vocat.

1997 4610 2042 4664 ι)
2073 4578 2176 4646 Qui
2232 4584 2380 4637 enim
2437 4585 2638 4639 nudum
2692 4600 2801 4639 non
2850 4584 3049 4651 induit,
3088 4597 3144 4641 et
3188 4601 3467 4646 carentem
3514 4609 3656 4662 pane

2077 4686 2184 4726 non
2215 4673 2334 4739 alit,
2371 4673 2650 4730 fraudator
2674 4685 2761 4731 est
2790 4685 2846 4731 et
2881 4676 3045 4731 alieni
3079 4678 3290 4734 avidus.

462 4766 837 4836 Ἐθαύμιισας
861 4764 929 4818 δέ
961 4780 1139 4819 τινων
1164 4766 1474 4834 πρόσωπα.
1521 4764 1684 4818 ’Λλλο
1714 4766 1807 4819 καὶ
1833 4765 1958 4819 τοῦ-

2145 4764 2310 4820 νειιδ.
2341 4766 2399 4821 8.
2441 4764 2507 4819 Et
2544 4768 2841 4822 admiratus
2871 4784 2925 4822 es
2960 4771 3311 4838 quorumdam
3345 4786 3648 4838 personam.

375 4876 441 4915 το
465 4860 787 4932 ἁμάρτημα·
812 4858 1113 4930 ἁμάρτημα
1128 4857 1237 4930 γὰρ
1263 4858 1437 4912 καὶτὸ
1461 4858 1761 4929 θαυμάζειν
1791 4857 1960 4929 πρόσ-

2086 4854 2186 4913 ioc
2238 4866 2499 4925 praeterea
2552 4857 2697 4911 aliud
2754 4846 2959 4911 crimen
3016 4869 3122 4912 est.
3193 4857 3440 4913 Hominis
3501 4860 3648 4912 enim

377 4970 546 5007 ωπον.
591 4953 648 5006 Ὀ
689 4952 858 5017 δεῖνα,
896 4952 977 5004 ὃτι
1022 4950 1276 5017 πλούσιός
1306 4951 1445 5015 ἐστι,
1492 4950 1756 5022 θαυμάζω
1786 4949 1954 5004 αὑτοῦ

2086 4963 2354 5002 ιετδοιιιηη
2410 4948 2460 5002 in
2528 4949 2889 5003 admiratione
2952 4949 3178 5016 habere,
3241 4960 3468 5019 peccato
3540 4967 3650 5006 non

376 5044 439 5096 τὸ
466 5043 783 5114 πρόσωπον·
826 5042 918 5095 τὸν
952 5041 1010 5096 δὲ
1050 5041 1260 5113 πένητα
1290 5042 1622 5107 καταπατῶ,
1656 5043 1955 5113 ἐπειδήπερ

2086 5049 2259 5094 :aret:
2297 5040 2459 5111 hujus
2498 5055 2810 5110 personam,
2862 5041 2988 5110 quia
3042 5040 3199 5094 dives
3254 5054 3361 5106 est,
3417 5058 3649 5098 veneror

2060 5141 2117 5187 et
2157 5132 2436 5199 admiror;
2471 5148 2761 5202 pauperem
2817 5149 2969 5198 vero,
3017 5135 3142 5204 quia
3189 5133 3335 5188 nulla
3382 5136 3647 5205 dignitate

2065 5226 2329 5295 praeditus
2354 5236 2458 5291 est,
2490 5227 2590 5281 sub
2621 5227 2846 5296 pedibus
2882 5229 3167 5283 conculco.

2144 5317 2309 5373 VEBS.
2356 5318 2448 5374 25.
2494 5317 2613 5372 Erit
2653 5319 2818 5388 igitur
2870 5329 2991 5372 tuus
3041 5321 3374 5385 omnipotens
3408 5318 3644 5385 adjutor.

377 5136 594 5206 ἀξίωμα
619 5138 719 5190 οὑκ
742 5136 876 5206 ἔχει.

452 5325 665 5377 Ἔσται
696 5321 810 5375 οὖν
845 5336 947 5375 σοι
977 5324 1009 5375 ό
1042 5318 1466 5387 παντοκράτωρ
1492 5318 1740 5385 βοηθός.
1778 5315 1962 5384 Ὺγιές

377 5415 566 5471 ἐνθάδε
611 5413 786 5484 δόγμα
813 5415 843 5467 ὁ
879 5411 1102 5480 Ἐλιφάζ
1136 5410 1324 5479 λέγει·
1362 5410 1533 5462 οἴεται
1574 5408 1683 5479 γὰρ
1714 5409 1806 5461 τὸν
1844 5407 1963 5460 Ἰὼϐ

373 5506 463 5559 διὰ
490 5505 558 5558 τὰ
580 5505 952 5576 ἁμαρτήματα
982 5502 1212 5572 πάσχειν
1232 5540 1246 5564 ,
1275 5500 1369 5554 καὶ
1414 5501 1494 5553 δτι
1533 5498 1833 5570 ὑπομείνας
1862 5515 1961 5551 κα-

376 5599 623 5670 θαίρεται
653 5597 718 5651 δι’
748 5594 914 5650 αὑτοῦ
958 5594 1052 5648 τοῦ
1104 5593 1335 5664 πάσχειν
1361 5610 1373 5622 ·
1408 5592 1502 5646 καὶ
1533 5591 1955 5663 καθαιρόμενος,

375 5691 563 5763 ὥσπερ
598 5691 796 5762 χρυσὸς
824 5692 881 5743 ἐν
907 5688 1278 5760 χωνευτηρίῳ,
1309 5687 1529 5757 δόκιμος
1569 5684 1953 5754 ἀποφαίνεται,

378 5786 483 5837 πᾶν
526 5784 586 5835 τὸ
635 5781 912 5852 ἀλλότριον
963 5778 1331 5850 ἀποθέμενος,
1384 5778 1476 5831 καὶ
1522 5777 1703 5847 πάσης
1757 5775 1954 5838 κακίας

450 5901 492 5932 ⁸ο
537 5899 677 5954 Psal.
725 5916 891 5965 xcm,
947 5897 1032 5952 l0.

2049 5396 2360 5481 'Eliphazus
2399 5412 2501 5467 hoc
2537 5410 2657 5467 loco
2688 5427 2884 5466 sanum
2916 5411 3116 5480 dogma
3166 5409 3412 5480 profert;
3448 5407 3642 5462 Jobum

2067 5502 2212 5556 enim
2266 5512 2489 5573 pr0pter
2537 5496 2757 5573 peccata
2810 5502 2921 5571 pati
2966 5502 3195 5554 adversa
3239 5498 3557 5559 arbitratur,
3588 5504 3645 5550 et

2067 5592 2210 5659 quod
2278 5592 2393 5661 ipsa
2442 5592 2709 5647 malorum
2768 5590 3092 5646 toleratione
3133 5585 3453 5643 sustinendo
3511 5600 3645 5655 pur—

2066 5694 2243 5752 getur,
2297 5693 2352 5740 et
2397 5695 2679 5755 purgatus,
2734 5682 2947 5751 ahjeclo
2996 5681 3142 5735 omni
3187 5678 3389 5742 alieno,
3422 5685 3479 5732 et
3502 5676 3642 5731 liber

2065 5775 2132 5830 ab
2179 5775 2282 5832 ulla
2329 5776 2696 5847 improbitatis
2739 5776 2988 5830 mistura.
3040 5781 3293 5839 tanquam
3342 5784 3533 5824 aurum
3588 5769 3642 5822 in
