  <div class='ocr_page' id='page_1' title='image "/cluster/home/n/w/nwhite01/storage/ocr_20150623/12:no.2/coo.31924054873074/533.png"; bbox 0 0 4124 6368; ppageno 0'>
   <div class='ocr_carea' id='block_1_1' title="bbox 496 357 633 414">
    <p class='ocr_par' dir='ltr' id='par_1_1' title="bbox 496 357 633 414">
     <span class='ocr_line' id='line_1_1' title="bbox 496 357 633 414; baseline 0.029 -4"><span class='ocrx_word' id='word_1_1' title='bbox 496 357 633 414; x_wconf 67' lang='grc'><strong>5059</strong></span> 
     </span>
    </p>
   </div>
   <div class='ocr_carea' id='block_1_2' title="bbox 1905 371 2330 432">
    <p class='ocr_par' dir='ltr' id='par_1_2' title="bbox 1905 371 2330 432">
     <span class='ocr_line' id='line_1_2' title="bbox 1905 371 2330 432; baseline 0.014 -6"><span class='ocrx_word' id='word_1_2' title='bbox 1905 371 1993 427; x_wconf 84' lang='lat' dir='ltr'><strong>EX</strong></span> <span class='ocrx_word' id='word_1_3' title='bbox 2030 371 2330 432; x_wconf 77' lang='lat' dir='ltr'><strong>ORIGENE</strong></span> 
     </span>
    </p>
   </div>
   <div class='ocr_carea' id='block_1_3' title="bbox 3627 385 3770 440">
    <p class='ocr_par' dir='ltr' id='par_1_3' title="bbox 3627 385 3770 440">
     <span class='ocr_line' id='line_1_3' title="bbox 3627 385 3770 440; baseline 0.014 -2"><span class='ocrx_word' id='word_1_4' title='bbox 3627 385 3770 440; x_wconf 59' lang='lat' dir='ltr'><strong>I060</strong></span> 
     </span>
    </p>
   </div>
   <div class='ocr_carea' id='block_1_4' title="bbox 494 471 2043 570">
    <p class='ocr_par' dir='ltr' id='par_1_4' title="bbox 494 471 2043 554">
     <span class='ocr_line' id='line_1_4' title="bbox 494 471 2043 554; baseline 0.011 -33"><span class='ocrx_word' id='word_1_5' title='bbox 494 471 715 524; x_wconf 86' lang='lat' dir='ltr'><strong>tornacc</strong></span> <span class='ocrx_word' id='word_1_6' title='bbox 747 477 988 534; x_wconf 88' lang='lat' dir='ltr'><strong>coctum,</strong></span> <span class='ocrx_word' id='word_1_7' title='bbox 1026 473 1292 540; x_wconf 89' lang='lat' dir='ltr'><strong>probatus</strong></span> <span class='ocrx_word' id='word_1_8' title='bbox 1339 488 1617 548; x_wconf 89' lang='lat' dir='ltr'><strong>appareat.</strong></span> <span class='ocrx_word' id='word_1_9' title='bbox 1662 481 1718 537; x_wconf 90' lang='lat' dir='ltr'><strong>Si</strong></span> <span class='ocrx_word' id='word_1_10' title='bbox 1769 483 1954 554; x_wconf 76' lang='lat' dir='ltr'><strong>igitur,</strong></span> <span class='ocrx_word' id='word_1_11' title='bbox 1983 486 2043 538; x_wconf 89' lang='lat' dir='ltr'><strong>in</strong></span> 
     </span>
    </p>
   </div>
   <div class='ocr_carea' id='block_1_5' title="bbox 2147 471 3762 570">
    <p class='ocr_par' dir='ltr' id='par_1_5' title="bbox 2166 489 3762 570">
     <span class='ocr_line' id='line_1_5' title="bbox 2166 489 3762 570; baseline 0.008 -29"><span class='ocrx_word' id='word_1_12' title='bbox 2166 489 2371 562; x_wconf 81' lang='grc' dir='ltr'>ἀμιγὴς</span> <span class='ocrx_word' id='word_1_13' title='bbox 2393 494 2650 562; x_wconf 83' lang='grc' dir='ltr'>γεγονώς.</span> <span class='ocrx_word' id='word_1_14' title='bbox 2682 495 2852 567; x_wconf 75' lang='grc' dir='ltr'>Φησὶν</span> <span class='ocrx_word' id='word_1_15' title='bbox 2882 492 2998 561; x_wconf 73' lang='grc' dir='ltr'>οὗν,</span> <span class='ocrx_word' id='word_1_16' title='bbox 3031 497 3144 562; x_wconf 78' lang='grc' dir='ltr'>ὅτι,</span> <span class='ocrx_word' id='word_1_17' title='bbox 3180 496 3275 554; x_wconf 79' lang='grc' dir='ltr'><strong>ἐάν</strong></span> <span class='ocrx_word' id='word_1_18' title='bbox 3309 497 3402 552; x_wconf 79' lang='grc' dir='ltr'>καὶ</span> <span class='ocrx_word' id='word_1_19' title='bbox 3433 497 3498 553; x_wconf 69' lang='grc' dir='ltr'>σὺ</span> <span class='ocrx_word' id='word_1_20' title='bbox 3527 498 3762 570; x_wconf 82' lang='grc' dir='ltr'>ὑπομεί-</span> 
     </span>
    </p>
   </div>
   <div class='ocr_carea' id='block_1_6' title="bbox 488 561 2061 643">
    <p class='ocr_par' dir='ltr' id='par_1_6' title="bbox 488 561 2061 643">
     <span class='ocr_line' id='line_1_6' title="bbox 488 561 2061 643; baseline 0.013 -32"><span class='ocrx_word' id='word_1_21' title='bbox 488 561 629 627; x_wconf 84' lang='lat' dir='ltr'><strong>qnit.</strong></span> <span class='ocrx_word' id='word_1_22' title='bbox 678 575 739 616; x_wconf 89' lang='lat' dir='ltr'><strong>ea</strong></span> <span class='ocrx_word' id='word_1_23' title='bbox 787 577 908 632; x_wconf 73' lang='lat' dir='ltr'><strong>qua:</strong></span> <span class='ocrx_word' id='word_1_24' title='bbox 949 563 1045 618; x_wconf 90' lang='lat' dir='ltr'><strong>tibi</strong></span> <span class='ocrx_word' id='word_1_25' title='bbox 1099 566 1450 635; x_wconf 89' lang='lat' dir='ltr'><strong>acciderunt,</strong></span> <span class='ocrx_word' id='word_1_26' title='bbox 1498 574 1846 639; x_wconf 73' lang='lat' dir='ltr'><strong>sustinueris,</strong></span> <span class='ocrx_word' id='word_1_27' title='bbox 1904 576 2061 643; x_wconf 86' lang='lat' dir='ltr'><strong>Deus,</strong></span> 
     </span>
    </p>
   </div>
   <div class='ocr_carea' id='block_1_7' title="bbox 491 656 2068 732">
    <p class='ocr_par' dir='ltr' id='par_1_7' title="bbox 491 656 2068 732">
     <span class='ocr_line' id='line_1_7' title="bbox 491 656 2068 732; baseline 0.014 -29"><span class='ocrx_word' id='word_1_28' title='bbox 491 663 747 721; x_wconf 88' lang='lat' dir='ltr'><strong>tanquant</strong></span> <span class='ocrx_word' id='word_1_29' title='bbox 775 662 1059 722; x_wconf 76' lang='lat' dir='ltr'><strong>argentum</strong></span> <span class='ocrx_word' id='word_1_30' title='bbox 1097 656 1220 724; x_wconf 82' lang='lat' dir='ltr'><strong>igne</strong></span> <span class='ocrx_word' id='word_1_31' title='bbox 1257 669 1573 729; x_wconf 76' lang='lat' dir='ltr'><strong>purgatum,</strong></span> <span class='ocrx_word' id='word_1_32' title='bbox 1613 680 1805 732; x_wconf 84' lang='lat' dir='ltr'><strong>purum</strong></span> <span class='ocrx_word' id='word_1_33' title='bbox 1856 677 1908 723; x_wconf 85' lang='lat' dir='ltr'><strong>te</strong></span> <span class='ocrx_word' id='word_1_34' title='bbox 1946 672 2068 725; x_wconf 85' lang='lat' dir='ltr'><strong>red-</strong></span> 
     </span>
    </p>
   </div>
   <div class='ocr_carea' id='block_1_8' title="bbox 488 746 2065 829">
    <p class='ocr_par' dir='ltr' id='par_1_8' title="bbox 488 746 2065 829">
     <span class='ocr_line' id='line_1_8' title="bbox 488 746 2065 829; baseline 0.017 -39"><span class='ocrx_word' id='word_1_35' title='bbox 488 746 620 810; x_wconf 88' lang='lat' dir='ltr'><strong>det;</strong></span> <span class='ocrx_word' id='word_1_36' title='bbox 655 755 708 799; x_wconf 89' lang='lat' dir='ltr'><strong>et</strong></span> <span class='ocrx_word' id='word_1_37' title='bbox 739 761 910 815; x_wconf 89' lang='lat' dir='ltr'><strong>purus</strong></span> <span class='ocrx_word' id='word_1_38' title='bbox 954 746 1153 814; x_wconf 81' lang='lat' dir='ltr'><strong>factus,</strong></span> <span class='ocrx_word' id='word_1_39' title='bbox 1192 759 1451 821; x_wconf 88' lang='lat' dir='ltr'><strong>tanquam</strong></span> <span class='ocrx_word' id='word_1_40' title='bbox 1497 757 1542 810; x_wconf 89' lang='lat' dir='ltr'><strong>is</strong></span> <span class='ocrx_word' id='word_1_41' title='bbox 1589 759 1682 826; x_wconf 86' lang='lat' dir='ltr'><strong>qui</strong></span> <span class='ocrx_word' id='word_1_42' title='bbox 1722 770 1940 829; x_wconf 80' lang='lat' dir='ltr'><strong>peccata</strong></span> <span class='ocrx_word' id='word_1_43' title='bbox 1967 764 2065 816; x_wconf 86' lang='lat' dir='ltr'><strong>ab-</strong></span> 
     </span>
    </p>
   </div>
   <div class='ocr_carea' id='block_1_9' title="bbox 481 836 2067 908">
    <p class='ocr_par' dir='ltr' id='par_1_9' title="bbox 481 836 2067 908">
     <span class='ocr_line' id='line_1_9' title="bbox 481 836 2067 908; baseline 0.011 -18"><span class='ocrx_word' id='word_1_44' title='bbox 481 837 628 904; x_wconf 86' lang='lat' dir='ltr'><strong>jecit,</strong></span> <span class='ocrx_word' id='word_1_45' title='bbox 663 836 915 890; x_wconf 82' lang='lat' dir='ltr'><strong>ﬁduciam</strong></span> <span class='ocrx_word' id='word_1_46' title='bbox 947 841 1248 908; x_wconf 87' lang='lat' dir='ltr'><strong>concipics,</strong></span> <span class='ocrx_word' id='word_1_47' title='bbox 1289 855 1344 897; x_wconf 90' lang='lat' dir='ltr'><strong>et</strong></span> <span class='ocrx_word' id='word_1_48' title='bbox 1367 848 1705 903; x_wconf 88' lang='lat' dir='ltr'><strong>conscientia</strong></span> <span class='ocrx_word' id='word_1_49' title='bbox 1736 865 1765 904; x_wconf 91' lang='lat' dir='ltr'><strong>a</strong></span> <span class='ocrx_word' id='word_1_50' title='bbox 1809 855 2067 907; x_wconf 92' lang='lat' dir='ltr'><strong>condem-</strong></span> 
     </span>
    </p>
   </div>
   <div class='ocr_carea' id='block_1_10' title="bbox 483 927 2062 998">
    <p class='ocr_par' dir='ltr' id='par_1_10' title="bbox 483 927 2062 998">
     <span class='ocr_line' id='line_1_10' title="bbox 483 927 2062 998; baseline 0.009 -18"><span class='ocrx_word' id='word_1_51' title='bbox 483 929 703 980; x_wconf 80' lang='lat' dir='ltr'><strong>natione</strong></span> <span class='ocrx_word' id='word_1_52' title='bbox 734 927 898 980; x_wconf 89' lang='lat' dir='ltr'><strong>libera</strong></span> <span class='ocrx_word' id='word_1_53' title='bbox 946 943 1136 994; x_wconf 79' lang='lat' dir='ltr'><strong>preces</strong></span> <span class='ocrx_word' id='word_1_54' title='bbox 1184 931 1439 998; x_wconf 81' lang='lat' dir='ltr'><strong>fundens,</strong></span> <span class='ocrx_word' id='word_1_55' title='bbox 1487 935 1719 991; x_wconf 83' lang='lat' dir='ltr'><strong>hilarem</strong></span> <span class='ocrx_word' id='word_1_56' title='bbox 1754 935 1958 992; x_wconf 78' lang='lat' dir='ltr'><strong>vult&#39;uui</strong></span> <span class='ocrx_word' id='word_1_57' title='bbox 2011 942 2062 994; x_wconf 93' lang='lat' dir='ltr'><strong>in</strong></span> 
     </span>
    </p>
   </div>
   <div class='ocr_carea' id='block_1_11' title="bbox 482 1022 2064 1099">
    <p class='ocr_par' dir='ltr' id='par_1_11' title="bbox 482 1022 2064 1099">
     <span class='ocr_line' id='line_1_11' title="bbox 482 1022 2064 1099; baseline 0.01 -27"><span class='ocrx_word' id='word_1_58' title='bbox 482 1022 678 1076; x_wconf 68' lang='lat' dir='ltr'><strong>«mlum</strong></span> <span class='ocrx_word' id='word_1_59' title='bbox 708 1023 927 1077; x_wconf 87' lang='lat' dir='ltr'><strong>attolles</strong></span> <span class='ocrx_word' id='word_1_60' title='bbox 956 1041 969 1076; x_wconf 90' lang='lat'><strong>:</strong></span> <span class='ocrx_word' id='word_1_61' title='bbox 1000 1033 1055 1076; x_wconf 88' lang='lat' dir='ltr'><strong>et</strong></span> <span class='ocrx_word' id='word_1_62' title='bbox 1085 1025 1130 1078; x_wconf 89' lang='lat' dir='ltr'><strong>si</strong></span> <span class='ocrx_word' id='word_1_63' title='bbox 1163 1034 1289 1079; x_wconf 89' lang='lat' dir='ltr'><strong>voto</strong></span> <span class='ocrx_word' id='word_1_64' title='bbox 1325 1027 1508 1096; x_wconf 85' lang='lat' dir='ltr'><strong>aliquo</strong></span> <span class='ocrx_word' id='word_1_65' title='bbox 1564 1039 1618 1083; x_wconf 87' lang='lat' dir='ltr'><strong>et</strong></span> <span class='ocrx_word' id='word_1_66' title='bbox 1645 1033 1914 1099; x_wconf 90' lang='lat' dir='ltr'><strong>promisso</strong></span> <span class='ocrx_word' id='word_1_67' title='bbox 1957 1034 2064 1087; x_wconf 86' lang='lat' dir='ltr'><strong>Deo</strong></span> 
     </span>
    </p>
   </div>
   <div class='ocr_carea' id='block_1_12' title="bbox 483 1115 2061 1186">
    <p class='ocr_par' dir='ltr' id='par_1_12' title="bbox 483 1115 2061 1186">
     <span class='ocr_line' id='line_1_12' title="bbox 483 1115 2061 1186; baseline 0.009 -22"><span class='ocrx_word' id='word_1_68' title='bbox 483 1125 534 1167; x_wconf 85' lang='lat' dir='ltr'><strong>te</strong></span> <span class='ocrx_word' id='word_1_69' title='bbox 579 1115 966 1178; x_wconf 82' lang='lat' dir='ltr'><strong>obstrinxeris,</strong></span> <span class='ocrx_word' id='word_1_70' title='bbox 1022 1115 1110 1169; x_wconf 89' lang='lat' dir='ltr'><strong>ille</strong></span> <span class='ocrx_word' id='word_1_71' title='bbox 1165 1127 1224 1170; x_wconf 89' lang='lat' dir='ltr'><strong>ut</strong></span> <span class='ocrx_word' id='word_1_72' title='bbox 1273 1121 1538 1186; x_wconf 86' lang='lat' dir='ltr'><strong>promissa</strong></span> <span class='ocrx_word' id='word_1_73' title='bbox 1594 1130 1681 1174; x_wconf 92' lang='lat' dir='ltr'><strong>tua</strong></span> <span class='ocrx_word' id='word_1_74' title='bbox 1729 1124 1794 1176; x_wconf 87' lang='lat' dir='ltr'><strong>ad</strong></span> <span class='ocrx_word' id='word_1_75' title='bbox 1855 1126 2061 1180; x_wconf 81' lang='lat' dir='ltr'><strong>exitum</strong></span> 
     </span>
    </p>
   </div>
   <div class='ocr_carea' id='block_1_13' title="bbox 481 1206 2063 1278">
    <p class='ocr_par' dir='ltr' id='par_1_13' title="bbox 481 1206 2063 1278">
     <span class='ocr_line' id='line_1_13' title="bbox 481 1206 2063 1278; baseline 0.009 -24"><span class='ocrx_word' id='word_1_76' title='bbox 481 1207 768 1272; x_wconf 75' lang='lat' dir='ltr'><strong>perducas,</strong></span> <span class='ocrx_word' id='word_1_77' title='bbox 829 1206 974 1260; x_wconf 85' lang='lat' dir='ltr'><strong>vires</strong></span> <span class='ocrx_word' id='word_1_78' title='bbox 1027 1207 1124 1260; x_wconf 84' lang='lat' dir='ltr'><strong>tibi</strong></span> <span class='ocrx_word' id='word_1_79' title='bbox 1175 1210 1583 1278; x_wconf 81' lang='lat' dir='ltr'><strong>suppeditabit;</strong></span> <span class='ocrx_word' id='word_1_80' title='bbox 1633 1212 1722 1266; x_wconf 90' lang='lat' dir='ltr'><strong>ille</strong></span> <span class='ocrx_word' id='word_1_81' title='bbox 1771 1216 1942 1267; x_wconf 73' lang='lat' dir='ltr'><strong>enim—</strong></span> <span class='ocrx_word' id='word_1_82' title='bbox 1980 1226 2063 1269; x_wconf 91' lang='lat' dir='ltr'><strong>est</strong></span> 
     </span>
    </p>
   </div>
   <div class='ocr_carea' id='block_1_14' title="bbox 483 1298 2061 1370">
    <p class='ocr_par' dir='ltr' id='par_1_14' title="bbox 483 1298 2061 1370">
     <span class='ocr_line' id='line_1_14' title="bbox 483 1298 2061 1370; baseline 0.008 -22"><span class='ocrx_word' id='word_1_83' title='bbox 483 1317 502 1348; x_wconf 76' lang='lat' dir='ltr'><strong>i</strong></span> <span class='ocrx_word' id='word_1_84' title='bbox 537 1298 628 1368; x_wconf 86' lang='lat' dir='ltr'><strong>qui</strong></span> <span class='ocrx_word' id='word_1_85' title='bbox 661 1308 919 1367; x_wconf 82' lang='lat' dir='ltr'><strong>operatur</strong></span> <span class='ocrx_word' id='word_1_86' title='bbox 977 1299 1030 1353; x_wconf 91' lang='lat' dir='ltr'><strong>in</strong></span> <span class='ocrx_word' id='word_1_87' title='bbox 1072 1300 1229 1355; x_wconf 89' lang='lat' dir='ltr'><strong>nobis</strong></span> <span class='ocrx_word' id='word_1_88' title='bbox 1265 1312 1317 1354; x_wconf 94' lang='lat' dir='ltr'><strong>et</strong></span> <span class='ocrx_word' id='word_1_89' title='bbox 1358 1312 1413 1355; x_wconf 93' lang='lat' dir='ltr'><strong>ut</strong></span> <span class='ocrx_word' id='word_1_90' title='bbox 1459 1303 1707 1370; x_wconf 84' lang='lat' dir='ltr'><strong>velimus,</strong></span> <span class='ocrx_word' id='word_1_91' title='bbox 1749 1317 1803 1359; x_wconf 91' lang='lat' dir='ltr'><strong>et</strong></span> <span class='ocrx_word' id='word_1_92' title='bbox 1850 1317 1909 1360; x_wconf 91' lang='lat' dir='ltr'><strong>ut</strong></span> <span class='ocrx_word' id='word_1_93' title='bbox 1950 1307 2061 1362; x_wconf 82' lang='lat' dir='ltr'><strong>elli-</strong></span> 
     </span>
    </p>
   </div>
   <div class='ocr_carea' id='block_1_15' title="bbox 477 1391 2059 1461">
    <p class='ocr_par' dir='ltr' id='par_1_15' title="bbox 477 1391 2059 1461">
     <span class='ocr_line' id='line_1_15' title="bbox 477 1391 2059 1461; baseline 0.006 -18"><span class='ocrx_word' id='word_1_94' title='bbox 477 1391 713 1454; x_wconf 87' lang='lat' dir='ltr'><strong>ciatnus,</strong></span> <span class='ocrx_word' id='word_1_95' title='bbox 777 1405 875 1460; x_wconf 87' lang='lat' dir='ltr'><strong>pro</strong></span> <span class='ocrx_word' id='word_1_96' title='bbox 920 1393 1160 1461; x_wconf 77' lang='lat' dir='ltr'><strong>gratuita</strong></span> <span class='ocrx_word' id='word_1_97' title='bbox 1210 1407 1309 1446; x_wconf 86' lang='lat' dir='ltr'><strong>sua</strong></span> <span class='ocrx_word' id='word_1_98' title='bbox 1359 1392 1734 1448; x_wconf 81' lang='lat' dir='ltr'><strong>benevolentia</strong></span> <span class='ocrx_word' id='word_1_99' title='bbox 1773 1397 1838 1450; x_wconf 87' lang='lat'><strong>“.</strong></span> <span class='ocrx_word' id='word_1_100' title='bbox 1885 1416 1905 1449; x_wconf 78' lang='grc' dir='ltr'><strong>ι</strong></span> <span class='ocrx_word' id='word_1_101' title='bbox 1954 1397 2059 1453; x_wconf 86' lang='lat' dir='ltr'><strong>Pro</strong></span> 
     </span>
    </p>
   </div>
   <div class='ocr_carea' id='block_1_16' title="bbox 477 1480 2059 1550">
    <p class='ocr_par' dir='ltr' id='par_1_16' title="bbox 477 1480 2059 1550">
     <span class='ocr_line' id='line_1_16' title="bbox 477 1480 2059 1550; baseline 0.007 -16"><span class='ocrx_word' id='word_1_102' title='bbox 477 1480 571 1536; x_wconf 78' lang='lat' dir='ltr'><strong>illo</strong></span> <span class='ocrx_word' id='word_1_103' title='bbox 627 1492 831 1547; x_wconf 87' lang='lat' dir='ltr'><strong>autem,</strong></span> <span class='ocrx_word' id='word_1_104' title='bbox 879 1499 898 1533; x_wconf 76' lang='grc' dir='ltr'><strong>ι</strong></span> <span class='ocrx_word' id='word_1_105' title='bbox 950 1483 1104 1538; x_wconf 82' lang='lat' dir='ltr'><strong>dabit</strong></span> <span class='ocrx_word' id='word_1_106' title='bbox 1158 1484 1252 1538; x_wconf 89' lang='lat' dir='ltr'><strong>tibi</strong></span> <span class='ocrx_word' id='word_1_107' title='bbox 1306 1485 1535 1541; x_wconf 86' lang='lat' dir='ltr'><strong>reddere</strong></span> <span class='ocrx_word' id='word_1_108' title='bbox 1587 1497 1730 1550; x_wconf 89' lang='lat' dir='ltr'><strong>vota,</strong></span> <span class='ocrx_word' id='word_1_109' title='bbox 1796 1507 1815 1540; x_wconf 73' lang='grc' dir='ltr'><strong>ι</strong></span> <span class='ocrx_word' id='word_1_110' title='bbox 1880 1491 2059 1545; x_wconf 84' lang='lat' dir='ltr'><strong>Theo-</strong></span> 
     </span>
    </p>
   </div>
   <div class='ocr_carea' id='block_1_17' title="bbox 477 1574 2052 1646">
    <p class='ocr_par' dir='ltr' id='par_1_17' title="bbox 477 1574 2052 1646">
     <span class='ocr_line' id='line_1_17' title="bbox 477 1574 2052 1646; baseline 0.008 -20"><span class='ocrx_word' id='word_1_111' title='bbox 477 1574 624 1626; x_wconf 80' lang='lat' dir='ltr'><strong>dotio</strong></span> <span class='ocrx_word' id='word_1_112' title='bbox 673 1575 1061 1640; x_wconf 83' lang='lat' dir='ltr'><strong>interpretatus</strong></span> <span class='ocrx_word' id='word_1_113' title='bbox 1109 1587 1214 1642; x_wconf 90' lang='lat' dir='ltr'><strong>est,</strong></span> <span class='ocrx_word' id='word_1_114' title='bbox 1267 1594 1285 1627; x_wconf 82' lang='grc' dir='ltr'><strong>ι</strong></span> <span class='ocrx_word' id='word_1_115' title='bbox 1331 1579 1556 1633; x_wconf 88' lang='lat' dir='ltr'><strong>delinies</strong></span> <span class='ocrx_word' id='word_1_116' title='bbox 1587 1581 1836 1646; x_wconf 86' lang='lat' dir='ltr'><strong>verbum,</strong></span> <span class='ocrx_word' id='word_1_117' title='bbox 1875 1592 1932 1636; x_wconf 89' lang='lat' dir='ltr'><strong>et</strong></span> <span class='ocrx_word' id='word_1_118' title='bbox 1964 1583 2052 1638; x_wconf 79' lang='lat' dir='ltr'><strong>lir-</strong></span> 
     </span>
    </p>
   </div>
   <div class='ocr_carea' id='block_1_18' title="bbox 476 1666 2052 1738">
    <p class='ocr_par' dir='ltr' id='par_1_18' title="bbox 476 1666 2052 1738">
     <span class='ocr_line' id='line_1_18' title="bbox 476 1666 2052 1738; baseline 0.008 -20"><span class='ocrx_word' id='word_1_119' title='bbox 476 1681 622 1718; x_wconf 88' lang='lat' dir='ltr'><strong>mum</strong></span> <span class='ocrx_word' id='word_1_120' title='bbox 650 1666 758 1718; x_wconf 92' lang='lat' dir='ltr'><strong>erit</strong></span> <span class='ocrx_word' id='word_1_121' title='bbox 789 1666 909 1731; x_wconf 90' lang='lat' dir='ltr'><strong>tibi,</strong></span> <span class='ocrx_word' id='word_1_122' title='bbox 943 1684 963 1718; x_wconf 73' lang='grc' dir='ltr'><strong>ι</strong></span> <span class='ocrx_word' id='word_1_123' title='bbox 1026 1666 1076 1720; x_wconf 91' lang='lat' dir='ltr'><strong>id</strong></span> <span class='ocrx_word' id='word_1_124' title='bbox 1124 1677 1230 1730; x_wconf 91' lang='lat' dir='ltr'><strong>est,</strong></span> <span class='ocrx_word' id='word_1_125' title='bbox 1280 1669 1546 1738; x_wconf 86' lang='lat' dir='ltr'><strong>quidquid</strong></span> <span class='ocrx_word' id='word_1_126' title='bbox 1599 1673 1954 1729; x_wconf 84' lang='lat' dir='ltr'><strong>constitueris</strong></span> <span class='ocrx_word' id='word_1_127' title='bbox 2001 1689 2052 1730; x_wconf 92' lang='lat' dir='ltr'><strong>et</strong></span> 
     </span>
    </p>
   </div>
   <div class='ocr_carea' id='block_1_19' title="bbox 475 1756 2051 1832">
    <p class='ocr_par' dir='ltr' id='par_1_19' title="bbox 475 1756 2051 1832">
     <span class='ocr_line' id='line_1_19' title="bbox 475 1756 2051 1832; baseline 0.008 -25"><span class='ocrx_word' id='word_1_128' title='bbox 475 1756 657 1808; x_wconf 89' lang='lat' dir='ltr'><strong>animo</strong></span> <span class='ocrx_word' id='word_1_129' title='bbox 696 1756 1036 1820; x_wconf 72' lang='lat' dir='ltr'><strong>formavel-is,</strong></span> <span class='ocrx_word' id='word_1_130' title='bbox 1064 1774 1172 1811; x_wconf 87' lang='lat' dir='ltr'><strong>non</strong></span> <span class='ocrx_word' id='word_1_131' title='bbox 1205 1759 1498 1814; x_wconf 80' lang='lat' dir='ltr'><strong>intercidet</strong></span> <span class='ocrx_word' id='word_1_132' title='bbox 1531 1763 1626 1816; x_wconf 92' lang='lat' dir='ltr'><strong>tibi</strong></span> <span class='ocrx_word' id='word_1_133' title='bbox 1657 1775 1710 1817; x_wconf 89' lang='lat' dir='ltr'><strong>et</strong></span> <span class='ocrx_word' id='word_1_134' title='bbox 1739 1775 2051 1832; x_wconf 68' lang='lat' dir='ltr'><strong>erant-seet,</strong></span> 
     </span>
    </p>
   </div>
   <div class='ocr_carea' id='block_1_20' title="bbox 2171 582 3760 666">
    <p class='ocr_par' dir='ltr' id='par_1_20' title="bbox 2171 582 3760 666">
     <span class='ocr_line' id='line_1_20' title="bbox 2171 582 3760 666; baseline 0.007 -31"><span class='ocrx_word' id='word_1_135' title='bbox 2171 596 2266 654; x_wconf 83' lang='grc' dir='ltr'>νῃς</span> <span class='ocrx_word' id='word_1_136' title='bbox 2282 582 2348 636; x_wconf 75' lang='grc' dir='ltr'>τὰ</span> <span class='ocrx_word' id='word_1_137' title='bbox 2376 585 2758 657; x_wconf 87' lang='grc' dir='ltr'>συμϐεϐηκότα</span> <span class='ocrx_word' id='word_1_138' title='bbox 2783 606 2885 653; x_wconf 89' lang='grc' dir='ltr'>σοι,</span> <span class='ocrx_word' id='word_1_139' title='bbox 2904 590 3172 646; x_wconf 83' lang='grc' dir='ltr'>ἀποδώσει</span> <span class='ocrx_word' id='word_1_140' title='bbox 3199 610 3258 645; x_wconf 91' lang='grc' dir='ltr'><strong>σε</strong></span> <span class='ocrx_word' id='word_1_141' title='bbox 3294 592 3532 663; x_wconf 82' lang='grc' dir='ltr'>καθαρὸν</span> <span class='ocrx_word' id='word_1_142' title='bbox 3565 592 3760 666; x_wconf 82' lang='grc' dir='ltr'>ὥσπερ</span> 
     </span>
    </p>
   </div>
   <div class='ocr_carea' id='block_1_21' title="bbox 2169 675 3757 758">
    <p class='ocr_par' dir='ltr' id='par_1_21' title="bbox 2169 675 3757 758">
     <span class='ocr_line' id='line_1_21' title="bbox 2169 675 3757 758; baseline 0.008 -30"><span class='ocrx_word' id='word_1_143' title='bbox 2169 675 2405 746; x_wconf 80' lang='grc' dir='ltr'>ἄργυρον</span> <span class='ocrx_word' id='word_1_144' title='bbox 2438 681 2834 750; x_wconf 75' lang='grc' dir='ltr'><strong>πεπυρωμένον</strong></span> <span class='ocrx_word' id='word_1_145' title='bbox 2864 683 2892 734; x_wconf 94' lang='lat'><strong>6</strong></span> <span class='ocrx_word' id='word_1_146' title='bbox 2920 681 3051 747; x_wconf 87' lang='grc' dir='ltr'>Θεός</span> <span class='ocrx_word' id='word_1_147' title='bbox 3074 701 3086 714; x_wconf 72' lang='grc' dir='ltr'><strong>ο</strong></span> <span class='ocrx_word' id='word_1_148' title='bbox 3117 686 3211 737; x_wconf 77' lang='grc' dir='ltr'><strong>καὶ</strong></span> <span class='ocrx_word' id='word_1_149' title='bbox 3246 685 3486 758; x_wconf 80' lang='grc' dir='ltr'>καθαρὸς</span> <span class='ocrx_word' id='word_1_150' title='bbox 3523 688 3757 757; x_wconf 83' lang='grc' dir='ltr'>γενόμε-</span> 
     </span>
    </p>
   </div>
   <div class='ocr_carea' id='block_1_22' title="bbox 2167 767 3762 850">
    <p class='ocr_par' dir='ltr' id='par_1_22' title="bbox 2167 767 3762 850">
     <span class='ocr_line' id='line_1_22' title="bbox 2167 767 3762 850; baseline 0.006 -31"><span class='ocrx_word' id='word_1_151' title='bbox 2167 783 2285 828; x_wconf 91' lang='grc' dir='ltr'>νος,</span> <span class='ocrx_word' id='word_1_152' title='bbox 2327 767 2641 838; x_wconf 66' lang='grc' dir='ltr'>παρρησίαν</span> <span class='ocrx_word' id='word_1_153' title='bbox 2704 769 2877 835; x_wconf 73' lang='grc' dir='ltr'>ἕξεις,</span> <span class='ocrx_word' id='word_1_154' title='bbox 2909 773 2986 835; x_wconf 84' lang='grc' dir='ltr'>ὠς</span> <span class='ocrx_word' id='word_1_155' title='bbox 3035 774 3371 846; x_wconf 83' lang='grc' dir='ltr'>ἀποθέμενος</span> <span class='ocrx_word' id='word_1_156' title='bbox 3410 776 3478 830; x_wconf 89' lang='grc' dir='ltr'><strong>τά</strong></span> <span class='ocrx_word' id='word_1_157' title='bbox 3507 779 3762 850; x_wconf 69' lang='grc' dir='ltr'>ἁμαρτῇ,-</span> 
     </span>
    </p>
   </div>
   <div class='ocr_carea' id='block_1_23' title="bbox 2168 859 3760 939">
    <p class='ocr_par' dir='ltr' id='par_1_23' title="bbox 2168 859 3760 939">
     <span class='ocr_line' id='line_1_23' title="bbox 2168 859 3760 939; baseline 0.009 -31"><span class='ocrx_word' id='word_1_158' title='bbox 2168 874 2343 926; x_wconf 87' lang='grc' dir='ltr'>ματα,</span> <span class='ocrx_word' id='word_1_159' title='bbox 2380 860 2472 911; x_wconf 76' lang='grc' dir='ltr'><strong>καὶ</strong></span> <span class='ocrx_word' id='word_1_160' title='bbox 2517 859 2715 931; x_wconf 79' lang='grc' dir='ltr'><strong>ἱλαρῶς</strong></span> <span class='ocrx_word' id='word_1_161' title='bbox 2748 862 2808 914; x_wconf 83' lang='grc' dir='ltr'>τὺ</span> <span class='ocrx_word' id='word_1_162' title='bbox 2850 865 3140 935; x_wconf 86' lang='grc' dir='ltr'>πρόσωπον</span> <span class='ocrx_word' id='word_1_163' title='bbox 3171 866 3394 939; x_wconf 76' lang='grc' dir='ltr'><strong>ἐπαρεῖς</strong></span> <span class='ocrx_word' id='word_1_164' title='bbox 3441 872 3521 932; x_wconf 77' lang='grc' dir='ltr'><strong>εἰς</strong></span> <span class='ocrx_word' id='word_1_165' title='bbox 3552 869 3642 922; x_wconf 79' lang='grc' dir='ltr'><strong>τὸν</strong></span> <span class='ocrx_word' id='word_1_166' title='bbox 3669 871 3760 922; x_wconf 79' lang='grc' dir='ltr'>οὐ·</span> 
     </span>
    </p>
   </div>
   <div class='ocr_carea' id='block_1_24' title="bbox 2168 947 3753 1032">
    <p class='ocr_par' dir='ltr' id='par_1_24' title="bbox 2168 947 3753 1032">
     <span class='ocr_line' id='line_1_24' title="bbox 2168 947 3753 1032; baseline 0.009 -31"><span class='ocrx_word' id='word_1_167' title='bbox 2168 947 2346 1016; x_wconf 84' lang='grc' dir='ltr'>ρανὺν,</span> <span class='ocrx_word' id='word_1_168' title='bbox 2373 949 2776 1022; x_wconf 87' lang='grc' dir='ltr'>ἀκαταγνώστῳ</span> <span class='ocrx_word' id='word_1_169' title='bbox 2805 955 3067 1009; x_wconf 80' lang='grc' dir='ltr'>συνειδότι</span> <span class='ocrx_word' id='word_1_170' title='bbox 3101 957 3198 1020; x_wconf 79' lang='grc' dir='ltr'><strong>τὰς</strong></span> <span class='ocrx_word' id='word_1_171' title='bbox 3229 959 3464 1022; x_wconf 76' lang='grc' dir='ltr'>ἱκετείας</span> <span class='ocrx_word' id='word_1_172' title='bbox 3489 961 3753 1032; x_wconf 77' lang='grc' dir='ltr'>ποιούμε-</span> 
     </span>
    </p>
   </div>
   <div class='ocr_carea' id='block_1_25' title="bbox 2165 1039 3747 1124">
    <p class='ocr_par' dir='ltr' id='par_1_25' title="bbox 2165 1039 3747 1124">
     <span class='ocr_line' id='line_1_25' title="bbox 2165 1039 3747 1124; baseline 0.011 -35"><span class='ocrx_word' id='word_1_173' title='bbox 2165 1054 2279 1102; x_wconf 64' lang='grc' dir='ltr'>νος·</span> <span class='ocrx_word' id='word_1_174' title='bbox 2317 1039 2416 1092; x_wconf 83' lang='grc' dir='ltr'>κᾶν</span> <span class='ocrx_word' id='word_1_175' title='bbox 2446 1057 2499 1092; x_wconf 92' lang='grc' dir='ltr'><strong>τι</strong></span> <span class='ocrx_word' id='word_1_176' title='bbox 2531 1041 2663 1114; x_wconf 78' lang='grc' dir='ltr'>εὔξῃ</span> <span class='ocrx_word' id='word_1_177' title='bbox 2696 1045 2790 1097; x_wconf 76' lang='grc' dir='ltr'><strong>καὶ</strong></span> <span class='ocrx_word' id='word_1_178' title='bbox 2824 1046 3035 1119; x_wconf 76' lang='grc' dir='ltr'>ὑπόσχῃ</span> <span class='ocrx_word' id='word_1_179' title='bbox 3062 1049 3139 1119; x_wconf 82' lang='grc' dir='ltr'><strong>τῷ</strong></span> <span class='ocrx_word' id='word_1_180' title='bbox 3169 1049 3306 1121; x_wconf 84' lang='grc' dir='ltr'>Θεῷ,</span> <span class='ocrx_word' id='word_1_181' title='bbox 3339 1051 3498 1114; x_wconf 79' lang='grc' dir='ltr'>αὐτὸς</span> <span class='ocrx_word' id='word_1_182' title='bbox 3533 1054 3747 1124; x_wconf 82' lang='grc' dir='ltr'>ἐνισχύ-</span> 
     </span>
    </p>
   </div>
   <div class='ocr_carea' id='block_1_26' title="bbox 2168 1132 3738 1217">
    <p class='ocr_par' dir='ltr' id='par_1_26' title="bbox 2168 1132 3738 1217">
     <span class='ocr_line' id='line_1_26' title="bbox 2168 1132 3738 1217; baseline 0.011 -37"><span class='ocrx_word' id='word_1_183' title='bbox 2168 1146 2253 1182; x_wconf 89' lang='grc' dir='ltr'><strong>σει</strong></span> <span class='ocrx_word' id='word_1_184' title='bbox 2285 1148 2342 1182; x_wconf 88' lang='grc' dir='ltr'><strong>σε</strong></span> <span class='ocrx_word' id='word_1_185' title='bbox 2385 1132 2523 1202; x_wconf 83' lang='grc' dir='ltr'>πρὸς</span> <span class='ocrx_word' id='word_1_186' title='bbox 2552 1134 2725 1205; x_wconf 82' lang='grc' dir='ltr'><strong>πέρας</strong></span> <span class='ocrx_word' id='word_1_187' title='bbox 2765 1137 2991 1206; x_wconf 78' lang='grc' dir='ltr'>ἀγαγεῖν</span> <span class='ocrx_word' id='word_1_188' title='bbox 3035 1139 3134 1204; x_wconf 84' lang='grc' dir='ltr'><strong>τὰς</strong></span> <span class='ocrx_word' id='word_1_189' title='bbox 3166 1142 3302 1213; x_wconf 77' lang='grc' dir='ltr'>πρὸς</span> <span class='ocrx_word' id='word_1_190' title='bbox 3333 1143 3493 1196; x_wconf 79' lang='grc' dir='ltr'>αὑτὸν</span> <span class='ocrx_word' id='word_1_191' title='bbox 3521 1145 3738 1217; x_wconf 83' lang='grc' dir='ltr'>ὑποσχέ-</span> 
     </span>
    </p>
   </div>
   <div class='ocr_carea' id='block_1_27' title="bbox 2166 1224 3747 1306">
    <p class='ocr_par' dir='ltr' id='par_1_27' title="bbox 2166 1224 3747 1306">
     <span class='ocr_line' id='line_1_27' title="bbox 2166 1224 3747 1306; baseline 0.004 -21"><span class='ocrx_word' id='word_1_192' title='bbox 2166 1239 2310 1285; x_wconf 85' lang='grc' dir='ltr'>σεις·</span> <span class='ocrx_word' id='word_1_193' title='bbox 2357 1224 2518 1287; x_wconf 59' lang='grc' dir='ltr'>αὑτδς</span> <span class='ocrx_word' id='word_1_194' title='bbox 2561 1227 2668 1295; x_wconf 78' lang='grc' dir='ltr'><strong>γάρ</strong></span> <span class='ocrx_word' id='word_1_195' title='bbox 2717 1229 2862 1282; x_wconf 75' lang='grc' dir='ltr'>ἐστιν</span> <span class='ocrx_word' id='word_1_196' title='bbox 2915 1251 2932 1279; x_wconf 74' lang='grc' dir='ltr'><strong>ι</strong></span> <span class='ocrx_word' id='word_1_197' title='bbox 2969 1235 2997 1284; x_wconf 98' lang='lat'><strong>6</strong></span> <span class='ocrx_word' id='word_1_198' title='bbox 3033 1234 3269 1304; x_wconf 80' lang='grc' dir='ltr'>ἐνεργῶν</span> <span class='ocrx_word' id='word_1_199' title='bbox 3315 1238 3372 1288; x_wconf 87' lang='grc' dir='ltr'><strong>ἐν</strong></span> <span class='ocrx_word' id='word_1_200' title='bbox 3405 1239 3536 1306; x_wconf 83' lang='grc' dir='ltr'>ἡμῖν</span> <span class='ocrx_word' id='word_1_201' title='bbox 3569 1239 3662 1292; x_wconf 75' lang='grc' dir='ltr'><strong>καὶ</strong></span> <span class='ocrx_word' id='word_1_202' title='bbox 3693 1239 3747 1292; x_wconf 66' lang='grc' dir='ltr'>τέ</span> 
     </span>
    </p>
   </div>
   <div class='ocr_carea' id='block_1_28' title="bbox 2163 1313 3747 1395">
    <p class='ocr_par' dir='ltr' id='par_1_28' title="bbox 2163 1313 3747 1395">
     <span class='ocr_line' id='line_1_28' title="bbox 2163 1313 3747 1395; baseline 0.012 -29"><span class='ocrx_word' id='word_1_203' title='bbox 2163 1313 2338 1368; x_wconf 86' lang='grc' dir='ltr'>Οέλειν</span> <span class='ocrx_word' id='word_1_204' title='bbox 2379 1318 2566 1370; x_wconf 75' lang='grc' dir='ltr'>καὶτὸ</span> <span class='ocrx_word' id='word_1_205' title='bbox 2611 1321 2854 1388; x_wconf 80' lang='grc' dir='ltr'>ἐνεργεῖν</span> <span class='ocrx_word' id='word_1_206' title='bbox 2903 1322 3042 1395; x_wconf 80' lang='grc' dir='ltr'>ὑπὲρ</span> <span class='ocrx_word' id='word_1_207' title='bbox 3084 1327 3182 1394; x_wconf 73' lang='grc' dir='ltr'>τῆς</span> <span class='ocrx_word' id='word_1_208' title='bbox 3231 1328 3498 1392; x_wconf 77' lang='grc' dir='ltr'>εὐδοκίας.</span> <span class='ocrx_word' id='word_1_209' title='bbox 3541 1350 3558 1381; x_wconf 71' lang='grc' dir='ltr'><strong>ι</strong></span> <span class='ocrx_word' id='word_1_210' title='bbox 3606 1333 3747 1384; x_wconf 66' lang='grc' dir='ltr'>Ἀντὶ</span> 
     </span>
    </p>
   </div>
   <div class='ocr_carea' id='block_1_29' title="bbox 2165 1407 3746 1491">
    <p class='ocr_par' dir='ltr' id='par_1_29' title="bbox 2165 1407 3746 1491">
     <span class='ocr_line' id='line_1_29' title="bbox 2165 1407 3746 1491; baseline 0.012 -34"><span class='ocrx_word' id='word_1_211' title='bbox 2165 1407 2348 1476; x_wconf 89' lang='grc' dir='ltr'>μέντοι</span> <span class='ocrx_word' id='word_1_212' title='bbox 2376 1408 2473 1460; x_wconf 77' lang='grc' dir='ltr'>τοῦ</span> <span class='ocrx_word' id='word_1_213' title='bbox 2500 1449 2514 1473; x_wconf 86' lang='grc'><strong>,</strong></span> <span class='ocrx_word' id='word_1_214' title='bbox 2559 1428 2576 1458; x_wconf 78' lang='grc' dir='ltr'><strong>ι</strong></span> <span class='ocrx_word' id='word_1_215' title='bbox 2617 1410 2788 1462; x_wconf 82' lang='grc' dir='ltr'>Δὼσει</span> <span class='ocrx_word' id='word_1_216' title='bbox 2817 1412 2873 1464; x_wconf 80' lang='grc' dir='ltr'><strong>δέ</strong></span> <span class='ocrx_word' id='word_1_217' title='bbox 2919 1431 2999 1467; x_wconf 92' lang='grc' dir='ltr'><strong>σοι</strong></span> <span class='ocrx_word' id='word_1_218' title='bbox 3029 1417 3319 1471; x_wconf 79' lang='grc' dir='ltr'>ἀποδοῦναι</span> <span class='ocrx_word' id='word_1_219' title='bbox 3365 1420 3465 1484; x_wconf 91' lang='grc' dir='ltr'><strong>τάς</strong></span> <span class='ocrx_word' id='word_1_220' title='bbox 3497 1421 3683 1491; x_wconf 78' lang='grc' dir='ltr'>εὐχὰς,</span> <span class='ocrx_word' id='word_1_221' title='bbox 3725 1443 3746 1476; x_wconf 68' lang='grc' dir='ltr'><strong>ι</strong></span> 
     </span>
    </p>
   </div>
   <div class='ocr_carea' id='block_1_30' title="bbox 2160 1497 3744 1582">
    <p class='ocr_par' dir='ltr' id='par_1_30' title="bbox 2160 1497 3744 1582">
     <span class='ocr_line' id='line_1_30' title="bbox 2160 1497 3744 1582; baseline 0.013 -35"><span class='ocrx_word' id='word_1_222' title='bbox 2160 1497 2472 1562; x_wconf 85' lang='grc' dir='ltr'>Θεοδοτίων,</span> <span class='ocrx_word' id='word_1_223' title='bbox 2510 1519 2527 1550; x_wconf 81' lang='lat' dir='ltr'><strong>t</strong></span> <span class='ocrx_word' id='word_1_224' title='bbox 2556 1501 2666 1553; x_wconf 70' lang='grc' dir='ltr'>Καὶ</span> <span class='ocrx_word' id='word_1_225' title='bbox 2696 1503 2863 1572; x_wconf 86' lang='grc' dir='ltr'>ὁριεῖς</span> <span class='ocrx_word' id='word_1_226' title='bbox 2895 1505 3066 1576; x_wconf 80' lang='grc' dir='ltr'>ῥῆμα,</span> <span class='ocrx_word' id='word_1_227' title='bbox 3099 1509 3192 1562; x_wconf 76' lang='grc' dir='ltr'><strong>καὶ</strong></span> <span class='ocrx_word' id='word_1_228' title='bbox 3224 1511 3552 1582; x_wconf 76' lang='grc' dir='ltr'>σταθήσεταί</span> <span class='ocrx_word' id='word_1_229' title='bbox 3585 1531 3688 1577; x_wconf 91' lang='grc' dir='ltr'>σοι,</span> <span class='ocrx_word' id='word_1_230' title='bbox 3723 1534 3744 1566; x_wconf 70' lang='grc' dir='ltr'><strong>ι</strong></span> 
     </span>
    </p>
   </div>
   <div class='ocr_carea' id='block_1_31' title="bbox 2158 1588 3746 1678">
    <p class='ocr_par' dir='ltr' id='par_1_31' title="bbox 2158 1588 3746 1678">
     <span class='ocr_line' id='line_1_31' title="bbox 2158 1588 3746 1678; baseline 0.011 -38"><span class='ocrx_word' id='word_1_231' title='bbox 2158 1588 2415 1652; x_wconf 80' lang='grc' dir='ltr'>ἐξέδωκε’</span> <span class='ocrx_word' id='word_1_232' title='bbox 2445 1593 2740 1657; x_wconf 78' lang='grc' dir='ltr'>τουτέστιν,</span> <span class='ocrx_word' id='word_1_233' title='bbox 2767 1596 2912 1649; x_wconf 80' lang='grc' dir='ltr'>ἅπαν</span> <span class='ocrx_word' id='word_1_234' title='bbox 2938 1597 2965 1650; x_wconf 82' lang='grc' dir='ltr'><strong>ὃ</strong></span> <span class='ocrx_word' id='word_1_235' title='bbox 2998 1598 3063 1652; x_wconf 84' lang='grc' dir='ltr'>ἂν</span> <span class='ocrx_word' id='word_1_236' title='bbox 3095 1601 3325 1673; x_wconf 81' lang='grc' dir='ltr'>συντάξῃ</span> <span class='ocrx_word' id='word_1_237' title='bbox 3351 1603 3444 1656; x_wconf 71' lang='grc' dir='ltr'><strong>καὶ</strong></span> <span class='ocrx_word' id='word_1_238' title='bbox 3467 1605 3746 1678; x_wconf 82' lang='grc' dir='ltr'>τυπώσῃς,</span> 
     </span>
    </p>
   </div>
   <div class='ocr_carea' id='block_1_32' title="bbox 2157 1682 3748 1770">
    <p class='ocr_par' dir='ltr' id='par_1_32' title="bbox 2157 1682 3748 1770">
     <span class='ocr_line' id='line_1_32' title="bbox 2157 1682 3748 1770; baseline 0.013 -37"><span class='ocrx_word' id='word_1_239' title='bbox 2157 1682 2218 1734; x_wconf 74' lang='grc' dir='ltr'>οὐ</span> <span class='ocrx_word' id='word_1_240' title='bbox 2249 1682 2621 1737; x_wconf 82' lang='grc' dir='ltr'>διαπεσεῖται·</span> <span class='ocrx_word' id='word_1_241' title='bbox 2666 1689 2760 1740; x_wconf 77' lang='grc' dir='ltr'><strong>καὶ</strong></span> <span class='ocrx_word' id='word_1_242' title='bbox 2799 1689 2986 1754; x_wconf 83' lang='grc' dir='ltr'>ἀπλῶς</span> <span class='ocrx_word' id='word_1_243' title='bbox 3027 1695 3235 1759; x_wconf 79' lang='grc' dir='ltr'>εἰπεῖν,</span> <span class='ocrx_word' id='word_1_244' title='bbox 3279 1697 3498 1750; x_wconf 73' lang='grc' dir='ltr'>ἅπασάν</span> <span class='ocrx_word' id='word_1_245' title='bbox 3531 1715 3612 1752; x_wconf 87' lang='grc' dir='ltr'><strong>σοι</strong></span> <span class='ocrx_word' id='word_1_246' title='bbox 3646 1700 3748 1770; x_wconf 73' lang='grc' dir='ltr'>τὴν</span> 
     </span>
    </p>
   </div>
   <div class='ocr_carea' id='block_1_33' title="bbox 2157 1771 3746 1857">
    <p class='ocr_par' dir='ltr' id='par_1_33' title="bbox 2157 1771 3746 1857">
     <span class='ocr_line' id='line_1_33' title="bbox 2157 1771 3746 1857; baseline 0.013 -34"><span class='ocrx_word' id='word_1_247' title='bbox 2157 1771 2506 1843; x_wconf 79' lang='grc' dir='ltr'>ἁρμόζουσαν</span> <span class='ocrx_word' id='word_1_248' title='bbox 2531 1775 2724 1848; x_wconf 85' lang='grc' dir='ltr'>δικαίῳ</span> <span class='ocrx_word' id='word_1_249' title='bbox 2751 1781 2978 1850; x_wconf 78' lang='grc' dir='ltr'>παρέξει</span> <span class='ocrx_word' id='word_1_250' title='bbox 3006 1783 3282 1857; x_wconf 81' lang='grc' dir='ltr'>διαγωγήν</span> <span class='ocrx_word' id='word_1_251' title='bbox 3301 1804 3314 1816; x_wconf 89' lang='grc'>·</span> <span class='ocrx_word' id='word_1_252' title='bbox 3354 1788 3445 1841; x_wconf 68' lang='grc' dir='ltr'><strong>καὶ</strong></span> <span class='ocrx_word' id='word_1_253' title='bbox 3480 1791 3651 1842; x_wconf 82' lang='grc' dir='ltr'>πᾶσαι</span> <span class='ocrx_word' id='word_1_254' title='bbox 3685 1791 3746 1843; x_wconf 75' lang='grc' dir='ltr'>αἱ</span> 
     </span>
    </p>
   </div>
   <div class='ocr_carea' id='block_1_34' title="bbox 471 1846 2043 1948">
    <p class='ocr_par' dir='ltr' id='par_1_34' title="bbox 471 1846 2043 1920">
     <span class='ocr_line' id='line_1_34' title="bbox 471 1846 2043 1920; baseline 0.008 -22"><span class='ocrx_word' id='word_1_255' title='bbox 471 1848 563 1900; x_wconf 91' lang='lat' dir='ltr'><strong>scd</strong></span> <span class='ocrx_word' id='word_1_256' title='bbox 596 1846 808 1900; x_wconf 72' lang='lat' dir='ltr'><strong>firmum</strong></span> <span class='ocrx_word' id='word_1_257' title='bbox 842 1857 895 1901; x_wconf 91' lang='lat' dir='ltr'><strong>et</strong></span> <span class='ocrx_word' id='word_1_258' title='bbox 926 1858 1103 1902; x_wconf 86' lang='lat' dir='ltr'><strong>ratum</strong></span> <span class='ocrx_word' id='word_1_259' title='bbox 1134 1849 1264 1916; x_wconf 76' lang='lat' dir='ltr'><strong>fiet;</strong></span> <span class='ocrx_word' id='word_1_260' title='bbox 1298 1862 1348 1904; x_wconf 90' lang='lat' dir='ltr'><strong>et</strong></span> <span class='ocrx_word' id='word_1_261' title='bbox 1381 1863 1439 1905; x_wconf 93' lang='lat' dir='ltr'><strong>ut</strong></span> <span class='ocrx_word' id='word_1_262' title='bbox 1470 1855 1639 1909; x_wconf 86' lang='lat' dir='ltr'><strong>verbo</strong></span> <span class='ocrx_word' id='word_1_263' title='bbox 1670 1856 1874 1920; x_wconf 87' lang='lat' dir='ltr'><strong>dicam,</strong></span> <span class='ocrx_word' id='word_1_264' title='bbox 1903 1858 2043 1912; x_wconf 79' lang='lat' dir='ltr'><strong>dabit</strong></span> 
     </span>
    </p>
   </div>
   <div class='ocr_carea' id='block_1_35' title="bbox 2147 1846 3742 1948">
    <p class='ocr_par' dir='ltr' id='par_1_35' title="bbox 2155 1862 3742 1948">
     <span class='ocr_line' id='line_1_35' title="bbox 2155 1862 3742 1948; baseline 0.011 -34"><span class='ocrx_word' id='word_1_265' title='bbox 2155 1862 2264 1915; x_wconf 82' lang='grc' dir='ltr'>ὁδοί</span> <span class='ocrx_word' id='word_1_266' title='bbox 2296 1875 2387 1916; x_wconf 87' lang='grc' dir='ltr'><strong>σου</strong></span> <span class='ocrx_word' id='word_1_267' title='bbox 2423 1869 2953 1938; x_wconf 75' lang='grc' dir='ltr'>κατευοδωοήσονται</span> <span class='ocrx_word' id='word_1_268' title='bbox 2988 1874 3093 1926; x_wconf 82' lang='grc' dir='ltr'><strong>ὑπὸ</strong></span> <span class='ocrx_word' id='word_1_269' title='bbox 3122 1876 3216 1928; x_wconf 75' lang='grc' dir='ltr'>τοῦ</span> <span class='ocrx_word' id='word_1_270' title='bbox 3259 1876 3403 1930; x_wconf 82' lang='grc' dir='ltr'>θείου</span> <span class='ocrx_word' id='word_1_271' title='bbox 3443 1877 3742 1948; x_wconf 79' lang='grc' dir='ltr'>ὁδηγούμε-</span> 
     </span>
    </p>
   </div>
   <div class='ocr_carea' id='block_1_36' title="bbox 471 1939 2054 2015">
    <p class='ocr_par' dir='ltr' id='par_1_36' title="bbox 471 1939 2054 2015">
     <span class='ocr_line' id='line_1_36' title="bbox 471 1939 2054 2015; baseline 0.008 -24"><span class='ocrx_word' id='word_1_272' title='bbox 471 1939 566 1992; x_wconf 92' lang='lat' dir='ltr'><strong>tibi</strong></span> <span class='ocrx_word' id='word_1_273' title='bbox 610 1941 1078 1995; x_wconf 83' lang='lat' dir='ltr'><strong>conversationem</strong></span> <span class='ocrx_word' id='word_1_274' title='bbox 1129 1942 1181 1995; x_wconf 94' lang='lat' dir='ltr'><strong>in</strong></span> <span class='ocrx_word' id='word_1_275' title='bbox 1226 1945 1481 1999; x_wconf 88' lang='lat' dir='ltr'><strong>onmibus</strong></span> <span class='ocrx_word' id='word_1_276' title='bbox 1521 1947 1739 2001; x_wconf 84' lang='lat' dir='ltr'><strong>homine</strong></span> <span class='ocrx_word' id='word_1_277' title='bbox 1775 1947 1926 2015; x_wconf 84' lang='lat' dir='ltr'><strong>justo</strong></span> <span class='ocrx_word' id='word_1_278' title='bbox 1969 1951 2054 2004; x_wconf 90' lang='lat' dir='ltr'><strong>di-</strong></span> 
     </span>
    </p>
   </div>
   <div class='ocr_carea' id='block_1_37' title="bbox 468 2033 2052 2100">
    <p class='ocr_par' dir='ltr' id='par_1_37' title="bbox 468 2033 2052 2100">
     <span class='ocr_line' id='line_1_37' title="bbox 468 2033 2052 2100; baseline 0.009 -19"><span class='ocrx_word' id='word_1_279' title='bbox 468 2047 650 2099; x_wconf 74' lang='lat' dir='ltr'><strong>gnam,</strong></span> <span class='ocrx_word' id='word_1_280' title='bbox 687 2043 742 2086; x_wconf 90' lang='lat' dir='ltr'><strong>et</strong></span> <span class='ocrx_word' id='word_1_281' title='bbox 775 2033 874 2086; x_wconf 72' lang='lat' dir='ltr'><strong>via:</strong></span> <span class='ocrx_word' id='word_1_282' title='bbox 906 2045 1012 2087; x_wconf 66' lang='lat' dir='ltr'><strong>tua:</strong></span> <span class='ocrx_word' id='word_1_283' title='bbox 1043 2049 1252 2100; x_wconf 90' lang='lat' dir='ltr'><strong>omnes,</strong></span> <span class='ocrx_word' id='word_1_284' title='bbox 1283 2037 1468 2090; x_wconf 91' lang='lat' dir='ltr'><strong>divino</strong></span> <span class='ocrx_word' id='word_1_285' title='bbox 1504 2037 1708 2093; x_wconf 89' lang='lat' dir='ltr'><strong>lumine</strong></span> <span class='ocrx_word' id='word_1_286' title='bbox 1754 2041 1858 2094; x_wconf 87' lang='lat' dir='ltr'><strong>iter</strong></span> <span class='ocrx_word' id='word_1_287' title='bbox 1895 2057 2052 2096; x_wconf 89' lang='lat' dir='ltr'><strong>mon-</strong></span> 
     </span>
    </p>
   </div>
   <div class='ocr_carea' id='block_1_38' title="bbox 469 2128 2048 2193">
    <p class='ocr_par' dir='ltr' id='par_1_38' title="bbox 469 2128 2048 2193">
     <span class='ocr_line' id='line_1_38' title="bbox 469 2128 2048 2193; baseline 0.012 -19"><span class='ocrx_word' id='word_1_288' title='bbox 469 2135 703 2190; x_wconf 84' lang='lat' dir='ltr'><strong>strante,</strong></span> <span class='ocrx_word' id='word_1_289' title='bbox 750 2128 1249 2193; x_wconf 86' lang='lat' dir='ltr'><strong>prosperabuntur,</strong></span> <span class='ocrx_word' id='word_1_290' title='bbox 1297 2130 1378 2183; x_wconf 88' lang='lat' dir='ltr'><strong>vel</strong></span> <span class='ocrx_word' id='word_1_291' title='bbox 1437 2130 1600 2184; x_wconf 90' lang='lat' dir='ltr'><strong>etiam</strong></span> <span class='ocrx_word' id='word_1_292' title='bbox 1656 2133 1896 2190; x_wconf 87' lang='lat' dir='ltr'><strong>actiones</strong></span> <span class='ocrx_word' id='word_1_293' title='bbox 1946 2143 2048 2193; x_wconf 69' lang='lat' dir='ltr'><strong>tua:</strong></span> 
     </span>
    </p>
   </div>
   <div class='ocr_carea' id='block_1_39' title="bbox 467 2217 1409 2284">
    <p class='ocr_par' dir='ltr' id='par_1_39' title="bbox 467 2217 1409 2284">
     <span class='ocr_line' id='line_1_39' title="bbox 467 2217 1409 2284; baseline 0.004 -14"><span class='ocrx_word' id='word_1_294' title='bbox 467 2217 765 2284; x_wconf 71' lang='lat' dir='ltr'><strong>splendidae</strong></span> <span class='ocrx_word' id='word_1_295' title='bbox 801 2228 854 2271; x_wconf 91' lang='lat' dir='ltr'><strong>et</strong></span> <span class='ocrx_word' id='word_1_296' title='bbox 884 2219 1199 2273; x_wconf 72' lang='lat' dir='ltr'><strong>honoriﬁca:</strong></span> <span class='ocrx_word' id='word_1_297' title='bbox 1230 2232 1409 2276; x_wconf 90' lang='lat' dir='ltr'><strong>erunt.</strong></span> 
     </span>
    </p>
   </div>
   <div class='ocr_carea' id='block_1_40' title="bbox 542 2307 2044 2385">
    <p class='ocr_par' dir='ltr' id='par_1_40' title="bbox 542 2307 2044 2385">
     <span class='ocr_line' id='line_1_40' title="bbox 542 2307 2044 2385; baseline 0.009 -25"><span class='ocrx_word' id='word_1_298' title='bbox 542 2307 700 2362; x_wconf 71' lang='lat' dir='ltr'><strong>Vens.</strong></span> <span class='ocrx_word' id='word_1_299' title='bbox 736 2309 827 2363; x_wconf 70' lang='grc'><strong>29.</strong></span> <span class='ocrx_word' id='word_1_300' title='bbox 872 2310 1134 2374; x_wconf 77' lang='lat' dir='ltr'><strong>Quoniam</strong></span> <span class='ocrx_word' id='word_1_301' title='bbox 1165 2311 1464 2367; x_wconf 84' lang='lat' dir='ltr'><strong>ltumiliavit</strong></span> <span class='ocrx_word' id='word_1_302' title='bbox 1496 2315 1744 2385; x_wconf 78' lang='lat' dir='ltr'><strong>seipsum.</strong></span> <span class='ocrx_word' id='word_1_303' title='bbox 1774 2330 1821 2372; x_wconf 85' lang='lat' dir='ltr'><strong>et</strong></span> <span class='ocrx_word' id='word_1_304' title='bbox 1849 2320 1994 2374; x_wconf 76' lang='lat' dir='ltr'><strong>dices</strong></span> <span class='ocrx_word' id='word_1_305' title='bbox 2025 2335 2044 2373; x_wconf 87' lang='lat'><strong><em>:</em></strong></span> 
     </span>
    </p>
   </div>
   <div class='ocr_carea' id='block_1_41' title="bbox 468 2399 2047 2477">
    <p class='ocr_par' dir='ltr' id='par_1_41' title="bbox 468 2399 2047 2477">
     <span class='ocr_line' id='line_1_41' title="bbox 468 2399 2047 2477; baseline 0.008 -25"><span class='ocrx_word' id='word_1_306' title='bbox 468 2399 657 2455; x_wconf 71' lang='lat' dir='ltr'><strong>Elatus</strong></span> <span class='ocrx_word' id='word_1_307' title='bbox 680 2414 752 2455; x_wconf 76' lang='lat' dir='ltr'><strong>est</strong></span> <span class='ocrx_word' id='word_1_308' title='bbox 782 2404 834 2456; x_wconf 82' lang='lat' dir='ltr'><strong>in</strong></span> <span class='ocrx_word' id='word_1_309' title='bbox 866 2405 1188 2472; x_wconf 79' lang='lat' dir='ltr'><strong>superbiam.</strong></span> <span class='ocrx_word' id='word_1_310' title='bbox 1225 2403 1372 2459; x_wconf 84' lang='lat' dir='ltr'><strong>Licet</strong></span> <span class='ocrx_word' id='word_1_311' title='bbox 1399 2402 1591 2458; x_wconf 82' lang='lat' dir='ltr'><strong>Jubum</strong></span> <span class='ocrx_word' id='word_1_312' title='bbox 1620 2407 1948 2477; x_wconf 87' lang='lat' dir='ltr'><strong>alloquatur,</strong></span> <span class='ocrx_word' id='word_1_313' title='bbox 1981 2414 2047 2466; x_wconf 85' lang='lat' dir='ltr'><strong>de</strong></span> 
     </span>
    </p>
   </div>
   <div class='ocr_carea' id='block_1_42' title="bbox 466 2493 2046 2571">
    <p class='ocr_par' dir='ltr' id='par_1_42' title="bbox 466 2493 2046 2571">
     <span class='ocr_line' id='line_1_42' title="bbox 466 2493 2046 2571; baseline 0.007 -25"><span class='ocrx_word' id='word_1_314' title='bbox 466 2495 575 2547; x_wconf 76' lang='lat' dir='ltr'><strong>alio</strong></span> <span class='ocrx_word' id='word_1_315' title='bbox 599 2495 813 2548; x_wconf 80' lang='lat' dir='ltr'><strong>videtur</strong></span> <span class='ocrx_word' id='word_1_316' title='bbox 837 2495 996 2548; x_wconf 84' lang='lat' dir='ltr'><strong>verba</strong></span> <span class='ocrx_word' id='word_1_317' title='bbox 1027 2493 1244 2550; x_wconf 79' lang='lat' dir='ltr'><strong>facere:</strong></span> <span class='ocrx_word' id='word_1_318' title='bbox 1285 2493 1594 2563; x_wconf 80' lang='lat' dir='ltr'><strong>Propterea,</strong></span> <span class='ocrx_word' id='word_1_319' title='bbox 1638 2499 1834 2567; x_wconf 87' lang='lat' dir='ltr'><strong>inquit,</strong></span> <span class='ocrx_word' id='word_1_320' title='bbox 1871 2503 2046 2571; x_wconf 54' lang='lat' dir='ltr'><strong>paeni-</strong></span> 
     </span>
    </p>
   </div>
   <div class='ocr_carea' id='block_1_43' title="bbox 467 2588 2042 2660">
    <p class='ocr_par' dir='ltr' id='par_1_43' title="bbox 467 2588 2042 2660">
     <span class='ocr_line' id='line_1_43' title="bbox 467 2588 2042 2660; baseline 0.006 -20"><span class='ocrx_word' id='word_1_321' title='bbox 467 2589 692 2642; x_wconf 85' lang='lat' dir='ltr'><strong>tentiam</strong></span> <span class='ocrx_word' id='word_1_322' title='bbox 725 2589 906 2652; x_wconf 65' lang='lat' dir='ltr'><strong>agenti</strong></span> <span class='ocrx_word' id='word_1_323' title='bbox 927 2588 1042 2642; x_wconf 66' lang='lat' dir='ltr'><strong>haec</strong></span> <span class='ocrx_word' id='word_1_324' title='bbox 1066 2588 1341 2655; x_wconf 87' lang='lat' dir='ltr'><strong>evenient,</strong></span> <span class='ocrx_word' id='word_1_325' title='bbox 1364 2591 1494 2658; x_wconf 89' lang='lat' dir='ltr'><strong>quia</strong></span> <span class='ocrx_word' id='word_1_326' title='bbox 1520 2593 1757 2660; x_wconf 89' lang='lat' dir='ltr'><strong>seipsum</strong></span> <span class='ocrx_word' id='word_1_327' title='bbox 1785 2596 2042 2650; x_wconf 90' lang='lat' dir='ltr'><strong>humilia-</strong></span> 
     </span>
    </p>
   </div>
   <div class='ocr_carea' id='block_1_44' title="bbox 466 2677 2040 2754">
    <p class='ocr_par' dir='ltr' id='par_1_44' title="bbox 466 2677 2040 2754">
     <span class='ocr_line' id='line_1_44' title="bbox 466 2677 2040 2754; baseline 0.009 -27"><span class='ocrx_word' id='word_1_328' title='bbox 466 2679 570 2742; x_wconf 64' lang='lat' dir='ltr'><strong>rit,</strong></span> <span class='ocrx_word' id='word_1_329' title='bbox 627 2687 682 2731; x_wconf 89' lang='lat' dir='ltr'><strong>et</strong></span> <span class='ocrx_word' id='word_1_330' title='bbox 739 2678 1173 2747; x_wconf 84' lang='lat' dir='ltr'><strong>quandoquidem</strong></span> <span class='ocrx_word' id='word_1_331' title='bbox 1218 2677 1362 2733; x_wconf 75' lang='lat' dir='ltr'><strong>fastu</strong></span> <span class='ocrx_word' id='word_1_332' title='bbox 1408 2692 1462 2734; x_wconf 90' lang='lat' dir='ltr'><strong>et</strong></span> <span class='ocrx_word' id='word_1_333' title='bbox 1507 2685 1820 2754; x_wconf 81' lang='lat' dir='ltr'><strong>arrogantia</strong></span> <span class='ocrx_word' id='word_1_334' title='bbox 1863 2687 2040 2742; x_wconf 77' lang='lat' dir='ltr'><strong>elatus</strong></span> 
     </span>
    </p>
   </div>
   <div class='ocr_carea' id='block_1_45' title="bbox 463 2768 2034 2844">
    <p class='ocr_par' dir='ltr' id='par_1_45' title="bbox 463 2768 2034 2844">
     <span class='ocr_line' id='line_1_45' title="bbox 463 2768 2034 2844; baseline 0.007 -24"><span class='ocrx_word' id='word_1_335' title='bbox 463 2778 607 2832; x_wconf 88' lang='lat' dir='ltr'><strong>erat,</strong></span> <span class='ocrx_word' id='word_1_336' title='bbox 654 2769 849 2822; x_wconf 82' lang='lat' dir='ltr'><strong>merito</strong></span> <span class='ocrx_word' id='word_1_337' title='bbox 873 2781 934 2821; x_wconf 81' lang='lat' dir='ltr'><strong>se</strong></span> <span class='ocrx_word' id='word_1_338' title='bbox 974 2768 1297 2824; x_wconf 86' lang='lat' dir='ltr'><strong>sustinuisse</strong></span> <span class='ocrx_word' id='word_1_339' title='bbox 1321 2770 1457 2824; x_wconf 74' lang='lat' dir='ltr'><strong>dixit</strong></span> <span class='ocrx_word' id='word_1_340' title='bbox 1486 2787 1546 2824; x_wconf 89' lang='lat' dir='ltr'><strong>ea</strong></span> <span class='ocrx_word' id='word_1_341' title='bbox 1569 2788 1690 2842; x_wconf 64' lang='lat' dir='ltr'><strong>quae</strong></span> <span class='ocrx_word' id='word_1_342' title='bbox 1715 2789 1906 2844; x_wconf 90' lang='lat' dir='ltr'><strong>passus</strong></span> <span class='ocrx_word' id='word_1_343' title='bbox 1933 2786 2034 2831; x_wconf 89' lang='lat' dir='ltr'><strong>est.</strong></span> 
     </span>
    </p>
   </div>
   <div class='ocr_carea' id='block_1_46' title="bbox 532 2858 2040 2928">
    <p class='ocr_par' dir='ltr' id='par_1_46' title="bbox 532 2858 2040 2928">
     <span class='ocr_line' id='line_1_46' title="bbox 532 2858 2040 2928; baseline 0.006 -16"><span class='ocrx_word' id='word_1_344' title='bbox 532 2858 603 2912; x_wconf 84' lang='lat' dir='ltr'><strong>Et</strong></span> <span class='ocrx_word' id='word_1_345' title='bbox 640 2859 922 2913; x_wconf 76' lang='lat' dir='ltr'><strong>demissum</strong></span> <span class='ocrx_word' id='word_1_346' title='bbox 949 2860 1117 2913; x_wconf 77' lang='lat' dir='ltr'><strong>oculis</strong></span> <span class='ocrx_word' id='word_1_347' title='bbox 1153 2859 1398 2915; x_wconf 73' lang='lat' dir='ltr'><strong>salvabit.</strong></span> <span class='ocrx_word' id='word_1_348' title='bbox 1443 2861 1556 2918; x_wconf 90' lang='lat' dir='ltr'><strong>Hoc</strong></span> <span class='ocrx_word' id='word_1_349' title='bbox 1603 2875 1710 2928; x_wconf 87' lang='lat' dir='ltr'><strong>est,</strong></span> <span class='ocrx_word' id='word_1_350' title='bbox 1760 2866 2040 2923; x_wconf 90' lang='lat' dir='ltr'><strong>humiliter</strong></span> 
     </span>
    </p>
   </div>
   <div class='ocr_carea' id='block_1_47' title="bbox 460 2951 2038 3027">
    <p class='ocr_par' dir='ltr' id='par_1_47' title="bbox 460 2951 2038 3027">
     <span class='ocr_line' id='line_1_47' title="bbox 460 2951 2038 3027; baseline 0.005 -23"><span class='ocrx_word' id='word_1_351' title='bbox 460 2951 527 3006; x_wconf 88' lang='lat' dir='ltr'><strong>de</strong></span> <span class='ocrx_word' id='word_1_352' title='bbox 555 2967 613 3006; x_wconf 88' lang='lat' dir='ltr'><strong>se</strong></span> <span class='ocrx_word' id='word_1_353' title='bbox 642 2951 991 3013; x_wconf 85' lang='lat' dir='ltr'><strong>sentientem,</strong></span> <span class='ocrx_word' id='word_1_354' title='bbox 1019 2960 1073 3004; x_wconf 93' lang='lat' dir='ltr'><strong>et</strong></span> <span class='ocrx_word' id='word_1_355' title='bbox 1101 2953 1250 3005; x_wconf 89' lang='lat' dir='ltr'><strong>humi</strong></span> <span class='ocrx_word' id='word_1_356' title='bbox 1285 2953 1472 3008; x_wconf 90' lang='lat' dir='ltr'><strong>oculos</strong></span> <span class='ocrx_word' id='word_1_357' title='bbox 1517 2956 1765 3024; x_wconf 78' lang='lat' dir='ltr'><strong>figentem</strong></span> <span class='ocrx_word' id='word_1_358' title='bbox 1813 2970 2038 3027; x_wconf 86' lang='lat' dir='ltr'><strong>propter</strong></span> 
     </span>
    </p>
   </div>
   <div class='ocr_carea' id='block_1_48' title="bbox 458 3041 2033 3116">
    <p class='ocr_par' dir='ltr' id='par_1_48' title="bbox 458 3041 2033 3116">
     <span class='ocr_line' id='line_1_48' title="bbox 458 3041 2033 3116; baseline 0.001 -15"><span class='ocrx_word' id='word_1_359' title='bbox 458 3047 698 3101; x_wconf 86' lang='lat' dir='ltr'><strong>animum</strong></span> <span class='ocrx_word' id='word_1_360' title='bbox 734 3041 861 3098; x_wconf 88' lang='lat' dir='ltr'><strong>tnali</strong></span> <span class='ocrx_word' id='word_1_361' title='bbox 905 3044 1006 3098; x_wconf 81' lang='lat' dir='ltr'><strong>sibi</strong></span> <span class='ocrx_word' id='word_1_362' title='bbox 1044 3045 1325 3098; x_wconf 87' lang='lat' dir='ltr'><strong>cousciutn</strong></span> <span class='ocrx_word' id='word_1_363' title='bbox 1373 3061 1436 3099; x_wconf 92' lang='lat' dir='ltr'><strong>ac</strong></span> <span class='ocrx_word' id='word_1_364' title='bbox 1481 3048 1687 3101; x_wconf 71' lang='lat' dir='ltr'><strong>tiducize</strong></span> <span class='ocrx_word' id='word_1_365' title='bbox 1732 3060 2033 3116; x_wconf 81' lang='lat' dir='ltr'><strong>expertem,</strong></span> 
     </span>
    </p>
   </div>
   <div class='ocr_carea' id='block_1_49' title="bbox 456 3135 2107 3236">
    <p class='ocr_par' dir='ltr' id='par_1_49' title="bbox 456 3135 2107 3236">
     <span class='ocr_line' id='line_1_49' title="bbox 456 3135 2107 3236; baseline 0.004 -48"><span class='ocrx_word' id='word_1_366' title='bbox 456 3135 1256 3206; x_wconf 81' lang='lat' dir='ltr'><strong>quemadmodumpublicanus</strong></span> <span class='ocrx_word' id='word_1_367' title='bbox 1275 3135 1326 3188; x_wconf 90' lang='lat' dir='ltr'><strong>in</strong></span> <span class='ocrx_word' id='word_1_368' title='bbox 1349 3136 2028 3207; x_wconf 76' lang='lat' dir='ltr'><strong>Evangeliisjustiticatus.</strong></span> <span class='ocrx_word' id='word_1_369' title='bbox 2060 3175 2107 3236; x_wconf 68' lang='grc' dir='ltr'><strong>ο</strong></span> 
     </span>
    </p>
   </div>
   <div class='ocr_carea' id='block_1_50' title="bbox 1037 3222 1444 3280">
    <p class='ocr_par' dir='ltr' id='par_1_50' title="bbox 1037 3222 1444 3280">
     <span class='ocr_line' id='line_1_50' title="bbox 1037 3222 1444 3280; baseline 0.002 -1"><span class='ocrx_word' id='word_1_370' title='bbox 1037 3223 1188 3279; x_wconf 84' lang='lat' dir='ltr'><strong>CAP.</strong></span> <span class='ocrx_word' id='word_1_371' title='bbox 1231 3222 1444 3280; x_wconf 85' lang='lat' dir='ltr'><strong>XXVII.</strong></span> 
     </span>
    </p>
   </div>
   <div class='ocr_carea' id='block_1_51' title="bbox 522 3314 2033 3385">
    <p class='ocr_par' dir='ltr' id='par_1_51' title="bbox 522 3314 2033 3385">
     <span class='ocr_line' id='line_1_51' title="bbox 522 3314 2033 3385; baseline 0 -13"><span class='ocrx_word' id='word_1_372' title='bbox 522 3319 692 3372; x_wconf 63' lang='lat' dir='ltr'><strong>Vens.</strong></span> <span class='ocrx_word' id='word_1_373' title='bbox 729 3319 780 3371; x_wconf 80' lang='lat' dir='ltr'><strong>I.</strong></span> <span class='ocrx_word' id='word_1_374' title='bbox 822 3317 1011 3370; x_wconf 82' lang='lat' dir='ltr'><strong>Adhuc</strong></span> <span class='ocrx_word' id='word_1_375' title='bbox 1065 3328 1241 3370; x_wconf 77' lang='lat' dir='ltr'><strong>autem</strong></span> <span class='ocrx_word' id='word_1_376' title='bbox 1293 3314 1395 3369; x_wconf 83' lang='lat' dir='ltr'><strong>Job</strong></span> <span class='ocrx_word' id='word_1_377' title='bbox 1467 3315 1721 3385; x_wconf 70' lang='lat' dir='ltr'><strong>adjiciam</strong></span> <span class='ocrx_word' id='word_1_378' title='bbox 1783 3320 2033 3382; x_wconf 64' lang='lat' dir='ltr'><strong>praemio</strong></span> 
     </span>
    </p>
   </div>
   <div class='ocr_carea' id='block_1_52' title="bbox 443 3408 2029 3478">
    <p class='ocr_par' dir='ltr' id='par_1_52' title="bbox 443 3408 2029 3478">
     <span class='ocr_line' id='line_1_52' title="bbox 443 3408 2029 3478; baseline -0.004 -13"><span class='ocrx_word' id='word_1_379' title='bbox 443 3412 612 3467; x_wconf 66' lang='lat' dir='ltr'><strong>dixit.</strong></span> <span class='ocrx_word' id='word_1_380' title='bbox 643 3408 922 3470; x_wconf 82' lang='lat' dir='ltr'><strong>Diabolus,</strong></span> <span class='ocrx_word' id='word_1_381' title='bbox 952 3417 1222 3477; x_wconf 86' lang='lat' dir='ltr'><strong>potestate</strong></span> <span class='ocrx_word' id='word_1_382' title='bbox 1248 3419 1494 3474; x_wconf 73' lang='lat' dir='ltr'><strong>ncepta,</strong></span> <span class='ocrx_word' id='word_1_383' title='bbox 1524 3408 1760 3477; x_wconf 82' lang='lat' dir='ltr'><strong>primum</strong></span> <span class='ocrx_word' id='word_1_384' title='bbox 1813 3408 2029 3478; x_wconf 90' lang='lat' dir='ltr'><strong>quidem</strong></span> 
     </span>
    </p>
   </div>
   <div class='ocr_carea' id='block_1_53' title="bbox 451 3497 2033 3568">
    <p class='ocr_par' dir='ltr' id='par_1_53' title="bbox 451 3497 2033 3568">
     <span class='ocr_line' id='line_1_53' title="bbox 451 3497 2033 3568; baseline -0.003 -12"><span class='ocrx_word' id='word_1_385' title='bbox 451 3502 830 3564; x_wconf 69' lang='lat' dir='ltr'><strong>extrinsecus,</strong></span> <span class='ocrx_word' id='word_1_386' title='bbox 878 3499 1075 3552; x_wconf 88' lang='lat' dir='ltr'><strong>deinde</strong></span> <span class='ocrx_word' id='word_1_387' title='bbox 1112 3499 1282 3566; x_wconf 84' lang='lat' dir='ltr'><strong>plagis</strong></span> <span class='ocrx_word' id='word_1_388' title='bbox 1322 3502 1534 3566; x_wconf 84' lang='lat' dir='ltr'><strong>corpori</strong></span> <span class='ocrx_word' id='word_1_389' title='bbox 1577 3498 1822 3561; x_wconf 82' lang='lat' dir='ltr'><strong>inﬂictis,</strong></span> <span class='ocrx_word' id='word_1_390' title='bbox 1868 3497 2033 3568; x_wconf 82' lang='lat'><strong>505</strong></span> 
     </span>
    </p>
   </div>
   <div class='ocr_carea' id='block_1_54' title="bbox 457 3585 2033 3662">
    <p class='ocr_par' dir='ltr' id='par_1_54' title="bbox 457 3585 2033 3662">
     <span class='ocr_line' id='line_1_54' title="bbox 457 3585 2033 3662; baseline -0.004 -15"><span class='ocrx_word' id='word_1_391' title='bbox 457 3610 523 3647; x_wconf 90' lang='lat' dir='ltr'><strong>ac</strong></span> <span class='ocrx_word' id='word_1_392' title='bbox 559 3603 744 3662; x_wconf 89' lang='lat' dir='ltr'><strong>postea</strong></span> <span class='ocrx_word' id='word_1_393' title='bbox 774 3605 873 3658; x_wconf 87' lang='lat' dir='ltr'><strong>per</strong></span> <span class='ocrx_word' id='word_1_394' title='bbox 896 3589 1124 3650; x_wconf 91' lang='lat' dir='ltr'><strong>amicos,</strong></span> <span class='ocrx_word' id='word_1_395' title='bbox 1155 3585 1348 3642; x_wconf 86' lang='lat' dir='ltr'><strong>Jobum</strong></span> <span class='ocrx_word' id='word_1_396' title='bbox 1379 3590 1494 3642; x_wconf 88' lang='lat' dir='ltr'><strong>dies</strong></span> <span class='ocrx_word' id='word_1_397' title='bbox 1525 3599 1578 3643; x_wconf 89' lang='lat' dir='ltr'><strong>et</strong></span> <span class='ocrx_word' id='word_1_398' title='bbox 1606 3598 1792 3642; x_wconf 84' lang='lat' dir='ltr'><strong>noctes</strong></span> <span class='ocrx_word' id='word_1_399' title='bbox 1818 3590 2033 3642; x_wconf 73' lang='lat' dir='ltr'><strong>crucia-</strong></span> 
     </span>
    </p>
   </div>
   <div class='ocr_carea' id='block_1_55' title="bbox 462 3677 2031 3750">
    <p class='ocr_par' dir='ltr' id='par_1_55' title="bbox 462 3677 2031 3750">
     <span class='ocr_line' id='line_1_55' title="bbox 462 3677 2031 3750; baseline -0.003 -14"><span class='ocrx_word' id='word_1_400' title='bbox 462 3682 609 3736; x_wconf 85' lang='lat' dir='ltr'><strong>tibus</strong></span> <span class='ocrx_word' id='word_1_401' title='bbox 659 3679 987 3750; x_wconf 80' lang='lat' dir='ltr'><strong>exploravit.</strong></span> <span class='ocrx_word' id='word_1_402' title='bbox 1046 3678 1336 3746; x_wconf 79' lang='lat' dir='ltr'><strong>Postquam</strong></span> <span class='ocrx_word' id='word_1_403' title='bbox 1398 3679 1542 3731; x_wconf 89' lang='lat' dir='ltr'><strong>enim</strong></span> <span class='ocrx_word' id='word_1_404' title='bbox 1593 3693 1693 3748; x_wconf 88' lang='lat' dir='ltr'><strong>per</strong></span> <span class='ocrx_word' id='word_1_405' title='bbox 1751 3677 2031 3748; x_wconf 76' lang='lat' dir='ltr'><strong>coniugem</strong></span> 
     </span>
    </p>
   </div>
   <div class='ocr_carea' id='block_1_56' title="bbox 453 3771 2035 3843">
    <p class='ocr_par' dir='ltr' id='par_1_56' title="bbox 453 3771 2035 3843">
     <span class='ocr_line' id='line_1_56' title="bbox 453 3771 2035 3843; baseline -0.004 -12"><span class='ocrx_word' id='word_1_406' title='bbox 453 3777 700 3831; x_wconf 83' lang='lat' dir='ltr'><strong>animum</strong></span> <span class='ocrx_word' id='word_1_407' title='bbox 729 3773 851 3843; x_wconf 86' lang='lat' dir='ltr'><strong>ejus</strong></span> <span class='ocrx_word' id='word_1_408' title='bbox 880 3780 1267 3841; x_wconf 84' lang='lat' dir='ltr'><strong>pertentasset,</strong></span> <span class='ocrx_word' id='word_1_409' title='bbox 1292 3781 1344 3824; x_wconf 91' lang='lat' dir='ltr'><strong>et</strong></span> <span class='ocrx_word' id='word_1_410' title='bbox 1373 3771 1636 3825; x_wconf 70' lang='lat' dir='ltr'><strong>invictum</strong></span> <span class='ocrx_word' id='word_1_411' title='bbox 1665 3787 1786 3825; x_wconf 89' lang='lat' dir='ltr'><strong>eum</strong></span> <span class='ocrx_word' id='word_1_412' title='bbox 1816 3789 2035 3842; x_wconf 89' lang='lat' dir='ltr'><strong>perma-</strong></span> 
     </span>
    </p>
   </div>
   <div class='ocr_carea' id='block_1_57' title="bbox 453 3861 2030 3936">
    <p class='ocr_par' dir='ltr' id='par_1_57' title="bbox 453 3861 2030 3936">
     <span class='ocr_line' id='line_1_57' title="bbox 453 3861 2030 3936; baseline -0.004 -14"><span class='ocrx_word' id='word_1_413' title='bbox 453 3880 587 3922; x_wconf 78' lang='lat' dir='ltr'><strong>nere</strong></span> <span class='ocrx_word' id='word_1_414' title='bbox 633 3865 1013 3936; x_wconf 84' lang='lat' dir='ltr'><strong>cognovisset,</strong></span> <span class='ocrx_word' id='word_1_415' title='bbox 1067 3861 1274 3917; x_wconf 86' lang='lat' dir='ltr'><strong>amicos</strong></span> <span class='ocrx_word' id='word_1_416' title='bbox 1331 3871 1446 3917; x_wconf 89' lang='lat' dir='ltr'><strong>tres</strong></span> <span class='ocrx_word' id='word_1_417' title='bbox 1489 3865 1554 3917; x_wconf 92' lang='lat' dir='ltr'><strong>ad</strong></span> <span class='ocrx_word' id='word_1_418' title='bbox 1608 3881 1730 3916; x_wconf 91' lang='lat' dir='ltr'><strong>eum</strong></span> <span class='ocrx_word' id='word_1_419' title='bbox 1781 3864 2030 3930; x_wconf 77' lang='lat' dir='ltr'><strong>adduxit,</strong></span> 
     </span>
    </p>
   </div>
   <div class='ocr_carea' id='block_1_58' title="bbox 453 3955 2026 4027">
    <p class='ocr_par' dir='ltr' id='par_1_58' title="bbox 453 3955 2026 4027">
     <span class='ocr_line' id='line_1_58' title="bbox 453 3955 2026 4027; baseline -0.001 -15"><span class='ocrx_word' id='word_1_420' title='bbox 453 3975 561 4013; x_wconf 89' lang='lat' dir='ltr'><strong>non</strong></span> <span class='ocrx_word' id='word_1_421' title='bbox 605 3958 877 4024; x_wconf 87' lang='lat' dir='ltr'><strong>inimicos,</strong></span> <span class='ocrx_word' id='word_1_422' title='bbox 926 3971 1103 4027; x_wconf 88' lang='lat' dir='ltr'><strong>neque</strong></span> <span class='ocrx_word' id='word_1_423' title='bbox 1138 3955 1400 4010; x_wconf 89' lang='lat' dir='ltr'><strong>insidiosa</strong></span> <span class='ocrx_word' id='word_1_424' title='bbox 1463 3956 1718 4026; x_wconf 78' lang='lat' dir='ltr'><strong>dogma-ta</strong></span> <span class='ocrx_word' id='word_1_425' title='bbox 1763 3957 2026 4022; x_wconf 81' lang='lat' dir='ltr'><strong>foventes,</strong></span> 
     </span>
    </p>
   </div>
   <div class='ocr_carea' id='block_1_59' title="bbox 450 4045 2031 4120">
    <p class='ocr_par' dir='ltr' id='par_1_59' title="bbox 450 4045 2031 4120">
     <span class='ocr_line' id='line_1_59' title="bbox 450 4045 2031 4120; baseline -0.001 -16"><span class='ocrx_word' id='word_1_426' title='bbox 450 4050 547 4105; x_wconf 86' lang='lat' dir='ltr'><strong>sed</strong></span> <span class='ocrx_word' id='word_1_427' title='bbox 577 4050 667 4120; x_wconf 91' lang='lat' dir='ltr'><strong>qui</strong></span> <span class='ocrx_word' id='word_1_428' title='bbox 695 4063 978 4104; x_wconf 80' lang='lat' dir='ltr'><strong>sermones</strong></span> <span class='ocrx_word' id='word_1_429' title='bbox 1021 4060 1206 4110; x_wconf 87' lang='lat' dir='ltr'><strong>veros,</strong></span> <span class='ocrx_word' id='word_1_430' title='bbox 1254 4045 1380 4101; x_wconf 89' lang='lat' dir='ltr'><strong>licet</strong></span> <span class='ocrx_word' id='word_1_431' title='bbox 1430 4048 1614 4102; x_wconf 86' lang='lat' dir='ltr'><strong>minus</strong></span> <span class='ocrx_word' id='word_1_432' title='bbox 1655 4048 1904 4116; x_wconf 88' lang='lat' dir='ltr'><strong>apposite</strong></span> <span class='ocrx_word' id='word_1_433' title='bbox 1935 4063 2031 4102; x_wconf 81' lang='lat' dir='ltr'><strong>ne-</strong></span> 
     </span>
    </p>
   </div>
   <div class='ocr_carea' id='block_1_60' title="bbox 451 4137 2028 4213">
    <p class='ocr_par' dir='ltr' id='par_1_60' title="bbox 451 4137 2028 4213">
     <span class='ocr_line' id='line_1_60' title="bbox 451 4137 2028 4213; baseline -0.001 -17"><span class='ocrx_word' id='word_1_434' title='bbox 451 4156 557 4213; x_wconf 86' lang='lat' dir='ltr'><strong>que</strong></span> <span class='ocrx_word' id='word_1_435' title='bbox 588 4152 833 4211; x_wconf 86' lang='lat' dir='ltr'><strong>tempore</strong></span> <span class='ocrx_word' id='word_1_436' title='bbox 869 4148 1177 4210; x_wconf 86' lang='lat' dir='ltr'><strong>opportuno</strong></span> <span class='ocrx_word' id='word_1_437' title='bbox 1205 4137 1450 4207; x_wconf 87' lang='lat' dir='ltr'><strong>prolatos</strong></span> <span class='ocrx_word' id='word_1_438' title='bbox 1491 4141 1921 4209; x_wconf 87' lang='lat' dir='ltr'><strong>usurpaverint;</strong></span> <span class='ocrx_word' id='word_1_439' title='bbox 1965 4155 2028 4196; x_wconf 87' lang='lat' dir='ltr'><strong>ac</strong></span> 
     </span>
    </p>
   </div>
   <div class='ocr_carea' id='block_1_61' title="bbox 442 4225 2027 4303">
    <p class='ocr_par' dir='ltr' id='par_1_61' title="bbox 442 4225 2027 4303">
     <span class='ocr_line' id='line_1_61' title="bbox 442 4225 2027 4303; baseline -0.001 -19"><span class='ocrx_word' id='word_1_440' title='bbox 442 4245 549 4303; x_wconf 84' lang='lat' dir='ltr'><strong>.per</strong></span> <span class='ocrx_word' id='word_1_441' title='bbox 582 4230 681 4284; x_wconf 86' lang='lat' dir='ltr'><strong>hos</strong></span> <span class='ocrx_word' id='word_1_442' title='bbox 719 4239 777 4283; x_wconf 89' lang='lat' dir='ltr'><strong>ut</strong></span> <span class='ocrx_word' id='word_1_443' title='bbox 799 4228 982 4295; x_wconf 82' lang='lat' dir='ltr'><strong>justus</strong></span> <span class='ocrx_word' id='word_1_444' title='bbox 1012 4238 1202 4282; x_wconf 87' lang='lat' dir='ltr'><strong>contra</strong></span> <span class='ocrx_word' id='word_1_445' title='bbox 1246 4225 1657 4282; x_wconf 88' lang='lat' dir='ltr'><strong>Providentiam</strong></span> <span class='ocrx_word' id='word_1_446' title='bbox 1698 4228 1901 4297; x_wconf 86' lang='lat' dir='ltr'><strong>aliquid</strong></span> <span class='ocrx_word' id='word_1_447' title='bbox 1945 4230 2027 4282; x_wconf 87' lang='lat' dir='ltr'><strong>lo-</strong></span> 
     </span>
    </p>
   </div>
   <div class='ocr_carea' id='block_1_62' title="bbox 451 4316 2027 4392">
    <p class='ocr_par' dir='ltr' id='par_1_62' title="bbox 451 4316 2027 4392">
     <span class='ocr_line' id='line_1_62' title="bbox 451 4316 2027 4392; baseline -0.001 -18"><span class='ocrx_word' id='word_1_448' title='bbox 451 4330 738 4392; x_wconf 78' lang='lat' dir='ltr'><strong>queretur,</strong></span> <span class='ocrx_word' id='word_1_449' title='bbox 804 4328 1026 4391; x_wconf 85' lang='lat' dir='ltr'><strong>propter</strong></span> <span class='ocrx_word' id='word_1_450' title='bbox 1074 4332 1348 4374; x_wconf 74' lang='lat' dir='ltr'><strong>aerumnas</strong></span> <span class='ocrx_word' id='word_1_451' title='bbox 1397 4326 1454 4370; x_wconf 91' lang='lat' dir='ltr'><strong>et</strong></span> <span class='ocrx_word' id='word_1_452' title='bbox 1499 4316 1777 4372; x_wconf 87' lang='lat' dir='ltr'><strong>molestias</strong></span> <span class='ocrx_word' id='word_1_453' title='bbox 1825 4319 2027 4389; x_wconf 84' lang='lat' dir='ltr'><strong>impius</strong></span> 
     </span>
    </p>
   </div>
   <div class='ocr_carea' id='block_1_63' title="bbox 445 4409 2028 4480">
    <p class='ocr_par' dir='ltr' id='par_1_63' title="bbox 445 4409 2028 4480">
     <span class='ocr_line' id='line_1_63' title="bbox 445 4409 2028 4480; baseline -0.002 -12"><span class='ocrx_word' id='word_1_454' title='bbox 445 4413 743 4480; x_wconf 80' lang='lat' dir='ltr'><strong>evaderet,</strong></span> <span class='ocrx_word' id='word_1_455' title='bbox 773 4423 828 4467; x_wconf 90' lang='lat' dir='ltr'><strong>et</strong></span> <span class='ocrx_word' id='word_1_456' title='bbox 859 4411 1065 4466; x_wconf 87' lang='lat' dir='ltr'><strong>doloris</strong></span> <span class='ocrx_word' id='word_1_457' title='bbox 1091 4409 1392 4464; x_wconf 85' lang='lat' dir='ltr'><strong>acerbitate</strong></span> <span class='ocrx_word' id='word_1_458' title='bbox 1437 4409 1612 4462; x_wconf 81' lang='lat' dir='ltr'><strong>victus</strong></span> <span class='ocrx_word' id='word_1_459' title='bbox 1643 4411 1885 4464; x_wconf 88' lang='lat' dir='ltr'><strong>animum</strong></span> <span class='ocrx_word' id='word_1_460' title='bbox 1933 4411 2028 4465; x_wconf 89' lang='lat' dir='ltr'><strong>de-</strong></span> 
     </span>
    </p>
   </div>
   <div class='ocr_carea' id='block_1_64' title="bbox 2155 1959 3744 2038">
    <p class='ocr_par' dir='ltr' id='par_1_64' title="bbox 2155 1959 3744 2038">
     <span class='ocr_line' id='line_1_64' title="bbox 2155 1959 3744 2038; baseline 0.008 -28"><span class='ocrx_word' id='word_1_461' title='bbox 2155 1974 2242 2010; x_wconf 91' lang='grc' dir='ltr'><strong>ναι</strong></span> <span class='ocrx_word' id='word_1_462' title='bbox 2267 1959 2467 2026; x_wconf 80' lang='grc' dir='ltr'>φωτός·</span> <span class='ocrx_word' id='word_1_463' title='bbox 2497 1961 2529 2029; x_wconf 83' lang='grc' dir='ltr'>ἢ</span> <span class='ocrx_word' id='word_1_464' title='bbox 2557 1963 2651 2016; x_wconf 68' lang='grc' dir='ltr'>καὶ</span> <span class='ocrx_word' id='word_1_465' title='bbox 2685 1964 2742 2016; x_wconf 88' lang='grc' dir='ltr'>αἱ</span> <span class='ocrx_word' id='word_1_466' title='bbox 2780 1964 3005 2036; x_wconf 84' lang='grc' dir='ltr'>πράξεις</span> <span class='ocrx_word' id='word_1_467' title='bbox 3037 1983 3130 2019; x_wconf 84' lang='grc' dir='ltr'><strong>σου</strong></span> <span class='ocrx_word' id='word_1_468' title='bbox 3160 1967 3414 2038; x_wconf 74' lang='grc' dir='ltr'>λαμπραὶ</span> <span class='ocrx_word' id='word_1_469' title='bbox 3439 1970 3534 2023; x_wconf 81' lang='grc' dir='ltr'><strong>καὶ</strong></span> <span class='ocrx_word' id='word_1_470' title='bbox 3562 1969 3744 2023; x_wconf 77' lang='grc' dir='ltr'>ἐπίδο-</span> 
     </span>
    </p>
   </div>
   <div class='ocr_carea' id='block_1_65' title="bbox 2154 2046 2496 2112">
    <p class='ocr_par' dir='ltr' id='par_1_65' title="bbox 2154 2046 2496 2112">
     <span class='ocr_line' id='line_1_65' title="bbox 2154 2046 2496 2112; baseline 0.015 -14"><span class='ocrx_word' id='word_1_471' title='bbox 2154 2046 2234 2112; x_wconf 85' lang='grc' dir='ltr'><strong>ξοι</strong></span> <span class='ocrx_word' id='word_1_472' title='bbox 2262 2047 2496 2103; x_wconf 76' lang='grc' dir='ltr'>ἔσονται.</span> 
     </span>
    </p>
   </div>
   <div class='ocr_carea' id='block_1_66' title="bbox 2156 2313 3730 2406">
    <p class='ocr_par' dir='ltr' id='par_1_66' title="bbox 2156 2313 3730 2406">
     <span class='ocr_line' id='line_1_66' title="bbox 2156 2313 3730 2406; baseline 0.015 -38"><span class='ocrx_word' id='word_1_473' title='bbox 2156 2401 2162 2404; x_wconf 17' lang='grc' dir='ltr'>ι</span> <span class='ocrx_word' id='word_1_474' title='bbox 2221 2313 2358 2375; x_wconf 70' lang='grc' dir='ltr'><strong>Ὀῖί</strong></span> <span class='ocrx_word' id='word_1_475' title='bbox 2380 2320 2784 2378; x_wconf 68' lang='grc' dir='ltr'>ἐταπείνωσεν</span> <span class='ocrx_word' id='word_1_476' title='bbox 2826 2326 3072 2387; x_wconf 72' lang='grc' dir='ltr'>ἑαυτὸν.</span> <span class='ocrx_word' id='word_1_477' title='bbox 3117 2331 3213 2383; x_wconf 81' lang='grc' dir='ltr'>καὶ</span> <span class='ocrx_word' id='word_1_478' title='bbox 3259 2329 3415 2399; x_wconf 83' lang='grc' dir='ltr'>ἐρεῖς</span> <span class='ocrx_word' id='word_1_479' title='bbox 3437 2350 3451 2364; x_wconf 88' lang='grc'><strong>·</strong></span> <span class='ocrx_word' id='word_1_480' title='bbox 3494 2336 3730 2406; x_wconf 80' lang='grc' dir='ltr'>Ὑπερη-</span> 
     </span>
    </p>
   </div>
   <div class='ocr_carea' id='block_1_67' title="bbox 2141 2413 3732 2500">
    <p class='ocr_par' dir='ltr' id='par_1_67' title="bbox 2141 2413 3732 2500">
     <span class='ocr_line' id='line_1_67' title="bbox 2141 2413 3732 2500; baseline 0.014 -39"><span class='ocrx_word' id='word_1_481' title='bbox 2141 2413 2505 2479; x_wconf 67' lang='grc' dir='ltr'>ςρανεύσατο.</span> <span class='ocrx_word' id='word_1_482' title='bbox 2545 2415 2632 2478; x_wconf 88' lang='grc' dir='ltr'><strong>Ὠς</strong></span> <span class='ocrx_word' id='word_1_483' title='bbox 2662 2418 2760 2486; x_wconf 83' lang='grc' dir='ltr'>μὲν</span> <span class='ocrx_word' id='word_1_484' title='bbox 2791 2421 2919 2492; x_wconf 71' lang='grc' dir='ltr'>περὶ</span> <span class='ocrx_word' id='word_1_485' title='bbox 2948 2422 3134 2494; x_wconf 87' lang='grc' dir='ltr'>ἐτέρου</span> <span class='ocrx_word' id='word_1_486' title='bbox 3159 2423 3306 2477; x_wconf 85' lang='grc' dir='ltr'>δοκεῖ</span> <span class='ocrx_word' id='word_1_487' title='bbox 3335 2424 3514 2495; x_wconf 78' lang='grc' dir='ltr'>λέγειν</span> <span class='ocrx_word' id='word_1_488' title='bbox 3538 2443 3552 2457; x_wconf 72' lang='grc'>³</span> <span class='ocrx_word' id='word_1_489' title='bbox 3593 2430 3732 2500; x_wconf 83' lang='grc' dir='ltr'>πρὸς</span> 
     </span>
    </p>
   </div>
   <div class='ocr_carea' id='block_1_68' title="bbox 2139 2500 3733 2585">
    <p class='ocr_par' dir='ltr' id='par_1_68' title="bbox 2139 2500 3733 2585">
     <span class='ocr_line' id='line_1_68' title="bbox 2139 2500 3733 2585; baseline 0.014 -33"><span class='ocrx_word' id='word_1_490' title='bbox 2139 2500 2195 2554; x_wconf 79' lang='grc' dir='ltr'>δὲ</span> <span class='ocrx_word' id='word_1_491' title='bbox 2217 2502 2308 2554; x_wconf 75' lang='grc' dir='ltr'><strong>τὸν</strong></span> <span class='ocrx_word' id='word_1_492' title='bbox 2347 2502 2466 2555; x_wconf 80' lang='grc' dir='ltr'><strong>Ἰὼϐ</strong></span> <span class='ocrx_word' id='word_1_493' title='bbox 2496 2507 2524 2556; x_wconf 91' lang='lat'><strong>6</strong></span> <span class='ocrx_word' id='word_1_494' title='bbox 2563 2505 2738 2574; x_wconf 83' lang='grc' dir='ltr'>λόγος.</span> <span class='ocrx_word' id='word_1_495' title='bbox 2769 2511 2868 2562; x_wconf 85' lang='grc' dir='ltr'>Διά</span> <span class='ocrx_word' id='word_1_496' title='bbox 2913 2511 3070 2564; x_wconf 80' lang='grc' dir='ltr'>τοῦτο</span> <span class='ocrx_word' id='word_1_497' title='bbox 3094 2552 3108 2576; x_wconf 91' lang='grc'><strong>,</strong></span> <span class='ocrx_word' id='word_1_498' title='bbox 3141 2516 3305 2585; x_wconf 74' lang='grc' dir='ltr'>φησὶν</span> <span class='ocrx_word' id='word_1_499' title='bbox 3325 2559 3338 2580; x_wconf 90' lang='grc'><strong>,</strong></span> <span class='ocrx_word' id='word_1_500' title='bbox 3373 2516 3526 2570; x_wconf 77' lang='grc' dir='ltr'>ἔσται</span> <span class='ocrx_word' id='word_1_501' title='bbox 3553 2520 3733 2575; x_wconf 80' lang='grc' dir='ltr'>ταῦτα</span> 
     </span>
    </p>
   </div>
   <div class='ocr_carea' id='block_1_69' title="bbox 2139 2591 3726 2672">
    <p class='ocr_par' dir='ltr' id='par_1_69' title="bbox 2139 2591 3726 2672">
     <span class='ocr_line' id='line_1_69' title="bbox 2139 2591 3726 2672; baseline 0.013 -29"><span class='ocrx_word' id='word_1_502' title='bbox 2139 2591 2216 2662; x_wconf 81' lang='grc' dir='ltr'><strong>τῷ</strong></span> <span class='ocrx_word' id='word_1_503' title='bbox 2250 2595 2616 2662; x_wconf 81' lang='grc' dir='ltr'>μετανοοῦντι,</span> <span class='ocrx_word' id='word_1_504' title='bbox 2657 2597 2738 2649; x_wconf 86' lang='grc' dir='ltr'>ὅτι</span> <span class='ocrx_word' id='word_1_505' title='bbox 2767 2601 3129 2655; x_wconf 80' lang='grc' dir='ltr'>ἐταπείνωσεν</span> <span class='ocrx_word' id='word_1_506' title='bbox 3169 2607 3394 2671; x_wconf 76' lang='grc' dir='ltr'>ἑαυτὸν,</span> <span class='ocrx_word' id='word_1_507' title='bbox 3429 2607 3526 2661; x_wconf 80' lang='grc' dir='ltr'>καὶ</span> <span class='ocrx_word' id='word_1_508' title='bbox 3549 2609 3726 2672; x_wconf 84' lang='grc' dir='ltr'>εἶπεν,</span> 
     </span>
    </p>
   </div>
   <div class='ocr_carea' id='block_1_70' title="bbox 2136 2681 3728 2771">
    <p class='ocr_par' dir='ltr' id='par_1_70' title="bbox 2136 2681 3728 2771">
     <span class='ocr_line' id='line_1_70' title="bbox 2136 2681 3728 2771; baseline 0.011 -36"><span class='ocrx_word' id='word_1_509' title='bbox 2136 2681 2218 2736; x_wconf 75' lang='grc' dir='ltr'>ὃτι</span> <span class='ocrx_word' id='word_1_510' title='bbox 2250 2684 2470 2749; x_wconf 81' lang='grc' dir='ltr'>ἐνδίκως</span> <span class='ocrx_word' id='word_1_511' title='bbox 2494 2687 2653 2753; x_wconf 79' lang='grc' dir='ltr'>αὐτὸς</span> <span class='ocrx_word' id='word_1_512' title='bbox 2677 2689 2881 2742; x_wconf 69' lang='grc' dir='ltr'>ὑπέστη</span> <span class='ocrx_word' id='word_1_513' title='bbox 2912 2692 2947 2745; x_wconf 78' lang='grc' dir='ltr'>ἃ.</span> <span class='ocrx_word' id='word_1_514' title='bbox 2972 2693 3256 2760; x_wconf 83' lang='grc' dir='ltr'>πέπονθεν,</span> <span class='ocrx_word' id='word_1_515' title='bbox 3288 2697 3474 2769; x_wconf 79' lang='grc' dir='ltr'>ἐπειδὴ</span> <span class='ocrx_word' id='word_1_516' title='bbox 3511 2699 3728 2771; x_wconf 76' lang='grc' dir='ltr'>ὑπερησ-</span> 
     </span>
    </p>
   </div>
   <div class='ocr_carea' id='block_1_71' title="bbox 2137 2773 2460 2843">
    <p class='ocr_par' dir='ltr' id='par_1_71' title="bbox 2137 2773 2460 2843">
     <span class='ocr_line' id='line_1_71' title="bbox 2137 2773 2460 2843; baseline 0.006 -17"><span class='ocrx_word' id='word_1_517' title='bbox 2137 2773 2308 2843; x_wconf 76' lang='grc' dir='ltr'>φανεύ</span> <span class='ocrx_word' id='word_1_518' title='bbox 2320 2792 2438 2829; x_wconf 71' lang='grc' dir='ltr'>εατο</span> <span class='ocrx_word' id='word_1_519' title='bbox 2447 2817 2460 2828; x_wconf 94' lang='grc'><strong>.</strong></span> 
     </span>
    </p>
   </div>
   <div class='ocr_carea' id='block_1_72' title="bbox 2209 2864 3732 2936">
    <p class='ocr_par' dir='ltr' id='par_1_72' title="bbox 2209 2864 3732 2936">
     <span class='ocr_line' id='line_1_72' title="bbox 2209 2864 3732 2936; baseline 0.001 -18"><span class='ocrx_word' id='word_1_520' title='bbox 2209 2864 2322 2919; x_wconf 77' lang='lat' dir='ltr'><strong>Kal</strong></span> <span class='ocrx_word' id='word_1_521' title='bbox 2350 2866 2620 2935; x_wconf 69' lang='grc' dir='ltr'>κύφοντα</span> <span class='ocrx_word' id='word_1_522' title='bbox 2649 2867 2978 2936; x_wconf 70' lang='grc' dir='ltr'>ὀφθαλμοῖς</span> <span class='ocrx_word' id='word_1_523' title='bbox 3000 2867 3206 2921; x_wconf 80' lang='grc' dir='ltr'>σώσει.</span> <span class='ocrx_word' id='word_1_524' title='bbox 3233 2868 3490 2920; x_wconf 86' lang='grc' dir='ltr'>Τουτέστι</span> <span class='ocrx_word' id='word_1_525' title='bbox 3519 2867 3610 2920; x_wconf 82' lang='grc' dir='ltr'><strong>τὸν</strong></span> <span class='ocrx_word' id='word_1_526' title='bbox 3637 2883 3732 2920; x_wconf 78' lang='grc' dir='ltr'>ταο</span> 
     </span>
    </p>
   </div>
   <div class='ocr_carea' id='block_1_73' title="bbox 2141 2955 3725 3029">
    <p class='ocr_par' dir='ltr' id='par_1_73' title="bbox 2141 2955 3725 3029">
     <span class='ocr_line' id='line_1_73' title="bbox 2141 2955 3725 3029; baseline -0.001 -19"><span class='ocrx_word' id='word_1_527' title='bbox 2141 2956 2485 3029; x_wconf 75' lang='grc' dir='ltr'>πεινόφρονα,</span> <span class='ocrx_word' id='word_1_528' title='bbox 2520 2959 2611 3010; x_wconf 75' lang='grc' dir='ltr'><strong>τὸν</strong></span> <span class='ocrx_word' id='word_1_529' title='bbox 2645 2958 2796 3011; x_wconf 86' lang='grc' dir='ltr'>κάτω</span> <span class='ocrx_word' id='word_1_530' title='bbox 2828 2959 3092 3028; x_wconf 78' lang='grc' dir='ltr'>βλέποντα</span> <span class='ocrx_word' id='word_1_531' title='bbox 3115 2958 3204 3011; x_wconf 89' lang='grc' dir='ltr'><strong>διά</strong></span> <span class='ocrx_word' id='word_1_532' title='bbox 3223 2959 3284 3011; x_wconf 78' lang='grc' dir='ltr'>τὸ</span> <span class='ocrx_word' id='word_1_533' title='bbox 3310 2955 3725 3026; x_wconf 82' lang='grc' dir='ltr'>δυσσυνείδητον</span> 
     </span>
    </p>
   </div>
   <div class='ocr_carea' id='block_1_74' title="bbox 2137 3046 3726 3124">
    <p class='ocr_par' dir='ltr' id='par_1_74' title="bbox 2137 3046 3726 3124">
     <span class='ocr_line' id='line_1_74' title="bbox 2137 3046 3726 3124; baseline -0.001 -20"><span class='ocrx_word' id='word_1_534' title='bbox 2137 3052 2232 3104; x_wconf 72' lang='grc' dir='ltr'><strong>καὶ</strong></span> <span class='ocrx_word' id='word_1_535' title='bbox 2266 3051 2717 3124; x_wconf 73' lang='grc' dir='ltr'>ἀπαρρησίαστον</span> <span class='ocrx_word' id='word_1_536' title='bbox 2738 3092 2754 3117; x_wconf 89' lang='grc'><strong>,</strong></span> <span class='ocrx_word' id='word_1_537' title='bbox 2785 3049 3037 3121; x_wconf 82' lang='grc' dir='ltr'>καθάπερ</span> <span class='ocrx_word' id='word_1_538' title='bbox 3071 3053 3100 3104; x_wconf 85' lang='lat'><strong>6</strong></span> <span class='ocrx_word' id='word_1_539' title='bbox 3151 3052 3207 3103; x_wconf 84' lang='grc' dir='ltr'><strong>ἐν</strong></span> <span class='ocrx_word' id='word_1_540' title='bbox 3230 3053 3342 3114; x_wconf 88' lang='grc' dir='ltr'>τοῖς</span> <span class='ocrx_word' id='word_1_541' title='bbox 3372 3046 3726 3116; x_wconf 80' lang='grc' dir='ltr'>Εὐαγγελίοις</span> 
     </span>
    </p>
   </div>
   <div class='ocr_carea' id='block_1_75' title="bbox 2137 3140 2730 3213">
    <p class='ocr_par' dir='ltr' id='par_1_75' title="bbox 2137 3140 2730 3213">
     <span class='ocr_line' id='line_1_75' title="bbox 2137 3140 2730 3213; baseline 0.005 -19"><span class='ocrx_word' id='word_1_542' title='bbox 2137 3140 2445 3205; x_wconf 74' lang='grc' dir='ltr'>δικαιωθεὶς</span> <span class='ocrx_word' id='word_1_543' title='bbox 2470 3141 2730 3213; x_wconf 81' lang='grc' dir='ltr'>τελώνης.</span> 
     </span>
    </p>
   </div>
   <div class='ocr_carea' id='block_1_76' title="bbox 2757 3236 3085 3290">
    <p class='ocr_par' dir='ltr' id='par_1_76' title="bbox 2757 3236 3085 3290">
     <span class='ocr_line' id='line_1_76' title="bbox 2757 3236 3085 3290; baseline 0 -2"><span class='ocrx_word' id='word_1_544' title='bbox 2757 3236 2896 3288; x_wconf 79' lang='grc' dir='ltr'><strong>ΚΕΦ</strong></span> <span class='ocrx_word' id='word_1_545' title='bbox 2913 3274 2927 3288; x_wconf 94' lang='grc'><strong>.</strong></span> <span class='ocrx_word' id='word_1_546' title='bbox 2957 3238 3085 3290; x_wconf 87' lang='lat' dir='ltr'><strong>KZ&#39;.</strong></span> 
     </span>
    </p>
   </div>
   <div class='ocr_carea' id='block_1_77' title="bbox 2215 3318 3723 3395">
    <p class='ocr_par' dir='ltr' id='par_1_77' title="bbox 2215 3318 3723 3395">
     <span class='ocr_line' id='line_1_77' title="bbox 2215 3318 3723 3395; baseline -0.003 -17"><span class='ocrx_word' id='word_1_547' title='bbox 2215 3326 2343 3379; x_wconf 84' lang='grc' dir='ltr'>Ἔτι</span> <span class='ocrx_word' id='word_1_548' title='bbox 2372 3325 2441 3378; x_wconf 80' lang='grc' dir='ltr'>δὲ</span> <span class='ocrx_word' id='word_1_549' title='bbox 2468 3327 2753 3395; x_wconf 77' lang='grc' dir='ltr'>προσθεὶς</span> <span class='ocrx_word' id='word_1_550' title='bbox 2785 3327 2917 3381; x_wconf 77' lang='grc' dir='ltr'><strong>Ἰὼϐ</strong></span> <span class='ocrx_word' id='word_1_551' title='bbox 2931 3327 3013 3392; x_wconf 85' lang='grc' dir='ltr'>τῷ</span> <span class='ocrx_word' id='word_1_552' title='bbox 3041 3326 3326 3395; x_wconf 80' lang='grc' dir='ltr'>προοιμίῳ</span> <span class='ocrx_word' id='word_1_553' title='bbox 3350 3318 3538 3377; x_wconf 74' lang='grc' dir='ltr'>εἶπεν.</span> <span class='ocrx_word' id='word_1_554' title='bbox 3565 3320 3723 3375; x_wconf 83' lang='grc' dir='ltr'>Ἐλα-</span> 
     </span>
    </p>
   </div>
   <div class='ocr_carea' id='block_1_78' title="bbox 2140 3409 3721 3487">
    <p class='ocr_par' dir='ltr' id='par_1_78' title="bbox 2140 3409 3721 3487">
     <span class='ocr_line' id='line_1_78' title="bbox 2140 3409 3721 3487; baseline -0.003 -19"><span class='ocrx_word' id='word_1_555' title='bbox 2140 3414 2235 3468; x_wconf 89' lang='grc' dir='ltr'><strong>ϐεν</strong></span> <span class='ocrx_word' id='word_1_556' title='bbox 2281 3416 2526 3482; x_wconf 74' lang='grc' dir='ltr'>ἐξουσίαν</span> <span class='ocrx_word' id='word_1_557' title='bbox 2569 3418 2662 3471; x_wconf 81' lang='grc' dir='ltr'>τοῦ</span> <span class='ocrx_word' id='word_1_558' title='bbox 2706 3417 2823 3470; x_wconf 88' lang='grc' dir='ltr'><strong>Ἰὼϐ</strong></span> <span class='ocrx_word' id='word_1_559' title='bbox 2854 3420 2881 3469; x_wconf 95' lang='lat'><strong>6</strong></span> <span class='ocrx_word' id='word_1_560' title='bbox 2917 3417 3159 3479; x_wconf 87' lang='grc' dir='ltr'>διάϐολος</span> <span class='ocrx_word' id='word_1_561' title='bbox 3185 3417 3278 3469; x_wconf 76' lang='grc' dir='ltr'><strong>καὶ</strong></span> <span class='ocrx_word' id='word_1_562' title='bbox 3319 3416 3520 3487; x_wconf 71' lang='grc' dir='ltr'>ητασεν</span> <span class='ocrx_word' id='word_1_563' title='bbox 3558 3409 3721 3466; x_wconf 73' lang='grc' dir='ltr'>αὑτὸν</span> 
     </span>
    </p>
   </div>
   <div class='ocr_carea' id='block_1_79' title="bbox 2140 3503 3717 3578">
    <p class='ocr_par' dir='ltr' id='par_1_79' title="bbox 2140 3503 3717 3578">
     <span class='ocr_line' id='line_1_79' title="bbox 2140 3503 3717 3578; baseline -0.004 -18"><span class='ocrx_word' id='word_1_564' title='bbox 2140 3505 2331 3568; x_wconf 85' lang='grc' dir='ltr'>νυκτὸς</span> <span class='ocrx_word' id='word_1_565' title='bbox 2375 3508 2470 3559; x_wconf 74' lang='grc' dir='ltr'>καὶ</span> <span class='ocrx_word' id='word_1_566' title='bbox 2506 3508 2752 3578; x_wconf 82' lang='grc' dir='ltr'>ἡμέρας·</span> <span class='ocrx_word' id='word_1_567' title='bbox 2790 3508 3050 3578; x_wconf 87' lang='grc' dir='ltr'>πρότερον</span> <span class='ocrx_word' id='word_1_568' title='bbox 3108 3509 3207 3578; x_wconf 84' lang='grc' dir='ltr'><strong>μὲν</strong></span> <span class='ocrx_word' id='word_1_569' title='bbox 3251 3508 3339 3560; x_wconf 87' lang='grc' dir='ltr'><strong>διά</strong></span> <span class='ocrx_word' id='word_1_570' title='bbox 3387 3506 3495 3560; x_wconf 82' lang='grc' dir='ltr'><strong>τῶν</strong></span> <span class='ocrx_word' id='word_1_571' title='bbox 3527 3503 3717 3566; x_wconf 82' lang='grc' dir='ltr'>ἐκτός·</span> 
     </span>
    </p>
   </div>
   <div class='ocr_carea' id='block_1_80' title="bbox 2141 3592 3721 3666">
    <p class='ocr_par' dir='ltr' id='par_1_80' title="bbox 2141 3592 3721 3666">
     <span class='ocr_line' id='line_1_80' title="bbox 2141 3592 3721 3666; baseline 0 -21"><span class='ocrx_word' id='word_1_572' title='bbox 2141 3592 2365 3665; x_wconf 77' lang='grc' dir='ltr'>ὕστερον</span> <span class='ocrx_word' id='word_1_573' title='bbox 2396 3594 2452 3647; x_wconf 88' lang='grc' dir='ltr'>δὲ</span> <span class='ocrx_word' id='word_1_574' title='bbox 2485 3594 2550 3647; x_wconf 88' lang='grc' dir='ltr'>δι’</span> <span class='ocrx_word' id='word_1_575' title='bbox 2595 3595 2756 3648; x_wconf 75' lang='grc' dir='ltr'>αὑτοῦ</span> <span class='ocrx_word' id='word_1_576' title='bbox 2789 3595 2882 3648; x_wconf 78' lang='grc' dir='ltr'>τοῦ</span> <span class='ocrx_word' id='word_1_577' title='bbox 2919 3595 3199 3665; x_wconf 81' lang='grc' dir='ltr'>σώματος·</span> <span class='ocrx_word' id='word_1_578' title='bbox 3241 3597 3376 3666; x_wconf 86' lang='grc' dir='ltr'><strong>μετά</strong></span> <span class='ocrx_word' id='word_1_579' title='bbox 3417 3595 3589 3650; x_wconf 76' lang='grc' dir='ltr'>ταῦτα</span> <span class='ocrx_word' id='word_1_580' title='bbox 3626 3593 3721 3646; x_wconf 75' lang='grc' dir='ltr'><strong>καὶ</strong></span> 
     </span>
    </p>
   </div>
   <div class='ocr_carea' id='block_1_81' title="bbox 2139 3683 3720 3757">
    <p class='ocr_par' dir='ltr' id='par_1_81' title="bbox 2139 3683 3720 3757">
     <span class='ocr_line' id='line_1_81' title="bbox 2139 3683 3720 3757; baseline 0.003 -22"><span class='ocrx_word' id='word_1_581' title='bbox 2139 3683 2226 3736; x_wconf 77' lang='grc' dir='ltr'><strong>διὰ</strong></span> <span class='ocrx_word' id='word_1_582' title='bbox 2266 3684 2372 3738; x_wconf 85' lang='grc' dir='ltr'><strong>τῶν</strong></span> <span class='ocrx_word' id='word_1_583' title='bbox 2408 3685 2594 3754; x_wconf 85' lang='grc' dir='ltr'>φίλων.</span> <span class='ocrx_word' id='word_1_584' title='bbox 2633 3686 2759 3739; x_wconf 86' lang='grc' dir='ltr'>Ὅτε</span> <span class='ocrx_word' id='word_1_585' title='bbox 2799 3685 2906 3757; x_wconf 63' lang='grc' dir='ltr'>γὰρ</span> <span class='ocrx_word' id='word_1_586' title='bbox 2953 3686 3113 3739; x_wconf 79' lang='grc' dir='ltr'>αὑτὸν</span> <span class='ocrx_word' id='word_1_587' title='bbox 3161 3685 3447 3757; x_wconf 76' lang='grc' dir='ltr'>ἐδοκίμαζε</span> <span class='ocrx_word' id='word_1_588' title='bbox 3483 3686 3571 3739; x_wconf 82' lang='grc' dir='ltr'>διὰ</span> <span class='ocrx_word' id='word_1_589' title='bbox 3618 3686 3720 3756; x_wconf 74' lang='grc' dir='ltr'><strong>τῆς</strong></span> 
     </span>
    </p>
   </div>
   <div class='ocr_carea' id='block_1_82' title="bbox 2139 3773 3722 3849">
    <p class='ocr_par' dir='ltr' id='par_1_82' title="bbox 2139 3773 3722 3849">
     <span class='ocr_line' id='line_1_82' title="bbox 2139 3773 3722 3849; baseline 0.001 -21"><span class='ocrx_word' id='word_1_590' title='bbox 2139 3776 2398 3845; x_wconf 83' lang='grc' dir='ltr'>γυναικὸς</span> <span class='ocrx_word' id='word_1_591' title='bbox 2418 3817 2432 3841; x_wconf 95' lang='grc'><strong>,</strong></span> <span class='ocrx_word' id='word_1_592' title='bbox 2463 3776 2558 3829; x_wconf 63' lang='grc' dir='ltr'><strong>καὶ¹</strong></span> <span class='ocrx_word' id='word_1_593' title='bbox 2593 3773 2729 3832; x_wconf 81' lang='grc' dir='ltr'>οἶδεν</span> <span class='ocrx_word' id='word_1_594' title='bbox 2753 3817 2767 3843; x_wconf 87' lang='grc'><strong>,</strong></span> <span class='ocrx_word' id='word_1_595' title='bbox 2798 3779 2878 3830; x_wconf 85' lang='grc' dir='ltr'>ὅτι</span> <span class='ocrx_word' id='word_1_596' title='bbox 2922 3779 2982 3832; x_wconf 78' lang='grc' dir='ltr'><strong>οὐ</strong></span> <span class='ocrx_word' id='word_1_597' title='bbox 3009 3779 3287 3849; x_wconf 84' lang='grc' dir='ltr'>νενίκηται</span> <span class='ocrx_word' id='word_1_598' title='bbox 3327 3780 3356 3830; x_wconf 89' lang='lat'><strong>6</strong></span> <span class='ocrx_word' id='word_1_599' title='bbox 3395 3778 3536 3844; x_wconf 82' lang='grc' dir='ltr'>Ἰὼϐ,</span> <span class='ocrx_word' id='word_1_600' title='bbox 3569 3780 3722 3848; x_wconf 83' lang='grc' dir='ltr'>τρεῖς</span> 
     </span>
    </p>
   </div>
   <div class='ocr_carea' id='block_1_83' title="bbox 2141 3863 3720 3940">
    <p class='ocr_par' dir='ltr' id='par_1_83' title="bbox 2141 3863 3720 3940">
     <span class='ocr_line' id='line_1_83' title="bbox 2141 3863 3720 3940; baseline 0.002 -21"><span class='ocrx_word' id='word_1_601' title='bbox 2141 3867 2325 3938; x_wconf 79' lang='grc' dir='ltr'>φίλους</span> <span class='ocrx_word' id='word_1_602' title='bbox 2355 3867 2585 3938; x_wconf 75' lang='grc' dir='ltr'>ἧνεγκεν</span> <span class='ocrx_word' id='word_1_603' title='bbox 2605 3907 2619 3930; x_wconf 89' lang='grc'><strong>,</strong></span> <span class='ocrx_word' id='word_1_604' title='bbox 2647 3869 2747 3920; x_wconf 82' lang='grc' dir='ltr'><strong>οὐκ</strong></span> <span class='ocrx_word' id='word_1_605' title='bbox 2776 3867 3023 3940; x_wconf 82' lang='grc' dir='ltr'>ἐχθροὺς,</span> <span class='ocrx_word' id='word_1_606' title='bbox 3055 3869 3154 3922; x_wconf 79' lang='grc' dir='ltr'><strong>οὐκ</strong></span> <span class='ocrx_word' id='word_1_607' title='bbox 3185 3863 3445 3922; x_wconf 81' lang='grc' dir='ltr'>ἐπίϐουλα</span> <span class='ocrx_word' id='word_1_608' title='bbox 3475 3869 3720 3940; x_wconf 85' lang='grc' dir='ltr'>δόγματα</span> 
     </span>
    </p>
   </div>
   <div class='ocr_carea' id='block_1_84' title="bbox 2137 3959 3718 4033">
    <p class='ocr_par' dir='ltr' id='par_1_84' title="bbox 2137 3959 3718 4033">
     <span class='ocr_line' id='line_1_84' title="bbox 2137 3959 3718 4033; baseline 0 -20"><span class='ocrx_word' id='word_1_609' title='bbox 2137 3961 2385 4032; x_wconf 75' lang='grc' dir='ltr'>ἔχοντας·</span> <span class='ocrx_word' id='word_1_610' title='bbox 2423 3959 2536 4012; x_wconf 81' lang='grc' dir='ltr'>ἀλλ’</span> <span class='ocrx_word' id='word_1_611' title='bbox 2563 3960 2783 4033; x_wconf 76' lang='grc' dir='ltr'>ἀληθεῖς</span> <span class='ocrx_word' id='word_1_612' title='bbox 2811 3960 2906 4031; x_wconf 81' lang='grc' dir='ltr'><strong>μὲν</strong></span> <span class='ocrx_word' id='word_1_613' title='bbox 2935 3960 3146 4030; x_wconf 86' lang='grc' dir='ltr'>λόγους,</span> <span class='ocrx_word' id='word_1_614' title='bbox 3180 3963 3241 4013; x_wconf 86' lang='grc' dir='ltr'><strong>οὑ</strong></span> <span class='ocrx_word' id='word_1_615' title='bbox 3271 3961 3450 4022; x_wconf 84' lang='grc' dir='ltr'>καλῶς</span> <span class='ocrx_word' id='word_1_616' title='bbox 3475 3961 3531 4013; x_wconf 75' lang='grc' dir='ltr'><strong>δὲ</strong></span> <span class='ocrx_word' id='word_1_617' title='bbox 3551 4002 3564 4025; x_wconf 91' lang='grc'><strong>,</strong></span> <span class='ocrx_word' id='word_1_618' title='bbox 3596 3960 3718 4013; x_wconf 72' lang='grc' dir='ltr'>οὐδὲ</span> 
     </span>
    </p>
   </div>
   <div class='ocr_carea' id='block_1_85' title="bbox 2137 4051 3718 4124">
    <p class='ocr_par' dir='ltr' id='par_1_85' title="bbox 2137 4051 3718 4124">
     <span class='ocr_line' id='line_1_85' title="bbox 2137 4051 3718 4124; baseline 0.001 -20"><span class='ocrx_word' id='word_1_619' title='bbox 2137 4053 2194 4104; x_wconf 89' lang='grc' dir='ltr'><strong>ἐν</strong></span> <span class='ocrx_word' id='word_1_620' title='bbox 2219 4051 2392 4124; x_wconf 83' lang='grc' dir='ltr'>καιρῷ</span> <span class='ocrx_word' id='word_1_621' title='bbox 2423 4053 2931 4123; x_wconf 50' lang='grc' dir='ltr'>προσφερομένους</span> <span class='ocrx_word' id='word_1_622' title='bbox 2971 4054 3065 4106; x_wconf 71' lang='grc' dir='ltr'><strong>καὶ</strong></span> <span class='ocrx_word' id='word_1_623' title='bbox 3106 4052 3355 4106; x_wconf 71' lang='grc' dir='ltr'>ἐϐούλετο</span> <span class='ocrx_word' id='word_1_624' title='bbox 3393 4052 3478 4105; x_wconf 84' lang='grc' dir='ltr'>διὰ</span> <span class='ocrx_word' id='word_1_625' title='bbox 3511 4053 3718 4106; x_wconf 84' lang='grc' dir='ltr'>τούτων</span> 
     </span>
    </p>
   </div>
   <div class='ocr_carea' id='block_1_86' title="bbox 2137 4143 3718 4217">
    <p class='ocr_par' dir='ltr' id='par_1_86' title="bbox 2137 4143 3718 4217">
     <span class='ocr_line' id='line_1_86' title="bbox 2137 4143 3718 4217; baseline 0.003 -22"><span class='ocrx_word' id='word_1_626' title='bbox 2137 4144 2359 4213; x_wconf 85' lang='grc' dir='ltr'>ποιῆσαι</span> <span class='ocrx_word' id='word_1_627' title='bbox 2407 4143 2496 4197; x_wconf 82' lang='grc' dir='ltr'><strong>τὸν</strong></span> <span class='ocrx_word' id='word_1_628' title='bbox 2538 4144 2743 4197; x_wconf 86' lang='grc' dir='ltr'>δίκαιον</span> <span class='ocrx_word' id='word_1_629' title='bbox 2790 4144 3124 4214; x_wconf 80' lang='grc' dir='ltr'>φθέγξασθαί</span> <span class='ocrx_word' id='word_1_630' title='bbox 3162 4164 3214 4199; x_wconf 90' lang='grc' dir='ltr'><strong>τι</strong></span> <span class='ocrx_word' id='word_1_631' title='bbox 3255 4147 3394 4199; x_wconf 84' lang='grc' dir='ltr'><strong>κατά</strong></span> <span class='ocrx_word' id='word_1_632' title='bbox 3436 4145 3534 4216; x_wconf 81' lang='grc' dir='ltr'>τῆς</span> <span class='ocrx_word' id='word_1_633' title='bbox 3577 4147 3718 4217; x_wconf 81' lang='grc' dir='ltr'>Προ-</span> 
     </span>
    </p>
   </div>
   <div class='ocr_carea' id='block_1_87' title="bbox 2135 4236 3713 4308">
    <p class='ocr_par' dir='ltr' id='par_1_87' title="bbox 2135 4236 3713 4308">
     <span class='ocr_line' id='line_1_87' title="bbox 2135 4236 3713 4308; baseline 0.002 -19"><span class='ocrx_word' id='word_1_634' title='bbox 2135 4236 2319 4300; x_wconf 71' lang='grc' dir='ltr'>νοίας*</span> <span class='ocrx_word' id='word_1_635' title='bbox 2371 4237 2634 4308; x_wconf 82' lang='grc' dir='ltr'>ἀσεϐῆσαι</span> <span class='ocrx_word' id='word_1_636' title='bbox 2675 4237 2762 4290; x_wconf 85' lang='grc' dir='ltr'>διὰ</span> <span class='ocrx_word' id='word_1_637' title='bbox 2814 4239 2942 4301; x_wconf 78' lang='grc' dir='ltr'>τοὺς</span> <span class='ocrx_word' id='word_1_638' title='bbox 3000 4238 3226 4301; x_wconf 81' lang='grc' dir='ltr'>πόνους-</span> <span class='ocrx_word' id='word_1_639' title='bbox 3276 4239 3584 4307; x_wconf 82' lang='grc' dir='ltr'>ἐκκακῆσαι</span> <span class='ocrx_word' id='word_1_640' title='bbox 3627 4239 3713 4293; x_wconf 68' lang='grc' dir='ltr'>διὸ*</span> 
     </span>
    </p>
   </div>
   <div class='ocr_carea' id='block_1_88' title="bbox 2133 4325 3715 4402">
    <p class='ocr_par' dir='ltr' id='par_1_88' title="bbox 2133 4325 3715 4402">
     <span class='ocr_line' id='line_1_88' title="bbox 2133 4325 3715 4402; baseline 0.003 -23"><span class='ocrx_word' id='word_1_641' title='bbox 2133 4326 2232 4389; x_wconf 82' lang='grc' dir='ltr'><strong>τάς</strong></span> <span class='ocrx_word' id='word_1_642' title='bbox 2260 4327 2583 4398; x_wconf 73' lang='grc' dir='ltr'>ἀλγηδόνας·</span> <span class='ocrx_word' id='word_1_643' title='bbox 2614 4329 2729 4382; x_wconf 78' lang='grc' dir='ltr'>ἀλλ’</span> <span class='ocrx_word' id='word_1_644' title='bbox 2767 4331 2796 4382; x_wconf 88' lang='lat'><strong>6</strong></span> <span class='ocrx_word' id='word_1_645' title='bbox 2828 4329 3052 4402; x_wconf 73' lang='grc' dir='ltr'>στερρὸς</span> <span class='ocrx_word' id='word_1_646' title='bbox 3076 4330 3292 4400; x_wconf 83' lang='grc' dir='ltr'>ἀδάμας</span> <span class='ocrx_word' id='word_1_647' title='bbox 3324 4325 3497 4395; x_wconf 71' lang='grc' dir='ltr'>οὗτος,</span> <span class='ocrx_word' id='word_1_648' title='bbox 3533 4332 3634 4402; x_wconf 83' lang='grc' dir='ltr'>ὅρα</span> <span class='ocrx_word' id='word_1_649' title='bbox 3659 4331 3715 4383; x_wconf 81' lang='grc' dir='ltr'><strong>τι</strong></span> 
     </span>
    </p>
   </div>
   <div class='ocr_carea' id='block_1_89' title="bbox 2133 4418 3716 4492">
    <p class='ocr_par' dir='ltr' id='par_1_89' title="bbox 2133 4418 3716 4492">
     <span class='ocr_line' id='line_1_89' title="bbox 2133 4418 3716 4492; baseline 0 -21"><span class='ocrx_word' id='word_1_650' title='bbox 2133 4418 2283 4486; x_wconf 85' lang='grc' dir='ltr'>λέγει</span> <span class='ocrx_word' id='word_1_651' title='bbox 2333 4419 2477 4487; x_wconf 79' lang='grc' dir='ltr'>μετὰ·</span> <span class='ocrx_word' id='word_1_652' title='bbox 2512 4421 2637 4483; x_wconf 72' lang='grc' dir='ltr'>τοὺς</span> <span class='ocrx_word' id='word_1_653' title='bbox 2683 4419 2874 4488; x_wconf 85' lang='grc' dir='ltr'>λόγους</span> <span class='ocrx_word' id='word_1_654' title='bbox 2915 4419 3023 4473; x_wconf 85' lang='grc' dir='ltr'><strong>τῶν</strong></span> <span class='ocrx_word' id='word_1_655' title='bbox 3060 4419 3260 4492; x_wconf 86' lang='grc' dir='ltr'>τριῶν,</span> <span class='ocrx_word' id='word_1_656' title='bbox 3298 4422 3386 4474; x_wconf 80' lang='grc' dir='ltr'>ὅτε</span> <span class='ocrx_word' id='word_1_657' title='bbox 3435 4421 3649 4474; x_wconf 85' lang='grc' dir='ltr'>ἐτέλεσε</span> <span class='ocrx_word' id='word_1_658' title='bbox 3684 4422 3716 4472; x_wconf 91' lang='lat'><strong>6</strong></span> 
     </span>
    </p>
   </div>
   <div class='ocr_carea' id='block_1_90' title="bbox 447 4497 2043 4584">
    <p class='ocr_par' dir='ltr' id='par_1_90' title="bbox 447 4497 2025 4572">
     <span class='ocr_line' id='line_1_90' title="bbox 447 4497 2025 4572; baseline -0.003 -14"><span class='ocrx_word' id='word_1_659' title='bbox 447 4502 760 4572; x_wconf 79' lang='lat' dir='ltr'><strong>sponderet,</strong></span> <span class='ocrx_word' id='word_1_660' title='bbox 807 4500 969 4555; x_wconf 79' lang='lat' dir='ltr'><strong>enixe</strong></span> <span class='ocrx_word' id='word_1_661' title='bbox 1013 4497 1418 4552; x_wconf 88' lang='lat' dir='ltr'><strong>contendebat:</strong></span> <span class='ocrx_word' id='word_1_662' title='bbox 1467 4497 1657 4550; x_wconf 78' lang='lat' dir='ltr'><strong>veriim</strong></span> <span class='ocrx_word' id='word_1_663' title='bbox 1684 4507 1801 4565; x_wconf 89' lang='lat' dir='ltr'><strong>post</strong></span> <span class='ocrx_word' id='word_1_664' title='bbox 1831 4498 2025 4553; x_wconf 93' lang='lat' dir='ltr'><strong>horum</strong></span> 
     </span>
    </p>
   </div>
   <div class='ocr_carea' id='block_1_91' title="bbox 2147 4497 3717 4584">
    <p class='ocr_par' dir='ltr' id='par_1_91' title="bbox 2147 4509 3717 4584">
     <span class='ocr_line' id='line_1_91' title="bbox 2147 4509 3717 4584; baseline 0.004 -24"><span class='ocrx_word' id='word_1_665' title='bbox 2147 4509 2372 4578; x_wconf 78' lang='grc' dir='ltr'>Ἔλιφάζ</span> <span class='ocrx_word' id='word_1_666' title='bbox 2402 4513 2551 4581; x_wconf 84' lang='grc' dir='ltr'>τρεῖς</span> <span class='ocrx_word' id='word_1_667' title='bbox 2599 4511 2865 4576; x_wconf 79' lang='grc' dir='ltr'>διαλέξεις</span> <span class='ocrx_word' id='word_1_668' title='bbox 2890 4551 2903 4575; x_wconf 93' lang='grc'><strong>,</strong></span> <span class='ocrx_word' id='word_1_669' title='bbox 2939 4514 2967 4565; x_wconf 94' lang='lat'><strong>6</strong></span> <span class='ocrx_word' id='word_1_670' title='bbox 3006 4511 3212 4566; x_wconf 82' lang='grc' dir='ltr'>Βαλδάδ</span> <span class='ocrx_word' id='word_1_671' title='bbox 3237 4515 3386 4584; x_wconf 86' lang='grc' dir='ltr'>τρεῖς</span> <span class='ocrx_word' id='word_1_672' title='bbox 3410 4554 3425 4579; x_wconf 92' lang='grc'><strong>,</strong></span> <span class='ocrx_word' id='word_1_673' title='bbox 3455 4513 3484 4564; x_wconf 93' lang='lat'><strong>6</strong></span> <span class='ocrx_word' id='word_1_674' title='bbox 3529 4510 3717 4579; x_wconf 75' lang='grc' dir='ltr'>Σοφάρ</span> 
     </span>
    </p>
   </div>
   <div class='ocr_carea' id='block_1_92' title="bbox 451 4586 2024 4660">
    <p class='ocr_par' dir='ltr' id='par_1_92' title="bbox 451 4586 2024 4660">
     <span class='ocr_line' id='line_1_92' title="bbox 451 4586 2024 4660; baseline -0.001 -15"><span class='ocrx_word' id='word_1_675' title='bbox 451 4592 610 4645; x_wconf 79' lang='lat' dir='ltr'><strong>trium</strong></span> <span class='ocrx_word' id='word_1_676' title='bbox 651 4604 957 4656; x_wconf 84' lang='lat' dir='ltr'><strong>sermones,</strong></span> <span class='ocrx_word' id='word_1_677' title='bbox 1001 4597 1286 4660; x_wconf 87' lang='lat' dir='ltr'><strong>postquam</strong></span> <span class='ocrx_word' id='word_1_678' title='bbox 1335 4586 1627 4656; x_wconf 87' lang='lat' dir='ltr'><strong>Elipbazus</strong></span> <span class='ocrx_word' id='word_1_679' title='bbox 1667 4598 1779 4644; x_wconf 89' lang='lat' dir='ltr'><strong>tres</strong></span> <span class='ocrx_word' id='word_1_680' title='bbox 1822 4589 2024 4644; x_wconf 83' lang='lat' dir='ltr'><strong>disser-</strong></span> 
     </span>
    </p>
   </div>
   <div class='ocr_carea' id='block_1_93' title="bbox 450 4680 2023 4750">
    <p class='ocr_par' dir='ltr' id='par_1_93' title="bbox 450 4680 2023 4750">
     <span class='ocr_line' id='line_1_93' title="bbox 450 4680 2023 4750; baseline -0.001 -11"><span class='ocrx_word' id='word_1_681' title='bbox 450 4688 703 4750; x_wconf 87' lang='lat' dir='ltr'><strong>tationes,</strong></span> <span class='ocrx_word' id='word_1_682' title='bbox 734 4684 1008 4739; x_wconf 82' lang='lat' dir='ltr'><strong>Baldadus</strong></span> <span class='ocrx_word' id='word_1_683' title='bbox 1040 4692 1173 4746; x_wconf 90' lang='lat' dir='ltr'><strong>tres,</strong></span> <span class='ocrx_word' id='word_1_684' title='bbox 1231 4691 1282 4735; x_wconf 91' lang='lat' dir='ltr'><strong>et</strong></span> <span class='ocrx_word' id='word_1_685' title='bbox 1333 4680 1614 4749; x_wconf 85' lang='lat' dir='ltr'><strong>Sopharus</strong></span> <span class='ocrx_word' id='word_1_686' title='bbox 1661 4681 1797 4736; x_wconf 82' lang='lat' dir='ltr'><strong>duas</strong></span> <span class='ocrx_word' id='word_1_687' title='bbox 1841 4683 2023 4738; x_wconf 79' lang='lat' dir='ltr'><strong>absol-</strong></span> 
     </span>
    </p>
   </div>
   <div class='ocr_carea' id='block_1_94' title="bbox 448 4774 1745 4861">
    <p class='ocr_par' dir='ltr' id='par_1_94' title="bbox 448 4774 1745 4861">
     <span class='ocr_line' id='line_1_94' title="bbox 448 4774 1745 4861; baseline 0.001 -33"><span class='ocrx_word' id='word_1_688' title='bbox 448 4778 637 4842; x_wconf 85' lang='lat' dir='ltr'><strong>visset,</strong></span> <span class='ocrx_word' id='word_1_689' title='bbox 664 4778 788 4831; x_wconf 88' lang='lat' dir='ltr'><strong>vide</strong></span> <span class='ocrx_word' id='word_1_690' title='bbox 812 4778 942 4848; x_wconf 83' lang='lat' dir='ltr'><strong>quid</strong></span> <span class='ocrx_word' id='word_1_691' title='bbox 973 4775 1162 4830; x_wconf 77' lang='lat' dir='ltr'><strong>ﬁrmus</strong></span> <span class='ocrx_word' id='word_1_692' title='bbox 1182 4775 1280 4861; x_wconf 70' lang='lat' dir='ltr'><strong>hic</strong></span> <span class='ocrx_word' id='word_1_693' title='bbox 1316 4774 1542 4828; x_wconf 83' lang='lat' dir='ltr'><strong>adamas</strong></span> <span class='ocrx_word' id='word_1_694' title='bbox 1580 4775 1745 4830; x_wconf 86' lang='lat' dir='ltr'><strong>dicat.</strong></span> 
     </span>
    </p>
   </div>
   <div class='ocr_carea' id='block_1_95' title="bbox 517 4864 2026 4925">
    <p class='ocr_par' dir='ltr' id='par_1_95' title="bbox 517 4864 2026 4925">
     <span class='ocr_line' id='line_1_95' title="bbox 517 4864 2026 4925; baseline -0.003 -1"><span class='ocrx_word' id='word_1_695' title='bbox 517 4866 680 4925; x_wconf 71' lang='lat' dir='ltr'><strong>Vsus.</strong></span> <span class='ocrx_word' id='word_1_696' title='bbox 722 4867 774 4922; x_wconf 83' lang='lat'>6.</span> <span class='ocrx_word' id='word_1_697' title='bbox 819 4865 932 4922; x_wconf 84' lang='lat' dir='ltr'><strong>Nec</strong></span> <span class='ocrx_word' id='word_1_698' title='bbox 954 4866 1089 4921; x_wconf 83' lang='lat' dir='ltr'><strong>enim</strong></span> <span class='ocrx_word' id='word_1_699' title='bbox 1122 4864 1361 4918; x_wconf 80' lang='lat' dir='ltr'><strong>conscius</strong></span> <span class='ocrx_word' id='word_1_700' title='bbox 1389 4879 1506 4916; x_wconf 76' lang='lat' dir='ltr'><strong>sum</strong></span> <span class='ocrx_word' id='word_1_701' title='bbox 1540 4865 1668 4917; x_wconf 83' lang='lat' dir='ltr'><strong>mihi</strong></span> <span class='ocrx_word' id='word_1_702' title='bbox 1701 4867 2026 4920; x_wconf 77' lang='lat' dir='ltr'><strong>commisisse</strong></span> 
     </span>
    </p>
   </div>
   <div class='ocr_carea' id='block_1_96' title="bbox 445 4945 2025 5026">
    <p class='ocr_par' dir='ltr' id='par_1_96' title="bbox 445 4945 2025 5026">
     <span class='ocr_line' id='line_1_96' title="bbox 445 4945 2025 5026; baseline -0.001 -10"><span class='ocrx_word' id='word_1_703' title='bbox 445 4961 702 5018; x_wconf 76' lang='lat' dir='ltr'><strong>absurda.</strong></span> <span class='ocrx_word' id='word_1_704' title='bbox 728 4945 861 5014; x_wconf 45' lang='lat' dir='ltr'><strong>&#39;ﬂoc</strong></span> <span class='ocrx_word' id='word_1_705' title='bbox 894 4959 1056 5014; x_wconf 88' lang='lat' dir='ltr'><strong>etiam</strong></span> <span class='ocrx_word' id='word_1_706' title='bbox 1097 4957 1304 5012; x_wconf 81' lang='lat' dir='ltr'><strong>Paulus</strong></span> <span class='ocrx_word' id='word_1_707' title='bbox 1336 4965 1525 5026; x_wconf 88' lang='lat' dir='ltr'><strong>postea</strong></span> <span class='ocrx_word' id='word_1_708' title='bbox 1563 4958 1775 5014; x_wconf 90' lang='lat' dir='ltr'><strong>locutus</strong></span> <span class='ocrx_word' id='word_1_709' title='bbox 1812 4970 1926 5024; x_wconf 90' lang='lat' dir='ltr'><strong>est,</strong></span> <span class='ocrx_word' id='word_1_710' title='bbox 1971 4972 2025 5015; x_wconf 91' lang='lat' dir='ltr'><strong>et</strong></span> 
     </span>
    </p>
   </div>
   <div class='ocr_carea' id='block_1_97' title="bbox 443 5047 2018 5116">
    <p class='ocr_par' dir='ltr' id='par_1_97' title="bbox 443 5047 2018 5116">
     <span class='ocr_line' id='line_1_97' title="bbox 443 5047 2018 5116; baseline -0.003 -12"><span class='ocrx_word' id='word_1_711' title='bbox 443 5049 650 5104; x_wconf 83' lang='lat' dir='ltr'><strong>addidit</strong></span> <span class='ocrx_word' id='word_1_712' title='bbox 693 5050 735 5081; x_wconf 80' lang='grc'>¹¹</span> <span class='ocrx_word' id='word_1_713' title='bbox 785 5065 798 5103; x_wconf 89' lang='lat'><strong>:</strong></span> <span class='ocrx_word' id='word_1_714' title='bbox 840 5065 861 5099; x_wconf 87' lang='grc'><em>‹</em></span> <span class='ocrx_word' id='word_1_715' title='bbox 888 5047 993 5102; x_wconf 89' lang='lat' dir='ltr'><strong>Sed</strong></span> <span class='ocrx_word' id='word_1_716' title='bbox 1037 5062 1143 5102; x_wconf 89' lang='lat' dir='ltr'><strong>non</strong></span> <span class='ocrx_word' id='word_1_717' title='bbox 1183 5063 1278 5116; x_wconf 89' lang='lat' dir='ltr'><strong>per</strong></span> <span class='ocrx_word' id='word_1_718' title='bbox 1309 5047 1410 5101; x_wconf 89' lang='lat' dir='ltr'><strong>hoc</strong></span> <span class='ocrx_word' id='word_1_719' title='bbox 1445 5047 1778 5116; x_wconf 80' lang='lat' dir='ltr'><strong>justiticatus</strong></span> <span class='ocrx_word' id='word_1_720' title='bbox 1817 5065 1960 5105; x_wconf 88' lang='lat' dir='ltr'><strong>sum.</strong></span> <span class='ocrx_word' id='word_1_721' title='bbox 1999 5069 2018 5100; x_wconf 70' lang='grc' dir='ltr'><strong>ι</strong></span> 
     </span>
    </p>
   </div>
   <div class='ocr_carea' id='block_1_98' title="bbox 451 5137 2023 5210">
    <p class='ocr_par' dir='ltr' id='par_1_98' title="bbox 451 5137 2023 5210">
     <span class='ocr_line' id='line_1_98' title="bbox 451 5137 2023 5210; baseline 0.001 -17"><span class='ocrx_word' id='word_1_722' title='bbox 451 5140 643 5210; x_wconf 81' lang='lat' dir='ltr'><strong>Magna</strong></span> <span class='ocrx_word' id='word_1_723' title='bbox 672 5138 778 5193; x_wconf 79' lang='lat' dir='ltr'><strong>fuit</strong></span> <span class='ocrx_word' id='word_1_724' title='bbox 805 5138 906 5194; x_wconf 90' lang='lat' dir='ltr'><strong>viri</strong></span> <span class='ocrx_word' id='word_1_725' title='bbox 927 5138 1058 5208; x_wconf 88' lang='lat' dir='ltr'><strong>justi</strong></span> <span class='ocrx_word' id='word_1_726' title='bbox 1096 5137 1292 5192; x_wconf 82' lang='lat' dir='ltr'><strong>ﬁducia</strong></span> <span class='ocrx_word' id='word_1_727' title='bbox 1328 5146 1548 5207; x_wconf 87' lang='lat' dir='ltr'><strong>propter</strong></span> <span class='ocrx_word' id='word_1_728' title='bbox 1581 5140 1702 5194; x_wconf 69' lang='lat' dir='ltr'><strong>vita:</strong></span> <span class='ocrx_word' id='word_1_729' title='bbox 1728 5147 1860 5193; x_wconf 88' lang='lat' dir='ltr'><strong>ante</strong></span> <span class='ocrx_word' id='word_1_730' title='bbox 1888 5153 2023 5195; x_wconf 66' lang='lat' dir='ltr'><strong>actae</strong></span> 
     </span>
    </p>
   </div>
   <div class='ocr_carea' id='block_1_99' title="bbox 445 5230 2021 5301">
    <p class='ocr_par' dir='ltr' id='par_1_99' title="bbox 445 5230 2021 5301">
     <span class='ocr_line' id='line_1_99' title="bbox 445 5230 2021 5301; baseline -0.001 -14"><span class='ocrx_word' id='word_1_731' title='bbox 445 5234 837 5296; x_wconf 88' lang='lat' dir='ltr'><strong>innocentiam,</strong></span> <span class='ocrx_word' id='word_1_732' title='bbox 865 5241 919 5285; x_wconf 88' lang='lat' dir='ltr'><strong>et</strong></span> <span class='ocrx_word' id='word_1_733' title='bbox 944 5247 1006 5285; x_wconf 89' lang='lat' dir='ltr'><strong>ea</strong></span> <span class='ocrx_word' id='word_1_734' title='bbox 1041 5246 1162 5300; x_wconf 73' lang='lat' dir='ltr'><strong>qua:</strong></span> <span class='ocrx_word' id='word_1_735' title='bbox 1198 5230 1527 5285; x_wconf 86' lang='lat' dir='ltr'><strong>calamitatis</strong></span> <span class='ocrx_word' id='word_1_736' title='bbox 1561 5242 1804 5300; x_wconf 87' lang='lat' dir='ltr'><strong>tempore</strong></span> <span class='ocrx_word' id='word_1_737' title='bbox 1841 5247 2021 5301; x_wconf 75' lang='lat' dir='ltr'><strong>gesse-</strong></span> 
     </span>
    </p>
   </div>
   <div class='ocr_carea' id='block_1_100' title="bbox 443 5322 1875 5392">
    <p class='ocr_par' dir='ltr' id='par_1_100' title="bbox 443 5322 1875 5392">
     <span class='ocr_line' id='line_1_100' title="bbox 443 5322 1875 5392; baseline -0.004 -13"><span class='ocrx_word' id='word_1_738' title='bbox 443 5335 549 5392; x_wconf 87' lang='lat' dir='ltr'><strong>rat,</strong></span> <span class='ocrx_word' id='word_1_739' title='bbox 587 5326 659 5379; x_wconf 91' lang='lat' dir='ltr'><strong>ita</strong></span> <span class='ocrx_word' id='word_1_740' title='bbox 695 5335 752 5380; x_wconf 92' lang='lat' dir='ltr'><strong>ut</strong></span> <span class='ocrx_word' id='word_1_741' title='bbox 780 5325 999 5387; x_wconf 82' lang='lat' dir='ltr'><strong>dixerit,</strong></span> <span class='ocrx_word' id='word_1_742' title='bbox 1031 5322 1242 5377; x_wconf 86' lang='lat' dir='ltr'><strong>Nullius</strong></span> <span class='ocrx_word' id='word_1_743' title='bbox 1275 5323 1407 5376; x_wconf 88' lang='lat' dir='ltr'><strong>mihi</strong></span> <span class='ocrx_word' id='word_1_744' title='bbox 1443 5323 1700 5377; x_wconf 86' lang='lat' dir='ltr'><strong>conscius</strong></span> <span class='ocrx_word' id='word_1_745' title='bbox 1734 5338 1875 5377; x_wconf 88' lang='lat' dir='ltr'><strong>sum.</strong></span> 
     </span>
    </p>
   </div>
   <div class='ocr_carea' id='block_1_101' title="bbox 1042 5413 1421 5470">
    <p class='ocr_par' dir='ltr' id='par_1_101' title="bbox 1042 5413 1421 5470">
     <span class='ocr_line' id='line_1_101' title="bbox 1042 5413 1421 5470; baseline -0.011 0"><span class='ocrx_word' id='word_1_746' title='bbox 1042 5415 1192 5470; x_wconf 81' lang='lat' dir='ltr'><strong>CAP.</strong></span> <span class='ocrx_word' id='word_1_747' title='bbox 1231 5413 1421 5468; x_wconf 86' lang='lat' dir='ltr'><strong>XXIX.</strong></span> 
     </span>
    </p>
   </div>
   <div class='ocr_carea' id='block_1_102' title="bbox 513 5504 2019 5576">
    <p class='ocr_par' dir='ltr' id='par_1_102' title="bbox 513 5504 2019 5576">
     <span class='ocr_line' id='line_1_102' title="bbox 513 5504 2019 5576; baseline 0.001 -16"><span class='ocrx_word' id='word_1_748' title='bbox 513 5506 678 5563; x_wconf 70' lang='lat' dir='ltr'><strong>Vsus.</strong></span> <span class='ocrx_word' id='word_1_749' title='bbox 719 5508 772 5565; x_wconf 88' lang='lat'><strong>9.</strong></span> <span class='ocrx_word' id='word_1_750' title='bbox 816 5507 881 5560; x_wconf 82' lang='lat' dir='ltr'><strong>Et</strong></span> <span class='ocrx_word' id='word_1_751' title='bbox 907 5516 1138 5576; x_wconf 81' lang='lat' dir='ltr'><strong>potentes</strong></span> <span class='ocrx_word' id='word_1_752' title='bbox 1163 5513 1493 5557; x_wconf 73' lang='lat' dir='ltr'><strong>cessaverunt</strong></span> <span class='ocrx_word' id='word_1_753' title='bbox 1522 5504 1686 5575; x_wconf 73' lang='lat' dir='ltr'><strong>loqui.</strong></span> <span class='ocrx_word' id='word_1_754' title='bbox 1715 5505 1807 5560; x_wconf 83' lang='lat' dir='ltr'><strong>Vel</strong></span> <span class='ocrx_word' id='word_1_755' title='bbox 1826 5521 2019 5562; x_wconf 86' lang='lat' dir='ltr'><strong>secun-</strong></span> 
     </span>
    </p>
   </div>
   <div class='ocr_carea' id='block_1_103' title="bbox 444 5595 2016 5669">
    <p class='ocr_par' dir='ltr' id='par_1_103' title="bbox 444 5595 2016 5669">
     <span class='ocr_line' id='line_1_103' title="bbox 444 5595 2016 5669; baseline 0.004 -20"><span class='ocrx_word' id='word_1_756' title='bbox 444 5597 571 5652; x_wconf 88' lang='lat' dir='ltr'><strong>dutn</strong></span> <span class='ocrx_word' id='word_1_757' title='bbox 620 5600 846 5652; x_wconf 86' lang='lat' dir='ltr'><strong>aliorum</strong></span> <span class='ocrx_word' id='word_1_758' title='bbox 900 5595 1436 5668; x_wconf 88' lang='lat' dir='ltr'><strong>interpretationem,</strong></span> <span class='ocrx_word' id='word_1_759' title='bbox 1496 5613 1514 5646; x_wconf 83' lang='lat' dir='ltr'><strong>t</strong></span> <span class='ocrx_word' id='word_1_760' title='bbox 1546 5597 1839 5669; x_wconf 78' lang='lat' dir='ltr'><strong>principes.</strong></span> <span class='ocrx_word' id='word_1_761' title='bbox 1873 5618 1892 5654; x_wconf 75' lang='grc' dir='ltr'><strong>ι</strong></span> <span class='ocrx_word' id='word_1_762' title='bbox 1951 5598 2016 5655; x_wconf 81' lang='lat' dir='ltr'><strong>Ili</strong></span> 
     </span>
    </p>
   </div>
   <div class='ocr_carea' id='block_1_104' title="bbox 515 5776 1516 5844">
    <p class='ocr_par' dir='ltr' id='par_1_104' title="bbox 515 5776 1516 5844">
     <span class='ocr_line' id='line_1_104' title="bbox 515 5776 1516 5844; baseline 0.002 -13"><span class='ocrx_word' id='word_1_763' title='bbox 515 5778 556 5816; x_wconf 81' lang='grc'><strong>⁸¹</strong></span> <span class='ocrx_word' id='word_1_764' title='bbox 589 5776 727 5832; x_wconf 86' lang='lat' dir='ltr'><strong>Phil.</strong></span> <span class='ocrx_word' id='word_1_765' title='bbox 759 5797 820 5844; x_wconf 88' lang='lat' dir='ltr'><strong>tt,</strong></span> <span class='ocrx_word' id='word_1_766' title='bbox 857 5782 944 5834; x_wconf 79' lang='grc'><strong>15.</strong></span> <span class='ocrx_word' id='word_1_767' title='bbox 1028 5783 1068 5811; x_wconf 84' lang='grc'>¹¹</span> <span class='ocrx_word' id='word_1_768' title='bbox 1107 5782 1122 5833; x_wconf 95' lang='lat' dir='ltr'><strong>l</strong></span> <span class='ocrx_word' id='word_1_769' title='bbox 1158 5781 1283 5835; x_wconf 88' lang='lat' dir='ltr'><strong>Cor.</strong></span> <span class='ocrx_word' id='word_1_770' title='bbox 1335 5795 1408 5843; x_wconf 87' lang='lat' dir='ltr'><strong>tv,</strong></span> <span class='ocrx_word' id='word_1_771' title='bbox 1463 5780 1516 5833; x_wconf 70' lang='grc'>4.</span> 
     </span>
    </p>
   </div>
   <div class='ocr_carea' id='block_1_105' title="bbox 2133 4595 2246 4651">
    <p class='ocr_par' dir='ltr' id='par_1_105' title="bbox 2133 4595 2246 4651">
     <span class='ocr_line' id='line_1_105' title="bbox 2133 4595 2246 4651; baseline 0 0"><span class='ocrx_word' id='word_1_772' title='bbox 2133 4595 2246 4651; x_wconf 83' lang='grc' dir='ltr'>δύο.</span> 
     </span>
    </p>
   </div>
   <div class='ocr_carea' id='block_1_106' title="bbox 2208 4874 3712 4948">
    <p class='ocr_par' dir='ltr' id='par_1_106' title="bbox 2208 4874 3712 4948">
     <span class='ocr_line' id='line_1_106' title="bbox 2208 4874 3712 4948; baseline -0.001 -16"><span class='ocrx_word' id='word_1_773' title='bbox 2208 4879 2290 4932; x_wconf 83' lang='grc' dir='ltr'><strong>Οὐ</strong></span> <span class='ocrx_word' id='word_1_774' title='bbox 2316 4879 2426 4948; x_wconf 77' lang='grc' dir='ltr'>γὰρ</span> <span class='ocrx_word' id='word_1_775' title='bbox 2473 4875 2726 4930; x_wconf 73' lang='grc' dir='ltr'>σύνοιδα</span> <span class='ocrx_word' id='word_1_776' title='bbox 2759 4874 2993 4943; x_wconf 82' lang='grc' dir='ltr'>ἐμαυτῷ</span> <span class='ocrx_word' id='word_1_777' title='bbox 3030 4875 3220 4929; x_wconf 76' lang='grc' dir='ltr'>ἄτοπα</span> <span class='ocrx_word' id='word_1_778' title='bbox 3259 4876 3507 4945; x_wconf 77' lang='grc' dir='ltr'>πράξας.</span> <span class='ocrx_word' id='word_1_779' title='bbox 3540 4875 3712 4931; x_wconf 83' lang='grc' dir='ltr'>Τοῦτο</span> 
     </span>
    </p>
   </div>
   <div class='ocr_carea' id='block_1_107' title="bbox 2134 4966 3706 5042">
    <p class='ocr_par' dir='ltr' id='par_1_107' title="bbox 2134 4966 3706 5042">
     <span class='ocr_line' id='line_1_107' title="bbox 2134 4966 3706 5042; baseline -0.002 -19"><span class='ocrx_word' id='word_1_780' title='bbox 2134 4970 2228 5023; x_wconf 80' lang='grc' dir='ltr'><strong>καὶ</strong></span> <span class='ocrx_word' id='word_1_781' title='bbox 2272 4968 2481 5032; x_wconf 78' lang='grc' dir='ltr'>Παῦλος</span> <span class='ocrx_word' id='word_1_782' title='bbox 2524 4968 2749 5034; x_wconf 79' lang='grc' dir='ltr'>ὕστερον</span> <span class='ocrx_word' id='word_1_783' title='bbox 2794 4966 3132 5035; x_wconf 77' lang='grc' dir='ltr'>ἐφθέγξατο,</span> <span class='ocrx_word' id='word_1_784' title='bbox 3187 4970 3282 5021; x_wconf 74' lang='grc' dir='ltr'><strong>καὶ</strong></span> <span class='ocrx_word' id='word_1_785' title='bbox 3329 4969 3663 5042; x_wconf 83' lang='grc' dir='ltr'>προσέθηκεν</span> <span class='ocrx_word' id='word_1_786' title='bbox 3690 4985 3706 5001; x_wconf 77' lang='grc'><em>’</em></span> 
     </span>
    </p>
   </div>
   <div class='ocr_carea' id='block_1_108' title="bbox 2131 5058 3706 5132">
    <p class='ocr_par' dir='ltr' id='par_1_108' title="bbox 2131 5058 3706 5132">
     <span class='ocr_line' id='line_1_108' title="bbox 2131 5058 3706 5132; baseline 0 -20"><span class='ocrx_word' id='word_1_787' title='bbox 2131 5079 2149 5112; x_wconf 74' lang='grc' dir='ltr'><strong>ι</strong></span> <span class='ocrx_word' id='word_1_788' title='bbox 2197 5060 2336 5114; x_wconf 83' lang='grc' dir='ltr'>Ἀλλ’</span> <span class='ocrx_word' id='word_1_789' title='bbox 2369 5061 2468 5112; x_wconf 80' lang='grc' dir='ltr'><strong>οὐκ</strong></span> <span class='ocrx_word' id='word_1_790' title='bbox 2509 5061 2568 5111; x_wconf 86' lang='grc' dir='ltr'><strong>ὲν</strong></span> <span class='ocrx_word' id='word_1_791' title='bbox 2614 5058 2786 5128; x_wconf 83' lang='grc' dir='ltr'>τούτῳ</span> <span class='ocrx_word' id='word_1_792' title='bbox 2815 5058 3184 5129; x_wconf 80' lang='grc' dir='ltr'>δεδικαίωμαι.</span> <span class='ocrx_word' id='word_1_793' title='bbox 3226 5079 3242 5110; x_wconf 75' lang='grc' dir='ltr'><strong>ι</strong></span> <span class='ocrx_word' id='word_1_794' title='bbox 3274 5059 3450 5130; x_wconf 78' lang='grc' dir='ltr'>Πολλὴ</span> <span class='ocrx_word' id='word_1_795' title='bbox 3491 5062 3523 5132; x_wconf 84' lang='grc' dir='ltr'>ή</span> <span class='ocrx_word' id='word_1_796' title='bbox 3565 5062 3706 5130; x_wconf 81' lang='grc' dir='ltr'>παῤ-</span> 
     </span>
    </p>
   </div>
   <div class='ocr_carea' id='block_1_109' title="bbox 2127 5149 3708 5222">
    <p class='ocr_par' dir='ltr' id='par_1_109' title="bbox 2127 5149 3708 5222">
     <span class='ocr_line' id='line_1_109' title="bbox 2127 5149 3708 5222; baseline 0.001 -19"><span class='ocrx_word' id='word_1_797' title='bbox 2127 5151 2291 5221; x_wconf 80' lang='grc' dir='ltr'>ρησία</span> <span class='ocrx_word' id='word_1_798' title='bbox 2318 5149 2412 5203; x_wconf 81' lang='grc' dir='ltr'>τοῦ</span> <span class='ocrx_word' id='word_1_799' title='bbox 2441 5151 2650 5204; x_wconf 81' lang='grc' dir='ltr'>δικαίου</span> <span class='ocrx_word' id='word_1_800' title='bbox 2685 5151 2779 5204; x_wconf 69' lang='grc' dir='ltr'><strong>καὶ</strong></span> <span class='ocrx_word' id='word_1_801' title='bbox 2809 5151 2901 5203; x_wconf 70' lang='grc' dir='ltr'>ἐπὶ</span> <span class='ocrx_word' id='word_1_802' title='bbox 2931 5149 3008 5220; x_wconf 82' lang='grc' dir='ltr'>τῷ</span> <span class='ocrx_word' id='word_1_803' title='bbox 3038 5151 3289 5222; x_wconf 81' lang='grc' dir='ltr'>προτέρῳ</span> <span class='ocrx_word' id='word_1_804' title='bbox 3333 5151 3460 5221; x_wconf 80' lang='grc' dir='ltr'>βίῳ,</span> <span class='ocrx_word' id='word_1_805' title='bbox 3492 5153 3584 5205; x_wconf 70' lang='grc' dir='ltr'><strong>καὶ</strong></span> <span class='ocrx_word' id='word_1_806' title='bbox 3615 5153 3708 5207; x_wconf 73' lang='grc' dir='ltr'>ἐπὶ</span> 
     </span>
    </p>
   </div>
   <div class='ocr_carea' id='block_1_110' title="bbox 2122 5241 3707 5313">
    <p class='ocr_par' dir='ltr' id='par_1_110' title="bbox 2122 5241 3707 5313">
     <span class='ocr_line' id='line_1_110' title="bbox 2122 5241 3707 5313; baseline 0.003 -20"><span class='ocrx_word' id='word_1_807' title='bbox 2122 5244 2235 5304; x_wconf 88' lang='grc' dir='ltr'>τοῖς</span> <span class='ocrx_word' id='word_1_808' title='bbox 2266 5241 2406 5294; x_wconf 84' lang='grc' dir='ltr'>κατὰ</span> <span class='ocrx_word' id='word_1_809' title='bbox 2441 5243 2533 5294; x_wconf 87' lang='grc' dir='ltr'><strong>τὸν</strong></span> <span class='ocrx_word' id='word_1_810' title='bbox 2570 5241 2758 5310; x_wconf 84' lang='grc' dir='ltr'>καιρὸν</span> <span class='ocrx_word' id='word_1_811' title='bbox 2801 5243 2897 5313; x_wconf 81' lang='grc' dir='ltr'>τῆς</span> <span class='ocrx_word' id='word_1_812' title='bbox 2932 5244 3303 5312; x_wconf 87' lang='grc' dir='ltr'>περιστάσεως</span> <span class='ocrx_word' id='word_1_813' title='bbox 3325 5284 3339 5307; x_wconf 89' lang='grc'><strong>,</strong></span> <span class='ocrx_word' id='word_1_814' title='bbox 3371 5243 3511 5296; x_wconf 79' lang='grc' dir='ltr'>ὥστε</span> <span class='ocrx_word' id='word_1_815' title='bbox 3543 5243 3707 5299; x_wconf 80' lang='grc' dir='ltr'>αὑτὸν</span> 
     </span>
    </p>
   </div>
   <div class='ocr_carea' id='block_1_111' title="bbox 2123 5332 3045 5404">
    <p class='ocr_par' dir='ltr' id='par_1_111' title="bbox 2123 5332 3045 5404">
     <span class='ocr_line' id='line_1_111' title="bbox 2123 5332 3045 5404; baseline 0.003 -19"><span class='ocrx_word' id='word_1_816' title='bbox 2123 5334 2297 5386; x_wconf 72' lang='grc' dir='ltr'>εἰπεῖν</span> <span class='ocrx_word' id='word_1_817' title='bbox 2317 5350 2329 5362; x_wconf 92' lang='grc'><strong>·</strong></span> <span class='ocrx_word' id='word_1_818' title='bbox 2366 5333 2529 5386; x_wconf 78' lang='grc' dir='ltr'>Οὐδὲν</span> <span class='ocrx_word' id='word_1_819' title='bbox 2560 5332 2781 5404; x_wconf 82' lang='grc' dir='ltr'>ἐμαυτῷ</span> <span class='ocrx_word' id='word_1_820' title='bbox 2810 5333 3045 5388; x_wconf 77' lang='grc' dir='ltr'>σύνοιδα.</span> 
     </span>
    </p>
   </div>
   <div class='ocr_carea' id='block_1_112' title="bbox 2750 5426 3082 5479">
    <p class='ocr_par' dir='ltr' id='par_1_112' title="bbox 2750 5426 3082 5479">
     <span class='ocr_line' id='line_1_112' title="bbox 2750 5426 3082 5479; baseline 0.003 -2"><span class='ocrx_word' id='word_1_821' title='bbox 2750 5427 2919 5478; x_wconf 59' lang='grc' dir='ltr'><strong>ΚΕψκ</strong></span> <span class='ocrx_word' id='word_1_822' title='bbox 2955 5426 3082 5479; x_wconf 66' lang='grc' dir='ltr'>ΚΘθ.</span> 
     </span>
    </p>
   </div>
   <div class='ocr_carea' id='block_1_113' title="bbox 2211 5517 3705 5589">
    <p class='ocr_par' dir='ltr' id='par_1_113' title="bbox 2211 5517 3705 5589">
     <span class='ocr_line' id='line_1_113' title="bbox 2211 5517 3705 5589; baseline 0 -19"><span class='ocrx_word' id='word_1_823' title='bbox 2211 5517 2400 5586; x_wconf 78' lang='grc' dir='ltr'>Ἀδροὶ</span> <span class='ocrx_word' id='word_1_824' title='bbox 2441 5517 2508 5570; x_wconf 81' lang='grc' dir='ltr'>δὲ</span> <span class='ocrx_word' id='word_1_825' title='bbox 2543 5518 2888 5572; x_wconf 69' lang='grc' dir='ltr'>ἐπαύσαντο</span> <span class='ocrx_word' id='word_1_826' title='bbox 2934 5518 3288 5585; x_wconf 67' lang='grc' dir='ltr'>λαλοῦντες.</span> <span class='ocrx_word' id='word_1_827' title='bbox 3329 5519 3399 5571; x_wconf 86' lang='grc' dir='ltr'><em>Ἢ</em></span> <span class='ocrx_word' id='word_1_828' title='bbox 3437 5518 3577 5571; x_wconf 86' lang='grc' dir='ltr'><strong>κατά</strong></span> <span class='ocrx_word' id='word_1_829' title='bbox 3603 5518 3705 5589; x_wconf 77' lang='grc' dir='ltr'>τὴν</span> 
     </span>
    </p>
   </div>
   <div class='ocr_carea' id='block_1_114' title="bbox 2123 5602 3706 5682">
    <p class='ocr_par' dir='ltr' id='par_1_114' title="bbox 2123 5602 3706 5682">
     <span class='ocr_line' id='line_1_114' title="bbox 2123 5602 3706 5682; baseline 0.003 -21"><span class='ocrx_word' id='word_1_830' title='bbox 2123 5607 2232 5661; x_wconf 85' lang='grc' dir='ltr'><strong>τῶν</strong></span> <span class='ocrx_word' id='word_1_831' title='bbox 2260 5608 2459 5663; x_wconf 86' lang='grc' dir='ltr'>λοιπῶν</span> <span class='ocrx_word' id='word_1_832' title='bbox 2485 5610 2692 5664; x_wconf 79' lang='grc' dir='ltr'>ἔκδοσιν</span> <span class='ocrx_word' id='word_1_833' title='bbox 2757 5629 2775 5662; x_wconf 76' lang='grc' dir='ltr'><strong>ι</strong></span> <span class='ocrx_word' id='word_1_834' title='bbox 2817 5612 2865 5665; x_wconf 81' lang='grc' dir='ltr'>οἱ</span> <span class='ocrx_word' id='word_1_835' title='bbox 2895 5609 3172 5682; x_wconf 79' lang='grc' dir='ltr'>ἄρχοντες.</span> <span class='ocrx_word' id='word_1_836' title='bbox 3214 5630 3231 5663; x_wconf 71' lang='lat' dir='ltr'><strong>i</strong></span> <span class='ocrx_word' id='word_1_837' title='bbox 3263 5602 3420 5664; x_wconf 73' lang='grc' dir='ltr'>Οὗτοι</span> <span class='ocrx_word' id='word_1_838' title='bbox 3446 5626 3706 5682; x_wconf 82' lang='grc' dir='ltr'>παραχω-</span> 
     </span>
    </p>
   </div>
  </div>
