  <div class='ocr_page' id='page_1' title='image "/cluster/home/n/w/nwhite01/storage/ocr_20150623/12:no.2/coo.31924054873074/534.png"; bbox 0 0 4124 6400; ppageno 0'>
   <div class='ocr_carea' id='block_1_1' title="bbox 395 389 519 442">
    <p class='ocr_par' dir='ltr' id='par_1_1' title="bbox 395 389 519 442">
     <span class='ocr_line' id='line_1_1' title="bbox 395 389 519 442; baseline 0 0"><span class='ocrx_word' id='word_1_1' title='bbox 395 389 519 442; x_wconf 68' lang='grc' dir='ltr'>ιοιι</span> 
     </span>
    </p>
   </div>
   <div class='ocr_carea' id='block_1_2' title="bbox 1734 383 2312 442">
    <p class='ocr_par' dir='ltr' id='par_1_2' title="bbox 1734 383 2312 442">
     <span class='ocr_line' id='line_1_2' title="bbox 1734 383 2312 442; baseline -0.003 0"><span class='ocrx_word' id='word_1_2' title='bbox 1734 384 2042 442; x_wconf 68' lang='lat' dir='ltr'><strong>SELEUTA</strong></span> <span class='ocrx_word' id='word_1_3' title='bbox 2075 383 2141 439; x_wconf 83' lang='grc' dir='ltr'><strong>ΙΝ</strong></span> <span class='ocrx_word' id='word_1_4' title='bbox 2177 383 2312 440; x_wconf 78' lang='lat' dir='ltr'><strong>JOB.</strong></span> 
     </span>
    </p>
   </div>
   <div class='ocr_carea' id='block_1_3' title="bbox 3494 384 3631 441">
    <p class='ocr_par' dir='ltr' id='par_1_3' title="bbox 3494 384 3631 441">
     <span class='ocr_line' id='line_1_3' title="bbox 3494 384 3631 441; baseline 0 -3"><span class='ocrx_word' id='word_1_5' title='bbox 3494 386 3511 438; x_wconf 79' lang='lat' dir='ltr'><strong>l</strong></span> <span class='ocrx_word' id='word_1_6' title='bbox 3524 384 3631 441; x_wconf 61' lang='lat'><strong>012</strong></span> 
     </span>
    </p>
   </div>
   <div class='ocr_carea' id='block_1_4' title="bbox 395 495 1968 576">
    <p class='ocr_par' dir='ltr' id='par_1_4' title="bbox 395 503 1965 576">
     <span class='ocr_line' id='line_1_4' title="bbox 395 503 1965 576; baseline -0.002 -18"><span class='ocrx_word' id='word_1_7' title='bbox 395 507 610 574; x_wconf 83' lang='grc' dir='ltr'>ροῦντες</span> <span class='ocrx_word' id='word_1_8' title='bbox 646 507 720 574; x_wconf 74' lang='grc' dir='ltr'>τῷ</span> <span class='ocrx_word' id='word_1_9' title='bbox 752 505 941 576; x_wconf 69' lang='grc' dir='ltr'>δικαίῳ</span> <span class='ocrx_word' id='word_1_10' title='bbox 968 504 1060 558; x_wconf 74' lang='grc' dir='ltr'>τοῦ</span> <span class='ocrx_word' id='word_1_11' title='bbox 1089 505 1267 573; x_wconf 63' lang='grc' dir='ltr'>λόγου,</span> <span class='ocrx_word' id='word_1_12' title='bbox 1319 505 1469 557; x_wconf 71' lang='grc' dir='ltr'>αὑτοὶ</span> <span class='ocrx_word' id='word_1_13' title='bbox 1503 503 1665 556; x_wconf 73' lang='grc' dir='ltr'>αὑτοῦ</span> <span class='ocrx_word' id='word_1_14' title='bbox 1701 504 1965 575; x_wconf 73' lang='grc' dir='ltr'><strong>παρόντος</strong></span> 
     </span>
    </p>
   </div>
   <div class='ocr_carea' id='block_1_5' title="bbox 2072 495 3638 576">
    <p class='ocr_par' dir='ltr' id='par_1_5' title="bbox 2072 495 3638 572">
     <span class='ocr_line' id='line_1_5' title="bbox 2072 495 3638 572; baseline -0.007 -16"><span class='ocrx_word' id='word_1_15' title='bbox 2072 511 2403 572; x_wconf 84' lang='lat' dir='ltr'><strong>potestatem</strong></span> <span class='ocrx_word' id='word_1_16' title='bbox 2452 496 2706 568; x_wconf 83' lang='lat' dir='ltr'><strong>loquendi</strong></span> <span class='ocrx_word' id='word_1_17' title='bbox 2745 498 2894 563; x_wconf 90' lang='lat' dir='ltr'><strong>justo</strong></span> <span class='ocrx_word' id='word_1_18' title='bbox 2931 495 3326 558; x_wconf 77' lang='lat' dir='ltr'><strong>concedentes,</strong></span> <span class='ocrx_word' id='word_1_19' title='bbox 3375 502 3638 562; x_wconf 64' lang='lat' dir='ltr'><strong>praesente</strong></span> 
     </span>
    </p>
   </div>
   <div class='ocr_carea' id='block_1_6' title="bbox 392 599 610 667">
    <p class='ocr_par' dir='ltr' id='par_1_6' title="bbox 392 599 610 667">
     <span class='ocr_line' id='line_1_6' title="bbox 392 599 610 667; baseline 0 -15"><span class='ocrx_word' id='word_1_20' title='bbox 392 599 610 667; x_wconf 77' lang='grc' dir='ltr'>ισίγων.</span> 
     </span>
    </p>
   </div>
   <div class='ocr_carea' id='block_1_7' title="bbox 464 684 1960 754">
    <p class='ocr_par' dir='ltr' id='par_1_7' title="bbox 464 684 1960 754">
     <span class='ocr_line' id='line_1_7' title="bbox 464 684 1960 754; baseline -0.004 -14"><span class='ocrx_word' id='word_1_21' title='bbox 464 689 771 741; x_wconf 55' lang='grc' dir='ltr'>Δάκτυλίῖιν</span> <span class='ocrx_word' id='word_1_22' title='bbox 806 687 1107 752; x_wconf 67' lang='grc' dir='ltr'><strong>ἐκτιθέντες</strong></span> <span class='ocrx_word' id='word_1_23' title='bbox 1144 687 1237 738; x_wconf 70' lang='grc' dir='ltr'>ἐπὶ</span> <span class='ocrx_word' id='word_1_24' title='bbox 1276 685 1354 750; x_wconf 83' lang='grc' dir='ltr'>τῷ</span> <span class='ocrx_word' id='word_1_25' title='bbox 1381 688 1646 754; x_wconf 57' lang='grc' dir='ltr'>στίίμίιτι.</span> <span class='ocrx_word' id='word_1_26' title='bbox 1683 684 1830 749; x_wconf 78' lang='grc' dir='ltr'>Δόξει</span> <span class='ocrx_word' id='word_1_27' title='bbox 1865 684 1960 752; x_wconf 75' lang='grc' dir='ltr'><strong>μὲν</strong></span> 
     </span>
    </p>
   </div>
   <div class='ocr_carea' id='block_1_8' title="bbox 378 774 1961 850">
    <p class='ocr_par' dir='ltr' id='par_1_8' title="bbox 378 774 1961 850">
     <span class='ocr_line' id='line_1_8' title="bbox 378 774 1961 850; baseline -0.004 -18"><span class='ocrx_word' id='word_1_28' title='bbox 378 777 482 832; x_wconf 80' lang='grc' dir='ltr'>ὀὖν</span> <span class='ocrx_word' id='word_1_29' title='bbox 515 781 608 832; x_wconf 79' lang='grc' dir='ltr'><strong>καὶ</strong></span> <span class='ocrx_word' id='word_1_30' title='bbox 639 783 859 850; x_wconf 83' lang='grc' dir='ltr'>σημεῖον</span> <span class='ocrx_word' id='word_1_31' title='bbox 887 774 1025 831; x_wconf 79' lang='grc' dir='ltr'>εἶναι</span> <span class='ocrx_word' id='word_1_32' title='bbox 1058 779 1267 846; x_wconf 73' lang='grc' dir='ltr'>σιωπῆς</span> <span class='ocrx_word' id='word_1_33' title='bbox 1294 777 1374 841; x_wconf 75' lang='grc' dir='ltr'>τὸ,</span> <span class='ocrx_word' id='word_1_34' title='bbox 1415 777 1673 830; x_wconf 73' lang='grc' dir='ltr'>δάκτυλον</span> <span class='ocrx_word' id='word_1_35' title='bbox 1699 775 1961 827; x_wconf 76' lang='grc' dir='ltr'>ἐπιθεῖναι</span> 
     </span>
    </p>
   </div>
   <div class='ocr_carea' id='block_1_9' title="bbox 392 867 1962 941">
    <p class='ocr_par' dir='ltr' id='par_1_9' title="bbox 392 867 1962 941">
     <span class='ocr_line' id='line_1_9' title="bbox 392 867 1962 941; baseline -0.002 -20"><span class='ocrx_word' id='word_1_36' title='bbox 392 871 484 922; x_wconf 70' lang='grc' dir='ltr'><strong>ἐπὶ</strong></span> <span class='ocrx_word' id='word_1_37' title='bbox 521 870 596 940; x_wconf 81' lang='grc' dir='ltr'><strong>τῷ</strong></span> <span class='ocrx_word' id='word_1_38' title='bbox 629 871 888 941; x_wconf 86' lang='grc' dir='ltr'>στόματι·</span> <span class='ocrx_word' id='word_1_39' title='bbox 921 872 1062 939; x_wconf 87' lang='grc' dir='ltr'>τάχα</span> <span class='ocrx_word' id='word_1_40' title='bbox 1096 869 1151 921; x_wconf 80' lang='grc' dir='ltr'>δὲ</span> <span class='ocrx_word' id='word_1_41' title='bbox 1179 909 1190 930; x_wconf 86' lang='grc'><strong>,</strong></span> <span class='ocrx_word' id='word_1_42' title='bbox 1223 869 1344 920; x_wconf 76' lang='grc' dir='ltr'>ἐπεὶ</span> <span class='ocrx_word' id='word_1_43' title='bbox 1390 870 1422 938; x_wconf 88' lang='grc' dir='ltr'><strong>ή</strong></span> <span class='ocrx_word' id='word_1_44' title='bbox 1468 869 1588 938; x_wconf 77' lang='grc' dir='ltr'>χεὶρ</span> <span class='ocrx_word' id='word_1_45' title='bbox 1625 867 1742 921; x_wconf 75' lang='grc' dir='ltr'>ἀντὶ</span> <span class='ocrx_word' id='word_1_46' title='bbox 1787 867 1962 937; x_wconf 75' lang='grc' dir='ltr'>ἔργων</span> 
     </span>
    </p>
   </div>
   <div class='ocr_carea' id='block_1_10' title="bbox 391 955 1964 1031">
    <p class='ocr_par' dir='ltr' id='par_1_10' title="bbox 391 955 1964 1031">
     <span class='ocr_line' id='line_1_10' title="bbox 391 955 1964 1031; baseline -0.001 -20"><span class='ocrx_word' id='word_1_47' title='bbox 391 960 744 1030; x_wconf 76' lang='grc' dir='ltr'>λαμϐάνεται,</span> <span class='ocrx_word' id='word_1_48' title='bbox 773 960 941 1031; x_wconf 87' lang='grc' dir='ltr'>δηλοῖ,</span> <span class='ocrx_word' id='word_1_49' title='bbox 971 960 1050 1011; x_wconf 81' lang='grc' dir='ltr'><strong>ὅτι</strong></span> <span class='ocrx_word' id='word_1_50' title='bbox 1080 958 1138 1009; x_wconf 79' lang='grc' dir='ltr'><strong>τὸ</strong></span> <span class='ocrx_word' id='word_1_51' title='bbox 1166 956 1324 1027; x_wconf 74' lang='grc' dir='ltr'>ἔργον</span> <span class='ocrx_word' id='word_1_52' title='bbox 1349 956 1525 1010; x_wconf 72' lang='grc' dir='ltr'>αὐτῶν</span> <span class='ocrx_word' id='word_1_53' title='bbox 1557 956 1752 1026; x_wconf 75' lang='grc' dir='ltr'>ἐφίμου</span> <span class='ocrx_word' id='word_1_54' title='bbox 1782 955 1964 1010; x_wconf 71' lang='grc' dir='ltr'>αὑτοῖς</span> 
     </span>
    </p>
   </div>
   <div class='ocr_carea' id='block_1_11' title="bbox 389 1047 1958 1123">
    <p class='ocr_par' dir='ltr' id='par_1_11' title="bbox 389 1047 1958 1123">
     <span class='ocr_line' id='line_1_11' title="bbox 389 1047 1958 1123; baseline -0.004 -20"><span class='ocrx_word' id='word_1_55' title='bbox 389 1052 458 1104; x_wconf 77' lang='grc' dir='ltr'>τὰ</span> <span class='ocrx_word' id='word_1_56' title='bbox 492 1052 664 1123; x_wconf 82' lang='grc' dir='ltr'>χείλη.</span> <span class='ocrx_word' id='word_1_57' title='bbox 689 1052 784 1105; x_wconf 73' lang='grc' dir='ltr'><strong>καὶ</strong></span> <span class='ocrx_word' id='word_1_58' title='bbox 816 1053 977 1104; x_wconf 72' lang='grc' dir='ltr'>οἱονεὶ</span> <span class='ocrx_word' id='word_1_59' title='bbox 1002 1051 1194 1120; x_wconf 85' lang='grc' dir='ltr'>δεσμός</span> <span class='ocrx_word' id='word_1_60' title='bbox 1218 1067 1298 1111; x_wconf 86' lang='grc' dir='ltr'><strong>τις</strong></span> <span class='ocrx_word' id='word_1_61' title='bbox 1320 1048 1397 1118; x_wconf 74' lang='grc' dir='ltr'>τῷ</span> <span class='ocrx_word' id='word_1_62' title='bbox 1426 1047 1651 1116; x_wconf 86' lang='grc' dir='ltr'>στόματι</span> <span class='ocrx_word' id='word_1_63' title='bbox 1675 1047 1924 1099; x_wconf 75' lang='grc' dir='ltr'>ἐπέκειτο</span> <span class='ocrx_word' id='word_1_64' title='bbox 1946 1061 1958 1074; x_wconf 88' lang='grc'><strong>·</strong></span> 
     </span>
    </p>
   </div>
   <div class='ocr_carea' id='block_1_12' title="bbox 392 1137 1965 1215">
    <p class='ocr_par' dir='ltr' id='par_1_12' title="bbox 392 1137 1965 1215">
     <span class='ocr_line' id='line_1_12' title="bbox 392 1137 1965 1215; baseline -0.005 -20"><span class='ocrx_word' id='word_1_65' title='bbox 392 1145 706 1214; x_wconf 73' lang='grc' dir='ltr'>ᾐσοήοησαν</span> <span class='ocrx_word' id='word_1_66' title='bbox 729 1144 854 1215; x_wconf 84' lang='grc' dir='ltr'>γὰρ,</span> <span class='ocrx_word' id='word_1_67' title='bbox 873 1144 952 1195; x_wconf 81' lang='grc' dir='ltr'>ὅτι</span> <span class='ocrx_word' id='word_1_68' title='bbox 976 1144 1077 1195; x_wconf 79' lang='grc' dir='ltr'><strong>οὑκ</strong></span> <span class='ocrx_word' id='word_1_69' title='bbox 1110 1142 1248 1194; x_wconf 69' lang='grc' dir='ltr'>εἰσὶν</span> <span class='ocrx_word' id='word_1_70' title='bbox 1272 1141 1408 1204; x_wconf 77' lang='grc' dir='ltr'>ἄξιοι</span> <span class='ocrx_word' id='word_1_71' title='bbox 1429 1140 1522 1192; x_wconf 80' lang='grc' dir='ltr'>τοῦ</span> <span class='ocrx_word' id='word_1_72' title='bbox 1548 1139 1748 1204; x_wconf 82' lang='grc' dir='ltr'><strong>λαλεῖν,</strong></span> <span class='ocrx_word' id='word_1_73' title='bbox 1773 1137 1965 1207; x_wconf 86' lang='grc' dir='ltr'>παρόν-</span> 
     </span>
    </p>
   </div>
   <div class='ocr_carea' id='block_1_13' title="bbox 391 1229 1964 1305">
    <p class='ocr_par' dir='ltr' id='par_1_13' title="bbox 391 1229 1964 1305">
     <span class='ocr_line' id='line_1_13' title="bbox 391 1229 1964 1305; baseline -0.004 -19"><span class='ocrx_word' id='word_1_74' title='bbox 391 1251 480 1297; x_wconf 80' lang='grc' dir='ltr'><strong>τος</strong></span> <span class='ocrx_word' id='word_1_75' title='bbox 505 1234 598 1286; x_wconf 78' lang='grc' dir='ltr'>τοῦ</span> <span class='ocrx_word' id='word_1_76' title='bbox 632 1233 772 1298; x_wconf 74' lang='grc' dir='ltr'><strong>Ἰὼϐ,</strong></span> <span class='ocrx_word' id='word_1_77' title='bbox 809 1233 1030 1304; x_wconf 76' lang='grc' dir='ltr'>μείζονα</span> <span class='ocrx_word' id='word_1_78' title='bbox 1059 1232 1196 1305; x_wconf 82' lang='grc' dir='ltr'>ἔργα</span> <span class='ocrx_word' id='word_1_79' title='bbox 1229 1231 1605 1300; x_wconf 75' lang='grc' dir='ltr'><strong>πεποιηκότος,</strong></span> <span class='ocrx_word' id='word_1_80' title='bbox 1631 1229 1784 1283; x_wconf 72' lang='grc' dir='ltr'>αὑτοὶ</span> <span class='ocrx_word' id='word_1_81' title='bbox 1809 1229 1964 1296; x_wconf 76' lang='grc' dir='ltr'>ὀλίγα</span> 
     </span>
    </p>
   </div>
   <div class='ocr_carea' id='block_1_14' title="bbox 395 1321 1963 1398">
    <p class='ocr_par' dir='ltr' id='par_1_14' title="bbox 395 1321 1963 1398">
     <span class='ocr_line' id='line_1_14' title="bbox 395 1321 1963 1398; baseline 0.001 -20"><span class='ocrx_word' id='word_1_82' title='bbox 395 1327 736 1397; x_wconf 84' lang='grc' dir='ltr'>πεπραχότες</span> <span class='ocrx_word' id='word_1_83' title='bbox 761 1344 775 1356; x_wconf 84' lang='lat'><strong><em>°</em></strong></span> <span class='ocrx_word' id='word_1_84' title='bbox 799 1329 827 1380; x_wconf 98' lang='lat'><strong>6</strong></span> <span class='ocrx_word' id='word_1_85' title='bbox 849 1327 954 1398; x_wconf 82' lang='grc' dir='ltr'>γὰρ</span> <span class='ocrx_word' id='word_1_86' title='bbox 984 1325 1242 1388; x_wconf 84' lang='grc' dir='ltr'>δάκτυλος</span> <span class='ocrx_word' id='word_1_87' title='bbox 1265 1325 1362 1395; x_wconf 83' lang='grc' dir='ltr'><strong>τὴν</strong></span> <span class='ocrx_word' id='word_1_88' title='bbox 1388 1321 1675 1393; x_wconf 74' lang='grc' dir='ltr'>ἐλαχίστην</span> <span class='ocrx_word' id='word_1_89' title='bbox 1711 1321 1963 1392; x_wconf 77' lang='grc' dir='ltr'><strong>σημαίνει</strong></span> 
     </span>
    </p>
   </div>
   <div class='ocr_carea' id='block_1_15' title="bbox 392 1415 1040 1487">
    <p class='ocr_par' dir='ltr' id='par_1_15' title="bbox 392 1415 1040 1487">
     <span class='ocr_line' id='line_1_15' title="bbox 392 1415 1040 1487; baseline 0.003 -21"><span class='ocrx_word' id='word_1_90' title='bbox 392 1415 587 1484; x_wconf 73' lang='grc' dir='ltr'>πρᾶξιν</span> <span class='ocrx_word' id='word_1_91' title='bbox 615 1417 707 1468; x_wconf 64' lang='grc' dir='ltr'>καὶ</span> <span class='ocrx_word' id='word_1_92' title='bbox 741 1416 1040 1487; x_wconf 79' lang='grc' dir='ltr'>ἐνέργειαν.</span> 
     </span>
    </p>
   </div>
   <div class='ocr_carea' id='block_1_16' title="bbox 462 1504 1964 1576">
    <p class='ocr_par' dir='ltr' id='par_1_16' title="bbox 462 1504 1964 1576">
     <span class='ocr_line' id='line_1_16' title="bbox 462 1504 1964 1576; baseline 0.001 -19"><span class='ocrx_word' id='word_1_93' title='bbox 462 1508 864 1574; x_wconf 75' lang='grc' dir='ltr'><strong>Δικαιοσύνην</strong></span> <span class='ocrx_word' id='word_1_94' title='bbox 897 1506 965 1559; x_wconf 84' lang='grc' dir='ltr'>δὲ</span> <span class='ocrx_word' id='word_1_95' title='bbox 991 1505 1349 1560; x_wconf 69' lang='grc' dir='ltr'>ἑγδεδύκειιο.</span> <span class='ocrx_word' id='word_1_96' title='bbox 1379 1506 1552 1558; x_wconf 80' lang='grc' dir='ltr'>Καλὸν</span> <span class='ocrx_word' id='word_1_97' title='bbox 1583 1504 1785 1576; x_wconf 85' lang='grc' dir='ltr'>χιτῶνα</span> <span class='ocrx_word' id='word_1_98' title='bbox 1824 1505 1964 1574; x_wconf 66' lang='grc' dir='ltr'>ὑφα-</span> 
     </span>
    </p>
   </div>
   <div class='ocr_carea' id='block_1_17' title="bbox 392 1597 1964 1669">
    <p class='ocr_par' dir='ltr' id='par_1_17' title="bbox 392 1597 1964 1669">
     <span class='ocr_line' id='line_1_17' title="bbox 392 1597 1964 1669; baseline -0.003 -17"><span class='ocrx_word' id='word_1_99' title='bbox 392 1617 480 1654; x_wconf 87' lang='grc' dir='ltr'><strong>νεν</strong></span> <span class='ocrx_word' id='word_1_100' title='bbox 516 1598 692 1669; x_wconf 79' lang='grc' dir='ltr'>ἐαυτῷ</span> <span class='ocrx_word' id='word_1_101' title='bbox 743 1601 772 1651; x_wconf 87' lang='lat'><strong>6</strong></span> <span class='ocrx_word' id='word_1_102' title='bbox 817 1598 964 1663; x_wconf 78' lang='grc' dir='ltr'><strong>Ἰὼϐ,</strong></span> <span class='ocrx_word' id='word_1_103' title='bbox 1013 1599 1100 1651; x_wconf 83' lang='grc' dir='ltr'><strong>ἵνα</strong></span> <span class='ocrx_word' id='word_1_104' title='bbox 1139 1597 1423 1668; x_wconf 78' lang='grc' dir='ltr'><strong>ἐνδύσηται</strong></span> <span class='ocrx_word' id='word_1_105' title='bbox 1475 1598 1572 1667; x_wconf 78' lang='grc' dir='ltr'>τὴν</span> <span class='ocrx_word' id='word_1_106' title='bbox 1618 1597 1964 1666; x_wconf 78' lang='grc' dir='ltr'>δικαιοσύνην</span> 
     </span>
    </p>
   </div>
   <div class='ocr_carea' id='block_1_18' title="bbox 393 1687 1963 1761">
    <p class='ocr_par' dir='ltr' id='par_1_18' title="bbox 393 1687 1963 1761">
     <span class='ocr_line' id='line_1_18' title="bbox 393 1687 1963 1761; baseline -0.003 -18"><span class='ocrx_word' id='word_1_107' title='bbox 393 1693 516 1743; x_wconf 75' lang='grc' dir='ltr'>ἀντὶ</span> <span class='ocrx_word' id='word_1_108' title='bbox 544 1689 784 1761; x_wconf 79' lang='grc' dir='ltr'>χιτῶνος.</span> <span class='ocrx_word' id='word_1_109' title='bbox 822 1691 926 1742; x_wconf 85' lang='grc' dir='ltr'>Ἴδε</span> <span class='ocrx_word' id='word_1_110' title='bbox 958 1690 1122 1743; x_wconf 75' lang='grc' dir='ltr'>αὑτοῦ</span> <span class='ocrx_word' id='word_1_111' title='bbox 1148 1690 1240 1742; x_wconf 78' lang='grc' dir='ltr'><strong>καὶ</strong></span> <span class='ocrx_word' id='word_1_112' title='bbox 1266 1690 1326 1742; x_wconf 86' lang='grc' dir='ltr'><strong>τὸ</strong></span> <span class='ocrx_word' id='word_1_113' title='bbox 1370 1690 1578 1760; x_wconf 83' lang='grc' dir='ltr'>ἱμάτιον</span> <span class='ocrx_word' id='word_1_114' title='bbox 1604 1705 1616 1718; x_wconf 89' lang='grc'>·</span> <span class='ocrx_word' id='word_1_115' title='bbox 1651 1687 1963 1758; x_wconf 77' lang='grc' dir='ltr'><strong>δικαιοσύνη</strong></span> 
     </span>
    </p>
   </div>
   <div class='ocr_carea' id='block_1_19' title="bbox 391 1780 1156 1853">
    <p class='ocr_par' dir='ltr' id='par_1_19' title="bbox 391 1780 1156 1853">
     <span class='ocr_line' id='line_1_19' title="bbox 391 1780 1156 1853; baseline -0.003 -19"><span class='ocrx_word' id='word_1_116' title='bbox 391 1785 419 1834; x_wconf 87' lang='lat'><strong>6</strong></span> <span class='ocrx_word' id='word_1_117' title='bbox 445 1780 607 1851; x_wconf 87' lang='grc' dir='ltr'>χιτών</span> <span class='ocrx_word' id='word_1_118' title='bbox 625 1799 638 1812; x_wconf 71' lang='grc' dir='ltr'><strong>ο</strong></span> <span class='ocrx_word' id='word_1_119' title='bbox 666 1784 837 1853; x_wconf 86' lang='grc' dir='ltr'>κρῖμα</span> <span class='ocrx_word' id='word_1_120' title='bbox 865 1784 896 1851; x_wconf 80' lang='grc' dir='ltr'>ἡ</span> <span class='ocrx_word' id='word_1_121' title='bbox 932 1781 1156 1844; x_wconf 80' lang='grc' dir='ltr'>διπλοῖς.</span> 
     </span>
    </p>
   </div>
   <div class='ocr_carea' id='block_1_20' title="bbox 1012 1873 1339 1925">
    <p class='ocr_par' dir='ltr' id='par_1_20' title="bbox 1012 1873 1339 1925">
     <span class='ocr_line' id='line_1_20' title="bbox 1012 1873 1339 1925; baseline 0.003 -1"><span class='ocrx_word' id='word_1_122' title='bbox 1012 1873 1145 1924; x_wconf 79' lang='grc' dir='ltr'><strong>ΚΕΦ</strong></span> <span class='ocrx_word' id='word_1_123' title='bbox 1169 1910 1182 1924; x_wconf 92' lang='grc'>.</span> <span class='ocrx_word' id='word_1_124' title='bbox 1218 1873 1339 1925; x_wconf 86' lang='grc' dir='ltr'><strong>ΛΒ’.</strong></span> 
     </span>
    </p>
   </div>
   <div class='ocr_carea' id='block_1_21' title="bbox 478 1962 1966 2034">
    <p class='ocr_par' dir='ltr' id='par_1_21' title="bbox 478 1962 1966 2034">
     <span class='ocr_line' id='line_1_21' title="bbox 478 1962 1966 2034; baseline -0.001 -17"><span class='ocrx_word' id='word_1_125' title='bbox 478 1965 760 2031; x_wconf 78' lang='grc' dir='ltr'>Φοϐηθεὶς</span> <span class='ocrx_word' id='word_1_126' title='bbox 803 1962 909 2017; x_wconf 87' lang='grc' dir='ltr'>τοῦ</span> <span class='ocrx_word' id='word_1_127' title='bbox 954 1963 1095 2032; x_wconf 73' lang='grc' dir='ltr'>ὑμῖν</span> <span class='ocrx_word' id='word_1_128' title='bbox 1141 1964 1486 2034; x_wconf 67' lang='grc' dir='ltr'>ἀναγγεῖλαι</span> <span class='ocrx_word' id='word_1_129' title='bbox 1539 1964 1652 2032; x_wconf 77' lang='grc' dir='ltr'><strong>τὴν</strong></span> <span class='ocrx_word' id='word_1_130' title='bbox 1705 1963 1966 2033; x_wconf 81' lang='grc' dir='ltr'><strong>ἐμαυτοῦ</strong></span> 
     </span>
    </p>
   </div>
   <div class='ocr_carea' id='block_1_22' title="bbox 391 2053 1960 2126">
    <p class='ocr_par' dir='ltr' id='par_1_22' title="bbox 391 2053 1960 2126">
     <span class='ocr_line' id='line_1_22' title="bbox 391 2053 1960 2126; baseline 0.001 -21"><span class='ocrx_word' id='word_1_131' title='bbox 391 2053 750 2123; x_wconf 69' lang='grc' dir='ltr'>ἐπιστήμην.</span> <span class='ocrx_word' id='word_1_132' title='bbox 815 2055 1240 2122; x_wconf 84' lang='grc' dir='ltr'>Ἐπαγγέλλεται</span> <span class='ocrx_word' id='word_1_133' title='bbox 1298 2057 1478 2126; x_wconf 85' lang='grc' dir='ltr'>μέντοι</span> <span class='ocrx_word' id='word_1_134' title='bbox 1523 2075 1540 2107; x_wconf 79' lang='grc' dir='ltr'><strong>ι</strong></span> <span class='ocrx_word' id='word_1_135' title='bbox 1588 2058 1897 2126; x_wconf 71' lang='grc' dir='ltr'>ἐπιστήμην</span> <span class='ocrx_word' id='word_1_136' title='bbox 1945 2073 1960 2106; x_wconf 76' lang='grc' dir='ltr'><strong>ι</strong></span> 
     </span>
    </p>
   </div>
   <div class='ocr_carea' id='block_1_23' title="bbox 392 2144 1969 2216">
    <p class='ocr_par' dir='ltr' id='par_1_23' title="bbox 392 2144 1969 2216">
     <span class='ocr_line' id='line_1_23' title="bbox 392 2144 1969 2216; baseline 0.003 -21"><span class='ocrx_word' id='word_1_137' title='bbox 392 2144 538 2214; x_wconf 75' lang='grc' dir='ltr'>ἔχειν</span> <span class='ocrx_word' id='word_1_138' title='bbox 562 2184 576 2206; x_wconf 97' lang='grc'><strong>,</strong></span> <span class='ocrx_word' id='word_1_139' title='bbox 622 2145 654 2216; x_wconf 78' lang='grc' dir='ltr'><strong>ἢ</strong></span> <span class='ocrx_word' id='word_1_140' title='bbox 679 2184 693 2208; x_wconf 93' lang='grc'><strong>,</strong></span> <span class='ocrx_word' id='word_1_141' title='bbox 725 2144 866 2198; x_wconf 82' lang='grc' dir='ltr'>κατὰ</span> <span class='ocrx_word' id='word_1_142' title='bbox 891 2147 1017 2209; x_wconf 82' lang='grc' dir='ltr'>τοὺς</span> <span class='ocrx_word' id='word_1_143' title='bbox 1045 2146 1264 2210; x_wconf 76' lang='grc' dir='ltr'>λοιποὺς</span> <span class='ocrx_word' id='word_1_144' title='bbox 1291 2187 1305 2210; x_wconf 95' lang='grc'><strong>,</strong></span> <span class='ocrx_word' id='word_1_145' title='bbox 1341 2165 1358 2197; x_wconf 88' lang='grc'><strong><em>‹</em></strong></span> <span class='ocrx_word' id='word_1_146' title='bbox 1399 2147 1598 2216; x_wconf 84' lang='grc' dir='ltr'>γνῶσιν</span> <span class='ocrx_word' id='word_1_147' title='bbox 1620 2187 1634 2211; x_wconf 89' lang='grc'><strong>,</strong></span> <span class='ocrx_word' id='word_1_148' title='bbox 1677 2167 1694 2198; x_wconf 82' lang='grc'><strong>›</strong></span> <span class='ocrx_word' id='word_1_149' title='bbox 1734 2148 1850 2210; x_wconf 82' lang='grc' dir='ltr'>πῶς</span> <span class='ocrx_word' id='word_1_150' title='bbox 1878 2147 1969 2200; x_wconf 79' lang='grc' dir='ltr'>άν-</span> 
     </span>
    </p>
   </div>
   <div class='ocr_carea' id='block_1_24' title="bbox 391 2235 1969 2308">
    <p class='ocr_par' dir='ltr' id='par_1_24' title="bbox 391 2235 1969 2308">
     <span class='ocr_line' id='line_1_24' title="bbox 391 2235 1969 2308; baseline 0.004 -22"><span class='ocrx_word' id='word_1_151' title='bbox 391 2235 600 2305; x_wconf 87' lang='grc' dir='ltr'>θρωποι</span> <span class='ocrx_word' id='word_1_152' title='bbox 653 2236 950 2306; x_wconf 77' lang='grc' dir='ltr'>πάσχουσιν</span> <span class='ocrx_word' id='word_1_153' title='bbox 1010 2239 1067 2290; x_wconf 78' lang='grc' dir='ltr'><strong>ἐν</strong></span> <span class='ocrx_word' id='word_1_154' title='bbox 1131 2238 1208 2308; x_wconf 84' lang='grc' dir='ltr'>τῷ</span> <span class='ocrx_word' id='word_1_155' title='bbox 1261 2239 1386 2308; x_wconf 77' lang='grc' dir='ltr'><strong>βίῳο</strong></span> <span class='ocrx_word' id='word_1_156' title='bbox 1442 2239 1559 2303; x_wconf 81' lang='grc' dir='ltr'>πῶς</span> <span class='ocrx_word' id='word_1_157' title='bbox 1609 2257 1753 2303; x_wconf 85' lang='grc' dir='ltr'>τινες</span> <span class='ocrx_word' id='word_1_158' title='bbox 1796 2240 1969 2294; x_wconf 81' lang='grc' dir='ltr'>ἄδικοι</span> 
     </span>
    </p>
   </div>
   <div class='ocr_carea' id='block_1_25' title="bbox 393 2323 1968 2400">
    <p class='ocr_par' dir='ltr' id='par_1_25' title="bbox 393 2323 1968 2400">
     <span class='ocr_line' id='line_1_25' title="bbox 393 2323 1968 2400; baseline 0.004 -26"><span class='ocrx_word' id='word_1_159' title='bbox 393 2324 725 2394; x_wconf 81' lang='grc' dir='ltr'>εὐτυχοῦσιν.</span> <span class='ocrx_word' id='word_1_160' title='bbox 792 2323 946 2379; x_wconf 79' lang='grc' dir='ltr'>Εἶδον</span> <span class='ocrx_word' id='word_1_161' title='bbox 1017 2327 1334 2391; x_wconf 74' lang='grc' dir='ltr'>ἀδικοῦντας</span> <span class='ocrx_word' id='word_1_162' title='bbox 1395 2331 1488 2381; x_wconf 74' lang='grc' dir='ltr'><strong>καὶ</strong></span> <span class='ocrx_word' id='word_1_163' title='bbox 1568 2329 1968 2400; x_wconf 76' lang='grc' dir='ltr'>παρανομοῦν-</span> 
     </span>
    </p>
   </div>
   <div class='ocr_carea' id='block_1_26' title="bbox 399 2420 1963 2499">
    <p class='ocr_par' dir='ltr' id='par_1_26' title="bbox 399 2420 1963 2499">
     <span class='ocr_line' id='line_1_26' title="bbox 399 2420 1963 2499; baseline 0.003 -28"><span class='ocrx_word' id='word_1_164' title='bbox 399 2437 529 2482; x_wconf 78' lang='grc' dir='ltr'>τας,</span> <span class='ocrx_word' id='word_1_165' title='bbox 597 2420 990 2499; x_wconf 24' lang='grc' dir='ltr'>εὑθηνοῦντατς,</span> <span class='ocrx_word' id='word_1_166' title='bbox 1065 2423 1156 2474; x_wconf 81' lang='grc' dir='ltr'><strong>καὶ</strong></span> <span class='ocrx_word' id='word_1_167' title='bbox 1215 2420 1349 2492; x_wconf 80' lang='grc' dir='ltr'>ἐμοῦ</span> <span class='ocrx_word' id='word_1_168' title='bbox 1424 2423 1774 2493; x_wconf 78' lang='grc' dir='ltr'>παραμικρὸν</span> <span class='ocrx_word' id='word_1_169' title='bbox 1833 2424 1963 2475; x_wconf 77' lang='grc' dir='ltr'>ἐσαο</span> 
     </span>
    </p>
   </div>
   <div class='ocr_carea' id='block_1_27' title="bbox 390 2510 1970 2584">
    <p class='ocr_par' dir='ltr' id='par_1_27' title="bbox 390 2510 1970 2584">
     <span class='ocr_line' id='line_1_27' title="bbox 390 2510 1970 2584; baseline 0.002 -22"><span class='ocrx_word' id='word_1_170' title='bbox 390 2511 656 2582; x_wconf 66' lang='grc' dir='ltr'>λεύθησαν</span> <span class='ocrx_word' id='word_1_171' title='bbox 705 2513 753 2563; x_wconf 83' lang='grc' dir='ltr'>οἱ</span> <span class='ocrx_word' id='word_1_172' title='bbox 822 2510 1010 2576; x_wconf 82' lang='grc' dir='ltr'>πόδες,</span> <span class='ocrx_word' id='word_1_173' title='bbox 1059 2512 1153 2564; x_wconf 81' lang='grc' dir='ltr'>ἐὰν</span> <span class='ocrx_word' id='word_1_174' title='bbox 1212 2515 1269 2566; x_wconf 87' lang='grc' dir='ltr'><strong>ἐν</strong></span> <span class='ocrx_word' id='word_1_175' title='bbox 1310 2511 1388 2583; x_wconf 79' lang='grc' dir='ltr'>τῷ</span> <span class='ocrx_word' id='word_1_176' title='bbox 1451 2512 1549 2583; x_wconf 80' lang='grc' dir='ltr'><strong>βίῳ</strong></span> <span class='ocrx_word' id='word_1_177' title='bbox 1599 2520 1773 2582; x_wconf 75' lang='grc' dir='ltr'>τούτῳ</span> <span class='ocrx_word' id='word_1_178' title='bbox 1825 2513 1970 2584; x_wconf 81' lang='grc' dir='ltr'>μόνῳ</span> 
     </span>
    </p>
   </div>
   <div class='ocr_carea' id='block_1_28' title="bbox 395 2601 1976 2675">
    <p class='ocr_par' dir='ltr' id='par_1_28' title="bbox 395 2601 1976 2675">
     <span class='ocr_line' id='line_1_28' title="bbox 395 2601 1976 2675; baseline 0.004 -23"><span class='ocrx_word' id='word_1_179' title='bbox 395 2602 581 2655; x_wconf 74' lang='grc' dir='ltr'>ἐνίδωο</span> <span class='ocrx_word' id='word_1_180' title='bbox 613 2602 706 2656; x_wconf 77' lang='grc' dir='ltr'><strong>ἐὰν</strong></span> <span class='ocrx_word' id='word_1_181' title='bbox 739 2602 794 2654; x_wconf 81' lang='grc' dir='ltr'>δὲ</span> <span class='ocrx_word' id='word_1_182' title='bbox 829 2601 888 2653; x_wconf 84' lang='grc' dir='ltr'><strong>τὸ</strong></span> <span class='ocrx_word' id='word_1_183' title='bbox 933 2603 1123 2672; x_wconf 82' lang='grc' dir='ltr'>μέλλον</span> <span class='ocrx_word' id='word_1_184' title='bbox 1161 2604 1400 2675; x_wconf 89' lang='grc' dir='ltr'>ἐννοήσω</span> <span class='ocrx_word' id='word_1_185' title='bbox 1423 2643 1438 2669; x_wconf 91' lang='grc'><strong>,</strong></span> <span class='ocrx_word' id='word_1_186' title='bbox 1472 2604 1704 2667; x_wconf 82' lang='grc' dir='ltr'>ἐστῶτές</span> <span class='ocrx_word' id='word_1_187' title='bbox 1739 2605 1876 2658; x_wconf 76' lang='grc' dir='ltr'>εἰσιν</span> <span class='ocrx_word' id='word_1_188' title='bbox 1921 2608 1976 2658; x_wconf 72' lang='grc' dir='ltr'>οἱ</span> 
     </span>
    </p>
   </div>
   <div class='ocr_carea' id='block_1_29' title="bbox 396 2694 708 2763">
    <p class='ocr_par' dir='ltr' id='par_1_29' title="bbox 396 2694 708 2763">
     <span class='ocr_line' id='line_1_29' title="bbox 396 2694 708 2763; baseline 0.003 -18"><span class='ocrx_word' id='word_1_189' title='bbox 396 2694 554 2756; x_wconf 83' lang='grc' dir='ltr'>πόδες</span> <span class='ocrx_word' id='word_1_190' title='bbox 587 2711 708 2763; x_wconf 86' lang='grc' dir='ltr'>μου.</span> 
     </span>
    </p>
   </div>
   <div class='ocr_carea' id='block_1_30' title="bbox 471 2782 1971 2862">
    <p class='ocr_par' dir='ltr' id='par_1_30' title="bbox 471 2782 1971 2862">
     <span class='ocr_line' id='line_1_30' title="bbox 471 2782 1971 2862; baseline 0.003 -26"><span class='ocrx_word' id='word_1_191' title='bbox 471 2784 567 2836; x_wconf 78' lang='grc' dir='ltr'><strong>Διὸ</strong></span> <span class='ocrx_word' id='word_1_192' title='bbox 616 2782 786 2838; x_wconf 65' lang='lat' dir='ltr'><strong>sima-</strong></span> <span class='ocrx_word' id='word_1_193' title='bbox 838 2785 1163 2840; x_wconf 76' lang='grc' dir='ltr'>Ἀκούσατέ</span> <span class='ocrx_word' id='word_1_194' title='bbox 1222 2805 1362 2856; x_wconf 84' lang='grc' dir='ltr'>μου.</span> <span class='ocrx_word' id='word_1_195' title='bbox 1408 2789 1610 2859; x_wconf 83' lang='grc' dir='ltr'>Ἕτερα</span> <span class='ocrx_word' id='word_1_196' title='bbox 1661 2789 1971 2862; x_wconf 75' lang='grc' dir='ltr'>ἀντίγραφα</span> 
     </span>
    </p>
   </div>
   <div class='ocr_carea' id='block_1_31' title="bbox 396 2877 1972 2950">
    <p class='ocr_par' dir='ltr' id='par_1_31' title="bbox 396 2877 1972 2950">
     <span class='ocr_line' id='line_1_31' title="bbox 396 2877 1972 2950; baseline 0.002 -21"><span class='ocrx_word' id='word_1_197' title='bbox 396 2877 536 2948; x_wconf 74' lang='grc' dir='ltr'>μετὰ</span> <span class='ocrx_word' id='word_1_198' title='bbox 563 2878 621 2930; x_wconf 65' lang='grc' dir='ltr'><strong>τι</strong></span> <span class='ocrx_word' id='word_1_199' title='bbox 653 2896 670 2929; x_wconf 77' lang='grc' dir='ltr'><strong>ι</strong></span> <span class='ocrx_word' id='word_1_200' title='bbox 713 2879 851 2949; x_wconf 83' lang='grc' dir='ltr'>Ἐρῶ</span> <span class='ocrx_word' id='word_1_201' title='bbox 880 2879 985 2950; x_wconf 84' lang='grc' dir='ltr'>γὰρ</span> <span class='ocrx_word' id='word_1_202' title='bbox 1011 2879 1161 2948; x_wconf 83' lang='grc' dir='ltr'>ὑμῶν</span> <span class='ocrx_word' id='word_1_203' title='bbox 1195 2879 1519 2943; x_wconf 75' lang='grc' dir='ltr'>ἀκουόντων,</span> <span class='ocrx_word' id='word_1_204' title='bbox 1557 2900 1572 2931; x_wconf 75' lang='grc' dir='ltr'><strong>ι</strong></span> <span class='ocrx_word' id='word_1_205' title='bbox 1598 2880 1706 2950; x_wconf 76' lang='grc' dir='ltr'>ἔχει</span> <span class='ocrx_word' id='word_1_206' title='bbox 1731 2883 1822 2934; x_wconf 73' lang='grc' dir='ltr'>καὶ</span> <span class='ocrx_word' id='word_1_207' title='bbox 1849 2880 1972 2933; x_wconf 81' lang='grc' dir='ltr'>τοὺ-</span> 
     </span>
    </p>
   </div>
   <div class='ocr_carea' id='block_1_32' title="bbox 395 2968 1968 3041">
    <p class='ocr_par' dir='ltr' id='par_1_32' title="bbox 395 2968 1968 3041">
     <span class='ocr_line' id='line_1_32' title="bbox 395 2968 1968 3041; baseline 0.004 -23"><span class='ocrx_word' id='word_1_208' title='bbox 395 2985 518 3032; x_wconf 76' lang='grc' dir='ltr'>τους</span> <span class='ocrx_word' id='word_1_209' title='bbox 569 2968 816 3038; x_wconf 77' lang='grc' dir='ltr'>στίχους·</span> <span class='ocrx_word' id='word_1_210' title='bbox 871 2987 890 3020; x_wconf 74' lang='grc' dir='ltr'><strong>ι</strong></span> <span class='ocrx_word' id='word_1_211' title='bbox 957 2971 1086 3022; x_wconf 83' lang='grc' dir='ltr'>Ἰδοὺ</span> <span class='ocrx_word' id='word_1_212' title='bbox 1137 2971 1345 3040; x_wconf 76' lang='grc' dir='ltr'>ἥκουσα</span> <span class='ocrx_word' id='word_1_213' title='bbox 1385 2971 1509 3033; x_wconf 72' lang='grc' dir='ltr'>τοὺς</span> <span class='ocrx_word' id='word_1_214' title='bbox 1557 2971 1746 3038; x_wconf 84' lang='grc' dir='ltr'>λόγους</span> <span class='ocrx_word' id='word_1_215' title='bbox 1794 2971 1968 3041; x_wconf 83' lang='grc' dir='ltr'>ὑμῶν,</span> 
     </span>
    </p>
   </div>
   <div class='ocr_carea' id='block_1_33' title="bbox 400 3059 1972 3133">
    <p class='ocr_par' dir='ltr' id='par_1_33' title="bbox 400 3059 1972 3133">
     <span class='ocr_line' id='line_1_33' title="bbox 400 3059 1972 3133; baseline 0.004 -24"><span class='ocrx_word' id='word_1_216' title='bbox 400 3059 744 3128; x_wconf 76' lang='grc' dir='ltr'>ηνωτισάμην</span> <span class='ocrx_word' id='word_1_217' title='bbox 776 3059 899 3128; x_wconf 82' lang='grc' dir='ltr'>ἄχρι</span> <span class='ocrx_word' id='word_1_218' title='bbox 929 3061 1197 3122; x_wconf 85' lang='grc' dir='ltr'>συνέσεως</span> <span class='ocrx_word' id='word_1_219' title='bbox 1229 3062 1399 3130; x_wconf 86' lang='grc' dir='ltr'>ὑμῶν.</span> <span class='ocrx_word' id='word_1_220' title='bbox 1443 3081 1460 3111; x_wconf 75' lang='grc' dir='ltr'><strong>ι</strong></span> <span class='ocrx_word' id='word_1_221' title='bbox 1493 3063 1555 3113; x_wconf 77' lang='grc' dir='ltr'><strong>υἱ</strong></span> <span class='ocrx_word' id='word_1_222' title='bbox 1584 3061 1638 3113; x_wconf 86' lang='grc' dir='ltr'>δὲ</span> <span class='ocrx_word' id='word_1_223' title='bbox 1673 3061 1847 3132; x_wconf 77' lang='grc' dir='ltr'>ἕτεροι</span> <span class='ocrx_word' id='word_1_224' title='bbox 1880 3064 1972 3133; x_wconf 88' lang='grc' dir='ltr'>ἐρ-</span> 
     </span>
    </p>
   </div>
   <div class='ocr_carea' id='block_1_34' title="bbox 398 3150 1968 3225">
    <p class='ocr_par' dir='ltr' id='par_1_34' title="bbox 398 3150 1968 3225">
     <span class='ocr_line' id='line_1_34' title="bbox 398 3150 1968 3225; baseline 0.003 -23"><span class='ocrx_word' id='word_1_225' title='bbox 398 3152 660 3220; x_wconf 75' lang='grc' dir='ltr'>μηνευταὶ</span> <span class='ocrx_word' id='word_1_226' title='bbox 697 3150 870 3213; x_wconf 80' lang='grc' dir='ltr'>οὑτως</span> <span class='ocrx_word' id='word_1_227' title='bbox 912 3151 1271 3205; x_wconf 81' lang='grc' dir='ltr'>ἐκδεδώκασιν</span> <span class='ocrx_word' id='word_1_228' title='bbox 1296 3169 1310 3182; x_wconf 89' lang='grc'><strong>·</strong></span> <span class='ocrx_word' id='word_1_229' title='bbox 1365 3171 1383 3203; x_wconf 75' lang='grc' dir='ltr'><strong>ι</strong></span> <span class='ocrx_word' id='word_1_230' title='bbox 1435 3153 1597 3215; x_wconf 80' lang='grc' dir='ltr'>Ἰδοὺ,</span> <span class='ocrx_word' id='word_1_231' title='bbox 1640 3155 1968 3225; x_wconf 77' lang='grc' dir='ltr'>ἐξεδεξάμην</span> 
     </span>
    </p>
   </div>
   <div class='ocr_carea' id='block_1_35' title="bbox 2070 589 2794 664">
    <p class='ocr_par' dir='ltr' id='par_1_35' title="bbox 2070 589 2794 664">
     <span class='ocr_line' id='line_1_35' title="bbox 2070 589 2794 664; baseline -0.003 -17"><span class='ocrx_word' id='word_1_232' title='bbox 2070 594 2205 664; x_wconf 89' lang='lat' dir='ltr'><strong>ipso,</strong></span> <span class='ocrx_word' id='word_1_233' title='bbox 2241 591 2512 646; x_wconf 82' lang='lat' dir='ltr'><strong>silentium</strong></span> <span class='ocrx_word' id='word_1_234' title='bbox 2541 589 2794 660; x_wconf 86' lang='lat' dir='ltr'><strong>agebant.</strong></span> 
     </span>
    </p>
   </div>
   <div class='ocr_carea' id='block_1_36' title="bbox 2145 675 3641 753">
    <p class='ocr_par' dir='ltr' id='par_1_36' title="bbox 2145 675 3641 753">
     <span class='ocr_line' id='line_1_36' title="bbox 2145 675 3641 753; baseline -0.007 -17"><span class='ocrx_word' id='word_1_235' title='bbox 2145 683 2380 753; x_wconf 75' lang='lat' dir='ltr'><strong>Digitum</strong></span> <span class='ocrx_word' id='word_1_236' title='bbox 2418 682 2739 748; x_wconf 75' lang='lat' dir='ltr'><strong>impatientes</strong></span> <span class='ocrx_word' id='word_1_237' title='bbox 2771 693 2929 744; x_wconf 80' lang='lat' dir='ltr'><strong>super</strong></span> <span class='ocrx_word' id='word_1_238' title='bbox 2957 693 3036 730; x_wconf 78' lang='lat' dir='ltr'><strong>os.</strong></span> <span class='ocrx_word' id='word_1_239' title='bbox 3089 676 3256 729; x_wconf 79' lang='lat' dir='ltr'><strong>Porro</strong></span> <span class='ocrx_word' id='word_1_240' title='bbox 3286 684 3464 728; x_wconf 77' lang='lat' dir='ltr'><strong>autem</strong></span> <span class='ocrx_word' id='word_1_241' title='bbox 3504 675 3641 742; x_wconf 75' lang='lat' dir='ltr'><strong>digi-</strong></span> 
     </span>
    </p>
   </div>
   <div class='ocr_carea' id='block_1_37' title="bbox 2072 766 3637 843">
    <p class='ocr_par' dir='ltr' id='par_1_37' title="bbox 2072 766 3637 843">
     <span class='ocr_line' id='line_1_37' title="bbox 2072 766 3637 843; baseline -0.007 -16"><span class='ocrx_word' id='word_1_242' title='bbox 2072 787 2156 828; x_wconf 91' lang='lat' dir='ltr'><strong>tus</strong></span> <span class='ocrx_word' id='word_1_243' title='bbox 2201 774 2282 828; x_wconf 88' lang='lat' dir='ltr'><strong>ori</strong></span> <span class='ocrx_word' id='word_1_244' title='bbox 2339 774 2657 843; x_wconf 89' lang='lat' dir='ltr'><strong>impositus,</strong></span> <span class='ocrx_word' id='word_1_245' title='bbox 2707 769 2906 825; x_wconf 89' lang='lat' dir='ltr'><strong>silentii</strong></span> <span class='ocrx_word' id='word_1_246' title='bbox 2963 769 3178 839; x_wconf 84' lang='lat' dir='ltr'><strong>signum</strong></span> <span class='ocrx_word' id='word_1_247' title='bbox 3223 766 3391 821; x_wconf 81' lang='lat' dir='ltr'><strong>videti</strong></span> <span class='ocrx_word' id='word_1_248' title='bbox 3444 775 3637 833; x_wconf 77' lang='lat' dir='ltr'><strong>potest.</strong></span> 
     </span>
    </p>
   </div>
   <div class='ocr_carea' id='block_1_38' title="bbox 2070 862 3642 935">
    <p class='ocr_par' dir='ltr' id='par_1_38' title="bbox 2070 862 3642 935">
     <span class='ocr_line' id='line_1_38' title="bbox 2070 862 3642 935; baseline -0.007 -16"><span class='ocrx_word' id='word_1_249' title='bbox 2070 864 2233 920; x_wconf 85' lang='lat' dir='ltr'><strong>Forte</strong></span> <span class='ocrx_word' id='word_1_250' title='bbox 2303 865 2466 918; x_wconf 91' lang='lat' dir='ltr'><strong>etiam</strong></span> <span class='ocrx_word' id='word_1_251' title='bbox 2522 862 3000 935; x_wconf 80' lang='lat' dir='ltr'><strong>(quandoquidem</strong></span> <span class='ocrx_word' id='word_1_252' title='bbox 3068 874 3263 912; x_wconf 89' lang='lat' dir='ltr'><strong>manus</strong></span> <span class='ocrx_word' id='word_1_253' title='bbox 3327 871 3426 925; x_wconf 90' lang='lat' dir='ltr'><strong>pro</strong></span> <span class='ocrx_word' id='word_1_254' title='bbox 3476 870 3642 924; x_wconf 84' lang='lat' dir='ltr'><strong>opere</strong></span> 
     </span>
    </p>
   </div>
   <div class='ocr_carea' id='block_1_39' title="bbox 2070 945 3638 1025">
    <p class='ocr_par' dir='ltr' id='par_1_39' title="bbox 2070 945 3638 1025">
     <span class='ocr_line' id='line_1_39' title="bbox 2070 945 3638 1025; baseline -0.008 -13"><span class='ocrx_word' id='word_1_255' title='bbox 2070 957 2335 1025; x_wconf 87' lang='lat' dir='ltr'><strong>sumitur)</strong></span> <span class='ocrx_word' id='word_1_256' title='bbox 2363 971 2526 1025; x_wconf 83' lang='lat' dir='ltr'><strong>opera</strong></span> <span class='ocrx_word' id='word_1_257' title='bbox 2564 971 2754 1010; x_wconf 92' lang='lat' dir='ltr'><strong>eorum</strong></span> <span class='ocrx_word' id='word_1_258' title='bbox 2798 955 2938 1010; x_wconf 91' lang='lat' dir='ltr'><strong>labia</strong></span> <span class='ocrx_word' id='word_1_259' title='bbox 2972 953 3038 1006; x_wconf 88' lang='lat' dir='ltr'><strong>iis</strong></span> <span class='ocrx_word' id='word_1_260' title='bbox 3070 951 3376 1012; x_wconf 81' lang='lat' dir='ltr'><strong>obturasse,</strong></span> <span class='ocrx_word' id='word_1_261' title='bbox 3409 957 3464 1002; x_wconf 83' lang='grc' dir='ltr'><strong>‹·ι</strong></span> <span class='ocrx_word' id='word_1_262' title='bbox 3486 945 3638 1015; x_wconf 88' lang='lat' dir='ltr'><strong>quasi</strong></span> 
     </span>
    </p>
   </div>
   <div class='ocr_carea' id='block_1_40' title="bbox 2070 1037 3640 1115">
    <p class='ocr_par' dir='ltr' id='par_1_40' title="bbox 2070 1037 3640 1115">
     <span class='ocr_line' id='line_1_40' title="bbox 2070 1037 3640 1115; baseline -0.006 -17"><span class='ocrx_word' id='word_1_263' title='bbox 2070 1046 2344 1100; x_wconf 78' lang='lat' dir='ltr'><strong>vinculum</strong></span> <span class='ocrx_word' id='word_1_264' title='bbox 2399 1047 2483 1100; x_wconf 92' lang='lat' dir='ltr'><strong>ori</strong></span> <span class='ocrx_word' id='word_1_265' title='bbox 2541 1045 2816 1115; x_wconf 86' lang='lat' dir='ltr'><strong>injeeisse,</strong></span> <span class='ocrx_word' id='word_1_266' title='bbox 2872 1042 3140 1105; x_wconf 84' lang='lat' dir='ltr'><strong>ostendit;</strong></span> <span class='ocrx_word' id='word_1_267' title='bbox 3192 1055 3250 1095; x_wconf 90' lang='lat' dir='ltr'><strong>se</strong></span> <span class='ocrx_word' id='word_1_268' title='bbox 3300 1039 3444 1096; x_wconf 86' lang='lat' dir='ltr'><strong>enim</strong></span> <span class='ocrx_word' id='word_1_269' title='bbox 3499 1037 3640 1106; x_wconf 89' lang='lat' dir='ltr'><strong>quod</strong></span> 
     </span>
    </p>
   </div>
   <div class='ocr_carea' id='block_1_41' title="bbox 2070 1130 3642 1206">
    <p class='ocr_par' dir='ltr' id='par_1_41' title="bbox 2070 1130 3642 1206">
     <span class='ocr_line' id='line_1_41' title="bbox 2070 1130 3642 1206; baseline -0.006 -14"><span class='ocrx_word' id='word_1_270' title='bbox 2070 1138 2261 1206; x_wconf 76' lang='lat' dir='ltr'><strong>exigua</strong></span> <span class='ocrx_word' id='word_1_271' title='bbox 2305 1136 2705 1206; x_wconf 65' lang='lat' dir='ltr'><strong>praestitissent,</strong></span> <span class='ocrx_word' id='word_1_272' title='bbox 2759 1136 3012 1206; x_wconf 85' lang='lat' dir='ltr'><strong>indignos</strong></span> <span class='ocrx_word' id='word_1_273' title='bbox 3062 1149 3186 1189; x_wconf 87' lang='lat' dir='ltr'><strong>esse</strong></span> <span class='ocrx_word' id='word_1_274' title='bbox 3241 1130 3642 1186; x_wconf 89' lang='lat' dir='ltr'><strong>animadverte-</strong></span> 
     </span>
    </p>
   </div>
   <div class='ocr_carea' id='block_1_42' title="bbox 2072 1221 3642 1299">
    <p class='ocr_par' dir='ltr' id='par_1_42' title="bbox 2072 1221 3642 1299">
     <span class='ocr_line' id='line_1_42' title="bbox 2072 1221 3642 1299; baseline -0.006 -17"><span class='ocrx_word' id='word_1_275' title='bbox 2072 1229 2330 1296; x_wconf 80' lang='lat' dir='ltr'><strong>runt,qui</strong></span> <span class='ocrx_word' id='word_1_276' title='bbox 2363 1244 2546 1282; x_wconf 82' lang='lat' dir='ltr'><strong>coram</strong></span> <span class='ocrx_word' id='word_1_277' title='bbox 2567 1227 2704 1283; x_wconf 78' lang='lat' dir='ltr'><strong>Jobo</strong></span> <span class='ocrx_word' id='word_1_278' title='bbox 2732 1243 2796 1283; x_wconf 91' lang='lat' dir='ltr'><strong>os</strong></span> <span class='ocrx_word' id='word_1_279' title='bbox 2828 1228 3124 1299; x_wconf 82' lang='lat' dir='ltr'><strong>aperirent,</strong></span> <span class='ocrx_word' id='word_1_280' title='bbox 3151 1226 3240 1293; x_wconf 90' lang='lat' dir='ltr'><strong>qui</strong></span> <span class='ocrx_word' id='word_1_281' title='bbox 3269 1223 3475 1294; x_wconf 84' lang='lat' dir='ltr'><strong>majora</strong></span> <span class='ocrx_word' id='word_1_282' title='bbox 3508 1221 3642 1278; x_wconf 77' lang='lat' dir='ltr'><strong>iaci..-</strong></span> 
     </span>
    </p>
   </div>
   <div class='ocr_carea' id='block_1_43' title="bbox 2071 1319 3642 1390">
    <p class='ocr_par' dir='ltr' id='par_1_43' title="bbox 2071 1319 3642 1390">
     <span class='ocr_line' id='line_1_43' title="bbox 2071 1319 3642 1390; baseline -0.006 -16"><span class='ocrx_word' id='word_1_283' title='bbox 2071 1335 2204 1375; x_wconf 87' lang='lat' dir='ltr'><strong>nora</strong></span> <span class='ocrx_word' id='word_1_284' title='bbox 2257 1320 2558 1385; x_wconf 84' lang='lat' dir='ltr'><strong>edidisset;</strong></span> <span class='ocrx_word' id='word_1_285' title='bbox 2622 1321 2821 1390; x_wconf 88' lang='lat' dir='ltr'><strong>digitus</strong></span> <span class='ocrx_word' id='word_1_286' title='bbox 2866 1320 3009 1374; x_wconf 90' lang='lat' dir='ltr'><strong>enim</strong></span> <span class='ocrx_word' id='word_1_287' title='bbox 3057 1319 3326 1374; x_wconf 85' lang='lat' dir='ltr'><strong>actionem</strong></span> <span class='ocrx_word' id='word_1_288' title='bbox 3356 1324 3413 1369; x_wconf 89' lang='lat' dir='ltr'><strong>et</strong></span> <span class='ocrx_word' id='word_1_289' title='bbox 3445 1329 3642 1382; x_wconf 76' lang='lat' dir='ltr'><strong>onera.-</strong></span> 
     </span>
    </p>
   </div>
   <div class='ocr_carea' id='block_1_44' title="bbox 2075 1410 2898 1479">
    <p class='ocr_par' dir='ltr' id='par_1_44' title="bbox 2075 1410 2898 1479">
     <span class='ocr_line' id='line_1_44' title="bbox 2075 1410 2898 1479; baseline 0.004 -17"><span class='ocrx_word' id='word_1_290' title='bbox 2075 1411 2271 1462; x_wconf 89' lang='lat' dir='ltr'><strong>tionem</strong></span> <span class='ocrx_word' id='word_1_291' title='bbox 2297 1410 2573 1464; x_wconf 87' lang='lat' dir='ltr'><strong>minimam</strong></span> <span class='ocrx_word' id='word_1_292' title='bbox 2611 1410 2898 1479; x_wconf 87' lang='lat' dir='ltr'><strong>significat.</strong></span> 
     </span>
    </p>
   </div>
   <div class='ocr_carea' id='block_1_45' title="bbox 2143 1496 3644 1553">
    <p class='ocr_par' dir='ltr' id='par_1_45' title="bbox 2143 1496 3644 1553">
     <span class='ocr_line' id='line_1_45' title="bbox 2143 1496 3644 1553; baseline 0 -3"><span class='ocrx_word' id='word_1_293' title='bbox 2143 1497 2306 1552; x_wconf 76' lang='lat' dir='ltr'><strong>Vens.</strong></span> <span class='ocrx_word' id='word_1_294' title='bbox 2349 1497 2437 1550; x_wconf 78' lang='lat' dir='ltr'><strong>M.</strong></span> <span class='ocrx_word' id='word_1_295' title='bbox 2477 1496 2752 1551; x_wconf 74' lang='lat' dir='ltr'><strong>Justitiam</strong></span> <span class='ocrx_word' id='word_1_296' title='bbox 2778 1514 2894 1552; x_wconf 75' lang='lat' dir='ltr'><strong>vero</strong></span> <span class='ocrx_word' id='word_1_297' title='bbox 2917 1499 3133 1553; x_wconf 71' lang='lat' dir='ltr'><strong>indutus</strong></span> <span class='ocrx_word' id='word_1_298' title='bbox 3156 1514 3294 1551; x_wconf 78' lang='lat' dir='ltr'><strong>sum.</strong></span> <span class='ocrx_word' id='word_1_299' title='bbox 3319 1496 3644 1553; x_wconf 64' lang='lat' dir='ltr'><strong>Praeclaram</strong></span> 
     </span>
    </p>
   </div>
   <div class='ocr_carea' id='block_1_46' title="bbox 2073 1586 3645 1657">
    <p class='ocr_par' dir='ltr' id='par_1_46' title="bbox 2073 1586 3645 1657">
     <span class='ocr_line' id='line_1_46' title="bbox 2073 1586 3645 1657; baseline -0.003 -15"><span class='ocrx_word' id='word_1_300' title='bbox 2073 1589 2310 1643; x_wconf 82' lang='lat' dir='ltr'><strong>tunicam</strong></span> <span class='ocrx_word' id='word_1_301' title='bbox 2369 1586 2538 1641; x_wconf 75' lang='lat' dir='ltr'><strong>Jobns</strong></span> <span class='ocrx_word' id='word_1_302' title='bbox 2583 1588 2684 1642; x_wconf 85' lang='lat' dir='ltr'><strong>sibi</strong></span> <span class='ocrx_word' id='word_1_303' title='bbox 2742 1590 3063 1652; x_wconf 81' lang='lat' dir='ltr'><strong>contexuit,</strong></span> <span class='ocrx_word' id='word_1_304' title='bbox 3116 1596 3177 1640; x_wconf 92' lang='lat' dir='ltr'><strong>nt</strong></span> <span class='ocrx_word' id='word_1_305' title='bbox 3221 1587 3488 1657; x_wconf 84' lang='lat' dir='ltr'><strong>justitiam</strong></span> <span class='ocrx_word' id='word_1_306' title='bbox 3544 1600 3645 1656; x_wconf 88' lang='lat' dir='ltr'><strong>pro</strong></span> 
     </span>
    </p>
   </div>
   <div class='ocr_carea' id='block_1_47' title="bbox 2073 1677 3644 1751">
    <p class='ocr_par' dir='ltr' id='par_1_47' title="bbox 2073 1677 3644 1751">
     <span class='ocr_line' id='line_1_47' title="bbox 2073 1677 3644 1751; baseline -0.003 -16"><span class='ocrx_word' id='word_1_307' title='bbox 2073 1680 2254 1735; x_wconf 87' lang='lat' dir='ltr'><strong>tunica</strong></span> <span class='ocrx_word' id='word_1_308' title='bbox 2289 1680 2557 1733; x_wconf 85' lang='lat' dir='ltr'><strong>indueret.</strong></span> <span class='ocrx_word' id='word_1_309' title='bbox 2603 1680 2736 1734; x_wconf 74' lang='lat' dir='ltr'><strong>Vide</strong></span> <span class='ocrx_word' id='word_1_310' title='bbox 2763 1681 2922 1734; x_wconf 89' lang='lat' dir='ltr'><strong>etiam</strong></span> <span class='ocrx_word' id='word_1_311' title='bbox 2955 1680 3073 1751; x_wconf 84' lang='lat' dir='ltr'><strong>ejus</strong></span> <span class='ocrx_word' id='word_1_312' title='bbox 3119 1679 3360 1749; x_wconf 84' lang='lat' dir='ltr'><strong>pallium.</strong></span> <span class='ocrx_word' id='word_1_313' title='bbox 3404 1677 3644 1742; x_wconf 68' lang='lat' dir='ltr'><strong>Iustitia,</strong></span> 
     </span>
    </p>
   </div>
   <div class='ocr_carea' id='block_1_48' title="bbox 2075 1769 2862 1838">
    <p class='ocr_par' dir='ltr' id='par_1_48' title="bbox 2075 1769 2862 1838">
     <span class='ocr_line' id='line_1_48' title="bbox 2075 1769 2862 1838; baseline 0.001 -14"><span class='ocrx_word' id='word_1_314' title='bbox 2075 1771 2254 1824; x_wconf 89' lang='lat' dir='ltr'><strong>tunica</strong></span> <span class='ocrx_word' id='word_1_315' title='bbox 2280 1788 2295 1834; x_wconf 92' lang='lat'><strong>;</strong></span> <span class='ocrx_word' id='word_1_316' title='bbox 2317 1769 2604 1838; x_wconf 81' lang='lat' dir='ltr'><strong>judicium,</strong></span> <span class='ocrx_word' id='word_1_317' title='bbox 2648 1769 2862 1837; x_wconf 87' lang='lat' dir='ltr'><strong>diplois.</strong></span> 
     </span>
    </p>
   </div>
   <div class='ocr_carea' id='block_1_49' title="bbox 2649 1858 3061 1916">
    <p class='ocr_par' dir='ltr' id='par_1_49' title="bbox 2649 1858 3061 1916">
     <span class='ocr_line' id='line_1_49' title="bbox 2649 1858 3061 1916; baseline 0.002 -4"><span class='ocrx_word' id='word_1_318' title='bbox 2649 1861 2805 1914; x_wconf 73' lang='lat' dir='ltr'><strong>CAP.</strong></span> <span class='ocrx_word' id='word_1_319' title='bbox 2847 1858 3061 1916; x_wconf 75' lang='lat' dir='ltr'><strong>XXXII.</strong></span> 
     </span>
    </p>
   </div>
   <div class='ocr_carea' id='block_1_50' title="bbox 2142 1948 3643 2015">
    <p class='ocr_par' dir='ltr' id='par_1_50' title="bbox 2142 1948 3643 2015">
     <span class='ocr_line' id='line_1_50' title="bbox 2142 1948 3643 2015; baseline -0.001 -11"><span class='ocrx_word' id='word_1_320' title='bbox 2142 1951 2308 2006; x_wconf 65' lang='lat' dir='ltr'><strong>Vens.</strong></span> <span class='ocrx_word' id='word_1_321' title='bbox 2345 1952 2398 2005; x_wconf 83' lang='lat'><strong>6.</strong></span> <span class='ocrx_word' id='word_1_322' title='bbox 2445 1951 2652 2004; x_wconf 66' lang='lat' dir='ltr'><strong>Timon:</strong></span> <span class='ocrx_word' id='word_1_323' title='bbox 2688 1952 2740 2004; x_wconf 80' lang='lat' dir='ltr'><strong>in</strong></span> <span class='ocrx_word' id='word_1_324' title='bbox 2775 1950 2914 2003; x_wconf 79' lang='lat' dir='ltr'><strong>vobis</strong></span> <span class='ocrx_word' id='word_1_325' title='bbox 2937 1961 3258 2003; x_wconf 77' lang='lat' dir='ltr'><strong>attnuttttare</strong></span> <span class='ocrx_word' id='word_1_326' title='bbox 3286 1963 3452 2002; x_wconf 76' lang='lat' dir='ltr'><strong>meam</strong></span> <span class='ocrx_word' id='word_1_327' title='bbox 3479 1948 3643 2015; x_wconf 72' lang='lat' dir='ltr'><strong>ipsius</strong></span> 
     </span>
    </p>
   </div>
   <div class='ocr_carea' id='block_1_51' title="bbox 2070 2037 3642 2110">
    <p class='ocr_par' dir='ltr' id='par_1_51' title="bbox 2070 2037 3642 2110">
     <span class='ocr_line' id='line_1_51' title="bbox 2070 2037 3642 2110; baseline -0.006 -12"><span class='ocrx_word' id='word_1_328' title='bbox 2070 2047 2358 2098; x_wconf 77' lang='lat' dir='ltr'><strong>scientiam.</strong></span> <span class='ocrx_word' id='word_1_329' title='bbox 2411 2042 2706 2096; x_wconf 82' lang='lat' dir='ltr'><strong>Proﬁtetur</strong></span> <span class='ocrx_word' id='word_1_330' title='bbox 2767 2040 2986 2110; x_wconf 92' lang='lat' dir='ltr'><strong>quidem</strong></span> <span class='ocrx_word' id='word_1_331' title='bbox 3048 2037 3406 2099; x_wconf 70' lang='lat' dir='ltr'><strong>«scientiam,</strong></span> <span class='ocrx_word' id='word_1_332' title='bbox 3439 2057 3458 2090; x_wconf 72' lang='grc' dir='ltr'><strong>ο</strong></span> <span class='ocrx_word' id='word_1_333' title='bbox 3521 2038 3642 2103; x_wconf 92' lang='lat' dir='ltr'><strong>vel,</strong></span> 
     </span>
    </p>
   </div>
   <div class='ocr_carea' id='block_1_52' title="bbox 2065 2129 3644 2204">
    <p class='ocr_par' dir='ltr' id='par_1_52' title="bbox 2065 2129 3644 2204">
     <span class='ocr_line' id='line_1_52' title="bbox 2065 2129 3644 2204; baseline -0.002 -18"><span class='ocrx_word' id='word_1_334' title='bbox 2065 2135 2216 2204; x_wconf 88' lang='lat' dir='ltr'><strong>juxta</strong></span> <span class='ocrx_word' id='word_1_335' title='bbox 2242 2135 2400 2198; x_wconf 86' lang='lat' dir='ltr'><strong>alios,</strong></span> <span class='ocrx_word' id='word_1_336' title='bbox 2433 2151 2452 2184; x_wconf 72' lang='grc' dir='ltr'><strong>ι</strong></span> <span class='ocrx_word' id='word_1_337' title='bbox 2476 2133 2722 2187; x_wconf 82' lang='lat' dir='ltr'><strong>notitiam</strong></span> <span class='ocrx_word' id='word_1_338' title='bbox 2749 2150 2766 2184; x_wconf 80' lang='grc' dir='ltr'><strong>ι</strong></span> <span class='ocrx_word' id='word_1_339' title='bbox 2801 2146 2860 2186; x_wconf 89' lang='lat' dir='ltr'><strong>se</strong></span> <span class='ocrx_word' id='word_1_340' title='bbox 2898 2133 3100 2186; x_wconf 85' lang='lat' dir='ltr'><strong>habere</strong></span> <span class='ocrx_word' id='word_1_341' title='bbox 3121 2170 3137 2194; x_wconf 94' lang='lat'><strong>,</strong></span> <span class='ocrx_word' id='word_1_342' title='bbox 3168 2131 3437 2199; x_wconf 88' lang='lat' dir='ltr'><strong>quomodo</strong></span> <span class='ocrx_word' id='word_1_343' title='bbox 3471 2129 3644 2184; x_wconf 85' lang='lat' dir='ltr'><strong>homi-</strong></span> 
     </span>
    </p>
   </div>
   <div class='ocr_carea' id='block_1_53' title="bbox 2073 2220 3641 2296">
    <p class='ocr_par' dir='ltr' id='par_1_53' title="bbox 2073 2220 3641 2296">
     <span class='ocr_line' id='line_1_53' title="bbox 2073 2220 3641 2296; baseline -0.005 -15"><span class='ocrx_word' id='word_1_344' title='bbox 2073 2243 2168 2281; x_wconf 90' lang='lat' dir='ltr'><strong>nes</strong></span> <span class='ocrx_word' id='word_1_345' title='bbox 2202 2229 2252 2279; x_wconf 91' lang='lat' dir='ltr'><strong>in</strong></span> <span class='ocrx_word' id='word_1_346' title='bbox 2280 2228 2384 2279; x_wconf 76' lang='lat' dir='ltr'><strong>vita</strong></span> <span class='ocrx_word' id='word_1_347' title='bbox 2416 2226 2718 2296; x_wconf 86' lang='lat' dir='ltr'><strong>patiantur,</strong></span> <span class='ocrx_word' id='word_1_348' title='bbox 2747 2233 2801 2278; x_wconf 90' lang='lat' dir='ltr'><strong>ct</strong></span> <span class='ocrx_word' id='word_1_349' title='bbox 2825 2239 2930 2293; x_wconf 88' lang='lat' dir='ltr'><strong>qua</strong></span> <span class='ocrx_word' id='word_1_350' title='bbox 2962 2224 3172 2277; x_wconf 83' lang='lat' dir='ltr'><strong>ratione</strong></span> <span class='ocrx_word' id='word_1_351' title='bbox 3192 2221 3430 2274; x_wconf 89' lang='lat' dir='ltr'><strong>nonnulli</strong></span> <span class='ocrx_word' id='word_1_352' title='bbox 3458 2220 3641 2290; x_wconf 88' lang='lat' dir='ltr'><strong>injusti</strong></span> 
     </span>
    </p>
   </div>
   <div class='ocr_carea' id='block_1_54' title="bbox 2073 2313 3648 2389">
    <p class='ocr_par' dir='ltr' id='par_1_54' title="bbox 2073 2313 3648 2389">
     <span class='ocr_line' id='line_1_54' title="bbox 2073 2313 3648 2389; baseline -0.004 -16"><span class='ocrx_word' id='word_1_353' title='bbox 2073 2335 2327 2389; x_wconf 86' lang='lat' dir='ltr'><strong>prospera</strong></span> <span class='ocrx_word' id='word_1_354' title='bbox 2363 2319 2576 2372; x_wconf 88' lang='lat' dir='ltr'><strong>fortuna</strong></span> <span class='ocrx_word' id='word_1_355' title='bbox 2603 2326 2842 2370; x_wconf 83' lang='lat' dir='ltr'><strong>utantur.</strong></span> <span class='ocrx_word' id='word_1_356' title='bbox 2889 2315 3004 2369; x_wconf 88' lang='lat' dir='ltr'><strong>Vidi</strong></span> <span class='ocrx_word' id='word_1_357' title='bbox 3035 2313 3264 2383; x_wconf 85' lang='lat' dir='ltr'><strong>injustos</strong></span> <span class='ocrx_word' id='word_1_358' title='bbox 3286 2323 3342 2367; x_wconf 90' lang='lat' dir='ltr'><strong>et</strong></span> <span class='ocrx_word' id='word_1_359' title='bbox 3370 2313 3648 2382; x_wconf 82' lang='lat' dir='ltr'><strong>improbos</strong></span> 
     </span>
    </p>
   </div>
   <div class='ocr_carea' id='block_1_55' title="bbox 2074 2407 3644 2478">
    <p class='ocr_par' dir='ltr' id='par_1_55' title="bbox 2074 2407 3644 2478">
     <span class='ocr_line' id='line_1_55' title="bbox 2074 2407 3644 2478; baseline -0.004 -12"><span class='ocrx_word' id='word_1_360' title='bbox 2074 2413 2331 2467; x_wconf 77' lang='lat' dir='ltr'><strong>felicitate</strong></span> <span class='ocrx_word' id='word_1_361' title='bbox 2363 2411 2626 2474; x_wconf 87' lang='lat' dir='ltr'><strong>fruentes,</strong></span> <span class='ocrx_word' id='word_1_362' title='bbox 2658 2420 2711 2464; x_wconf 90' lang='lat' dir='ltr'><strong>et</strong></span> <span class='ocrx_word' id='word_1_363' title='bbox 2733 2409 2896 2478; x_wconf 90' lang='lat' dir='ltr'><strong>pedes</strong></span> <span class='ocrx_word' id='word_1_364' title='bbox 2917 2408 3028 2462; x_wconf 86' lang='lat' dir='ltr'><strong>mei</strong></span> <span class='ocrx_word' id='word_1_365' title='bbox 3055 2423 3190 2476; x_wconf 86' lang='lat' dir='ltr'><strong>pene</strong></span> <span class='ocrx_word' id='word_1_366' title='bbox 3213 2407 3466 2460; x_wconf 88' lang='lat' dir='ltr'><strong>commoti</strong></span> <span class='ocrx_word' id='word_1_367' title='bbox 3494 2416 3644 2469; x_wconf 81' lang='lat' dir='ltr'><strong>sunt,</strong></span> 
     </span>
    </p>
   </div>
   <div class='ocr_carea' id='block_1_56' title="bbox 2071 2499 3640 2571">
    <p class='ocr_par' dir='ltr' id='par_1_56' title="bbox 2071 2499 3640 2571">
     <span class='ocr_line' id='line_1_56' title="bbox 2071 2499 3640 2571; baseline -0.006 -11"><span class='ocrx_word' id='word_1_368' title='bbox 2071 2508 2116 2560; x_wconf 88' lang='lat' dir='ltr'><strong>si</strong></span> <span class='ocrx_word' id='word_1_369' title='bbox 2179 2505 2340 2559; x_wconf 89' lang='lat' dir='ltr'><strong>vitam</strong></span> <span class='ocrx_word' id='word_1_370' title='bbox 2384 2504 2524 2558; x_wconf 77' lang='lat' dir='ltr'><strong>lianc</strong></span> <span class='ocrx_word' id='word_1_371' title='bbox 2557 2511 2876 2571; x_wconf 69' lang='lat' dir='ltr'><strong>praesentem</strong></span> <span class='ocrx_word' id='word_1_372' title='bbox 2910 2510 3119 2554; x_wconf 84' lang='lat' dir='ltr'><strong>tantum</strong></span> <span class='ocrx_word' id='word_1_373' title='bbox 3171 2499 3546 2565; x_wconf 75' lang='lat' dir='ltr'><strong>contemplor;</strong></span> <span class='ocrx_word' id='word_1_374' title='bbox 3597 2500 3640 2552; x_wconf 89' lang='lat' dir='ltr'><strong>si</strong></span> 
     </span>
    </p>
   </div>
   <div class='ocr_carea' id='block_1_57' title="bbox 2071 2590 3644 2665">
    <p class='ocr_par' dir='ltr' id='par_1_57' title="bbox 2071 2590 3644 2665">
     <span class='ocr_line' id='line_1_57' title="bbox 2071 2590 3644 2665; baseline -0.003 -16"><span class='ocrx_word' id='word_1_375' title='bbox 2071 2613 2203 2651; x_wconf 89' lang='lat' dir='ltr'><strong>vero</strong></span> <span class='ocrx_word' id='word_1_376' title='bbox 2230 2597 2370 2665; x_wconf 90' lang='lat' dir='ltr'><strong>quod</strong></span> <span class='ocrx_word' id='word_1_377' title='bbox 2406 2596 2646 2650; x_wconf 89' lang='lat' dir='ltr'><strong>futurum</strong></span> <span class='ocrx_word' id='word_1_378' title='bbox 2683 2604 2762 2649; x_wconf 91' lang='lat' dir='ltr'><strong>est</strong></span> <span class='ocrx_word' id='word_1_379' title='bbox 2791 2603 2971 2648; x_wconf 88' lang='lat' dir='ltr'><strong>mente</strong></span> <span class='ocrx_word' id='word_1_380' title='bbox 2997 2592 3329 2662; x_wconf 62' lang='lat' dir='ltr'><strong>cogitavere,</strong></span> <span class='ocrx_word' id='word_1_381' title='bbox 3356 2592 3518 2660; x_wconf 80' lang='lat' dir='ltr'><strong>pedes</strong></span> <span class='ocrx_word' id='word_1_382' title='bbox 3539 2590 3644 2644; x_wconf 82' lang='lat' dir='ltr'><strong>luci</strong></span> 
     </span>
    </p>
   </div>
   <div class='ocr_carea' id='block_1_58' title="bbox 2073 2688 2370 2743">
    <p class='ocr_par' dir='ltr' id='par_1_58' title="bbox 2073 2688 2370 2743">
     <span class='ocr_line' id='line_1_58' title="bbox 2073 2688 2370 2743; baseline -0.01 0"><span class='ocrx_word' id='word_1_383' title='bbox 2073 2688 2164 2743; x_wconf 80' lang='lat' dir='ltr'><strong>fixi</strong></span> <span class='ocrx_word' id='word_1_384' title='bbox 2201 2698 2370 2742; x_wconf 86' lang='lat' dir='ltr'><strong>stant.</strong></span> 
     </span>
    </p>
   </div>
   <div class='ocr_carea' id='block_1_59' title="bbox 2144 2773 3644 2844">
    <p class='ocr_par' dir='ltr' id='par_1_59' title="bbox 2144 2773 3644 2844">
     <span class='ocr_line' id='line_1_59' title="bbox 2144 2773 3644 2844; baseline -0.007 -10"><span class='ocrx_word' id='word_1_385' title='bbox 2144 2779 2306 2838; x_wconf 73' lang='lat' dir='ltr'><strong>Vens.</strong></span> <span class='ocrx_word' id='word_1_386' title='bbox 2347 2780 2432 2834; x_wconf 79' lang='grc'><strong>10.</strong></span> <span class='ocrx_word' id='word_1_387' title='bbox 2478 2778 2654 2844; x_wconf 83' lang='lat' dir='ltr'><strong>Quare</strong></span> <span class='ocrx_word' id='word_1_388' title='bbox 2685 2779 2830 2832; x_wconf 71' lang='lat' dir='ltr'><strong>dixi:</strong></span> <span class='ocrx_word' id='word_1_389' title='bbox 2871 2777 3058 2830; x_wconf 78' lang='lat' dir='ltr'><strong>Audite</strong></span> <span class='ocrx_word' id='word_1_390' title='bbox 3086 2792 3184 2829; x_wconf 87' lang='lat' dir='ltr'><strong>me.</strong></span> <span class='ocrx_word' id='word_1_391' title='bbox 3219 2775 3335 2828; x_wconf 84' lang='lat' dir='ltr'><strong>Alia</strong></span> <span class='ocrx_word' id='word_1_392' title='bbox 3367 2773 3644 2839; x_wconf 75' lang='lat' dir='ltr'><strong>exetnpla-</strong></span> 
     </span>
    </p>
   </div>
   <div class='ocr_carea' id='block_1_60' title="bbox 2074 2862 3641 2941">
    <p class='ocr_par' dir='ltr' id='par_1_60' title="bbox 2074 2862 3641 2941">
     <span class='ocr_line' id='line_1_60' title="bbox 2074 2862 3641 2941; baseline -0.008 -15"><span class='ocrx_word' id='word_1_393' title='bbox 2074 2873 2174 2937; x_wconf 88' lang='lat' dir='ltr'><strong>ria,</strong></span> <span class='ocrx_word' id='word_1_394' title='bbox 2211 2880 2329 2941; x_wconf 88' lang='lat' dir='ltr'><strong>post</strong></span> <span class='ocrx_word' id='word_1_395' title='bbox 2378 2871 2532 2935; x_wconf 82' lang='lat' dir='ltr'><strong>illm],</strong></span> <span class='ocrx_word' id='word_1_396' title='bbox 2587 2868 2814 2923; x_wconf 67' lang='lat' dir='ltr'><strong>(Dicam</strong></span> <span class='ocrx_word' id='word_1_397' title='bbox 2863 2867 3014 2920; x_wconf 86' lang='lat' dir='ltr'><strong>vobis</strong></span> <span class='ocrx_word' id='word_1_398' title='bbox 3057 2865 3423 2927; x_wconf 77' lang='lat' dir='ltr'><strong>audientibus,</strong></span> <span class='ocrx_word' id='word_1_399' title='bbox 3459 2882 3475 2912; x_wconf 76' lang='grc' dir='ltr'><strong>ι</strong></span> <span class='ocrx_word' id='word_1_400' title='bbox 3537 2862 3641 2914; x_wconf 65' lang='lat' dir='ltr'><strong>bos</strong></span> 
     </span>
    </p>
   </div>
   <div class='ocr_carea' id='block_1_61' title="bbox 2073 2959 3642 3018">
    <p class='ocr_par' dir='ltr' id='par_1_61' title="bbox 2073 2959 3642 3018">
     <span class='ocr_line' id='line_1_61' title="bbox 2073 2959 3642 3018; baseline -0.008 -3"><span class='ocrx_word' id='word_1_401' title='bbox 2073 2977 2262 3017; x_wconf 87' lang='lat' dir='ltr'><strong>versus</strong></span> <span class='ocrx_word' id='word_1_402' title='bbox 2306 2962 2507 3018; x_wconf 79' lang='lat' dir='ltr'><strong>habent</strong></span> <span class='ocrx_word' id='word_1_403' title='bbox 2539 2979 2552 3014; x_wconf 90' lang='lat'><strong>:</strong></span> <span class='ocrx_word' id='word_1_404' title='bbox 2588 2977 2607 3012; x_wconf 76' lang='grc' dir='ltr'><strong>ι</strong></span> <span class='ocrx_word' id='word_1_405' title='bbox 2633 2960 2773 3014; x_wconf 84' lang='lat' dir='ltr'><strong>Ecce</strong></span> <span class='ocrx_word' id='word_1_406' title='bbox 2811 2959 2993 3015; x_wconf 83' lang='lat' dir='ltr'><strong>audivi</strong></span> <span class='ocrx_word' id='word_1_407' title='bbox 3054 2970 3336 3010; x_wconf 86' lang='lat' dir='ltr'><strong>sermones</strong></span> <span class='ocrx_word' id='word_1_408' title='bbox 3387 2963 3598 3006; x_wconf 84' lang='lat' dir='ltr'><strong>vestros</strong></span> <span class='ocrx_word' id='word_1_409' title='bbox 3625 2990 3642 3014; x_wconf 95' lang='lat'><strong>,</strong></span> 
     </span>
    </p>
   </div>
   <div class='ocr_carea' id='block_1_62' title="bbox 2072 3043 3643 3118">
    <p class='ocr_par' dir='ltr' id='par_1_62' title="bbox 2072 3043 3643 3118">
     <span class='ocr_line' id='line_1_62' title="bbox 2072 3043 3643 3118; baseline -0.006 -11"><span class='ocrx_word' id='word_1_410' title='bbox 2072 3052 2372 3108; x_wconf 85' lang='lat' dir='ltr'><strong>auscultavi</strong></span> <span class='ocrx_word' id='word_1_411' title='bbox 2422 3065 2592 3118; x_wconf 87' lang='lat' dir='ltr'><strong>usque</strong></span> <span class='ocrx_word' id='word_1_412' title='bbox 2629 3052 2696 3104; x_wconf 88' lang='lat' dir='ltr'><strong>ad</strong></span> <span class='ocrx_word' id='word_1_413' title='bbox 2725 3049 3138 3118; x_wconf 81' lang='lat' dir='ltr'><strong>intelligentiam</strong></span> <span class='ocrx_word' id='word_1_414' title='bbox 3176 3057 3432 3100; x_wconf 83' lang='lat' dir='ltr'><strong>vestram.</strong></span> <span class='ocrx_word' id='word_1_415' title='bbox 3460 3064 3479 3096; x_wconf 73' lang='grc' dir='ltr'><strong>ι</strong></span> <span class='ocrx_word' id='word_1_416' title='bbox 3524 3043 3643 3099; x_wconf 74' lang='lat' dir='ltr'><strong>Cae-</strong></span> 
     </span>
    </p>
   </div>
   <div class='ocr_carea' id='block_1_63' title="bbox 2076 3135 3645 3210">
    <p class='ocr_par' dir='ltr' id='par_1_63' title="bbox 2076 3135 3645 3210">
     <span class='ocr_line' id='line_1_63' title="bbox 2076 3135 3645 3210; baseline -0.006 -13"><span class='ocrx_word' id='word_1_417' title='bbox 2076 3146 2174 3197; x_wconf 88' lang='lat' dir='ltr'><strong>teri</strong></span> <span class='ocrx_word' id='word_1_418' title='bbox 2205 3158 2333 3196; x_wconf 86' lang='lat' dir='ltr'><strong>vero</strong></span> <span class='ocrx_word' id='word_1_419' title='bbox 2359 3143 2686 3210; x_wconf 74' lang='lat' dir='ltr'><strong>interpretes</strong></span> <span class='ocrx_word' id='word_1_420' title='bbox 2715 3142 2794 3196; x_wconf 92' lang='lat' dir='ltr'><strong>sic</strong></span> <span class='ocrx_word' id='word_1_421' title='bbox 2825 3140 3208 3194; x_wconf 87' lang='lat' dir='ltr'><strong>reddiderunt:</strong></span> <span class='ocrx_word' id='word_1_422' title='bbox 3247 3157 3265 3189; x_wconf 76' lang='grc' dir='ltr'><strong>ι</strong></span> <span class='ocrx_word' id='word_1_423' title='bbox 3293 3136 3435 3191; x_wconf 87' lang='lat' dir='ltr'><strong>Ecce</strong></span> <span class='ocrx_word' id='word_1_424' title='bbox 3456 3135 3645 3202; x_wconf 75' lang='lat' dir='ltr'><strong>excepi</strong></span> 
     </span>
    </p>
   </div>
   <div class='ocr_carea' id='block_1_64' title="bbox 391 3225 1968 3316">
    <p class='ocr_par' dir='ltr' id='par_1_64' title="bbox 391 3238 1967 3316">
     <span class='ocr_line' id='line_1_64' title="bbox 391 3238 1967 3316; baseline 0.005 -26"><span class='ocrx_word' id='word_1_425' title='bbox 391 3240 518 3302; x_wconf 79' lang='grc' dir='ltr'>τοὺς</span> <span class='ocrx_word' id='word_1_426' title='bbox 563 3238 748 3307; x_wconf 83' lang='grc' dir='ltr'>λόγους</span> <span class='ocrx_word' id='word_1_427' title='bbox 789 3239 961 3310; x_wconf 77' lang='grc' dir='ltr'>ὑμῶν’</span> <span class='ocrx_word' id='word_1_428' title='bbox 1000 3243 1356 3313; x_wconf 72' lang='grc' dir='ltr'>ἠκροασάμην</span> <span class='ocrx_word' id='word_1_429' title='bbox 1395 3243 1480 3311; x_wconf 69' lang='grc' dir='ltr'><strong>ἐφ’</strong></span> <span class='ocrx_word' id='word_1_430' title='bbox 1510 3244 1632 3296; x_wconf 83' lang='grc' dir='ltr'>ὅσον</span> <span class='ocrx_word' id='word_1_431' title='bbox 1672 3247 1967 3316; x_wconf 61' lang='grc' dir='ltr'>ἐφρονεῖτε,</span> 
     </span>
    </p>
   </div>
   <div class='ocr_carea' id='block_1_65' title="bbox 2072 3225 3646 3316">
    <p class='ocr_par' dir='ltr' id='par_1_65' title="bbox 2073 3225 3646 3296">
     <span class='ocr_line' id='line_1_65' title="bbox 2073 3225 3646 3296; baseline -0.005 -8"><span class='ocrx_word' id='word_1_432' title='bbox 2073 3249 2354 3288; x_wconf 88' lang='lat' dir='ltr'><strong>sermones</strong></span> <span class='ocrx_word' id='word_1_433' title='bbox 2377 3243 2612 3295; x_wconf 86' lang='lat' dir='ltr'><strong>vestros,</strong></span> <span class='ocrx_word' id='word_1_434' title='bbox 2641 3231 2940 3286; x_wconf 76' lang='lat' dir='ltr'><strong>auscultavi</strong></span> <span class='ocrx_word' id='word_1_435' title='bbox 2971 3228 3145 3284; x_wconf 87' lang='lat' dir='ltr'><strong>donec</strong></span> <span class='ocrx_word' id='word_1_436' title='bbox 3165 3227 3450 3296; x_wconf 85' lang='lat' dir='ltr'><strong>saperetis,</strong></span> <span class='ocrx_word' id='word_1_437' title='bbox 3474 3225 3646 3280; x_wconf 85' lang='lat' dir='ltr'><strong>donec</strong></span> 
     </span>
    </p>
   </div>
   <div class='ocr_carea' id='block_1_66' title="bbox 397 3331 1969 3408">
    <p class='ocr_par' dir='ltr' id='par_1_66' title="bbox 397 3331 1969 3408">
     <span class='ocr_line' id='line_1_66' title="bbox 397 3331 1969 3408; baseline 0.007 -25"><span class='ocrx_word' id='word_1_438' title='bbox 397 3331 478 3400; x_wconf 78' lang='grc' dir='ltr'><strong>ἐφ’</strong></span> <span class='ocrx_word' id='word_1_439' title='bbox 513 3333 634 3384; x_wconf 84' lang='grc' dir='ltr'>ὅσον</span> <span class='ocrx_word' id='word_1_440' title='bbox 666 3332 952 3402; x_wconf 78' lang='grc' dir='ltr'>ἐξητάζετε</span> <span class='ocrx_word' id='word_1_441' title='bbox 983 3334 1172 3402; x_wconf 82' lang='grc' dir='ltr'>λόγους</span> <span class='ocrx_word' id='word_1_442' title='bbox 1194 3374 1208 3397; x_wconf 86' lang='grc'><strong>,</strong></span> <span class='ocrx_word' id='word_1_443' title='bbox 1240 3336 1334 3388; x_wconf 74' lang='grc' dir='ltr'><strong>καὶ</strong></span> <span class='ocrx_word' id='word_1_444' title='bbox 1367 3337 1526 3408; x_wconf 86' lang='grc' dir='ltr'>μέχρι</span> <span class='ocrx_word' id='word_1_445' title='bbox 1557 3339 1650 3392; x_wconf 82' lang='grc' dir='ltr'>τοῦ</span> <span class='ocrx_word' id='word_1_446' title='bbox 1681 3339 1969 3408; x_wconf 74' lang='grc' dir='ltr'>ἐφικέσθαι</span> 
     </span>
    </p>
   </div>
   <div class='ocr_carea' id='block_1_67' title="bbox 398 3423 1970 3502">
    <p class='ocr_par' dir='ltr' id='par_1_67' title="bbox 398 3423 1970 3502">
     <span class='ocr_line' id='line_1_67' title="bbox 398 3423 1970 3502; baseline 0.007 -27"><span class='ocrx_word' id='word_1_447' title='bbox 398 3423 567 3492; x_wconf 83' lang='grc' dir='ltr'>ὑμῶν,</span> <span class='ocrx_word' id='word_1_448' title='bbox 599 3423 859 3476; x_wconf 87' lang='grc' dir='ltr'>ἐνενόουν.</span> <span class='ocrx_word' id='word_1_449' title='bbox 902 3444 918 3475; x_wconf 74' lang='grc' dir='ltr'><strong>ι</strong></span> <span class='ocrx_word' id='word_1_450' title='bbox 958 3425 1114 3479; x_wconf 76' lang='grc' dir='ltr'>Κατὰ</span> <span class='ocrx_word' id='word_1_451' title='bbox 1149 3427 1246 3495; x_wconf 84' lang='grc' dir='ltr'><strong>μὲν</strong></span> <span class='ocrx_word' id='word_1_452' title='bbox 1275 3424 1367 3480; x_wconf 77' lang='grc' dir='ltr'><strong>οὖν</strong></span> <span class='ocrx_word' id='word_1_453' title='bbox 1397 3428 1600 3500; x_wconf 81' lang='grc' dir='ltr'>ταύτην</span> <span class='ocrx_word' id='word_1_454' title='bbox 1631 3435 1728 3502; x_wconf 77' lang='grc' dir='ltr'>τὴν</span> <span class='ocrx_word' id='word_1_455' title='bbox 1757 3431 1970 3486; x_wconf 79' lang='grc' dir='ltr'>ἔκδοσιν</span> 
     </span>
    </p>
   </div>
   <div class='ocr_carea' id='block_1_68' title="bbox 396 3514 1970 3592">
    <p class='ocr_par' dir='ltr' id='par_1_68' title="bbox 396 3514 1970 3592">
     <span class='ocr_line' id='line_1_68' title="bbox 396 3514 1970 3592; baseline 0.006 -26"><span class='ocrx_word' id='word_1_456' title='bbox 396 3515 488 3567; x_wconf 79' lang='grc' dir='ltr'><strong>καὶ</strong></span> <span class='ocrx_word' id='word_1_457' title='bbox 517 3514 584 3567; x_wconf 84' lang='grc' dir='ltr'>τὰ</span> <span class='ocrx_word' id='word_1_458' title='bbox 610 3515 774 3584; x_wconf 73' lang='grc' dir='ltr'>ἕτερα</span> <span class='ocrx_word' id='word_1_459' title='bbox 804 3515 910 3568; x_wconf 83' lang='grc' dir='ltr'><strong>τῶν</strong></span> <span class='ocrx_word' id='word_1_460' title='bbox 944 3517 1290 3589; x_wconf 77' lang='grc' dir='ltr'>ἀντιγράφων</span> <span class='ocrx_word' id='word_1_461' title='bbox 1314 3557 1329 3582; x_wconf 94' lang='grc'><strong>,</strong></span> <span class='ocrx_word' id='word_1_462' title='bbox 1362 3519 1571 3591; x_wconf 82' lang='grc' dir='ltr'>Ὥσπερ</span> <span class='ocrx_word' id='word_1_463' title='bbox 1591 3561 1606 3584; x_wconf 86' lang='grc'><strong>,</strong></span> <span class='ocrx_word' id='word_1_464' title='bbox 1641 3522 1823 3591; x_wconf 80' lang='grc' dir='ltr'>φησὶν,</span> <span class='ocrx_word' id='word_1_465' title='bbox 1859 3522 1970 3592; x_wconf 86' lang='grc' dir='ltr'><strong>ἐγὼ</strong></span> 
     </span>
    </p>
   </div>
   <div class='ocr_carea' id='block_1_69' title="bbox 396 3605 1972 3685">
    <p class='ocr_par' dir='ltr' id='par_1_69' title="bbox 396 3605 1972 3685">
     <span class='ocr_line' id='line_1_69' title="bbox 396 3605 1972 3685; baseline 0.007 -28"><span class='ocrx_word' id='word_1_466' title='bbox 396 3605 513 3675; x_wconf 80' lang='grc' dir='ltr'>μεθ’</span> <span class='ocrx_word' id='word_1_467' title='bbox 536 3607 767 3677; x_wconf 79' lang='grc' dir='ltr'>ἡσυχίας</span> <span class='ocrx_word' id='word_1_468' title='bbox 790 3608 995 3677; x_wconf 75' lang='grc' dir='ltr'>ἥκουσα</span> <span class='ocrx_word' id='word_1_469' title='bbox 1023 3609 1238 3662; x_wconf 86' lang='grc' dir='ltr'>πάντων</span> <span class='ocrx_word' id='word_1_470' title='bbox 1260 3605 1334 3663; x_wconf 80' lang='grc' dir='ltr'>ὧν</span> <span class='ocrx_word' id='word_1_471' title='bbox 1361 3611 1568 3674; x_wconf 72' lang='grc' dir='ltr'>εἴπατε,</span> <span class='ocrx_word' id='word_1_472' title='bbox 1593 3615 1686 3666; x_wconf 67' lang='grc' dir='ltr'><strong>καὶ</strong></span> <span class='ocrx_word' id='word_1_473' title='bbox 1711 3614 1972 3685; x_wconf 79' lang='grc' dir='ltr'>ἀνέμεινα</span> 
     </span>
    </p>
   </div>
   <div class='ocr_carea' id='block_1_70' title="bbox 397 3697 1972 3773">
    <p class='ocr_par' dir='ltr' id='par_1_70' title="bbox 397 3697 1972 3773">
     <span class='ocr_line' id='line_1_70' title="bbox 397 3697 1972 3773; baseline 0.007 -24"><span class='ocrx_word' id='word_1_474' title='bbox 397 3697 557 3768; x_wconf 87' lang='grc' dir='ltr'>μέχρι</span> <span class='ocrx_word' id='word_1_475' title='bbox 587 3700 1048 3770; x_wconf 84' lang='grc' dir='ltr'>συμπεράσματος</span> <span class='ocrx_word' id='word_1_476' title='bbox 1074 3699 1182 3754; x_wconf 83' lang='grc' dir='ltr'>τῶν</span> <span class='ocrx_word' id='word_1_477' title='bbox 1211 3702 1488 3773; x_wconf 85' lang='grc' dir='ltr'>ὑμετέρων</span> <span class='ocrx_word' id='word_1_478' title='bbox 1516 3703 1689 3773; x_wconf 88' lang='grc' dir='ltr'>λόγων</span> <span class='ocrx_word' id='word_1_479' title='bbox 1715 3721 1728 3734; x_wconf 92' lang='grc'><strong>·</strong></span> <span class='ocrx_word' id='word_1_480' title='bbox 1754 3707 1846 3758; x_wconf 72' lang='grc' dir='ltr'>καὶ</span> <span class='ocrx_word' id='word_1_481' title='bbox 1867 3707 1972 3770; x_wconf 75' lang='grc' dir='ltr'><strong>ἕως</strong></span> 
     </span>
    </p>
   </div>
   <div class='ocr_carea' id='block_1_71' title="bbox 392 3789 1971 3866">
    <p class='ocr_par' dir='ltr' id='par_1_71' title="bbox 392 3789 1971 3866">
     <span class='ocr_line' id='line_1_71' title="bbox 392 3789 1971 3866; baseline 0.006 -26"><span class='ocrx_word' id='word_1_482' title='bbox 392 3789 480 3841; x_wconf 53' lang='lat' dir='ltr'><strong>hs</strong></span> <span class='ocrx_word' id='word_1_483' title='bbox 515 3791 692 3842; x_wconf 80' lang='grc' dir='ltr'>πᾶσαν</span> <span class='ocrx_word' id='word_1_484' title='bbox 720 3791 925 3844; x_wconf 81' lang='grc' dir='ltr'>ἑαυτῶν</span> <span class='ocrx_word' id='word_1_485' title='bbox 953 3791 1052 3862; x_wconf 84' lang='grc' dir='ltr'>τὴν</span> <span class='ocrx_word' id='word_1_486' title='bbox 1075 3790 1334 3862; x_wconf 84' lang='grc' dir='ltr'>φρόνησιν</span> <span class='ocrx_word' id='word_1_487' title='bbox 1359 3792 1632 3866; x_wconf 80' lang='grc' dir='ltr'>κενὼσητε</span> <span class='ocrx_word' id='word_1_488' title='bbox 1658 3812 1670 3824; x_wconf 77' lang='grc'><strong><em>⁸</em></strong></span> <span class='ocrx_word' id='word_1_489' title='bbox 1698 3795 1791 3848; x_wconf 74' lang='grc' dir='ltr'><strong>καὶ</strong></span> <span class='ocrx_word' id='word_1_490' title='bbox 1815 3797 1971 3866; x_wconf 83' lang='grc' dir='ltr'>ὑμεῖς</span> 
     </span>
    </p>
   </div>
   <div class='ocr_carea' id='block_1_72' title="bbox 396 3877 1972 3956">
    <p class='ocr_par' dir='ltr' id='par_1_72' title="bbox 396 3877 1972 3956">
     <span class='ocr_line' id='line_1_72' title="bbox 396 3877 1972 3956; baseline 0.006 -27"><span class='ocrx_word' id='word_1_491' title='bbox 396 3877 503 3930; x_wconf 81' lang='grc' dir='ltr'>τῶν</span> <span class='ocrx_word' id='word_1_492' title='bbox 537 3877 685 3948; x_wconf 80' lang='grc' dir='ltr'>ἐμῶν</span> <span class='ocrx_word' id='word_1_493' title='bbox 713 3879 978 3932; x_wconf 82' lang='grc' dir='ltr'>ἀκούσατε</span> <span class='ocrx_word' id='word_1_494' title='bbox 1021 3881 1214 3949; x_wconf 87' lang='grc' dir='ltr'>λόγων.</span> <span class='ocrx_word' id='word_1_495' title='bbox 1261 3882 1415 3936; x_wconf 66' lang='grc' dir='ltr'>Κατὰ</span> <span class='ocrx_word' id='word_1_496' title='bbox 1461 3882 1517 3936; x_wconf 86' lang='grc' dir='ltr'>δὲ</span> <span class='ocrx_word' id='word_1_497' title='bbox 1558 3883 1627 3936; x_wconf 77' lang='grc' dir='ltr'>τὰ</span> <span class='ocrx_word' id='word_1_498' title='bbox 1673 3887 1801 3956; x_wconf 85' lang='grc' dir='ltr'>παρ’</span> <span class='ocrx_word' id='word_1_499' title='bbox 1839 3887 1972 3956; x_wconf 87' lang='grc' dir='ltr'>ήμῖν</span> 
     </span>
    </p>
   </div>
   <div class='ocr_carea' id='block_1_73' title="bbox 399 3965 1972 4050">
    <p class='ocr_par' dir='ltr' id='par_1_73' title="bbox 399 3965 1972 4050">
     <span class='ocr_line' id='line_1_73' title="bbox 399 3965 1972 4050; baseline 0.006 -29"><span class='ocrx_word' id='word_1_500' title='bbox 399 3968 698 4039; x_wconf 66' lang='grc' dir='ltr'>ἀντίγραφα</span> <span class='ocrx_word' id='word_1_501' title='bbox 726 3973 754 4024; x_wconf 88' lang='lat'><strong>6</strong></span> <span class='ocrx_word' id='word_1_502' title='bbox 780 3970 904 4034; x_wconf 84' lang='grc' dir='ltr'>νοῦς</span> <span class='ocrx_word' id='word_1_503' title='bbox 936 3965 1087 4035; x_wconf 80' lang='grc' dir='ltr'>οὗτος</span> <span class='ocrx_word' id='word_1_504' title='bbox 1111 3989 1123 4001; x_wconf 90' lang='grc'>·</span> <span class='ocrx_word' id='word_1_505' title='bbox 1172 3973 1465 4028; x_wconf 79' lang='grc' dir='ltr'>Ἀκούσατέ</span> <span class='ocrx_word' id='word_1_506' title='bbox 1487 3993 1606 4045; x_wconf 86' lang='grc' dir='ltr'>μου,</span> <span class='ocrx_word' id='word_1_507' title='bbox 1634 3977 1796 4047; x_wconf 81' lang='grc' dir='ltr'>φησιν</span> <span class='ocrx_word' id='word_1_508' title='bbox 1819 3994 1831 4008; x_wconf 78' lang='grc' dir='ltr'><strong><em>ο</em></strong></span> <span class='ocrx_word' id='word_1_509' title='bbox 1861 3977 1972 4050; x_wconf 78' lang='grc' dir='ltr'><strong>ἐρῶ</strong></span> 
     </span>
    </p>
   </div>
   <div class='ocr_carea' id='block_1_74' title="bbox 395 4061 1967 4138">
    <p class='ocr_par' dir='ltr' id='par_1_74' title="bbox 395 4061 1967 4138">
     <span class='ocr_line' id='line_1_74' title="bbox 395 4061 1967 4138; baseline 0.004 -23"><span class='ocrx_word' id='word_1_510' title='bbox 395 4061 503 4132; x_wconf 67' lang='grc' dir='ltr'><strong>γάρ</strong></span> <span class='ocrx_word' id='word_1_511' title='bbox 545 4061 697 4114; x_wconf 81' lang='grc' dir='ltr'>οὐδὲν</span> <span class='ocrx_word' id='word_1_512' title='bbox 746 4062 1052 4134; x_wconf 82' lang='grc' dir='ltr'>ὑπέρογκον</span> <span class='ocrx_word' id='word_1_513' title='bbox 1077 4101 1092 4125; x_wconf 88' lang='grc'><strong>,</strong></span> <span class='ocrx_word' id='word_1_514' title='bbox 1132 4062 1247 4116; x_wconf 84' lang='grc' dir='ltr'>ἀλλ’</span> <span class='ocrx_word' id='word_1_515' title='bbox 1288 4063 1324 4118; x_wconf 75' lang='grc' dir='ltr'>ἃ</span> <span class='ocrx_word' id='word_1_516' title='bbox 1385 4063 1613 4118; x_wconf 82' lang='grc' dir='ltr'>δύνασθε</span> <span class='ocrx_word' id='word_1_517' title='bbox 1654 4066 1967 4138; x_wconf 85' lang='grc' dir='ltr'>δοκιμάσαι.</span> 
     </span>
    </p>
   </div>
   <div class='ocr_carea' id='block_1_75' title="bbox 399 4151 1972 4226">
    <p class='ocr_par' dir='ltr' id='par_1_75' title="bbox 399 4151 1972 4226">
     <span class='ocr_line' id='line_1_75' title="bbox 399 4151 1972 4226; baseline 0.008 -27"><span class='ocrx_word' id='word_1_518' title='bbox 399 4169 421 4199; x_wconf 79' lang='grc'><em>‹</em></span> <span class='ocrx_word' id='word_1_519' title='bbox 459 4151 568 4207; x_wconf 76' lang='grc' dir='ltr'><strong>Καὶ</strong></span> <span class='ocrx_word' id='word_1_520' title='bbox 600 4151 790 4222; x_wconf 84' lang='grc' dir='ltr'>μέχρις</span> <span class='ocrx_word' id='word_1_521' title='bbox 824 4151 977 4222; x_wconf 85' lang='grc' dir='ltr'>ὑμῶν</span> <span class='ocrx_word' id='word_1_522' title='bbox 1007 4154 1241 4223; x_wconf 90' lang='grc' dir='ltr'>συνήσω,</span> <span class='ocrx_word' id='word_1_523' title='bbox 1285 4172 1302 4204; x_wconf 73' lang='grc' dir='ltr'><strong>ι</strong></span> <span class='ocrx_word' id='word_1_524' title='bbox 1335 4155 1454 4207; x_wconf 76' lang='grc' dir='ltr'>ἀντὶ</span> <span class='ocrx_word' id='word_1_525' title='bbox 1477 4154 1595 4217; x_wconf 85' lang='grc' dir='ltr'>τοῦ,</span> <span class='ocrx_word' id='word_1_526' title='bbox 1627 4157 1703 4210; x_wconf 84' lang='grc' dir='ltr'><strong>υὺ</strong></span> <span class='ocrx_word' id='word_1_527' title='bbox 1733 4174 1972 4226; x_wconf 77' lang='grc' dir='ltr'>κενοφω-</span> 
     </span>
    </p>
   </div>
   <div class='ocr_carea' id='block_1_76' title="bbox 393 4241 1968 4316">
    <p class='ocr_par' dir='ltr' id='par_1_76' title="bbox 393 4241 1968 4316">
     <span class='ocr_line' id='line_1_76' title="bbox 393 4241 1968 4316; baseline 0.006 -26"><span class='ocrx_word' id='word_1_528' title='bbox 393 4242 535 4305; x_wconf 78' lang='grc' dir='ltr'>νἀις</span> <span class='ocrx_word' id='word_1_529' title='bbox 564 4243 836 4313; x_wconf 79' lang='grc' dir='ltr'>χρήσομαι</span> <span class='ocrx_word' id='word_1_530' title='bbox 860 4281 874 4306; x_wconf 93' lang='grc'><strong>,</strong></span> <span class='ocrx_word' id='word_1_531' title='bbox 926 4242 1040 4296; x_wconf 80' lang='grc' dir='ltr'>ἀλλ’</span> <span class='ocrx_word' id='word_1_532' title='bbox 1084 4243 1160 4306; x_wconf 86' lang='grc' dir='ltr'>ὡς</span> <span class='ocrx_word' id='word_1_533' title='bbox 1203 4241 1432 4296; x_wconf 79' lang='grc' dir='ltr'>δύνασθε</span> <span class='ocrx_word' id='word_1_534' title='bbox 1466 4244 1700 4298; x_wconf 82' lang='grc' dir='ltr'>συνιέναι</span> <span class='ocrx_word' id='word_1_535' title='bbox 1733 4245 1968 4316; x_wconf 87' lang='grc' dir='ltr'>λαλήσω.</span> 
     </span>
    </p>
   </div>
   <div class='ocr_carea' id='block_1_77' title="bbox 396 4325 1968 4407">
    <p class='ocr_par' dir='ltr' id='par_1_77' title="bbox 396 4325 1968 4407">
     <span class='ocr_line' id='line_1_77' title="bbox 396 4325 1968 4407; baseline 0.004 -23"><span class='ocrx_word' id='word_1_536' title='bbox 396 4325 469 4384; x_wconf 84' lang='grc' dir='ltr'><em>Ἢ</em></span> <span class='ocrx_word' id='word_1_537' title='bbox 496 4333 671 4386; x_wconf 88' lang='grc' dir='ltr'>ἐκεῖνό</span> <span class='ocrx_word' id='word_1_538' title='bbox 699 4349 883 4404; x_wconf 86' lang='grc' dir='ltr'>φησιν,</span> <span class='ocrx_word' id='word_1_539' title='bbox 915 4334 1015 4398; x_wconf 85' lang='grc' dir='ltr'>ὅτι,</span> <span class='ocrx_word' id='word_1_540' title='bbox 1055 4335 1130 4387; x_wconf 80' lang='grc' dir='ltr'><strong>Οὐ</strong></span> <span class='ocrx_word' id='word_1_541' title='bbox 1165 4336 1426 4406; x_wconf 90' lang='grc' dir='ltr'>πρότερον</span> <span class='ocrx_word' id='word_1_542' title='bbox 1465 4337 1570 4390; x_wconf 75' lang='grc' dir='ltr'><strong>παὺ</strong></span> <span class='ocrx_word' id='word_1_543' title='bbox 1585 4354 1743 4407; x_wconf 68' lang='grc' dir='ltr'>τομαι</span> <span class='ocrx_word' id='word_1_544' title='bbox 1772 4335 1968 4404; x_wconf 80' lang='grc' dir='ltr'>λαλῶν,</span> 
     </span>
    </p>
   </div>
   <div class='ocr_carea' id='block_1_78' title="bbox 402 4419 1971 4494">
    <p class='ocr_par' dir='ltr' id='par_1_78' title="bbox 402 4419 1971 4494">
     <span class='ocr_line' id='line_1_78' title="bbox 402 4419 1971 4494; baseline 0.004 -23"><span class='ocrx_word' id='word_1_545' title='bbox 402 4419 524 4490; x_wconf 74' lang='grc' dir='ltr'>πρὶν</span> <span class='ocrx_word' id='word_1_546' title='bbox 553 4419 586 4489; x_wconf 80' lang='grc' dir='ltr'><strong>ἢ</strong></span> <span class='ocrx_word' id='word_1_547' title='bbox 612 4421 706 4474; x_wconf 73' lang='grc' dir='ltr'><strong>καὶ</strong></span> <span class='ocrx_word' id='word_1_548' title='bbox 739 4421 896 4490; x_wconf 86' lang='grc' dir='ltr'>ὑμεῖς</span> <span class='ocrx_word' id='word_1_549' title='bbox 923 4423 1048 4484; x_wconf 80' lang='grc' dir='ltr'>τοὺς</span> <span class='ocrx_word' id='word_1_550' title='bbox 1075 4422 1240 4493; x_wconf 81' lang='grc' dir='ltr'>ἐμοὺς</span> <span class='ocrx_word' id='word_1_551' title='bbox 1272 4421 1606 4494; x_wconf 83' lang='grc' dir='ltr'>δοκιμάσητε</span> <span class='ocrx_word' id='word_1_552' title='bbox 1653 4423 1842 4490; x_wconf 84' lang='grc' dir='ltr'>λόγους</span> <span class='ocrx_word' id='word_1_553' title='bbox 1861 4463 1876 4485; x_wconf 84' lang='grc'><strong>,</strong></span> <span class='ocrx_word' id='word_1_554' title='bbox 1922 4425 1971 4478; x_wconf 80' lang='lat' dir='ltr'><strong>si</strong></span> 
     </span>
    </p>
   </div>
   <div class='ocr_carea' id='block_1_79' title="bbox 400 4506 1969 4583">
    <p class='ocr_par' dir='ltr' id='par_1_79' title="bbox 400 4506 1969 4583">
     <span class='ocr_line' id='line_1_79' title="bbox 400 4506 1969 4583; baseline 0.003 -21"><span class='ocrx_word' id='word_1_555' title='bbox 400 4506 502 4577; x_wconf 64' lang='lat' dir='ltr'><strong>ipa</strong></span> <span class='ocrx_word' id='word_1_556' title='bbox 528 4507 682 4576; x_wconf 84' lang='grc' dir='ltr'>κάγὼ</span> <span class='ocrx_word' id='word_1_557' title='bbox 704 4509 938 4562; x_wconf 78' lang='grc' dir='ltr'>συνιέναι</span> <span class='ocrx_word' id='word_1_558' title='bbox 965 4509 1200 4581; x_wconf 74' lang='grc' dir='ltr'>δύναμαι</span> <span class='ocrx_word' id='word_1_559' title='bbox 1238 4530 1256 4560; x_wconf 87' lang='grc'><em>‹</em></span> <span class='ocrx_word' id='word_1_560' title='bbox 1291 4511 1484 4582; x_wconf 79' lang='grc' dir='ltr'>μέχρις</span> <span class='ocrx_word' id='word_1_561' title='bbox 1518 4511 1674 4583; x_wconf 82' lang='grc' dir='ltr'>ὑμῶν</span> <span class='ocrx_word' id='word_1_562' title='bbox 1700 4552 1714 4575; x_wconf 96' lang='grc'><strong>,</strong></span> <span class='ocrx_word' id='word_1_563' title='bbox 1758 4531 1776 4564; x_wconf 74' lang='grc' dir='ltr'><strong>ι</strong></span> <span class='ocrx_word' id='word_1_564' title='bbox 1811 4531 1969 4567; x_wconf 85' lang='grc' dir='ltr'>τουτ-</span> 
     </span>
    </p>
   </div>
   <div class='ocr_carea' id='block_1_80' title="bbox 401 4593 1970 4677">
    <p class='ocr_par' dir='ltr' id='par_1_80' title="bbox 401 4593 1970 4677">
     <span class='ocr_line' id='line_1_80' title="bbox 401 4593 1970 4677; baseline 0.004 -27"><span class='ocrx_word' id='word_1_565' title='bbox 401 4597 508 4650; x_wconf 80' lang='grc' dir='ltr'>έστι</span> <span class='ocrx_word' id='word_1_566' title='bbox 532 4639 546 4663; x_wconf 90' lang='grc'><strong>,</strong></span> <span class='ocrx_word' id='word_1_567' title='bbox 590 4601 780 4670; x_wconf 83' lang='grc' dir='ltr'>μέχρις</span> <span class='ocrx_word' id='word_1_568' title='bbox 811 4593 871 4653; x_wconf 73' lang='grc' dir='ltr'>οὗ</span> <span class='ocrx_word' id='word_1_569' title='bbox 903 4601 998 4654; x_wconf 76' lang='grc' dir='ltr'>καὶ</span> <span class='ocrx_word' id='word_1_570' title='bbox 1031 4602 1189 4671; x_wconf 89' lang='grc' dir='ltr'>ὑμεῖς</span> <span class='ocrx_word' id='word_1_571' title='bbox 1233 4603 1522 4674; x_wconf 78' lang='grc' dir='ltr'>ἐννοήσητε</span> <span class='ocrx_word' id='word_1_572' title='bbox 1544 4645 1556 4669; x_wconf 92' lang='grc'><strong>,</strong></span> <span class='ocrx_word' id='word_1_573' title='bbox 1594 4603 1627 4674; x_wconf 78' lang='grc' dir='ltr'>ἢ</span> <span class='ocrx_word' id='word_1_574' title='bbox 1667 4605 1761 4658; x_wconf 77' lang='grc' dir='ltr'>καὶ</span> <span class='ocrx_word' id='word_1_575' title='bbox 1800 4604 1970 4677; x_wconf 85' lang='grc' dir='ltr'>ὑπερ-</span> 
     </span>
    </p>
   </div>
   <div class='ocr_carea' id='block_1_81' title="bbox 396 4689 1276 4763">
    <p class='ocr_par' dir='ltr' id='par_1_81' title="bbox 396 4689 1276 4763">
     <span class='ocr_line' id='line_1_81' title="bbox 396 4689 1276 4763; baseline 0.002 -19"><span class='ocrx_word' id='word_1_576' title='bbox 396 4689 576 4744; x_wconf 74' lang='grc' dir='ltr'>(άλλω</span> <span class='ocrx_word' id='word_1_577' title='bbox 606 4690 704 4763; x_wconf 80' lang='grc' dir='ltr'><strong>τὴν</strong></span> <span class='ocrx_word' id='word_1_578' title='bbox 735 4691 1008 4763; x_wconf 88' lang='grc' dir='ltr'>ὑμετέραν</span> <span class='ocrx_word' id='word_1_579' title='bbox 1042 4691 1276 4746; x_wconf 88' lang='grc' dir='ltr'>σύνεσιν.</span> 
     </span>
    </p>
   </div>
   <div class='ocr_carea' id='block_1_82' title="bbox 465 4962 1969 5040">
    <p class='ocr_par' dir='ltr' id='par_1_82' title="bbox 465 4962 1969 5040">
     <span class='ocr_line' id='line_1_82' title="bbox 465 4962 1969 5040; baseline -0.003 -17"><span class='ocrx_word' id='word_1_580' title='bbox 465 4962 712 5031; x_wconf 68' lang='grc' dir='ltr'>Πλήρης</span> <span class='ocrx_word' id='word_1_581' title='bbox 732 4964 841 5033; x_wconf 78' lang='grc' dir='ltr'><strong>γάρ</strong></span> <span class='ocrx_word' id='word_1_582' title='bbox 861 4967 976 5034; x_wconf 78' lang='grc' dir='ltr'>ειμι</span> <span class='ocrx_word' id='word_1_583' title='bbox 988 4966 1285 5035; x_wconf 75' lang='grc' dir='ltr'>ῥημάτων.</span> <span class='ocrx_word' id='word_1_584' title='bbox 1313 4968 1506 5033; x_wconf 80' lang='grc' dir='ltr'>Καλῶς</span> <span class='ocrx_word' id='word_1_585' title='bbox 1533 4963 1657 5022; x_wconf 79' lang='grc' dir='ltr'>εἷπε</span> <span class='ocrx_word' id='word_1_586' title='bbox 1681 4967 1762 5032; x_wconf 82' lang='grc' dir='ltr'><strong>τὸ,</strong></span> <span class='ocrx_word' id='word_1_587' title='bbox 1783 4986 1802 5018; x_wconf 75' lang='grc' dir='ltr'><strong>ι</strong></span> <span class='ocrx_word' id='word_1_588' title='bbox 1832 4967 1969 5040; x_wconf 87' lang='grc' dir='ltr'>πλή-</span> 
     </span>
    </p>
   </div>
   <div class='ocr_carea' id='block_1_83' title="bbox 401 5054 1971 5132">
    <p class='ocr_par' dir='ltr' id='par_1_83' title="bbox 401 5054 1971 5132">
     <span class='ocr_line' id='line_1_83' title="bbox 401 5054 1971 5132; baseline -0.007 -8"><span class='ocrx_word' id='word_1_589' title='bbox 401 5069 499 5123; x_wconf 81' lang='grc' dir='ltr'>ρης</span> <span class='ocrx_word' id='word_1_590' title='bbox 525 5054 677 5124; x_wconf 80' lang='grc' dir='ltr'>εἰμί’</span> <span class='ocrx_word' id='word_1_591' title='bbox 719 5075 736 5106; x_wconf 76' lang='grc' dir='ltr'><strong>ι</strong></span> <span class='ocrx_word' id='word_1_592' title='bbox 773 5059 800 5109; x_wconf 86' lang='grc' dir='ltr'>ὁ</span> <span class='ocrx_word' id='word_1_593' title='bbox 837 5055 944 5127; x_wconf 85' lang='grc' dir='ltr'>γὰρ</span> <span class='ocrx_word' id='word_1_594' title='bbox 975 5057 1049 5128; x_wconf 77' lang='grc' dir='ltr'>μὴ</span> <span class='ocrx_word' id='word_1_595' title='bbox 1078 5059 1291 5131; x_wconf 77' lang='grc' dir='ltr'>πλήρης</span> <span class='ocrx_word' id='word_1_596' title='bbox 1323 5058 1399 5111; x_wconf 86' lang='grc' dir='ltr'><strong>ὢν</strong></span> <span class='ocrx_word' id='word_1_597' title='bbox 1436 5060 1716 5132; x_wconf 81' lang='grc' dir='ltr'>ῥημάτων,</span> <span class='ocrx_word' id='word_1_598' title='bbox 1761 5060 1855 5114; x_wconf 76' lang='grc' dir='ltr'>καὶ</span> <span class='ocrx_word' id='word_1_599' title='bbox 1880 5062 1971 5130; x_wconf 64' lang='lat' dir='ltr'><strong>ep.</strong></span> 
     </span>
    </p>
   </div>
   <div class='ocr_carea' id='block_1_84' title="bbox 396 5143 1972 5222">
    <p class='ocr_par' dir='ltr' id='par_1_84' title="bbox 396 5143 1972 5222">
     <span class='ocr_line' id='line_1_84' title="bbox 396 5143 1972 5222; baseline 0.007 -28"><span class='ocrx_word' id='word_1_600' title='bbox 396 5143 624 5212; x_wconf 84' lang='grc' dir='ltr'>χόμενος</span> <span class='ocrx_word' id='word_1_601' title='bbox 657 5146 748 5198; x_wconf 56' lang='grc' dir='ltr'><strong>ἐπὶ⁹</strong></span> <span class='ocrx_word' id='word_1_602' title='bbox 789 5146 849 5199; x_wconf 78' lang='grc' dir='ltr'><strong>τὸ</strong></span> <span class='ocrx_word' id='word_1_603' title='bbox 877 5147 1077 5211; x_wconf 86' lang='grc' dir='ltr'>λαλεῖν,</span> <span class='ocrx_word' id='word_1_604' title='bbox 1105 5149 1235 5202; x_wconf 77' lang='grc' dir='ltr'>κενά</span> <span class='ocrx_word' id='word_1_605' title='bbox 1260 5151 1484 5222; x_wconf 76' lang='grc' dir='ltr'>λαλήσει</span> <span class='ocrx_word' id='word_1_606' title='bbox 1520 5150 1595 5214; x_wconf 84' lang='grc' dir='ltr'>ὡς</span> <span class='ocrx_word' id='word_1_607' title='bbox 1627 5152 1800 5215; x_wconf 83' lang='grc' dir='ltr'>κενὸς,</span> <span class='ocrx_word' id='word_1_608' title='bbox 1829 5151 1972 5205; x_wconf 79' lang='grc' dir='ltr'>κατὰ</span> 
     </span>
    </p>
   </div>
   <div class='ocr_carea' id='block_1_85' title="bbox 396 5231 1971 5313">
    <p class='ocr_par' dir='ltr' id='par_1_85' title="bbox 396 5231 1971 5313">
     <span class='ocr_line' id='line_1_85' title="bbox 396 5231 1971 5313; baseline 0.009 -31"><span class='ocrx_word' id='word_1_609' title='bbox 396 5231 457 5283; x_wconf 77' lang='grc' dir='ltr'>τὸ</span> <span class='ocrx_word' id='word_1_610' title='bbox 498 5233 814 5304; x_wconf 59' lang='grc' dir='ltr'>εἰρημένον</span> <span class='ocrx_word' id='word_1_611' title='bbox 847 5255 866 5286; x_wconf 79' lang='lat' dir='ltr'><strong>t</strong></span> <span class='ocrx_word' id='word_1_612' title='bbox 909 5235 966 5289; x_wconf 88' lang='lat'><strong>&#39;0</strong></span> <span class='ocrx_word' id='word_1_613' title='bbox 991 5235 1096 5306; x_wconf 81' lang='grc' dir='ltr'>γὰρ</span> <span class='ocrx_word' id='word_1_614' title='bbox 1130 5237 1309 5308; x_wconf 75' lang='grc' dir='ltr'>μωρὸς</span> <span class='ocrx_word' id='word_1_615' title='bbox 1344 5239 1502 5311; x_wconf 84' lang='grc' dir='ltr'>μωρὰ</span> <span class='ocrx_word' id='word_1_616' title='bbox 1543 5240 1786 5312; x_wconf 83' lang='grc' dir='ltr'>λαλήσει,</span> <span class='ocrx_word' id='word_1_617' title='bbox 1817 5242 1971 5313; x_wconf 77' lang='grc' dir='ltr'>καὶὴ</span> 
     </span>
    </p>
   </div>
   <div class='ocr_carea' id='block_1_86' title="bbox 398 5322 1298 5400">
    <p class='ocr_par' dir='ltr' id='par_1_86' title="bbox 398 5322 1298 5400">
     <span class='ocr_line' id='line_1_86' title="bbox 398 5322 1298 5400; baseline 0.009 -26"><span class='ocrx_word' id='word_1_618' title='bbox 398 5322 594 5394; x_wconf 82' lang='grc' dir='ltr'>καρδία</span> <span class='ocrx_word' id='word_1_619' title='bbox 622 5324 786 5381; x_wconf 77' lang='grc' dir='ltr'>αὑτοῦ</span> <span class='ocrx_word' id='word_1_620' title='bbox 822 5325 1026 5396; x_wconf 87' lang='grc' dir='ltr'>μάταια</span> <span class='ocrx_word' id='word_1_621' title='bbox 1047 5329 1246 5400; x_wconf 87' lang='grc' dir='ltr'>νοήσει.</span> <span class='ocrx_word' id='word_1_622' title='bbox 1280 5347 1298 5381; x_wconf 73' lang='grc' dir='ltr'><strong>ι</strong></span> 
     </span>
    </p>
   </div>
   <div class='ocr_carea' id='block_1_87' title="bbox 344 5413 1970 5497">
    <p class='ocr_par' dir='ltr' id='par_1_87' title="bbox 344 5413 1970 5497">
     <span class='ocr_line' id='line_1_87' title="bbox 344 5413 1970 5497; baseline 0.006 -31"><span class='ocrx_word' id='word_1_623' title='bbox 344 5413 354 5424; x_wconf 81' lang='grc'><em>”</em></span> <span class='ocrx_word' id='word_1_624' title='bbox 473 5413 699 5470; x_wconf 68' lang='grc' dir='ltr'>ὐλέκει</span> <span class='ocrx_word' id='word_1_625' title='bbox 719 5415 832 5485; x_wconf 80' lang='grc' dir='ltr'><strong>γάρ</strong></span> <span class='ocrx_word' id='word_1_626' title='bbox 851 5435 929 5487; x_wconf 80' lang='grc' dir='ltr'><strong>με</strong></span> <span class='ocrx_word' id='word_1_627' title='bbox 952 5418 1019 5473; x_wconf 84' lang='grc' dir='ltr'>τὸ</span> <span class='ocrx_word' id='word_1_628' title='bbox 1053 5419 1288 5490; x_wconf 81' lang='grc' dir='ltr'>πνεῦμα</span> <span class='ocrx_word' id='word_1_629' title='bbox 1317 5419 1428 5490; x_wconf 79' lang='grc' dir='ltr'>τῆς</span> <span class='ocrx_word' id='word_1_630' title='bbox 1448 5425 1726 5491; x_wconf 66' lang='grc' dir='ltr'>γαστρός.</span> <span class='ocrx_word' id='word_1_631' title='bbox 1760 5424 1970 5497; x_wconf 83' lang='grc' dir='ltr'>Ὥσπερ</span> 
     </span>
    </p>
   </div>
   <div class='ocr_carea' id='block_1_88' title="bbox 397 5508 1968 5586">
    <p class='ocr_par' dir='ltr' id='par_1_88' title="bbox 397 5508 1968 5586">
     <span class='ocr_line' id='line_1_88' title="bbox 397 5508 1968 5586; baseline 0.006 -26"><span class='ocrx_word' id='word_1_632' title='bbox 397 5525 479 5571; x_wconf 86' lang='grc' dir='ltr'><strong>τις</strong></span> <span class='ocrx_word' id='word_1_633' title='bbox 524 5508 717 5576; x_wconf 74' lang='grc' dir='ltr'>ἔγκυος</span> <span class='ocrx_word' id='word_1_634' title='bbox 755 5509 992 5578; x_wconf 85' lang='grc' dir='ltr'>γίνεται,</span> <span class='ocrx_word' id='word_1_635' title='bbox 1028 5512 1120 5566; x_wconf 72' lang='grc' dir='ltr'>καὶ</span> <span class='ocrx_word' id='word_1_636' title='bbox 1158 5514 1535 5586; x_wconf 83' lang='grc' dir='ltr'>μορφωθέντος</span> <span class='ocrx_word' id='word_1_637' title='bbox 1561 5515 1656 5568; x_wconf 83' lang='grc' dir='ltr'>τοῦ</span> <span class='ocrx_word' id='word_1_638' title='bbox 1687 5515 1968 5586; x_wconf 81' lang='grc' dir='ltr'>γεννωμέ-</span> 
     </span>
    </p>
   </div>
   <div class='ocr_carea' id='block_1_89' title="bbox 395 5602 1971 5681">
    <p class='ocr_par' dir='ltr' id='par_1_89' title="bbox 395 5602 1971 5681">
     <span class='ocr_line' id='line_1_89' title="bbox 395 5602 1971 5681; baseline 0.007 -27"><span class='ocrx_word' id='word_1_639' title='bbox 395 5614 488 5654; x_wconf 83' lang='grc' dir='ltr'><strong>νου</strong></span> <span class='ocrx_word' id='word_1_640' title='bbox 523 5603 582 5656; x_wconf 86' lang='grc' dir='ltr'><strong>ἐν</strong></span> <span class='ocrx_word' id='word_1_641' title='bbox 607 5603 746 5680; x_wconf 73' lang='grc' dir='ltr'>αὐτῇ</span> <span class='ocrx_word' id='word_1_642' title='bbox 777 5603 870 5656; x_wconf 79' lang='grc' dir='ltr'>ἐπὶ</span> <span class='ocrx_word' id='word_1_643' title='bbox 901 5602 1099 5670; x_wconf 81' lang='grc' dir='ltr'>ὠδῖνας</span> <span class='ocrx_word' id='word_1_644' title='bbox 1135 5605 1374 5678; x_wconf 78' lang='grc' dir='ltr'>ἔρχεται,</span> <span class='ocrx_word' id='word_1_645' title='bbox 1405 5607 1598 5681; x_wconf 82' lang='grc' dir='ltr'>μέχρις</span> <span class='ocrx_word' id='word_1_646' title='bbox 1633 5602 1694 5664; x_wconf 72' lang='grc' dir='ltr'>οὗ</span> <span class='ocrx_word' id='word_1_647' title='bbox 1736 5609 1971 5680; x_wconf 79' lang='grc' dir='ltr'>ἀπογεν-</span> 
     </span>
    </p>
   </div>
   <div class='ocr_carea' id='block_1_90' title="bbox 491 5779 988 5846">
    <p class='ocr_par' dir='ltr' id='par_1_90' title="bbox 491 5779 988 5846">
     <span class='ocr_line' id='line_1_90' title="bbox 491 5779 988 5846; baseline 0.01 -11"><span class='ocrx_word' id='word_1_648' title='bbox 491 5779 514 5811; x_wconf 81' lang='grc'>³</span> <span class='ocrx_word' id='word_1_649' title='bbox 548 5779 670 5837; x_wconf 74' lang='lat' dir='ltr'><strong>lsai.</strong></span> <span class='ocrx_word' id='word_1_650' title='bbox 715 5797 888 5846; x_wconf 76' lang='lat' dir='ltr'><strong>xxxv.</strong></span> <span class='ocrx_word' id='word_1_651' title='bbox 932 5782 988 5840; x_wconf 71' lang='grc'><strong>6.</strong></span> 
     </span>
    </p>
   </div>
   <div class='ocr_carea' id='block_1_91' title="bbox 2071 3322 3649 3395">
    <p class='ocr_par' dir='ltr' id='par_1_91' title="bbox 2071 3322 3649 3395">
     <span class='ocr_line' id='line_1_91' title="bbox 2071 3322 3649 3395; baseline -0.004 -16"><span class='ocrx_word' id='word_1_652' title='bbox 2071 3326 2434 3394; x_wconf 68' lang='lat' dir='ltr'><strong>qunireretis</strong></span> <span class='ocrx_word' id='word_1_653' title='bbox 2454 3325 2616 3395; x_wconf 73' lang='lat'><strong>506</strong></span> <span class='ocrx_word' id='word_1_654' title='bbox 2635 3338 2940 3385; x_wconf 86' lang='lat' dir='ltr'><strong>sermones,</strong></span> <span class='ocrx_word' id='word_1_655' title='bbox 2959 3331 3016 3377; x_wconf 90' lang='lat' dir='ltr'><strong>et</strong></span> <span class='ocrx_word' id='word_1_656' title='bbox 3039 3322 3385 3392; x_wconf 83' lang='lat' dir='ltr'><strong>quoadusque</strong></span> <span class='ocrx_word' id='word_1_657' title='bbox 3407 3334 3501 3371; x_wconf 81' lang='lat' dir='ltr'><strong>vos</strong></span> <span class='ocrx_word' id='word_1_658' title='bbox 3522 3332 3649 3386; x_wconf 83' lang='lat' dir='ltr'><strong>pcr-</strong></span> 
     </span>
    </p>
   </div>
   <div class='ocr_carea' id='block_1_92' title="bbox 2073 3408 3654 3480">
    <p class='ocr_par' dir='ltr' id='par_1_92' title="bbox 2073 3408 3654 3480">
     <span class='ocr_line' id='line_1_92' title="bbox 2073 3408 3654 3480; baseline -0.005 -10"><span class='ocrx_word' id='word_1_659' title='bbox 2073 3408 2351 3478; x_wconf 80' lang='lat' dir='ltr'><strong>veniretis,</strong></span> <span class='ocrx_word' id='word_1_660' title='bbox 2385 3416 2853 3470; x_wconf 63' lang='lat' dir='ltr'><strong>considerabam.»</strong></span> <span class='ocrx_word' id='word_1_661' title='bbox 2887 3412 3046 3468; x_wconf 79' lang='lat' dir='ltr'><strong>Juxta</strong></span> <span class='ocrx_word' id='word_1_662' title='bbox 3074 3415 3213 3468; x_wconf 87' lang='lat' dir='ltr'><strong>bane</strong></span> <span class='ocrx_word' id='word_1_663' title='bbox 3246 3412 3408 3480; x_wconf 80' lang='lat' dir='ltr'><strong>igitur</strong></span> <span class='ocrx_word' id='word_1_664' title='bbox 3433 3410 3654 3464; x_wconf 61' lang='grc' dir='ltr'>ναι-εἱσι</span> 
     </span>
    </p>
   </div>
   <div class='ocr_carea' id='block_1_93' title="bbox 2074 3503 3655 3575">
    <p class='ocr_par' dir='ltr' id='par_1_93' title="bbox 2074 3503 3655 3575">
     <span class='ocr_line' id='line_1_93' title="bbox 2074 3503 3655 3575; baseline -0.004 -13"><span class='ocrx_word' id='word_1_665' title='bbox 2074 3525 2196 3562; x_wconf 89' lang='lat' dir='ltr'><strong>nem</strong></span> <span class='ocrx_word' id='word_1_666' title='bbox 2247 3518 2304 3561; x_wconf 86' lang='lat' dir='ltr'><strong>et</strong></span> <span class='ocrx_word' id='word_1_667' title='bbox 2357 3507 2565 3575; x_wconf 83' lang='lat' dir='ltr'><strong>reliqua</strong></span> <span class='ocrx_word' id='word_1_668' title='bbox 2619 3506 2994 3575; x_wconf 80' lang='lat' dir='ltr'><strong>exemplaria,</strong></span> <span class='ocrx_word' id='word_1_669' title='bbox 3023 3503 3484 3566; x_wconf 72' lang='lat' dir='ltr'><strong>Quemadmodum</strong></span> <span class='ocrx_word' id='word_1_670' title='bbox 3525 3515 3655 3569; x_wconf 75' lang='lat' dir='ltr'><strong>ego,</strong></span> 
     </span>
    </p>
   </div>
   <div class='ocr_carea' id='block_1_94' title="bbox 2074 3593 3649 3670">
    <p class='ocr_par' dir='ltr' id='par_1_94' title="bbox 2074 3593 3649 3670">
     <span class='ocr_line' id='line_1_94' title="bbox 2074 3593 3649 3670; baseline -0.007 -14"><span class='ocrx_word' id='word_1_671' title='bbox 2074 3602 2266 3670; x_wconf 90' lang='lat' dir='ltr'><strong>iuquit,</strong></span> <span class='ocrx_word' id='word_1_672' title='bbox 2293 3601 2473 3654; x_wconf 91' lang='lat' dir='ltr'><strong>omnia</strong></span> <span class='ocrx_word' id='word_1_673' title='bbox 2507 3614 2628 3668; x_wconf 65' lang='lat' dir='ltr'><strong>quae</strong></span> <span class='ocrx_word' id='word_1_674' title='bbox 2647 3597 2864 3651; x_wconf 77' lang='lat' dir='ltr'><strong>dixiSLis</strong></span> <span class='ocrx_word' id='word_1_675' title='bbox 2888 3596 3090 3655; x_wconf 72' lang='lat' dir='ltr'><strong>audivi,</strong></span> <span class='ocrx_word' id='word_1_676' title='bbox 3115 3603 3167 3646; x_wconf 88' lang='lat' dir='ltr'><strong>et</strong></span> <span class='ocrx_word' id='word_1_677' title='bbox 3195 3597 3261 3647; x_wconf 87' lang='lat' dir='ltr'><strong>ad</strong></span> <span class='ocrx_word' id='word_1_678' title='bbox 3293 3593 3452 3646; x_wconf 85' lang='lat' dir='ltr'><strong>finem</strong></span> <span class='ocrx_word' id='word_1_679' title='bbox 3480 3607 3649 3660; x_wconf 82' lang='lat' dir='ltr'><strong>usque</strong></span> 
     </span>
    </p>
   </div>
   <div class='ocr_carea' id='block_1_95' title="bbox 2073 3689 3656 3757">
    <p class='ocr_par' dir='ltr' id='par_1_95' title="bbox 2073 3689 3656 3757">
     <span class='ocr_line' id='line_1_95' title="bbox 2073 3689 3656 3757; baseline -0.006 -12"><span class='ocrx_word' id='word_1_680' title='bbox 2073 3704 2377 3748; x_wconf 84' lang='lat' dir='ltr'><strong>vestrorum</strong></span> <span class='ocrx_word' id='word_1_681' title='bbox 2427 3705 2764 3754; x_wconf 89' lang='lat' dir='ltr'><strong>sermonum,</strong></span> <span class='ocrx_word' id='word_1_682' title='bbox 2813 3703 2878 3742; x_wconf 91' lang='lat' dir='ltr'><strong>ac</strong></span> <span class='ocrx_word' id='word_1_683' title='bbox 2931 3689 3110 3757; x_wconf 88' lang='lat' dir='ltr'><strong>quoad</strong></span> <span class='ocrx_word' id='word_1_684' title='bbox 3152 3700 3368 3741; x_wconf 85' lang='lat' dir='ltr'><strong>omnem</strong></span> <span class='ocrx_word' id='word_1_685' title='bbox 3410 3692 3656 3739; x_wconf 81' lang='lat' dir='ltr'><strong>vestram</strong></span> 
     </span>
    </p>
   </div>
   <div class='ocr_carea' id='block_1_96' title="bbox 2075 3777 3649 3856">
    <p class='ocr_par' dir='ltr' id='par_1_96' title="bbox 2075 3777 3649 3856">
     <span class='ocr_line' id='line_1_96' title="bbox 2075 3777 3649 3856; baseline -0.007 -16"><span class='ocrx_word' id='word_1_686' title='bbox 2075 3785 2392 3856; x_wconf 89' lang='lat' dir='ltr'><strong>sapientiam</strong></span> <span class='ocrx_word' id='word_1_687' title='bbox 2456 3782 2863 3847; x_wconf 86' lang='lat' dir='ltr'><strong>exhauriretis,</strong></span> <span class='ocrx_word' id='word_1_688' title='bbox 2921 3779 3082 3834; x_wconf 83' lang='lat' dir='ltr'><strong>tacite</strong></span> <span class='ocrx_word' id='word_1_689' title='bbox 3131 3777 3483 3847; x_wconf 73' lang='lat' dir='ltr'><strong>exspectavi;</strong></span> <span class='ocrx_word' id='word_1_690' title='bbox 3549 3790 3649 3830; x_wconf 87' lang='lat' dir='ltr'><strong>vos</strong></span> 
     </span>
    </p>
   </div>
   <div class='ocr_carea' id='block_1_97' title="bbox 2073 3868 3646 3938">
    <p class='ocr_par' dir='ltr' id='par_1_97' title="bbox 2073 3868 3646 3938">
     <span class='ocr_line' id='line_1_97' title="bbox 2073 3868 3646 3938; baseline -0.008 -6"><span class='ocrx_word' id='word_1_691' title='bbox 2073 3879 2234 3932; x_wconf 89' lang='lat' dir='ltr'><strong>etiam</strong></span> <span class='ocrx_word' id='word_1_692' title='bbox 2273 3875 2526 3931; x_wconf 87' lang='lat' dir='ltr'><strong>similiter</strong></span> <span class='ocrx_word' id='word_1_693' title='bbox 2567 3873 2703 3928; x_wconf 87' lang='lat' dir='ltr'><strong>meis</strong></span> <span class='ocrx_word' id='word_1_694' title='bbox 2754 3873 3105 3928; x_wconf 86' lang='lat' dir='ltr'><strong>sermonibus</strong></span> <span class='ocrx_word' id='word_1_695' title='bbox 3155 3885 3340 3924; x_wconf 90' lang='lat' dir='ltr'><strong>aurem</strong></span> <span class='ocrx_word' id='word_1_696' title='bbox 3385 3868 3646 3938; x_wconf 62' lang='lat' dir='ltr'><strong>praebete.</strong></span> 
     </span>
    </p>
   </div>
   <div class='ocr_carea' id='block_1_98' title="bbox 2073 3962 3646 4031">
    <p class='ocr_par' dir='ltr' id='par_1_98' title="bbox 2073 3962 3646 4031">
     <span class='ocr_line' id='line_1_98' title="bbox 2073 3962 3646 4031; baseline -0.006 -8"><span class='ocrx_word' id='word_1_697' title='bbox 2073 3969 2235 4024; x_wconf 79' lang='lat' dir='ltr'><strong>Juxta</strong></span> <span class='ocrx_word' id='word_1_698' title='bbox 2267 3978 2448 4022; x_wconf 89' lang='lat' dir='ltr'><strong>autem</strong></span> <span class='ocrx_word' id='word_1_699' title='bbox 2480 3963 2817 4031; x_wconf 81' lang='lat' dir='ltr'><strong>exemplaria</strong></span> <span class='ocrx_word' id='word_1_700' title='bbox 2849 3963 3047 4031; x_wconf 88' lang='lat' dir='ltr'><strong>quibus</strong></span> <span class='ocrx_word' id='word_1_701' title='bbox 3083 3977 3181 4016; x_wconf 88' lang='lat' dir='ltr'><strong>nos</strong></span> <span class='ocrx_word' id='word_1_702' title='bbox 3208 3962 3429 4025; x_wconf 88' lang='lat' dir='ltr'><strong>utimur,</strong></span> <span class='ocrx_word' id='word_1_703' title='bbox 3453 3974 3646 4014; x_wconf 89' lang='lat' dir='ltr'><strong>sensus</strong></span> 
     </span>
    </p>
   </div>
   <div class='ocr_carea' id='block_1_99' title="bbox 2074 4049 3655 4125">
    <p class='ocr_par' dir='ltr' id='par_1_99' title="bbox 2074 4049 3655 4125">
     <span class='ocr_line' id='line_1_99' title="bbox 2074 4049 3655 4125; baseline -0.01 -9"><span class='ocrx_word' id='word_1_704' title='bbox 2074 4061 2162 4116; x_wconf 86' lang='lat' dir='ltr'><strong>hic</strong></span> <span class='ocrx_word' id='word_1_705' title='bbox 2203 4068 2287 4114; x_wconf 84' lang='lat' dir='ltr'><strong>est</strong></span> <span class='ocrx_word' id='word_1_706' title='bbox 2310 4073 2324 4111; x_wconf 90' lang='lat'><strong>:</strong></span> <span class='ocrx_word' id='word_1_707' title='bbox 2350 4057 2670 4112; x_wconf 82' lang='lat' dir='ltr'><strong>Auscultate</strong></span> <span class='ocrx_word' id='word_1_708' title='bbox 2704 4056 2834 4109; x_wconf 86' lang='lat' dir='ltr'><strong>mihi</strong></span> <span class='ocrx_word' id='word_1_709' title='bbox 2858 4096 2873 4119; x_wconf 88' lang='lat'><strong>,</strong></span> <span class='ocrx_word' id='word_1_710' title='bbox 2916 4056 3108 4125; x_wconf 86' lang='lat' dir='ltr'><strong>inquit,</strong></span> <span class='ocrx_word' id='word_1_711' title='bbox 3139 4051 3276 4107; x_wconf 87' lang='lat' dir='ltr'><strong>nihil</strong></span> <span class='ocrx_word' id='word_1_712' title='bbox 3307 4051 3455 4106; x_wconf 91' lang='lat' dir='ltr'><strong>enim</strong></span> <span class='ocrx_word' id='word_1_713' title='bbox 3488 4049 3655 4104; x_wconf 75' lang='lat' dir='ltr'><strong>tumi-</strong></span> 
     </span>
    </p>
   </div>
   <div class='ocr_carea' id='block_1_100' title="bbox 2072 4143 3657 4216">
    <p class='ocr_par' dir='ltr' id='par_1_100' title="bbox 2072 4143 3657 4216">
     <span class='ocr_line' id='line_1_100' title="bbox 2072 4143 3657 4216; baseline -0.007 -10"><span class='ocrx_word' id='word_1_714' title='bbox 2072 4153 2198 4206; x_wconf 87' lang='lat' dir='ltr'><strong>dntn</strong></span> <span class='ocrx_word' id='word_1_715' title='bbox 2233 4159 2288 4205; x_wconf 89' lang='lat' dir='ltr'><strong>et</strong></span> <span class='ocrx_word' id='word_1_716' title='bbox 2314 4150 2549 4212; x_wconf 86' lang='lat' dir='ltr'><strong>elatum,</strong></span> <span class='ocrx_word' id='word_1_717' title='bbox 2602 4148 2698 4203; x_wconf 86' lang='lat' dir='ltr'><strong>sed</strong></span> <span class='ocrx_word' id='word_1_718' title='bbox 2727 4162 2845 4216; x_wconf 64' lang='lat' dir='ltr'><strong>quae</strong></span> <span class='ocrx_word' id='word_1_719' title='bbox 2885 4162 2979 4201; x_wconf 89' lang='lat' dir='ltr'><strong>vos</strong></span> <span class='ocrx_word' id='word_1_720' title='bbox 3029 4146 3128 4212; x_wconf 86' lang='lat' dir='ltr'><strong>ipsi</strong></span> <span class='ocrx_word' id='word_1_721' title='bbox 3177 4143 3462 4212; x_wconf 69' lang='lat' dir='ltr'><strong>explorare</strong></span> <span class='ocrx_word' id='word_1_722' title='bbox 3497 4152 3657 4211; x_wconf 75' lang='lat' dir='ltr'><strong>pote-</strong></span> 
     </span>
    </p>
   </div>
   <div class='ocr_carea' id='block_1_101' title="bbox 2075 4233 3656 4310">
    <p class='ocr_par' dir='ltr' id='par_1_101' title="bbox 2075 4233 3656 4310">
     <span class='ocr_line' id='line_1_101' title="bbox 2075 4233 3656 4310; baseline -0.007 -12"><span class='ocrx_word' id='word_1_723' title='bbox 2075 4244 2230 4306; x_wconf 87' lang='lat' dir='ltr'><strong>ritis,</strong></span> <span class='ocrx_word' id='word_1_724' title='bbox 2291 4241 2344 4295; x_wconf 88' lang='lat' dir='ltr'><strong>in</strong></span> <span class='ocrx_word' id='word_1_725' title='bbox 2409 4241 2641 4295; x_wconf 89' lang='lat' dir='ltr'><strong>medium</strong></span> <span class='ocrx_word' id='word_1_726' title='bbox 2697 4237 3008 4310; x_wconf 87' lang='lat' dir='ltr'><strong>proferam:</strong></span> <span class='ocrx_word' id='word_1_727' title='bbox 3047 4256 3067 4288; x_wconf 77' lang='grc' dir='ltr'><strong>ι</strong></span> <span class='ocrx_word' id='word_1_728' title='bbox 3103 4235 3170 4290; x_wconf 84' lang='grc' dir='ltr'>Ει</span> <span class='ocrx_word' id='word_1_729' title='bbox 3219 4249 3386 4304; x_wconf 87' lang='lat' dir='ltr'><strong>usque</strong></span> <span class='ocrx_word' id='word_1_730' title='bbox 3439 4233 3505 4288; x_wconf 90' lang='lat' dir='ltr'><strong>ad</strong></span> <span class='ocrx_word' id='word_1_731' title='bbox 3554 4247 3656 4287; x_wconf 66' lang='lat' dir='ltr'><strong>vos</strong></span> 
     </span>
    </p>
   </div>
   <div class='ocr_carea' id='block_1_102' title="bbox 2075 4323 3663 4400">
    <p class='ocr_par' dir='ltr' id='par_1_102' title="bbox 2075 4323 3663 4400">
     <span class='ocr_line' id='line_1_102' title="bbox 2075 4323 3663 4400; baseline -0.008 -14"><span class='ocrx_word' id='word_1_732' title='bbox 2075 4331 2392 4400; x_wconf 79' lang='lat' dir='ltr'><strong>intelligam,</strong></span> <span class='ocrx_word' id='word_1_733' title='bbox 2420 4348 2440 4383; x_wconf 70' lang='grc' dir='ltr'><strong>ι</strong></span> <span class='ocrx_word' id='word_1_734' title='bbox 2481 4329 2534 4383; x_wconf 91' lang='lat' dir='ltr'><strong>id</strong></span> <span class='ocrx_word' id='word_1_735' title='bbox 2573 4337 2695 4395; x_wconf 84' lang='lat' dir='ltr'><strong>est,</strong></span> <span class='ocrx_word' id='word_1_736' title='bbox 2745 4327 2888 4382; x_wconf 88' lang='lat' dir='ltr'><strong>nulla</strong></span> <span class='ocrx_word' id='word_1_737' title='bbox 2933 4325 3341 4394; x_wconf 80' lang='lat' dir='ltr'><strong>vaniloquentia</strong></span> <span class='ocrx_word' id='word_1_738' title='bbox 3373 4323 3663 4389; x_wconf 74' lang='lat' dir='ltr'><strong>ntar,.sed.</strong></span> 
     </span>
    </p>
   </div>
   <div class='ocr_carea' id='block_1_103' title="bbox 2074 4415 3672 4492">
    <p class='ocr_par' dir='ltr' id='par_1_103' title="bbox 2074 4415 3672 4492">
     <span class='ocr_line' id='line_1_103' title="bbox 2074 4415 3672 4492; baseline -0.006 -16"><span class='ocrx_word' id='word_1_739' title='bbox 2074 4438 2192 4492; x_wconf 73' lang='lat' dir='ltr'><strong>qua:</strong></span> <span class='ocrx_word' id='word_1_740' title='bbox 2238 4421 2452 4492; x_wconf 88' lang='lat' dir='ltr'><strong>assequi</strong></span> <span class='ocrx_word' id='word_1_741' title='bbox 2502 4420 2695 4476; x_wconf 85' lang='lat' dir='ltr'><strong>valetis</strong></span> <span class='ocrx_word' id='word_1_742' title='bbox 2751 4419 2965 4490; x_wconf 89' lang='lat' dir='ltr'><strong>loquar.</strong></span> <span class='ocrx_word' id='word_1_743' title='bbox 3029 4417 3126 4473; x_wconf 88' lang='lat' dir='ltr'><strong>Vel</strong></span> <span class='ocrx_word' id='word_1_744' title='bbox 3173 4417 3278 4472; x_wconf 86' lang='lat' dir='ltr'><strong>hoc</strong></span> <span class='ocrx_word' id='word_1_745' title='bbox 3323 4415 3457 4471; x_wconf 90' lang='lat' dir='ltr'><strong>dicit</strong></span> <span class='ocrx_word' id='word_1_746' title='bbox 3495 4415 3672 4470; x_wconf 66' lang='lat' dir='ltr'><strong>:Now</strong></span> 
     </span>
    </p>
   </div>
   <div class='ocr_carea' id='block_1_104' title="bbox 2075 4507 3652 4584">
    <p class='ocr_par' dir='ltr' id='par_1_104' title="bbox 2075 4507 3652 4584">
     <span class='ocr_line' id='line_1_104' title="bbox 2075 4507 3652 4584; baseline -0.004 -18"><span class='ocrx_word' id='word_1_747' title='bbox 2075 4514 2224 4584; x_wconf 84' lang='lat' dir='ltr'><strong>prius</strong></span> <span class='ocrx_word' id='word_1_748' title='bbox 2256 4512 2510 4583; x_wconf 90' lang='lat' dir='ltr'><strong>loquendi</strong></span> <span class='ocrx_word' id='word_1_749' title='bbox 2537 4511 2702 4565; x_wconf 81' lang='lat' dir='ltr'><strong>linem</strong></span> <span class='ocrx_word' id='word_1_750' title='bbox 2749 4510 2964 4578; x_wconf 85' lang='lat' dir='ltr'><strong>faciam,</strong></span> <span class='ocrx_word' id='word_1_751' title='bbox 2995 4524 3154 4579; x_wconf 89' lang='lat' dir='ltr'><strong>quam</strong></span> <span class='ocrx_word' id='word_1_752' title='bbox 3196 4523 3292 4562; x_wconf 90' lang='lat' dir='ltr'><strong>vos</strong></span> <span class='ocrx_word' id='word_1_753' title='bbox 3318 4507 3491 4562; x_wconf 86' lang='lat' dir='ltr'><strong>etiam</strong></span> <span class='ocrx_word' id='word_1_754' title='bbox 3528 4521 3652 4560; x_wconf 71' lang='lat' dir='ltr'><strong>ser-</strong></span> 
     </span>
    </p>
   </div>
   <div class='ocr_carea' id='block_1_105' title="bbox 2077 4597 3659 4669">
    <p class='ocr_par' dir='ltr' id='par_1_105' title="bbox 2077 4597 3659 4669">
     <span class='ocr_line' id='line_1_105' title="bbox 2077 4597 3659 4669; baseline -0.004 -11"><span class='ocrx_word' id='word_1_755' title='bbox 2077 4620 2264 4660; x_wconf 87' lang='lat' dir='ltr'><strong>mones</strong></span> <span class='ocrx_word' id='word_1_756' title='bbox 2319 4619 2472 4658; x_wconf 87' lang='lat' dir='ltr'><strong>meos</strong></span> <span class='ocrx_word' id='word_1_757' title='bbox 2520 4603 2991 4665; x_wconf 78' lang='lat' dir='ltr'><strong>examinaveritis,</strong></span> <span class='ocrx_word' id='word_1_758' title='bbox 3042 4601 3085 4654; x_wconf 91' lang='lat' dir='ltr'><strong>si</strong></span> <span class='ocrx_word' id='word_1_759' title='bbox 3140 4611 3193 4654; x_wconf 89' lang='lat' dir='ltr'><strong>et</strong></span> <span class='ocrx_word' id='word_1_760' title='bbox 3233 4614 3336 4669; x_wconf 88' lang='lat' dir='ltr'><strong>ego</strong></span> <span class='ocrx_word' id='word_1_761' title='bbox 3388 4615 3406 4650; x_wconf 73' lang='grc' dir='ltr'><strong>ι</strong></span> <span class='ocrx_word' id='word_1_762' title='bbox 3439 4597 3506 4651; x_wconf 91' lang='lat' dir='ltr'><strong>ad</strong></span> <span class='ocrx_word' id='word_1_763' title='bbox 3550 4611 3659 4651; x_wconf 81' lang='lat' dir='ltr'><strong>vos.</strong></span> 
     </span>
    </p>
   </div>
   <div class='ocr_carea' id='block_1_106' title="bbox 2075 4688 3646 4766">
    <p class='ocr_par' dir='ltr' id='par_1_106' title="bbox 2075 4688 3646 4766">
     <span class='ocr_line' id='line_1_106' title="bbox 2075 4688 3646 4766; baseline -0.008 -15"><span class='ocrx_word' id='word_1_764' title='bbox 2075 4712 2243 4766; x_wconf 86' lang='lat' dir='ltr'><strong>usque</strong></span> <span class='ocrx_word' id='word_1_765' title='bbox 2278 4714 2297 4747; x_wconf 73' lang='grc' dir='ltr'><strong>ι</strong></span> <span class='ocrx_word' id='word_1_766' title='bbox 2332 4695 2634 4766; x_wconf 83' lang='lat' dir='ltr'><strong>intelligere</strong></span> <span class='ocrx_word' id='word_1_767' title='bbox 2665 4709 2906 4765; x_wconf 88' lang='lat' dir='ltr'><strong>possum,</strong></span> <span class='ocrx_word' id='word_1_768' title='bbox 2942 4693 2992 4747; x_wconf 90' lang='lat' dir='ltr'><strong>id</strong></span> <span class='ocrx_word' id='word_1_769' title='bbox 3019 4692 3330 4762; x_wconf 60' lang='lat' dir='ltr'><strong>est,.donec_</strong></span> <span class='ocrx_word' id='word_1_770' title='bbox 3355 4704 3453 4745; x_wconf 75' lang='lat' dir='ltr'><strong>vos</strong></span> <span class='ocrx_word' id='word_1_771' title='bbox 3480 4688 3646 4742; x_wconf 87' lang='lat' dir='ltr'><strong>etiam</strong></span> 
     </span>
    </p>
   </div>
   <div class='ocr_carea' id='block_1_107' title="bbox 2074 4775 3655 4854">
    <p class='ocr_par' dir='ltr' id='par_1_107' title="bbox 2074 4775 3655 4854">
     <span class='ocr_line' id='line_1_107' title="bbox 2074 4775 3655 4854; baseline -0.005 -12"><span class='ocrx_word' id='word_1_772' title='bbox 2074 4788 2497 4854; x_wconf 82' lang='lat' dir='ltr'><strong>intellexeritis,</strong></span> <span class='ocrx_word' id='word_1_773' title='bbox 2557 4788 2642 4842; x_wconf 83' lang='lat' dir='ltr'><strong>vel</strong></span> <span class='ocrx_word' id='word_1_774' title='bbox 2699 4795 2935 4842; x_wconf 87' lang='lat' dir='ltr'><strong>vestram</strong></span> <span class='ocrx_word' id='word_1_775' title='bbox 3003 4785 3172 4840; x_wconf 82' lang='lat' dir='ltr'><strong>etiam</strong></span> <span class='ocrx_word' id='word_1_776' title='bbox 3235 4775 3655 4851; x_wconf 78' lang='lat' dir='ltr'><strong>intelligentiam</strong></span> 
     </span>
    </p>
   </div>
   <div class='ocr_carea' id='block_1_108' title="bbox 2071 4881 2351 4935">
    <p class='ocr_par' dir='ltr' id='par_1_108' title="bbox 2071 4881 2351 4935">
     <span class='ocr_line' id='line_1_108' title="bbox 2071 4881 2351 4935; baseline -0.011 0"><span class='ocrx_word' id='word_1_777' title='bbox 2071 4881 2351 4935; x_wconf 79' lang='lat' dir='ltr'><strong>excedam.</strong></span> 
     </span>
    </p>
   </div>
   <div class='ocr_carea' id='block_1_109' title="bbox 2144 4969 3651 5028">
    <p class='ocr_par' dir='ltr' id='par_1_109' title="bbox 2144 4969 3651 5028">
     <span class='ocr_line' id='line_1_109' title="bbox 2144 4969 3651 5028; baseline -0.002 -2"><span class='ocrx_word' id='word_1_778' title='bbox 2144 4972 2442 5028; x_wconf 72' lang='lat' dir='ltr'><strong>Vens.18.</strong></span> <span class='ocrx_word' id='word_1_779' title='bbox 2503 4969 2698 5026; x_wconf 75' lang='lat' dir='ltr'><strong>Plenus</strong></span> <span class='ocrx_word' id='word_1_780' title='bbox 2756 4971 2894 5026; x_wconf 84' lang='lat' dir='ltr'><strong>enim</strong></span> <span class='ocrx_word' id='word_1_781' title='bbox 2949 4986 3064 5024; x_wconf 81' lang='lat' dir='ltr'><strong>sum</strong></span> <span class='ocrx_word' id='word_1_782' title='bbox 3127 4969 3421 5024; x_wconf 74' lang='lat' dir='ltr'><strong>verborum.</strong></span> <span class='ocrx_word' id='word_1_783' title='bbox 3485 4969 3651 5023; x_wconf 81' lang='lat' dir='ltr'><strong>Recte</strong></span> 
     </span>
    </p>
   </div>
   <div class='ocr_carea' id='block_1_110' title="bbox 2073 5059 3655 5132">
    <p class='ocr_par' dir='ltr' id='par_1_110' title="bbox 2073 5059 3655 5132">
     <span class='ocr_line' id='line_1_110' title="bbox 2073 5059 3655 5132; baseline -0.005 -12"><span class='ocrx_word' id='word_1_784' title='bbox 2073 5065 2231 5129; x_wconf 81' lang='lat' dir='ltr'><strong>dixit,</strong></span> <span class='ocrx_word' id='word_1_785' title='bbox 2263 5080 2282 5114; x_wconf 76' lang='grc' dir='ltr'><strong>ι</strong></span> <span class='ocrx_word' id='word_1_786' title='bbox 2308 5063 2499 5132; x_wconf 90' lang='lat' dir='ltr'><strong>plenus</strong></span> <span class='ocrx_word' id='word_1_787' title='bbox 2524 5077 2683 5130; x_wconf 85' lang='lat' dir='ltr'><strong>sum;</strong></span> <span class='ocrx_word' id='word_1_788' title='bbox 2719 5085 2738 5114; x_wconf 75' lang='grc' dir='ltr'><strong><em>ο</em></strong></span> <span class='ocrx_word' id='word_1_789' title='bbox 2794 5063 2886 5132; x_wconf 92' lang='lat' dir='ltr'><strong>qui</strong></span> <span class='ocrx_word' id='word_1_790' title='bbox 2932 5062 3075 5117; x_wconf 89' lang='lat' dir='ltr'><strong>enim</strong></span> <span class='ocrx_word' id='word_1_791' title='bbox 3105 5062 3394 5116; x_wconf 89' lang='lat' dir='ltr'><strong>verborum</strong></span> <span class='ocrx_word' id='word_1_792' title='bbox 3429 5059 3655 5114; x_wconf 77' lang='lat' dir='ltr'><strong>minime</strong></span> 
     </span>
    </p>
   </div>
   <div class='ocr_carea' id='block_1_111' title="bbox 2073 5150 3650 5225">
    <p class='ocr_par' dir='ltr' id='par_1_111' title="bbox 2073 5150 3650 5225">
     <span class='ocr_line' id='line_1_111' title="bbox 2073 5150 3650 5225; baseline -0.004 -16"><span class='ocrx_word' id='word_1_793' title='bbox 2073 5156 2267 5225; x_wconf 90' lang='lat' dir='ltr'><strong>plenus</strong></span> <span class='ocrx_word' id='word_1_794' title='bbox 2301 5155 2368 5209; x_wconf 89' lang='lat' dir='ltr'><strong>ad</strong></span> <span class='ocrx_word' id='word_1_795' title='bbox 2400 5153 2726 5224; x_wconf 88' lang='lat' dir='ltr'><strong>loquendum</strong></span> <span class='ocrx_word' id='word_1_796' title='bbox 2775 5153 3104 5218; x_wconf 85' lang='lat' dir='ltr'><strong>accesserit,</strong></span> <span class='ocrx_word' id='word_1_797' title='bbox 3159 5162 3419 5222; x_wconf 88' lang='lat' dir='ltr'><strong>tanquam</strong></span> <span class='ocrx_word' id='word_1_798' title='bbox 3471 5150 3650 5205; x_wconf 86' lang='lat' dir='ltr'><strong>inanis</strong></span> 
     </span>
    </p>
   </div>
   <div class='ocr_carea' id='block_1_112' title="bbox 2077 5239 3650 5316">
    <p class='ocr_par' dir='ltr' id='par_1_112' title="bbox 2077 5239 3650 5316">
     <span class='ocr_line' id='line_1_112' title="bbox 2077 5239 3650 5316; baseline -0.004 -16"><span class='ocrx_word' id='word_1_799' title='bbox 2077 5247 2255 5300; x_wconf 89' lang='lat' dir='ltr'><strong>inania</strong></span> <span class='ocrx_word' id='word_1_800' title='bbox 2275 5245 2547 5316; x_wconf 88' lang='lat' dir='ltr'><strong>loquetur,</strong></span> <span class='ocrx_word' id='word_1_801' title='bbox 2571 5245 2723 5314; x_wconf 83' lang='lat' dir='ltr'><strong>juxta</strong></span> <span class='ocrx_word' id='word_1_802' title='bbox 2753 5244 2884 5299; x_wconf 89' lang='lat' dir='ltr'><strong>illud</strong></span> <span class='ocrx_word' id='word_1_803' title='bbox 2916 5244 2960 5276; x_wconf 80' lang='grc'><strong>³³</strong></span> <span class='ocrx_word' id='word_1_804' title='bbox 2993 5261 3064 5299; x_wconf 63' lang='grc' dir='ltr'><strong>ιι</strong></span> <span class='ocrx_word' id='word_1_805' title='bbox 3098 5242 3303 5298; x_wconf 81' lang='lat' dir='ltr'><strong>Fatuus</strong></span> <span class='ocrx_word' id='word_1_806' title='bbox 3331 5241 3474 5297; x_wconf 90' lang='lat' dir='ltr'><strong>enim</strong></span> <span class='ocrx_word' id='word_1_807' title='bbox 3503 5239 3650 5294; x_wconf 82' lang='lat' dir='ltr'><strong>fatua</strong></span> 
     </span>
    </p>
   </div>
   <div class='ocr_carea' id='block_1_113' title="bbox 2073 5335 3237 5408">
    <p class='ocr_par' dir='ltr' id='par_1_113' title="bbox 2073 5335 3237 5408">
     <span class='ocr_line' id='line_1_113' title="bbox 2073 5335 3237 5408; baseline -0.003 -18"><span class='ocrx_word' id='word_1_808' title='bbox 2073 5336 2345 5408; x_wconf 89' lang='lat' dir='ltr'><strong>loquetur,</strong></span> <span class='ocrx_word' id='word_1_809' title='bbox 2377 5345 2432 5391; x_wconf 91' lang='lat' dir='ltr'><strong>et</strong></span> <span class='ocrx_word' id='word_1_810' title='bbox 2461 5350 2554 5391; x_wconf 87' lang='lat' dir='ltr'><strong>cor</strong></span> <span class='ocrx_word' id='word_1_811' title='bbox 2582 5337 2700 5403; x_wconf 88' lang='lat' dir='ltr'><strong>ejus</strong></span> <span class='ocrx_word' id='word_1_812' title='bbox 2732 5351 2871 5391; x_wconf 86' lang='lat' dir='ltr'><strong>vana</strong></span> <span class='ocrx_word' id='word_1_813' title='bbox 2904 5335 3188 5404; x_wconf 75' lang='lat' dir='ltr'><strong>intelliget.</strong></span> <span class='ocrx_word' id='word_1_814' title='bbox 3218 5352 3237 5386; x_wconf 73' lang='grc' dir='ltr'><strong>ι</strong></span> 
     </span>
    </p>
   </div>
   <div class='ocr_carea' id='block_1_114' title="bbox 2148 5417 3647 5496">
    <p class='ocr_par' dir='ltr' id='par_1_114' title="bbox 2148 5417 3647 5496">
     <span class='ocr_line' id='line_1_114' title="bbox 2148 5417 3647 5496; baseline -0.008 -13"><span class='ocrx_word' id='word_1_815' title='bbox 2148 5427 2331 5484; x_wconf 81' lang='lat' dir='ltr'><strong>Perdit</strong></span> <span class='ocrx_word' id='word_1_816' title='bbox 2372 5428 2514 5483; x_wconf 82' lang='lat' dir='ltr'><strong>enim</strong></span> <span class='ocrx_word' id='word_1_817' title='bbox 2543 5443 2623 5482; x_wconf 83' lang='lat' dir='ltr'><strong>me</strong></span> <span class='ocrx_word' id='word_1_818' title='bbox 2647 5427 2866 5496; x_wconf 75' lang='lat' dir='ltr'><strong>spiritus</strong></span> <span class='ocrx_word' id='word_1_819' title='bbox 2912 5426 3131 5482; x_wconf 71' lang='lat' dir='ltr'><strong>centris.</strong></span> <span class='ocrx_word' id='word_1_820' title='bbox 3181 5417 3647 5490; x_wconf 82' lang='lat' dir='ltr'><strong>Quemadmodum</strong></span> 
     </span>
    </p>
   </div>
   <div class='ocr_carea' id='block_1_115' title="bbox 2075 5509 3652 5590">
    <p class='ocr_par' dir='ltr' id='par_1_115' title="bbox 2075 5509 3652 5590">
     <span class='ocr_line' id='line_1_115' title="bbox 2075 5509 3652 5590; baseline -0.008 -16"><span class='ocrx_word' id='word_1_821' title='bbox 2075 5518 2274 5574; x_wconf 87' lang='lat' dir='ltr'><strong>mulier</strong></span> <span class='ocrx_word' id='word_1_822' title='bbox 2292 5518 2515 5590; x_wconf 82' lang='lat' dir='ltr'><strong>gravida</strong></span> <span class='ocrx_word' id='word_1_823' title='bbox 2540 5517 2775 5589; x_wconf 78' lang='lat' dir='ltr'><strong>primunt</strong></span> <span class='ocrx_word' id='word_1_824' title='bbox 2811 5516 2892 5584; x_wconf 82' lang='lat' dir='ltr'><strong>lit,</strong></span> <span class='ocrx_word' id='word_1_825' title='bbox 2929 5522 2999 5571; x_wconf 89' lang='lat' dir='ltr'><strong>et.</strong></span> <span class='ocrx_word' id='word_1_826' title='bbox 3023 5514 3258 5569; x_wconf 88' lang='lat' dir='ltr'><strong>formato</strong></span> <span class='ocrx_word' id='word_1_827' title='bbox 3296 5511 3444 5576; x_wconf 83' lang='lat' dir='ltr'><strong>fetu,</strong></span> <span class='ocrx_word' id='word_1_828' title='bbox 3477 5509 3652 5562; x_wconf 89' lang='lat' dir='ltr'><strong>donec</strong></span> 
     </span>
    </p>
   </div>
   <div class='ocr_carea' id='block_1_116' title="bbox 2077 5600 3649 5687">
    <p class='ocr_par' dir='ltr' id='par_1_116' title="bbox 2077 5600 3649 5687">
     <span class='ocr_line' id='line_1_116' title="bbox 2077 5600 3649 5687; baseline -0.01 -18"><span class='ocrx_word' id='word_1_829' title='bbox 2077 5619 2405 5685; x_wconf 86' lang='lat' dir='ltr'><strong>conceptum</strong></span> <span class='ocrx_word' id='word_1_830' title='bbox 2433 5614 2580 5684; x_wconf 86' lang='lat' dir='ltr'><strong>edat,</strong></span> <span class='ocrx_word' id='word_1_831' title='bbox 2614 5620 2806 5687; x_wconf 84' lang='lat' dir='ltr'><strong>partus</strong></span> <span class='ocrx_word' id='word_1_832' title='bbox 2825 5607 3037 5666; x_wconf 86' lang='lat' dir='ltr'><strong>dolores</strong></span> <span class='ocrx_word' id='word_1_833' title='bbox 3059 5603 3265 5670; x_wconf 82' lang='lat' dir='ltr'><strong>sentit;</strong></span> <span class='ocrx_word' id='word_1_834' title='bbox 3298 5602 3441 5657; x_wconf 88' lang='lat' dir='ltr'><strong>idem</strong></span> <span class='ocrx_word' id='word_1_835' title='bbox 3466 5600 3649 5656; x_wconf 86' lang='lat' dir='ltr'><strong>animo</strong></span> 
     </span>
    </p>
   </div>
  </div>
