4124 6374
474 331 618 392 1045

1870 319 1959 376 EX
2002 317 2308 374 ORIGENE

3614 315 3753 371 l0“

473 452 720 507 discendi
746 450 943 520 cupido
970 447 1170 504 accidit
1203 466 1216 503 :
1243 460 1554 501 sermonem
1602 442 1750 499 enim
1793 439 2049 508 concipit,

2158 439 2221 507 νή
2232 455 2297 510 σῃ
2322 436 2381 489 τὸ
2409 435 2710 506 ευδλληφθέν
2725 455 2736 464 ·
2766 432 2907 488 κατὰ
2927 433 3099 485 ταῦτα
3120 431 3174 485 δὲ
3191 430 3387 484 καὶέπὶ
3403 430 3501 500 τῆς
3519 428 3740 500 φιλομαι

470 554 528 599 ct
557 544 897 599 enuntiatum
935 542 1110 609 lingit,
1138 549 1191 594 et
1226 538 1421 593 ordine
1442 536 1646 591 decoro
1670 535 1887 597 format;
1925 542 2054 584 tunc

468 648 653 692 autem
687 642 828 706 parit
854 637 871 707 (
895 647 950 691 et
974 637 1149 689 donec
1181 633 1381 702 pariat,
1408 630 1725 703 gravidatur
1757 636 1811 682 et
1835 625 2055 681 dolores

470 730 709 799 patitur)
755 745 878 784 eum
935 730 1119 784 [ictum
1174 735 1230 781 et
1280 725 1610 788 formatum,
1654 719 1959 792 perfectum
1998 717 2051 771 in

466 821 643 877 lucem
667 821 917 876 ediderit.

538 1002 705 1057 Vens.
743 1002 836 1059 20.
878 1001 1092 1072 Loquar
1141 1009 1199 1055 ut
1255 999 1583 1069 requiescam
1616 995 1856 1066 aperiens
1884 992 2051 1046 labia.

467 1096 569 1163 Qui
623 1093 804 1150 verbis
864 1093 1144 1157 abundat,
1198 1102 1257 1147 et
1304 1090 1694 1159 intelligentem
1745 1086 2053 1140 auditorem

465 1196 658 1241 nactus
691 1186 875 1254 fuerit,
904 1187 1178 1256 loquendo
1201 1225 1218 1251 ,
1244 1182 1679 1254 superﬂuitatem
1711 1178 1861 1233 illam
1894 1175 2052 1247 quasi

464 1280 787 1335 exinaniens
816 1290 872 1333 et
897 1280 1171 1347 rejiciens,
1205 1274 1517 1345 requiescit.

1045 1453 1195 1510 CAP.
1243 1452 1460 1509 XXXV.

543 1547 704 1602 Vens.
745 1548 797 1601 5.
843 1548 1032 1615 Aspice
1072 1548 1126 1598 in
1178 1546 1389 1599 avium.
1442 1545 1497 1599 In
1553 1544 1757 1600 cmlum
1798 1544 2050 1614 suspicit,

466 1654 571 1692 non
606 1638 698 1706 qui
733 1638 921 1692 Oculos
965 1652 1257 1706 corporeos
1291 1636 1488 1692 attollit
1542 1650 1599 1693 et
1632 1638 1831 1695 cmlum
1874 1640 2051 1693 intue-

464 1740 592 1796 tur;
642 1731 742 1785 hac
790 1731 934 1785 enim
994 1731 1204 1784 ratione
1253 1746 1419 1786 canes
1462 1739 1516 1786 et
1547 1732 1687 1786 asini
1720 1731 2048 1800 suspiciunt.

461 1820 629 1877 Nemo
656 1822 749 1891 qui
791 1822 1050 1876 mundum
1088 1820 1283 1893 diligit,
1328 1823 1381 1877 in
1412 1824 1609 1876 caelum
1642 1824 1914 1893 suspicit,
1955 1826 2049 1879 sed
2084 1796 2126 1855 Β

457 1916 551 1987 qui
583 1930 684 1969 nec
707 1916 994 1981 mundum,
1020 1930 1121 1970 nec
1150 1931 1212 1970 ea
1243 1931 1363 1984 quae
1386 1914 1438 1968 in
1473 1916 1675 1969 mundo
1699 1923 1847 1979 sunt,
1879 1928 2048 1970 amat.

464 2008 675 2062 liursus
716 2008 889 2060 nubes
925 2021 1030 2059 non
1073 2008 1208 2060 adeo
1240 2005 1503 2059 sublimes
1552 2015 1684 2060 sunt
1727 2014 1783 2059 et.
1826 2020 1855 2059 a
1895 2006 2051 2060 nobis

461 2108 705 2161 remoue,
753 2096 911 2165 quin,
961 2096 1007 2150 si
1060 2095 1260 2165 Moysis
1285 2095 1450 2149 vitam
1484 2106 1540 2151 et
1574 2097 2048 2152 conversationem

460 2205 565 2257 qua
603 2188 713 2241 Deo
740 2188 964 2259 placuit,
999 2202 1289 2256 meamque
1322 2190 1642 2244 tenuitatem
1680 2199 1736 2244 et
1770 2191 2046 2245 lnnnilita-

462 2290 570 2333 tem
602 2280 1003 2348 contemplatus
1038 2279 1213 2344 inero,
1251 2282 1446 2336 nubem
1490 2282 1635 2335 bane
1668 2280 2055 2337 sublimiorem

457 2380 513 2424 et
552 2371 897 2424 remotiorem
944 2386 973 2424 a
1031 2387 1116 2426 me
1175 2372 1391 2428 visurus
1447 2373 1552 2427 sim
1598 2389 1613 2426 :
1659 2373 1705 2428 si
1742 2373 1811 2426 ad
1860 2370 2046 2428 Jesum

464 2464 635 2516 iiFium
680 2462 849 2527 Nare,
890 2473 947 2518 et
996 2466 1063 2519 ad
1112 2467 1503 2535 prophetarum
1552 2466 1694 2521 vitas
1746 2467 2044 2532 devenero,

460 2552 786 2622 illorumque
819 2570 906 2610 res
942 2566 1121 2625 gestas
1143 2557 1430 2627 diligenter
1461 2559 1870 2621 examinavero,
1902 2559 2046 2625 quod

461 2647 724 2713 scriptum
762 2657 847 2701 est
876 2654 1006 2701 tunc
1040 2648 1349 2718 adimplebo
1374 2694 1387 2716 ,
1437 2658 1493 2705 et
1527 2649 1698 2705 nubes
1726 2658 1932 2719 quanto
1962 2664 2047 2705 me

462 2736 811 2792 sublimiorcs
840 2739 982 2803 sint,
1016 2739 1318 2794 addiscam.

534 2828 701 2889 Vens.
737 2832 786 2887 6.
819 2832 880 2887 Si
901 2832 1149 2900 peccasti,
1182 2833 1311 2900 quid
1345 2849 1467 2903 ages
1493 2833 1518 2885 ?
1547 2832 1626 2886 An
1656 2833 1820 2899 nosti,
1849 2833 2047 2904 inquit,

460 2921 504 2974 si
541 2924 852 2989 peccaveris
882 2923 1011 2993 quid
1053 2922 1150 2977 tibi
1187 2922 1495 2978 faciendum
1537 2925 1642 2990 sit,
1675 2936 1735 2979 ut
1761 2936 2046 2995 peccatum

460 3014 747 3069 diluatur?
785 3016 840 3069 Si
887 3015 1067 3068 verbis
1111 3015 1426 3084 deliquisti,
1482 3017 1668 3073 verbis
1711 3018 2055 3085 sanioribus,

460 3100 621 3173 507
640 3114 695 3159 et
712 3107 755 3159 si
781 3105 1039 3173 operibus
1059 3104 1356 3170 oii‘emlisti,
1383 3105 1543 3163 factis
1559 3109 1793 3179 egregiis
1812 3109 2044 3181 teipsum
2076 3135 2118 3193 ο

458 3210 682 3261 curans,
729 3195 824 3249 tibi
867 3195 1129 3260 medere;
1164 3199 1208 3249 si
1246 3212 1375 3250 vero
1420 3197 1739 3269 iniquitates
1773 3201 1955 3255 multae
1996 3212 2051 3257 et

463 3284 795 3341 incurabiles
826 3287 1031 3342 fuerint
1056 3330 1071 3354 ,
1108 3299 1329 3358 propter
1358 3289 1556 3344 delicta
1586 3290 2010 3348 immedicabilia
2032 3333 2047 3357 ,

461 3390 584 3441 qua:
615 3376 713 3445 ipsi
755 3393 951 3435 curare
980 3394 1085 3434 non
1122 3396 1444 3449 possumus,
1473 3381 1542 3437 de
1575 3381 1731 3437 caelis
1772 3383 2053 3439 descendit

459 3464 622 3520 Jesus
667 3467 917 3524 Christus
964 3480 1023 3524 ut
1060 3471 1385 3526 insanabilia
1420 3482 1774 3535 sanarentur,
1812 3473 2053 3542 illudque

460 3556 716 3612 cii'ectum
755 3561 1047 3616 sortiretur
1085 3581 1099 3617 :
1145 3582 1164 3616 ι
1195 3564 1345 3619 Beati
1383 3578 1615 3632 quorum
1647 3564 1893 3617 remissa:
1922 3573 2053 3618 sunt

462 3647 782 3716 iniquitates
818 3652 880 3705 ”.
909 3673 926 3704 ι

538 3738 703 3799 Vens.
756 3747 844 3801 10.
908 3747 1012 3811 Qui
1071 3748 1345 3802 distribuit
1410 3748 1681 3801 custodias
1738 3759 2049 3802 nocturnas.

464 3834 602 3893 Vide
643 3838 796 3893 Elius
829 3839 1017 3895 laudes
1064 3841 1155 3895 Dei
1188 3852 1241 3895 et
1279 3842 1551 3911 praeconia
1604 3842 1896 3911 persequi,
1928 3858 2050 3896 cum

465 3928 535 3981 de
564 3944 628 3982 co
660 3928 811 3984 dicat
846 3948 858 3984 :
892 3949 910 3982 ι
935 3932 1041 3999 Qui
1072 3933 1351 3986 distribuit
1379 3935 1660 3989 custodias
1691 3942 2008 3988 nocturnas.
2029 3953 2046 3985 ο

464 4016 559 4074 Vis
588 4031 768 4073 autem
804 4023 994 4077 videre
1023 4024 1300 4092 quomodo
1336 4025 1476 4079 Deus
1511 4037 1813 4082 nocturnas
1837 4027 2053 4095 vigilias

465 4111 795 4166 distribuat?
846 4112 1044 4167 Totum
1096 4115 1255 4184 hujus
1303 4117 1429 4172 vitae
1469 4127 1680 4186 tempus
1726 4136 1832 4175 nox
1876 4131 1960 4176 est
1998 4131 2055 4178 et

466 4203 725 4271 tenebrae,
779 4203 868 4257 lux
914 4206 964 4258 in
1016 4216 1291 4275 posterum
1344 4211 1437 4265 tibi
1488 4222 1843 4278 reservatur;
1900 4231 2045 4270 nunc

463 4293 610 4347 enim
659 4295 712 4349 in
753 4295 971 4364 speculo
1009 4298 1156 4353 vides
1200 4302 1262 4359 ³⁸.
1312 4300 1485 4357 lucem
1523 4312 1703 4358 autem
1754 4305 2052 4374 aliquando

463 4387 682 4440 visurus
720 4402 799 4442 es.
838 4387 949 4442 Nox
980 4390 1258 4446 enimvero
1281 4393 1384 4448 boe
1411 4395 1669 4448 saxulum
1702 4406 1807 4460 est,
1833 4405 1888 4449 et
1912 4397 2051 4465 vigi-

2158 526 2283 590 Οοῦς
2316 526 2491 597 ψυῂς
2536 525 2780 594 γίνεται·
2817 521 3183 592 συλλαμϐάνει
3217 521 3325 591 γὰρ
3358 520 3450 573 τὸν
3478 519 3656 586 λόγον.
3687 516 3749 571 ὃν

2155 616 2633 687 ἀπαγγελλόμενον
2665 616 2863 685 μορφοῖ
2882 654 2897 677 ,
2926 613 3020 666 καὶ
3050 614 3209 664 τυποῖ
3236 610 3397 663 αὐτὸν
3444 611 3511 680 τῇ
3550 606 3702 673 τάξει
3725 623 3742 638 ·

2154 709 2280 761 ὅταν
2311 707 2368 761 δέ
2396 707 2535 778 μετὰ
2573 706 2633 759 τὸ
2664 703 2914 759 τυπῶσαι
2942 702 3036 756 καὶ
3065 702 3369 773 μορφῶσαι,
3401 698 3748 769 τετελειωμέι

2156 819 2245 855 νον
2275 802 2438 855 αὑτὸν
2470 799 2717 871 παραδῷ,
2744 800 2865 854 τότε
2895 800 3068 853 τίκτει
3088 816 3101 829 ⁸
3137 798 3233 851 καὶ
3272 796 3463 867 μέχρις
3495 794 3562 848 ἂν
3589 792 3745 866 τέκῃ,

2158 892 2451 964 βαρύνεται
2486 894 2544 945 ἐν
2571 892 2742 945 ὠδῖνι.

2228 979 2511 1049 Λαλήοίω,
2556 980 2660 1034 ἵνα
2689 980 3129 1048 ἀναπαύσωμαι
3162 976 3413 1043 ἀνοίξας
3436 976 3510 1029 τὰ
3549 975 3744 1043 χείλη.

2169 1073 2227 1127 Ὀ
2260 1073 2543 1143 τυγχάνων
2575 1071 2797 1125 συνετοῦ
2831 1070 3102 1143 ἀκροατοῦ
3123 1110 3137 1134 ,
3167 1072 3263 1123 καὶ
3290 1069 3365 1123 ῶν
3407 1066 3622 1139 πλήρης
3662 1062 3740 1119 λό-

2156 1181 2289 1232 γων,
2326 1163 2503 1217 λαλῶν
2533 1163 2895 1229 ἀναπαύεται,
2924 1163 3021 1235 τὴν
3041 1162 3409 1235 περισσότητα
3441 1155 3552 1214 οἷον
3581 1158 3730 1213 κενὼ

2160 1274 2257 1321 σας
2292 1258 2387 1311 καὶ
2415 1256 2725 1312 ἀποϐαλών.

2782 1459 2920 1511 ΚΕΦ
2939 1496 2952 1510 .
2995 1459 3118 1512 AE'.

2238 1552 2610 1621 Ἀνάϐλεψον
2630 1554 2717 1618 είς
2740 1552 2847 1606 τὸν
2870 1552 3151 1621 οὐρανόν.
3196 1549 3514 1605 Ἀνασλέπει
3550 1550 3630 1615 είς
3658 1548 3751 1604 τὸν

2157 1644 2384 1715 οὐρανὸν
2423 1645 2521 1713 οὐχ
2568 1644 2597 1697 ό
2627 1645 2755 1708 τοὺς
2787 1644 3134 1715 σωματικοὺς
3170 1642 3485 1714 ὀφθαλμοὺς
3513 1642 3746 1715 ἐπάρας,

2158 1736 2252 1788 καὶ
2276 1733 2400 1789 ίδὼν
2421 1734 2514 1787 τὸν
2536 1734 2761 1805 οὐρανόν
2782 1752 2795 1765 ι
2826 1735 2988 1789 τοῦτο
3009 1736 3117 1808 γὰρ
3134 1735 3196 1789 τὸ
3216 1734 3541 1789 ἀναϐλέπειν
3567 1734 3750 1805 ἔχουσι

2157 1827 2251 1882 καὶ
2280 1829 2330 1881 οἱ
2357 1827 2517 1892 κύνες
2548 1828 2644 1881 καὶ
2690 1828 2740 1880 oi
2771 1828 2903 1881 ὄνοι.
2942 1827 3131 1890 Οὐδεὶς
3168 1826 3495 1897 φιλόκοσμος
3525 1825 3748 1879 ἀναϐλέ-

2157 1936 2247 1973 πει
2274 1922 2354 1983 εἰς
2381 1920 2473 1973 τὸν
2509 1919 2773 1989 οὐρανὸν,
2805 1920 2919 1974 ἀλλ’
2960 1922 2989 1974 ό
3022 1921 3096 1992 μὴ
3131 1919 3363 1988 ἀγαπῶν
3393 1918 3486 1972 τὸν
3519 1919 3747 1989 κόσμον.

2158 2012 2293 2083 μηδὲ
2348 2012 2416 2065 τὰ
2477 2014 2535 2065 ἐν
2588 2013 2667 2083 τῷ
2714 2013 2926 2084 κόσμῳ.
2988 2012 3156 2067 Πάλιν
3204 2012 3261 2065 δέ
3325 2012 3424 2083 οὐχ
3480 2010 3623 2065 οὕτω
3679 2010 3750 2066 τά

2154 2104 2290 2175 νέφη
2339 2104 2520 2175 ὑψηλὰ
2563 2106 2657 2174 ἀφ’
2690 2106 2848 2177 ἡμῶν
2896 2107 3065 2169 ἐστιν,
3099 2105 3176 2168 ὡς
3212 2105 3308 2159 ἐὰν
3368 2105 3463 2158 ίδω
3500 2104 3591 2158 τὸν
3621 2106 3749 2159 Μω-

2156 2194 2292 2260 σέως
2324 2196 2459 2267 βίον,
2482 2198 2579 2251 καὶ
2609 2197 2706 2269 τὴν
2732 2198 2942 2250 ἐκείνου
2967 2198 3104 2267 πρὸς
3135 2196 3270 2252 Θεὸν
3306 2198 3620 2269 ἀρέσκειαν,
3653 2195 3750 2250 καὶ

2151 2287 2249 2359 τὴν
2273 2288 2512 2358 ἐμαυτοῦ
2545 2289 2886 2360 σμικρότητα
2916 2291 3011 2343 καὶ
3041 2289 3427 2358 ταπεινότητα,
3462 2288 3607 2344 οὕτω
3632 2288 3752 2359 βλέ-

2152 2394 2240 2431 πω
2262 2378 2324 2431 τὸ
2345 2379 2507 2450 νέφος
2542 2379 2745 2451 ὑψηλὸν
2776 2382 2870 2433 ἀπ’
2904 2380 3042 2451 ἐμοῦ
3066 2398 3080 2412 ι
3109 2381 3207 2435 ἐὰν
3238 2381 3375 2434 ἔλθω
3404 2382 3499 2435 ἐπὶ
3538 2380 3749 2453 Ἰησοῦν

2150 2469 2241 2522 τὸν
2265 2470 2358 2523 τοῦ
2388 2472 2566 2541 Ναυῆ,
2588 2472 2681 2524 ἐπὶ
2709 2473 2835 2535 τοὺς
2862 2471 3011 2541 βίους
3037 2472 3145 2525 τῶν
3174 2471 3493 2545 προφητῶν,
3525 2471 3621 2525 ἐὰν
3660 2472 3751 2539 ἐξ-

2152 2562 2331 2627 ετάζω
2360 2563 2539 2617 αὐτῶν
2561 2563 2663 2627 τὰς
2696 2563 2946 2635 πράξεις,
2979 2564 3103 2617 τότε
3145 2564 3284 2617 ποιῶ
3318 2565 3381 2617 τὸ
3422 2565 3747 2635 γεγραμμέ-

2150 2674 2260 2720 νον,
2317 2657 2411 2709 καὶ
2449 2654 2851 2726 καταμανθάνω
2897 2657 3063 2709 πόσον
3110 2656 3225 2708 ἐστὶ
3278 2656 3349 2710 τά
3387 2656 3521 2726 νέφη
3564 2656 3746 2727 ὑψηλά

2152 2748 2246 2799 ἀπ’
2273 2746 2428 2817 ἐμοῦ.

2227 2837 2293 2888 Ε)
2323 2835 2602 2903 ἥμαρτες,
2638 2835 2697 2888 τί
2723 2833 3005 2903 πράξεις;
3035 2832 3182 2906 Ἀρα
3213 2830 3328 2900 οῦν,
3364 2836 3551 2906 φησιν,
3578 2830 3745 2898 οἶδας,
3846 2860 3853 2863 λ

2151 2926 2200 2978 εἰ
2227 2924 2495 2996 ἥμαρτες,
2518 2925 2569 2978 τί
2595 2924 2823 2997 πράξεις
2846 2926 2940 2979 ἐπὶ
2966 2927 3025 2980 τὸ
3048 2925 3209 2980 λῦσαι
3231 2926 3293 2980 τὸ
3319 2924 3709 2997 ἡμαρτημένον
3731 2940 3749 2989 ;

2151 3017 2214 3068 Εἰ
2236 3017 2482 3087 ἥμαρτες
2505 3016 2704 3085 λόγοις,
2728 3017 2908 3085 λόγοις
2941 3016 3249 3087 κρείττοσιν
3272 3017 3424 3070 ῐασαι
3442 3032 3458 3045 ⁸
3490 3016 3540 3067 εί
3565 3015 3771 3085 ἥμαρ-’

2151 3126 2242 3173 τες
2282 3111 2340 3162 ἐν
2379 3109 2591 3181 ἔργοις,
2627 3109 2809 3180 ἔργοις
2848 3109 3198 3181 διαφέρουσιν
3236 3109 3397 3173 αὐτὸς
3434 3108 3629 3162 ἐαυτὸν
3660 3105 3750 3162 ἰώ-

2159 3217 2320 3271 μενος
2338 3218 2351 3231 ·
2379 3203 2429 3254 εἰ
2460 3201 2517 3255 δέ
2548 3201 2740 3256 πολλαὶ
2765 3203 2858 3256 καὶ
2892 3201 3101 3256 ἀνίατοι
3124 3203 3181 3254 αί
3212 3201 3456 3271 ἀνομίαι,
3483 3200 3572 3255 διὰ
3591 3200 3752 3254 τοῦτο

2155 3294 2249 3346 ἐπὶ
2280 3296 2392 3357 τοῖς
2423 3294 2681 3358 ἀνιάτοις,
2704 3288 2784 3357 οἷς
2815 3295 3041 3358 ἑαυτοὺς
3071 3292 3326 3347 ἰάσασθαι
3354 3294 3416 3346 ού
3447 3291 3748 3363 δυνάμεθα,

2152 3381 2316 3455 ἦλθεν
2352 3388 2559 3457 Ἰησοῦς
2591 3388 2823 3458 Χριστὸς
2854 3386 2915 3452 ἐξ
2936 3387 3206 3458 οὐρανῶν,
3226 3388 3313 3441 ἵνα
3340 3387 3410 3441 τά
3440 3386 3637 3441 ἀνίατα
3672 3386 3751 3439 ίά-

2160 3496 2343 3548 σηται,
2382 3481 2473 3532 καὶ
2495 3479 2717 3549 γένηται
2786 3478 2872 3534 τὸ,
2898 3497 2916 3531 v
2956 3479 3237 3550 Μακάριοι
3266 3474 3343 3533 ὧν
3371 3479 3650 3549 ἀφέθησαν
3691 3479 3750 3530 αἱ

2157 3570 2443 3642 ἁμαρτίαι.
2491 3590 2508 3619 ι

2240 3750 2294 3800 '0
2323 3747 2721 3803 κατατάσσων
2740 3750 3018 3818 φυλακὰς
3059 3748 3432 3817 νυκτερινὰς.
3496 3749 3636 3820 Ὅρα
3667 3748 3751 3802 ὅτι

2158 3842 2406 3913 ἐγκώμια
2434 3841 2529 3896 τοῦ
2557 3843 2692 3896 Θεοῦ
2723 3844 2816 3897 καὶ
2845 3843 3048 3914 ὕμνους
3076 3843 3410 3915 διεξέρχεται
3438 3844 3468 3897 ό
3518 3841 3748 3907 Ἐλιοῦς,

2156 3935 2330 4004 λέγων
2360 3936 2491 4007 περὶ
2514 3935 2701 4000 αὐτοῦ,
2733 3954 2752 3988 t
2791 3935 2851 3989 Ὁ
2877 3935 3238 3989 κατατάσσων
3272 3934 3519 4004 φυλακὰς
3552 3950 3746 3989 νυκτε-

2158 4027 2330 4099 ρινάς.
2375 4047 2394 4081 ι
2427 4027 2614 4091 Θέλεις
2648 4027 2773 4080 ἰδεῖν
2810 4026 2926 4090 πῶς
2977 4027 3311 4081 κατατάσσει
3356 4025 3603 4096 φυλακάς
3658 4043 3751 4079 νυ-

2157 4120 2410 4192 κτερινὰς
2448 4116 2478 4169 ὁ
2500 4119 2667 4185 Θεός;
2703 4119 2861 4183 Ὄλος
2887 4121 2915 4172 ό
2942 4118 3076 4173 αίὼν
3120 4113 3275 4183 οὗτος
3306 4117 3404 4183 νύξ
3432 4119 3570 4182 ἐστι,
3626 4117 3749 4171 σκό-

2154 4231 2247 4278 τος
2271 4213 2406 4267 ἐστί.
2445 4214 2518 4266 Τὸ
2552 4212 2667 4281 φῶς
2695 4213 2944 4284 τηρεῖται
2976 4229 3089 4265 σοι·
3125 4212 3221 4267 νῦν
3249 4213 3357 4284 γάρ
3384 4213 3452 4265 δι’
3482 4212 3749 4279 ἐσόπτρου

2158 4306 2395 4377 βλέπεις,
2426 4305 2640 4376 μέλλεις
2672 4305 2729 4358 δέ
2753 4322 2881 4358 ποτε
2909 4304 3125 4375 βλέπειν
3161 4305 3221 4357 τὸ
3244 4305 3379 4374 φῶς.
3414 4303 3625 4357 Οὐκοῦν
3654 4300 3753 4367 νύξ

2158 4399 2273 4450 ἐστι
2299 4399 2407 4461 πᾶς
2436 4400 2465 4451 ὁ
2490 4395 2646 4461 αἰὼν,
2678 4395 2775 4451 καὶ
2807 4397 2967 4468 χρεία
2995 4395 3250 4465 φυλάκων
3290 4396 3639 4465 τεταγμένων
3671 4396 3754 4458 εἰς

463 4478 555 4533 liis
609 4481 886 4549 dispositis
931 4483 985 4536 iu
1044 4492 1206 4538 nocte
1256 4485 1357 4537 bae
1402 4501 1537 4553 opus
1582 4496 1689 4549 est,
1754 4496 1809 4539 ut
1861 4486 2051 4555 vigiles

2158 4486 2328 4541 νύκτα
2350 4487 2666 4558 ταύτην,ἱ’να
2691 4487 2740 4538 oi
2764 4486 3076 4556 φύλακες,οί
3099 4484 3192 4538 ἐπὶ
3212 4485 3320 4539 τῶν
3348 4485 3755 4554 νυκτῶν,φρου-

466 4574 719 4627 noctibus
762 4575 1030 4642 deputati,
1091 4592 1120 4629 a
1168 4576 1489 4642 latronibus,
1526 4593 1554 4631 a
1598 4578 1733 4633 feris
1793 4588 1848 4631 et
1882 4579 2056 4634 hosti-

470 4666 588 4723 bns,
623 4666 833 4736 cos‘qni
861 4666 912 4718 in
941 4675 1100 4720 nocte
1125 4676 1270 4731 sunt,
1298 4671 1627 4727 custodiant.
1659 4668 1891 4733 Quinam
1925 4685 2057 4726 vero

2166 4579 2301 4650 ρῶσι
2330 4582 2455 4645 τοὺς
2486 4583 2543 4634 ἐν
2564 4581 2714 4646 νυξὶν
2737 4579 2846 4633 ἀπὸ
2870 4578 2978 4631 τῶν
3001 4577 3233 4649 λῃστῶν,
3255 4577 3364 4630 ἀπὸ
3390 4576 3498 4629 τῶν
3521 4576 3750 4648 θηρίων,

2162 4672 2270 4724 ἀπὸ
2301 4672 2410 4725 τῶν
2440 4673 2735 4743 πολεμίων.
2768 4670 2925 4733 Τίνες
2957 4672 3005 4723 οἱ
3036 4669 3311 4739 φύλακες;
3343 4669 3407 4722 Οἱ
3430 4668 3751 4741 παρεμϐάλ-

468 4767 595 4809 snnt
630 4760 925 4815 custodes?
952 4761 1143 4834 Angeli
1176 4762 1267 4832 qui
1292 4762 1439 4818 circa
1470 4778 1567 4818 nos
1616 4766 1845 4820 tentoria
1886 4764 2054 4836 ﬁgunt

2161 4762 2342 4828 λοντες
2374 4764 2614 4833 ἄγγελοι.

466 4861 521 4903 Cl
554 4861 665 4901 095i
678 4862 1036 4909 rametantur.

546 4942 707 4996 Vens.
751 4943 839 4996 il.
870 4944 974 5010 Qui
1006 4955 1217 5015 separat
1248 4963 1328 5000 me
1354 4964 1385 4999 a
1417 4948 1848 5017 quadrupedibus
1876 4958 2053 5003 terrw.

470 5032 783 5089 Secundum
838 5037 1077 5106 reliquos
1133 5053 1281 5098 vero,
1345 5041 1476 5107 «qui
1533 5040 1697 5094 docet
1738 5055 1834 5095 nos
1891 5056 2058 5109 super

464 5125 714 5196 jumcnta
745 5136 939 5192 terrae,
975 5138 1031 5184 et
1057 5130 1333 5199 sapientes
1357 5146 1456 5185 nos
1497 5131 1675 5184 reddit
1705 5146 1873 5200 super
1901 5132 2055 5186 vola-

472 5218 585 5273 tilia
616 5234 738 5289 quae
782 5234 878 5288 per
921 5236 1101 5276 aerem
1145 5221 1377 5275 volitant
1402 5237 1416 5284 ;
1444 5240 1463 5274 ι
1504 5221 1651 5277 solus
1688 5223 1834 5277 enim
1893 5224 2056 5278 homo

468 5313 681 5367 ratione
725 5323 954 5368 ornatus
994 5324 1096 5367 est.
1128 5314 1435 5368 Creationis
1476 5315 1640 5383 igitur
1681 5314 1949 5369 beneﬁcio
1985 5317 2055 5370 ab

464 5407 721 5461 Omnibus
784 5408 1109 5462 animalibus
1168 5408 1409 5462 distincti
1466 5422 1713 5473 sumus;
1765 5408 1809 5462 si
1870 5420 2054 5464 autem

465 5506 727 5563 peccator
756 5506 815 5552 et
869 5498 1083 5551 adulter
1112 5497 1388 5559 evaseris,
1436 5505 1492 5551 et
1540 5513 1711 5565 prono
1755 5496 1948 5553 aﬂ'ectu
1986 5499 2053 5554 ad

470 5593 674 5641 terram
707 5590 1082 5659 propenderis,
1124 5604 1151 5643 a
1185 5589 1632 5659 quadrupedibus
1673 5599 1829 5645 terrae
1860 5605 2051 5647 secre-

552 5763 594 5794 “
628 5763 929 5831 l’sal.xxxr,
978 5770 1022 5823 Ι.
1109 5770 1148 5799 ⁸³
1191 5769 1207 5822 l
1245 5769 1369 5822 Cor.
1418 5782 1537 5833 xm,
1582 5767 1665 5821 i2.

2242 4951 2294 5001 Ὁ
2324 4948 2589 5018 διορίζων
2620 4965 2698 5018 με
2752 4948 2870 5002 ἀπὸ
2910 4948 3289 5017 τετραπόδων
3317 4948 3450 5018 γῆς.
3496 4947 3655 5003 Κατά
3692 4946 3751 5000 δὲ

2159 5042 2284 5104 τοὺς
2309 5041 2549 5105 λοιποὺς,
2591 5056 2610 5090 σ
2645 5039 2912 5094 διδάσκων
2946 5042 3094 5111 ἡμᾶς
3161 5041 3300 5113 ὑπὲρ
3346 5040 3417 5093 τὰ
3449 5042 3620 5111 κτήνη
3649 5040 3749 5109 τῆς

2158 5134 2282 5203 γῆς,
2312 5133 2406 5185 καὶ
2438 5132 2673 5200 σοφίζων
2705 5133 2843 5205 ὑπὲρ
2868 5131 2936 5185 τά
2968 5133 3109 5186 κατά
3129 5133 3220 5186 τὸν
3250 5133 3387 5204 ἀέρα
3423 5132 3747 5201 διιπτάμενα

2160 5227 2415 5280 πετεινά·
2456 5246 2475 5277 ι
2510 5225 2685 5296 μόνος,
2706 5224 2813 5295 γὰρ
2837 5227 2865 5277 ὁ
2913 5225 3197 5296 ἄνθρωπος
3240 5226 3382 5296 λόγῳ
3439 5226 3744 5297 τετίμηται.

2166 5316 2320 5368 Κατά
2352 5316 2450 5387 μὲν
2482 5312 2574 5369 οὖν
2601 5316 2690 5371 τὸν
2717 5316 2873 5385 λόγον
2901 5317 2999 5387 τῆς
3031 5316 3388 5387 δημιουργίας
3418 5314 3751 5387 διωρίσμεθα

2164 5410 2271 5464 ἀπὸ
2298 5411 2516 5465 πάντων
2542 5410 2651 5465 τῶν
2686 5408 2840 5475 (ζώων
2863 5426 2876 5441 ⁸
2912 5409 3009 5463 ἐὰν
3047 5409 3102 5463 δὲ
3132 5405 3197 5481 ᾗς
3230 5408 3571 5481 ἁμαρτωλὸς,
3614 5408 3752 5478 δι’τόρ⁸

2164 5522 2272 5568 νος,
2298 5505 2643 5577 κατωφερὴς,
2684 5506 2745 5558 οὐ
2772 5504 3060 5577 διωρίσθης
3092 5504 3200 5557 ἀπὸ
3238 5502 3584 5576 τετραπόδων
3624 5502 3748 5571 γῆς,

2165 5596 2299 5650 ἀλλὰ
2361 5596 2848 5671 παρασυνεὸλήθης
2908 5599 3019 5662 τοῖς
3052 5598 3292 5671 κτήνεσι,
3338 5596 3432 5651 καὶ
3455 5595 3644 5665 ἐγένου
3673 5592 3751 5656 ὥς
