4124 6418
467 362 600 415 ιυιιε

1820 361 2128 418 SELECTA
2166 361 2230 416 IN
2260 360 2402 416 JOB.

3559 358 3696 415 1046

466 477 630 536 ἵππος
659 474 752 527 καὶ
787 475 1038 544 ἡμίονος,
1069 470 1149 536 οἷς
1179 475 1278 526 οὑκ
1321 474 1436 528 East.
1476 472 1721 540 σύνεσις,
1752 475 1843 528 καὶ
1869 476 2025 540 ἵππος

2147 489 2231 532 tns
2253 492 2357 530 non
2389 490 2448 530 es
2472 517 2485 540 ,
2527 475 2618 528 sed
2648 481 2992 543 comparatus
3019 489 3079 527 es
3103 472 3386 542 jumentis,
3416 477 3699 543 factusque

462 566 594 636 θηλυ
602 565 798 636 μανής.

1097 845 1231 897 ΚΕΦ
1257 883 1272 898 .
1298 843 1348 896 Μ
1361 836 1390 890 '.

515 939 632 1008 Μὴ,
667 939 828 994 ἀλλὰ
863 936 1037 998 ζῶσαι
1063 934 1265 1004 ὥσπερ
1293 932 1446 1000 ἀνὴρ
1471 931 1587 999 τὴν
1647 932 1849 1000 ὀσφύν
1879 947 2019 985 σου.

442 1032 524 1084 Τὰ
561 1031 658 1100 μὲν
687 1028 865 1082 τέλεια
890 1026 998 1079 τῶν
1054 1025 1448 1094 ἀγωνισμάτων
1479 1025 1590 1086 τοῖς
1643 1021 1822 1085 καλῶς
1854 1021 2022 1092 ἀθλή-

441 1138 566 1174 σασι
602 1119 736 1190 μετά
766 1119 856 1171 τὸν
893 1116 1004 1187 βίον
1028 1117 1316 1170 ἀπόκειται
1348 1113 1558 1166 τοῦτον·
1590 1113 1740 1166 οὐδὲν
1771 1113 1828 1165 δὲ
1860 1109 2021 1184 ἦττον

443 1217 534 1266 καὶ
563 1212 662 1283 ήδη
693 1215 724 1280 ὴ
763 1210 921 1282 χάρις
949 1207 1041 1260 τοῦ
1078 1206 1213 1260 Θεοῦ
1243 1204 1672 1278 ἀῤῥαϐωνίξεται
1703 1204 1829 1267 τοὺς
1861 1201 2026 1274 ἀθλη-

443 1303 556 1365 τάς.
604 1301 688 1353 λιά
723 1301 901 1361 τοῦτο,
936 1300 1024 1351 ὅτε
1077 1297 1386 1367 ἠγωνίσατο
1411 1295 1478 1348 τὰ
1515 1295 1746 1365 μέγιστα
1792 1295 1821 1347 ὁ
1865 1295 2021 1348 Ἰώϐ·

443 1391 551 1452 ⁹ότε,
583 1389 872 1443 ἀποϐαλὼν
904 1389 970 1441 τὰ
1006 1389 1338 1458 ὑπάρχοντα,
1367 1387 1583 1451 ἐδόξασε
1610 1385 1701 1438 τὸν
1730 1385 2022 1438 δεδωκότα·

444 1482 550 1542 ὅτε,
574 1479 910 1546 ἀποθέμενος
934 1477 1001 1530 τά
1033 1477 1218 1540 τέκνα,
1249 1476 1608 1546 εὑχαρίστησε
1630 1474 1708 1545 τῷ
1763 1475 2025 1546 παρειλη-

444 1572 582 1640 φότι·
613 1573 723 1634 ὅτε,
758 1572 993 1641 νοσήσας
1022 1570 1098 1633 ὡς
1148 1566 1434 1638 σκώληκας
1479 1566 1769 1638 ἀνομϐρεῖν
1795 1566 1903 1619 ἀπὸ
1929 1565 2024 1619 τοῦ

444 1662 714 1734 σώματος,
769 1663 830 1720 οὐ
868 1663 1144 1732 νενίκηται
1199 1660 1308 1713 ἀπὸ
1357 1658 1465 1712 τῶν
1499 1659 1706 1713 πόνων·
1764 1659 2026 1728 προοίμια

441 1755 535 1807 καὶ
561 1754 852 1826 ἀρραϐῶνα
878 1755 984 1806 τῶν
1012 1753 1186 1806 ἄθλων
1217 1751 1430 1804 δίδωσιν
1461 1750 1608 1822 αὑτῴ
1637 1753 1664 1803 ὁ
1712 1750 1864 1814 Θεὸς,
1892 1769 2028 1823 χρη-

2122 592 2183 632 es
2225 572 2373 627 sicut
2413 583 2584 635 equus
2610 577 2664 618 et
2697 566 2903 630 multis,
2940 566 3221 635 inquibus
3255 581 3369 620 non
3409 575 3494 621 est
3539 566 3700 621 intel-

2123 667 2298 720 lectus
2335 662 2400 728 ’°,
2464 670 2521 714 et
2569 672 2742 728 equus
2792 658 3013 726 quidem
3066 666 3250 712 mslro-
3285 657 3525 713 libidinis
3571 673 3698 728 por-

2122 758 2261 812 eitus
2295 753 2359 811 ’⁷.

2757 837 2911 894 C.\P.
2945 837 3060 892 XL.

2198 931 2362 990 Vtilis.
2424 935 2477 991 7.
2551 933 2938 1002 Nequaquam.
2999 934 3092 986 sed
3137 932 3407 1000 accingere
3443 931 3578 985 sicut
3617 933 3700 985 vir

2121 1029 2355 1083 lumbum
2389 1035 2558 1080 tuum.
2603 1024 2672 1076 lis
2719 1025 2935 1092 quidem
2965 1023 3055 1090 qui
3091 1038 3148 1076 se
3177 1033 3440 1076 strenuos
3465 1021 3698 1075 athletas

2122 1120 2527 1190 pratstilerunt,
2597 1116 2818 1181 praemia
2874 1114 3317 1182 praestantissima
3383 1122 3502 1182 post
3557 1113 3700 1167 hanc

2122 1211 2290 1266 vitam
2329 1207 2606 1262 recondita
2658 1216 2820 1267 sunt;
2873 1205 3222 1259 nihilominus
3260 1221 3400 1258 nunc
3446 1206 3698 1259 etiamin

2124 1298 2376 1370 praesenti
2409 1294 2630 1354 saeculo,
2665 1295 2771 1348 illis
2800 1294 2976 1364 gratia
3013 1294 3106 1347 Dei
3133 1310 3232 1364 pro
3257 1293 3696 1350 arrhahoue-est.

2103 1389 2331 1444 aldcirco
2377 1385 2547 1442 Jobus
2591 1401 2716 1438 cum
2778 1400 3050 1438 summum
3112 1386 3414 1439 discrimen
3454 1385 3700 1446 adiisset.

2125 1495 2248 1535 cum
2287 1477 2442 1532 bonis
2479 1479 2740 1538 nudatus,
2789 1475 3033 1545 largitori
3088 1476 3316 1546 gloriam
3375 1477 3697 1544 detulisset;

2125 1581 2247 1621 cum
2278 1565 2461 1619 liberis
2489 1574 2746 1626 ornatus,
2777 1563 2978 1632 gratias
3005 1563 3273 1620 auferenti
3298 1566 3542 1637 egisset;
3578 1583 3700 1623 cum

2125 1656 2446 1728 aegritudine
2503 1655 2841 1716 laborasset,
2896 1654 2970 1708 ita
3023 1664 3083 1707 ut
3137 1669 3350 1711 vermes
3405 1671 3438 1712 ο
3473 1671 3705 1725 corpore

2130 1751 2305 1804 instar
2347 1746 2539 1802 imbris
2597 1744 2973 1815 proﬂuxerint,
3031 1745 3292 1800 molestiis
3335 1759 3392 1802 et
3443 1749 3714 1804 aerumnis.

443 1846 673 1916 ματίσας
705 1845 853 1917 αὑτῷ
879 1845 966 1898 διά
994 1843 1191 1914 νέφους
1215 1844 1309 1897 καὶ
1339 1842 1620 1907 λαίλαπος.
1648 1843 1910 1907 Ἀκούσας
1929 1840 2021 1896 οὖν

2127 1849 2412 1910 superatus
2440 1854 2550 1893 non
2580 1847 2703 1904 est;
2747 1852 2934 1892 verum
2983 1837 3124 1892 Deus
3150 1852 3181 1892 e
3231 1846 3376 1893 nube
3404 1848 3460 1894 et
3491 1841 3720 1896 turbine

441 1937 548 1988 τῶν
584 1936 864 2006 προτέρων
898 1936 1091 2004 λόγων,
1125 1935 1243 2006 δέον
1272 1935 1668 2006 ἀποκρίνασθαι
1698 1933 1835 2006 πρὸς
1863 1935 2018 1998 Θεὸν,

443 2030 640 2098 σιωπᾷ,
678 2027 752 2091 ὡς
782 2030 881 2080 οὐκ
915 2029 1052 2098 ἔχων
1086 2005 1395 2097 παρξησίαν
1416 2044 1430 2056 ·
1484 2025 1636 2079 οῦπω
1662 2027 1768 2098 γάρ
1795 2027 1908 2098 ᾔδει
1939 2029 2018 2091 τὸ,

447 2136 464 2166 c
508 2117 712 2186 Μωσῆς
737 2117 934 2180 ἐλάλει,
970 2121 997 2170 ό
1022 2119 1080 2171 δὲ
1110 2117 1241 2180 Θεὸς
1267 2117 1598 2188 ἀπεκρίνατο
1627 2117 1774 2188 αὐτῷ
1797 2121 1966 2189 φωνῇ.
1995 2137 2014 2171 ι

454 2208 510 2259 Ὀ
544 2209 726 2277 μέντοι
779 2209 908 2272 Θεὸς
939 2210 1153 2263 δίδωσιν
1185 2210 1332 2280 αὑτῴ
1368 2211 1677 2283 παρρησίαν
1705 2209 1794 2262 τοῦ
1818 2209 2018 2278 λέγειν·

444 2301 532 2351 καὶ
588 2299 823 2370 τοσαύτη
852 2302 996 2354 ἐστὶν
1029 2302 1193 2354 αὑτοῦ
1225 2305 1258 2372 ἡ
1286 2301 1612 2373 χρηστότης,
1642 2300 1780 2354 ὥστε
1823 2299 2022 2354 ἀναλα-

438 2389 552 2442 ϐεῖν
586 2391 745 2444 αὑτὸν
778 2394 1066 2463 πρόσωπον
1093 2394 1153 2447 οὑ
1187 2395 1484 2465 κρίνοντος,
1519 2393 1652 2447 ἀλλά
1703 2392 2020 2464 κρινομένου

442 2479 580 2548 μετά
611 2481 705 2532 τοῦ
736 2481 1044 2552 ἀνθρώπου.
1077 2482 1188 2536 Καὶ
1217 2483 1372 2536 ἄλλαι
1406 2483 1563 2535 τοῦτο
1601 2482 1847 2548 ἐδίδαξαν
1881 2482 1921 2533 Γ
1926 2499 2022 2554 ρα-

439 2569 566 2639 φαί·
599 2569 676 2634 ὡς
705 2571 786 2632 τὸ,
809 2591 828 2623 ι
858 2572 1041 2634 Δεῦτε,
1079 2574 1171 2625 καὶ
1203 2573 1596 2643 διαλεχθῶμεν·
1641 2593 1659 2625 ι
1691 2574 1806 2635 καὶ,
1836 2593 1853 2623 ι
1882 2574 2022 2637 Λαός

441 2677 563 2730 μου,
593 2661 645 2714 τί
699 2663 929 2733 ἐποίησά
961 2681 1076 2729 σοι;
1112 2684 1131 2716 ι
1171 2665 1308 2734 ’Ἤδη
1343 2661 1502 2717 ἆθλον
1555 2665 1769 2718 δίδωσιν
1803 2665 1950 2736 αὑτῷ
1994 2667 2023 2718 ὁ

439 2749 591 2813 Θεὸς,
625 2751 707 2804 ὅτι
760 2752 1044 2825 ἄνθρωπον
1073 2755 1274 2826 ἐρωτᾷ,
1333 2756 1414 2807 ὅτι
1458 2753 1785 2808 πυνθάνεται
1835 2753 2019 2820 αὐτοῦ,

439 2840 518 2891 ὃτι
546 2841 758 2894 δίδωσιν
782 2842 1028 2908 ἐξουσίαν
1053 2845 1151 2914 τῆς
1181 2844 1542 2914 ἀποκρίσεως.
1585 2845 1646 2896 Ei
1691 2845 1765 2915 μὴ
1800 2839 1867 2916 ἦν
1887 2861 2025 2897 νενι-

439 2931 646 2999 κηκὼς,
671 2934 770 2986 οὐκ
810 2933 1112 3003 ἐλάμϐανεν
1132 2951 1146 2965 ·
1183 2937 1231 2987 εἰ
1267 2935 1340 3006 μὴ
1369 2931 1436 3006 ἦν
1485 2935 1805 3005 ὑπομείνας,
1831 2937 1932 2989 οὐκ
1957 2935 2021 2989 ἂν

440 3021 668 3088 ἢκουσε·
704 3040 722 3072 ς
758 3021 935 3074 Ζῶσαι
992 3022 1180 3094 ὥσπερ
1233 3024 1370 3095 ἀνὴρ
1399 3025 1497 3094 τὴν
1526 3025 1694 3094 ὀσφύν
1721 3043 1836 3088 σου,
1881 3045 1899 3078 ι
1930 3025 2023 3079 καὶ

442 3111 517 3182 μὴ
553 3111 766 3166 σιώπα·
801 3112 914 3165 ἀλλ’
946 3113 1194 3184 ἀνδρίζου
1230 3116 1365 3186 πρὸς
1394 3116 1492 3179 τὰς
1545 3118 1872 3187 ἐρωτήσεις·
1913 3117 2024 3188 ὅσῳ

441 3205 549 3276 γὰρ
578 3206 748 3274 ὀσφύς
771 3225 914 3270 τινος
939 3209 1039 3260 οὐκ
1070 3207 1318 3272 έζωσται,
1354 3209 1472 3262 οὐδὲ
1501 3210 1906 3280 συνέσιριγκται,
1930 3211 2024 3264 ἀλ-
2052 3189 2094 3246 C

439 3295 508 3349 λά
533 3295 831 3361 λέλυται,οὑ
857 3298 1077 3353 δύναται
1107 3299 1341 3369 εὐλόγως
1369 3301 1765 3370 ἀποκρίνασθαι
1787 3303 2018 3377 caeso.

441 3389 534 3460 Μὴ
567 3388 834 3462 πρότερον
866 3387 958 3444 οὖν
1003 3391 1390 3462 ἀποκρινάσθω
1416 3409 1498 3454 τις
1530 3391 1605 3462 τῷ
1633 3393 1773 3465 Θεῷ,
1819 3397 1914 3449 ὲάν
1948 3398 2023 3468 μὴ

439 3482 578 3554 ἀνὴρ
612 3481 834 3552 γένηται
860 3483 1061 3547 τέλειος
1113 3484 1212 3554 τὴν
1241 3483 1614 3554 πνευματικὴν
1661 3485 1875 3556 ἡλικίαν
1931 3490 2026 3541 καὶ

439 3571 536 3643 τὴν
564 3573 733 3640 ὀσφὺν
762 3573 1021 3645 ζώσηται.

2127 1947 2251 1987 eum
2276 1931 2565 1997 allocutus,
2592 1929 2939 1998 praemiorum
2971 1929 3328 1997 primordium
3359 1940 3415 1985 et
3440 1931 3704 1986 arrhabo-

2130 2041 2251 2080 nem
2306 2025 2354 2078 ei
2423 2023 2690 2077 concedit.
2757 2022 3203 2089 Quandoquidem
3259 2031 3442 2077 autem
3505 2024 3705 2079 auditis

2129 2117 2497 2184 superioribus
2547 2115 2636 2167 Dei
2691 2113 3070 2177 sermonibus,
3129 2128 3253 2166 cum
3298 2114 3448 2169 vices
3482 2129 3702 2184 respon-

2128 2207 2288 2261 dendi
2332 2205 2404 2259 illi
2437 2205 2831 2267 incubuissent,
2874 2203 3072 2255 liducia
3106 2202 3360 2270 loquendi
3385 2205 3714 2272 destitutus,

2129 2299 2403 2353 silentium
2469 2297 2673 2367 egisset
2722 2294 2982 2366 (nondum
3035 2294 3182 2348 enim
3234 2295 3362 2348 illud
3413 2295 3706 2356 didicerat.
3777 2319 3794 2330 -

2136 2407 2154 2439 ι
2185 2387 2360 2442 Moses
2386 2387 2726 2456 loquebatur,
2756 2386 2892 2437 Deus
2923 2391 3100 2438 autem
3131 2399 3263 2440 voce
3284 2385 3332 2436 ei
3351 2377 3728 2450 respondit»),_

2132 2485 2272 2537 Deus
2314 2480 2563 2550 loquendi
2605 2478 2864 2532 liduciam
2887 2477 2937 2532 ei
2976 2478 3254 2547 impertit;
3294 2486 3550 2547 tantaque
3587 2479 3704 2549 ejus

2131 2569 2440 2640 benignitas
2489 2576 2593 2634 est,
2639 2576 2699 2620 ut
2743 2583 2846 2621 non
2896 2569 3126 2638 judicis,
3173 2568 3268 2622 sed
3315 2583 3438 2623 cum
3482 2569 3718 2624 homine

2131 2662 2475 2716 decernentis
2530 2674 2817 2729 personam
2869 2659 3342 2729 suscipiat:quod
3396 2661 3516 2715 aliis
3553 2659 3718 2714 Scri-

2131 2765 2301 2822 ptum:
2326 2751 2460 2804 locis
2474 2747 2803 2815 ostenditur;
2824 2757 2901 2812 ut,
2931 2749 3175 2815 «Venite,
3194 2761 3247 2803 et
3272 2765 3562 2820 arguamus
3591 2749 3702 2814 ¹⁸ςι

2131 2857 2230 2898 et:
2275 2843 2556 2912 «Populus
2605 2857 2791 2903 meus,
2838 2842 2966 2911 quid
3021 2843 3126 2897 feci
3190 2843 3286 2897 tibi
3354 2843 3442 2897 “‘l
3471 2861 3490 2895 ι
3551 2843 3704 2909 Quod

2133 2937 2407 2991 hominem
2463 2935 2787 3002 interroget,
2844 2936 2986 3001 quod
3042 2935 3350 3003 loquentem
3397 2935 3600 3002 audiat,
3651 2943 3706 2988 et

2131 3031 2276 3099 quod
2321 3027 2682 3097 respondendi
2743 3025 3020 3080 licentiam
3078 3027 3379 3093 coacedat,
3442 3026 3710 3080 hactenus

2131 3121 2352 3192 praamio
2382 3135 2504 3175 eum
2535 3121 2675 3174 Deus
2697 3117 2898 3172 alTecit.
2933 3116 2990 3172 Si
3025 3118 3203 3172 victor
3231 3132 3337 3170 non
3364 3115 3661 3170 exstitisset
3687 3155 3702 3180 ,

2131 3207 2294 3278 508
2322 3208 2601 3277 prazmium
2633 3224 2738 3261 non
2771 3215 3135 3275 reportasset;
3170 3206 3213 3259 si
3255 3206 3422 3258 animi
3449 3215 3706 3260 constan-

2132 3304 2260 3358 tiam
2299 3319 2406 3357 non
2440 3302 2788 3366 ostendisset,
2838 3300 2966 3354 illud
3009 3304 3191 3370 utique
3242 3315 3346 3353 non
3385 3298 3728 3364 audivisset..-

2133 3414 2156 3449 ε
2178 3396 2408 3465 Acciuge
2437 3396 2579 3450 sicut
2608 3395 2690 3447 vir
2725 3393 2966 3447 lumbum
3006 3403 3178 3452 tuum.
3215 3412 3233 3444 ι
3281 3392 3389 3445 noli
3424 3391 3716 3446 silentium-

2131 3500 2318 3557 agere,
2339 3485 2431 3539 sed
2458 3485 2524 3539 ad
2551 3482 2982 3553 respondendum
3014 3484 3252 3537 animum
3279 3483 3486 3537 virilem
3520 3483 3701 3536 indue:

2129 3587 2398 3649 quatenus
2441 3577 2585 3632 enim
2622 3577 2789 3630 lumbi
2840 3575 3068 3644 alicujus
3107 3575 3330 3630 minime
3370 3574 3599 3629 accincti
3651 3583 3720 3628 et-

441 3669 743 3736 constricti,
777 3673 868 3725 sed
926 3673 1086 3727 soluti
1125 3684 1272 3741 sunt,
1323 3675 1368 3730 is
1421 3675 1554 3741 Deo,
1595 3684 1756 3744 prout
1792 3686 2216 3730 consentaneum
2257 3683 2364 3738 est,
2403 3674 2736 3742 respondere
2777 3688 2880 3727 non
2932 3681 3126 3743 potest.
3167 3673 3274 3727 Deo
3337 3672 3498 3742 igitur
3545 3685 3705 3726 nemo

441 3766 590 3823 prius
621 3762 968 3826 respondeat,
1016 3780 1176 3832 quam
1214 3765 1482 3834 spirituali
1521 3776 1724 3820 statura
1775 3767 1858 3820 vir
1888 3774 2299 3821 consummatus
2318 3766 2577 3829 evaserit,
2604 3775 2657 3818 et
2680 3766 2892 3820 lumbos
2915 3764 3239 3819 acciuxerit.

509 3854 603 3922 Μὴ
630 3857 926 3910 ἀποποιοῦ
949 3875 1068 3925 μου
1095 3858 1157 3910 τὸ
1187 3860 1385 3928 κρῖμα.
1414 3861 1505 3932 Μὴ
1536 3861 1649 3915 οἴου
1683 3861 1892 3930 ἀλόγως
1927 3879 2021 3916 κε-

441 3945 660 4016 κρίσθαι
709 3965 796 4017 μοι
841 3947 1011 4000 ταῦτα
1041 3949 1181 4022 ἅπερ
1214 3950 1532 4020 ὑπέμεινας,
1594 3953 1727 4023 μηδὲ
1756 3952 2022 4006 ἀποποιοῦ

443 4055 543 4107 μου
572 4038 631 4091 τὸ
653 4041 844 4111 κρῖμα.
875 4040 1080 4093 Τούτου
1106 4040 1200 4094 τοῦ
1241 4040 1426 4113 ῥητοῦ,
1452 4042 1526 4104 ὡς
1565 4043 1837 4114 χρησίμου
1885 4063 2024 4116 μνη-

443 4130 774 4201 μονεύωμεν,
802 4133 928 4185 ὅταν
949 4134 977 4184 ὁ
996 4133 1128 4197 Θεὸς
1162 4133 1355 4188 παθεῖν
1383 4152 1434 4187 τι
1467 4136 1614 4204 ἡμᾶς
1637 4137 1819 4208 κρίνῃ,
1837 4137 2024 4189 τέκνον

440 4221 754 4281 ἀποϐαλεῖν,
796 4223 967 4295 ἀρχὴν
993 4224 1274 4286 ἀπολέσαι,
1331 4226 1555 4295 νοσῆσαι
1590 4225 1731 4278 κατὰ
1752 4227 1812 4280 τὸ
1840 4227 2022 4296 σῶμα.

439 4313 467 4366 ὃ
490 4329 542 4364 τι
569 4314 766 4385 δήποτε
788 4315 991 4368 τούτων
1025 4317 1356 4386 ὑποστῆναι·
1407 4316 1559 4370 οὐδὲν
1597 4318 1802 4370 τούτων
1827 4313 1937 4370 οἷόν
1967 4335 2028 4371 τε

441 4403 634 4457 παθεῖν
657 4407 825 4476 ἡμᾶς,
862 4405 936 4478 μὴ
967 4407 1240 4478 κρίνοντος
1261 4408 1354 4460 τοῦ
1386 4407 1544 4464 Θεοῦ.
1588 4408 1740 4461 Ἐπεὶ
1761 4406 1854 4463 οὖν
1877 4409 2027 4462 οὐδὲν

439 4493 641 4547 τούτων
691 4497 896 4563 γίνεται
931 4497 1097 4568 χωρὶς
1145 4497 1413 4569 κρίματος
1465 4498 1559 4551 τοῦ
1613 4498 1770 4561 Θεοῦ,
1812 4499 2026 4568 λέγεται

440 4587 575 4656 πρὸς
603 4587 693 4641 τὸν
731 4587 966 4640 παθόντα
991 4606 1004 4617 ·
1039 4607 1055 4638 ι
1089 4589 1180 4659 Μὴ
1225 4591 1488 4643 ἁποποιοῦ
1532 4609 1633 4660 μου
1679 4591 1740 4644 τὸ
1770 4594 1964 4662 κρῖμα·
2003 4612 2018 4644 t

2206 3861 2365 3915 Vsus.
2409 3862 2463 3915 8.
2511 3860 2591 3914 Ne
2616 3859 3120 3928 repellasjudicium
3147 3873 3338 3914 meum.
3368 3857 3487 3913 NOIi
3513 3860 3704 3915 existi-

2131 3969 2280 4008 mare
2325 3967 2410 4006 me
2461 3965 2746 4020 perperam
2772 3960 2826 4003 et
2853 3952 2969 4002 sine
3002 3949 3230 4011 ratione,
3273 3963 3334 4002 ea
3364 3964 3486 4017 quae
3511 3963 3707 4018 passus

2127 4059 2182 4099 es
2205 4044 2498 4114 judicasse,
2535 4056 2710 4109 neque
2749 4040 3014 4110 judicium
3051 4055 3229 4093 meum
3260 4040 3520 4109 defugito.
3560 4040 3701 4096 Dicti

2131 4135 2289 4200 hujus
2312 4133 2599 4187 utilitatem
2629 4129 2890 4184 memoria
2918 4129 3252 4194 recolamus,
3281 4145 3401 4183 cum
3431 4129 3572 4184 Deus
3593 4131 3722 4199 pali~

2132 4243 2230 4280 nos
2285 4224 2492 4293 aliquid
2547 4222 2872 4285 decreverit,
2929 4220 2975 4275 si
3028 4219 3320 4275 liberorum
3363 4219 3706 4290 orbitatem,

2127 4319 2437 4373 dominatus
2473 4314 2843 4376 amissionem,
2885 4313 3136 4382 corporis
3168 4314 3584 4382 aegritudinem,
3616 4316 3704 4371 vel

2126 4411 2329 4479 aliquid
2367 4408 2672 4478 lmjusmodi
2709 4405 2897 4461 subire
2922 4415 3176 4475 Oporteat
3207 4425 3222 4460 :
3259 4407 3374 4461 ﬁeri
3412 4409 3554 4462 enim
3594 4425 3702 4464 non

2126 4509 2322 4571 potest,
2352 4509 2410 4553 ut
2441 4499 2559 4552 sine
2601 4497 2690 4552 Dei
2715 4497 2922 4565 judicio
2969 4496 3263 4565 quidquam
3304 4499 3492 4552 hormn
3526 4500 3702 4565 patia-

2128 4609 2269 4646 mur.
2293 4593 2424 4646 Cuut
2460 4590 2642 4658 itaque
2671 4588 2876 4656 absque
2906 4587 3312 4655 divinojudicio
3343 4589 3476 4644 nihil
3510 4591 3718 4646 horum.

439 4679 701 4741 τουτέστι,
734 4679 826 4750 Μὴ
871 4678 1118 4750 ἀπαρνοῦ
1171 4681 1308 4751 ὅπερ
1338 4681 1529 4754 ἔκρινα
1571 4683 1700 4754 περὶ
1756 4681 1878 4736 σοῦ·
1931 4683 2020 4736 τὸν

2127 4684 2365 4748 eveniat,
2418 4683 2646 4735 adversa
2703 4680 2951 4735 toleranti
3009 4680 3226 4745 dicitur,
3291 4682 3406 4735 «Ne
3475 4682 3710 4752 repellas

440 4767 684 4836 παρόντα
707 4768 852 4837 λέγει
871 4786 974 4839 χρη
985 4769 1273 4840 ματισμόν.

513 5043 635 5097 Οἴει
677 5043 743 5098 δέ
767 5062 844 5113 με
884 5043 1086 5113 ἄλλως
1117 5062 1216 5102 σοι
1259 5050 1789 5119 κεχρηματικέναι,
1830 5053 1867 5122 ἣ
1915 5055 2017 5108 ἵνα

438 5134 751 5203 ἀναφανῇς
776 5136 1040 5204 δίκαιος;
1099 5139 1490 5212 Ἀπολογοῦμαί
1520 5159 1630 5195 σοι·
1694 5143 1897 5208 δίκαιος
1925 5141 2014 5216 ἦς,

438 5224 552 5276 ἀλλ’
605 5227 704 5278 οὑκ
754 5223 821 5298 ἦς
871 5229 1128 5300 φανερός·
1197 5231 1474 5302 ὑπομονὴν
1533 5229 1678 5304 εἶχες
1704 5252 1717 5264 ·
1785 5236 1890 5289 ἔδει
1948 5255 2016 5307 με

436 5315 690 5388 ἀφορμὴν
732 5325 1031 5391 παρασχεῖν
1063 5323 1154 5376 τοῦ
1179 5323 1385 5394 λάμψαι
1426 5343 1519 5379 σου
1550 5327 1649 5395 τὴν
1696 5329 1971 5400 ὑπομονήν
1999 5347 2012 5360 ·

437 5401 583 5478 εἶχες
607 5410 856 5482 ἀνδρείαν
876 5429 888 5441 ·
947 5413 1060 5465 ἀλλ’
1091 5414 1390 5486 ἐκρύπτετο
1413 5418 1470 5468 ἐν
1502 5417 1612 5470 σοι·
1654 5420 1702 5470 oi
1739 5420 2014 5491 συμϐεϐη-

441 5504 593 5563 κότες
626 5501 774 5555 πόνοι
813 5501 1017 5565 ἔδειξαν
1053 5521 1146 5557 σου
1178 5507 1275 5576 τὴν
1321 5507 1589 5578 ἀνδρείαν.
1638 5510 1852 5562 Τούτων
1881 5528 2016 5581 μνη-

440 5590 749 5662 μονεύωμεν
769 5593 828 5646 ὲν
851 5595 962 5653 τοῖς
983 5594 1089 5647 τῶν
1112 5597 1480 5667 περιστάσεων
1501 5606 1726 5670 καιροῖς,
1747 5603 1839 5654 καὶ
1857 5602 2020 5666 δόξω-

515 5775 557 5804 ¹⁰
598 5773 716 5830 l’snl
783 5790 978 5842 XLVIII,
1026 5775 1111 5843 l3,
1143 5778 1232 5845 21,
1279 5795 1427 5843 xui,
1490 5781 1542 5835 9.
1619 5782 1657 5813 "
1715 5781 1914 5838 JCl‘Cltl.
1959 5800 2010 5850 γ,
2062 5785 2111 5838 8.

2121 4776 2384 4844 judicium
2422 4789 2621 4836 meum,
2653 4792 2682 4826 ιη
2719 4773 2773 4827 id
2810 4785 2913 4837 est,
2944 4773 3086 4841 quod
3121 4773 3188 4827 de
3217 4781 3268 4828 te
3293 4771 3501 4840 judicio
3535 4775 3718 4830 Statuit

2125 4870 2393 4938 (praesens
2441 4866 2655 4922 scilicet
2717 4881 3036 4936 responsum
3093 4866 3306 4936 meum).
3358 4866 3463 4920 noli
3514 4867 3700 4922 detac-

2121 4971 2293 5015 ctare.

2195 5052 2365 5106 Putas
2395 5061 2570 5106 autem
2614 5067 2695 5106 me
2738 5053 2897 5106 aliter
2926 5054 3021 5109 tibi
3057 5053 3385 5122 respondisse
3409 5095 3425 5122 ,
3450 5070 3614 5119 quam
3643 5063 3702 5107 ut

2123 5155 2378 5209 apparens
2409 5138 2638 5208 justus?
2681 5139 2869 5196 Justus
2902 5157 3054 5208 eras,
3103 5142 3293 5207 fateor,
3348 5159 3539 5198 verum
3579 5143 3698 5198 aliis

2124 5233 2339 5302 ignotus
2363 5248 2379 5294 ;
2404 5231 2666 5300 patientia
2700 5232 3081 5299 iustruebaris,
3107 5235 3203 5289 sed
3228 5243 3283 5288 ut
3311 5235 3569 5304 patientia
3605 5243 3692 5286 tua

2123 5326 2372 5390 eniteret,
2411 5324 2755 5380 occasionem
2804 5341 2889 5380 me
2929 5327 3170 5395 praebere
3193 5326 3471 5394 Oportuit;
3511 5325 3696 5379 animo

2125 5415 2248 5470 forti
2275 5431 2417 5478 eras,
2451 5416 2544 5470 sed
2579 5415 2833 5470 latentem
2865 5417 2917 5470 in
2949 5427 3002 5472 te
3032 5417 3404 5472 fortitudinem
3436 5431 3694 5470 seruitum

2124 5519 2178 5563 et
2212 5508 2472 5562 molestia:
2496 5522 2614 5577 quae
2641 5507 2734 5563 tibi
2765 5509 3128 5576 contigerunt,
3156 5507 3488 5576 perspicuam
3514 5506 3696 5560 reddi-

2128 5603 2340 5656 derunt.
2399 5599 2600 5653 llorum
2654 5604 3020 5665 recordemur,
3072 5612 3193 5652 cum
3225 5597 3564 5652 calamitates
3595 5609 3695 5652 nos

2195 5785 2235 5815 ’⁸
2277 5784 2401 5840 [δαὶ.
2433 5782 2587 5848 1,18.
2668 5784 2709 5815 ¹⁹
2752 5782 2910 5838 Mich.
2955 5799 3029 5853 Vt,
3072 5783 3124 5837 5.
