4124 6396
465 311 607 366 θοι-1

1873 319 1962 372 EX
2004 314 2312 372 ()RIGENE

3582 316 3724 372 1048

459 443 734 504 premunt,
791 443 846 490 et
898 437 1062 492 Deum
1109 449 1450 508 praesentem,
1503 457 1706 511 nosque
1745 441 2024 509 alloquen-

2137 455 2235 508 μεν
2265 437 2357 488 τού
2395 433 2533 486 Θεοῦ
2568 433 2785 488 ἀκούειν
2836 432 3102 505 παρόντος
3152 433 3249 487 καὶ
3281 433 3526 501 λέγοντος
3552 432 3716 502 ἡμῖν·

459 534 566 578 tem
605 527 791 581 audire
833 528 1224 592 existimemus,
1267 548 1290 584 ι
1327 533 1558 586 Putasne
1621 547 1707 585 me
1741 529 1899 583 aliter
1937 528 2031 581 tibi

459 617 826 685 respondisse,
853 637 871 670 ι
914 620 965 672 id
1011 633 1123 686 est,
1159 631 1351 676 leltlal‘l
1386 633 1436 677 Ie
1466 639 1682 690 passum
1713 637 2030 691 esse,quam

458 715 512 760 ut
544 707 1151 780 ignorantilntsjus'itia
1196 725 1283 767 tua
1328 715 1613 769 manifesta
1641 715 1774 768 lial?

531 798 694 855 Vens.
738 803 825 856 10.
868 803 1090 858 Assume
1119 806 1214 858 tibi
1257 805 1610 861 altitudinem.
1670 807 1821 861 Licet
1863 807 2028 860 etiam

456 889 558 949 hoc
601 893 760 948 modo
797 909 987 949 versus
1036 897 1372 965 intelligere:
1401 902 1580 954 \‘ictus
1629 914 1658 951 a
1701 909 1753 952 te
1785 907 2030 953 tentator

453 992 560 1050 est,
601 984 766 1039 animi
823 986 898 1040 tui
942 986 1316 1042 celsitudinem
1360 999 1412 1042 et
1451 990 1592 1042 vires
1633 1003 1751 1044 tuas
1793 1005 2028 1056 resume,

452 1088 712 1129 coronam
737 1077 956 1145 accipe,
990 1085 1043 1129 et
1073 1077 1237 1132 decus
1271 1077 1430 1132 indue
1457 1095 1470 1131 :
1501 1080 1702 1133 bellum
1740 1079 1832 1134 tibi
1863 1080 2030 1135 movit

451 1165 810 1231 conviciator,
850 1178 904 1222 tu
947 1183 1080 1223 vero
1125 1170 1433 1238 superbiam
1483 1170 1600 1239 ejus
1649 1173 1928 1238 domuisti,
1974 1179 2030 1226 et

450 1270 579 1311 cum
647 1259 874 1314 cohorte
936 1274 1032 1313 sua
1097 1248 1288 1329 procul
1359 1262 1510 1316 illum
1579 1277 1700 1317 cum
1763 1263 2029 1320 dedecore

452 1347 673 1420 fugasti.

1077 1442 1225 1496 CAP.
1263 1443 1405 1500 XLI.

526 1532 688 1587 Vens.
717 1532 769 1586 5.
807 1532 979 1587 Ludes
1018 1544 1192 1588 autem
1221 1536 1273 1587 in
1305 1552 1362 1588 eo
1395 1535 1531 1588 sicut
1554 1535 1636 1589 avi
1660 1535 1686 1588 .9
1712 1545 1804 1588 aut
1835 1535 2026 1606 Iigabis

452 1636 571 1674 eum
605 1622 736 1674 sicut
768 1638 1033 1690 passerem
1066 1627 1272 1691 puero?
1305 1623 1508 1696 Magni,
1536 1626 1742 1680 strenui
1795 1635 1850 1680 et
1905 1642 2025 1692 pero

451 1711 580 1767 fecti
612 1712 776 1765 animi
813 1713 1039 1779 gloriam
1071 1723 1125 1768 et
1156 1714 1413 1768 honorem
1445 1714 1746 1782 describit;
1783 1725 1837 1770 et
1874 1718 2021 1785 quod

2139 548 2158 579 ι
2203 527 2316 581 Οἴει
2342 527 2398 581 δέ
2429 545 2495 597 με
2526 525 2700 589 ἄλλως
2742 543 2822 578 σοι
2875 524 3370 595 κεχρηματικέναι,
3415 542 3433 577 ι
3472 524 3719 578 τουτέστι

2131 623 2223 674 τὸν
2247 619 2547 691 πειρασμὸν
2573 617 2945 689 συγχωρῆσαι,
2974 617 3007 686 ἢ
3041 618 3128 670 ἵνα
3158 619 3268 680 τοῖς
3299 615 3552 685 ἀγνοοῦσι
3583 614 3718 686 δήλη

2136 713 2168 781 ἡ
2201 710 2267 780 σὴ
2297 707 2608 778 δικαιοσύνη
2640 703 2708 780 ᾖ;

2215 801 2502 854 Ἀνάλαϐε
2523 799 2597 866 δὴ
2622 800 2799 867 ὕψος.
2834 798 2990 850 Ἔστι
3015 797 3073 850 δὲ
3097 799 3189 851 καὶ
3213 797 3356 850 οὓτω
3381 797 3572 868 νοῆσαι
3590 798 3718 860 τοὺς

2134 893 2380 964 στίχους·
2413 891 2724 961 Νενίκηκας
2761 891 2855 943 τὸν
2885 891 3214 962 πειραστήν·
3248 890 3482 944 ἀνάλαὸέ
3523 907 3615 943 σου
3657 889 3718 941 τὸ

2132 986 2292 1056 ὕψος·
2328 986 2564 1040 ἀνάλαϐέ
2593 1003 2685 1038 σου
2712 985 2810 1055 τὴν
2857 985 3083 1055 δύναμιν
3105 1002 3118 1013 ·
3159 985 3528 1052 στεφάνωσαι·
3569 983 3716 1036 ἔνδυρ

2131 1095 2222 1132 σαι
2244 1079 2596 1148 εὐπρέπειαν.
2637 1078 2694 1130 '0
2722 1075 2981 1148 ὑϐριστὴς
3012 1076 3409 1148 ἐστρατεύσατο
3434 1075 3573 1130 κατὰ
3597 1074 3711 1128 σοῦ·

2132 1171 2196 1224 σὺ
2218 1170 2275 1224 δὲ
2309 1170 2400 1222 τὸν
2431 1169 2777 1240 ὑπερήφανον
2809 1169 3197 1232 ὲταπείνωσας,
3224 1168 3320 1220 καὶ
3353 1168 3567 1238 μακράν
3597 1167 3714 1238 μετ’

2127 1260 2388 1332 αἰσχύνης
2419 1259 2765 1331 ἁπέστρεψας
2795 1258 2933 1330 μετὰ
2953 1260 3053 1329 τῆς
3093 1259 3253 1312 αὑτοῦ
3280 1260 3578 1328 φάλαγγος.

2747 1444 2900 1496 ΚΕΦ.
2937 1445 3072 1498 ΜΝ.

2197 1537 2390 1606 Παίξῃ
2412 1535 2480 1590 δὲ
2501 1536 2570 1588 ἐν
2589 1533 2748 1599 αὐτῷ
2767 1533 2968 1603 ὥσπερ
2993 1535 3175 1603 ὀρνέῳ
3188 1552 3205 1599 ;
3232 1535 3269 1603 ἢ
3297 1533 3506 1601 δήσεις
3527 1531 3724 1586 αὐτὸν

2124 1629 2328 1698 ὥσπερ
2353 1629 2675 1696 στρουθίον
2701 1626 2916 1693 παιδίῳ
2936 1643 2956 1690 ;
2986 1627 3243 1696 Μεγάλης
3271 1627 3363 1679 καὶ
3396 1623 3714 1696 ἐρρωμένης

2125 1723 2220 1776 καὶ
2255 1720 2465 1783 τελείας
2492 1718 2668 1789 ψυχῆς
2719 1718 3008 1790 διαγράφει
3035 1718 3095 1771 τὸ
3123 1719 3295 1781 τέλος,
3328 1719 3409 1770 ὅτι
3438 1733 3502 1785 γε
3532 1718 3561 1768 ό
3584 1715 3714 1786 δρά-

449 1805 614 1858 draco
645 1803 742 1869 illi,
781 1814 838 1858 ut
869 1820 1056 1874 passer
1098 1822 1285 1876 puero,
1320 1808 1555 1863 traditus
1587 1809 1680 1874 sit,
1709 1809 1799 1878 qui
1843 1784 2020 1877 puero

2127 1832 2238 1870 κων
2267 1811 2434 1882 αὐτῷ,
2463 1812 2652 1882 ὥσπερ
2674 1811 2952 1882 στρουθίον
2979 1810 3338 1881 παραδέδοται
3367 1809 3585 1879 παιδίῳ,
3611 1825 3715 1878 μη-

443 1911 642 1951 nocere
677 1912 780 1950 non
818 1906 1037 1967 potest;
1085 1913 1220 1967 puer
1245 1899 1392 1954 enim
1421 1913 1542 1953 eum
1584 1899 1688 1954 sibi
1723 1899 2022 1970 alligatum,

443 2003 764 2057 quocunque
811 1988 924 2042 vult
966 1989 1118 2044 ducit
1165 2000 1219 2043 et
1276 1990 1591 2044 circumfert
1625 2006 1640 2044 :
1670 1991 1812 2045 haud
1866 2005 2027 2046 secus

443 2080 612 2148 gratia
640 2079 847 2144 divina,
890 2079 1065 2135 instar
1107 2081 1367 2151 passeris,
1400 2081 1454 2135 in
1487 2091 1810 2150 potestatem
1848 2081 2028 2136 infan-

445 2170 576 2224 tium
615 2179 669 2225 et
704 2170 1050 2234 lactentium,
1101 2186 1164 2225 ex
1213 2187 1445 2242 quorum
1491 2187 1587 2228 ore
1638 2172 1782 2227 Deus
1813 2172 2023 2228 laudem

445 2262 692 2330 perfecit,
722 2259 954 2317 Satanas
984 2262 1198 2318 vinetus
1229 2265 1467 2318 devenit.

517 2353 682 2408 Vens.
723 2354 777 2408 6.
822 2353 1124 2409 Pascuntur
1152 2365 1328 2411 autem
1358 2358 1416 2411 in
1443 2373 1503 2411 eo
1525 2367 1724 2428 gentes.
1755 2356 2027 2424 Quemad-

450 2451 662 2504 modum
700 2447 961 2504 Dominus
1005 2449 1283 2514 tidelium,
1315 2448 1391 2503 ita
1431 2449 1598 2504 etiam
1633 2449 1798 2504 draco
1828 2447 2024 2517 impio-

451 2555 571 2591 rum
605 2539 760 2592 cibus
792 2547 917 2592 est.
959 2555 978 2589 ‹
1011 2538 1214 2592 Dedisti
1245 2539 1388 2592 enim
1433 2553 1554 2592 eum
1593 2553 1773 2594 escam
1813 2537 2025 2608 papulis

445 2627 812 2698 Ethiopibus,
849 2650 866 2680 ι
907 2630 960 2684 id
987 2641 1072 2683 est
1105 2630 1230 2685 liliis
1257 2631 1629 2695 tenebrarum,
1658 2631 1751 2700 qui
1784 2631 1835 2684 in
1874 2631 2025 2699 igno-

445 2720 622 2774 rantia
647 2731 958 2776 versantur.
1005 2720 1293 2776 Vescimur
1334 2724 1480 2776 enim
1517 2721 1681 2792 509
1707 2721 1858 2776 onmi
1909 2736 2025 2775 ser-

449 2829 608 2868 mone
641 2829 802 2881 quem
841 2814 1066 2869 auribus
1107 2815 1447 2883 accipimus,
1497 2813 1583 2866 vel
1618 2829 1644 2866 a
1679 2814 1942 2874 dracone,
1975 2812 2022 2866 si

447 2917 586 2956 vana
609 2912 663 2958 et
695 2903 870 2958 l‘ntilia
894 2903 1303 2968 audiverimus;
1345 2903 1426 2957 vel
1463 2918 1491 2956 a
1519 2901 1759 2968 Christo,
1787 2903 1832 2958 si
1859 2902 2022 2956 verba

446 2995 769 3049 mdiﬁcantia
798 3005 852 3049 et
884 2994 1036 3048 utilia
1071 2995 1462 3063 acceperimus.

516 3085 676 3142 Vens.
693 3088 724 3141 7
766 3085 931 3142 Omne
949 3087 1199 3156 navigans
1218 3088 1525 3141 conveniens
1540 3102 1642 3142 non
1659 3084 1822 3155 ferent
1839 3084 2023 3154 pellem

446 3197 606 3234 unum
623 3181 808 3234 cauda:
826 3185 962 3248 ejus.
980 3179 1044 3235 Ut
1061 3179 1265 3234 clarius
1280 3179 1514 3246 dicatur,
1531 3179 1778 3233 homines
1793 3179 1882 3248 qui
1896 3192 2022 3233 cor-

445 3271 670 3340 poribus
697 3280 954 3339 tanquam
979 3269 1209 3340 navigiis
1231 3278 1478 3332 utuntur,
1501 3268 1755 3323 draconis
1777 3277 2020 3323 extrema

441 3371 498 3416 et
527 3359 717 3414 ultima
750 3375 850 3415 suo
881 3369 1058 3414 marte
1090 3359 1362 3414 conﬁcere
1400 3375 1505 3413 non
1545 3368 1806 3429 possunt;
1841 3359 2021 3415 divina

442 3466 573 3507 vero
611 3449 854 3520 potentia
898 3449 1052 3505 nobis
1098 3449 1442 3521 invigilante,
1492 3460 1662 3505 totum
1697 3449 1863 3504 etiam
1896 3466 2018 3504 eum

442 3550 666 3611 portare
688 3551 742 3595 et
769 3555 1003 3596 enecare
1025 3556 1351 3610 possumus:
1389 3539 1586 3610 singuli
1623 3550 1824 3606 autem,
1854 3556 2017 3610 quan-

428 3643 564 3689 tum
600 3633 651 3688 iu
691 3633 848 3688 nobis
871 3641 975 3698 est,
1008 3632 1284 3688 diabolum
1313 3642 1485 3688 morte
1519 3643 1839 3698 mactemus,
1869 3633 2020 3704 juxta

444 3725 577 3780 illud
623 3726 669 3758 '°
715 3744 728 3780 :
783 3745 801 3778 ι
849 3725 1111 3782 Dominus
1139 3726 1396 3780 Satanam
1434 3727 1535 3782 sub
1567 3726 1794 3797 pedibus
1826 3727 2023 3784 vestris

433 3815 709 3872 -velociter
743 3823 1008 3881 conta-et.
1049 3835 1069 3868 ι

516 3905 681 3960 Vsus.
717 3907 804 3961 15.
840 3905 906 3962 1η
936 3923 1122 3977 rugam
1166 3909 1391 3976 pectoris
1421 3910 1536 3980 ejus
1574 3911 1694 3980 quis
1724 3910 1901 3980 utique
1936 3909 2020 3963 in-

445 3998 762 4067 grediatur?
790 3997 922 4052 Pars
955 3999 1201 4068 corporis
1237 3999 1288 4054 in
1323 4015 1427 4069 qua
1461 4003 1599 4056 ratio
1635 4002 1818 4056 sedem
1857 4003 2021 4056 habet

443 4099 502 4142 et
544 4089 830 4159 imperium
859 4100 1114 4158 exercet,
1148 4090 1340 4147 thorax
1370 4101 1424 4146 et
1467 4102 1657 4162 pectus
1695 4093 2016 4164 appellatur.

444 4179 664 4234 Thorax
693 4179 811 4250 ejus
837 4179 1062 4249 simplex
1100 4197 1202 4235 non
1235 4190 1320 4236 est
1347 4222 1362 4246 ,
1397 4193 1649 4238 versutus
1681 4193 1736 4238 et
1775 4183 2021 4252 implica-

443 4279 532 4324 tus
559 4278 640 4325 est
667 4289 680 4325 :
713 4278 936 4325 sanctus
968 4280 1151 4324 autem
1185 4270 1438 4340 detegere
1463 4286 1607 4336 eum,
1638 4279 1692 4324 et
1721 4269 2017 4324 involutum

442 4376 563 4418 esse
593 4362 881 4418 ostendere
906 4371 1119 4433 potest;
1148 4361 1265 4416 viro
1288 4361 1431 4417 enim
1466 4371 1658 4416 sancto
1685 4361 2018 4432 implicatum

444 4467 550 4507 non
574 4463 675 4509 CSl.

517 4543 683 4600 Vnus.
721 4543 805 4599 16.
841 4542 1070 4614 Spiritus
1101 4553 1274 4598 autem
1307 4558 1411 4596 non
1448 4541 1690 4596 transibit
1716 4557 1856 4596 eum.
1886 4539 2019 4594 Illud

2125 1905 2181 1958 δὲ
2236 1904 2434 1974 βλάψαι
2482 1903 2544 1956 sb
2603 1902 2811 1955 παιδίον
2863 1902 3180 1972 δυνάμενον,
3208 1902 3288 1954 ὅτι
3318 1901 3409 1954 καὶ
3433 1898 3715 1969 δεδεμένον

2127 1997 2259 2050 αὐτὸ
2282 1997 2404 2065 ἄγει
2451 1996 2585 2048 ὅπου
2614 2010 2675 2062 γε
2701 1989 2950 2063 βούλεται
2972 1993 3034 2045 τὸ
3059 1991 3268 2045 παιδίον
3289 1991 3382 2044 καὶ
3403 1987 3714 2062 περιφέρει⁸

2126 2087 2268 2141 οὓτω
2296 2089 2362 2158 τῇ
2390 2085 2570 2157 χάριτι
2603 2084 2698 2138 τοῦ
2729 2084 2956 2156 Κυρίου,
2978 2082 3053 2146 ὡς
3077 2081 3356 2154 στρουθίον
3381 2079 3712 2151 ὑποχείριον,

2124 2180 2154 2231 ό
2187 2179 2431 2241 Σατανᾶς
2472 2175 2752 2247 δεδεμένος
2777 2174 3067 2245 γεγένηται
3103 2176 3214 2236 τοῖς
3241 2172 3454 2243 νηπίοις
3478 2170 3572 2224 καὶ
3620 2167 3715 2238 θη-

2125 2268 2399 2332 λάζουσιν,
2430 2259 2505 2319 ὧν
2536 2268 2600 2320 ὲκ
2627 2266 2893 2337 στόματος
2925 2267 3304 2337 κατηρτήσατο
3327 2259 3474 2316 αἶνον
3505 2262 3533 2313 ό
3562 2258 3712 2320 Θεός.

2208 2359 2621 2415 Ἐνσιτοῦντηι
2673 2357 2743 2410 δὲ
2787 2357 2857 2410 ἐν
2904 2356 3063 2422 αἱ·τῷ
3108 2356 3276 2421 ἔθνη.
3338 2354 3549 2425 Ὥσπερ
3604 2349 3714 2402 τῶν

2129 2451 2336 2505 πιστῶν
2378 2449 2576 2521 βρῶμα
2628 2452 2656 2502 ό
2685 2448 2916 2520 Κύριος,
2953 2447 3124 2511 οὕτως
3152 2449 3180 2500 ὁ
3211 2446 3424 2517 δράκων
3450 2443 3558 2496 τῶν
3589 2442 3716 2495 ἀσε-

2125 2543 2236 2594 ϐῶν
2251 2559 2263 2570 ·
2294 2561 2312 2592 ι
2337 2540 2584 2603 Ἕδωκας
2609 2539 2717 2610 γὰρ
2732 2538 2895 2593 αὐτὸν
2915 2537 3108 2609 βρῶμα
3125 2538 3272 2599 λαοῖς
3286 2539 3395 2598 τοῖς
3419 2533 3628 2602 Αἰθίοψι
3649 2549 3662 2562 ·
3688 2551 3708 2582 ι

2124 2633 2390 2696 τουτέστι,
2408 2634 2521 2694 τοῖς
2538 2633 2671 2695 υἱοῖς
2691 2629 2783 2683 τοῦ
2805 2631 3047 2692 σκότους,
3065 2633 3176 2691 τοῖς
3206 2630 3262 2680 ὲν
3289 2625 3551 2695 ἀγνωσία.
3574 2624 3717 2677 Καθ’

2123 2725 2354 2778 ἕκαστον
2378 2722 2487 2795 γὰρ
2527 2723 2682 2790 λόγον
2708 2723 2768 2776 ὃν
2819 2719 3255 2793 παραδεχόμεθα,
3305 2718 3423 2787 ἦτοι
3479 2714 3587 2767 ἀπὸ
3614 2713 3716 2766 τοῦ

2122 2817 2413 2890 δράκοντος
2466 2814 2737 2885 ἐσθίομεν,
2779 2811 2873 2866 ἐὰν
2929 2807 3360 2881 παραδεξώμεθα
3386 2805 3554 2876 ἀκοὴν
3609 2820 3713 2874 μα-

2123 2908 2303 2971 ταίαν,
2337 2908 2368 2979 ἦ
2401 2907 2508 2960 ἀπὸ
2529 2905 2624 2960 τοῦ
2649 2902 2908 2977 Χριστοῦ,
2960 2901 3053 2954 ἐὰν
3084 2895 3521 2976 παραδεξώμεθα
3551 2894 3712 2972 λόγον

2125 2999 2511 3070 οἱκώομοῦντα
2536 2998 2631 3053 καὶ
2668 2995 3001 3068 ὠφελοῦντα.

2050 3119 2095 3178 C
2199 3088 2329 3143 Πᾶν
2360 3089 2428 3142 δὲ
2456 3091 2696 3143 πλωτὸν
2723 3089 3028 3144 συνελθὸν
3051 3089 3123 3142 οὐ
3138 3086 3224 3156 μὴ
3255 3082 3714 3178 ﬁtﬁt-3f

2129 3198 2250 3236 σαν
2276 3182 2426 3251 μίαν
2456 3181 2640 3250 οὐρᾶς
2677 3181 2885 3235 αὐτοῦ.
2917 3180 3255 3250 Σαφέστερον
3294 3177 3351 3230 δὲ
3404 3177 3578 3228 εἰπεῖν
3601 3191 3615 3203 ο
3649 3174 3711 3226 Οἱ

2129 3271 2425 3341 ἄνθρωποι,
2453 3273 2502 3325 οἱ
2553 3271 2756 3336 πλοίοις
2779 3274 2892 3331 τοῖς
2924 3270 3138 3340 σώμασι
3183 3267 3473 3340 χρώμενοι,
3526 3262 3594 3316 τὰ
3623 3279 3713 3314 τε-

2129 3363 2349 3417 λευταῖα
2379 3363 2474 3417 τοῦ
2495 3364 2785 3435 δράκοντος
2819 3364 2912 3416 καὶ
2942 3361 3009 3415 τά
3035 3361 3237 3431 ἔσχατα
3266 3358 3537 3430 νεκρῶσαι
3559 3353 3714 3407 αὐτοὶ

2129 3455 2250 3509 καθ’
2279 3457 2503 3520 ἑαυτοὺς
2529 3457 2589 3509 ού
2616 3455 2890 3508 δύνανται·
2920 3453 3070 3516 θείας
3101 3452 3158 3506 δὲ
3180 3450 3462 3520 δυνάμεως
3492 3449 3713 3500 ἐπισκο-

2129 3546 2356 3618 πούσης,
2389 3548 2484 3601 καὶ
2509 3547 2628 3600 ὅλον
2667 3546 2827 3599 αὐτὸν
2860 3543 3082 3615 κομίσαι
3119 3545 3213 3596 καὶ
3243 3541 3513 3614 νεκρῶσαι
3553 3537 3711 3591 δυνά-

2131 3636 2290 3708 μεθα.
2316 3636 2634 3707 Νεκροῦμεν
2658 3636 2715 3689 δὲ
2745 3636 2993 3698 ἕκαστος,
3029 3633 3090 3686 τὸ
3124 3634 3244 3685 ὅσον
3271 3631 3354 3701 ἐφ’
3389 3628 3583 3699 ἑαυτῷ,
3618 3626 3712 3678 τὸν

2125 3724 2390 3791 διάϐολον,
2425 3725 2571 3779 κατὰ,
2596 3726 2674 3778 1:6-
2717 3743 2735 3774 ι
2783 3725 2842 3777 Ὁ
2872 3725 2928 3776 δὲ
2952 3722 3085 3785 Θεὸς
3119 3719 3396 3792 συντρίψει
3417 3718 3506 3771 τὸν
3540 3731 3708 3768 σατα-

2126 3823 2224 3876 νᾶν
2249 3820 2353 3874 ὑπὸ
2382 3820 2509 3880 τοὺς
2539 3818 2702 3880 πόδας
2733 3815 2886 3886 ὑμῶν
2913 3816 2969 3868 ὲν
2997 3814 3170 3884 τάχει.
3215 3831 3234 3864 ι

2197 3913 2302 3977 Εὶς
2351 3909 2569 3973 πτύειν
2612 3905 2876 3974 θώρακος
2901 3902 3087 3958 αὑτοῦ
3137 3903 3229 3967 τίς
3279 3901 3356 3955 ἂν
3400 3898 3702 3961 εισέλθοι,

2127 4000 2319 4073 Θώραξ
2353 4000 2447 4054 καὶ
2481 3998 2670 4069 στῆθος
2694 3996 3036 4067 ὀνομάζεται,
3068 3994 3202 4046 ὅπου
3237 3991 3350 4044 ἐστὶ
3371 3990 3430 4042 τὸ
3458 3991 3713 4061 ἡγεμονι-

2127 4093 2243 4145 κόν.
2292 4091 2404 4160 Ούχ
2457 4088 2660 4152 ἁπλοῦς
2684 4089 2827 4141 ἐστιν
2854 4087 2881 4139 ό
2915 4083 3094 4156 θώραξ
3120 4081 3281 4136 αὑτοῦ
3301 4097 3316 4111 ⁸
3348 4079 3518 4142 δόλιος
3542 4083 3710 4140 ἐστιν,

2127 4183 2464 4252 ἐπτυγμένος
2497 4179 2668 4233 ἐστίν·
2707 4180 2860 4246 ἅγιος
2888 4175 2944 4229 δὲ
2973 4174 3213 4244 ἐλέγχειν
3253 4170 3414 4224 αὐτὸν
3463 4168 3710 4234 δύναται,

2129 4275 2222 4328 καὶ
2253 4272 2445 4340 δεῖξαι,
2505 4273 2586 4325 ὅτι
2614 4271 2880 4324 ἑπτυκται
2903 4284 2917 4298 ·
2978 4265 3056 4337 τῷ
3083 4264 3191 4337 γὰρ
3225 4263 3365 4333 ἁγίῳ
3409 4261 3510 4314 οὐκ
3551 4260 3715 4313 ἐπτυ-

2128 4383 2272 4420 κται.

2192 4543 2431 4613 Πνεῦμα
2486 4542 2553 4596 δὲ
2610 4545 2682 4598 οὺ
2722 4540 2809 4612 μὴ
2842 4541 3048 4608 διέλθῃ
3098 4539 3303 4594 αὐτόν.
3353 4535 3446 4599 Τὸ,
3481 4550 3500 4583 ι
3536 4533 3708 4644 051:1"!

445 4645 656 4699 autem,
709 4653 727 4688 ι
779 4650 886 4689 non
923 4635 1210 4700 transibit,
1239 4651 1259 4685 ι
1297 4647 1401 4686 non
1430 4633 1575 4701 quod
1611 4648 1716 4687 non
1746 4641 2023 4701 pertrans-

2125 4634 2322 4706 διέλθῃ,
2362 4654 2380 4685 ι
2408 4635 2506 4705 οὐχ
2529 4635 2611 4688 ὅτι
2661 4634 2722 4687 οὐ
2755 4633 3023 4704 διέρχεται
3057 4632 3150 4685 καὶ
3182 4628 3538 4701 παρέρχεται,
3591 4623 3690 4677 ἀλλ

444 4734 538 4782 eat
594 4735 646 4779 et
710 4734 1031 4793 percurrat,
1083 4726 1177 4779 sed
1238 4725 1366 4794 quia
1434 4725 1569 4780 nihil
1630 4727 1804 4794 ipsum
1863 4722 2024 4776 lateat

2125 4727 2203 4780 ὅτι
2224 4725 2376 4779 οὐδὲν
2401 4726 2562 4779 αὐτὸν
2587 4725 2839 4779 λανθάνει
2859 4743 2872 4754 ο
2909 4725 3115 4786 πάντας
3139 4722 3221 4774 δεῖ
3236 4721 3304 4774 δι’
3325 4717 3488 4773 αὑτοῦ
3510 4715 3709 4768 ἐλθεῖν.

449 4831 752 4887 onmesque
781 4833 879 4887 per
912 4817 1085 4884 ipsum
1126 4817 1362 4872 transire
1389 4826 1657 4887 Oporteat,
1693 4830 1862 4887 quare
1893 4829 2025 4885 quo-

453 4907 633 4960 minus
664 4907 717 4961 in
749 4915 1014 4976 potestate
1041 4905 1161 4976 ejus
1193 4906 1568 4974 detineantur,
1603 4923 1700 4963 nos
1732 4909 1875 4978 ipsos
1903 4921 2028 4961 cum

450 4999 629 5054 studio
669 4999 1040 5069 accingamur.

526 5089 691 5143 Vens.
748 5089 834 5144 18.
881 5088 946 5143 Et
990 5089 1129 5144 oculi
1172 5089 1288 5158 ejus
1339 5091 1532 5158 species
1578 5089 1831 5159 Luciferi.
1874 5090 2028 5146 Oculi

453 5180 620 5251 ἰεὶιιιι·
654 5180 772 5248 ejus
813 5195 920 5232 non
969 5189 1094 5233 sum
1134 5177 1410 5246 Luciferi,
1443 5179 1537 5234 sed
1579 5199 1597 5231 ι
1642 5179 1875 5234 Luciferi
1913 5194 2030 5249 spe-

449 5277 597 5339 cies;
624 5293 640 5324 »
662 5271 1084 5327 transformatur
1103 5273 1245 5327 enim
1276 5274 1326 5328 in
1357 5273 1600 5342 angelum
1627 5273 1783 5338 lucis;
1811 5272 2032 5327 simulat

446 5381 507 5424 te
541 5385 661 5425 esse
687 5367 836 5423 sidus
871 5367 1122 5433 cmleste,
1157 5380 1208 5421 et
1238 5368 1344 5424 diei
1377 5367 1676 5438 symbolum
1713 5367 2025 5420 ementitur.

522 5551 687 5606 Vitas.
726 5553 815 5607 19.
856 5551 1022 5620 Quasi
1063 5553 1332 5625 tantpades
1365 5567 1618 5608 aecensw.
1654 5548 1767 5624 Ego
1801 5551 2022 5624 quidem

559 5728 600 5755 ‘°
638 5729 783 5781 l'ont.
819 5743 931 5792 xvt.
955 5729 1048 5785 ‘20.

2132 4818 2390 4882 Ἑαυτοὺς
2421 4815 2516 4871 οὖν
2539 4816 3067 4888 παρασκευάσωμεν,
3089 4814 3182 4867 τοῦ
3211 4814 3284 4886 μὴ
3305 4809 3710 4880 κατασχεθῆναι

2122 4909 2215 4966 ὑπ’
2239 4908 2427 4966 αὐτοῦ.

2205 5099 2270 5151 Οἱ
2329 5095 2398 5150 δὲ
2448 5095 2744 5164 ὀφθαλμοὶ
2791 5091 2979 5147 αὑτοῦ
3034 5089 3193 5156 εἶδος
3232 5089 3595 5158 Ἑωσφόρου.
3650 5086 3714 5138 Oi

2130 5187 2402 5259 ὀφθαλμοὶ
2425 5186 2554 5256 γοῦν
2587 5183 2752 5238 αὐτοῦ
2781 5183 2881 5237 οὐκ
2910 5182 3048 5235 εἰσὶν
3085 5180 3400 5250 Ἐωσφόροι,
3434 5179 3548 5232 ἀλλ’
3588 5196 3607 5229 ι
3639 5172 3716 5231 εἴ·

2128 5285 2217 5347 δος
2253 5281 2592 5352 Ἑωσφόρου·
2641 5297 2657 5328 ι
2704 5273 3238 5347 μετασχηματίζεται
3278 5272 3387 5342 γὰρ
3436 5273 3516 5335 εἰς
3546 5271 3715 5340 ἄγγεα

2128 5374 2218 5426 λον
2249 5371 2442 5442 φωτός.
2474 5369 2858 5442 Προσποιεῖται
2884 5362 3021 5419 εἶναι
3044 5364 3290 5435 οὐράνιος
3317 5363 3511 5435 ἀστήρ·
3545 5377 3717 5434 προσ.

2132 5466 2366 5518 ποιεῖται
2408 5461 2470 5515 σύ
2480 5460 2673 5532 μϐολον
2701 5459 2807 5530 ἡμέ
2815 5474 2934 5529 ρας.

2214 5551 2310 5617 Ὠς
2333 5546 2645 5619 ,λαμπάδες
2674 5546 2999 5615 καιόμεναι.
3027 5539 3192 5615 Οἶμαι
3226 5541 3324 5613 μὲν
3368 5541 3460 5598 καὶ
3507 5540 3715 5602 πάντας
