4124 6432
479 408 617 466 ιοδδ
1750 390 2062 447 SELECTA
2098 389 2161 444 IN
2202 389 2543 445 PSALMUS.
3620 395 3758 448 .05.

477 531 612 584 alios
647 525 929 580 scriptorcs
959 515 1338 572 ecclesiasticos
1398 511 1681 584 Eusebium
1724 522 1872 577 pum,
1910 509 2328 584 Timor/orntum,
2354 519 2443 584 unt
2467 506 2932 584 Iulioanuosliiyet,
2968 518 3212 573 parentes
3240 511 3427 563 habere
3458 513 3752 571 «lente/ten-

475 576 690 661 ἑὶῑυιῖιέέ
722 576 909 647 co'tera
933 605 1049 641 vero
1076 583 1540 661 admittendaneisu
1572 576 1840 661 situation
1874 590 1925 661 ut
1955 581 2081 661 certi
2114 578 2578 659 atqueindubitnti
2614 576 2858 645 Origenis
2882 578 3044 646 fetus,
3078 595 3168 631 nec
3195 595 3247 631 ιιι
3273 597 3387 661 qua:
3414 582 3488 634 rel
3514 598 3541 633 e
3570 584 3751 661 tomis,

476 648 553 722 Et}:
584 648 648 718 ea:
672 648 1008 722 'Encltiridio,
1039 668 1129 710 aut
1155 673 1220 709 ea:
1253 654 1511 713 Itomiliis,
1544 653 1587 703 si
1632 668 1798 722 pauco
1835 650 2122 722 ndutollum
2173 648 2425 722 excipias,
2480 658 2731 722 excerpta
2761 663 2877 722 esse
2921 658 3149 722 coartet,
3200 651 3290 700 sed
3336 658 3388 700 ιιι
3428 666 3554 722 qua:
3579 652 3735 703 certis

476 714 800 803 Idyitinémis
838 714 1159 803 Adauic‘ntiho
1200 732 1377 777 nostro
1424 714 1641 801 prorsus
1687 718 2006 803 abj‘uttirare‘
2048 735 2152 803 non
2200 720 2487 803 potuimus.
2524 714 2825 803 Ea‘purtim
2850 733 2877 770 e
2909 715 3123 803 Catenis
3152 720 3307 803 διψῇ
3338 735 3374 798 ⁸ιι
3422 718 3746 803 Baithnsore

475 785 727 858 board—crio
761 809 808 851 et
860 796 1076 850 Doniele
1106 795 1369 851 Barbara,
1424 785 1619 858 partim
1657 785 1912 843 ese/tedis
1965 786 2152 840 (.‘rabii
2197 789 2289 858 qui
2336 787 2543 858 codices
2599 785 2950 854 Anglicanas,
2985 798 3033 839 et
3052 786 3369 858 jCombe/isii
3415 789 3507 855 qui
3541 790 3749 843 codices

477 856 665 941 Regios
693 869 989 931 exscripsit,
1018 866 1210 933 partim
1239 856 1458 931 denique
1491 876 1518 913 ε
1556 860 1712 913 codd.
1742 875 1868 912 mss.
1894 858 2222 911 bibliotheca:
2252 856 2618 915 Coislinianw.
2649 872 2740 909 nec
2769 871 2874 909 non
2900 870 2965 909 ea:
3007 856 3128 912 aliis
3174 856 3304 911 locis
3348 875 3465 926 qua:
3503 873 3600 911 suo
3635 857 3750 911 loco

475 944 798 1005 iudicantur,
816 941 1121 1007 deprompta
1151 943 1293 987 sunt.

959 1329 1268 1498 ΕΚ
1399 1320 1851 1494 ΤΩΝ
1983 1312 3263 1489 ΩΡΙΓΕΝΟΥΣ

1485 1606 1751 1735 ΕΙΣ
1826 1595 2724 1734 ΨΑΛΜΟΥΣ.

1641 2014 1825 2126 EX
1903 2010 2577 2128 ORIGENIS

1219 2253 2014 2346 COMMENTARI
2043 2255 2147 2342 IS
2226 2254 2347 2342 IN
2431 2249 3002 2342 PSALMOS.

543 2611 637 2664 Διὰ
666 2610 790 2672 τοὺς
814 2604 1326 2678 ἐπιγεγραμμένους
1357 2604 1607 2676 ψαλμοὺς
1659 2625 1677 2658 ι
1721 2608 1798 2670 εἰς
1849 2606 1910 2659 τὸ
1960 2606 2053 2658 τέ-

2233 2605 2394 2677 513
2412 2605 2638 2674 Propter
2649 2603 2908 2674 psalmos,
2930 2620 2949 2653 ι
2975 2601 3026 2655 in
3045 2599 3203 2655 ﬁncro
3227 2616 3247 2652 ι
3267 2598 3576 2669 inscriptos,
3598 2606 3750 2662 vocis

469 2705 576 2766 λος,
618 2722 635 2754 ι
673 2698 1050 2770 ἐπελεξάμεθα
1087 2698 1215 2760 τοὺς
1261 2697 1423 2767 ὅρους
1454 2696 1643 2760 αὑτοῦ,
1684 2698 1748 2751 ἐκ
1808 2698 1906 2768 μὲν
1952 2698 2062 2751 τῶν

481 2791 877 2863 Ἀριστοτέλους
901 2788 1073 2854 οὕτως
1102 2789 1324 2860 ἔχοντας
1343 2807 1356 2820 ο
1390 2790 1557 2853 Τέλος
1585 2791 1736 2843 ἐστὶν
1769 2783 1831 2843 οὗ
1874 2791 2062 2846 ἕνεκεν

467 2883 535 2937 τὰ
561 2883 713 2945 ἄλλα,
750 2884 881 2935 αὐτὸ
912 2882 968 2934 δὲ
1002 2881 1227 2951 μηδενὸς
1253 2880 1440 2935 ’ἐνεκεν
1476 2898 1490 2912 ·
1531 2881 1564 2952 ἢ
1592 2880 1796 2945 οὕτως’
1847 2876 1908 2936 οὗ
1942 2882 2060 2935 ἓνε-

470 2990 563 3026 κεν
598 2974 668 3025 τὰ
698 2972 853 3036 ἄλλα,
882 2972 1012 3025 αὐτὸ
1043 2971 1100 3023 δὲ
1132 2972 1232 3023 οὐκ
1263 2972 1441 3024 αὐτῶν
1462 2971 1624 3023 ἕνεκα
1643 2988 1656 3000 ’
1690 2971 1721 3042 ἢ
1756 2971 1959 3035 οὕτως’
1991 2973 2059 3025 δι’

466 3054 527 3112 οὗ
555 3062 623 3114 τὰ
649 3061 785 3115 ἄλλα
807 3079 891 3123 τις
924 3061 1178 3132 πράττει,
1221 3062 1353 3113 αὐτὸ
1374 3061 1431 3114 δὲ
1466 3061 1553 3113 διὰ
1584 3062 1752 3132 μηδὲν
1782 3060 1910 3115 ἄλλο
1929 3078 1944 3091 ·
1995 3062 2061 3115 ἐκ

466 3150 523 3203 δὲ
552 3150 660 3203 τῶν
702 3149 989 3222 Ἡροφίλου
1026 3150 1153 3220 περὶ
1194 3150 1441 3220 Στωϊκῆς
1488 3150 1769 3220 ὀνομάτων
1810 3151 2060 3221 χρήσεως

466 3242 672 3308 οὕτως·
711 3244 878 3305 Τέλος
909 3243 953 3295 δ’
992 3238 1132 3295 εἶναι
1160 3242 1376 3310 λέγουσι
1408 3242 1517 3311 (l7)
1577 3243 1945 3315 κατηγόρημα
1996 3238 2056 3297 οὗ

464 3334 651 3387 ἕνεκεν
686 3333 757 3386 τὰ
780 3332 945 3386 λοιπὰ
970 3332 1306 3402 πράττομεν,
1348 3331 1478 3384 αὐτὸ
1502 3331 1560 3384 δὲ
1581 3331 1796 3395 οὐδενὸς
1831 3332 2017 3385 ἕνεκεν
2038 3348 2053 3361 ⁸

465 3428 526 3481 τὸ
569 3428 626 3482 δὲ
662 3425 935 3495 συζνδγοῦν
977 3424 1175 3496 τούτῳ,
1226 3423 1482 3495 καθάπερ
1519 3427 1551 3495 ἡ
1614 3425 1931 3494 εὐδαιμονία
1976 3424 2059 3497 τῷ

465 3520 824 3589 εὐδαιμονεῖν,
861 3518 1097 3571 σκοπόν·
1136 3516 1165 3569 ὂ
1199 3515 1264 3587 δὴ
1297 3515 1526 3585 ἔσχατόν
1584 3517 1701 3568 ἐστι
1741 3518 1851 3570 τῶν
1906 3520 2054 3589 αἱρε-

463 3628 594 3664 των.

535 3786 601 3839 Εἰ
633 3786 690 3838 δὲ
722 3786 814 3838 καὶ
848 3786 898 3837 οἱ
928 3786 1058 3856 ccepi.
1091 3784 1226 3837 Θεοῦ
1260 3785 1397 3855 ὅροι,
1445 3786 1539 3838 καὶ
1574 3786 1676 3839 ὅσα
1727 3786 2055 3856 σημαίνεται

464 3878 653 3947 ἒκττῆς
698 3879 842 3943 Θεός
882 3877 1274 3947 προσηγορίας,
1307 3878 1574 3948 χρήσιμόν
1615 3895 1669 3930 τι
1725 3879 1857 3948 ἡμῖν
1910 3897 2054 3951 παρ-

2166 2698 2308 2753 illius
2352 2696 2699 2772 deﬁnitiones
2723 2694 3015 2763 selegimus
3070 2708 3136 2747 ex
3180 2692 3475 2747 Aristotele
3510 2693 3624 2749 sic:
3654 2694 3747 2750 Fi-

2166 2793 2252 2846 nis
2283 2799 2365 2845 est
2395 2790 2446 2842 id
2479 2787 2633 2856 cujus
2658 2803 2825 2843 causa
2862 2787 2990 2849 alia,
3017 2785 3352 2854 ipsuuwero
3387 2784 3592 2842 nullius
3613 2804 3749 2842 can-

2163 2897 2258 2947 sa;
2304 2879 2391 2934 vel
2442 2881 2545 2933 hoc
2583 2881 2742 2933 modo
2769 2895 2781 2931 :
2808 2878 2961 2947 cujus
3008 2891 3175 2930 causa
3227 2876 3357 2939 alia,
3394 2876 3569 2945 ipsum
3606 2893 3739 2933 vero

2164 2989 2272 3028 non
2318 2986 2507 3026 eorum
2549 2986 2747 3034 causa;
2796 2970 2912 3025 sive
2962 2969 3063 3022 hoc.
3110 2976 3308 3037 pacto:
3347 2978 3569 3037 propter
3597 2969 3748 3038 quod

2163 3067 2267 3119 alia
2309 3066 2487 3134 quivis
2532 3072 2813 3133 operatur,
2848 3063 3022 3130 ipsmn
3055 3078 3184 3115 vero
3216 3071 3435 3130 propter
3472 3061 3621 3115 aliud
3654 3063 3746 3117 ni-

2163 3158 2257 3212 hil.
2294 3158 2373 3212 Ex
2408 3155 2700 3223 Herophilo
2724 3165 2929 3214 autem.
2968 3153 3034 3207 de
3072 3153 3257 3208 Stoico
3305 3154 3585 3206 nominum
3622 3169 3746 3219 usu,

2164 3248 2266 3301 hoc
2325 3249 2525 3300 modo:
2578 3246 2766 3300 Finem
2801 3259 2930 3298 vero
2975 3244 3165 3298 dicunt
3215 3259 3335 3299 esse
3374 3255 3743 3315 categorcma,

2163 3351 2258 3391 seu
2279 3336 2653 3405 praedicatum,
2676 3335 2831 3402 cujus
2848 3349 3012 3387 causa
3052 3333 3253 3402 reliqua
3280 3334 3530 3396 facimus,
3560 3334 3735 3403 ipsum

2160 3442 2295 3482 vero
2330 3427 2537 3481 nullius
2570 3442 2760 3480 causa.
2789 3426 2944 3491 Quod
2974 3435 3155 3479 autem
3199 3426 3350 3487 huic,
3386 3425 3595 3480 scilicet
3632 3426 3748 3492 ﬁni,

2160 3520 2463 3590 conjungit,
2495 3519 2666 3573 veluti
2688 3519 2969 3583 beatitudo
2996 3518 3042 3571 ei
3070 3518 3214 3586 quod
3245 3528 3328 3572 est
3362 3517 3578 3570 beatum
3606 3532 3747 3583 esse,

2160 3626 2382 3679 scopum
2443 3610 2763 3679 appellant:
2800 3610 2943 3678 quod
3007 3618 3091 3664 est
3140 3609 3567 3679 appetendorum
3623 3606 3739 3661 ulti-

2161 3717 2329 3758 Inum.

2231 3794 2313 3846 An
2354 3807 2483 3846 vero
2527 3792 2872 3845 deﬁnitiones
2929 3789 3019 3843 Dei
3066 3801 3117 3843 et
3153 3789 3318 3844 varia:
3367 3789 3526 3857 hujus
3590 3788 3740 3843 vocis

2164 3886 2304 3940 Deus
2348 3884 2799 3955 signiﬁcationes,
2859 3899 2927 3937 ex
2981 3883 3200 3952 Optimis
3251 3882 3613 3952 scriptoribus
3663 3898 3748 3937 se-

466 3967 699 4033 ἐξουσιν,
731 3966 1108 4036 ἐκλεξαμένοις
1134 3968 1230 4018 ἀπ’
1260 3968 1438 4019 αὐτῶν
1462 3968 1588 4031 τοὺς
1607 3968 1964 4045 διαφέροντας
1988 3974 2053 4042 τῇ

2164 3979 2337 4044 lectas,
2373 3978 2576 4046 aliquid
2619 3977 2774 4030 nobis
2823 3975 3077 4029 utilitatis
3125 3976 3439 4035 conferant,
3490 3974 3738 4028 conside-

468 4061 679 4131 Γραφῇ,
726 4061 821 4113 καὶ
862 4060 1024 4122 αὐτὸς
1080 4061 1414 4129 ἐπιστήσεις.
1465 4060 1634 4130 Φησὶν
1666 4057 1758 4114 οὖν
1811 4063 1839 4114 ὁ
1893 4063 2057 4126 αὐτὸς

479 4153 765 4223 Ἡρόφιλος
790 4168 803 4181 '
836 4150 969 4205 Θεὸν
1002 4150 1099 4220 μὲν
1126 4149 1466 4219 γενικώτατα
1491 4151 1709 4218 λέγουσι
1750 4152 1890 4217 ζῶον
1920 4154 2057 4207 ἀθά-

466 4263 647 4309 νατον,
682 4244 923 4313 λογικὸν,
954 4244 1089 4298 καθὸ
1120 4244 1270 4297 πᾶσα
1309 4244 1501 4314 λογικὴ
1534 4245 1680 4315 ψυχὴ
1714 4246 1849 4308 Θεός
1884 4248 2052 4300 ἐστιν.

472 4338 680 4401 Ἄλλως
704 4338 780 4400 δὲ,
808 4336 944 4401 ζῶον
975 4337 1263 4401 ἀθάνατον,
1290 4337 1526 4404 λογικὸν,
1562 4337 1684 4391 καθ’
1711 4338 1843 4391 αὐτὸ
1868 4338 1947 4390 ὅν·
1978 4338 2056 4401 ὡς

467 4425 566 4488 τὰς
592 4428 653 4487 ὲν,
694 4428 824 4496 ἡμῖν
869 4425 1264 4496 περιεχομένας
1302 4426 1483 4495 ψυχὰς
1544 4426 1619 4497 μὴ
1671 4423 1812 4481 εἶναι
1864 4426 2051 4492 θεοὺς·

467 4518 874 4587 ἀπαλλαγείσας
903 4519 959 4571 δὲ
992 4518 1100 4571 τῶν
1137 4520 1404 4589 σωμάτων
1445 4518 1683 4575 ἔσεσθαι.
1725 4523 1861 4575 Κατ’
1895 4522 2057 4577 ἄλλον

465 4609 522 4662 δὲ
555 4611 775 4682 τρόπον,
818 4611 949 4664 Θεὸν
981 4610 1234 4679 λέγεσθαι
1292 4610 1430 4675 ζῶον
1461 4611 1749 4678 ἀθάνατον,
1816 4613 2053 4683 λογικὸν,

470 4703 789 4756 σπουδαῖον
826 4703 967 4756 ὥστε
1002 4706 1182 4757 πᾶσαν
1219 4704 1440 4757 ἀστείαν
1491 4704 1673 4776 ψυχὴν
1709 4706 1843 4760 Θεὸν
1876 4707 2055 4781 ὑπάρ·

468 4812 601 4863 χειν,
629 4796 732 4850 κᾶν
758 4798 816 4849 ἐν
842 4797 1114 4868 ἀνθρώπῳ
1138 4815 1202 4850 πε
1212 4798 1477 4870 ριέχηταιο
1507 4798 1682 4862 ἄλλως
1702 4799 1762 4853 δὲ
1799 4788 2053 4869 λέγεσθαι

468 4887 601 4939 Θεὸν
632 4888 693 4939 τὸ
722 4887 844 4940 καθ’
878 4888 1012 4941 αὑτὸ
1047 4889 1106 4942 ὃν
1130 4888 1269 4953 ζῶον
1303 4889 1590 4954 ἀθάνατον,
1630 4891 1916 4943 σπουδαῖον
1935 4908 1948 4921 ·
1977 4891 2054 4955 ὡς

467 4978 567 5041 τὰς
606 4981 662 5032 ἐν
720 4980 1029 5052 ἀνθρώποις
1073 4985 1256 5050 σοφοῖς
1315 4983 1711 5055 περιεχομένας
1753 4983 1933 5054 ψυχὰς
1977 4985 2051 5053 μὴ

466 5072 733 5144 ὑπάρχειν
765 5071 940 5136 θεούς.
984 5073 1096 5126 Καὶ
1134 5073 1215 5127 ἔτι
1249 5074 1423 5138 ἄλλως
1448 5074 1667 5133 λέγουσι
1689 5075 1854 5130 Θεόν·
1904 5076 2052 5129 Ζῶον

466 5164 755 5226 ἀθάνατον,
784 5164 1069 5217 σπουδαῖον
1105 5204 1119 5227 ,
1178 5165 1301 5236 ἔχον
1347 5166 1470 5219 τινὰ
1510 5167 1837 5220 ἐπιστασίαν
1879 5167 1938 5219 ὲν
1976 5165 2054 5236 τῷ

2165 4070 2394 4124 randum
2429 4071 2522 4123 tihi
2558 4084 2824 4137 propono.
2857 4068 2947 4120 Ait
2979 4069 3143 4137 igitur
3185 4068 3327 4119 idem
3365 4066 3688 4133 Herophilus
3718 4083 3734 4121 :

2165 4162 2330 4215 Deum
2385 4160 2605 4229 quidem
2662 4158 3075 4228 generalissime
3130 4158 3342 4221 dicunt,
3378 4156 3582 4209 animal
3642 4157 3746 4210 im-

2164 4251 2417 4315 mortale,
2460 4248 2763 4315 rationale;
2794 4246 3091 4300 secundum
3152 4262 3313 4315 quam
3365 4246 3743 4301 deﬁnitionem

2164 4343 2344 4396 Omnis
2375 4343 2554 4394 anima
2590 4338 2869 4393 rationalis
2891 4346 2973 4390 est
2999 4337 3161 4392 Deus.
3182 4337 3305 4391 Alio
3326 4347 3506 4391 autem
3538 4336 3698 4391 modo
3727 4353 3743 4390 :

2159 4434 2378 4489 Animal
2437 4432 2729 4500 rationale,
2767 4432 3094 4496 immortale,
3142 4431 3446 4485 secundum
3498 4445 3557 4484 se
3601 4430 3747 4484 exsi-

2159 4536 2344 4591 stcns;
2376 4525 2449 4578 ita
2478 4534 2535 4577 ut
2566 4524 2765 4577 anima:
2791 4524 2915 4577 dum
2956 4524 3009 4577 in
3040 4522 3199 4577 nobis
3231 4522 3604 4589 continentur,
3635 4536 3742 4575 non

2159 4618 2270 4670 sint
2304 4616 2399 4679 dii,
2426 4616 2520 4671 sed
2550 4616 2740 4670 soluta:
2785 4630 2814 4668 a
2851 4630 3082 4685 corpore
3118 4614 3190 4667 dii
3225 4612 3419 4667 futura:
3455 4613 3584 4667 sint.
3621 4611 3744 4666 Alio

2160 4720 2339 4764 autem
2374 4708 2534 4762 modo
2566 4708 2736 4762 Deum
2766 4708 2843 4762 ait
2878 4707 2983 4760 dici
3016 4721 3027 4753 ε
3060 4704 3273 4759 Animal
3302 4703 3630 4772 immortale,
3656 4717 3746 4758 ra-

2161 4802 2379 4865 tionale,
2421 4813 2749 4862 strenuum;
2789 4801 2861 4852 ita
2896 4807 2953 4850 ut
2993 4798 3172 4853 omnis
3204 4797 3383 4851 anima
3425 4795 3650 4865 elegans
3689 4804 3747 4849 et

2158 4894 2364 4945 urhana
2436 4893 2579 4945 Deus
2608 4890 2702 4951 sit,
2728 4888 2941 4942 etiamsi
2985 4888 3037 4941 in
3083 4888 3304 4942 homine
3360 4889 3742 4953 contineatur;

2156 4984 2263 5038 alio
2308 4984 2435 5037 item
2492 4982 2652 5036 modo
2706 4982 2873 5035 Deum
2906 4980 3145 5044 deﬁniri,
3179 4978 3321 5049 quod
3352 4979 3652 5033 secundum
3684 4992 3745 5033 se

2160 5085 2247 5129 est
2298 5072 2503 5128 animal
2551 5070 2884 5133 immortale,
2917 5079 3236 5136 strenuum;
3277 5085 3385 5140 quo
3415 5069 3591 5140 posito
3623 5067 3745 5122 ani-

2158 5181 2261 5222 ma).
2308 5167 2619 5234 sapientum
2667 5164 2740 5219 dii
2796 5179 2902 5218 non
2948 5171 3095 5218 sunt.
3136 5162 3364 5232 Insuper
3412 5162 3522 5219 alio
3576 5161 3741 5216 modo

467 5256 657 5326 κόσμῳ
687 5254 830 5308 κατὰ
855 5254 954 5326 τὴν
979 5255 1265 5325 διοίκησιν,
1295 5257 1354 5310 ὃν
1386 5258 1586 5331 τρόπον
1630 5260 1659 5310 ὁ
1684 5258 1838 5329 ἥλιος
1884 5257 1982 5311 καὶ
2015 5259 2050 5329 ἡ

2160 5259 2326 5313 Deum
2362 5258 2627 5313 deﬁniunt
2661 5276 2673 5311 :
2706 5255 2923 5311 Animal
2958 5254 3601 5319 immortale,strcnuum,
3636 5252 3737 5307 ha-

468 5349 687 5418 σελήνη.
717 5347 925 5410 ’Ἄλλως
956 5348 1013 5401 δὲ
1035 5348 1184 5416 λέγει
1219 5348 1351 5403 Θεὸν
1384 5349 1475 5403 τὸν
1524 5351 1741 5423 πρῶτον
1791 5351 2052 5421 διοικητι-

467 5440 560 5492 κὸν
588 5438 681 5491 τοῦ
716 5438 944 5508 κόσμου.
986 5440 1109 5493 Ἐπὶ
1142 5440 1277 5493 πᾶσι
1315 5441 1373 5493 δὲ
1417 5441 1548 5495 Θεὸν
1588 5443 1838 5513 λέγουσι’
1903 5443 2052 5497 Ζῶον

539 5638 651 5713 (17)
686 5639 867 5713 1·έᾴος
883 5638 935 5692 δ’
959 5634 1114 5713 εἶναι
1132 5639 1405 5709 λέγουσι,
1434 5651 1542 5699 etc.
1576 5641 1634 5697 S.
1665 5641 1903 5698 Hilarius
1924 5658 2051 5713 pro-

470 5708 592 5778 logo
640 5711 691 5764 in
746 5711 944 5763 lihrum
996 5708 1334 5764 Psalmot'um
1374 5729 1525 5765 num.
1572 5714 1631 5768 l8
1666 5729 1680 5765 :
1717 5732 1736 5763 ι
1772 5708 2041 5768 Ε’ἱιιίεόει

469 5782 622 5844 eujns
660 5795 825 5834 causa
855 5790 1051 5835 cmtera
1089 5783 1244 5844 ﬁunt,
1278 5782 1394 5846 ipse
1418 5793 1599 5836 autem
1626 5783 1757 5835 nulli
1790 5784 1880 5841 alii
1911 5800 2040 5836 cau-

470 5865 585 5904 sam
638 5867 789 5906 suam
844 5860 1083 5921 praestat.
1141 5850 1221 5906 0b
1276 5854 1438 5908 lincm
1474 5854 1617 5907 enim
1655 5853 1853 5917 omnia,
1906 5855 2038 5908 nihil

2155 5353 2294 5406 hens
2319 5350 2553 5420 aliquam
2590 5348 2968 5418 prtefecturam
2999 5351 3053 5405 in
3083 5352 3283 5405 mundo
3309 5349 3607 5402 secundum
3633 5345 3737 5399 ad-

2156 5442 2632 5506 ministrationem,
2668 5443 3125 5512 quemadmodum
3192 5440 3271 5494 sol
3318 5447 3374 5492 et
3414 5437 3564 5491 luna.
3609 5435 3736 5492 Alio

2153 5658 2282 5697 vero
2321 5640 2465 5694 aliud
2496 5647 2615 5710 post
2645 5638 3110 5710 ﬁnethamque
3138 5640 3205 5691 ad
3240 5638 3403 5710 ﬁnem
3455 5635 3692 5710 tenditu_r
3712 5674 3731 5701 ,

2153 5714 2246 5767 sed
2278 5713 2328 5764 in
2364 5714 2471 5765 line
2497 5704 2804 5765 'desinitur.
2837 5709 2909 5761 Ita
2942 5704 3065 5763 ﬁnis
3092 5720 3146 5763 et
3177 5707 3512 5761 anteriorum
3546 5704 3728 5774 perfe-

2148 5785 2260 5838 ctio
2284 5792 2389 5845 est,
2431 5790 2485 5834 et
2522 5798 2581 5835 se
2613 5782 2663 5833 in
2693 5781 2827 5834 nihil
2856 5779 3002 5831 aliud
3040 5780 3394 5848 protendens,
3424 5776 3643 5848 propria
3672 5775 3726 5831 in

2150 5864 2320 5908 semet
2343 5852 2421 5905 sui
2445 5851 2560 5922 ipse
2591 5850 2866 5920 posst-ssio
2887 5856 2989 5904 est.
3026 5868 3045 5902 ›
