4124 6434
403 387 540 442 f'u55

1827 377 1917 433 EX
1961 377 2267 436 ORIGENE'

3533 384 3678 440 1056

403 511 584 569 pacto,
642 502 808 554 Deum
864 499 998 554 dicit
1045 513 1165 553 esse
1210 498 1446 567 primmn
1484 497 1980 552 administratorem

2087 501 2364 574 ἄφθαρτον
2421 505 2514 556 καὶ
2565 505 2878 572 ἀγέννητον,
2916 503 3009 556 καὶ
3043 501 3260 572 πρῶτον
3309 499 3555 570 βασιλέα,
3602 501 3670 567 ἦν

405 595 608 646 ιιιιιιιιιί.
661 595 834 660 Super
883 593 1064 643 oinnia
1133 601 1310 642 autem
1365 588 1532 642 Deum
1579 589 1764 642 dicunt
1815 603 1976 642 esse:

403 687 615 739 Animal
663 684 1073 750 incorruptibile
1125 692 1180 736 et
1235 697 1339 736 non
1370 683 1635 750 genitum,
1669 689 1719 734 et
1751 681 1979 747 primmn

403 777 626 845 Regem,
657 790 818 843 quem
857 775 1023 827 habet
1059 773 1235 826 locum
1268 773 1559 825 universus
1585 773 1836 824 mundus.

472 864 529 918 In
580 865 822 933 quinque
875 863 1046 916 libros
1091 861 1344 915 dividunt
1396 860 1604 914 llebrzci
1639 859 1978 914 Psalmurum

402 958 620 1022 librum,
669 971 904 1026 quorum
939 956 1149 1025 primus
1192 963 1314 1009 est:
1358 972 1375 1005 ι
1407 954 1604 1008 Beatus
1635 954 1717 1006 vir
1746 954 1837 1022 qui
1875 968 1980 1005 non

401 1049 537 1104 abiit
589 1049 640 1102 in
698 1047 930 1102 consilio
984 1046 1368 1116 impiorum“,
1401 1064 1420 1096 ›
1473 1060 1645 1112 usque
1693 1046 1760 1098 ad
1821 1043 1981 1098 finem

402 1139 809 1208 quadragesimi
863 1139 1054 1207 Inalmi
1081 1155 1094 1202 ;
1123 1139 1393 1193 Secundus
1424 1152 1435 1186 :
1475 1157 1494 1188 ι
1518 1137 1980 1203 Quemadmodum

402 1231 670 1284 desiderat
705 1231 987 1289 certum,»
1030 1243 1200 1297 usque
1242 1229 1308 1281 ad
1357 1228 1821 1295 septuagesimum
1872 1229 1983 1297 pri-

403 1334 588 1382 mum;
622 1320 815 1371 tertius
849 1337 861 1370 :
896 1311 1111 1385 iQnam
1165 1321 1335 1372 bonus
1384 1317 1548 1371 lsrael
1612 1317 1750 1371 Deus
1822 1319 1984 1373 rectis

403 1412 569 1465 corde
591 1410 659 1473 ’³,
689 1429 708 1462 ›
739 1425 908 1479 usque
945 1411 1012 1462 ad
1056 1409 1448 1476 octogesimum
1500 1419 1773 1462 octavum.
1815 1409 1986 1474 Quar-

405 1508 491 1553 tus
524 1515 538 1551 :
573 1518 591 1548 σ
623 1500 884 1562 Domine,
914 1498 1182 1568 refugium
1233 1497 1396 1568 514
1432 1497 1609 1550 factus
1644 1512 1702 1551 es
1741 1498 1898 1552 nobis
1930 1499 1981 1552 in

400 1591 751 1658 generatione
768 1599 821 1644 ct
843 1591 1190 1655 generatione
1211 1590 1278 1655 ’³,
1313 1608 1331 1640 ι
1357 1603 1526 1656 usque
1542 1589 1605 1641 ad
1629 1591 1981 1645 centesimum

401 1682 646 1748 quintmn
669 1698 683 1746 ;
709 1682 927 1750 quintus
955 1697 968 1733 :
999 1698 1016 1731 ι
1043 1679 1384 1734 Confitemini
1421 1679 1644 1734 Domino
1660 1682 1727 1746 ’⁵,
1755 1700 1773 1733 ι
1814 1697 1986 1750 usque

402 1775 468 1827 ad
498 1774 681 1827 finem.

471 1865 585 1932 Ego
631 1880 757 1918 vero
808 1863 1120 1918 arbitrabar
1151 1863 1202 1916 in
1239 1863 1379 1918 libro
1429 1865 1766 1920 Psalmorum
1818 1884 1981 1921 mnnn
2015 1840 2056 1894 Β

400 1955 481 2010 sic
538 1957 861 2026 inscr'ptum
925 1971 1108 2010 esse:
1167 1955 1406 2012 «Oratio
1467 1958 1671 2027 Moysis
1746 1960 1984 2014 hominis

407 2048 498 2102 Dei
520 2049 590 2101 ⁸⁸.
623 2066 643 2099 ι
676 2047 781 2102 Sed
817 2047 1009 2101 deimle
1041 2049 1394 2114 quarstionem
1433 2047 1499 2102 de
1528 2049 1851 2117 quibusdam
1890 2051 1982 2105 Dei

400 2138 640 2194 oraculis
703 2154 930 2193 movens
960 2139 1106 2193 Jnllo
1137 2140 1486 2209 patriarchte,
1512 2151 1560 2194 et
1601 2141 1816 2194 cuidam
1845 2143 1982 2210 apud

397 2226 620 2284 Judaros
649 2231 914 2299 sapientis
948 2231 1148 2284 famam
1182 2231 1426 2295 habenti,
1453 2231 1655 2295 audivi,
1685 2232 1736 2284 in
1764 2233 1985 2286 univer-

402 2335 462 2374 so
491 2318 836 2374 Psalmorum
873 2321 1011 2374 libro
1041 2336 1068 2374 a
1103 2321 1281 2389 primo
1313 2329 1365 2373 et
1390 2322 1628 2374 secundo
1658 2320 1867 2390 psahuo
1890 2336 1983 2376 eos

403 2411 496 2478 qui
545 2411 682 2478 apud
729 2411 988 2466 Hebraeos
1035 2410 1390 2478 inscriptione
1433 2419 1644 2472 carent,
1675 2410 1756 2463 vel
1789 2411 1981 2464 inscri-

401 2502 640 2570 ptionem
671 2501 888 2570 quidem
919 2502 1146 2566 habent,
1178 2503 1270 2556 sed
1321 2517 1424 2556 non
1463 2503 1745 2572 scriptoris
1765 2519 1980 2567 nomen,

405 2591 474 2645 ad
505 2607 627 2645 eum
659 2592 981 2660 scriptorem
1013 2592 1291 2661 pertinere
1315 2593 1468 2662 cujus
1501 2607 1694 2647 nomen
1730 2593 1905 2646 fertur
1930 2596 1980 2648 in

404 2684 730 2752 praecedenti
769 2684 948 2752 primo
1015 2683 1224 2755 psalmo
1283 2686 1375 2753 qui
1433 2701 1630 2739 nomen
1696 2687 1982 2754 scriptoris

404 2775 588 2831 habet.
630 2775 724 2830 llis
763 2786 956 2829 autenr
1006 2778 1072 2831 de
1128 2778 1291 2830 rebus
1325 2778 1490 2831 verba
1543 2777 1771 2842 faciens,
1805 2780 1982 2848 primo

403 2864 620 2917 dicebat
661 2865 920 2918 tredecim
955 2881 1077 2920 esse
1108 2865 1311 2936 .‘yloysis
1345 2866 1605 2932 psalmos.
1635 2866 1769 2920 Cum
1800 2879 1980 2920 autem

401 2971 468 3008 ex
501 2955 568 3009 iis
588 2972 706 3024 qua:
733 2958 1038 3022 audieram,
1075 2974 1390 3027 reponet-em
1426 2959 1550 3028 ipsi,
1581 2959 1830 3012 undecim
1862 2967 1979 3013 tan-

404 3060 514 3102 tmn
549 3065 666 3104 esse
697 3067 709 3102 :
745 3061 1092 3118 percontatus
1145 3052 1344 3105 deinde
1382 3066 1509 3104 cum
1551 3053 1642 3120 qui
1679 3055 1818 3120 apud
1858 3051 1981 3106 illos

2087 595 2196 665 ἔχει
2227 596 2409 667 χώραν
2437 597 2465 648 ὁ
2489 595 2710 665 σύμπας
2734 595 2954 665 κόσμος.

2158 867 2252 929 Εἰς
2286 867 2443 918 πέντε
2473 866 2649 934 βιϐλία
2673 865 2783 935 (18)
2826 864 3124 934 διαιροῦσιν
3168 862 3518 934 Ἐϐραίοιτὴν
3557 864 3672 918 τῶν·

2084 959 2328 1029 Ψαλμῶν
2389 959 2567 1027 βίϐλον
2598 976 2610 988 ·
2659 954 2733 1011 ὧν
2781 959 2842 1010 τὸ
2895 957 2992 1027 μὲν
3034 956 3284 1028 πρῶτονο
3327 975 3344 1006 ‹
3379 955 3671 1029 Μακάριος

2084 1052 2223 1122 ἀνὴρ
2254 1051 2312 1114 ὃς
2349 1052 2448 1103 οὐκ
2477 1050 2744 1121 ἐπορεύθη
2791 1051 2848 1102 ἐν
2884 1048 3046 1119 βουλῇ
3075 1048 3309 1106 ἀσεϐῶν.
3347 1067 3364 1100 ι
3402 1049 3507 1112 ἕως
3553 1047 3666 1100 τῶν

2083 1144 2406 1197 τελευταίων
2422 1143 2514 1195 τοῦ
2549 1142 2984 1212 τεσσαρακοστοῦ
3010 1159 3021 1171 ο
3069 1142 3126 1193 τὸ
3150 1142 3206 1192 δὲ
3227 1141 3495 1211 δεύτερον·
3531 1159 3549 1190 ‹
3567 1142 3665 1192 Ὃν

2084 1236 2285 1307 τρόπον
2320 1235 2628 1304 ἐπιποθεῖὴ
2659 1232 2873 1300 ἔλαφος,
2918 1257 2935 1284 ι
2971 1234 3074 1295 ἕως
3105 1232 3318 1303 πρώτου
3361 1232 3657 1302 ἑϐδομηκο-

2087 1323 2241 1376 στοῦ·
2304 1323 2366 1375 τὸ
2417 1323 2472 1374 δὲ
2508 1321 2725 1392 τρίτον·
2791 1339 2807 1370 ι
2860 1321 2948 1382 Ὠς
2994 1321 3194 1388 ἀγαθὸς
3243 1320 3321 1390 τῷ
3364 1319 3579 1390 Ἰσραὴλ
3633 1321 3665 1372 ὁ

2092 1413 2226 1476 Θεὸς
2252 1416 2364 1476 τοῖς
2403 1413 2584 1466 εὐοέσι
2616 1415 2682 1482 τῇ
2720 1410 2936 1482 καρδίᾳ,
2961 1431 2977 1462 ι
3019 1412 3123 1475 ’ἐως
3148 1418 3259 1482 πη”
3287 1411 3348 1464 τὸ
3381 1411 3437 1464 δὲ
3468 1411 3663 1481 τέταρ-

2083 1525 2174 1560 τον
2193 1524 2206 1536 ο
2246 1526 2263 1556 ι
2296 1504 2490 1576 Κύριε,
2520 1504 2810 1573 καταφυγὴ
2841 1504 3104 1574 ἐγενὴοης
3131 1506 3261 1574 ἡμῖν
3291 1505 3348 1556 ἐν
3376 1505 3540 1574 γενεᾷ
3570 1504 3666 1557 καὶ

2083 1599 2298 1667 γενεᾷ,ι
2335 1597 2440 1660 ἕως
2464 1595 2559 1648 τοῦ
2585 1601 2680 1668 ps"
2719 1595 2780 1646 τὸ
2798 1595 2854 1646 δέ
2885 1594 3152 1663 πέμπτον·
3181 1611 3198 1645 ι
3223 1593 3662 1665 Ἐξομολογεῖσθε

2084 1691 2161 1761 τῷ
2194 1691 2404 1761 Κυρίῳ,
2443 1710 2460 1741 ι
2497 1691 2600 1752 ἓως
2622 1690 2728 1741 τῶν
2762 1687 3026 1758 ἐσχάτων.

2167 1860 2307 1930 Ἐγὼ
2331 1862 2427 1932 μὲν
2461 1862 2618 1933 ᾤμην
2635 1861 2730 1915 ἕνα.
2758 1858 2896 1915 εἶναι
2934 1861 2990 1914 ἐν
3029 1865 3093 1931 τῇ
3129 1861 3293 1931 βίϐλῳ
3335 1861 3444 1912 τῶν
3514 1861 3659 1912 Ψαλ-

2088 1954 2224 2023 μῶν,
2256 1953 2321 2016 ὃς·
2353 1953 2765 2025 ἐπεγέγραπτο·
2801 1970 2817 2002 ι
2860 1953 3144 2024 Προσευχὴ
3177 1952 3270 2004 τοῦ
3308 1953 3520 2023 Μωῦσῆ
3563 1955 3660 2006 ἁν-

2084 2043 2304 2115 Ορὼττου
2332 2044 2424 2097 τοῦ
2459 2044 2624 2097 Θεοῦ·
2662 2064 2680 2096 ι
2744 2045 2806 2098 τὸ
2860 2044 3085 2115 ὕστερον
3133 2044 3189 2096 δὲ
3241 2045 3664 2114 ἀνακινούμενος

2083 2137 2210 2206 περί
2237 2154 2395 2188 τινων
2420 2136 2612 2204 λογίων
2639 2135 2773 2189 Θεοῦ
2819 2135 3028 2206 Ἰούλλῳ
3053 2135 3132 2206 τῷ
3163 2135 3477 2207 πατριάρχῃ
3501 2174 3515 2198 ,
3567 2131 3663 2187 καί

2082 2245 2189 2280 τινι
2235 2227 2343 2280 τῶν
2403 2227 2852 2299 χρηματιζόντων
2903 2227 3055 2299 παρὰ
3121 2227 3395 2289 Ἰουδαίοις
3448 2221 3660 2294 σοφῶν,

2084 2318 2318 2387 ἀκήκοα,
2352 2319 2433 2371 ὅτι
2490 2320 2556 2372 δι’
2585 2319 2712 2390 ὅλης
2739 2319 2838 2388 τῆς
2897 2318 3077 2388 βίϐλου
3122 2317 3230 2388 (19)
3263 2318 3373 2371 τῶν
3415 2316 3662 2387 Ψαλμῶν

2084 2409 2194 2460 ἀπὸ
2218 2409 2325 2462 τῶν
2358 2415 2404 2463 α’
2430 2410 2524 2464 καὶ
2571 2409 2636 2480 β’,
2667 2410 2716 2462 οἱ
2746 2410 2874 2480 παρ’
2922 2409 3193 2482 Ἑϐραίοις
3216 2408 3658 2480 ἀνεπίγραφοι,ἦ

2082 2501 2394 2572 ἐπιγραφὴν
2421 2502 2517 2572 μὲν
2541 2501 2775 2572 ἔχοντες,
2798 2501 2921 2572 οὐχὶ
2939 2501 2995 2555 δέ
3017 2501 3079 2555 τὸ
3105 2501 3276 2572 δνομα
3298 2500 3394 2553 τοῦ
3417 2500 3664 2572 γράψαν-

2081 2609 2194 2654 τος,
2219 2593 2426 2645 ὲκείνου
2459 2593 2595 2645 εἰσὶν
2617 2585 2678 2645 οὗ
2714 2593 2774 2645 τὸ
2825 2593 2997 2664 ὄνομα
3036 2593 3257 2663 φέρεται
3297 2592 3356 2643 ἐν
3420 2590 3498 2660 τῷ
3557 2590 3664 2660 πρὸ

2081 2682 2287 2735 τούτων
2310 2685 2620 2756 ἐπιγραφὴν
2653 2684 2829 2756 ἔχοντι
2870 2683 3087 2754 ψαλμῷ.
3122 2683 3230 2735 Καὶ
3276 2681 3406 2752 περὶ
3453 2680 3660 2732 τούτων

2081 2775 2274 2843 λέγων,
2306 2777 2566 2849 πρότερον
2597 2778 2691 2847 μὲν
2728 2777 2983 2846 ἔφασκεν,
3021 2776 3101 2828 ὅτι
3132 2771 3491 2844 τρισκαίδεκα
3522 2773 3659 2824 εἰσιν

2081 2868 2132 2918 οἱ
2153 2865 2246 2918 τοῦ
2267 2867 2547 2930 Μωῦσέως
2567 2885 2578 2896 ·
2605 2867 2680 2929 ὡς
2708 2866 2765 2920 δέ
2781 2867 2838 2933 ἐξ
2860 2861 2934 2919 ὧν
2953 2867 3165 2934 ἀκήκοα
3194 2865 3286 2917 καὶ
3311 2863 3540 2926 αὐτὸς...
3560 2863 3661 2932 τὴν

2084 2956 2345 3028 ἀνέφερον
2371 2959 2457 3009 ἐπ’
2489 2958 2671 3021 αὑτὸν,
2704 2961 2786 3010 ὅτι
2827 2958 2962 3010 εἰσιν
2989 2957 3208 3009 ἕνδεκα·
3247 2952 3364 3007 εἶτα
3424 2953 3664 3023 πυθόμε-

2078 3068 2171 3115 νος
2207 3051 2301 3103 τοῦ
2338 3050 2468 3122 παρ’
2500 3051 2681 3113 αὐτοῖς
2702 3051 2984 3112 δοκοῦντος
3019 3047 3206 3117 σοφοῦ,
3231 3046 3553 3117 ἐμάνθανον,
3582 3045 3671 3098 ὅτι.

400 3141 622 3206 sapiens
669 3142 944 3205 audiebat,
997 3144 1196 3198 edidici
1251 3158 1375 3196 esse
1432 3158 1621 3196 revera
1683 3144 1976 3197 undecim:

2084 3139 2193 3197 εἷεν
2218 3142 2433 3205 ἕνδεκα,
2459 3134 2533 3194 ὧν
2559 3141 2651 3194 τοῦ
2674 3140 2771 3211 μὲν
2798 3140 2882 3192 πθ¹
2915 3141 2948 3210 ὴ
2981 3140 3152 3209 ἀρχή’
3192 3157 3209 3187 ι
3244 3136 3418 3207 Κύριε
3450 3175 3462 3199 ,
3496 3149 3667 3188 καταε-

400 3243 636 3298 quorum
687 3234 1012 3301 octogesimi
1061 3235 1280 3302 quidem
1337 3235 1464 3287 noni
1519 3234 1736 3288 initium
1811 3245 1976 3289 erat:

411 3340 429 3374 ι
450 3322 700 3388 Domine,
737 3324 1009 3394 refugium
1064 3328 1243 3380 factus
1273 3341 1332 3380 es
1357 3327 1514 3380 nobis
1549 3328 1602 3380 in
1632 3328 1982 3397 generatione

400 3421 458 3468 et
491 3415 882 3482 generatione;
906 3437 925 3468 ι
968 3418 1251 3484 sequentis
1297 3432 1425 3470 vero
1455 3419 1546 3487 qui
1574 3420 1716 3486 apud
1750 3433 1849 3473 nos
1884 3435 1983 3473 no-

403 3504 723 3574 nagesimns
775 3507 974 3570 fertur,
1031 3509 1248 3563 initium
1311 3519 1433 3562 erat
1461 3525 1475 3560 :
1508 3527 1525 3560 ι
1555 3510 1656 3576 Qui
1695 3509 1902 3565 habitat
1929 3511 1980 3564 in

383 3595 680 3666 ‘adjutorio
726 3597 1079 3664 Altissimi",
1108 3621 1126 3653 ι
1157 3615 1320 3670 quem
1372 3600 1537 3654 etiam
1592 3602 1810 3658 dicebat
1861 3616 1984 3658 esse

405 3683 628 3758 Moysis.
662 3687 774 3742 Imo
805 3689 970 3745 etiam
1003 3705 1158 3755 eum,
1183 3692 1280 3762 qui
1325 3692 1735 3762 inscriptionem
1764 3695 1980 3765 quidem

407 3777 592 3840 habet,
626 3779 720 3832 sed
753 3779 874 3834 sine
899 3781 1185 3849 scriptoris
1218 3784 1483 3848 nomine;
1518 3800 1712 3854 nempe
1739 3801 1981 3857 nonage-

407 3871 608 3923 simum
654 3871 890 3939 primum
924 3873 1005 3926 sic
1061 3873 1384 3943 inscriptum
1413 3890 1426 3926 :
1458 3893 1478 3926 ι
1504 3874 1750 3932 Psalmns
1782 3880 1978 3932 cantici

409 3957 464 4013 in
504 3959 644 4011 diem
707 3958 1059 4025 Sabbati",)
1093 3961 1292 4032 Moysis
1352 3977 1473 4018 esse
1532 3965 1767 4030 dicebat,
1827 3970 1983 4039 cujus

415 4049 627 4104 iuitimn
655 4067 668 4104 :
704 4071 723 4103 ι
750 4052 954 4106 Bonum
984 4063 1068 4108 est
1096 4054 1344 4109 confiteri
1393 4057 1644 4124 Domino,
1677 4069 1729 4114 et
1753 4061 1982 4128 psallere

412 4143 616 4195 nomini
666 4154 774 4208 tuo,
825 4143 1238 4204 ΑΙιίεεὶιιιε²⁹.›
1280 4146 1635 4216 lnscriptione
1667 4163 1845 4204 autem
1889 4169 1982 4207 ca-

413 4247 542 4288 rere
571 4251 689 4287 cum
746 4235 836 4304 qui
889 4238 1267 4304 nonagesimus
1292 4240 1566 4292 secundus
1603 4239 1794 4306 fertur,
1831 4245 1983 4311 cilius

410 4322 624 4380 initlnut
677 4347 689 4381 :
749 4327 1054 4380 «Dominus
1121 4331 1386 4397 regnavit,
1443 4330 1696 4386 decorem
1762 4334 1982 4391 indutus

407 4413 578 4471 est”,
611 4433 628 4465 ι
656 4434 814 4486 quem
845 4433 898 4472 et
928 4421 1100 4488 ipsmn
1151 4423 1362 4476 dicebat
1403 4440 1523 4479 esse
1557 4423 1758 4496 Moysi's
1785 4441 1800 4479 :
1829 4430 1981 4484 simi-

2085 3234 2230 3305 φυγὴ
2270 3234 2399 3304 ἡμῖν
2429 3232 2691 3304 ἐγενήθης
2727 3233 2782 3283 ἐν
2815 3232 2977 3300 γενεᾷ
3002 3230 3095 3283 καὶ
3127 3230 3288 3299 γενεᾷ
3313 3245 3325 3259 ·
3359 3246 3378 3279 ι
3425 3227 3519 3280 καὶ
3569 3223 3662 3277 τοῦ

2081 3324 2208 3394 ἑξῆς
2237 3323 2366 3394 παρ’
2409 3325 2542 3393 ἡμῖν
2567 3318 2918 3390 ἐνενηκοστοῦ
2953 3318 3276 3390 φερομένου,
3304 3319 3338 3387 ἡ
3364 3314 3507 3386 ἀρχὴ
3552 3309 3620 3384 ἦν
3644 3329 3660 3342 ⁸

2090 3417 2187 3470 «Ὀ
2215 3414 2484 3469 κατοικῶν
2529 3416 2585 3467 ἐν
2631 3411 2852 3482 βοηθείᾳ
2906 3410 2999 3464 τοῦ
3044 3409 3335 3476 Ὑψίστου·
3377 3427 3396 3457 ο
3455 3407 3514 3459 ὃν
3569 3404 3666 3458 καὶ

2083 3508 2246 3563 αὑτὸν
2275 3507 2457 3574 ἔλεγεν
2492 3501 2631 3558 εἶναι
2669 3502 2969 3565 Μωῦσέως.
3013 3501 3173 3554 Ἀλλὰ
3220 3502 3315 3554 καὶ
3347 3499 3436 3552 τὸν
3473 3498 3664 3566 ἔχοντα

2087 3600 2186 3671 μὲν
2224 3597 2558 3669 ἐπιγραφὴν,
2587 3597 2648 3650 οὺ
2687 3597 2805 3666 μετ’
2839 3595 3102 3664 ὀνόματος
3133 3594 3188 3647 δέ
3220 3592 3312 3645 τοῦ
3354 3591 3662 3662 γρὰᾴαντος

2083 3695 2280 3749 αὐτόν’
2313 3692 2456 3760 λέγω
2479 3691 2537 3744 δέ
2559 3691 2648 3743 τὸν
2678 3689 3030 3760 ἐνενηκοστὸν
3064 3687 3278 3757 πρῶτον
3314 3684 3486 3749 οὕτως
3542 3683 3663 3734 ἐπιο

2081 3785 2490 3861 γεγραμμένον,
2518 3782 2773 3854 «Ψαλμὸς
2787 3781 2929 3853 ᾠδῆς
2953 3785 3032 3846 εἰς
3059 3781 3154 3852 τὴν
3183 3780 3394 3852 ἡμέραν
3417 3775 3508 3830 τοῦ
3533 3773 3662 3827 σαϐ-

2083 3880 2270 3942 ϐάτου,
2298 3897 2315 3930 ι
2350 3876 2534 3944 ἔλεγεν
2572 3869 2711 3927 εἷναι
2741 3872 3038 3935 Μωῦσέως,
3069 3867 3132 3924 οὒ
3166 3872 3200 3941 ἠ
3229 3869 3370 3940 ἀρχή
3400 3884 3414 3898 ·
3443 3886 3462 3918 ‹
3496 3867 3660 3933 Ἀγα-

2083 3971 2176 4024 θὸν
2209 3969 2270 4022 τὸ
2311 3963 2745 4037 ἐξομολογεῖσθαι
2794 3962 2873 4032 τῷ
2923 3962 3135 4034 Κυρίῳ,
3175 3961 3270 4013 καὶ
3307 3958 3529 4028 ψάλλειν
3585 3951 3673 4023 τῷ.

2082 4061 2306 4131 ὀνόματί
2329 4057 2723 4128 σου,”Υψιστε·
2764 4075 2782 4108 ι
2815 4055 3188 4122 ἀνεπίγραφος
3219 4052 3276 4105 δὲ
3304 4047 3372 4122 ἦν
3405 4048 3499 4102 καὶ
3527 4047 3557 4100 ὁ
3587 4044 3664 4107 ὡς

2082 4145 2436 4219 ἐνενηκοστὸς
2454 4143 2701 4215 δεύτερος
2729 4141 3048 4213 φερόμενος,
3079 4136 3138 4195 οὗ
3170 4143 3202 4210 ἡ
3227 4137 3390 4210 ἀρχὴ,
3429 4154 3447 4187 ε
3468 4135 3527 4189 '0
3555 4132 3666 4188 Κύ-

2086 4258 2201 4314 ριος
2237 4237 2584 4293 ἐϐασίλευσεν
2615 4276 2629 4300 ,
2670 4234 3005 4307 εὐπρέπειαν
3048 4233 3363 4286 ἐνεδύσατο·
3403 4248 3420 4279 ι
3453 4229 3512 4282 ὃν
3568 4225 3665 4280 καὶ

2084 4331 2246 4388 αὑτὸν
2287 4329 2470 4397 ἔλεγεν
2533 4323 2673 4379 εἶναι
2720 4323 2998 4386 Μωῦσέως
3023 4340 3036 4354 ·
3088 4323 3288 4392 ὁμοίως
3326 4321 3382 4374 δὲ
3429 4319 3524 4372 καὶ¹
3571 4316 3665 4370 τὸν

2084 4423 2434 4495 ἐνενηκοστὸν
2466 4421 2649 4493 τρίτον
2673 4462 2688 4482 ,
2722 4413 2784 4473 οὗ
2821 4421 2853 4490 ἡ
2889 4419 3062 4489 ἀρχή·
3101 4437 3117 4468 ι
3151 4419 3284 4478 Θεὸς
3335 4414 3665 4484 ἐκδικήσεων

408 4501 642 4570 Iiterque
695 4512 1100 4576 nonagesimum
1155 4521 1371 4566 tertunn
1406 4555 1420 4577 ,
1495 4513 1650 4582 cujus
1713 4517 1972 4571 initium:

2084 4518 2312 4588 Κύριος,
2355 4533 2374 4566 ι
2414 4515 2510 4567 καὶ
2535 4514 2624 4566 τὸν
2649 4510 2997 4580 ἐνενηκοστὸν
3026 4509 3302 4578 τέταρτον,
3331 4500 3392 4558 οὗ
3424 4507 3456 4574 ἡ
3485 4505 3624 4575 ἀρχή
3646 4521 3660 4533 ·

476 4615 518 4644 ’ί
554 4613 690 4668 Psal.
726 4629 761 4678 l',
797 4616 847 4668 1.
924 4615 967 4645 ’³
997 4614 1135 4669 Psal.
1172 4631 1276 4680 XLI,
1314 4617 1367 4670 2.
1442 4618 1488 4649 ’³
1518 4617 1658 4670 Psal.
1691 4633 1854 4677 Lxxn,
1888 4616 1936 4668 1.

405 4686 449 4726 .17
477 4684 619 4738 Psal.
652 4701 734 4749 xc,
771 4686 816 4738 1.
894 4685 939 4714 ⁸⁸
973 4685 1113 4740 Psal.
1145 4702 1252 4751 xei,
1287 4687 1336 4740 1.
1411 4689 1455 4720 ²⁹
1485 4687 1640 4752 ibid.,
1672 4688 1726 4742 2-

481 4791 594 4857 (l‘d)
636 4791 740 4854 Εἰς
761 4788 941 4843 πέντε
964 4793 1193 4859 βιϐλία,
1230 4805 1334 4853 etc.
1389 4799 1450 4853 8.
1503 4798 1744 4854 Hilarius
1778 4802 1972 4860 ibidem

407 4880 560 4939 nnin.
611 4863 805 4939 inhudlc
836 4861 1128 4939 locum_sic_
1153 4867 1218 4918 ad
1249 4883 1378 4922 suos
1419 4884 1549 4923 usus
1589 4879 1973 4928 accommoda-

408 4936 484 4986 νὴ
516 4948 552 5002 τί
574 4949 590 4980 ⁸
622 4927 808 4983 varias
839 4945 965 5002 (ἔθεεν
991 4932 1346 5002 Ριυτίιιιοΐιηιι
1383 4941 1450 4992 de
1481 4939 1815 4994 Psalmorum
1842 4927 1978 5001 libro

405 5001 714 5082 munientes,
749 5015 814 5082 c_x
849 5000 1005 5082 libris
1050 5005 1181 5082 ipsis
1226 5021 1363 5082 quos
1399 5008 1631 5082 scriptos
1684 5000 1976 5082 reliquere;

405 5071 739 5144 compertum
777 5071 1258 5144 1ιειιιοηιιιεζΝίιιη
1282 5077 1446 5144 aliqui
1501 5071 1848 5136 Hebraeorum
1883 5071 1980 5140 eos

409 5145 462 5220 in
500 5140 737 5224 quinque
783 5139 952 5221 libros
977 5144 1180 5224 divisos
1209 5139 1396 5224 voiunt
1419 5161 1577 5224 esse:
1609 5158 1667 5202 nt
1693 5150 1766 5206 sit
1811 5139 1981 5224 usque

410 5209 464 5293 i-n
483 5209 952 5292 quadragesimum
979 5214 1246 5293 psalmum
1282 5214 1421 5293 liber
1448 5219 1680 5293 primus,
1713 5230 1772 5293 et
1799 5237 1826 5275 a
1847 5209 1980 5293 qua;

403 5279 710 5352 dragesimo
732 5294 899 5354 usque
921 5279 1462 5352 in‘septuagesimum'
1477 5279 1718 5354 primum
1741 5279 1882 5347 libet:
1903 5310 1983 5350 se:

405 5350 643 5415 candus,
673 5362 724 5422 et
767 5350 836 5401 ab
883 5364 948 5403 eo
981 5350 1156 5422 usque
1191 5350 1244 5406 in
1291 5350 1701 5422 octogesimum;
1725 5372 1974 5418 octavum

404 5423 543 5477 liber
571 5420 786 5495 tertius,
816 5428 869 5472 et
893 5420 1146 5495 usque‘in
1175 5420 1534 5495 centesimum
1558 5427 1807 5495 quintum
1841 5433 1980 5489 liber

402 5500 631 5558 quartus
673 5489 949 5560 (ubquod
991 5491 1046 5545 hi
1091 5508 1282 5547 omnes
1312 5493 1500 5560 psalmi
1543 5489 1597 5548 in
1635 5515 1978 5557 consumma-

401 5564 554 5615 tione
584 5574 678 5612 sua
705 5558 962 5630 habeant,
997 5563 1113 5626 ﬁat,
1147 5563 1286 5630 ﬁat);
1310 5558 1668 5621 concludatur
1697 5571 1891 5627 deinde
1917 5573 1968 5628 in

401 5630 698 5685 amusium
723 5628 1173 5758 guinquagesimo
1205 5628 1412 5711 psalmo
1436 5632 1573 5688 liber
1599 5639 1840 5708 quintus.
1877 5661 1894 5694 ι

473 5697 584 5758 (i9)
631 5699 720 5750 Ἁκ
765 5713 893 5758 κοιι,
915 5697 1004 5751 ὅτι
1025 5701 1099 5755 δι’
1125 5703 1274 5758 ὅλης
1305 5720 1415 5758 της
1435 5703 1674 5758 βίϐλου.
1694 5719 1797 5758 etc.
1825 5710 1887 5758 Hi

473 5697 584 5775 (in
607 5697 893 5775 _'.:\mixoa,
915 5697 1004 5775 ὅέι
1025 5701 1099 5755 δι’
1116 5697 1274 5775 eam
1305 5701 1415 5770 τῆς
1435 5697 1675 5775 βίϐλου,
1694 5719 1797 5765 etc.
1825 5710 1974 5765 Hila-

406 5767 520 5823 rius
551 5767 742 5822 ibidem
779 5782 924 5819 num.
961 5769 995 5823 3
1020 5789 1032 5824 :
1059 5791 1076 5825 ι
1114 5773 1188 5828 De
1215 5767 1297 5827 his
1334 5767 1513 5828 autem
1537 5779 1629 5848 qui
1658 5767 1773 5837 sine
1805 5785 1974 5838 diver-

2014 4615 2061 4648 “
2089 4613 2235 4668 Psal.
2266 4629 2478 4680 Lxxm,
2509 4616 2559 4671 1.

1803 4686 1847 4716 ³ο
1875 4684 2016 4740 Psal.
2046 4699 2177 4748 xcu,
2215 4684 2266 4738 l.

2602 4617 2613 4624 ’
2637 4619 2682 4651 ³⁵
2708 4619 2847 4673 Psal.
2871 4634 2974 4683 CVI,
3005 4621 3054 4675 1.
3131 4623 3176 4653 ³⁸
3198 4622 3340 4679 Psal.
3366 4641 3588 4695 Lxxxxx,
3605 4627 3659 4684 l'.

2083 4824 2271 4863 surum
2317 4820 2601 4864 auctorum
2638 4807 2946 4864 nominibus
2982 4809 3081 4861 sub
3113 4807 3341 4861 diversis
3370 4810 3660 4875 snperscri-

2086 4880 2366 4950 ptionibus
2415 4879 2707 4950 habentur,
2739 4878 3084 4950 antiquorum
3114 4880 3353 4950 virorum
3400 4879 3505 4931 irlﬂ
3549 4890 3662 4932 tra-

2087 4947 2226 5002 ditio
2257 4959 2360 5011 est,
2398 4949 2540 5016 quod
2581 4963 2650 5003 ex
2690 4965 2754 5003 eo
2803 4947 3031 5016 psalmo,
3068 4947 3221 5015 cujus
3261 4958 3454 5000 auctor
3492 4950 3543 5000 in
3573 4964 3662 5002 sn-

2087 5018 2486 5090 perscriptione
2518 5017 2885 5090 praeponitur,
2914 5019 3005 5090 qui
3036 5017 3289 5090 deinceps
3320 5018 3438 5071 sine
3469 5029 3633 5090 aucto

2091 5087 2210 5142 rum
2261 5087 2723 5158 superscriptioue
2771 5087 3262 5158 succeduntLejus
3309 5102 3430 5141 esse
3467 5088 3662 5158 existi-

2086 5159 2271 5212 mandi
2328 5156 2476 5220 suiit,
2505 5156 2597 5226 qui
2626 5157 2923 5212 anterioris
2952 5156 3146 5226 psalmi
3184 5165 3380 5212 auctor
3407 5157 3663 5212 inscribi.-

2087 5238 2196 5291 tur,
2226 5241 2397 5296 usque
2426 5228 2477 5281 in
2509 5242 2634 5280 eum
2671 5227 2964 5296 psalmum,
2991 5226 3044 5280 in
3067 5241 3174 5296 quo
3205 5242 3400 5280 nomen
3431 5227 3669 5282 alterius.

2088 5295 2333 5352 auctoris
2363 5295 2723 5365 praeferatur:
2756 5305 2818 5350 ut
2868 5297 2913 5350 si
2946 5295 3138 5366 psalmi
3189 5295 3418 5366 alicujus
3461 5311 3656 5365 snper-

2087 5367 2314 5434 scriptio
2350 5366 2476 5419 talis
2529 5367 2620 5431 sit,
2667 5367 2922 5437 psalmus
2945 5365 3158 5430 David;
3195 5365 3380 5437 caeteri
3411 5368 3502 5437 qui
3538 5366 3663 5421 sine-

2090 5436 2247 5491 titulo
2297 5447 2724 5506 consequantur,
2759 5436 2926 5491 David
2956 5450 3078 5490 esse
3119 5436 3450 5506 credantur,
3485 5438 3667 5492 donee

2084 5507 2365 5576 propheta:
2397 5505 2622 5561 alterius
2673 5521 2868 5561 nomen
2900 5508 2951 5560 in
2986 5505 3455 5575 superscriptioue
3485 5521 3662 5575 pona-

2085 5586 2203 5647 tur;
2236 5584 2291 5630 et
2321 5591 2387 5647 ex
2419 5591 2484 5631 eo
2509 5591 2682 5644 usque
2709 5577 2762 5630 in
2797 5578 3026 5647 alterum
3053 5577 3399 5647 prophetam,
3428 5577 3518 5647 qui
3543 5578 3662 5632 sine

2083 5643 2440 5726 inscriptione
2471 5643 2628 5726 medii
2658 5654 2806 5726 sunt,
2853 5645 2971 5712 ejus
3016 5643 3127 5700 sint
3155 5645 3329 5726 quiin
3369 5643 3670 5726 anierioril

2079 5713 2277 5835 Fsalmi
2339 5716 2804 5786 superscriptioue
2862 5726 3060 5772 auctor
3121 5713 3337 5789 coeptus
3389 5717 3462 5773 sit
3499 5727 3664 5774 ante-

2102 5799 2230 5835 CI'H.
2268 5801 2290 5835 Ι

2102 5799 2230 5840 ιιι-ιι.
2268 5801 2290 5838 Ι
