4124 6392
396 388 538 447 1057

1680 376 1993 436 SELECTA
2031 372 2101 431 IN
2138 370 2488 430 PSALMOS.

3532 369 3674 427 1058

403 527 428 560 ι
450 510 636 573 Δεῦτε,
659 503 1112 576 ἀγαλὴασώμεθα
1144 501 1222 575 τῷ
1254 501 1466 572 Κυρίῳ,
1509 519 1528 554 3
1567 500 1662 554 καὶ
1691 501 1783 554 τὸν
1811 506 1909 568 ιβ’,
1937 491 1999 553 οὗ

2107 513 2125 546 ι
2151 493 2290 548 Deus
2319 492 2582 547 ultionum
2613 487 3044 557 Dominus";3et
3069 485 3486 556 nonagesimum
3507 502 3680 554 quar-

402 599 605 670 ἠ-ἀρχή
630 615 642 627 ³
671 597 905 667 ι’ᾼσατε
931 593 1010 666 τῷ
1039 593 1230 666 Κυρίῳ
1262 589 1413 663 ᾆσμα
1442 591 1628 645 καινὸν
1652 631 1667 656 ,
1706 590 1880 662 ᾅσατε
1915 587 1995 659 τῷ

403 689 776 759 Κυρίῳ,πᾶσα
797 689 830 758 ἡ
853 687 928 757 γῆ
949 704 994 740 ἰ
1032 686 1126 740 καὶ
1151 683 1242 738 τὸν
1266 682 1621 754 ἐνενηκοστὸν
1647 682 1828 746 ἕκτον,
1872 672 1933 733 οὗ
1958 682 1991 752 ἡ

409 781 553 852 ἀρχή
571 797 585 810 ·
613 800 632 831 ι
655 779 713 832 ⁸0
737 778 942 849 Κύριος
969 778 1315 832 ἐϐασίλευσεν
1335 816 1350 840 ,
1381 775 1768 844 ἁγαλλιάσεται
1796 776 1829 844 ὴ
1856 773 1955 843 γῆο
1972 791 1991 824 3

412 871 505 923 καὶ
527 873 555 923 6
578 870 659 936 ac
679 911 694 933 ,
729 870 787 933 ὃς
817 870 1202 941 ἐπεγέγραπτο
1237 867 1418 938 μόνον,
1449 865 1755 936 ιΨαλμὸς·›
1791 864 1994 936 τὸγὰρ,

415 962 522 1032 «τῷ
542 961 756 1026 amen
795 962 870 1025 ὡς
894 962 1008 1032 ἔχει
1033 961 1090 1014 έν
1114 977 1256 1014 τισιν
1289 959 1663 1030 ἀντιγράφοις,
1695 956 1818 1010 οὔτε
1846 957 1997 1028 ἐντῷ

419 1052 696 1125 Ἑϐραῖκῷ
725 1050 794 1124 ἦν
819 1052 942 1106 οὕτε
978 1055 1035 1105 ἐν
1086 1056 1207 1116 ταῖς
1233 1053 1450 1115 λοιπαῖς
1483 1052 1760 1104 ἐκδόσεσιν
1797 1067 1810 1081 ’
1858 1051 1891 1121 ἡ
1941 1050 1998 1103 δὲ

407 1146 551 1216 ἀρχὴ
579 1145 744 1197 αὑτοῦ
775 1141 878 1214 ἦν·
915 1164 932 1195 ε
981 1144 1185 1215 ’ᾼσατε
1211 1143 1290 1212 τῷ
1320 1143 1525 1213 ’Κυρίῳ
1589 1137 1740 1212 ᾇσμα
1787 1141 1996 1203 καινὸν,

409 1235 493 1288 ὅτι
517 1235 806 1305 θαυμαστὰ
839 1235 1112 1305 ἐποίησεν.
1159 1254 1177 1286 3
1209 1235 1317 1287 Kal.
1350 1235 1378 1285 6
1419 1237 1455 1298 ιι
1481 1233 1536 1286 δέ
1581 1239 1633 1302 η’
1692 1231 1783 1284 τοῦ
1834 1232 1998 1286 αύτοῦ

411 1327 630 1395 ἐλέγετο
649 1323 812 1387 εἶναι,
846 1322 905 1381 οὗ
936 1328 969 1398 ἡ
999 1327 1140 1397 ἀρχή
1163 1343 1177 1356 ·
1221 1345 1239 1377 ι
1289 1327 1346 1378 ὐ
1396 1325 1598 1396 Κύριος
1628 1323 2000 1389 ἐϐασίλευσεν,

411 1421 818 1493 ὀργιζέσθωσαν
853 1421 1005 1474 λαοί·
1031 1440 1048 1472 3
1089 1421 1183 1474 καὶ
1211 1423 1238 1473 6
1276 1419 1625 1490 ἐνενηκοστδς
1676 1419 1859 1482 ἔνατος
1891 1457 1905 1481 ,
1943 1417 2002 1480 ὃς

413 1514 799 1584 ἐπεγέγραπτο
829 1531 841 1543 ·
874 1532 890 1564 ι
909 1512 1140 1583 Ψαλμὸς
1174 1514 1254 1576 εἰς
1285 1511 1691 1583 ἐξομολόγησιν,
1711 1533 1726 1561 3
1754 1504 1864 1578 οὗή
1904 1511 2003 1581 ἀρ-

413 1606 484 1676 χή
506 1622 520 1635 ο
564 1623 583 1656 ι
635 1605 964 1671 Ἀλαλὰξατε
991 1604 1070 1675 τῷ
1099 1603 1463 1675 Κυρίῳ.,πᾶσα
1485 1605 1519 1674 ἡ
1549 1605 1644 1674 γῆ.
1682 1623 1699 1655 3
1753 1602 1909 1658 Μετὰ
1946 1602 2003 1655 δὲ

413 1695 640 1760 τούτους
669 1697 796 1760 τοὺς
827 1704 894 1750 ια’
941 1697 1328 1767 ἐπεγέγραπτο
1375 1696 1472 1750 ιιιαί¹
1511 1698 1568 1749 ἐν
1609 1695 1687 1766 τῷ
1731 1692 2004 1766 Ἐϐραῖκῷ

415 1789 510 1842 καὶ
542 1788 696 1857 παρὰ
712 1789 899 1850 πᾶσιν,
936 1807 954 1839 ι
991 1787 1069 1858 τῷ
1091 1786 1253 1840 Δαυῖδ
1290 1787 1526 1859 ψαλμὺς,
1557 1807 1574 1838 3
1614 1787 1707 1841 καὶ
1756 1783 1824 1853 ἦν
1875 1789 1902 1841 6
1955 1793 2002 1856 ρ’

411 1879 599 1933 οὐκέτι
621 1878 920 1943 Μωῦσέως.

483 2215 702 2272 Τούτων
756 2219 1062 2291 εἰρημένων
1115 2218 1227 2290 (2οδ
1282 2221 1362 2283 εἰς
1419 2221 1546 2284 τοὺς
1624 2219 1872 2291 ψαλμοὺς
1941 2219 1992 2272 οἳ

413 2309 522 2364 ἀπὸ
574 2309 838 2382 Ἐϐραίων
864 2311 1226 2382 ἀναφέρονται
1272 2313 1350 2376 εἰς
1391 2313 1652 2376 Μωῦσέα,
1693 2313 2000 2380 ἀνθυποφο·

414 2400 516 2470 ρὰν
553 2401 904 2472 ὑπειδόμενος
931 2404 959 2455 6
1001 2403 1274 2466 Ἰουδαῖος,
1308 2401 1504 2474 ἔθηκεν
1530 2404 1700 2474 αὐτὴν
1737 2402 1836 2473 τὴν
1873 2419 2000 2471 φαι-

410 2493 649 2563 νομένην
670 2493 819 2565 αὐτῷ
845 2493 997 2546 λύσιν
1028 2495 1219 2564 αὐτῆς.
1252 2495 1432 2567 Ἐώρα
1459 2495 1568 2567 γὰρ
1592 2537 1606 2559 ,
1633 2497 1714 2548 ὅτι
1747 2497 1999 2548 ἀντεῖπεν

415 2581 480 2638 εν
501 2601 585 2648 τις
608 2587 735 2656 περί
765 2585 856 2638 τοῦ
892 2587 968 2657 μὴ
1003 2583 1141 2639 εἶναι
1161 2587 1252 2639 τὸν
1277 2588 1372 2640 ἕνα
1406 2587 1516 2641 τῶν
1539 2594 1605 2640 ια’
1633 2587 1886 2658 ψαλμῶν,
1912 2587 2001 2641 τὸν

418 2674 523 2746 ιιην,
550 2677 852 2745 Μωῦσέως,
896 2679 960 2731 ἐκ
997 2679 1111 2731 τοῦ·
1153 2699 1169 2729 i
1208 2679 1436 2748 ’Υψοῦτε
1495 2679 1701 2751 Κύριον
1735 2679 1829 2732 τὸν
1869 2679 2002 2732 Θεὸν

422 2766 598 2837 ἡμῶν.
641 2770 734 2822 καὶ
791 2773 1150 2840 προσκυνεῖτε
1203 2770 1280 2841 τῷ
1329 2771 1605 2841 ὑποποδίῳ
1662 2771 1769 2826 τῶν
1826 2771 2003 2824 ποδῶν

418 2861 602 2915 αὑτοῦ.
644 2861 830 2929 Ἄγιος
853 2863 1089 2934 Μωῦσῆς
1125 2864 1218 2916 καὶ
1261 2863 1470 2932 Ἀαρὼν
1519 2866 1576 2917 ἐν
1613 2867 1724 2926 τοῖς
1770 2864 2003 2937 ἱερεῦσιν

422 2952 604 3014 αὑτοῦ,
633 2953 726 3004 καὶ
752 2951 1006 3022 Σαμουὴλ
1027 2952 1085 3005 ἐν
1111 2956 1221 3015 τοῖς
1250 2953 1702 3023 ἐπικαλουμένοις
1731 2953 1789 3004 τὺ
1829 2953 2004 3024 ὄνομα.

421 3043 608 3096 αὐτοῦ.
653 3042 1048 3096 Ἐπεκαλοῦντο
1074 3044 1164 3096 τὸν
1191 3044 1394 3114 Κύριον
1427 3083 1439 3106 ,
1484 3045 1578 3097 καὶ
1633 3045 1794 3107 αὐτὸς
1851 3047 2004 3116 εἰσή-

422 3150 615 3185 κουσεν
639 3133 849 3186 αύτῶν-
893 3135 950 3186 ἐν
989 3135 1166 3204 στύλῳ
1215 3135 1446 3206 νεφέλης
1488 3136 1666 3189 ἐλάλει
1711 3141 1845 3207 πρὸς
1904 3139 2004 3189 αὐ-

424 3223 567 3286 τούς.
612 3243 630 3275 3
673 3225 730 3277 '0
758 3225 1052 3294 ἀντιλέγων
1109 3221 1262 3279 εἶπεν
1313 3226 1402 3293 ἂν,
1429 3227 1547 3290 πῶς
1579 3229 1640 3280 τὸ
1681 3228 1850 3297 ὄνομα
1907 3229 2002 3282 τοῦ

422 3317 698 3388 Σαμουὴλ,
732 3319 1024 3389 γενομένου
1055 3319 1293 3372 πλείοσιν
1323 3319 1548 3392 ὕστερον
1578 3323 1815 3390 γενεαῖς,
1842 3323 2008 3376 Μωῦ-

422 3409 522 3478 σῆς
551 3409 747 3481 έθηκεν
774 3411 830 3464 ἐν
873 3410 952 3482 τῷ
997 3407 1191 3465 ἐαυτοῦ
1218 3411 1438 3484 ψαλμῷ.
1472 3413 1695 3482 Ἔλεγεν
1742 3411 1834 3467 οὖν
1871 3414 2008 3485 πρὸς

420 3499 608 3563 τοῦτο,
665 3503 749 3556 ὃτι
797 3504 947 3558 οὐδὲν
1007 3504 1318 3575 Θαυμαστὸν
1367 3507 1849 3579 προπεφητεῦσθαι
1900 3507 2008 3560 ὑπὸ

422 3592 703 3657 Μωῢσέως
731 3594 791 3647 τὸ
826 3595 1300 3668 ὄνομα-Σαμουὴλ,
1324 3598 1517 3670 ἀνδρὸς
1547 3603 1590 3652 ἱε
1602 3601 1716 3669 ροῦ.
1763 3603 1859 3654 καὶ
1893 3621 2030 3656 συν--

421 3682 817 3755 αριθμηθέντος
849 3687 952 3739 ὑπὸ
989 3687 1252 3759 Ἰερεμίου
1279 3688 1355 3759 τῷ
1377 3690 1585 3760 Μωῦσῇ
1614 3693 1671 3743 ἐν
1697 3690 1775 3762 τῷ
1801 3709 1814 3721 ·
1842 3711 1859 3743 ι
1885 3694 2008 3747 Οὐδ’

427 3773 494 3826 ἂν
531 3779 628 3847 στῇ
656 3777 899 3847 Μωῦσῆς
927 3780 1021 3832 καὶ
1055 3780 1338 3851 Σαμουὴλ,
1376 3801 1395 3834 3
1429 3783 1520 3835 ὅτε
1574 3783 1632 3834 ἐν
1682 3787 1800 3848 ταῖς
1844 3786 2008 3840 Βασι-

429 3867 600 3942 λείαις
658 3871 869 3936 Ἰωσίας
916 3875 1336 3945 προεφητεύθη·
1386 3895 1405 3927 ι
1454 3875 1877 3948 Θυσιαστήριον,
1925 3880 2010 3931 θυ-

426 3963 774 4032 σιαστήριον,
812 3964 938 4017 τάδε
971 3965 1120 4033 λέγει
1159 3966 1390 4038 Κύριος·
1447 3967 1555 4020 ἰδοὺ
1607 3969 1718 4032 υἱὸς
1767 3971 2007 4026 τίκτεται

423 4051 504 4124 τῷ
533 4055 728 4110 Δαυῗδ·
779 4058 988 4120 Ἰωσίας
1027 4059 1196 4130 ὄνομα
1222 4059 1390 4132 αὐτῷ.
1431 4080 1450 4112 3

498 4230 766 4296 Πολλάκις
799 4231 1042 4305 ζητήσας
1073 4234 1184 4308 (21)
1223 4237 1322 4309 τὴν
1351 4239 1532 4293 αἰτίαν
1560 4241 1655 4294 τοῦ
1710 4241 2009 4313 ἐπιγράφε-

435 4322 558 4377 σθαι
597 4322 802 4393 μεταξὺ
837 4327 945 4381 τῶν
1005 4328 1237 4399 ψαλμῶν
1280 4329 1594 4402 διάψαλμα,
1644 4330 1866 4403 ὕστερον
1902 4350 2008 4386 πα-

425 4420 743 4492 ρατηρήσας
775 4422 832 4472 ἐν
856 4419 934 4491 τῷ
969 4419 1260 4492 Ἑϐραῖκῷ,
1301 4421 1394 4474 καὶ
1445 4421 1813 4488 συνεξετάζων
1859 4424 2008 4494 αὐτῷ

423 4509 486 4563 τὸ
511 4510 843 4581 Ἑλληνικὸν,
867 4507 1046 4584 εὗρον,
1077 4514 1158 4567 ὅτι
1183 4513 1318 4567 ὅπου
1352 4515 1414 4567 τὸ
1458 4514 1739 4585 Ἐϐραϊστὶ
1774 4534 1793 4566 ‹
1830 4515 1921 4568 σὲλ
1941 4557 1955 4580 ,
1987 4535 2004 4567 3

432 4597 736 4672 Ἐλληνιπί
769 4603 826 4657 δέ
862 4625 879 4656 i
904 4605 1012 4669 ἀεὶ,
1039 4623 1058 4657 3
1091 4605 1125 4676 ἦ
1155 4622 1208 4659 τι
1252 4605 1429 4675 τούτῳ
1465 4606 1840 4676 ἰσοδυναμοῦν,
1895 4609 2013 4660 ἐκεῖ

422 4694 908 4766 οίἙὸδομήκοντα,
924 4697 1019 4750 καὶ
1045 4697 1359 4763 Θεοδοτίων,
1375 4700 1470 4752 καὶ
1489 4698 1785 4769 Σύμμαχος
1815 4698 2008 4763 ἔταξαν

423 4785 484 4838 τι
513 4805 532 4838 ι
555 4786 853 4858 διάψαλμα.
892 4807 913 4842 3
943 4789 1020 4843 Οὐ
1061 4792 1240 4861 χεῖρον
1271 4791 1328 4843 δὲ
1367 4790 1778 4862 παραδείγματι
1809 4791 1872 4844 τὸ
1922 4790 2009 4843 λε-

498 4902 541 4934 ³¹
565 4900 712 4955 Psal.
747 4915 902 4964 xcnt,
938 4903 990 4956 l.
1100 4903 1143 4934 ³²
1176 4903 1318 4960 Psal.
1353 4919 1496 4966 xcw,
1535 4905 1587 4958 l.

429 4988 618 5037 XCVIII,
653 4975 699 5027 Ι.
776 4972 820 5003 ³⁷
844 4971 984 5026 Psal.
1008 4988 1154 5036 xcrx,
1187 4977 1205 5026 l
1241 4985 1297 5028 et
1325 4976 1376 5028 2.

498 5088 888 5160 (20)7T015IW
936 5089 1285 5157 εἰρημένων,
1343 5098 1446 5144 etc.
1507 5091 1749 5144 llilarius
1805 5091 2002 5145 ibidem

427 5159 577 5213 num.
608 5159 644 5211 4
677 5174 692 5214 :
729 5177 748 5210 ι
777 5161 932 5222 Quod
960 5165 1003 5214 si
1029 5165 1171 5212 torte
1201 5161 1396 5226 aliquis
1424 5175 1520 5228 per
1549 5162 1599 5214 id
1628 5160 2004 5228 intelligentiae

430 5229 553 5282 huic
611 5229 770 5283 ﬁdem
833 5230 1118 5299 detrahet,
1159 5233 1300 5297 quod
1359 5232 1411 5284 in
1473 5230 1578 5285 his.
1626 5231 1850 5297 psalmis
1911 5232 2004 5299 qui

423 5314 548 5352 eum
592 5300 886 5368 psalmum,
929 5301 1012 5353 cui
1063 5298 1274 5369 Moyses
1332 5313 1524 5354 auctor
1583 5302 1837 5366 praelatus
1895 5298 2003 5363 est,

425 5372 877 5438 subsequuntur,
937 5370 1198 5437 scriptum
1274 5374 1381 5432 sil,
1442 5372 1492 5422 id
1557 5381 1641 5424 cst
1721 5373 1773 5423 in
1835 5385 2006 5425 nona-

421 5440 631 5508 gesimo
672 5451 932 5508 _octavo.
982 5439 1186 5508 Moyses
1245 5449 1292 5493 et
1359 5443 1535 5494 Aaron
1594 5443 1650 5492 in
1700 5443 1999 5494 sacerdotes

421 5506 558 5578 ejus,
589 5520 634 5562 et
657 5506 871 5564 Samuel
903 5510 1040 5562 inter
1065 5506 1152 5562 eos
1177 5513 1477 5563 invocantes
1514 5527 1697 5563 nomen
1719 5515 1857 5579 ejus,
1890 5527 1994 5564 non

423 5595 583 5650 posse
628 5594 658 5632 a
709 5579 892 5649 Moyse
943 5596 1064 5634 cum
1103 5582 1480 5647 prophetatum
1512 5581 1705 5650 videri,
1742 5597 1863 5633 cum
1899 5581 1991 5634 Sa-

425 5651 568 5705 niuei
593 5664 814 5723 nomen,
848 5652 1112 5723 quitanto
1146 5660 1332 5723 postea
1359 5667 1519 5723 quam
1557 5649 1789 5723 Moyses.
1831 5660 1990 5704 natus

422 5732 524 5779 est,
559 5729 737 5774 exstet
763 5722 812 5773 in
847 5721 1053 5789 psalmo
1086 5737 1100 5773 :
1149 5722 1458 5775 meminerit
1497 5722 1624 5772 nulli
1646 5721 1863 5773 'mirum
1897 5731 1991 5773 aut

423 5790 832 5846 diilicilcvidcri
870 5801 1144 5860 Oportere,
1199 5803 1256 5845 ut
1306 5799 1488 5843 tantus
1539 5791 1799 5859 propheta
1853 5791 1986 5845 tanti

2030 3188 2078 3252 ϐ

1695 4904 1740 4936 ³³
1768 4904 1910 4958 Psal.
1943 4919 2064 4966 xcv.
2101 4903 2152 4958 1.

1470 4973 1514 5006 ³⁸
1542 4974 1679 5028 Psal.
1716 4991 1899 5037 xcvut,
1937 4977 1992 5039 5,
2025 4974 2078 5040 6,
2117 4975 2170 5028 7.

2099 595 2238 650 tum,
2274 582 2431 653 cujus
2482 581 2700 637 initium
2729 595 2744 632 :
2776 597 2795 632 ι
2823 576 3038 644 Venite,
3093 576 3433 632 exsultemus
3483 577 3674 632 Domi-

2097 694 2168 734 no
2186 679 2266 743 ³¹;
2302 697 2322 730 3
2358 685 2413 732 et
2466 673 2880 744 nonagesimum
2913 671 3192 741 quintum,
3224 671 3380 738 cujus
3412 669 3624 723 initium
3662 687 3677 724 :

2102 789 2121 821 ι
2143 769 2376 825 Cantate
2406 767 2636 823 Domino
2664 764 2940 819 canticum
2977 778 3202 827 novum,
3233 769 3455 815 cantate
3490 761 3679 814 Domi-

2097 877 2191 922 no.
2223 860 2406 916 omnis
2431 870 2574 914 terra
2593 858 2638 890 ³³
2663 873 2677 922 ;
2706 876 2727 909 3
2759 864 2814 909 et
2861 854 3276 923 nonagesimum
3308 863 3544 914 sextum,
3578 868 3644 902 cu
3665 879 3679 893 ι

2093 951 2183 1020 jus
2206 953 2418 1007 initium
2449 968 2463 1004 :
2498 969 2516 1003 ι
2546 949 2807 1004 Dominus
2833 947 3108 1015 regnavit,
3135 945 3371 998 exsultet
3404 953 3545 996 terra
3561 941 3607 974 ³⁸
3629 958 3677 1007 ;3

2098 1053 2153 1097 et
2190 1041 2600 1109 nonagesimum
2656 1037 2972 1104 septimum,
3011 1034 3104 1103 qui
3140 1034 3436 1102 inscriptus
3472 1043 3680 1086 tantum

2101 1143 2220 1189 erat
2251 1153 2270 1185 ι
2300 1132 2636 1202 psalmus”:
2666 1150 2683 1182 3
2720 1145 2844 1183 nam
2898 1129 3060 1192 illud,
3103 1145 3120 1178 ι
3148 1127 3360 1190 Davidi,
3394 1145 3413 1179 3
3446 1127 3589 1195 quod
3628 1125 3682 1180 in

2101 1226 2424 1293 quibusdam
2485 1220 2894 1290 exemplaribus
2953 1218 3207 1280 habetur,
3264 1233 3438 1285 neque
3493 1216 3687 1270 inﬂe-

2102 1317 2307 1380 braico,
2363 1329 2542 1383 neque
2584 1313 2636 1364 in
2680 1310 2911 1378 reliquis
2945 1308 3282 1363 editionibus
3320 1310 3506 1363 haberi
3538 1326 3550 1361 :
3579 1311 3679 1363 hu-

2098 1410 2188 1478 jus
2219 1418 2398 1462 autem
2429 1407 2645 1460 initiutn
2683 1415 2768 1460 est
2794 1422 2808 1457 :
2846 1423 2864 1454 ι
2895 1404 3128 1457 Caritate
3162 1401 3388 1457 Domino
3413 1404 3682 1456 canticum

2103 1515 2326 1562 novum,
2354 1500 2480 1568 quia
2513 1497 2782 1551 mirabilia
2818 1493 3020 1549 fecit”.
3049 1513 3068 1547 3
3109 1492 3508 1564 Nonagesimus
3554 1494 3684 1547 item

2105 1597 2337 1643 octavus
2402 1587 2571 1656 ipsius
2612 1585 2818 1654 pariter
2877 1599 3000 1639 esse
3053 1583 3361 1648 dicebatur,
3399 1585 3551 1645 cuius
3591 1585 3687 1638 ini-

2104 1681 2238 1734 ῑῑιιιῐι
2262 1689 2383 1733 est:
2418 1696 2435 1728 ι
2471 1677 2732 1730 Dominus
2776 1677 3041 1748 regnavit,
3059 1677 3362 1735 irascantur
3378 1678 3676 1750 pepuliﬂp

2104 1771 2384 1840 etiamque
2417 1784 2542 1824 scut
2597 1767 2896 1837 inscriptus
2927 1785 2938 1819 :
2979 1783 2997 1816 ι
3024 1764 3267 1820 Psalmus
3297 1766 3350 1819 in
3389 1766 3686 1822 confessio-

2105 1879 2290 1926 uem,3
2321 1861 2475 1929 cujus
2524 1861 2777 1916 initium:
2811 1858 3089 1914 tJubilate
3144 1857 3275 1924 Deo,
3340 1857 3520 1912 omnis
3571 1870 3684 1914 ter-

2103 1972 2159 2010 ra
2182 1955 2251 2008 ³⁷.
2279 1974 2299 2007 3
2333 1953 2466 2009 Post
2491 1955 2589 2009 hos
2622 1966 2805 2007 autem
2840 1950 3114 2039 undecim,
3148 1947 3468 2017 inscriptum
3493 1947 3685 2002 haberi

2104 2056 2214 2100 tum
2245 2046 2299 2100 iit
2333 2045 2620 2108 Hebraico,
2657 2054 2769 2097 tum
2825 2043 2966 2113 apud
2995 2037 3188 2096 omnes
3217 2057 3228 2090 τ
3271 2059 3289 2092 ι
3318 2039 3505 2094 Davidi
3539 2037 3687 2093 Psal-

2101 2149 2257 2199 mus;
2285 2155 2304 2188 3
2340 2137 2409 2190 ita
2442 2144 2498 2189 ut
2536 2133 2868 2189 centesimus
2914 2146 3020 2187 non
3082 2131 3220 2184 ultra
3280 2129 3483 2201 Moysis
3515 2140 3683 2186 esset.

2173 2223 2336 2295 515
2371 2225 2462 2280 llis
2515 2227 2586 2280 ita
2648 2225 2812 2278 dictis
2863 2222 3008 2277 circa
3068 2226 3306 2290 psalmos
3356 2222 3450 2292 qui
3481 2223 3548 2276 ab
3580 2221 3688 2276 lle-

2101 2316 2264 2372 braeis
2287 2318 2458 2388 Moysi
2484 2319 2855 2381 ascribuntur,
2884 2330 3010 2370 cum
3040 2316 3418 2384 suspicaretur
3443 2313 3684 2379 Judazus,

2107 2411 2472 2481 objectionem
2508 2411 2608 2465 sibi
2642 2411 2840 2480 opponi
2891 2423 3070 2479 posse,
3105 2408 3246 2462 hanc
3270 2407 3389 2476 ejus
3419 2407 3563 2460 dedit
3597 2422 3684 2462 so-

2104 2505 2393 2559 lutionem.
2428 2491 2800 2572 Prospiciebat
2847 2503 2990 2557 enim
3035 2500 3140 2556 sibi
3191 2500 3496 2570 quempiam
3526 2513 3686 2568 posse

2103 2597 2496 2658 contradicere,
2556 2612 2619 2651 ac
2672 2611 2872 2666 negare
2923 2611 3090 2649 unum
3138 2609 3204 2648 ex
3264 2594 3370 2647 illis
3432 2593 3685 2652 undecim

2105 2689 2348 2758 psalmis,
2385 2688 2639 2743 videlicet
2700 2687 3115 2757 nonagesimum
3165 2695 3438 2748 octavum,
3489 2683 3688 2754 Moysis

2103 2797 2244 2845 esse,
2272 2797 2336 2836 ex
2373 2781 2456 2834 his
2493 2795 2685 2849 nempe
2741 2781 2923 2834 verbis
2946 2779 2991 2810 ³⁸
3021 2795 3032 2830 :
3073 2795 3090 2828 ι
3113 2777 3360 2831 Exaltate
3396 2775 3684 2828 Doiniuum

2106 2871 2273 2925 Deum
2311 2879 2582 2931 nostrum,
2612 2879 2667 2921 et
2697 2869 2922 2923 atlorale
2977 2869 3278 2922 scabellutn
3329 2867 3524 2934 pedum
3548 2865 3696 2934 ejus.

2107 2960 2341 3014 Sanctus
2398 2958 2610 3027 Moyses
2640 2969 2693 3012 et
2723 2959 2906 3012 Aaron
2939 2958 2992 3011 in
3027 2958 3411 3012 sacerdotibus
3467 2956 3604 3024 ejus,
3635 2967 3688 3011 et

2106 3050 2324 3106 Samuel
2359 3051 2501 3105 inter
2538 3065 2634 3106 eos
2669 3051 2762 3120 qui
2799 3051 3054 3103 invocant
3112 3064 3306 3102 nomen
3359 3048 3496 3116 ejus.
3531 3049 3688 3101 Invo-

2107 3144 2307 3197 cabaut
2338 3143 2651 3207 Dominum,
2685 3151 2740 3195 et
2771 3143 2883 3210 ipse
2939 3141 3267 3195 exaudiebat
3324 3156 3435 3203 eos,
3489 3140 3542 3194 in
3593 3156 3688 3194 co-

2110 3233 2296 3287 lumna
2321 3235 2478 3288 nubis
2509 3235 2835 3302 loquebatur
2866 3234 2930 3286 ad
2964 3249 3078 3287 eos.
3106 3252 3124 3285 3
3167 3232 3342 3300 Objici
3385 3248 3515 3286 vero
3539 3241 3688 3300 pote-

2111 3335 2218 3392 rat,
2250 3325 2522 3394 quomodo
2551 3340 2746 3379 nomen
2772 3324 3068 3390 Samuelis,
3108 3325 3200 3394 qui
3232 3325 3415 3378 multis
3441 3334 3562 3392 post
3595 3339 3689 3394 ge-

2109 3417 2486 3472 nerationibus
2523 3415 2648 3479 fuit,
2679 3414 2890 3486 Moyses
2921 3416 3171 3486 posuerit
3218 3415 3271 3469 in
3331 3415 3536 3484 psalmo
3567 3431 3684 3471 suo.

2109 3511 2190 3565 Ad
2223 3509 2340 3564 haec
2372 3510 2756 3578 respondebat,
2796 3508 2930 3562 nihil
2956 3510 3150 3563 mirum
3197 3522 3318 3562 esse
3372 3509 3419 3562 si
3466 3509 3707 3577 promte--

2111 3602 2216 3656 tice
2241 3601 2651 3670 pronuntiatum
2703 3599 2918 3653 fuerita
2951 3598 3133 3668 Moyse
3167 3612 3360 3653 nomen
3396 3597 3713 3662 Satiiuelis,i

2109 3692 2209 3746 viri
2247 3693 2390 3746 sacri
2415 3693 2504 3760 qui
2538 3707 2567 3744 a
2607 3689 2844 3745 Jereniia
2898 3706 3021 3745 cum
3069 3689 3251 3762 Moyse
3300 3702 3689 3745 anntuncratus

2108 3792 2196 3836 est
2224 3781 2277 3835 in
2303 3781 2391 3834 illo
2407 3781 2492 3834 "z
2523 3798 2541 3830 ι
2564 3779 2748 3848 Neque
2771 3781 2818 3832 si
2843 3780 3056 3833 steterit
3079 3779 3292 3849 Moyses
3324 3790 3378 3835 et
3395 3779 3613 3835 Samuel
3633 3797 3682 3847 ;3

2107 3873 2545 3944 quandoquidem
2585 3872 2636 3924 in
2670 3871 2822 3926 libris
2851 3869 3161 3940 Regnorum
3191 3867 3370 3926 Josias
3406 3873 3531 3926 item
3565 3889 3720 3942 pro---

2107 3964 2319 4034 phetice
2359 3963 2674 4018 enuntiatus
2726 3962 2902 4016 est“:
2937 3963 3184 4026 (Altare,
3216 3963 3408 4027 altare,
3449 3966 3562 4018 lucc
3607 3966 3689 4019 di-

2109 4056 2187 4109 cit
2227 4053 2510 4119 Dominus,
2560 4053 2691 4108 Ecce
2751 4053 2895 4106 ﬁlius
2953 4063 3208 4108 nascetur
3261 4054 3475 4119 Davidi,
3505 4053 3569 4110 Jo
3599 4045 3679 4113 ias

2107 4161 2299 4200 nomen
2332 4147 2471 4216 ejus.
2493 4163 2512 4197 3

2179 4239 2332 4307 Saepe
2365 4251 2615 4306 quaerens
2665 4249 2859 4290 causas
2888 4249 2988 4289 cur
3013 4233 3067 4288 in
3100 4234 3420 4304 quihusdam
3460 4235 3683 4301 psalmis

2110 4331 2488 4401 interponatur
2544 4327 2871 4398 diapsalma,
2922 4328 3208 4381 observavi
3268 4326 3685 4397 diligentissime

2108 4423 2163 4477 in
2204 4422 2450 4487 Hebra-o,
2479 4430 2682 4476 etcum
2712 4418 2907 4474 Gra'co
2958 4418 3182 4480 contuli,
3236 4417 3526 4485 iuvenique
3557 4418 3683 4486 quia

2108 4517 2197 4570 ubi
2238 4515 2422 4583 lingua
2477 4512 2704 4568 Hebraza
2742 4530 2760 4562 ι
2784 4513 2893 4567 sela
2928 4512 3054 4580 (ms.
3087 4507 3198 4580 sel)
3222 4529 3240 4560 3
3277 4509 3460 4571 habet,
3493 4507 3683 4562 Grasca

2106 4622 2235 4662 vero
2263 4626 2282 4656 ε
2323 4618 2561 4671 semper,
2596 4622 2614 4654 3
2645 4611 2738 4656 aut
2768 4601 2970 4670 aliquid
3002 4598 3324 4662 istiusmodi,
3359 4596 3426 4649 ibi
3461 4597 3686 4665 Septua-

2104 4701 2252 4771 ginta
2284 4706 2340 4752 et
2385 4694 2745 4757 Theodotion,
2780 4703 2836 4748 et
2867 4691 3232 4762 Symmachus
3286 4685 3688 4740 transtulerunt

2111 4809 2130 4843 ι
2155 4789 2470 4859 diapsalma.
2504 4806 2523 4840 3
2558 4786 2747 4858 Neque
2775 4801 2903 4842 vero
2936 4793 3094 4838 nocet
3117 4779 3384 4848 exemplis
3412 4776 3688 4830 allii-mare

2860 4899 2905 4929 ³⁵
2943 4895 3082 4950 Psal.
3115 4910 3282 4958 xcm,
3308 4893 3358 4946 i.
3472 4891 3684 4946 “Psal.

2822 4968 2867 5000 ⁸ο
2899 4968 3127 5036 llLlieg.
3165 4979 3287 5027 xui,
3317 4965 3372 5017 2.

2109 5090 2409 5172 ρι’ίιριιοιειεν
2443 5094 2629 5172 βοειεθ
2666 5079 3488 5172 “cetastis.ﬂesseelidﬁt"
3515 5095 3685 5172 =39!"

2109 5152 2162 5214 in
2198 5152 2518 5228 Regnorum
2568 5156 2704 5210 libro
2751 5153 2911 5228 JQSli‘E
2955 5153 3096 5221 regis
3135 5166 3331 5228 nomen
3378 5152 3472 5228 sit,
3529 5161 3684 5205 ante-

2108 5245 2271 5297 quam
2287 5223 2587 5288 'nascatur,
2645 5227 3052 5297 prophetatum,
3085 5223 3638 5297 _propheta_dit-ei_t_t_e
3669 5239 3682 5274 :

2107 5289 2393 5358 Altarium,
2448 5289 2723 5360 altariu'm,
2753 5289 2866 5348 iure
2912 5295 3038 5346 dicit
3073 5289 3494 5350 liominus,Ecce
3535 5290 3687 5357 ﬁlim

2107 5379 2354 5422 nascetur
2389 5365 2578 5430 David,
2609 5366 2786 5419 Josios
2829 5381 3015 5416 nomen
3061 5363 3174 5431 ejus
3207 5376 3226 5415 :
3263 5360 3534 5431 per_quod
3577 5372 3684 5410 non

2109 5439 2431 5493 incredibile
2465 5427 2587 5490 esse
2615 5446 2889 5504 oportere,
2921 5443 2978 5485 ut
3008 5427 3225 5504 Samuel
3264 5427 3290 5504 Ξ]
3334 5427 3514 5504 Moyse
3541 5443 3681 5504 prte-

2105 5511 2285 5563 tlictns
2315 5508 2384 5562 sit
2434 5526 2446 5560 :
2491 5498 2729 5559 maxime
2765 5521 2888 5558 cum
2936 5503 3233 5556 secundum
3261 5498 3557 5552 Jcrentinnt
3599 5498 3685 5549 ili-

2101 5592 2335 5641 centem,
2361 5594 2451 5630 nec
2473 5578 2517 5630 si
2544 5586 2638 5629 stet
2673 5575 2880 5644 Moyses
2918 5569 3227 5644 etSautuel,
3262 5567 3430 5637 Moysi
3475 5582 3686 5621 ροιιιιος

2103 5651 2340 5703 minatus
2375 5649 2445 5700 sit
2483 5663 2547 5700 ex
2584 5642 2778 5698 merito
2815 5642 3126 5695 sanctitatis
3162 5657 3178 5688 3

2173 5720 2285 5791 (2i)
2323 5717 2626 5791 Πολλάκις
2674 5713 2956 5791 ζητήσας,
3000 5719 3108 5791 εις..
3135 5707 3521 5791 Interpretalio
3581 5705 3685 5761 La-

2100 5778 2208 5842 tina
2248 5778 2412 5856 liujus
2450 5789 2552 5841 loci
2581 5778 2751 5854 usque
2786 5787 2853 5838 ad
2884 5785 3044 5836 linem
3072 5779 3362 5847 l'ragmenti
3397 5778 3683 5846 desumpta

2267 4901 2309 4934 “
2343 4899 2485 4954 Psal.
2519 4913 2662 4965 xcvt,
2694 4899 2746 4954 i.

2267 4972 2311 5005 ”
2334 4969 2536 5026 Jerem.
2571 4986 2659 5036 xv,
2694 4970 2746 5022 1.
