4124 6404
416 395 556 448 105‘)

1857 373 1943 429 EX
1984 366 2284 427 ORIGENE

3544 363 3684 419 1060

410 509 555 578 quod
608 506 861 562 dicimus.
918 501 972 555 In
1037 499 1437 569 septuagesimo
1492 504 1689 565 quarto
1758 495 1989 565 psalmo,

2100 487 2326 556 γόμενον
2364 482 2658 553 βεϐαιῶσαι
2695 500 2705 513 ·
2756 477 2867 534 οἷον
2911 482 2969 533 έν
3011 480 3087 551 τῷ
3135 481 3204 533 οδ⁹
3264 480 3483 551 -ζναλμῷ,
3531 475 3592 533 οὗ
3645 486 3680 552 ὴ

410 604 565 671 cujus
589 595 912 668 principium
957 602 1040 645 est
1064 591 1104 621 ’⁵⁸
1134 609 1147 645 :
1188 609 1206 641 ι
1237 589 1632 644 Contitcbimur
1670 587 1789 649 tibi,
1822 585 1986 645 Deus,

411 689 794 747 conﬁtebimur
841 684 998 752 (mss.
1058 682 1180 749 tibi)
1242 689 1296 733 ct
1354 678 1724 732 iuvocabimus
1790 690 1986 729 nomen

412 794 602 840 tuum:
631 801 650 834 ι
690 790 744 835 et
783 787 903 849 post
957 776 1086 828 illud
1103 776 1147 807 δ’
1181 791 1195 827 :
1239 793 1257 823 ‹
1286 774 1395 842 Ego
1428 771 1744 827 coulirinavi
1781 768 1991 821 colum-

412 892 514 932 nas
568 873 704 940 ejus.
728 891 748 924 ι
779 872 918 941 apud
974 865 1351 938 Septuaginta,
1391 872 1446 916 et
1474 859 1904 915 Thendotionem
1933 867 1990 910 et

413 959 804 1033 Symmachum
862 966 970 1020 est,
1034 951 1459 1019 rdiapsalmau
1519 965 1617 1018 pro
1681 962 1790 1017 quo
1848 947 1988 1014 apud

387 1035 712 1124 ‘Aquilam:
771 1046 1115 1106 «Ponderavi
1180 1044 1309 1113 (ms.
1372 1040 1651 1111 constitui)
1708 1041 1991 1094 columnas

414 1147 556 1217 eius,
592 1158 869 1211 semperu
912 1140 968 1194 lu
1015 1139 1201 1207 quinta
1272 1146 1452 1191 autem
1501 1134 1744 1188 editione
1779 1149 1792 1185 :
1832 1150 1850 1183 ι
1880 1132 1992 1199 Ego

416 1252 535 1292 smn
587 1234 682 1303 qui
720 1231 905 1300 paravi
940 1229 1222 1285 columnas
1246 1227 1384 1291 ejus,
1421 1237 1674 1292 semper;
1699 1242 1716 1273 ι
1756 1224 1806 1276 in
1839 1232 1991 1275 sexta

418 1344 547 1382 vero
576 1349 587 1381 :
628 1346 645 1377 ‹
673 1325 784 1392 Ego
812 1322 1025 1377 ﬁrmavi
1073 1320 1355 1375 columnas
1384 1316 1501 1385 ejus
1522 1315 1739 1384 jugiter.
1768 1334 1785 1365 ›
1824 1313 1994 1367 Porro

418 1422 471 1475 in
500 1418 768 1474 llebraico
806 1416 966 1469 habet
1015 1423 1157 1484 post,
1187 1429 1205 1463 ι
1227 1410 1458 1473 Antuda,
1488 1427 1507 1459 ι
1548 1407 1691 1477 quod
1725 1416 1828 1472 εει,
1864 1425 1882 1457 ι
1903 1420 1995 1459 co-

422 1515 633 1559 lumnas
662 1518 798 1571 ejus,
837 1519 855 1550 ι
890 1498 995 1551 selu
1023 1506 1146 1567 (ms.
1187 1495 1302 1565 sd.)
1353 1496 1421 1548 Et
1450 1509 1665 1547 rursum
1696 1494 1749 1545 in
1776 1500 1995 1560 septua-

424 1598 628 1669 gesimo
670 1595 859 1663 quinto
892 1590 1047 1659 cujus
1092 1588 1413 1659 principium
1454 1596 1536 1639 est
1564 1585 1609 1616 ⁸³
1639 1602 1650 1637 :
1690 1604 1708 1635 ι
1740 1585 1912 1639 Notus
1940 1584 1993 1637 in

423 1690 607 1745 Iudaea
638 1689 799 1750 Deus,
841 1703 858 1735 ι
896 1682 1204 1737 invenimus
1232 1680 1372 1749 apud
1404 1678 1547 1733 LXX
1579 1688 1634 1732 et
1663 1677 1994 1732 Theodotiu-

426 1798 549 1837 nem
598 1788 748 1850 post,
796 1797 815 1829 ι
861 1784 1104 1840 scutum,
1148 1775 1403 1828 frameam
1444 1781 1499 1827 et
1535 1772 1764 1835 bellum,
1813 1789 1831 1821 ι
1875 1772 1995 1824 dia-

423 1873 627 1944 psalma
658 1872 737 1936 “;
788 1869 931 1940 apud
968 1867 1351 1939 Symmachum
1396 1876 1543 1935 post,
1595 1885 1613 1916 ‹
1660 1864 1906 1935 clypeum
1943 1872 1999 1915 et

423 1964 654 2037 gladium
724 1970 779 2017 et
835 1961 1071 2025 bellum,
1119 1978 1137 2010 ι
1214 1958 1459 2013 similiter
1531 1954 1829 2025 diapsalma
1898 1968 1998 2023 pro

421 2073 529 2128 quo
572 2055 715 2126 apud
760 2052 1008 2123 Aquilam
1052 2058 1210 2121 post,
1245 2068 1264 2101 ι
1301 2048 1548 2119 clypeum
1590 2055 1645 2100 et
1682 2044 1913 2116 gladium
1944 2052 1998 2097 et

422 2149 644 2211 bellum,
683 2164 700 2195 ι
732 2161 954 2211 semper.
989 2142 1047 2195 In
1077 2152 1225 2195 sexta
1262 2154 1389 2193 vero
1418 2147 1569 2207 post,
1605 2156 1621 2188 ι
1660 2144 1873 2190 scutum
1895 2176 1908 2194 ,
1944 2142 1999 2187 et

423 2239 659 2312 gladium
707 2245 761 2290 et
791 2236 1023 2297 bellum;
1061 2252 1079 2283 ι
1128 2233 1183 2284 in
1212 2232 1387 2299 linem.
1422 2230 1657 2297 Eratque
1686 2240 1901 2279 rursum
1941 2224 1996 2278 in

425 2330 692 2387 llebraico
735 2336 895 2397 post:
934 2346 951 2376 ε
986 2324 1261 2379 Umalama
1283 2363 1298 2386 ,
1332 2340 1349 2372 ι
1383 2321 1544 2391 516
1570 2319 1714 2389 quod
1743 2326 1853 2381 est,
1893 2336 1910 2367 ‹
1944 2325 1999 2370 et

423 2423 656 2487 bellum,
691 2438 708 2469 ι
746 2418 852 2472 sela
887 2420 1009 2483 (ms.
1041 2413 1158 2483 sel.)
1189 2414 1255 2467 Et
1300 2411 1351 2465 iu
1400 2411 1590 2465 eodem
1633 2408 1838 2477 psalmo
1878 2416 2000 2476 post

425 2513 575 2569 illum
603 2513 801 2573 locum,
824 2530 839 2559 α
869 2517 927 2561 ut
948 2506 1122 2561 salvos
1146 2504 1347 2557 faceret
1371 2516 1560 2556 omnes
1580 2500 1738 2552 mites
1765 2507 1942 2560 terrae,
1975 2514 1993 2546 ι

424 2601 724 2672 diapsalma
753 2600 817 2652 ⁸⁸.
842 2597 997 2667 Apud
1048 2595 1429 2666 Symmachum
1480 2592 1727 2647 similiter
1769 2591 2002 2661 diapsal.

425 2709 548 2756 ma;
598 2701 653 2747 et
700 2691 841 2761 apud
888 2689 1134 2759 Aquilam
1194 2700 1437 2757 semper;
1476 2700 1691 2740 necnon
1750 2695 1805 2738 et
1858 2684 1999 2753 apud

426 2786 671 2856 quintam
742 2792 863 2853 post
939 2782 1068 2835 illud
1132 2797 1144 2832 :
1207 2794 1226 2831 ο
1280 2780 1359 2832 Ad
1430 2778 1748 2832 salvandum
1808 2791 1999 2830 omnes

425 2886 740 2932 mansuetos
773 2884 963 2939 terrae;
1007 2892 1025 2923 ι
1073 2884 1289 2941 semper.
1326 2870 1386 2923 ln
1416 2880 1566 2924 sexta
1602 2884 1750 2933 vero,
1782 2876 1905 2937 post
1934 2867 2001 2920 il-

425 2970 539 3034 lud,
581 2988 600 3020 ι
651 2968 717 3022 ad
748 2965 1063 3022 salvandum
1093 2962 1253 3017 mites
1284 2970 1457 3026 teme,
1499 2980 1517 3012 ›
1551 2962 1606 3014 in
1634 2961 1811 3029 linem.
1844 2960 1911 3014 Et
1944 2960 1999 3012 in

425 3058 690 3117 Hebraico
720 3068 841 3129 post
861 3073 879 3108 ι
902 3057 1023 3110 anie
1044 3068 1166 3109 ares
1193 3054 1317 3125 (ms.
1345 3052 1477 3125 ars),
1512 3071 1530 3103 ι
1558 3052 1703 3121 quod
1726 3060 1826 3116 est,
1854 3071 1872 3102 ‹
1901 3050 2003 3103 mi-

427 3157 509 3202 tes
559 3155 740 3228 terrag,
782 3160 801 3196 ι
834 3144 943 3198 sala
975 3144 1096 3228 (ms.
1144 3143 1279 3209 sel),
1326 3152 1491 3211 atque
1539 3141 1612 3196 ita
1664 3156 1787 3196 cum
1838 3140 2071 3228 talemc

430 3226 855 3293 uniuscujusque
909 3227 1166 3280 editionis
1214 3228 1524 3295 opinionem
1582 3230 2000 3297 reperissemus,

426 3314 544 3368 haac
573 3315 971 3372 adnotavimus.
1002 3314 1198 3370 Utrum
1238 3328 1419 3371 autem
1465 3318 1747 3387 cujusdam
1780 3321 2004 3375 musica:

2090 576 2256 648 ἀρχή·
2294 591 2311 623 ι
2336 570 2874 643 Ἐξομολογησόμεθά
2904 587 3007 633 σοι,
3037 572 3065 622 6
3096 568 3250 632 Θεὸς,
3288 569 3681 641 ἐξομολογησό-

2095 668 2235 738 μεθά
2275 682 2380 727 σοι,
2421 666 2517 717 καὶ
2539 662 2980 733 ἐπικαλεσόμεθα
3012 661 3073 713 τὸ
3102 661 3272 732 ὄνομά
3298 678 3392 714 σου
3412 678 3427 693 ο
3471 681 3490 713 ι
3544 665 3682 732 μετὰ

2091 758 2171 819 τὸ,
2197 755 2380 824 «Ἐγὼ
2422 755 2729 828 ὲοτερέωσα
2772 754 2899 816 τοὺς
2939 752 3164 815 στύλους
3202 753 3392 821 αὐτῆς,
3458 773 3477 806 ι
3532 772 3680 825 παρα

2092 852 2205 911 τοῖς
2221 848 2640 917 Ἑϐδομήκοντα,
2674 845 2769 898 καὶ
2786 845 3127 909 Θεοδοτίωνι,
3150 845 3243 897 καὶ
3257 847 3328 896 Συ
3338 846 3543 916 μμάχῳ
3566 848 3681 899 ἐστὶ

2098 957 2117 992 4
2154 940 2449 1010 διάψαλμα.
2485 958 2503 991 ι
2549 939 2695 991 Ἀντὶ
2747 936 2805 991 δὲ
2846 937 3039 989 τούτου
3086 936 3238 1007 παρὰ
3287 937 3384 1007 μὲν
3449 938 3679 1008 ’Δκύλᾳο

2098 1053 2117 1086 ι
2142 1033 2283 1102 Ἐγὼ
2314 1031 2729 1101 ἐσταθμισάμην
2756 1031 2881 1093 τοὺς
2921 1029 3147 1091 στύλους
3191 1029 3361 1099 αὐτῆς
3398 1029 3521 1082 ἀεί’
3562 1050 3581 1082 ι
3624 1032 3683 1083 ὲν

2093 1127 2149 1180 δὲ
2171 1129 2236 1197 τῇ
2263 1133 2303 1177 ε’
2325 1142 2338 1155 ·
2368 1143 2386 1175 ε
2424 1122 2565 1191 Ἐγώ
2599 1124 2714 1193 εἰμι
2748 1122 2806 1186 ὃς
2846 1122 3120 1192 ήτοίμασα
3154 1123 3279 1185 τοὺς
3324 1122 3549 1186 στύλους
3582 1125 3681 1177 αὐ-

2093 1218 2191 1289 τῆς
2219 1216 2303 1270 ἀεί
2322 1234 2333 1246 ·
2367 1236 2386 1269 ι
2416 1219 2473 1269 έν
2499 1216 2555 1268 δὲ
2582 1218 2645 1285 τῇ
2680 1220 2762 1278 ς’·
2799 1232 2817 1265 ι
2867 1214 3007 1281 Ἐγὼ
3042 1213 3352 1286 ἐστερέωσα
3382 1216 3511 1278 τοὺς
3553 1215 3681 1271 στύ-

2095 1305 2219 1369 λους
2244 1305 2413 1375 αὐτῆς
2458 1304 2773 1366 διαπαντός.
2808 1321 2828 1354 ι
2862 1305 3079 1355 Ἔκειτο
3102 1302 3158 1355 δὲ
3195 1306 3251 1357 ἐν
3290 1304 3367 1374 τῷ
3407 1305 3682 1377 Ἑϐραῖκῷ

2099 1397 2237 1467 μετὰ
2270 1396 2331 1449 τὸ
2358 1416 2375 1447 ι
2400 1395 2679 1465 Ἀμουδᾶ,ι
2720 1395 2748 1446 ὅ
2794 1397 2911 1447 ἐστι
2937 1433 2952 1458 ,
3015 1414 3033 1446 ι
3072 1394 3299 1459 στύλους
3334 1397 3525 1467 αὐτῆς,
3562 1418 3579 1449 ι
3621 1399 3682 1451 rb

2102 1508 2119 1534 ι
2151 1488 2262 1541 σέλ.
2302 1507 2319 1538 ι
2346 1488 2514 1540 Πάλιν
2545 1503 2603 1539 τε
2636 1484 2701 1539 αὖ
2741 1487 2797 1539 ἐν
2826 1485 2900 1555 τῷ
2936 1492 3027 1551 σε’,
3058 1480 3119 1538 οὗ
3150 1487 3292 1557 ἀρχὴ
3318 1528 3333 1550 ,
3390 1506 3407 1539 ι
3438 1489 3681 1552 Γνωστὸς

2097 1582 2154 1632 ἐν
2178 1582 2245 1650 τῇ
2292 1579 2519 1650 Ἰουδαίᾳ
2540 1582 2568 1631 6
2596 1579 2747 1643 Θεὸς,
2765 1598 2782 1629 ι
2820 1578 3053 1649 εὕρομεν
3085 1579 3235 1652 παρὰ
3261 1582 3375 1643 τοῖς
3420 1580 3681 1653 Ἑϐδόμη-

2097 1690 2263 1725 κοντα
2289 1673 2384 1725 καὶ
2405 1671 2741 1735 Θεοδοτίωνι,
2780 1670 2917 1742 μετὰ
2936 1670 3016 1734 τὸ,
3042 1671 3231 1733 «ὅπλα,
3261 1672 3357 1725 καὶ
3385 1674 3679 1744 ῥομφαίαν,

2098 1764 2194 1818 καὶ
2222 1764 2477 1834 πόλεμον,
2500 1782 2518 1815 ι
2541 1762 2851 1832 διὰψαλμα
2877 1778 2891 1793 ·
2918 1764 3068 1835 παρὰ
3097 1764 3154 1816 δὲ
3183 1766 3464 1835 Συμμάχῳ
3483 1805 3497 1827 ,
3546 1767 3681 1835 μετὰ

2029 1835 2069 1888 Β
2098 1858 2181 1918 τὸ,
2223 1874 2240 1906 ι
2279 1854 2484 1907 ἀσπίδα
2532 1856 2629 1906 καὶ
2666 1853 2941 1925 μάχαιραν
2980 1855 3075 1907 καὶ
3111 1854 3363 1925 πόλεμον,
3404 1874 3422 1906 ι
3480 1856 3681 1924 ὁμοίως

2104 1967 2122 2000 ι
2162 1945 2457 2015 διὰψαλμα.
2495 1964 2513 1997 ι
2566 1946 2711 1998 ’Avr).
2753 1946 2811 1999 δὲ
2865 1946 3055 1999 τούτου
3102 1946 3252 2018 παρὰ
3299 1946 3397 2016 μὲν
3459 1947 3680 2017 Ἀκύλᾳ,

2101 2038 2238 2108 μετὰ
2274 2037 2365 2099 τὸ,
2409 2054 2427 2087 ε
2461 2036 2653 2107 θυρεὸν
2681 2039 2775 2091 καὶ
2823 2038 3060 2107 πόλεμον
3100 2038 3196 2091 καὶ
3224 2037 3521 2109 μάχαιραν,
3559 2057 3577 2089 ι
3620 2038 3683 2091 τὸ

2102 2146 2122 2179 σ
2156 2127 2273 2180 ἀεί’
2306 2145 2323 2177 ι
2352 2127 2409 2178 ἐν
2433 2126 2491 2179 δὲ
2525 2130 2589 2197 τῇ
2623 2133 2695 2191 ς’,
2745 2127 2887 2197 μετὰ
2919 2128 3001 2192 τὸ,
3042 2145 3060 2179 ι
3094 2127 3259 2181 ὅπλον
3288 2130 3382 2181 καὶ
3412 2130 3684 2200 ῥομφαίαν

2097 2220 2193 2271 κα)⁸
2218 2219 2472 2288 πόλεμον,
2509 2239 2527 2269 ι
2564 2220 2645 2282 τὸ,
2684 2237 2704 2271 ¢
2742 2221 2823 2284 είς
2849 2219 3026 2284 τέλος.
3061 2238 3080 2272 ι
3109 2216 3220 2275 Ἦν
3246 2221 3303 2274 δὲ
3331 2222 3493 2275 πάλιν
3516 2224 3575 2274 ὲν
3604 2222 3685 2294 τῷ

2110 2308 2383 2382 Ἐὕραῖκῷ
2425 2310 2563 2381 μετὰ
2598 2311 2679 2376 rb,
2741 2330 2758 2362 ι
2802 2312 3133 2384 Ούμάλαμα,
3165 2332 3183 2365 ι
3240 2314 3268 2367 ὅ
3324 2314 3463 2381 ἐστι,
3525 2331 3544 2366 ι
3590 2315 3682 2369 καὶ

2099 2401 2358 2472 πόλεμον,
2404 2422 2420 2453 ι
2466 2403 2527 2455 rb
2573 2422 2592 2454 ο
2618 2403 2728 2457 σέλ.
2768 2423 2786 2456 ι
2815 2404 2925 2457 Καὶ
2960 2404 3039 2458 ἔτι
3071 2406 3130 2459 ὲν
3164 2406 3269 2477 τῷι
3288 2407 3438 2478 αὐτῷ
3462 2407 3682 2479 ψαλμῷ,

2102 2492 2241 2561 μετὰ
2268 2493 2349 2555 τὸ,
2387 2512 2406 2542 ε
2435 2493 2529 2546 τοῦ
2562 2494 2738 2548 σῶσαι
2760 2495 2967 2558 πάντας
3000 2498 3126 2559 τοὺς
3154 2501 3350 2568 πραεῖς
3372 2499 3471 2568 τῆς
3494 2498 3617 2568 γῆς,
3660 2517 3679 2550 ι

2097 2588 2127 2639 6
2159 2584 2454 2656 Σύμμαχος
2505 2588 2708 2658 ὁμοίως
2753 2606 2772 2639 ‹
2814 2588 3111 2659 διάψαλμα.
3157 2608 3177 2642 s
3217 2589 3375 2661 Παρὰ
3400 2591 3455 2643 δὲ
3476 2590 3554 2660 τῷ
3596 2591 3682 2642 ‘A-

2100 2678 2259 2749 κύλᾳ,
2297 2679 2435 2749 μετὰ
2461 2679 2541 2741 τὸ,
2573 2698 2591 2731 ι
2623 2681 2832 2744 πάντας
2882 2683 3007 2746 τοὺς
3049 2684 3243 2751 πραεῖς
3294 2683 3392 2751 τῆς
3412 2683 3532 2751 γῆς,
3571 2701 3590 2733 ι
3619 2682 3680 2733 rb

2105 2787 2125 2821 ι
2159 2770 2245 2823 ἀεί
2267 2787 2280 2800 ·
2324 2790 2341 2821 ι
2376 2770 2518 2823 οὕτω
2550 2772 2605 2824 δὲ
2636 2773 2730 2824 καὶ
2762 2775 2819 2825 ὲν
2844 2776 2909 2843 τῇ
2940 2773 3187 2844 πέμπτῃ,
3222 2771 3360 2843 μετὰ
3385 2772 3467 2835 τὸ,
3499 2790 3517 2822 r
3543 2771 3677 2824 πάν-

2098 2878 2197 2926 τας
2225 2863 2350 2926 τοὺς
2378 2865 2572 2933 πραεῖς
2586 2864 2686 2934 τῆς
2720 2865 2843 2933 γῆς,
2883 2883 2900 2914 ι
2934 2864 2995 2916 τὸ
3022 2884 3039 2914 ι
3071 2864 3182 2917 ἀεί’
3224 2882 3242 2914 ι
3274 2866 3330 2916 ὲν
3362 2863 3417 2916 δὲ
3441 2867 3507 2934 τῇ
3544 2864 3679 2933 ἒκτῃ

2103 2950 2241 3021 μετά
2277 2952 2337 3005 τὸ
2363 2991 2377 3013 ,
2422 2971 2439 3003 ι
2474 2951 2569 3004 τοῦ
2619 2953 2790 3006 σῶσαι
2836 2956 2961 3017 τοὺς
3011 2957 3206 3025 πραεῖς
3240 2953 3338 3024 τῆς
3380 2954 3516 3024 γῆς,
3546 2973 3565 3006 ι
3624 2954 3685 3006 τὸ

2107 3060 2127 3092 ι
2162 3044 2241 3105 είς
2272 3043 2447 3107 τέλος.
2487 3063 2505 3094 ι
2545 3045 2656 3097 Καὶ
2688 3046 2745 3098 ἐν
2777 3044 2855 3114 τῷ
2893 3044 3171 3117 Ἐϐραῖκῷ
3227 3043 3366 3116 μετὰ
3404 3043 3468 3095 τὸ
3501 3063 3519 3095 ι
3560 3044 3683 3114 ἀνίη

2101 3133 2223 3206 ἂρς,
2269 3153 2287 3186 ι
2324 3136 2507 3200 ὅέστι,
2541 3155 2559 3187 ι
2594 3140 2787 3209 πραεῖς
2814 3138 2912 3207 τῆς
2950 3138 3074 3208 γῆς,
3117 3156 3135 3188 ι
3186 3136 3247 3189 rb
3298 3155 3317 3188 ι
3361 3136 3475 3200 σέλ,
3517 3155 3536 3189 ι
3593 3137 3687 3189 καὶ

2103 3225 2276 3290 οὕτως
2303 3228 2639 3281 ἀδιάπτωτον
2668 3230 2918 3299 εὑρόντες
2944 3229 3045 3299 τὴν
3090 3228 3342 3299 τοιαύτην
3366 3228 3684 3299 παρατήρη-

2107 3335 2211 3383 σιν,
2235 3319 2404 3372 ταῦτα
2426 3320 3147 3393 ὲσημειωσάμεθα.Πότερον
3171 3321 3227 3374 δὲ
3259 3319 3519 3391 μουσικοῦ
3544 3334 3688 3381 τινος

424 3403 736 3469 cantilenae,
762 3416 858 3459 aut
891 3406 1134 3477 rhythmi
1165 3408 1601 3463 inunutationem
1626 3411 1719 3480 qui
1739 3411 1998 3482 interpre-

2110 3411 2357 3482 μέλουςῆ
2408 3412 2616 3483 ρυθμοῦ
2653 3413 2945 3484 γινομένης
2990 3413 3293 3482 ὲναλλαγῆς
3340 3412 3584 3484 ἔγραψαν
3626 3408 3689 3463 τὸ

427 3494 523 3549 tati
550 3506 678 3550 sunt
715 3496 1051 3566 cdiapsalma
1078 3515 1098 3549 θ
1134 3500 1433 3566 senserint,
1470 3499 1689 3557 aliudve
1719 3501 1999 3559 intellexe-

425 3584 555 3652 rint,
587 3593 680 3641 tuo
704 3584 913 3655 judicio
938 3586 1283 3649 derclinuuo.

423 3849 524 3907 EX
567 3848 936 3908 ORIGENIS
994 3848 1578 3907 COMMENTARIIS
1645 3849 1735 3907 IN
1777 3850 1998 3909 PSAL-

1131 3941 1301 3998 M08.

493 4036 696 4093 Psalmi
731 4053 874 4108 «pro
933 4035 1341 4092 torcularibus»
1409 4033 1684 4107 inscripti,
1731 4038 1824 4107 qui
1886 4048 1999 4095 tres

422 4138 572 4194 sunt,
601 4142 794 4199 nempe
824 4138 1075 4192 octavus,
1122 4130 1488 4197 octogesimus
1534 4136 1589 4182 et
1637 4130 2000 4198 octogesimus

423 4222 637 4289 tertius,
665 4221 922 4276 videntur
956 4220 1083 4274 mihi
1121 4220 1601 4291 congregationem
1636 4220 1914 4286 Ecclesiae,
1944 4232 2001 4276 et

421 4313 826 4369 multitudinem
851 4319 1222 4368 conventnnm
1257 4322 1611 4381 cmtuumque
1633 4311 1947 4382 signiﬁcare
1978 4324 1994 4364 :

2115 3520 2134 3555 ι
2175 3502 2454 3573 διάψαλμα
2488 3522 2505 3554 ι
2558 3506 2607 3557 οἱ
2649 3503 3181 3576 ὲρμηνεύσαντες,ῆ
3230 3504 3405 3568 ἄλλως
3442 3500 3689 3573 κινηθένο

2108 3612 2221 3659 τες,
2257 3596 2350 3648 καὶ
2368 3596 2431 3647 σὺ
2467 3597 2786 3670 ἐπιστήσῃς.

2229 3858 2326 3914 ΕΚ
2360 3858 2497 3919 ΤΩΝ
2537 3862 2969 3918 ΩΡΙΓΕΝΟΥΣ
3014 3866 3136 3919 ΕΙΣ
3177 3866 3568 3923 ΨΑΛΜΟΥΣ.

2178 4037 2241 4088 υἱ
2268 4038 2739 4109 ἐπιγεγραμμένοι
2796 4038 2999 4110 ψαλμοὶ
3060 4059 3079 4091 ‹
3120 4041 3257 4112 ὑπὲρ
3289 4040 3400 4094 τῶν
3456 4038 3631 4111 ληνῶν
3659 4058 3679 4093 ο

2100 4128 2249 4197 τρεῖς
2272 4125 2444 4190 ὄντες,
2470 4127 2497 4179 ὃ
2526 4144 2585 4178 τε
2610 4127 2813 4196 ὄγδοος,
2844 4130 2940 4181 καὶ
2963 4132 2991 4183 6
3022 4124 3399 4198 ὀγδοηκοστὸς,
3424 4128 3518 4181 καὶ
3538 4130 3567 4181 6
3587 4128 3682 4197 ὀγ-

2101 4217 2394 4287 δοηκοστὸς
2438 4218 2656 4287 τρίτος,
2709 4219 2927 4273 δοκοῦσί
2987 4238 3077 4291 μοι
3133 4221 3195 4274 rb
3247 4221 3521 4293 ἄθροισμα
3583 4219 3686 4290 τῆς

2115 4306 2441 4376 Ἐκκλησίας
2467 4309 2559 4360 καὶ
2587 4309 2647 4361 τὸ
2676 4310 2879 4380 πλῆθος
2925 4311 3032 4365 τῶν
3062 4313 3153 4365 ἐπὶ
3182 4312 3241 4364 τὸ
3280 4310 3413 4366 αὐτὸ
3454 4310 3686 4364 συνόδων

420 4405 692 4475 siquidem
751 4419 816 4460 ex
873 4402 1058 4458 multis
1116 4418 1278 4458 unam
1344 4403 1678 4465 orationem,
1726 4417 1998 4471 unamque

2099 4396 2321 4467 δηλοῦν·
2359 4401 2455 4453 καὶ
2497 4400 2607 4471 γὰρ
2642 4403 2707 4455 ἐκ
2754 4403 2965 4460 πολλῶν
3005 4404 3131 4473 μίαν
3188 4403 3352 4474 εὐχὴν
3409 4403 3504 4455 καὶ
3555 4402 3686 4472 μίαν

421 4497 758 4552 canticorum
816 4494 1238 4551 modulationem
1290 4494 1344 4550 in
1378 4494 1640 4551 Ecclesiis
1672 4494 1781 4549 Deo
1809 4493 1995 4548 oﬂ'erri

2106 4490 2431 4559 ὑμνολογίαν
2446 4493 2867 4565 ἀναπέμπεσθαι
2880 4497 2957 4568 τῷ
2976 4471 3093 4568 Θεῷ
3122 4499 3180 4550 ἐν
3334 4471 3687 4564 Ἐκκλησίαις

421 4587 716 4657 contingit;
745 4586 1201 4657 quemadmodum
1251 4585 1306 4641 in
1351 4586 1723 4642 torcularibus
1760 4601 1828 4639 ex
1863 4583 2001 4638 ntul-

423 4682 495 4734 tis
546 4695 610 4735 ac
662 4678 892 4734 diversis
946 4679 1150 4735 vitibus
1187 4693 1296 4733 una
1331 4679 1443 4733 vini
1484 4680 1666 4732 mistio
1688 4677 1997 4733 coniicitur.

424 4770 565 4826 Olim
602 4770 821 4839 quidem
858 4770 909 4823 in
942 4785 1050 4824 uno
1075 4768 1429 4841 Jerosolyma:
1474 4770 1619 4833 loco,
1670 4783 1839 4822 unum
1880 4776 2003 4823 erat

426 4860 690 4924 torcular,
724 4861 814 4913 ubi
846 4861 1023 4914 coacti
1066 4874 1260 4929 preces
1301 4860 1626 4915 emittebant
1655 4876 1669 4913 :
1698 4858 1853 4926 cujus
1882 4872 2001 4913 me-

427 4952 587 5006 minit
636 4951 804 5007 Isaias
855 4952 940 5006 his
973 4953 1155 5009 verbis
1183 4968 1201 5008 :
1239 4968 1257 5003 ι
1290 4951 1354 5004 Ει
1387 4951 1652 5005 aediﬁcavi
1689 4951 1911 5015 turrim,
1943 4959 2000 5004 et

428 5044 765 5115 protorcular
794 5044 900 5098 fodi
925 5045 979 5098 in
1004 5043 1167 5099 illa“.
1192 5062 1210 5096 ι
1242 5042 1440 5100 Turris
1468 5059 1601 5099 vero
1633 5042 1895 5111 templum
1924 5041 2001 5096 si-

428 5132 679 5204 gniﬁcat:
710 5133 1051 5203 protorcular
1081 5142 1263 5189 autem
1294 5134 1484 5189 altare.
1516 5132 1715 5189 Verum
1740 5132 1999 5201 quoniam

432 5226 519 5280 illa
556 5240 616 5280 se
646 5227 1047 5281 destructurum
1076 5227 1438 5281 comminatus
1465 5234 1571 5291 est,
1601 5234 1660 5279 et
1683 5238 1874 5280 revera
1906 5226 2001 5277 de-

430 5320 647 5386 struxit,
678 5334 776 5389 pro
808 5333 914 5371 uno
947 5326 1133 5386 postea
1161 5317 1332 5371 multa
1374 5315 1658 5371 constituit
1680 5315 1997 5380 toreularia,

432 5409 696 5466 Ecclesias
747 5426 938 5480 nempe
973 5426 1067 5479 per
1099 5419 1273 5465 totum
1318 5410 1504 5465 orbein
1536 5406 1810 5463 conditas.
1858 5405 2002 5461 Ideo-

2105 4580 2422 4649 συμϐαίνει·
2453 4581 2644 4655 ὥσπερ
2666 4586 2724 4638 ὲν
2746 4589 2863 4650 ταῖς
2890 4586 3070 4658 ληνοῖς
3099 4587 3164 4639 ὲκ
3196 4585 3405 4638 πολλῶν
3436 4585 3532 4638 καὶ
3565 4584 3686 4636 δια-

2104 4671 2286 4743 φόρων
2314 4674 2573 4744 ἀμπέλων
2608 4676 2707 4746 μία
2741 4680 2935 4749 κρᾶσις
2980 4677 3319 4731 ἀποτελεῖται
3360 4676 3527 4730 οἴνου.
3570 4675 3686 4729 Πά-

2102 4763 2193 4817 λαι
2228 4765 2327 4835 μὲν
2355 4761 2448 4819 οὖν
2477 4767 2535 4820 ὲν
2551 4769 2630 4821 ἐνὶ
2667 4769 2816 4839 τόπῳ
2840 4770 2938 4840 τῆς
2970 4769 3326 4840 Ἰερουσαλὴμ
3352 4767 3451 4839 μία
3474 4786 3561 4831 τις
3615 4763 3686 4837 ἦν

2104 4858 2284 4930 ληνὸς,
2321 4858 2451 4912 ἔνθα
2481 4861 2753 4925 συνιόντες
2777 4860 2877 4924 τὰς
2909 4860 3090 4914 αὐτῶν
3123 4860 3290 4931 εὐχὰς
3328 4859 3681 4929 ἀνέπεμπονο

2105 4946 2173 5020 ἧς
2202 4952 2471 5021 μέμνηται
2516 4952 2611 5005 καὶ
2650 4953 2876 5015 Ἡσαΐας
2910 4952 3117 5021 λέγων’
3162 4972 3179 5004 ι
3223 4953 3328 5006 Καὶ
3362 4951 3688 5021 ᾠκοδόμησα

2109 5039 2337 5112 πύργον,
2366 5044 2459 5094 καὶ
2489 5043 2777 5113 προλήνιον
2811 5042 2994 5115 ὥρυξα
3040 5044 3097 5096 έν
3127 5044 3295 5113 αὐτῷ.
3335 5062 3353 5095 ι
3418 5041 3579 5113 Δηλοί
3627 5040 3686 5093 δὲ

2111 5132 2321 5203 πύργος
2375 5135 2472 5204 μὲν
2500 5134 2591 5188 τὸν
2624 5134 2750 5188 ναὸν
2779 5133 2914 5206 (22),
2955 5136 3240 5207 προλήνιον
3294 5135 3351 5188 δὲ
3385 5134 3446 5187 rb
3495 5133 3686 5187 θυσια-

2109 5228 2348 5297 στήριον.
2392 5228 2531 5280 Ἀλλ’
2562 5229 2685 5281 ἐπεὶ
2713 5228 2959 5281 καθελεῖν
2984 5228 3245 5298 ἠπείλησε
3268 5267 3282 5290 ,
3313 5227 3407 5279 καὶ
3437 5224 3690 5278 καθεῖλεν

2107 5318 2307 5381 ἐκεῖνα,
2345 5317 2560 5382 πλείους
2612 5319 2731 5372 ἀντὶ
2777 5320 2903 5389 μιᾶς
2936 5320 3301 5388 συνεστήσατο
3337 5316 3552 5389 ληνοὺς,
3588 5314 3685 5377 τὰς

2108 5407 2228 5461 καθ’
2256 5409 2383 5480 ὅλης
2416 5410 2515 5481 τῆς
2543 5411 2868 5482 οἰκουμένης
2902 5410 3223 5481 Ἐκκλησίας
3241 5426 3254 5441 ·
3283 5408 3364 5463 διὸ
3389 5408 3603 5480 εἴρηται
3629 5408 3691 5460 ὲν

498 5593 540 5628 ⁸⁸
571 5593 715 5649 Psal.
747 5608 930 5658 Lutv,
964 5591 1020 5644 Ξ.
1096 5591 1140 5623 ⁸³
1172 5590 1330 5655 ibid.,
1362 5589 1415 5645 4.
1498 5590 1543 5621 ⁸³
1573 5585 1714 5642 Psal.
1744 5601 1905 5651 Lxxv,
1938 5586 1993 5638 ‘2.

2099 5587 2116 5617 “
2144 5590 2301 5659 ibid.,
2332 5593 2384 5649 4.
2459 5594 2505 5628 ⁸⁸
2540 5597 2691 5660 ibid.,
2724 5596 2809 5650 10.
2888 5595 2934 5627 ⁴⁶
2961 5594 3082 5648 Isai.
3118 5608 3168 5657 ν,
3204 5592 3260 5647 ἓ.

432 5724 503 5769 est
535 5729 598 5783 ex
618 5712 841 5783 epistola
869 5710 1180 5783 Hieronymi
1210 5711 1275 5783 ad
1302 5708 1652 5776 Marcellam;
1679 5722 1796 5778 quae
1822 5715 1997 5762 exstat
2037 5716 2165 5766 tom.
2197 5709 2258 5772 ll,
2292 5710 2548 5765 editionis
2584 5708 2857 5773 Vallarsii,
2886 5728 2938 5783 ι),
2967 5707 3091 5763 707.

500 5782 612 5849 (ea)
648 5782 830 5834 Ναόν.
851 5779 1105 5848 Grabius,
1130 5779 1277 5835 λαόν.
