4124 6392
396 406 525 461 1061

1668 394 1981 452 SELECTA
2018 392 2082 447 ΙΝ
2119 394 2458 449 PSAL‘MOS.

3528 400 3667 455 ιρις

390 523 471 593 τῷ
504 522 676 591 ὀγδόῳ
698 520 900 592 ψαλμῷ
952 518 1126 573 οὕτω·
1179 538 1197 571 ι
1238 518 1432 591 Κύριε,
1478 519 1507 571 6
1570 516 1772 589 Κύριος
1821 517 1977 587 ἡμῶν

2084 533 2189 587 que
2218 518 2270 570 in
2303 524 2503 571 octavo
2535 514 2745 584 psalmo
2782 514 2985 569 dictum
3015 524 3137 571 est:
3173 534 3195 569 ι
3224 516 3452 574 Domine
3488 521 3669 576 Domi-

384 613 531 684 (25),
566 614 642 676 ὡς
676 610 986 682 θαυμαστὸν
1034 611 1094 662 τὸ
1115 610 1287 680 ὄνομα
1317 627 1410 661 σου
1434 611 1489 661 ἐν
1519 609 1669 681 πάσῃ
1698 611 1763 679 τῇ
1805 611 1912 680 γῇῐ
1955 628 1973 661 ι

389 708 589 774 Σαφῶς
608 709 713 774 γὰρ
751 702 1063 773 παρέστησε
1094 701 1191 764 τάς
1220 700 1323 753 ἀνὰ
1361 702 1542 753 πᾶσαν
1589 702 1688 771 τὴν
1726 702 1981 772 οἰκουμέ-

395 812 495 865 νην
521 795 712 864 ληνοὺς
740 793 833 846 τοῦ
856 792 1012 846 Θεοῦ.
1037 794 1147 846 Καὶ
1172 793 1200 844 6
1230 792 1585 863 ὀγδοηκοστὸς
1616 792 1694 856 δὲ,
1731 793 1826 845 καὶ
1884 794 1981 846 αύ-

396 886 488 949 τὸς
522 886 798 956 ἐπιλήνιος
827 885 939 955 (24)
964 883 1059 946 ὢν,
1102 888 1213 948 τοῖς
1240 884 1415 936 ἔθνεσι
1444 884 1577 935 πᾶσι
1609 883 1983 952 παρακελεύε-

396 975 582 1046 ταιτῴ
616 976 737 1045 Θεῴ
769 975 879 1029 τῶν
927 975 1221 1046 προφητῶν
1276 974 1584 1026 ἀποδιδόναι
1640 974 1732 1027 τὸν
1773 974 1978 1045 ὕμνον·

393 1069 542 1138 λέγει
574 1070 631 1122 δὲ
660 1065 784 1122 οὖν·
810 1088 828 1120 ι
853 1070 1204 1137 Ἀγαλλιᾶσθε
1233 1069 1309 1140 τῷ
1341 1069 1460 1139 Θεῷ
1490 1070 1566 1140 τῷ
1592 1070 1770 1142 βοηθῷ
1799 1070 1977 1142 ἡμῶν·

392 1161 698 1226 ἀλαλάξατε
746 1161 824 1231 τῷ
852 1160 971 1231 Θεῴ
1018 1159 1231 1214 Ἰακώϐ.
1279 1180 1297 1211 ι
1352 1158 1486 1215 Εἶτα
1534 1163 1663 1233 ἐΞῆς
1702 1163 1979 1217 ὑποκατα-

393 1256 518 1320 ϐὰς,
541 1256 638 1326 τὴν
666 1254 937 1324 ἀποϐολὴν
957 1254 1049 1307 τοῦ
1074 1254 1339 1325 προτέρου
1372 1254 1501 1307 λαοῦ
1546 1254 1831 1326 σημαίνει,
1886 1256 1977 1308 λέ-

394 1362 509 1414 γων
536 1362 548 1374 ·
588 1347 729 1399 «Καὶ
760 1348 859 1399 οὐκ
884 1348 1115 1417 ἤκουσεν
1144 1349 1172 1399 6
1203 1346 1331 1410 λαός
1357 1364 1455 1416 μου
1489 1346 1590 1415 τῆς
1629 1348 1812 1418 φωνῆς
1856 1366 1978 1418 μου,

396 1440 492 1493 καὶ
526 1439 742 1511 Ἰσραὴλ
765 1441 824 1492 ού
854 1440 1125 1511 προσέσχε
1173 1457 1282 1510 μοι.
1336 1440 1445 1491 Καὶ
1481 1440 1837 1503 ἐξαπέστειλα
1886 1441 1983 1493 αύ-

394 1530 523 1593 τοὺς
553 1530 693 1584 κατὰ
726 1530 794 1583 τὰ
826 1530 1234 1602 ἐπιτηδεύματα
1270 1531 1377 1583 τῶν
1418 1530 1655 1602 καρδιῶν
1708 1531 1911 1584 αὐτῶν.
1956 1550 1974 1584 ι

396 1619 561 1672 Καὶό
591 1620 949 1689 ὀγδοηκοστὸς
978 1622 1161 1693 τρίτος
1187 1623 1283 1691 τὴν
1342 1622 1511 1691 αὐτὴν
1557 1621 1696 1691 ἔχων
1740 1640 1982 1695 προγρα-

395 1710 524 1781 φὴν,
554 1711 636 1764 ὅτι
660 1712 760 1764 οὐκ
790 1713 936 1765 ἔστιν
972 1712 1027 1765 ἐν
1065 1715 1353 1783 σκήνωμα,
1398 1714 1517 1766 οὐδὲ
1582 1714 1638 1766 ἓν
1688 1714 1981 1786 θυσιαστή-

396 1817 513 1871 ριον
538 1802 596 1853 ἐν
638 1802 1053 1873 Ἱεροσολύμοις,
1106 1804 1240 1856 ἀλλὰ
1282 1804 1454 1856 πολλὰ
1502 1804 1836 1875 σκηνώματα
1888 1808 1980 1859 καὶ

2083 627 2185 665 nus
2221 619 2426 673 noster,
2461 626 2622 678 quam
2672 609 2997 663 admirabile
3046 620 3130 664 est
3189 626 3387 665 nomen
3420 622 3572 667 tuum
3611 615 3663 666 in
3700 628 3708 673 ξ

2083 702 2335 755 universa
2359 711 2503 753 terra
2524 700 2567 731 "
2593 701 2638 753 li
2674 700 2832 753 Clare
2846 702 3046 769 quippe
3065 701 3341 770 signiﬁcat
3367 703 3663 757 toreularia

2086 794 2176 848 Dei
2203 810 2298 863 per
2335 802 2505 848 totum
2552 794 2742 847 orbem
2776 795 3096 847 constituta.
3128 795 3503 865 Octogesimus
3529 812 3670 865 quo-

2083 902 2188 956 que
2225 886 2491 956 psalmus,
2530 902 2652 940 cum
2686 886 2754 941 de
2785 886 3154 939 torcularibus
3183 895 3327 955 agat,
3366 885 3519 953 jubet
3543 903 3666 942 oni-

2084 994 2180 1033 nes
2206 986 2394 1048 gentes
2438 978 2831 1047 prophetarum
2865 977 2973 1031 Deo
3008 977 3270 1046 hymnum
3316 979 3554 1032 referre:
3588 981 3667 1032 sic

2083 1080 2264 1123 autem
2330 1068 2496 1121 habet
2517 1067 2955 1121 ":iExsnltate
3007 1066 3117 1119 Deo
3165 1066 3403 1134 adjutori
3454 1075 3662 1129 nostro,

2084 1160 2323 1230 jnbilate
2373 1161 2480 1212 Deo
2508 1158 2697 1213 Jacob.
2728 1177 2744 1209 i
2789 1159 3051 1226 Deinceps
3110 1157 3363 1223 inferius,
3396 1160 3657 1227 reproba-

2088 1253 2290 1305 tionem
2327 1252 2527 1319 prioris
2579 1252 2761 1319 populi
2810 1250 3106 1315 signiﬁcat,
3144 1250 3374 1304 dicens:
3407 1268 3427 1300 ι
3451 1250 3515 1303 Et
3562 1262 3664 1301 non

2083 1344 2292 1396 audivit
2328 1343 2559 1412 populus
2617 1358 2767 1395 meus
2814 1357 3000 1395 vocem
3037 1357 3235 1407 meam,
3270 1351 3324 1395 et
3361 1343 3522 1398 Israel
3561 1355 3669 1397 non

2086 1433 2317 1486 intendit
2362 1432 2515 1484 inihi.
2569 1432 2633 1484 Et
2680 1432 2860 1485 dimisi
2916 1446 3010 1485 eos
3058 1434 3359 1486 secundum
3402 1432 3669 1488 desideria

2083 1525 2264 1578 cordis
2298 1540 2485 1578 eorum
2516 1523 2582 1575 "9.
2626 1543 2642 1573 ι
2686 1522 3062 1592 Octogesinius
3113 1524 3242 1577 item
3304 1525 3520 1586 tertius,
3574 1522 3669 1593 qui

2083 1618 2329 1671 eamdem
2380 1616 2541 1669 habet
2602 1615 3037 1683 inscriptionem,
3095 1631 3200 1667 non
3240 1631 3406 1668 unum
3459 1616 3672 1669 habita-

2082 1710 2287 1773 Cuhini,
2321 1723 2500 1775 neque
2558 1722 2726 1760 unum
2760 1706 2933 1758 altare
2960 1705 3341 1775 Jerosolymis.
3374 1709 3468 1761 sed
3500 1709 3667 1761 multa

2084 1816 2202 1855 esse
2256 1797 2591 1863 habitacula,
2636 1796 2803 1850 multa
2850 1796 3041 1848 altaria
3104 1797 3649 1864 declarat.Qiianioh

394 1892 568 1945 πολλὰ
589 1893 952 1965 θυσιαστήρια
982 1896 1300 1966 παρίστησι.
1353 1897 1443 1949 Διὸ
1501 1899 1595 1949 καὶ
1649 1898 1724 1960 ὡς
1768 1898 1979 1953 πολλῶν

2096 1907 2240 1956 rem,
2292 1906 2355 1945 ac
2411 1891 2454 1944 si
2515 1890 2630 1942 hinc
2682 1886 2988 1939 habitacula
3044 1896 3208 1954 atque
3258 1886 3468 1950 altaria,
3505 1891 3670 1942 miilza

395 1983 573 2038 οὐσῶν
598 1984 795 2054 ληνῶν,
828 1986 1036 2039 τούτων
1076 1986 1255 2039 αὐτῶν
1296 1987 1403 2040 τῶν
1458 1990 1834 2058 σκηνωμάτων
1885 1988 1980 2041 καὶ

394 2074 503 2126 τῶν
537 2073 968 2147 θυσιαστηρίων,
1002 2079 1143 2149 ὑπὲρ
1171 2079 1280 2131 τῶν
1312 2079 1489 2151 ληνῶν
1528 2080 1975 2151 προγέγραπται·

396 2164 542 2235 λέγει
578 2167 635 2219 δὲ
661 2161 753 2217 οὖν
773 2180 787 2197 ⁸
816 2187 835 2219 ι
872 2169 958 2232 Ὠς
991 2170 1248 2240 ἀγαπητὰ
1272 2170 1340 2224 τὰ
1368 2171 1701 2242 σκηνώματα
1730 2189 1841 2236 σου,
1872 2174 1983 2225 Κύ-

397 2275 483 2328 ριε
512 2261 618 2314 τῶν
660 2262 970 2333 δυνάμεωνὶ
1019 2261 1301 2315 Ἐπιποθεῖ
1343 2264 1436 2315 καὶ
1478 2262 1718 2315 ἐκλείπει
1764 2266 1797 2334 ἡ
1835 2264 1979 2337 ψυχή

398 2366 500 2419 μου
531 2353 611 2417 εἱς
644 2354 741 2418 τὰς
772 2354 940 2418 αὐλάς
971 2354 1064 2407 τοῦ
1093 2353 1328 2426 Κυρίου’
1366 2375 1384 2406 ι
1417 2355 1510 2409 καὶ
1536 2356 1819 2428 ἐπιφέρει·
1853 2377 1869 2407 ι
1902 2357 1983 2409 Τὰ

396 2440 761 2514 θυσιαστήριά
786 2463 901 2508 σου,
935 2445 1105 2517 Κύριε
1133 2446 1244 2497 τῶν
1283 2446 1594 2517 δυνάμεων*
1640 2467 1657 2498 ι
1697 2449 1791 2500 καὶ
1822 2447 1983 2500 πάλιν

398 2532 775 2604 πληθυντικῶς
804 2536 1075 2604 ἐπιλέγει·
1116 2554 1133 2586 ι
1175 2537 1587 2608 ’Υπερασπιστὰ
1620 2537 1795 2608 ἡμῶν,
1834 2538 1909 2589 ἴδε
1958 2539 1986 2590 6

395 2622 552 2686 Θεὸς,
598 2627 691 2678 καὶ
737 2626 1025 2697 ἐπίϐλεψον
1065 2629 1145 2690 εἱς
1187 2627 1247 2680 τὸ
1288 2629 1578 2699 πρόσωπον
1610 2628 1704 2681 τοῦ
1749 2628 1982 2700 Χριστοῦ

394 2731 491 2767 σου
512 2735 525 2747 ·
552 2717 634 2769 ὅτι
663 2718 933 2789 κρείσσων
956 2720 1139 2791 ήμέρα
1164 2719 1259 2790 μία
1287 2721 1341 2772 ἐν
1361 2724 1482 2784 ταῖς
1509 2722 1699 2785 αὐλαῖς
1730 2739 1820 2773 σου
1846 2722 1985 2794 ὑπὲρ

394 2807 659 2876 χιλιάδας.
697 2828 714 2859 ›
747 2810 915 2863 Ἔνθα
940 2814 1219 2882 τηρήσεις,
1245 2811 1318 2875 ὡς
1344 2814 1436 2866 καὶ
1468 2814 1727 2883 ὀνομαστὶ
1749 2813 1984 2885 Χριστοῦ

398 2898 691 2971 μέμνηται.
716 2902 853 2964 Τοὺς
874 2904 1386 2973 ἐπιγεγραμμένους
1413 2923 1430 2954 ι
1457 2905 1596 2976 ὑπὲρ
1621 2906 1716 2975 τῆς
1739 2905 1929 2975 ὀγδόης
1962 2926 1980 2956 ι

392 2990 488 3043 δύο
516 2990 762 3061 ψαλμοὺς
803 2992 1038 3064 ἡγοῦμαι
1069 2996 1166 3065 τὴν
1200 2998 1466 3067 σωτήριον
1495 2997 1594 3066 τῆς
1636 2997 1988 3062 ἀναστάσεως

394 3083 609 3153 ἡμέραν
649 3083 742 3135 τοῦ
789 3085 993 3155 Κυρίου
1028 3086 1377 3140 αἰνίττεσθαι.
1417 3088 1526 3159 Τὴν
1571 3086 1708 3159 πρὸς
1757 3087 1984 3141 θάνατον

394 3172 526 3242 γοῦν
562 3175 833 3246 ἁμαρτίαν
866 3177 1240 3246 ἐργασάμενος
1283 3180 1311 3230 ό
1342 3178 1526 3242 Δαυῖδ,
1576 3178 1806 3232 ἱκετεύει
1844 3179 1984 3232 κατὰ

2086 1985 2197 2040 sint
2222 1983 2539 2045 toreularia,
2583 2000 2601 2033 ι
2636 1995 2733 2051 pro
2770 1980 3177 2033 torcularibus»
3218 1980 3556 2035 inscribitur.
3583 1984 3670 2035 Ait

2088 2075 2249 2146 517
2290 2077 2472 2144 itaque
2514 2074 2560 2105 '°
2601 2091 2614 2127 :
2659 2092 2676 2123 ι
2722 2072 2891 2138 Quam
2931 2072 3126 2126 dilecta
3164 2074 3511 2127 tabernacula
3544 2083 3670 2138 tua,

2085 2167 2311 2222 Domine
2347 2166 2633 2220 virtutum!
2666 2165 3021 2233 Concupiscit
3050 2174 3106 2218 et
3141 2164 3323 2218 ilelicit
3345 2164 3523 2218 anima
3552 2181 3670 2219 iiii-a

2086 2260 2140 2314 in
2167 2262 2306 2314 atria
2343 2258 2589 2313 Domini:
2622 2276 2640 2308 ι
2676 2267 2837 2325 atque
2870 2254 3119 2321 infert“,
3149 2275 3168 2308 ι
3194 2256 3391 2310 Altaria
3421 2266 3533 2323 tua,
3570 2256 3670 2310 Do-

2086 2353 2232 2406 mine
2266 2352 2549 2406 virtutum.
2594 2369 2612 2401 ι
2652 2348 3002 2417 Rursumque
3046 2350 3331 2418 pluraliter
3361 2349 3547 2416 adjicit
3580 2349 3626 2381 ⁸³
3657 2367 3669 2403 :

2092 2465 2110 2497 ι
2142 2444 2425 2500 Protector
2464 2453 2672 2507 noster,
2713 2445 2923 2512 aspice,
2969 2442 3139 2508 Deus,
3176 2453 3230 2497 et
3262 2444 3470 2513 respice
3502 2443 3551 2497 in
3592 2443 3670 2496 ta-

2086 2538 2225 2591 ciem
2254 2536 2459 2592 Christi
2493 2535 2570 2589 tui
2609 2553 2623 2589 :
2656 2533 2784 2603 quia
2815 2535 3009 2588 metior
3041 2543 3124 2588 est
3157 2536 3274 2590 dies
3302 2550 3405 2589 una
3441 2535 3491 2589 in
3521 2535 3672 2591 atriis

2086 2630 2197 2683 tuis
2235 2644 2398 2698 super
2435 2627 2623 2682 millia.
2677 2648 2695 2680 ι
2751 2626 2851 2681 Ubi
2889 2629 3146 2683 observes
3177 2629 3323 2683 illum
3359 2630 3671 2684 nominatim

2088 2722 2154 2774 de
2180 2720 2397 2775 Christo
2421 2722 2752 2775 mentionem
2781 2718 3001 2775 fecisse.
3029 2720 3173 2775 Duos
3198 2732 3379 2777 autem
3404 2722 3670 2785 Psalmos,

2093 2829 2113 2863 ι
2143 2828 2241 2879 pro
2265 2824 2475 2877 octava,
2510 2831 2528 2863 ι
2561 2813 2871 2882 inscriptos,
2901 2814 3138 2867 arbitror
3167 2815 3457 2869 salutarem
3488 2831 3663 2869 resur-

2088 2904 2346 2958 rectionis
2380 2903 2589 2957 Domini
2625 2904 2766 2958 diem
2812 2905 3159 2962 adumbrare.
3193 2905 3326 2961 Cum
3356 2905 3539 2975 itaque
3568 2906 3667 2960 Da-

2088 2996 2177 3049 vid
2205 3004 2507 3064 peceatum,
2537 2999 2683 3065 quod
2721 2999 2787 3051 ad
2822 3008 3051 3051 mortem
3080 3008 3198 3052 erat
3221 3039 3234 3063 ,
3278 3008 3670 3069 perpetrasset,

2090 3085 2413 3155 deprecatur
2445 3087 2496 3139 in
2527 3097 2680 3141 sexti)
2708 3088 2937 3156 psalmo,
2971 3103 3037 3141 ne
3066 3086 3304 3141 furorem
3332 3096 3386 3142 et
3418 3090 3552 3143 iram
3579 3089 3672 3143 Dei

2087 3178 2444 3245 experiatur;
2492 3181 2588 3233 sed
2622 3188 2774 3244 rogat
2809 3188 2867 3233 ut
2895 3179 3072 3233 anima
3108 3194 3207 3233 sua
3243 3179 3669 3235 misericordiam

397 3260 492 3314 τὸν
519 3265 695 3329 ἕκτον,
731 3265 806 3337 μὴ
842 3266 935 3318 τοῦ
968 3265 1162 3338 θυμοῦ,
1212 3269 1347 3339 μηδὲ
1379 3270 1478 3340 τῆς
1509 3268 1681 3339 ὀργῆς
1722 3269 1815 3322 τοῦ
1847 3269 1979 3323 Θεοῦ

2089 3280 2143 3322 et
2174 3269 2436 3323 medelam
2474 3280 2865 3338 consequatur.
2894 3269 3023 3325 Illud
3060 3280 3239 3325 autem
3281 3271 3518 3325 futurum
3548 3286 3669 3326 esse

392 3355 780 3427 πειρασθῆναι,
813 3357 991 3421 ἐλέους
1028 3357 1090 3415 δὲ
1118 3359 1211 3411 καὶ
1252 3360 1444 3423 ἰάσεως
1478 3360 1575 3431 τὴν
1614 3361 1790 3432 ψυχὴν
1818 3360 1981 3415 αὐτοῦ

393 3448 612 3517 τυχεῖν·
662 3447 818 3500 τοῦτο
867 3448 923 3500 δὲ
972 3449 1189 3502 ἔσεσθαι
1229 3450 1472 3514 θεσπίζει
1517 3451 1716 3520 λέγων·
1759 3472 1776 3503 ι
1837 3454 1985 3506 Ἐπί-

393 3538 647 3610 στρεψον,
686 3539 877 3609 Κύριε,
917 3540 1075 3611 ῥῦσαι
1137 3542 1233 3613 τὴν
1286 3543 1464 3613 ψυχήν
1512 3560 1634 3613 μου,
1686 3544 1858 3597 σῶσόν
1914 3563 1983 3614 με

392 3626 579 3680 ἕνεκεν
608 3627 702 3680 τοῦ
734 3627 916 3692 ἐλέους
950 3647 1073 3683 σουο
1116 3632 1197 3684 ὃτι
1249 3633 1348 3685 ούκ
1388 3632 1535 3686 ἔστιν
1568 3634 1626 3687 ἐν
1663 3633 1740 3703 τῷ
1769 3634 1983 3705 θανάτῳ

389 3720 422 3772 6
459 3721 808 3791 μνημονεύων
835 3739 950 3786 σου,
976 3725 1033 3777 ἐν
1061 3724 1118 3777 δὲ
1158 3725 1235 3796 τῷ
1276 3726 1375 3797 ᾄδῃ
1413 3725 1497 3789 τίς
1527 3726 1981 3798 ἐξομολογήσεταί

393 3826 512 3877 σοι;
548 3830 565 3861 ι
606 3815 885 3885 μονονουχὶ
918 3816 1008 3868 τὸν
1039 3817 1241 3888 Κύριον
1267 3819 1429 3871 αὑτὸν
1468 3820 1529 3869 ἐκ
1554 3818 1781 3872 θανάτου
1814 3819 1981 3889 ῥύσα-

387 3902 516 3957 σθαι
555 3904 720 3958 αὑτοῦ
757 3907 855 3977 τὴν
900 3907 1075 3978 ψυχὴν
1102 3909 1378 3962 ἱκετεύων.
1429 3911 1647 3982 Προϊὼν
1667 3911 1723 3964 δὲ
1757 3912 1864 3964 τῶν
1892 3911 1982 3964 εύ-

387 3995 502 4065 χῶν
546 3997 905 4067 τετυχηκέναι
952 4000 1104 4071 δηλοῖ
1140 4000 1209 4053 δι’
1258 3994 1331 4055 ῶν
1366 4019 1558 4072 φησιν·
1610 4022 1628 4054 ι
1680 4004 1979 4075 Εἱσήκουσε

391 4084 595 4157 Κύριος
619 4090 717 4157 τῆς
749 4089 935 4159 φωνῆς
961 4090 1054 4143 τοῦ
1085 4092 1363 4162 κλαυθμοῦ
1391 4111 1490 4163 μου
1508 4111 1522 4125 ’
1555 4095 1840 4165 εἱσήκουσε
1867 4092 1980 4146 Κύ-

388 4198 507 4249 ριος
547 4181 645 4252 τῆς
682 4182 917 4255 δεήσεώς
962 4203 1063 4255 μου
1086 4226 1101 4251 ,
1148 4188 1352 4259 Κύριος
1384 4188 1481 4261 τὴν
1520 4191 1825 4262 προσευχήν
1876 4208 1975 4261 μου

388 4271 767 4343 προσεδέξατο.
804 4293 821 4324 ι
847 4275 958 4346 Τὴν
990 4275 1099 4346 γάρ
1142 4276 1437 4331 ἀναϐίωσιν
1471 4278 1635 4332 αὑτοῦ
1661 4279 1760 4349 τὴν
1791 4282 1853 4332 ὲκ
1882 4279 1975 4333 τοῦ

388 4361 618 4416 θανάτου
643 4364 779 4434 μετὰ
807 4365 904 4436 τῆς
927 4365 1021 4419 τοῦ
1048 4368 1283 4438 Χριστοῦ
1311 4370 1657 4431 ἀναστάσεως
1678 4370 1976 4441 γενομένην

386 4452 473 4507 διὰ
517 4454 718 4508 τούτων
763 4456 997 4528 ᾐνίξατο.
1034 4458 1314 4523 Ὠσαύτως
1356 4460 1414 4513 δὲ
1470 4462 1564 4513 καὶ
1612 4463 1640 4514 6
1693 4461 1975 4525 ἑνδέκατος

388 4561 413 4594 ι
450 4545 576 4614 περὶ
628 4546 727 4616 τῆς
770 4547 964 4616 ὀγδόης
1001 4568 1018 4598 ι
1054 4550 1478 4621 ἐπιγέγραπται,
1518 4550 1611 4602 τοῦ
1661 4550 1823 4603 Δαυῖδ
1876 4549 1973 4621 τὴν

384 4636 577 4706 ὁμοίαν
605 4637 807 4691 ἱκεσίαν
841 4640 1109 4711 περιέχων
1137 4641 1437 4708 φάσκοντος
1458 4658 1469 4669 ⁸
1497 4662 1513 4693 ι
1545 4642 1724 4697 Σῶσόν
1752 4662 1840 4713 με,
1862 4644 1974 4695 Κύ-

388 4744 493 4797 ριε,
528 4728 609 4781 ἔτι
638 4730 948 4784 ἐκλέλοιπεν
980 4733 1143 4797 ὅσιος.
1191 4753 1208 4784 ι
1244 4730 1375 4786 Εἶτα
1407 4734 1466 4786 τὸ
1497 4732 1623 4805 ἑξῆς
1654 4736 1754 4787 οὐκ
1790 4737 1976 4788 ἐπικε-

386 4819 771 4890 καλυμμένως,
810 4823 944 4876 ἀλλά
982 4824 1269 4894 τηλαυγῶς
1298 4824 1547 4896 ἐπιφέρει
1572 4824 1774 4895 λέγων·
1809 4846 1826 4875 ι
1861 4826 1974 4879 Νῦν

385 4913 785 4982 άναστήσομαι,
817 4914 965 4983 λέγει
1011 4916 1242 4987 Κύριος·
1275 4916 1508 4987 θήσομαι
1537 4918 1594 4969 ἐν
1630 4918 1903 4988 σωτηρίῳ.
1946 4938 1964 4970 ι

384 5004 463 5057 Δι’
495 5006 562 5076 ῆν
594 5005 889 5060 ἀνάστασιν
932 5006 1027 5060 τοῦ
1070 5009 1275 5081 Κύριου
1311 5011 1377 5079 τῇ
1424 5007 1563 5079 μετὰ
1590 5008 1650 5060 τὸ
1692 5010 1971 5063 Σάϐϐατον

384 5095 588 5167 ἡμέρᾳ,
636 5097 756 5167 ἥτις
786 5093 853 5170 ἦν
899 5098 1081 5171 ὀγδόη,
1118 5098 1438 5172 γενομένην,
1470 5101 1549 5162 εἱς
1579 5099 1748 5154 τύπον
1780 5104 1972 5172 καινῆς

383 5184 551 5256 ζωῆς,
585 5187 839 5260 τοιαύτης
872 5186 1025 5258 οἶμαι
1072 5192 1395 5262 προγραφῆς
1432 5192 1518 5245 τὸν
1560 5191 1774 5263 ψαλμὸν
1807 5192 1968 5262 ἠξιῶ-

385 5276 528 5330 σθαι.
554 5278 674 5331 Εἰσὶ
704 5279 801 5349 μὲν
827 5281 1027 5344 πάντες
1049 5281 1099 5332 οἱ
1130 5282 1600 5353 ἐπιγεγραμμένοι
1636 5300 1654 5333 ι
1683 5282 1822 5352 ὑπὲρ
1859 5281 1967 5335 τῶν

381 5367 891 5443 ἁλλοιωθησομένων
922 5391 940 5422 ι
968 5371 1057 5425 τὸν
1090 5370 1320 5443 ἀριθμὸν
1356 5373 1640 5443 τέσσαρες.
1688 5373 1905 5427 Τούτων
1940 5376 1968 5427 6

385 5462 484 5533 μὲν
531 5465 893 5537 πεευηηκοστὸς
931 5463 1151 5528 ἐννατος
1191 5464 1339 5518 δοκεῖ
1382 5483 1470 5537 μοι
1514 5465 1614 5538 τὴν
1645 5465 1755 5520 τῶν
1797 5465 1966 5519 ἐθνῶν

450 5600 495 5631 ⁸⁷
534 5599 669 5653 PSul.
703 5616 818 5661 viii.
857 5600 910 5653 2.
988 5601 1033 5631 ""
1066 5600 1202 5652 Psal.
1234 5615 1399 5664 ινιτ,
1422 5600 1477 5653 ‘2.

2087 3362 2414 3415 vaticinatur
2446 3362 2529 3416 his
2572 3362 2751 3416 verbis
2796 3362 2842 3393 ⁸³
2881 3381 2894 3416 :
2940 3382 2957 3413 ι
2996 3361 3363 3429 Convertere,
3413 3363 3669 3429 Domine,

2085 3453 2233 3522 eripe
2264 3453 2500 3507 animam
2532 3470 2734 3519 meam,
2765 3454 2973 3509 salvum
3009 3471 3093 3508 ine
3135 3455 3222 3509 fac
3259 3467 3478 3526 propter
3513 3458 3668 3511 inise-

2085 3545 2378 3599 ricordiam
2429 3558 2574 3599 tuain
2623 3562 2636 3599 :
2685 3548 2939 3615 quoniam
2986 3562 3090 3601 non
3142 3558 3225 3600 est
3274 3548 3325 3600 in
3364 3558 3538 3601 morte
3579 3551 3668 3616 qui

2085 3651 2295 3691 memor
2326 3636 2400 3691 sit
2444 3636 2517 3689 tui
2542 3676 2557 3700 ,
2597 3637 2650 3690 in
2704 3636 2916 3692 inferno
2959 3648 3137 3691 autem
3175 3638 3296 3707 quis
3327 3640 3669 3693 conﬁtebitur

2087 3729 2222 3783 tibi?
2257 3749 2275 3782 ι
2306 3744 2367 3785 ac
2393 3729 2437 3783 si
2473 3729 2701 3784 Domino
2726 3728 2827 3799 ipsi
2849 3731 3148 3800 supplicet,
3174 3742 3229 3785 ut
3254 3729 3489 3784 animam
3517 3747 3669 3784 suam

2082 3828 2238 3875 eruat
2271 3836 2299 3874 a
2336 3830 2530 3875 morte.
2562 3821 2616 3874 In
2657 3824 3013 3891 sequentibus
3044 3838 3173 3875 vero
3199 3863 3214 3887 ,
3243 3838 3300 3877 se
3329 3832 3449 3877 vota
3477 3839 3669 3875 conse—

2082 3922 2264 3969 cutuin
2292 3929 2411 3969 esse
2438 3914 2682 3968 declarat
2719 3913 2804 3969 his
2843 3915 3027 3969 verbis
3052 3915 3101 3946 ’δ
3135 3932 3149 3968 :
3191 3933 3211 3965 ι
3247 3914 3531 3969 Exaudivit
3565 3914 3669 3968 Do-

2083 4006 2263 4061 minus
2290 4021 2476 4060 vocem
2503 4005 2663 4061 ﬂetus
2692 4006 2797 4060 mei
2832 4020 2846 4059 :
2873 4006 3153 4059 exaudivit
3183 4007 3443 4061 Dominus
3478 4006 3664 4083 depre-

2081 4096 2348 4150 cationem
2388 4111 2601 4161 meam,
2644 4097 2905 4152 Dominus
2938 4096 3243 4151 orationem
3279 4112 3455 4151 meam
3485 4114 3665 4153 susce-

2040 4246 2047 4249 _
2079 4188 2180 4259 pit.
2230 4206 2250 4241 ι
2291 4187 2461 4243 Suum
2496 4190 2641 4244 enim
2674 4204 2739 4244 ex
2778 4196 2952 4243 morte
2982 4188 3046 4241 ad
3077 4187 3243 4242 vitam
3285 4190 3545 4253 reditum,
3576 4190 3667 4259 qui

2082 4291 2202 4351 post
2233 4280 2689 4335 resurrectionem
2732 4280 2932 4335 Christi
2979 4279 3240 4349 contigit,
3295 4281 3377 4334 his
3421 4282 3665 4335 siibindi-

2081 4375 2247 4432 cavit.
2269 4373 2636 4443 Similiterque
2653 4373 2974 4426 undecimus
2993 4371 3283 4441 psalinus,i
3302 4388 3397 4439 pro
3414 4382 3662 4434 (κήδη.)

2081 4467 2374 4537 inscriptus
2430 4474 2549 4526 est.
2608 4480 2909 4534 paremque
2967 4463 3187 4517 Davidis
3227 4462 3665 4531 deprecationem

2081 4560 2327 4614 continet
2380 4558 2609 4612 dicentis
2652 4556 2697 4587 ⁵⁵
2740 4573 2753 4609 :
2801 4572 2823 4607 ι
2863 4554 3085 4609 Salvum
3123 4571 3209 4610 me
3242 4557 3356 4617 fac,
3399 4556 3663 4623 Domine,

2082 4650 2337 4719 quoniam
2382 4646 2583 4701 defecit
2614 4655 2858 4700 sanctus.
2902 4664 2919 4696 ι
2969 4646 3231 4714 Deinceps
3268 4662 3373 4699 non
3402 4646 3663 4710 obscure.

2083 4740 2173 4795 sed
2216 4739 2361 4793 clare
2409 4753 2473 4791 ac
2522 4736 2752 4791 dilucide
2780 4734 3064 4798 subinleri,
3098 4734 3287 4789 dicens
3316 4734 3361 4766 ⁵⁵
3400 4755 3414 4789 :
3456 4753 3475 4787 ι
3514 4735 3666 4790 Nunc

2085 4845 2383 4899 resurgam,
2434 4829 2565 4883 dicit
2626 4828 2886 4882 Dominus
2939 4843 2954 4879 :
3016 4841 3211 4893 ponam
3254 4826 3306 4879 iii
3348 4825 3595 4883 salutari.
3636 4845 3653 4877 i

2078 4920 2307 4991 Propter
2335 4935 2496 4990 quani
2524 4918 2735 4973 Domini
2768 4918 3238 4982 resurrectionem,
3263 4931 3381 4986 quae
3407 4917 3493 4970 die
3524 4917 3663 4971 Sab-

2079 5011 2261 5066 batum
2312 5013 2698 5080 subsequente,
2752 5008 2805 5062 id
2847 5016 2968 5071 est,
3017 5016 3240 5071 octava,
3291 5008 3556 5077 contigit,
3606 5008 3657 5062 in

2082 5118 2233 5156 novae
2264 5103 2389 5157 vim
2420 5110 2606 5173 typum
2652 5098 2956 5169 hujusmodi
2994 5098 3349 5167 inscriptione
3372 5084 3658 5166 idignatum

2079 5208 2201 5247 esse
2232 5194 2501 5262 psalmum
2536 5190 2812 5247 existimo.
2850 5190 2988 5243 Sunt
3022 5204 3188 5258 porro
3216 5206 3404 5246 omnes
3430 5189 3656 5260 psalmi,

2082 5304 2100 5336 ι
2127 5300 2224 5353 pro
2253 5285 2319 5338 iis
2343 5290 2432 5353 qut
2468 5284 2923 5343 immulabuntur,
2946 5298 2964 5331 ι
2984 5280 3251 5353 inscripti,
3272 5296 3498 5335 numero
3521 5296 3657 5349 qua-

2078 5386 2218 5430 tuor.
2269 5374 2347 5429 Ex
2403 5376 2490 5431 his
2537 5375 3022 5447 quinquagesimus
3065 5390 3237 5429 nonus
3270 5374 3487 5428 videtur
3522 5374 3652 5428 milii

2076 5468 2507 5522 immutationem
2561 5468 2802 5525 indicare
2844 5483 3008 5539 quam
3056 5482 3232 5537 passa:
3287 5474 3412 5519 sunt
3460 5474 3649 5533 gentes

1574 5598 1619 5631 ιο
1646 5600 1800 5671 ibid.,
1850 5600 1933 5662 i2,
1968 5600 1979 5652 l

2132 5602 2178 5633 ⁸ο
2210 5599 2297 5658 Ps.
2330 5618 2563 5669 Lxxxm,
2591 5600 2656 5671 2,
2686 5602 2740 5657 5.
2816 5600 2860 5633 ⁸¹
2894 5599 3027 5655 ibid.
3059 5596 3112 5652 4.
3189 5596 3235 5629 ⁸³
3275 5594 3407 5651 ibid.
3441 5594 3529 5658 10.
3560 5593 3644 5653 ﬂ.

381 5669 430 5703 ⁵³
461 5671 546 5724 Ps.
582 5685 653 5736 v1,
688 5670 740 5735 5,
767 5673 820 5724 6.
896 5669 945 5703 ⁵⁸⁵
984 5672 1113 5726 ibid.
1147 5672 1231 5728 lO.
1309 5672 1354 5702 ⁵⁸
1390 5671 1477 5726 Ps.
1510 5687 1584 5736 XI,
1612 5671 1668 5727 ‘2.
1743 5670 1790 5700 ⁵⁸
1814 5671 1944 5724 ibid.
1972 5675 2022 5724 b‘.

455 5810 567 5880 (23)
614 5813 678 5883 ῘΟ
713 5814 928 5881 Κύριος
974 5814 1162 5883 ἡμῶν.
1222 5812 1703 5878 Mo:ilcf.ilco:iius,
1758 5814 1786 5864 6
1819 5810 2021 5883 Κύριός
2054 5829 2179 5882 μου.

454 5883 563 5956 (24)
598 5882 849 5950 Grabius,
888 5882 1199 5960 ὑπολήνιος.
