4124 6402
440 387 578 446 1065

1875 383 1964 438 EX
2005 380 2312 438 ORIGENE

3567 389 3716 448 1064

437 506 565 558 dum
611 517 675 556 ex
710 500 1150 572 superstitionum
1185 515 1371 554 errore
1408 499 1474 553 ad
1509 499 1885 554 universorum
1919 499 2012 553 Dei

2117 497 2404 552 ἀλλοίωσιν
2433 496 2498 567 ἣν
2533 495 2836 550 πεπόνθασι
2878 497 3213 568 μεταϐάντες
3243 499 3307 553 ἐκ
3340 500 3438 571 τῆς
3463 502 3722 561 δεισιδαί-

437 594 638 649 cultum
679 593 1030 648 transierunt.
1066 590 1156 644 Ait
1183 607 1313 662 ergo
1344 591 1386 622 ⁵⁷
1422 611 1434 645 :
1478 610 1496 642 ι
1531 590 1671 644 Dens
1708 591 1914 644 loeutus
1939 601 2024 646 est

439 685 494 740 in
542 693 734 740 sancto
773 685 1167 751 suo,La:tabor
1201 695 1258 740 et
1301 684 1550 754 partibor
1588 680 1926 749 Sichimaut,
1969 693 2024 737 et

435 778 734 833 convallem
769 775 1246 831 tabernaculorum
1296 774 1550 830 tnetibor.
1599 773 1752 828 Mens
1794 782 1876 827 est
1916 773 2024 827 Ga-

435 867 554 922 laad
581 906 598 933 ,
631 879 686 922 et
725 882 877 922 meus
916 875 1002 920 est
1047 866 1354 931 Manasses,
1385 874 1440 920 et
1480 864 1737 935 Ephraim
1765 863 2023 918 fortitudo

433 959 626 1030 capitis
663 959 789 1012 mei.
831 957 968 1013 Juda
1014 974 1110 1011 rex
1153 972 1336 1021 mens,
1376 957 1533 1012 Moab
1565 957 1670 1010 olla
1707 957 1820 1026 spei
1866 973 2018 1010 tne:c.

434 1053 489 1106 In
521 1050 808 1105 ldunnnam
851 1052 1142 1104 extendam
1173 1049 1600 1104 calceamentum
1649 1065 1862 1114 meum;
1891 1047 2020 1102 tnihi

433 1142 755 1211 alienigcme
807 1140 1008 1194 subditi
1061 1151 1207 1194 sunt.
1259 1159 1276 1192 ι
1326 1140 1462 1195 tium
1511 1140 1826 1195 lsraeliticis
1858 1143 2023 1210 igitur

436 1234 692 1287 tribubus
729 1231 889 1286 Moab
935 1245 1152 1299 quoque
1180 1242 1233 1285 ct
1267 1229 1555 1285 Idumaeam
1589 1247 1652 1284 ac
1692 1232 2023 1298 alienigenas

431 1323 862 1391 roniprcltendit.
908 1323 1292 1391 Sexagesimus
1326 1335 1553 1377 oetavus
1595 1323 1836 1391 psalmus
1871 1324 2025 1377 sitni-

431 1415 550 1470 liter
605 1416 932 1484 inscriptus,
983 1415 1418 1468 imminutionem
1473 1414 1614 1467 illius
1664 1418 1753 1482 qui
1806 1425 2023 1483 propter

430 1524 530 1562 nos
590 1507 642 1559 in
697 1504 958 1573 profunda
1020 1506 1279 1573 spiritalis
1317 1505 1480 1560 maris
1527 1505 1846 1570 descendit,
1895 1521 2022 1560 nec.

431 1611 536 1648 non
566 1595 731 1666 518
758 1611 822 1650 ea
861 1613 980 1664 quae
1010 1597 1075 1647 ad
1109 1597 1418 1664 passionem
1449 1594 1566 1662 ejus
1599 1598 1904 1665 pertinent,
1947 1597 2022 1651 si-

429 1686 642 1756 gniﬁcat
681 1688 764 1741 his
801 1687 975 1740 verbis
1014 1682 1099 1734 ⁵⁸2
1151 1703 1170 1736 ι
1221 1686 1490 1740 Dederunt
1528 1687 1580 1739 in
1626 1700 1804 1740 escam
1848 1701 2021 1743 meam

428 1776 534 1839 fel,
567 1789 616 1831 et
645 1777 696 1830 in
724 1776 812 1830 siti
845 1792 962 1831 mea
1000 1786 1322 1847 putaverunt
1349 1793 1433 1833 me
1461 1786 1651 1842 aceto;
1698 1795 1718 1829 ›
1754 1777 2024 1847 simulque

424 1881 610 1921 eormn
638 1867 728 1936 qui
755 1867 991 1921 insidiati
1013 1876 1139 1921 sunt
1173 1867 1226 1921 in
1264 1866 1533 1923 deteriora
1567 1868 1975 1924 conversionem
2009 1893 2022 1927 :

423 1971 543 2024 quae
589 1957 751 2010 etiam
796 1956 1182 2033 ipseexhibet,
1223 1957 1409 2012 dicens
1441 1958 1486 1989 ⁵ο
1525 1976 1538 2012 :
1573 1975 1594 2010 ι
1645 1956 2021 2014 Obscureutur

422 2048 562 2102 oeuli
615 2063 805 2102 eorum
855 2064 922 2103 ne
963 2048 1219 2112 videant,
1248 2059 1304 2102 et
1332 2049 1554 2102 dorsum
1578 2063 1769 2104 eorum
1799 2064 2018 2120 semper

426 2138 652 2194 incurva
677 2181 693 2205 ,
749 2159 767 2192 ι
813 2149 919 2194 etc.
970 2140 1036 2194 Et
1073 2141 1522 2210 quadragesimus
1550 2151 1776 2212 quartus
1817 2143 1907 2212 qui
1936 2153 2020 2199 est

423 2235 657 2290 filiorum
701 2235 859 2294 Core.
909 2244 965 2290 et
1005 2234 1318 2290 inscribitur
1347 2253 1366 2288 ι
1413 2249 1510 2304 pro
1533 2235 1601 2290 iis
1631 2237 1721 2305 qui
1762 2237 2019 2292 immuta-

425 2327 665 2393 buntur,
693 2336 748 2381 et
783 2341 880 2397 pro
911 2326 1108 2382 dilecto
1135 2326 1202 2391 ⁶⁰,
1243 2345 1262 2378 ι
1296 2325 1550 2381 similiter
1587 2326 2018 2382 immutationem

422 2433 544 2486 quae
573 2418 719 2472 circa
767 2418 1022 2470 dilectum
1074 2417 1167 2470 Dei
1212 2416 1408 2470 accidit
1427 2455 1441 2482 ,
1471 2415 1822 2486 divinamque
1850 2415 1918 2470 de
1943 2430 2011 2471 eo

423 2508 726 2564 doctrinam
757 2508 1020 2575 continet,
1051 2517 1106 2561 et
1132 2506 1389 2561 Ecclesia:
1417 2522 1486 2561 ex
1513 2506 1762 2578 gentibus
1789 2507 1856 2562 ad
1886 2521 2010 2562 eum

425 2599 840 2654 conversionem
885 2597 1127 2652 ostendit
1159 2597 1261 2652 hoc
1292 2596 1452 2651 modo
1478 2597 1521 2628 ει
1553 2613 1567 2651 :
1607 2614 1628 2648 ι
1659 2595 1834 2660 Audi,
1869 2595 1977 2649 filia
1999 2634 2016 2662 ,

429 2697 486 2741 et
526 2689 675 2753 vide,
719 2699 773 2742 et
801 2688 996 2742 inclina
1031 2702 1214 2742 aurem
1264 2697 1433 2753 tuam,
1483 2705 1502 2738 ι
1551 2701 1605 2742 et
1649 2695 1862 2744 caetera.
1921 2684 2018 2740 Se-

423 2779 793 2848 ptuagcsimns
837 2793 1010 2832 nonus
1051 2779 1142 2848 qui
1205 2787 1290 2833 est
1356 2778 1595 2850 Asaphi,
1655 2787 1710 2833 et
1767 2777 2018 2833 similiter

422 2869 722 2937 inscriptus
772 2879 889 2935 est,
939 2869 1138 2937 prioris
1185 2883 1372 2923 rursus
1415 2869 1594 2938 populi
1631 2872 1696 2922 ad
1746 2869 2014 2924 deteriora

419 2961 832 3014 conversionem
883 2960 1160 3026 continet,
1211 2961 1398 3015 dicens
1447 2962 1491 2992 θ’
1544 2979 1558 3014 :
1610 2979 1628 3012 ι
1668 2960 1890 3015 Vincam
1948 2963 2016 3016 de

419 3050 651 3123 (Egyth
691 3050 1036 3115 transtulisti,
1092 3070 1111 3104 ι
1157 3062 1211 3105 et
1257 3063 1472 3107 ca-tera.
1513 3051 1778 3118 Quoniam
1835 3061 2013 3108 autem

419 3143 755 3195 lcrrestrimn
792 3140 984 3194 [iurum
1029 3145 1190 3197 decor
1219 3152 1276 3196 et
1303 3143 1597 3214 fragrantia
1625 3145 1786 3200 citius
1818 3146 2014 3199 immu-

418 3243 565 3288 tatnr
617 3243 670 3289 et
715 3234 765 3287 in
791 3233 1194 3304 corruptionem
1233 3235 1485 3301 vertitur,
1523 3235 1645 3290 ideo
1671 3235 1884 3290 videtur
1909 3235 2015 3292 He-

418 3322 658 3376 braicuni
699 3342 717 3372 ι
753 3324 824 3376 De
850 3325 976 3378 liliis
1004 3333 1094 3377 aut
1118 3323 1189 3377 De
1216 3322 1436 3378 ﬂoribus
1468 3342 1486 3376 ι
1536 3325 1750 3380 titulum
1790 3327 2011 3383 habere.

415 3414 895 3485 Quaproptcrloeu
927 3435 946 3468 ‹
983 3417 1162 3486 proiis
1180 3417 1272 3485 qui
1293 3417 1740 3484 immntabunlur,
1773 3436 1791 3468 ι
1817 3418 2010 3487 Aquila

421 3526 441 3559 ι
475 3524 572 3577 pro
603 3507 752 3569 liliis,
777 3527 795 3558 ι
817 3508 1178 3578 Symmachus
1201 3525 1219 3556 ι
1241 3508 1306 3560 de
1323 3507 1546 3561 floribus
1577 3527 1596 3559 ι
1629 3509 2012 3576 interpretatus

415 3609 519 3656 est.
535 3598 636 3666 Qui
663 3600 1044 3670 inscriptisunt
1064 3617 1083 3649 ι
1116 3615 1212 3667 pro
1230 3598 1479 3662 occultis,
1506 3617 1526 3648 ι
1559 3600 1826 3653 occultum
1843 3600 2014 3668 quod-

416 3692 540 3744 dam
561 3699 616 3744 et
644 3689 816 3742 latens
841 3689 1060 3752 bellum,
1091 3703 1296 3742 necnon
1323 3688 1388 3740 de
1417 3685 1773 3742 invisibilibus
1791 3687 2014 3757 etspiri-

417 3781 623 3836 talibus
673 3780 915 3834 inimicis
966 3779 1250 3833 victoriam
1293 3777 1594 3832 Salvatoris
1633 3781 1801 3833 nostri
1843 3782 2016 3834 conti-

417 3871 950 3941 nent.Nonnsigitur
977 3871 1054 3924 ait
1085 3871 1129 3901 ⁸³
1159 3887 1172 3924 :
1201 3889 1220 3921 ‹
1258 3870 1312 3923 In
1343 3871 1710 3925 convertenda
1733 3870 2011 3926 inimicum

417 3981 594 4020 tnctnn
613 3972 930 4028 retrorsum,
956 3982 972 4013 ι
1000 3972 1057 4015 et
1080 3971 1272 4015 czulera
1294 3978 1416 4031 qttre
1445 3961 1741 4032 subjnngit,
1773 3962 2009 4032 gentium

417 4060 758 4114 vocationem
795 4058 1038 4111 indicant
1065 4072 1116 4111 ιι
1157 4055 1377 4111 Psallite
1407 4057 1631 4112 Domino
1670 4056 1760 4126 qui
1806 4056 2013 4111 habitat

415 4151 472 4207 in
513 4151 676 4216 Sion,
720 4149 1040 4204 annuntiate
1082 4150 1224 4203 inter
1277 4158 1469 4219 gentes
1518 4149 1692 4201 studia
1731 4149 1847 4218 ejus
1880 4147 1945 4201 “.
1987 4166 2005 4199 ι

416 4242 542 4298 [hee
587 4252 766 4297 autem
822 4242 1056 4296 latenter
1104 4251 1342 4308 tempore
1388 4241 1652 4308 passionis
1694 4241 1999 4299 accidisse.

412 4339 528 4404 ipse
567 4335 752 4389 titulus
792 4333 983 4404 psalmi
1022 4334 1275 4388 ostendit.
1318 4333 1634 4387 lnscribitur
1672 4332 1813 4385 enim
1855 4350 1874 4376 ε
1915 4347 2012 4401 pro

415 4426 639 4480 occultis
671 4425 762 4479 filii
800 4441 814 4479 :
857 4443 876 4476 ι
917 4440 1013 4493 pro
1057 4439 1165 4494 quo
1200 4423 1559 4494 Symmachus
1601 4424 1763 4476 vertit
1815 4441 1828 4477 :
1864 4441 1880 4472 ι
1908 4422 2011 4476 Pro

2126 604 2289 658 μονος
2336 586 2544 657 πλάνης
2576 587 2668 640 ἐπὶ
2714 588 2814 657 τὴν
2853 588 3136 642 εὐσέϐειαν
3165 589 3398 661 (235)106
3426 591 3534 646 τῶν
3579 595 3718 650 ὅλων

2123 678 2258 732 Θεοῦ
2293 679 2596 749 σημαίνειν.
2627 678 2784 746 Λέγει
2811 679 2854 732 δ’
2889 675 3012 732 οὖν·
3046 700 3064 732 ι
3105 682 3162 735 Ὁ
3196 681 3330 746 Θεὸς
3360 683 3623 756 ἐλάλησεν
3657 691 3718 743 ἐν

2121 769 2202 840 τῷ
2225 771 2364 840 ἁγίῳ
2404 769 2590 823 αὑτοῦ·
2610 767 3030 843 Ἀγαλλιάσομαι
3075 772 3170 826 καὶ
3194 772 3461 846 διαμεριῶ
3491 777 3715 851 Σίκιμα,

2123 861 2219 914 καὶ
2247 859 2344 930 τὴν
2373 859 2593 913 κοιλάδα
2616 861 2723 912 τῶν
2759 863 2972 931 σκηνῶν
3003 863 3372 935 διαμετρήσω.
3406 867 3570 938 Ἐμός
3597 873 3718 926 ἐστι

2123 950 2355 1013 Γαλαὰδ,
2380 951 2474 1003 καὶ
2501 952 2631 1022 ἐμός
2661 952 2776 1004 ἐστι
2801 953 3098 1023 Μανασσῆς
3119 971 3133 984 ·
3188 956 3280 1008 καὶ
3314 957 3555 1030 Ἐφραῒμ
3579 979 3726 1034 κρα-

2122 1042 2345 1106 ταίωσις
2385 1043 2487 1112 τῆς
2539 1044 2781 1115 κεφαλῆς
2832 1062 2966 1116 μου·
3037 1046 3236 1111 Ἰούδας
3285 1047 3538 1119 βασιλεύς
3583 1072 3713 1124 μου,

2123 1132 2296 1186 Μωάϐ
2342 1131 2504 1204 λέϐης
2553 1134 2652 1204 τῆς
2699 1133 2910 1198 ἐλπίδος
2957 1153 3079 1206 μου,
3124 1137 3246 1190 Ἐπὶ
3273 1139 3372 1209 τὴν
3413 1141 3714 1214 Ἰδουμαίαν

2125 1223 2327 1277 ἐκτενῶ
2372 1224 2432 1277 τὸ
2476 1225 2642 1296 ὑπόδη
2652 1227 2727 1296 μά
2772 1244 2871 1296 μου
2894 1244 2906 1259 ο
2945 1229 3068 1298 ἐμοὶ
3113 1228 3396 1298 ἀλλόφυλοι
3432 1231 3713 1305 ὑπετάγη-

2125 1332 2241 1368 σαν.
2279 1335 2296 1365 ι
2327 1315 2481 1368 Μετά
2514 1316 2643 1384 γοῦν
2679 1317 2786 1371 τῶν
2828 1319 3234 1389 ἰσραηλιτικῶν
3262 1321 3464 1387 φυλῶν,
3491 1326 3584 1378 καὶ
3622 1326 3712 1380 τὸν

2121 1406 2316 1471 Μωάϐ,
2340 1409 2436 1460 καὶ
2462 1408 2560 1477 τὴν
2589 1408 2909 1476 Ἰδουμαίαν,
2934 1411 3027 1464 καὶ
3059 1413 3182 1475 τοὺς
3205 1411 3532 1481 ἀλλοφύλους
3556 1433 3713 1487 περι-

2122 1495 2361 1566 είληφεν.
2402 1499 2458 1549 Ὀ
2499 1498 2554 1550 δέ
2601 1497 2890 1570 ἐξηκοστὸς
2919 1500 3105 1567 ὄγδοος
3133 1502 3334 1572 ὁμοίως
3363 1505 3707 1578 ἐπιγεγραμ-

2125 1588 2283 1658 μένος
2315 1588 2612 1660 μεταϐολὴν
2640 1590 2750 1659 ἔχει
2786 1592 2880 1644 καὶ
2915 1591 3195 1646 ἀλλοίωσιν
3222 1593 3317 1645 τοῦ
3346 1595 3411 1646 δι’
3447 1598 3592 1666 ἡμᾶς
3629 1601 3710 1662 είς

2121 1675 2189 1729 τὰ
2223 1675 2358 1748 βάθη
2382 1677 2482 1746 τῆς
2511 1679 2806 1750 νοουμένης
2839 1679 3114 1751 θαλάσσης
3145 1681 3587 1753 κατεληλυθότος,
3614 1688 3710 1740 καὶ

2121 1766 2191 1821 τὰ
2243 1770 2372 1842 περὶ
2409 1770 2503 1824 τοῦ
2557 1771 2762 1836 πάθους
2803 1773 2989 1836 αὑτοῦ,
3035 1774 3071 1828 ὃ.
3119 1776 3212 1829 καὶ
3256 1775 3406 1846 δηλοῖ
3447 1775 3533 1830 διὰ
3575 1779 3705 1832 τοῦθ

2053 1839 2099 1897 Β
2132 1877 2151 1912 ‹
2193 1839 2442 1914 Ἐδωκαν
2476 1863 2556 1925 εἰς
2589 1862 2648 1915 τὸ
2677 1863 2878 1936 βρῶμά
2917 1882 3014 1935 μου
3043 1865 3223 1937 χολὴν,
3253 1839 3344 1919 καὶ
3386 1869 3464 1930 εἰς
3503 1868 3604 1938 τὴν
3639 1867 3716 1920 δί-

2120 1949 2230 2019 ψαν
2271 1967 2372 2020 μου
2423 1950 2681 2005 ἐπότισάν
2715 1970 2784 2023 με
2817 1954 2937 2019 ὅξος
2959 1971 2973 1984 ·
3013 1974 3030 2005 ι
3066 1956 3161 2008 καὶ
3209 1955 3306 2026 τὴν
3339 1955 3448 2008 τῶν
3483 1957 3707 2010 ἐπιϐου-

2119 2039 2424 2093 λευσάντων
2458 2041 2550 2093 ἐπὶ
2579 2041 2649 2094 τά
2685 2042 2852 2113 χείρω
2899 2045 3106 2114 τροπήν
3127 2061 3139 2074 ·
3174 2044 3210 2098 ἃ
3247 2045 3341 2099 καὶ
3375 2047 3536 2110 αὐτὸς
3570 2065 3709 2117 παρ-

2123 2131 2300 2202 ίστησι
2343 2133 2550 2201 λέγων·
2585 2152 2604 2186 ι
2647 2134 3096 2207 Σκοτισθήτωσαν
3138 2139 3187 2190 οἱ
3221 2137 3484 2209 ὀφθαλμοὶ
3531 2138 3706 2192 αὐτῶν

2119 2221 2212 2276 τοῦ
2273 2222 2348 2294 μὴ
2403 2223 2639 2293 βλέπειν,
2685 2225 2779 2279 καὶ
2831 2225 2921 2278 τὸν
2966 2225 3134 2279 νῶτον
3180 2227 3358 2280 αὐτῶν
3419 2227 3708 2292 διαπαντὸς

2121 2314 2460 2386 σύγκαμψον,
2501 2335 2519 2367 ι
2552 2318 2646 2370 καὶ
2703 2316 2771 2370 τὰ
2823 2316 2970 2387 ἐξῆς.
3026 2319 3136 2370 Καὶ
3187 2319 3216 2372 6
3270 2321 3705 2391 τεσσαρακοστδς

2118 2405 2401 2475 τέταρτος,
2432 2405 2540 2461 τῶν
2570 2405 2701 2459 υἱῶν
2734 2407 2877 2478 Κορὲ
2903 2407 3205 2476 τυγχάνων,
3239 2427 3256 2459 ι
3298 2409 3438 2480 ὑπὲρ
3470 2410 3576 2462 τῶν
3608 2411 3706 2462 άλ-

2116 2496 2559 2570 λοιωθησομένων
2589 2517 2608 2550 ›
2635 2499 3130 2570 ἐπιγεγραμμένος,
3157 2519 3176 2550 ‹
3204 2500 3344 2573 ύπέρ
3373 2518 3431 2554 τε
3456 2502 3549 2554 τοῦ
3571 2504 3707 2570 ἀγα-

2118 2589 2313 2658 πητοῦ,
2355 2610 2372 2641 ι
2398 2591 2598 2662 ὁμοίως
2627 2589 2719 2644 καὶ
2733 2590 2894 2652 αὐτὸς
2913 2591 3013 2660 τὴν
3043 2591 3168 2662 περὶ
3185 2591 3277 2644 τὸν
3299 2591 3579 2661 ἀγαπητὸν
3610 2592 3703 2645 τοῦ

2118 2680 2251 2734 Θεοῦ
2287 2681 2570 2735 ἀλλοίωσιν
2603 2682 2746 2752 ἔχει·
2780 2683 2836 2734 ἐν
2866 2681 3015 2752 αὑτῷ
3048 2681 3142 2735 καὶ
3166 2681 3263 2753 τὴν
3293 2682 3564 2750 θεολογίαν
3605 2684 3704 2736 αύ-

2116 2773 2208 2827 τοῦ
2266 2773 2418 2846 περιλ
2433 2773 2594 2838 ιϐὼν,
2642 2774 2736 2826 καὶ
2785 2773 2884 2843 τῆς
2927 2756 2986 2839 ἐξ
3035 2772 3203 2826 ἐθνῶν
3251 2773 3572 2843 Ἐκκλησίας
3602 2773 3701 2844 τὴν

2115 2865 2252 2936 πρὸς
2308 2865 2467 2920 αὐτὸν
2499 2863 2829 2938 ἐπιστροφὴν
2874 2863 3048 2935 δηλῶν
3081 2863 3169 2917 διὰ
3218 2864 3305 2917 τό·
3349 2883 3367 2915 ι
3408 2865 3698 2928 ¹Ἄκουσον,

2118 2957 2376 3031 θύγατερ,
2402 2959 2495 3012 καὶ
2522 2960 2618 3024 ἴδε,
2639 2960 2734 3013 καὶ
2759 2958 2936 3012 κλῖνον
2962 2958 3022 3010 τὸ
3047 2954 3140 3022 οὖς
3165 2975 3278 3022 σου,
3307 2979 3324 3010 ι
3347 2959 3438 3012 καὶ
3455 2957 3527 3030 τὰ
3555 2957 3701 3028 ἑξῆς.

2127 3051 2183 3104 Ὀ
2232 3051 2288 3103 δὲ
2347 3050 2741 3120 ἐϐδομηκοστὸς
2799 3049 2985 3111 ἔνατός
3031 3050 3148 3101 ἐστι
3196 3049 3295 3119 μὲν
3343 3047 3435 3101 τοῦ
3495 3047 3700 3116 Ἀσάφ,

2115 3144 2315 3213 ὁμοίως
2344 3142 2400 3195 δὲ
2432 3140 2907 3213 ἐπιγεγραμμένος
2951 3139 3046 3192 τοῦ
3079 3139 3346 3212 προτέρου
3383 3139 3542 3192 πάλιν
3572 3137 3700 3191 λαοῦ

2115 3235 2214 3306 τὴν
2247 3234 2339 3288 ἐπὶ
2366 3233 2434 3286 τὰ
2473 3233 2638 3303 χείρω
2665 3233 2872 3304 τροπὴν
2915 3231 3159 3302 περιέχει
3193 3231 3394 3298 λέγων·
3433 3250 3449 3280 ι
3496 3230 3706 3300 ’Λμπε-

2115 3325 2204 3380 λον
2239 3324 2300 3389 ἐξ
2325 3325 2599 3392 Αἰγύπτου
2632 3322 2895 3393 μετῆρας,
2933 3341 2952 3372 ι
2985 3321 3078 3375 καὶ
3110 3321 3178 3374 τὰ
3219 3321 3365 3388 ἐξῆς.
3451 3322 3559 3374 Καὶ
3601 3319 3705 3373 ἔοι-

2116 3432 2210 3468 κεν
2230 3454 2244 3477 ,
2279 3413 2465 3483 ἐπειδὴ
2497 3414 2604 3465 τῶν
2635 3412 2741 3464 ἀπὸ
2773 3412 2869 3481 τῆς
2896 3411 3001 3480 γῆς
3044 3410 3247 3464 ἀνθέων
3278 3411 3372 3463 καὶ
3414 3411 3612 3482 κρίνων
3644 3410 3705 3463 τὸ

2113 3505 2314 3578 ὡραῖον
2348 3505 2440 3556 καὶ
2465 3503 2662 3565 εὑῶδες
2689 3501 2879 3554 θᾶττον
2913 3500 3235 3564 ἀλλοιοῦται,
3267 3501 3360 3552 καὶ
3387 3503 3468 3564 εἰς
3499 3501 3702 3573 φθορὰν

2119 3595 2542 3667 μεταϐάλλεται,
2591 3592 2782 3645 τούτου
2832 3591 2992 3661 χάριν
3055 3589 3116 3642 τὸ
3169 3589 3452 3661 Ἐϐραῖκὺν
3507 3610 3524 3640 ι
3567 3593 3707 3662 Περὶ

2114 3687 2224 3741 τῶν
2265 3686 2486 3758 κρίνων,
2517 3684 2578 3753 ἢ,
2608 3684 2742 3756 Περὶ
2772 3683 2880 3737 τῶν
2917 3681 3121 3736 ἀνθέων
3145 3701 3162 3732 ι
3185 3681 3475 3753 περιέχειν.
3507 3681 3705 3754 Διόπερ

2121 3798 2140 3830 ι
2182 3778 2302 3832 ἀντὶ
2334 3776 2442 3829 τῶν
2476 3774 3010 3845 ἀλλοιωθησομένων,
3044 3793 3062 3824 ι
3085 3774 3112 3826 6
3151 3773 3246 3844 μὲν
3287 3771 3514 3835 Ἀκύλας
3551 3790 3570 3823 ί
3611 3771 3711 3824 ἐπὶ

2115 3873 2225 3934 τοῖς
2256 3868 2481 3941 κρίνοις,
2510 3887 2527 3918 ι
2549 3869 2576 3919 ὁ
2599 3867 2656 3920 δέ
2683 3866 2973 3936 Σύμμαχος
2995 3883 3012 3916 ‹
3047 3865 3174 3935 περὶ
3197 3863 3304 3916 τῶν
3330 3863 3535 3916 ἀνθέων
3565 3881 3584 3914 ›
3605 3864 3705 3934 ήρο

2117 3963 2404 4034 μήνευσεν.
2441 3962 2505 4014 υἱ
2550 3957 3016 4029 ἐπιγεγραμμένοι
3048 3975 3066 4006 «
3095 3957 3234 4027 ὑπὲρ
3267 3956 3372 4008 τῶν
3404 3955 3648 4024 κρυφίων
3679 3976 3697 4005 ι

2115 4054 2345 4126 κρύφιόν
2372 4071 2493 4106 τινα
2521 4053 2615 4106 καὶ
2654 4051 2981 4104 λανθάνοντα
3023 4049 3277 4119 πόλεμον,
3313 4048 3404 4100 καὶ
3435 4048 3533 4118 τὴν
3562 4047 3701 4100 κατὰ

2113 4147 2222 4201 τῶν
2248 4146 2503 4217 ’ἀοράτων
2532 4145 2625 4198 καὶ
2653 4143 2857 4214 νοητῶν
2898 4141 3106 4214 ἐχθρῶν
3136 4142 3290 4210 νίκην
3329 4140 3420 4192 τού
3452 4140 3700 4208 Σωτῆρος

2114 4237 2271 4309 ἡμῶν
2323 4236 2701 4308 περιέχουσινο
2733 4237 2760 4288 ὁ
2805 4233 2933 4303 γοῦν
2973 4233 3160 4295 ένατός
3197 4249 3360 4302 φησιν
3389 4248 3402 4260 ·
3438 4249 3454 4280 ε
3505 4231 3590 4283 Ἑν
3623 4231 3698 4297 τῷ

2113 4329 2532 4399 ἀποστραφῆναι
2558 4327 2648 4380 τὸν
2684 4325 2877 4398 ἐχθρόν
2911 4343 3010 4397 μου
3051 4327 3131 4389 είς
3168 4324 3236 4376 τὰ
3260 4324 3452 4388 ὀπίσω,
3493 4342 3509 4374 ι
3538 4323 3632 4376 καὶ
3664 4322 3698 4376 ἃ.

2115 4416 2241 4486 ἐξῆς
2267 4416 2474 4479 τούτοις
2505 4417 2778 4487 ἐπιφέρει,
2813 4416 3067 4487 σημαίνει
3103 4415 3201 4485 τὴν
3238 4414 3344 4466 τῶν
3375 4413 3541 4465 ἐθνῶν
3570 4413 3700 4482 κλῆ-

414 4526 590 4569 tnnrte
610 4517 737 4582 lilii;
765 4536 783 4568 ι
801 4515 995 4584 Aquila
1013 4531 1141 4569 vero
1161 4533 1181 4567 ί
1209 4515 1597 4584 projuventute
1618 4532 1666 4570 ιι
1681 4516 1877 4585 quibus
1893 4531 2013 4570 con-

2120 4525 2230 4561 σιν·
2269 4527 2286 4558 ‹
2321 4507 2540 4560 Ψάλατε
2573 4505 2651 4577 τῷ
2693 4507 2881 4577 Κυρίῳ
2925 4507 3001 4575 τῷ
3040 4503 3378 4558 κατοικοῦντι
3423 4504 3479 4554 ἐν
3523 4503 3692 4557 Σιών-

413 4615 609 4656 sonant
639 4614 694 4658 et
719 4618 840 4671 quae
875 4605 938 4657 de
981 4614 1386 4658 resurrectione
1421 4602 1542 4671 ejus
1581 4619 1610 4656 a
1659 4616 1834 4658 morte
1868 4604 2011 4672 psal-

415 4708 537 4746 tnns
590 4693 794 4747 indicat
841 4695 924 4748 his
963 4694 1143 4750 verbis
1174 4695 1220 4726 “
1262 4712 1276 4748 :
1324 4713 1342 4746 ι
1404 4695 1504 4762 Qui
1551 4696 1760 4751 exaltas
1807 4713 1891 4749 nte
1942 4698 2008 4750 de

414 4786 590 4852 portis
621 4777 828 4839 mortis.
875 4804 894 4838 ι
930 4785 1063 4840 ltem
1097 4785 1544 4865 quadragesimus
1584 4786 1808 4856 quintus
1850 4787 2009 4840 sitni-

413 4875 539 4929 liter
572 4895 590 4924 σ
623 4892 718 4946 pro
739 4878 961 4933 occultis
996 4897 1015 4930 ›
1038 4877 1330 4949 inscriptus
1359 4881 1627 4948 invisibile
1652 4893 1704 4934 et
1732 4881 2010 4951 spirituale

413 4967 609 5020 bellum
629 4969 867 5035 exhibet,
889 4971 1076 5025 dicens
1105 4971 1188 5026 3°:
1222 4988 1240 5021 ς
1272 4971 1622 5025 Conturbala:
1647 4983 1773 5027 sunt
1793 4984 2004 5042 gentes,

410 5069 467 5112 et
510 5060 763 5114 inclinata
800 5073 926 5116 sunt
958 5077 1140 5132 regna,
1186 5081 1204 5115 ι
1243 5074 1295 5117 et
1319 5073 1537 5117 caetera.
1592 5062 1793 5118 Deinde
1823 5074 1875 5116 ut
1913 5068 2002 5133 qui

413 5153 684 5222 principes
725 5156 965 5223 gentium
1011 5154 1137 5207 olim
1173 5155 1586 5210 conculcatores
1629 5155 2002 5223 destrinxerat,

414 5253 467 5298 et
508 5258 697 5314 gentes
741 5246 841 5300 sibi
877 5247 1120 5300 subditas
1166 5246 1409 5311 fecerat,
1461 5247 1723 5304 continuo
1757 5249 1832 5301 ait
1877 5249 1921 5280 "
1985 5266 1998 5302 :

419 5357 435 5388 ι
469 5338 757 5393 Ιίιιιιιιιὶιοτ
783 5339 833 5393 in
861 5340 1134 5409 gentibus,
1158 5340 1510 5394 exaltaborin
1542 5350 1704 5394 terra.
1747 5359 1764 5392 ι
1796 5341 1895 5406 Qui
1926 5342 2006 5394 in-

482 5438 526 5468 ”
567 5437 649 5492 Ps.
685 5453 796 5500 Lix,
835 5437 888 5500 8,
921 5436 975 5499 9,
1009 5437 1096 5491 l0.
1170 5436 1217 5468 ⁸⁸
1251 5438 1337 5490 Ps.
1365 5453 1557 5494 vam.
1588 5436 1680 5490 Ἡ.

411 5503 460 5536 ⁸⁸
509 5507 596 5560 Ps.
657 5525 730 5561 Ix.
788 5507 845 5570 4,

511 5626 619 5695 (25)
647 5627 772 5680 Ἐπὶ
798 5628 912 5694 τὴν
935 5629 1266 5691 εὐσέϐειαν,
1288 5639 1394 5681 etc.
1424 5627 1504 5682 Ab
1530 5629 1614 5682 his
1638 5626 1816 5681 verbis
1838 5644 2008 5697 usque

435 5696 504 5750 ad
555 5697 665 5768 ista
711 5713 832 5768 quae
868 5699 1035 5768 longe
1077 5699 1302 5753 inferius
1343 5699 1610 5752 habentur
1651 5714 1664 5750 :
1706 5697 1846 5768 Ἃλλ’
1887 5696 2007 5750 ἐπεὶ

437 5764 578 5818 κατὰ
616 5766 704 5816 τὸν
755 5764 1016 5830 Ἀκύλαν,
1057 5769 1255 5823 desunt
1293 5769 1345 5821 in
1387 5769 1571 5823 codice
1613 5767 1865 5825 Vaticano
1901 5783 2010 5837 quo

923 5437 975 5499 9,
1009 5437 1096 5491 10.
1170 5437 1217 5468 ⁸⁸
1251 5438 1337 5490 Ps.
1365 5453 1557 5494 vam.
1588 5437 1680 5490 Ἡ..
1757 5437 1800 5468 ⁵⁸
1835 5437 1963 5491 ibid.
2003 5437 2059 5490 2.
2173 5438 2217 5468 ⁶⁰
2276 5437 2364 5491 Ps.
2415 5453 2554 5502 ιιιν,

923 5507 968 5538 ⁸³
1003 5509 1130 5561 ibid.
1159 5507 1244 5560 12.
1325 5507 1368 5537 ⁸³
1398 5509 1525 5560 ibid.
1563 5507 1651 5562 15.
1729 5507 1775 5538 ⁶⁶
1814 5505 1902 5561 Ps.
1944 5521 2068 5576 xcv,
2105 5507 2161 5563 7.
2237 5507 2280 5538 "
2310 5507 2442 5564 ibid.
2469 5508 2554 5561 Η.

2113 4597 2470 4666 ἀναγγείλατε
2501 4598 2559 4648 ἐν
2590 4599 2701 4659 τοῖς
2733 4597 2909 4648 ἔθνεσι
2936 4597 3004 4648 τὰ
3027 4592 3432 4664 ἐπιτηδεύματα
3459 4589 3640 4644 αὑτοῦ.
3674 4613 3692 4644 ι

2113 4690 2221 4743 Καὶ
2243 4690 2324 4742 ὅτι
2346 4688 2517 4741 ταῦτα
2539 4687 2837 4757 λεληθότως
2866 4685 3003 4738 κατὰ
3030 4685 3118 4738 τὸν
3151 4683 3340 4754 καιρὸν
3373 4683 3465 4736 τοῦ
3493 4683 3698 4746 πάθους

2114 4777 2491 4848 συνετελέσθη,
2523 4778 2590 4830 τά
2628 4779 2724 4848 τῆς
2758 4777 3079 4847 προγραφῆς
3117 4775 3211 4828 τοῦ
3252 4774 3467 4845 ψαλμοῦ
3517 4775 3694 4847 δηλοῖ·

2113 4869 2515 4938 ἐπιγέγραπται
2547 4866 2655 4938 γὰρ
2688 4887 2706 4917 ‹
2749 4868 2888 4937 ὑπὲρ
2915 4866 3022 4919 τῶν
3066 4869 3310 4938 κρυφίων
3343 4868 3434 4920 τού
3483 4869 3642 4922 Υἱοῦ’
3671 4889 3690 4921 ι

2111 4959 2228 5012 ἀνθ’
2272 4953 2331 5013 οὗ
2381 4961 2409 5010 6
2456 4960 2552 5030 μὲν
2599 4958 2894 5031 Σύμμαχος
2931 4978 2947 5008 ι
2990 4958 3130 5029 ὑπὲρ
3168 4959 3263 5012 τοῦ
3320 4959 3548 5014 θανάτου
3601 4961 3695 5013 τοῦ

2113 5050 2244 5102 Υἱοῦ
2266 5070 2284 5102 ι
2310 5050 2625 5119 πεποίηκεν·
2645 5051 2671 5102 6
2693 5050 2750 5102 δέ
2765 5048 3015 5112 Ἀκύλας,
3040 5070 3057 5100 ε
3085 5049 3224 5120 ὑπὲρ
3250 5051 3347 5121 τῆς
3372 5052 3638 5122 νεότητος·
3673 5071 3691 5103 ι

2111 5135 2191 5204 οἷς
2226 5143 2504 5211 συμφωνεί
2533 5141 2626 5193 καὶ
2650 5139 2716 5192 τά
2740 5141 2866 5212 περὶ
2896 5141 2994 5211 τῆς
3020 5143 3082 5194 ἐκ
3105 5140 3332 5194 θανάτου
3353 5142 3698 5206 ἀναϐιώσεως

2111 5240 2306 5304 αὑτοῦ,
2339 5240 2428 5294 διὰ
2454 5239 2548 5293 τοῦ
2576 5239 2790 5311 ψαλμοῦ
2827 5242 3201 5312 σημαινόμενα
3245 5245 3386 5296 κατᾶ
3440 5245 3531 5296 τό’
3567 5265 3584 5298 ι
3637 5246 3697 5301 ἰη

2112 5341 2262 5412 ὑψῶν
2298 5360 2364 5413 με
2391 5344 2455 5396 ἐκ
2480 5343 2587 5395 τῶν
2614 5341 2796 5394 πυλῶν
2828 5341 2921 5395 τοῦ
2946 5341 3195 5397 θανάτου.
3238 5360 3256 5393 ι
3289 5343 3400 5396 Καὶ
3437 5344 3465 5394 6
3502 5362 3697 5397 τεσσα-

2173 5438 2217 5468 ⁶⁰
2276 5436 2364 5491 Ps.
2415 5453 2560 5502 ιιιν,
2608 5438 2658 5491 Ι.
2766 5436 2811 5469 εί
2846 5437 2974 5492 ibid.
3018 5439 3104 5492 Η.
3216 5435 3260 5468 ⁵³
3289 5435 3595 5504 Ps.t.xnx,
3632 5439 3685 5495 9.

2115 5645 2244 5705 usus
2275 5638 2358 5684 est
2386 5629 2862 5705 Montefalconius,
2895 5631 3258 5705 aliquotufolia
3285 5648 3405 5702 qua:
3433 5634 3520 5688 hic
3546 5651 3676 5705 snp-

2114 5700 2333 5774 plcntur
2361 5701 2655 5774 e_schedis
2698 5698 2911 5758 Ernesti
2949 5698 3129 5758 Grabii
3175 5703 3262 5757 cui
3296 5698 3554 5774 integrior
3585 5698 3674 5758 eo-

2104 5770 2214 5855 ~deat
2246 5785 2348 5827 ms.
2375 5771 2655 5843 obtigerat.
