4124 6374
389 335 530 392 1³)θδ

1593 316 1900 374 SELECTA
1938 314 2001 368 IN
2046 310 2386 373 l‘S.\l..\lOS.

3522 307 3657 363 {GC-li

391 449 654 526 ρακοστὸς
695 448 939 518 πέμπτος
977 440 1367 515 παραπλησίως
1421 437 1548 506 περὶ
1585 435 1693 487 τῶν
1733 431 1976 504 κρυφίων

2099 431 2268 498 ιρι-ἰριῑ
2289 438 2412 483 sunt
2437 448 2453 478 ι
2481 431 2532 482 in
2556 427 2692 482 tituli
2721 428 3150 496 inscriptionem,
3177 444 3196 478 ι
3220 425 3284 480 de
3314 421 3575 479 modestia
3607 432 3661 477 et

389 525 676 616 εἰρημένος
700 540 787 592 τὸν
809 539 1037 609 ἀόρατον
1069 534 1162 586 καὶ
1194 531 1383 602 νοητὸν
1414 527 1648 597 πόλεμον
1678 525 1976 595 παρίστησι

390 612 565 705 λέγων
584 652 598 666 ·
631 653 648 685 ι
680 629 1088 702 Ἐταράχθησαν
1110 624 1260 694 ἔθνη,
1286 621 1502 674 ἔκλιναν
1530 617 1816 688 βασιλεῖαι,
1845 634 1862 666 ι
1885 612 1978 665 xui.

392 730 456 782 τὰ
484 727 630 797 ἑξῆς.
651 722 782 778 Εἶτα
803 723 877 785 ὼς
902 720 1067 774 πάλαι
1095 713 1545 774 καταπατοῦντας
1564 710 1672 764 τῶν
1696 707 1862 761 ἐθνῶν
1884 707 1980 776 ἄρ-

391 837 581 891 χοντας
615 815 878 880 καθελὼν,
921 814 1010 882 ὑφ’
1037 811 1229 866 ἑαυτόν
1250 826 1307 862 τε
1336 803 1703 874 πεποιημένος
1742 800 1813 853 τὰ
1853 799 1980 868 ἔθνη

391 912 514 982 ἑξῆς
536 911 701 979 λέγει·
717 929 734 960 ι
757 904 1145 976 ’Υψωθήσομαι
1165 901 1224 954 ἐν
1242 902 1354 962 τοῖς
1378 897 1607 958 ἔθνεσιν,
1626 891 1981 982 ὑψωθήσομαι

391 1006 447 1057 ἐν
465 979 531 1074 τῇ
558 1005 649 1073 γῇ.
677 1020 696 1052 ι
717 1001 782 1054 Οἱ
803 993 1268 1067 ἐπιγεγραμμένοι
1292 1009 1311 1042 ι
1333 991 1413 1053 είς
1436 981 1877 1074 στηλογραφίανλι
1897 979 1985 1032 λό-

391 1071 530 1164 γους.
568 1071 881 1166 περιέχουσι
929 1088 1281 1160 μετριότητος
1328 1082 1421 1136 καὶ
1459 1071 1979 1147 ταπεινοφροσύνης.

392 1186 591 1256 Διόπερ
612 1186 640 1237 6
667 1183 762 1255 μὲν
793 1177 1038 1243 Ἀκύλας,
1069 1175 1190 1230 ἀντὶ
1216 1168 1812 1244 τοῦ,στηλογγ>αφίαν,
1846 1183 1864 1216 ι
1892 1181 1986 1216 τα-

395 1273 579 1330 πεινοῦ
622 1272 829 1326 τελείου
869 1290 887 1321 ι
920 1268 1261 1340 ήρμήνευσεν
1281 1283 1294 1295 ·
1335 1264 1363 1316 6
1387 1261 1443 1314 δέ
1470 1259 1798 1330 Σύμμαχος,
1835 1273 1855 1306 ι
1887 1271 1986 1307 τα-

395 1364 742 1434 πεινόφρονος
767 1360 861 1414 και¹
876 1357 1132 1429 ἀμώμου.
1153 1375 1173 1407 ι
1199 1355 1326 1407 Εἴτε
1349 1351 1458 1422 γὰρ
1488 1351 1516 1402 ὁ
1544 1345 1707 1401 Δαυῒδ
1735 1342 1986 1434 βασιλεὺς

391 1455 467 1508 ὢν
511 1431 606 1509 καί
647 1455 830 1525 ἄρχων
876 1449 1073 1512 παντὸς
1107 1443 1346 1518 Ἰσραὴλ,
1388 1441 1586 1514 μέτρια
1627 1439 1721 1493 καὶ
1761 1431 1990 1489 ταπεινὰ

394 1543 606 1616 φρονῶν
646 1541 900 1604 τοιαύτας
944 1539 1224 1611 προήκατο
1251 1533 1452 1604 φωνὰς,
1503 1529 1611 1584 εἴτε
1649 1527 1746 1582 καὶ
1794 1526 1822 1578 6
1858 1525 1990 1616 Χρι-

395 1633 518 1696 στὸς
582 1633 675 1686 τοῦ
727 1631 862 1685 Θεοῦ
915 1628 1140 1683 τοιαῦτα
1199 1624 1451 1688 ἐθέσπιζε
1506 1615 1988 1689 ταπεινοφρονῶνν

394 1723 674 1796 ώσπεροῦν
710 1722 948 1775 διδάσκει
980 1717 1069 1771 διὰ
1100 1716 1224 1769 τοῦ’
1269 1735 1286 1766 ι
1313 1713 1530 1768 Μάθετε
1564 1712 1658 1764 ἀπ’
1696 1704 1832 1779 ἐμοῦ
1855 1745 1868 1770 ,
1891 1706 1985 1796 ,ὅτι

396 1778 569 1887 πρᾶός
603 1815 716 1884 είμι
763 1813 859 1866 καὶ
899 1809 1154 1872 ταπεινὸς
1193 1810 1259 1878 τῇ
1303 1804 1535 1876 καρδίαι
1571 1822 1588 1854 ι
1623 1778 1824 1871 στήλης
1846 1795 1985 1861 ἄξιοι
2019 1778 2059 1832 Β

396 1903 506 1960 εἷεν
554 1905 619 1960 ἂν
667 1905 714 1957 oi
749 1905 931 1972 λόγοι,
979 1902 1072 1954 καὶ
1105 1900 1204 1970 τῆς
1237 1901 1318 1962 εἰς
1348 1896 1437 1951 τὸν
1475 1897 1764 1966 σύμπαντα
1814 1889 1987 1944 αἰῶνα

400 1997 644 2069 μνήμης·
677 1997 814 2066 ὅπερ
842 1993 930 2046 διὰ
959 1992 1059 2062 τῆς
1089 2010 1107 2042 ι
1139 1987 1540 2061 στηλογραφίας
1577 2005 1595 2037 ι
1635 1982 1982 2055 παρίσταται.

398 2091 631 2161 Νοήσεις
662 2087 719 2141 δὲ
745 2087 804 2140 τὸ
838 2085 1126 2158 εἰρημένον
1170 2080 1278 2136 ἀπὸ
1307 2080 1399 2134 τοῦ
1432 2074 1800 2148 πεντηκοστοῦ
1848 2073 1989 2144 πέμ-

400 2199 559 2245 πτου,
594 2181 653 2244 ὂς
680 2178 1127 2250 ἐπιγέγραπται(
1161 2171 1618 2248 στηλογραφίας,›
1638 2170 1670 2240 ἢ
1691 2189 1709 2220 ι
1733 2164 1988 2222 ταπεινοῦ

399 2272 629 2332 τελείου,
660 2291 677 2322 ι
702 2269 733 2342 ἢ
759 2290 774 2320 ι
802 2269 1225 2339 ταπεινόφρονος
1249 2265 1342 2318 καὶ
1361 2261 1615 2334 ἀμώμου,
1645 2279 1663 2312 ›
1687 2261 1743 2312 ἐν
1769 2251 1814 2326 ᾧ
1836 2255 1989 2326 εῐρη-

401 2383 522 2418 ται·
563 2383 582 2416 ι
627 2363 881 2433 Ἐλέησόν
911 2379 1000 2432 με,
1046 2361 1074 2412 ὁ
1113 2357 1266 2422 Θεὸς,
1307 2357 1389 2409 ὅτι
1418 2351 1763 2422 κατεπάτησέ
1801 2365 1867 2420 με
1899 2347 1992 2401 ἄν·

401 2457 618 2529 θρωπος
651 2455 779 2526 ὃλην
807 2453 904 2525 τὴν
937 2453 1174 2524 ἡμέραν,
1203 2470 1220 2501 ι
1261 2449 1355 2502 καὶ
1387 2446 1455 2499 τὰ
1483 2445 1630 2515 ἐξῆς.
1659 2443 1770 2496 Καὶ
1803 2442 1832 2494 6
1864 2455 1992 2529 πεν-

402 2528 662 2620 τηκοστὸς
691 2547 868 2611 ἕκτος,
896 2545 996 2614 τὴν
1019 2543 1138 2612 ἴσην
1162 2541 1299 2611 έχων
1333 2535 1666 2609 ἐπιγραφὴν,
1695 2533 1854 2587 πάλιν
1883 2528 1992 2582 τῶν

403 2639 861 2696 καταπατούντων
911 2636 1072 2690 αὑτὸν
1119 2634 1392 2706 μέμνηται
1434 2631 1642 2699 λέγων·
1707 2645 1725 2677 ι
1753 2624 1992 2678 Ἔδωκεν

402 2737 481 2800 είς
519 2735 720 2797 ὄνειδος
754 2733 882 2796 τοὺς
925 2727 1377 2790 καταπατοῦντας
1421 2741 1509 2796 με’
1537 2743 1555 2773 ι
1595 2721 1690 2774 καὶ
1733 2718 1856 2780 τοὺς
1885 2716 1993 2767 λοι-

404 2827 538 2889 ποὺς
561 2826 618 2880 δὲ
644 2824 750 2878 τῶν
771 2823 945 2885 οὕτως
969 2816 1463 2890 ἐπιγεγραμμένων
1479 2809 1722 2875 διελθὼν,
1745 2806 1847 2876 τῆς
1870 2805 1994 2874 ἴσης

403 2916 696 2987 ἐχομένους
723 2915 977 2985 εὑρήσεις
1005 2909 1264 2972 διανοίας.
1292 2908 1354 2961 Ol
1381 2898 1850 2974 ἐπιγεγραμμένοι
1872 2915 1890 2947 ι
1915 2897 1995 2958 εἰς

406 3005 712 3076 ἀνάμνησιν
738 3002 832 3055 τοῦ
855 3000 1019 3055 Δαυῒδ
1048 3021 1066 3052 ι
1101 2999 1536 3070 ὑπομιμνήσκειν
1561 2990 1722 3046 αὐτὸν
1756 2987 1995 3040 ἐοίκασιν

407 3097 498 3152 ἐπὶ
529 3096 627 3166 τῆς
655 3094 748 3147 τοῦ
777 3093 977 3164 Οὐρίου
1003 3091 1299 3163 ἁμαρτίας.
1332 3087 1474 3141 ⁸0·δέ
1499 3077 1819 3156 τριακοστὸς
1845 3076 1996 3130 €660-
2021 3110 2065 3168 η

410 3205 530 3260 μος,
551 3187 724 3250 οὕτως
747 3183 1242 3256 ἐπιγεγραμμένος,
1271 3178 1511 3246 ἐπιλέγει
1529 3193 1542 3206 ο
1569 3196 1586 3227 ι
1611 3174 1724 3227 Οὐκ
1749 3171 1894 3224 ἐστιν
1915 3169 1996 3221 -εί-

411 3284 547 3353 ρήνη
566 3284 623 3334 ἐν
647 3283 760 3344 τοῖς
785 3278 992 3341 ὀστέοις
1014 3294 1113 3348 μου
1139 3275 1246 3328 ἀπὸ
1272 3270 1562 3344 προσώπου
1587 3267 1694 3321 τῶν
1712 3261 1994 3336 ἁμαρτιῶν

414 3389 514 3443 μου
533 3411 546 3434 ,
579 3391 602 3422 ι
635 3372 729 3424 καὶ
761 3369 830 3423 τὰ
858 3368 1006 3438 ἐξῆς·
1057 3366 1151 3420 καὶ
1191 3365 1256 3418 δι’
1284 3365 1407 3418 ὅλου
1437 3362 1494 3415 δέ
1523 3360 1616 3413 τοῦ
1654 3353 1870 3428 ψαλμοῦ
1897 3353 1995 3426 τὴν

414 3465 507 3516 ἐπὶ
562 3467 628 3534 τῇ
677 3460 983 3533 πραχθείσῃ
1038 3458 1281 3530 ἁμαρτίᾳ
1327 3455 1660 3509 κατάστασιν
1714 3447 1994 3519 σημαίνει.

424 3553 694 3616 Ὡσαύτως
717 3553 772 3605 δέ
798 3552 891 3605 καὶ
918 3553 945 3604 6
970 3547 1261 3620 ἐξηκοστὸς
1287 3547 1560 3618 πέμπτος,
1596 3561 1614 3592 ι
1639 3541 1720 3603 είς
1751 3537 1999 3608 ἀνάμνη-

415 3662 495 3698 σιν
508 3667 526 3697 ι
545 3643 1040 3715 ἐπιγεγραμμένος,
1062 3639 1294 3694 ἱκετεύει
1310 3635 1404 3690 τοῦ
1421 3633 1556 3689 Θεοῦ
1577 3633 1756 3704 τυχεῖν
1780 3627 1996 3700 βοηθοῦ.

413 3739 476 3791 Οἱ
500 3735 970 3809 ἐπιγεγραμμένοι
998 3729 1587 3805 ιπροσευχὴ,ι,μήποτε
1613 3726 1714 3778 οὐκ
1739 3722 1843 3777 είσὶ
1863 3720 2000 3792 ψαλ-

417 3831 530 3902 μοὶ,
565 3829 686 3883 οὐδὲ
732 3827 867 3899 ᾠδαὶ
891 3869 906 3892 ,
960 3824 1081 3879 οὐδὲ
1121 3824 1302 3895 ὕμνοι,
1344 3821 1457 3876 ἀλλ’
1492 3819 1623 3874 αὐτὸ
1655 3815 1814 3870 τοῦτο
1845 3811 1999 3884 ψιλαὶ

416 3920 716 3992 προσευχαὶ
756 3921 823 3989 τῇ
858 3916 966 3970 τῶν
1009 3917 1324 3987 εὐξαμένων
1353 3913 1718 3986 ἁρμόττουσαι
1739 3907 1998 3970 διαθέσει,

415 4016 481 4084 τῇ
517 4029 576 4064 τε
611 4011 740 4083 περὶ
764 4011 962 4072 αὐτοὺς
998 4007 1332 4062 καταστάσει
1362 4007 1457 4059 καὶ
1498 4006 1630 4058 πᾶσι
1659 4005 1770 4066 τοῖς
1807 4003 1864 4054 ἐν
1909 4000 2001 4072 ἴσῃ

417 4102 658 4156 διαθέσει
690 4104 801 4164 τοῖς
834 4098 1148 4171 εἰρημένοις
1175 4097 1552 4168 τυγχάνουσιν.
1577 4097 1638 4149 Οἱ
1659 4096 1998 4163 ἐπιγεγραμ-

423 4195 572 4266 μένοι
598 4193 804 4265 ψαλμοὶ
825 4232 839 4252 ,
879 4210 897 4242 ι
923 4191 1016 4262 Μὴ
1049 4188 1399 4262 διαφθείρῃς,
1426 4187 1520 4240 τοῦ
1549 4185 1765 4250 Δαυῒδ,›
1801 4182 2001 4252 ἐφεξῆς

418 4287 524 4339 εἱσι
554 4288 720 4358 τρεῖς·
755 4277 830 4338 ὧν
873 4285 900 4336 6
949 4279 1311 4350 πεντηκοστὸς
1361 4280 1517 4341 ἐκτος
1555 4277 1768 4349 εἴρηται
1818 4277 1876 4328 ἐν
1923 4272 2002 4343 τῷ

418 4377 579 4432 αὑτὸν
630 4375 1043 4448 ἀποδιδράσκειν
1105 4371 1210 4426 ἀπὸ
1255 4370 1551 4443 προσώπου
1603 4368 1776 4421 Σαοὺλ
1822 4368 1902 4429 είς
1940 4365 2001 4420 τὸ

2081 529 2385 583 humilitate
2429 528 2744 598 loquuntur.
2779 528 3121 597 Quapropter
3172 526 3386 595 Aquila,
3421 540 3519 593 pro
3551 542 3568 574 ι
3603 523 3658 576 ἰιι

2082 632 2220 685 tituli
2246 633 2707 700 inscriptionem,»
2725 630 2885 684 vertit
2910 648 2927 680 ι
2950 627 3167 683 humilis
3187 628 3432 697 perfecti;
3460 644 3476 676 ι
3499 625 3662 696 Synt-

2082 733 2303 785 machus
2333 748 2482 793 vero.
2518 751 2534 781 ι
2571 731 2793 786 humilis
2820 740 2872 784 et
2912 730 3188 793 inculpati.
3223 747 3242 779 ι
3271 727 3402 780 Nam
3421 727 3534 779 sive
3553 724 3657 777 Da-

2083 833 2170 886 vid
2205 847 2296 885 rex
2334 841 2389 884 et
2435 831 2685 901 princeps
2718 833 2883 885 totius
2917 830 3104 894 Israel,
3159 842 3266 898 prae
3311 826 3571 881 modestia
3606 832 3663 878 et

2085 931 2692 998 humilitate,ejusmodi
2729 930 2938 984 miserit
2962 944 3154 995 voces;
3189 927 3302 980 sive
3335 941 3429 980 eas
3467 935 3660 994 prout-

2087 1030 2207 1084 lerit
2241 1030 2491 1085 Christus
2534 1029 2814 1083 humiliter
2859 1028 3139 1088 sentiens,
3177 1035 3234 1079 ut
3269 1039 3389 1078 cum
3438 1024 3598 1077 docet
3643 1037 3657 1071 ι

2087 1130 2290 1199 519a
2326 1130 2529 1184 Discite
2565 1145 2593 1181 a
2652 1143 2736 1182 me
2781 1129 2906 1196 quia
2963 1126 3107 1180 mitis
3165 1139 3283 1179 sum
3337 1133 3389 1176 et
3447 1120 3664 1176 humilis

2089 1233 2254 1286 corde
2280 1232 2354 1297 “3;
2386 1250 2403 1282 ι
2438 1241 2586 1284 certe
2621 1229 2771 1298 digni
2805 1237 2930 1282 sunt
2956 1227 3006 1280 hi
3039 1239 3320 1281 sermones
3362 1223 3450 1292 qui
3489 1240 3539 1276 tu
3568 1237 3660 1278 co-

2092 1331 2272 1385 lumna
2316 1331 2634 1399 sculpantur
2666 1338 2719 1383 et
2767 1327 3040 1382 memoria:
3072 1334 3290 1381 reterns
3316 1326 3660 1378 mandentur.

2091 1432 2240 1498 Quod
2270 1431 2484 1498 quidem
2514 1444 2644 1496 pert
2671 1427 2811 1481 tituli
2842 1426 3248 1496 inscriptionem
3277 1423 3662 1494 tsignilicatur,

2094 1530 2148 1574 ut
2185 1520 2488 1589 intelligere
2511 1518 2637 1571 licet
2667 1533 2733 1571 ex
2765 1517 3217 1585 quinquagesimo
3239 1515 3429 1584 quinto
3458 1511 3668 1583 psalmo

2094 1613 2184 1676 qui
2225 1611 2518 1680 inscriptus
2549 1618 2667 1670 est,
2705 1625 2722 1658 ι
2755 1607 2807 1660 ἱιι
2851 1607 2990 1660 tituli
3051 1607 3493 1674 inscriptionem.
3526 1621 3545 1656 ι
3581 1602 3667 1656 vel

2099 1722 2115 1752 ι
2150 1701 2366 1755 humilis
2392 1699 2640 1768 perfecti,
2672 1717 2688 1748 ι
2721 1697 2803 1750 vel
2837 1714 2852 1745 ι
2884 1697 3103 1750 humilis
3131 1706 3186 1750 et
3219 1696 3475 1764 inculpati
3515 1712 3566 1746 τι
3610 1695 3663 1747 in

2092 1810 2198 1863 quo
2230 1795 2434 1848 dictum
2461 1803 2545 1846 est
2571 1792 2614 1822 δθ
2647 1807 2660 1842 :
2706 1809 2723 1839 ι
2756 1788 3011 1842 Miserere
3038 1788 3167 1852 mei,
3202 1788 3375 1850 Deus,
3409 1787 3664 1854 quoniam

2090 1886 2431 1941 conculravit
2462 1900 2547 1938 me
2585 1885 2749 1938 homo
2784 1893 2892 1936 tota
2927 1883 3047 1945 die,
3087 1900 3104 1933 ι
3143 1889 3198 1934 ει
3230 1890 3448 1934 cratera.
3497 1878 3667 1944 Quin-

2091 1978 2438 2049 quagesimus
2472 1977 2638 2030 etiam
2668 1984 2854 2029 sextus
2877 1975 2965 2043 qni
3002 1987 3191 2042 parem
3225 1971 3387 2026 habet
3425 1969 3663 2024 titulum.

2094 2084 2279 2124 rursus
2309 2082 2496 2122 eorum
2538 2066 2631 2134 qui
2667 2065 2844 2135 ipSum
2894 2062 3244 2125 conculcant,
3300 2061 3547 2114 meminit
3581 2061 3665 2112 di-
3713 2069 3723 2080 ‘

2092 2177 2222 2216 cens
2245 2157 2292 2191 "°
2327 2180 2339 2213 :
2375 2176 2394 2212 ι
2427 2157 2582 2212 Dedit
2615 2158 2666 2210 in
2701 2154 3051 2225 opprobrium
3089 2152 3476 2209 conculcautes
3510 2167 3662 2215 me;»

2091 2265 2146 2307 et
2171 2255 2214 2306 si
2250 2253 2488 2320 reliquos
2512 2251 2604 2320 qui
2639 2249 2890 2304 similiter
2917 2249 3163 2319 inscripti
3187 2258 3337 2312 sunt,
3385 2260 3668 2317 percurre-

2094 2343 2194 2407 ris,
2227 2343 2474 2396 eumdem
2516 2341 2724 2395 videbis
2760 2354 2856 2394 eos
2899 2340 3102 2394 habere
3143 2353 3382 2392 sensum.
3423 2337 3522 2403 Qui
3576 2337 3669 2390 iit-

2097 2435 2283 2504 scripti
2313 2441 2438 2487 Sttut
2473 2452 2491 2484 ι
2533 2433 2583 2486 in
2617 2431 3128 2486 remetnorationetn
3182 2429 3369 2492 David,
3413 2448 3431 2480 ι
3460 2444 3582 2480 cum
3615 2427 3667 2480 in

2096 2527 2300 2596 peccati
2328 2525 2473 2582 Uria:
2517 2525 2842 2580 memoriam
2885 2524 3136 2578 videntur
3161 2522 3444 2576 reducere.
3482 2521 3671 2574 Triae-

2097 2624 2267 2679 simus
2324 2620 2607 2692 septimus,
2638 2621 2729 2689 qui
2782 2620 2926 2674 hunc
2959 2619 3124 2673 habet
3172 2616 3422 2681 titulum,
3468 2615 3611 2668 ait“
3656 2633 3668 2665 :

2102 2736 2120 2766 ε
2161 2714 2278 2769 Non
2311 2723 2394 2769 est
2428 2726 2532 2782 pax
2569 2713 2620 2766 in
2653 2711 2869 2768 ossibus
2915 2710 3050 2765 meis
3081 2725 3110 2763 a
3149 2709 3286 2764 facie
3313 2718 3669 2778 peccator-um

2099 2823 2364 2871 meorum,
2422 2826 2441 2857 ι
2494 2816 2550 2860 et
2610 2815 2830 2860 caetera.
2885 2805 2965 2858 Ac
3022 2820 3118 2870 per
3175 2813 3345 2858 totum
3407 2801 3672 2871 psalmum

2097 2901 2336 2955 ostendit
2367 2899 2494 2968 quid
2520 2899 2590 2953 ob
2636 2907 2920 2968 peccatum
2959 2912 2988 2949 a
3027 2910 3086 2950 se
3116 2895 3468 2950 commissum
3505 2907 3673 2962 expe‘

2100 2993 2320 3045 riretur.
2356 2989 2446 3043 Sic
2481 2998 2534 3043 et
2575 2989 2948 3057 sexagesimus
2978 2988 3224 3056 quintus,
3259 3004 3278 3037 ι
3320 2986 3370 3038 in
3406 3000 3676 3039 rememo-

2099 3085 2360 3139 rationem
2387 3102 2405 3134 ι
2441 3082 2753 3151 inscriptus,
2785 3081 3046 3137 auxilium
3081 3080 3176 3135 Dei
3201 3080 3435 3135 invocat.
3470 3079 3568 3146 Qui
3588 3079 3673 3134 in-

2099 3173 2286 3242 scripti
2315 3183 2442 3226 sunt
2478 3172 2735 3239 «.oratio,
2782 3190 2801 3223 ι
2843 3172 2986 3226 forte
3017 3174 3117 3226 nec
3148 3171 3370 3240 psalmi,
3403 3188 3500 3226 nec
3542 3188 3674 3226 cano

2102 3267 2230 3332 lica,
2259 3281 2358 3321 nec
2390 3265 2576 3337 hymni
2610 3275 2759 3329 sunt,
2796 3267 2889 3319 sed
2917 3263 3073 3318 nudae
3101 3249 3376 3319 orationes
3400 3265 3672 3318 orantium

2099 3360 2488 3414 convenientes
2512 3356 2730 3411 aﬂ‘ectui
2749 3366 2804 3411 et
2831 3355 3155 3418 babitu‘dini,
3188 3368 3402 3410 necnon
3426 3355 3676 3410 omnibus

2099 3452 2192 3520 qui
2241 3451 2294 3504 iu
2328 3451 2518 3505 eodem
2557 3467 2619 3503 ac
2654 3450 2685 3501 ii
2741 3451 2807 3502 de
2857 3449 3056 3517 quibus
3101 3447 3306 3502 dictum
3355 3455 3438 3502 est
3481 3449 3678 3502 mentis

2103 3542 2296 3595 affectu
2348 3551 2494 3595 sunt.
2536 3541 2636 3607 Qui
2693 3539 2943 3608 inscripti
2990 3548 3139 3603 sunt,
3179 3556 3198 3589 ι
3245 3537 3322 3592 Νε
3358 3539 3674 3603 disperdas.

2101 3634 2342 3697 Davidis,
2385 3653 2404 3686 ι
2445 3635 2701 3687 continua
2732 3633 2875 3687 serie
2928 3642 3036 3685 tres
3071 3641 3217 3694 sunt,
3255 3647 3486 3700 quorum
3520 3633 3679 3700 quin-

2102 3728 2455 3797 quagesimus
2501 3736 2690 3780 Sextus
2746 3725 2923 3778 dictus
2948 3735 3052 3786 est,
3089 3740 3211 3778 cum
3247 3723 3452 3794 fugeret
3481 3741 3511 3778 a
3540 3724 3678 3779 facie

2103 3818 2234 3873 Sanl
2265 3819 2319 3872 in
2353 3818 2692 3885 speluncam.
2745 3816 2812 3870 Et
2845 3816 3106 3885 quoniam
3161 3816 3364 3871 latente
3412 3816 3579 3870 David
3624 3818 3676 3868 in

2103 3910 2358 3980 spelunca
2401 3909 2678 3978 ingressus
2734 3917 2816 3963 est
2857 3908 2988 3962 Saul
3039 3909 3299 3976 ignorans
3332 3908 3507 3976 ipsum
3557 3923 3679 3961 esse

2105 4002 2266 4067 intro,
2303 4009 2359 4054 et
2392 4014 2516 4054 cum
2539 3998 2702 4064 amici
2737 3997 2903 4050 David
2939 3997 3135 4051 vellent
3167 4013 3290 4051 eum
3323 3995 3634 4050 interﬁcere
3662 4038 3676 4056 .

2103 4089 2239 4142 dixit
2295 4087 2463 4142 David
2495 4087 2564 4141 ad
2595 4085 2821 4140 Abisath
2852 4098 2867 4137 :
2905 4105 2924 4135 ι
2963 4084 3041 4139 Νε
3080 4087 3385 4153 tlisperdas,
3432 4105 3450 4135 ι
3487 4103 3680 4152 nempe

2106 4179 2240 4233 Saul
2271 4178 2476 4234 idcirco
2505 4177 2741 4233 fortasse
2785 4174 3053 4246 ejusmodi
3083 4177 3234 4230 vocis
3266 4189 3385 4245 qua:
3410 4190 3676 4229 summam

2105 4272 2572 4330 mansuetudinem
2598 4269 2941 4333 ostendebat,
2968 4279 3015 4323 et
3045 4284 3162 4338 quae
3195 4269 3301 4323 Deo
3335 4269 3490 4323 valde
3518 4284 3680 4323 accc-

2107 4379 2198 4440 pta
2223 4375 2362 4433 erat,
2390 4365 2652 4421 memoria
2680 4364 2781 4418 hac
2806 4361 3145 4418 Psalmorum
3172 4363 3529 4432 inscriptione
3548 4377 3679 4416 cou-

423 4470 706 4542 σπήλαιον.
742 4467 854 4521 Καὶ¹
892 4468 1100 4538 μήποτε
1153 4462 1471 4534 ἐπειδήπερ,
1531 4463 1587 4514 ἐν
1639 4458 1717 4530 τῷ
1751 4456 1996 4529 σπηλαίῳ

2105 4467 2316 4517 secrata
2359 4466 2464 4514 est.
2511 4456 2999 4526 Quinquagesi-mus
3045 4463 3268 4510 octavus
3307 4455 3397 4523 qui
3461 4453 3678 4508 titulum

422 4559 870 4635 κρυπταζομένου
901 4557 997 4611 τοῦ
1029 4555 1219 4618 Δαυῖδ,
1259 4551 1551 4624 ἐπεισῆλθε
1582 4550 1756 4604 Σαοὺλ
1789 4548 1999 4617 ἀγνοῶν

351 4677 356 4684 ε
421 4655 568 4709 ἔνδον
596 4652 758 4706 αὐτοῦ
786 4651 959 4714 ὖντος,
983 4651 1079 4704 καὶ
1112 4647 1221 4701 τῶν
1245 4647 1477 4717 ἑταίρων
1503 4643 1598 4698 τοῦ
1627 4643 1790 4698 Δαυῒδ
1817 4641 1999 4712 βουλο-

427 4748 605 4816 μένων
631 4745 837 4798 ἀνελεῖν
858 4742 1040 4806 αύτὸν,
1060 4736 1212 4793 εἶπεν
1240 4740 1268 4792 6
1292 4737 1456 4791 Aau‘t6
1482 4735 1618 4808 πρὸς
1640 4736 1730 4790 τὸν
1755 4733 1998 4800 ’Δὸισὰθ,

430 4857 448 4888 ι
477 4837 567 4908 Μὴ
605 4834 923 4906 διαφθείρῃς
957 4853 975 4886 ι
1023 4832 1219 4885 αὐτόν’
1262 4830 1419 4901 δῆλον
1467 4830 1511 4882 δ’
1532 4830 1613 4882 ὅτι
1672 4829 1760 4882 τὸν
1807 4820 1998 4882 Σαούλ·

424 4928 613 4982 τούτου
653 4926 811 4998 χάριν
841 4925 919 4986 ὡς
946 4921 1346 4991 ἀποδεξαμένου
1375 4920 1468 4974 τοῦ
1497 4917 1636 4972 Θεοῦ
1665 4919 1762 4988 τὴν
1799 4915 2000 4987 φωνὴν,

393 5021 704 5092 ’ἀκρότητα
759 5014 1107 5080 ἀνεξικακίας
1149 5013 1542 5085 περιέχουσαν,
1577 5012 1638 5064 ἐν
1676 5012 1862 5081 μνήμῃ
1899 5008 2006 5062 τῶν

428 5110 600 5175 οὕτως
630 5106 1126 5180 ἐπιγεγραμμένων
1163 5103 1394 5176 ψαλμῶν
1451 5102 1799 5174 παρελήφθη.
1851 5102 1906 5154 Ὁ
1949 5100 2006 5152 δὲ

431 5201 792 5274 πεντηκοστὸς
839 5199 1024 5268 ὄγδοος
1073 5197 1338 5268 περιέχων
1378 5195 1459 5258 τὸ,
1481 5214 1504 5246 ι
1533 5195 1624 5264 Μὴ
1648 5193 1962 5264 διαφθείρῃς
1991 5231 2005 5256 ,

428 5294 590 5348 ὁπότε
645 5291 930 5346 ἀπέστειλε
954 5288 1147 5353 Σαοὺλ,
1174 5289 1266 5341 καὶ
1299 5279 1527 5356 ἐφύλαξε
1558 5285 1650 5340 τὸν
1673 5281 1817 5340 οἷκον
1843 5284 2008 5340 αὐτοῦ

430 5385 524 5439 τοῦ
557 5381 865 5438 θανατῶσαι
901 5380 1063 5435 αὑτὸν
1088 5419 1103 5443 ,
1138 5398 1156 5431 ›
1189 5378 1334 5438 ἐοικε
1370 5378 1698 5450 πρόσταγμα
1734 5377 2008 5449 περιέχειν

429 5475 523 5530 τοῦ
550 5474 684 5528 Θεοῦ
716 5472 810 5526 τοῦ
855 5471 928 5543 μὴ
977 5469 1386 5541 συγχωροῦντος
1426 5471 1538 5531 τοῖς
1581 5466 2012 5537 ἀπεσταλμένοις

435 5568 572 5639 ὑπὲρ
597 5565 692 5619 τοῦ
720 5563 1026 5633 διαφθεῖραι
1062 5561 1153 5614 τὸν
1183 5559 1346 5614 Δαυῖδ
1366 5559 1472 5612 ὑπὸ
1502 5557 1597 5612 τοῦ
1632 5556 1824 5610 Σαούλ.
1862 5555 2013 5625 Τάχα

431 5659 478 5712 δ’
511 5657 575 5712 ἂν
614 5657 712 5730 τὴν
742 5655 909 5718 αὐτὴν
932 5655 1043 5726 ἔχει
1063 5653 1304 5709 διάνοιαν
1330 5653 1423 5707 καὶ
1449 5655 1478 5706 6
1506 5649 1896 5721 ἐϐδομηκοστὸς
1923 5649 2013 5702 τέ-

2106 4555 2276 4608 habet
2303 4554 2351 4584 "’
2388 4569 2403 4606 :
2440 4570 2459 4602 ι
2497 4550 2579 4605 Νε
2625 4550 2931 4619 disperdas,
2965 4547 3182 4619 quando
3238 4547 3385 4602 misit
3444 4544 3574 4601 Saul
3626 4557 3683 4600 et

2108 4643 2403 4699 custodivit
2431 4643 2650 4697 domum
2684 4642 2805 4711 ejus
2828 4650 2885 4695 ut
2911 4656 3036 4695 eum
3073 4639 3430 4706 interﬁceret,
3470 4657 3488 4690 ι
3528 4639 3682 4692 vide-

2109 4745 2198 4790 tur
2225 4735 2509 4790 continere
2529 4741 2860 4802 przeceptm
2894 4731 2986 4785 Dei
3033 4731 3122 4800 qui
3173 4746 3279 4785 non
3330 4731 3576 4799 permisit
3625 4741 3685 4783 ut

2111 4831 2202 4897 qui
2231 4845 2259 4881 a
2281 4826 2409 4882 Saul
2435 4825 2587 4881 missi
2609 4833 2790 4888 erant,
2816 4823 3188 4877 interﬁcerent
3212 4823 3400 4877 David.
3422 4822 3683 4876 Eumdem

2116 4921 2254 4975 forte
2288 4933 2508 4974 sensum
2557 4919 2719 4972 habet
2754 4927 2808 4972 et
2857 4918 3286 4988 septuagesimus
3317 4925 3546 4983 quartus
3593 4915 3684 4982 qui

2115 5012 2276 5067 simili
2325 5013 2484 5065 modo
2515 5029 2532 5061 ι
2566 5009 2747 5078 Asaph
2781 5029 2800 5062 ι
2834 5010 3126 5078 inscriptus
3161 5017 3263 5060 est.
3292 5006 3688 5076 Nonagesimus

2111 5105 2322 5174 primus
2359 5102 2450 5171 qui
2477 5121 2497 5155 ι
2526 5101 2746 5155 Sabhati
2787 5120 2806 5154 ›
2835 5102 3124 5170 inscriptus
3150 5107 3252 5163 est,
3279 5098 3600 5153 exhortatur
3622 5099 3687 5147 ad

2111 5205 2416 5252 conventus
2446 5195 2692 5248 studiose
2730 5192 3158 5262 frequentandos
3189 5191 3277 5244 ubi
3315 5187 3594 5243 meditatio
3629 5185 3689 5236 lit

2113 5289 2421 5343 divinorum
2445 5286 2810 5355 eloquiornm,
2843 5293 2897 5340 et
2929 5295 3114 5355 postea
3151 5282 3249 5337 Dei
3297 5281 3482 5334 laudes
3512 5277 3688 5331 couti-

2113 5391 2222 5436 net.
2255 5380 2344 5433 Ait
2370 5381 2551 5448 itaque
2581 5378 2626 5409 ⁷³
2653 5394 2665 5430 :
2698 5396 2716 5428 ι
2757 5378 2838 5433 Ad
2871 5376 3297 5432 annuntiandum
3329 5384 3492 5424 mane
3515 5367 3684 5421 mise-

2117 5473 2407 5526 ricordiam
2455 5482 2636 5536 tuam,
2669 5481 2725 5526 et
2751 5472 3034 5526 veritatem
3081 5479 3225 5520 tuam
3254 5478 3350 5534 per
3383 5472 3612 5514 noctem.
3663 5477 3682 5508 ι

2119 5565 2180 5618 Et
2213 5580 2401 5619 rursus
2432 5563 2477 5594 ”
2517 5581 2530 5616 :
2572 5583 2590 5615 ι
2629 5562 2865 5617 Plantati
2896 5562 2949 5616 in
2986 5561 3144 5614 domo
3179 5554 3412 5619 Domini,
3441 5553 3490 5606 in
3529 5547 3687 5602 atriis

2121 5655 2210 5711 Dei
2252 5656 2420 5710 nostri
2477 5653 2744 5709 ﬂorebunt
2798 5651 2979 5723 520.
3013 5670 3030 5702 ι
3076 5649 3469 5717 Nonagesimus
3514 5658 3690 5698 nonus

509 5769 554 5801 ⁸³
582 5768 769 5822 Matth.
790 5782 870 5831 ιιι,
895 5765 986 5822 29.
1064 5765 1108 5798 ‘9
1127 5765 1214 5819 Ps.
1251 5782 1335 5833 LV,
1362 5763 1412 5818 Ξ.
1477 5765 1520 5795 ⁷ο
1540 5762 1625 5819 Ps.
1648 5778 1755 5832 Lvt,
1780 5762 1832 5816 4‘.
1910 5763 1951 5793 ⁷⁸
1980 5763 1996 5816 l

2106 5777 2308 5828 xxxvtt,
2335 5761 2386 5814 4.
2450 5761 2494 5792 τ’
2519 5757 2607 5813 Ps.
2638 5773 2790 5827 Lvm,
2813 5759 2862 5812 l.
2929 5756 3081 5812 “Ps.
3111 5771 3220 5817 xci,
3249 5754 3304 5809 5.
3367 5753 3563 5808 “ibid.
3603 5751 3687 5804 Μ.

644 5859 915 5920 ΡΑτιιοι.
951 5859 1069 5922 Gn,
1113 5859 1256 5921 ΧΠ.

3341 5844 3418 5906 371-
