4124 6396
503 303 636 359 1067

1902 306 1989 363 EX
2026 306 2326 364 ORIGENE

3599 330 3759 418 iocis

499 425 592 491 qui
655 422 1016 478 inserihiturr
1063 422 1113 477 in
1165 422 1599 491 confessionem,
1634 442 1652 477 ι
1703 438 1825 480 eum
1878 425 2023 478 ait"

2170 440 2364 521 ταρτος
2401 425 2717 521 τρν-ὄμοιον
2765 430 2965 503 τρόπον
3003 451 3023 485 ¢
3060 435 3137 508 τῷ
3165 434 3379 509 Ἀσάερι
3414 441 3760 521 ἐπιγεγραμ-

502 535 523 569 ί
558 517 676 585 Ipse
708 514 831 571 fecit
863 532 958 570 nos
988 526 1041 569 et
1076 531 1179 569 non
1212 516 1311 587 ipsi
1353 532 1474 583 nos,
1517 537 1535 570 ι
1568 518 1825 573 virtutem
1856 517 2071 574 confes-

496 608 664 664 sionis
682 609 1044 668 commendat.
1073 609 1214 675 quad
1242 608 1373 679 nihil
1393 624 1491 664 nos
1509 624 1540 663 α
1564 610 1721 665 nobis
1749 611 2066 674 habeamus,

494 701 588 755 sed
615 699 943 769 quidquidin
964 700 1214 755 nobisest
1239 701 1390 767 boni,
1415 701 1465 755 id
1497 701 1612 770 ipse
1649 699 1858 756 fecerit.
1880 702 2069 760 Trice-

492 792 664 846 simus
683 793 870 846 tertius
888 791 1131 860 psalmus
1145 793 1233 861 qui
1257 793 1547 862 inscriptus
1562 805 1659 855 est,
1676 811 1695 844 ‹
1717 793 1924 861 Davidi,
1944 811 2064 849 cum

491 883 803 939 immutavit
830 862 1040 937 vultum
1071 899 1228 937 suum
1264 898 1449 938 coram
1478 884 1791 940 Abimelech
1817 886 1887 950 ",
1932 905 1949 937 ι
1981 887 2064 938 vi-

431 972 433 974 ’
489 978 796 1031 detureum
828 975 917 1047 qui
964 975 1017 1028 in
1063 974 1236 1043 primo
1269 975 1406 1029 libro
1435 975 1641 1043 Regum
1678 975 1880 1030 dicitur
1910 976 2066 1030 Achis

432 1094 437 1101 -
488 1066 720 1129 meleeh,
783 1081 981 1121 vocare
1037 1065 1377 1130 Ahimelech,
1436 1066 1728 1121 elementis
1789 1066 2063 1123 hebraicis

486 1159 634 1228 Caph
663 1170 711 1212 et
747 1159 878 1212 Beth
907 1157 1129 1211 multam
1159 1157 1300 1211 inter
1323 1173 1380 1215 se
1405 1158 1811 1213 similitudinem
1835 1158 2069 1213 servano‘

490 1251 655 1321 libus,
692 1260 749 1303 ut
796 1249 931 1305 nihil
979 1265 1008 1302 a
1064 1264 1123 1303 se
1163 1249 1397 1305 invicem
1428 1249 1704 1317 diﬂerant,
1764 1252 1866 1305 nisi
1902 1246 2056 1306 brevi

488 1346 778 1399 admodum
817 1343 1011 1400 calami
1045 1345 1230 1407 ductu.
1271 1343 1503 1397 Historia
1537 1344 1615 1399 sic
1639 1344 1854 1399 habet?"
1888 1363 1901 1398 :
1935 1363 1953 1393 α
1997 1345 2060 1399 Ει

485 1440 635 1493 venit
682 1438 850 1493 David
901 1439 955 1493 in
995 1436 1257 1491 Nomman
1310 1437 1374 1491 ad
1412 1437 1760 1491 Achimelech
1797 1436 2056 1490 sacerdo-

2177 515 2354 585 μένος.
2401 515 2458 569 '0
2504 518 2999 592 ἐπιγεγραμμένος,
3038 526 3173 580 «τοῦ
3224 522 3501 587 Σαϐϐἀτοῦ
3526 575 3542 600 ,
3581 515 3757 593 .‘sv'e-

2171 606 2431 701 νηκοστδς
2463 608 2678 701 πρῶτος
2701 614 3015 687 προτροπὴν
3047 616 3158 688 ἔχει
3181 620 3483 687 σπουδαίως
3508 627 3757 701 ἀπαντᾷν

2169 697 2248 789 εἰς
2281 696 2379 760 τὰς
2402 698 2649 789 συνάξεις
2678 702 2780 773 τῆς
2810 705 3042 777 μελέτης
3066 708 3174 763 τῶν
3198 711 3357 766 θείων
3391 696 3751 789 μαθημάτων,

2169 788 2263 841 καὶ
2298 788 2439 859 μετὰ
2468 791 2643 845 ταῦτα
2661 793 2988 864 δοξολογίαν.
3015 799 3177 868 Λέγει
3201 803 3245 854 δ’
3271 800 3384 857 οὖν·
3415 823 3433 855 ι
3456 804 3562 860 Τοῦ
3584 810 3754 880 ἀναγ-

2168 880 2376 947 γέλλειν
2411 882 2476 935 τὸ
2503 884 2649 955 πρωῒ
2676 886 2736 939 τὸ
2756 887 2902 954 ἔλεός
2944 908 3056 952 σου.
3089 893 3181 946 καὶ
3219 896 3318 967 τὴν
3357 897 3611 969 ἀλήθειάν
3656 919 3750 957 σου

2165 971 2306 1025 κατά
2336 972 2524 1029 νύκτα.
2553 994 2572 1027 ι
2599 977 2709 1030 Καὶ
2732 979 2919 1034 πάλιν·
2961 1000 2981 1035 ο
3009 984 3413 1057 Πεφυτευμένοι
3436 991 3494 1043 ἐν
3513 991 3590 1062 τῷ
3614 993 3750 1065 οἴκῳ

2164 1063 2394 1132 Κυρίου,
2420 1066 2477 1119 ὲν
2498 1069 2616 1131 ταῖς
2632 1068 2821 1135 αὐλαῖς
2837 1070 2932 1125 τοῦ
2958 1073 3093 1128 Θεοῦ
3118 1077 3274 1147 ἡμῶν
3303 1063 3744 1153 ὲξανθήσουσινά

2178 1152 2236 1246 Ὀ
2262 1156 2611 1228 ὲνενηκοστὸς
2658 1160 2875 1226 ἔννατος
2904 1166 3380 1240 ἐπιγεγραμμένος
3415 1190 3433 1223 ι
3456 1152 3536 1237 είς
3563 1173 3751 1246 ἐξομο-

2161 1243 2383 1337 λόγησιν
2412 1267 2430 1299 ι
2486 1247 2725 1304 διδάσκει
2760 1252 3017 1322 φάσκων’
3055 1275 3074 1308 ε
3102 1259 3275 1325 Αὐτὸς
3307 1262 3563 1336 ἐποίησεν
3594 1243 3747 1337 ἡμᾶς

2160 1336 2253 1389 καὶ
2294 1338 2392 1410 οὐχ
2437 1341 2628 1411 ἡμεῖς·
2668 1360 2687 1392 ι
2737 1342 2839 1415 τὴν
2886 1344 3118 1418 δύναμιν
3162 1354 3261 1422 τῆς
3307 1336 3743 1427 ἐξομολογήσεως

2158 1432 2436 1501 παριστᾷ,
2470 1433 2554 1485 ὅτι
2594 1432 2761 1504 μηδὲν
2801 1438 2965 1507 ἡμεῖς
3014 1440 3109 1509 ἀφ’
3142 1442 3351 1496 ἑαυτῶν
3387 1449 3738 1518 κεκτήμεθα,

488 1540 616 1593 tem,
642 1539 695 1584 et
720 1530 1003 1598 obstupuit
1034 1529 1381 1583 Achimelech
1420 1529 1485 1580 ad
1514 1529 1805 1581 adventum
1841 1527 1976 1596 ejus.
2002 1538 2042 1582 el

2154 1518 2269 1572 ἀλλ’
2302 1522 2330 1573 ὅ
2354 1539 2405 1574 τι
2439 1524 2567 1578 ποτέ
2607 1529 2721 1580 ἐστι
2764 1528 2891 1599 περὶ
2926 1532 3072 1601 ἡμᾶς
3108 1532 3334 1603 ἀγαθὸν,
3378 1537 3536 1590 τοῦτο
3577 1539 3740 1605 αὐτὸς

484 1622 621 1675 dixit
648 1622 698 1676 ei
732 1638 745 1674 :
777 1620 954 1687 Quare
1002 1628 1056 1673 tu
1095 1620 1268 1683 solus,
1304 1628 1356 1673 et
1394 1618 1572 1673 nullus
1615 1628 1700 1673 est
1741 1620 1954 1673 tecum?
1988 1619 2042 1673 El

2155 1610 2432 1683 ἐποίησεν.
2479 1616 2535 1669 '0
2580 1619 2900 1690 τριακοστὸς
2930 1622 3111 1692 τρίτος
3137 1625 3350 1696 ψαλμὺς
3395 1629 3737 1703 ἐπιγεγραμ-

482 1714 617 1767 dixit
672 1712 720 1765 ei
768 1712 935 1765 David
969 1729 982 1763 :
1024 1710 1137 1764 Rex
1175 1711 1429 1779 prmcepit
1462 1711 1589 1764 mihi
1632 1710 1796 1765 hodie
1839 1725 2042 1763 sermo-

2164 1704 2343 1774 μένος,
2381 1724 2399 1755 ι
2432 1704 2511 1774 τῷ
2538 1705 2717 1771 Δαυῒδ,
2751 1709 2912 1761 ὁπότε
2936 1710 3194 1779 ἠλλοίωσε
3225 1714 3287 1766 τὸ
3319 1714 3606 1785 πρόσωπον
3637 1720 3735 1770 αὑ-

481 1819 630 1867 nem,
669 1813 724 1858 et
753 1803 888 1857 dixit
916 1803 1044 1857 mihi
1079 1818 1093 1856 :
1127 1800 1300 1857 Nemo
1333 1803 1470 1857 sciat
1498 1817 1609 1856 rem
1646 1812 1864 1871 prepter
1891 1817 2042 1871 quam

2165 1795 2254 1848 τοῦ
2308 1798 2549 1851 ἐναντίον
2589 1799 2912 1873 Ἀϐιμέλεχ,
2959 1821 2976 1853 ι
3021 1803 3162 1855 ἔοικε
3215 1804 3305 1857 τὸν
3341 1808 3399 1857 ἐν
3437 1811 3501 1876 τῇ
3544 1807 3734 1880 πρώτῃ

482 1897 638 1949 mitto
666 1905 740 1956 te.
770 1905 825 1949 et
855 1894 1157 1963 eujusmodi
1208 1903 1475 1962 prmeepta
1530 1892 1625 1946 tibi
1677 1891 1938 1946 dederim.
1990 1891 2042 1945 Et

2161 1888 2270 1939 τῶν
2320 1888 2617 1944 Βασιλειῶν
2679 1894 2964 1965 Ἀχιμέλεχ
3015 1894 3397 1965 ὠνομασμένον
3449 1898 3739 1970 Ἀϐιμέλεχ

476 1988 659 2057 pueris
689 1986 991 2058 signiﬁcavi
1032 1987 1081 2040 in
1129 1985 1248 2040 loco
1285 1985 1431 2040 dicto
1463 1984 1560 2038 Dei
1592 1985 1744 2052 ﬁdes,
1786 1983 2042 2037 Pliilmoni

2154 1979 2477 2037 ἀποκαλεῖνο
2524 1984 2633 2038 τῶν
2682 1988 2963 2059 στοιχείων
3014 1993 3140 2061 παρ’
3182 1990 3472 2063 Ἑϐραίοις,
3506 1994 3647 2065 λέγω
3673 1995 3731 2049 δὲ

476 2081 706 2135 Almoui.
761 2081 824 2134 Et
871 2094 1013 2132 nunc
1056 2079 1101 2132 si
1152 2086 1279 2132 sunt
1324 2078 1426 2131 sub
1473 2092 1632 2129 manu
1677 2086 1765 2130 tua
1809 2077 2042 2147 quinque

2151 2070 2246 2124 τοῦ
2289 2071 2400 2143 χάφ
2436 2075 2652 2129 καὶτοῦ
2689 2077 2810 2149 βὴθ,
2850 2078 3049 2150 πολλὴν
3080 2081 3373 2155 ὁμοιότητα
3415 2086 3726 2152 σωζόντων,

476 2187 666 2241 panes,
702 2178 768 2225 ita
796 2171 849 2223 in
887 2184 1106 2222 manum
1142 2182 1314 2222 meam
1346 2166 1490 2235 quod
1533 2167 1829 2221 inveneris.
1870 2166 1933 2219 Et
1969 2182 2042 2220 res

2150 2163 2226 2228 ὡς
2257 2167 2399 2221 κατά
2429 2168 2595 2240 μηδὲν
2623 2170 2867 2241 ἀλλήλων
2910 2172 3266 2237 διαλλάττειν,
3300 2176 3333 2244 ἢ
3366 2175 3594 2251 βραχείᾳ
3633 2197 3727 2233 κε·-

476 2265 698 2334 spondit
741 2262 1021 2327 sacerdos,
1052 2269 1107 2313 et
1135 2258 1272 2313 dixit
1299 2274 1312 2312 :
1343 2258 1459 2312 Non
1491 2267 1612 2311 sunt
1644 2272 1809 2327 panes
1835 2257 2042 2327 profani

2154 2256 2280 2328 ραίᾳ
2302 2258 2460 2329 μόνῃ.
2484 2262 2635 2331 Ἔχει
2661 2262 2705 2315 δ’
2732 2258 2825 2316 οὖν
2854 2264 2885 2334 ἡ
2922 2264 3129 2335 ἱστορία
3154 2266 3327 2332 οὔτως
3347 2286 3358 2296 ·
3402 2290 3419 2320 ι
3447 2272 3552 2323 Καὶ
3573 2271 3730 2343 ἔρχε-

473 2355 575 2410 sub
601 2370 761 2410 manu
803 2368 941 2415 mea,
974 2350 1069 2405 sed
1104 2358 1313 2404 tantum
1359 2365 1526 2420 panes
1565 2350 1741 2404 sancti
1775 2366 1789 2403 :
1818 2348 1863 2402 si
1895 2348 2042 2416 pueri

2153 2367 2243 2404 ται
2270 2351 2432 2405 Δαιΐίδ
2463 2355 2542 2416 εἰς
2574 2356 2807 2426 Νομμᾶν
2832 2356 2965 2428 πρὸς
3002 2358 3290 2430 Ἀχιμέλεχ
3312 2361 3402 2414 τὸν
3436 2363 3604 2436 ἱερέα,
3630 2366 3725 2420 καὶ

472 2450 657 2505 mundi
702 2454 879 2501 sunta
913 2444 1159 2508 muliere,
1185 2452 1239 2498 et
1280 2442 1700 2497 inauducalntut.
1737 2441 2042 2510 Etrespon—

2154 2440 2345 2516 ἐξέστη
2395 2445 2683 2518 Ἀχιμέλεχ
2723 2450 2787 2518 τῇ
2838 2450 3138 2521 ἀπαντήσει
3182 2451 3375 2518 αὐτοῦ,
3434 2454 3526 2507 καὶ
3573 2451 3726 2510 εἶπεν

474 2544 556 2597 dit
584 2539 752 2596 David
785 2535 1054 2594 sacerdoti
1085 2544 1138 2590 et
1173 2534 1309 2589 dixit
1344 2534 1393 2587 ei
1427 2533 1724 2602 :Equidem
1760 2548 1790 2587 a
1818 2534 2042 2587 muliere

2147 2533 2327 2605 αὐτῷ’
2368 2537 2432 2590 Τί
2469 2538 2548 2590 ὅτι
2584 2541 2646 2593 σὺ
2685 2541 2878 2611 μόνος,
2919 2541 3011 2595 καὶ
3052 2543 3226 2606 οὐδεὶς
3269 2544 3407 2614 μετὰ
3448 2546 3580 2612 σοῦ;
3614 2549 3725 2602 Καὶ
3764 2561 3774 2568 ·

470 2635 839 2692 continuimus
888 2646 988 2687 nos
1031 2631 1098 2685 ab
1156 2628 1272 2685 heri
1312 2637 1365 2681 et
1403 2627 1598 2682 nudius
1644 2628 1861 2681 tertius.
1907 2626 2041 2680 Cum

2147 2619 2298 2679 εἶπεν
2327 2626 2475 2698 αὐτῷ
2502 2629 2692 2682 Δαυῖδ·
2730 2631 2788 2683 ’0
2824 2630 3079 2701 βασιλεὺς
3127 2634 3437 2688 ἐντέταλται
3496 2654 3586 2706 μοι
3628 2640 3725 2710 σή-

469 2730 674 2783 exirem
720 2727 771 2780 in
805 2725 975 2790 viam,
1009 2722 1132 2778 facti
1174 2730 1299 2776 sunt
1340 2733 1532 2775 omnes
1564 2718 1715 2787 pueri
1743 2718 1897 2772 casti.
1936 2717 2039 2771 Sed

2147 2734 2313 2788 μερον
2341 2718 2512 2790 ῥῆμα,
2541 2721 2634 2774 καὶ
2660 2717 2780 2774 εἶπέ
2808 2739 2916 2793 μοι·
2943 2725 3032 2795 Μὴ
3061 2724 3251 2793 γνώτω
3276 2727 3458 2797 μηδεὶς
3487 2727 3547 2780 τὸ
3568 2731 3722 2799 ῥῆμα

470 2823 585 2873 lure
614 2820 695 2872 via
729 2817 934 2889 polluta
958 2825 1074 2877 est;
1110 2814 1231 2867 ideo
1272 2812 1435 2866 hodie
1467 2809 1897 2866 sanctiﬁcabitur
1919 2824 2041 2878 pro-

2147 2810 2273 2880 περὶ
2311 2802 2372 2861 οὗ
2406 2808 2517 2879 ἐγὼ
2546 2811 2859 2865 ἀποστέλλω
2906 2831 2985 2878 σε,
3026 2815 3120 2871 καὶ
3165 2816 3291 2887 περὶ
3333 2810 3393 2869 οὗ
3433 2814 3543 2885 ἐγὼ
3572 2817 3722 2870 ἐντέ-

466 2923 586 2981 pter
615 2927 762 2965 vasa.
804 2911 867 2964 Et
913 2908 1053 2964 dedit
1086 2908 1133 2961 ci
1174 2901 1523 2960 Achimelech
1567 2904 1824 2957 sacerdos
1875 2916 2040 2970 panes

2147 2899 2342 2971 ταλμαί
2371 2919 2470 2957 σοι.
2499 2904 2608 2956 Καὶ⁵
2625 2907 2736 2967 τοῖς
2763 2904 3070 2975 παιδαρίοις
3102 2906 3528 2980 μεμαρτύρημαι
3556 2909 3615 2962 ὲν
3640 2907 3722 2980 τῷ

464 3003 879 3075 ιιι-ιιῐιοεὶιὶοιιίξ,
914 3002 1041 3072 quia
1078 3016 1180 3054 non
1229 3006 1346 3054 erat
1394 2997 1558 3068 panis
1605 2996 1702 3060 ibi,
1737 2996 1836 3050 nisi
1870 3010 2038 3066 panes

2147 2992 2290 3065 τόπῳ
2312 2993 2387 3065 τῷ
2407 2994 2685 3066 λεγομένῳ
2717 2996 2863 3050 Θεοῦ
2894 2999 3118 3063 πίστις,
3147 2998 3406 3068 summa»;
3448 2999 3712 3068 Ἁλμωνί.

465 3098 638 3158 faciei,
667 3097 758 3166 qui
785 3095 981 3149 sublati
1016 3093 1240 3148 fuerunt
1271 3106 1299 3143 a
1333 3089 1472 3144 facie
1508 3088 1746 3153 Domini,
1782 3097 1840 3141 ut
1868 3103 2034 3157 appo—

2147 3085 2249 3138 Kal.
2273 3085 2366 3139 νῦν
2399 3089 2447 3140 εί
2480 3088 2615 3141 εἰσὶν
2655 3088 2760 3142 ὑπὸ
2798 3088 2896 3161 τὴν
2922 3089 3077 3161 χεῖρά
3109 3106 3202 3142 σου
3231 3090 3389 3144 πέντε
3420 3090 3594 3161 ἄρτοι,
3628 3091 3715 3157 δὺς

360 3217 366 3221 -
462 3198 685 3243 neretur
743 3186 901 3257 panis
946 3184 1181 3247 calidus,
1226 3183 1278 3237 in
1330 3180 1418 3236 die
1460 3193 1565 3250 qua
1614 3179 1819 3251 accepit
1857 3194 1974 3234 eos.
2011 3197 2030 3229 ι

2147 3177 2221 3241 είς
2240 3179 2399 3251 χεῖρά
2430 3196 2530 3250 μου
2556 3180 2616 3233 τὺ
2645 3180 2888 3252 εὑρεθέν.
2917 3181 3025 3234 Καὶ
3046 3181 3316 3254 ἀπεκρίθη
3350 3184 3377 3235 ὁ
3402 3184 3712 3255 ἀρχιερεὺς,

460 3286 638 3351 Atque
670 3280 786 3334 lucc
815 3276 1068 3333 historia.
1102 3273 1209 3330 Pro
1261 3288 1331 3329 eo
1354 3283 1551 3326 ’autem
1582 3271 1724 3340 quod
1772 3271 2035 3339 scriptum

2147 3270 2234 3323 καὶ
2286 3266 2457 3324 εἶπεν·
2503 3271 2618 3325 υῦκ
2650 3272 2787 3326 εἰσιν
2819 3273 2974 3344 ἄρτοι
3025 3272 3245 3343 βέϐηλοι
3288 3273 3391 3327 ὑπὸ
3420 3276 3518 3347 τὴν
3558 3278 3736 3349 χεῖρὰΔ

458 3387 541 3429 est
572 3387 589 3427 :
624 3391 642 3425 ε
678 3372 732 3427 ιιι
763 3371 883 3426 loco
913 3369 1003 3439 qui
1036 3367 1233 3422 dicitur
1259 3366 1349 3421 Dei
1389 3364 1521 3418 ﬁdes
1554 3363 1818 3418 Philmoni
1853 3362 2037 3417 Almo-

2147 3378 2263 3430 μου,
2295 3362 2411 3415 ἀλλ’
2434 3363 2467 3433 ἢ
2494 3363 2647 3434 ἄρτοι
2690 3362 2862 3430 ἅγιον
2889 3364 2950 3414 ἐξ
2990 3364 3105 3415 ἐστὶ
3143 3362 3211 3416 τὰ
3252 3364 3509 3436 παιδάρια
3542 3384 3716 3435 πεφυ-

460 3469 537 3532 ni,
567 3484 584 3517 ι
604 3463 796 3533 Aquila
829 3463 996 3517 vertit
1017 3478 1032 3514 :
1053 3481 1069 3513 ι
1093 3462 1171 3516 Ad
1195 3461 1373 3516 locum
1402 3459 1550 3512 hunc
1572 3456 1656 3513 vel
1680 3456 1855 3519 illum,
1875 3455 2034 3524 hujus

2147 3453 2381 3523 λαγμένα
2436 3453 2543 3505 ἀπὸ
2585 3452 2859 3521 γυναικὸς,
2891 3451 2983 3503 καὶ
3013 3452 3264 3518 φάγεται.
3302 3454 3410 3505 Καὶ
3437 3456 3713 3529 ἀπεκρίθη

457 3561 542 3615 vel
568 3559 727 3620 alius,
750 3576 768 3610 ι
791 3564 885 3611 aut
904 3554 1150 3609 absolute
1173 3571 1192 3605 ι
1217 3552 1283 3607 ad
1313 3551 1488 3605 locum
1514 3550 1657 3604 hunc
1685 3547 1769 3601 vel
1799 3546 1978 3613 illum;
2008 3565 2026 3597 ι

459 3650 824 3720 Symmachus
856 3656 1065 3700 autem:
1088 3644 1204 3698 «Ad
1234 3642 1540 3713 quempiam
1575 3638 1770 3693 locum.
1814 3655 1832 3687 ι
1875 3633 2035 3688 Vide-

461 3754 549 3798 tur
573 3756 704 3810 ergo
734 3738 924 3793 titulus
967 3735 1160 3805 psalmi
1200 3734 1284 3788 vel
1316 3731 1631 3787 simulatum
1666 3726 1885 3781 Davidis
1914 3738 2032 3778 ser-

458 3812 672 3888 monem
698 3831 762 3885 ad
782 3828 1129 3895 sacerdotem,
1147 3825 1393 3880 indicare
1407 3822 1491 3877 his
1506 3815 2030 3884 verbis":iQuando

453 3923 765 3980 iuuuutavit
815 3919 1019 3974 vultun
1050 3932 1211 3974 suum
1265 3929 1447 3971 coram
1487 3909 1840 3973 Abimelech;
1885 3927 1904 3960 ι
1945 3906 2029 3963 vel

458 4015 888 4070 immutationem
923 4010 1102 4069 faciei.
1132 4008 1470 4078 Quapropter
1523 4002 1881 4074 Symmachus
1904 3998 1979 4053 ait
2009 4012 2022 4025 ·

459 4129 476 4160 α
517 4108 743 4175 Quando
772 4102 1187 4160 transformavit
1233 4099 1439 4153 vultum
1468 4111 1627 4152 suum
1662 4108 1846 4150 coram
1897 4091 2029 4146 Abi-

2135 3543 2298 3596 Δαυῖδ
2321 3543 2397 3614 τῷ
2430 3545 2697 3614 ἀρχιερεῖ,
2756 3543 2850 3596 καὶ
2894 3537 3045 3593 εἶπεν
3075 3541 3243 3611 αὐτῷ·
3294 3543 3451 3596 ’Λλλά
3477 3547 3584 3599 ἀπὸ
3611 3565 3714 3615 γυ-

2134 3635 2323 3698 ναικὸς
2350 3634 2712 3706 ἁπεσχήμεθα
2740 3634 2866 3705 χθὲς
2906 3632 2997 3685 καὶ
3028 3631 3215 3703 τρίτην
3245 3634 3475 3704 ἡμέραν.
3515 3637 3603 3690 Ἑν
3634 3641 3713 3709 τῷ

2132 3722 2365 3791 ἐξελθεῖν
2402 3742 2470 3796 με
2503 3727 2582 3788 εἰς
2619 3724 2758 3785 ὁδὸν,
2793 3723 2982 3792 γέγονε
3020 3723 3193 3775 πάντα
3239 3725 3496 3794 παιδάρια
3555 3730 3713 3798 ἡγνι-

2133 3814 2324 3885 σμένα.
2339 3814 2450 3869 Καὶ
2464 3814 2600 3886 αὐτὴ
2619 3816 2650 3887 ἡ
2667 3815 2781 3878 ὁδὸς
2797 3812 3042 3885 βέϐηλος,
3054 3812 3183 3867 διότι
3201 3815 3438 3887 σήμερον
3455 3818 3712 3891 ἁγιασθή-

2133 3924 2285 3962 σεται
2329 3908 2417 3962 διὰ
2454 3909 2525 3962 τὰ
2562 3908 2750 3980 σκεύη.
2786 3909 2896 3962 Καὶ
2944 3906 3141 3960 ἔδωκεν
3178 3908 3326 3980 αὐτῷ
3366 3910 3652 3983 ’Λχιμέλεχ
3678 3913 3711 3964 ό

2132 3999 2310 4071 ἱερεὺς
2336 4002 2462 4064 τοὺς
2493 4000 2689 4071 ἄρτους
2714 4000 2813 4070 τῆς
2849 4002 3179 4073 προθέσεως,
3214 4005 3293 4056 ὅτι
3325 4000 3425 4056 οὐκ
3449 3999 3517 4073 ἦν
3545 4004 3708 4074 ἄρτος

2129 4090 2262 4157 ἐκεῖ,
2293 4090 2408 4143 ἀλλ’
2433 4091 2465 4161 ἢ
2494 4092 2542 4143 οἱ
2570 4089 2723 4161 ἄρτοι
2746 4089 2840 4144 τοῦ
2875 4094 3168 4162 προσώπου
3201 4095 3248 4147 οἱ
3276 4092 3613 4164 ἀφῃρημένοι
3642 4094 3707 4146 ἐκ

454 4199 685 4253 inelech.
720 4213 737 4246 ι
766 4194 957 4265 Aquila
977 4206 1106 4246 vero
1136 4208 1150 4245 :
1175 4208 1194 4243 ο
1220 4187 1446 4256 Quando
1474 4183 1781 4240 immutavit
1808 4189 2025 4250 gustum

2147 4180 2422 4253 προσώπου
2474 4182 2680 4253 Κυρίου
2722 4182 2816 4235 τοῦ
2863 4186 3237 4257 παρατεθῆναι
3267 4187 3427 4258 ἄρτον
3463 4185 3703 4257 θερμὸν,

451 4306 632 4343 suum.
665 4307 682 4340 ι
709 4288 916 4342 Idcirco
935 4285 1100 4339 etiam
1122 4277 1515 4352 progressusin
1547 4274 1757 4345 psalmo
1784 4285 2024 4333 sacrum,

2147 4269 2161 4347 ᾗ
2191 4274 2373 4347 ἡμέρα
2408 4274 2596 4328 ἔλαϐεν
2620 4276 2836 4340 αὐτούς.
2864 4296 2882 4327 ι
2909 4279 3094 4332 Ταῦτα
3127 4278 3224 4350 μὲν
3259 4280 3290 4348 ἡ
3329 4279 3559 4349 ἱστορία·
3583 4278 3705 4332 ἀντὶ

450 4393 505 4435 ιιι
539 4381 773 4443 videtur,
828 4378 1008 4433 cibum
1058 4374 1311 4428 indicans
1358 4370 1436 4424 ait
1467 4369 1512 4401 ἰθ
1560 4382 1575 4419 :
1618 4385 1640 4417 ‹
1693 4364 1921 4419 Gustate
1970 4370 2029 4415 et

2147 4367 2181 4418 ἱὲ
2202 4365 2315 4433 τοῦ,
2342 4385 2359 4417 ι
2381 4367 2437 4419 ἐν
2458 4366 2537 4437 τῷ
2564 4368 2715 4437 τόπῳ
2740 4368 2816 4438 τῷ
2842 4369 3117 4440 λεγομένῳ
3153 4369 3302 4423 Θεοῦ
3330 4370 3537 4436 πίστις
3571 4372 3707 4424 45:1-

448 4475 623 4527 vidcte
652 4470 909 4539 quoniam
944 4466 1131 4521 suavis
1177 4472 1260 4517 est
1303 4459 1586 4516 Dominus.
1633 4475 1651 4508 ι
1693 4455 1857 4511 Forte
1886 4469 2018 4522 ergo

2148 4459 2273 4512 ιωνὶ
2320 4460 2585 4529 Ἀλμωνὶ,
2612 4479 2629 4511 ι
2681 4437 2908 4523 Ἀκῦλας
2950 4437 3101 4532 (paci;
3137 4480 3155 4513 ‹
3186 4461 3331 4531 Πρδς
3390 4462 3480 4513 τὸν
3535 4461 3701 4514 τόπον

448 4569 513 4618 ad
550 4566 877 4632 gustandum
939 4559 1006 4613 de
1055 4556 1280 4613 Christo
1322 4552 1649 4614 adhortans,
1703 4549 1788 4603 his
1842 4545 2023 4600 verbis

2147 4549 2270 4603 τόνδε
2298 4550 2420 4604 τινὰ
2445 4550 2599 4603 τοῦδέ
2615 4568 2756 4615 τινος
2778 4569 2790 4581 ⁸
2808 4572 2826 4603 ι
2853 4551 2884 4621 ἢ
2906 4570 2924 4602 ‹
2948 4551 3095 4604 τόνδε
3113 4551 3235 4605 τινὰ
3261 4551 3576 4603 ἀδέσποτονο
3614 4570 3633 4603 ι
3672 4553 3705 4605 ό

449 4653 729 4710 indicabat
786 4663 987 4721 corpus
1038 4646 1179 4715 ejus,
1237 4645 1328 4701 eui
1377 4644 1557 4697 inerat
1610 4639 1749 4708 legis
1802 4637 2023 4707 symbo-

2147 4642 2180 4694 ἱὲ
2222 4640 2546 4713 Σύμμαχος·
2584 4662 2603 4692 ἰ
2633 4644 2727 4704 Εἰς
2767 4642 2856 4695 τὸν
2895 4641 3041 4694 δεῖνα
3085 4641 3269 4694 τόπον.
3302 4660 3320 4693 ι
3358 4642 3571 4694 Ἔοικεν
3604 4636 3699 4694 οὖν

448 4749 591 4813 lum,
654 4759 777 4799 cum
838 4741 1272 4798 eucharistieum
1329 4736 1538 4792 Christi
1591 4748 1792 4802 corpus
1850 4744 2021 4799 panes

2147 4753 2155 4804 ι
2193 4732 2287 4787 τοῦ
2320 4734 2533 4806 ψαλμοῦ
2583 4734 2873 4807 προγραφὴ
2925 4734 3026 4803 τὴν
3079 4732 3364 4787 ἀλλοίωσιν
3409 4732 3502 4785 τοῦ
3538 4731 3698 4802 λόγου

448 4835 831 4911 propositionis
868 4832 1313 4902 comprehendat.
1351 4828 1450 4883 Est
1510 4838 1564 4882 et
1605 4826 1709 4880 alia
1760 4824 2016 4878 immuta—

2147 4824 2285 4879 tau’iB
2334 4826 2435 4896 τὴν
2485 4826 2620 4897 πρὸς
2648 4825 2739 4877 τὸν
2767 4824 2916 4896 ἱερέα
2944 4825 3231 4895 σημαίνειν
3262 4824 3349 4878 διὰ
3374 4824 3467 4877 τοῦ
3498 4825 3697 4893 φάναι·

449 4934 525 4987 tio
565 4912 733 4983 David
763 4927 831 4995 ⁸⁸,
879 4926 1177 4981 secundum
1226 4936 1388 4992 quam
1446 4916 1751 4975 immutavit
1808 4914 2013 4967 vultum

2171 4918 2359 4971 Ὁπότε
2387 4916 2647 4988 ὴλλοίωσε
2672 4916 2735 4968 τὸ
2763 4916 3053 4987 πρόσωπον
3082 4915 3245 4969 αὐτοῦ
3282 4916 3521 4969 ἐναντίον
3555 4916 3700 4969 Ἀσι-

445 5038 602 5079 suum
663 5035 844 5076 coram
880 5019 1102 5073 Auchus
1137 5031 1263 5088 rege
1310 5013 1448 5070 Geth
1484 5013 1807 5082 alienigena,
1852 5009 2008 5079 521

2147 5010 2307 5081 ιέλεχ·
2336 5030 2356 5063 ι
2400 5011 2434 5082 ἢ
2474 5010 2572 5081 τὴν
2617 5008 2901 5063 ἀλλοίωσιν
2939 5008 3034 5062 τοῦ
3079 5008 3397 5081 προσώπουο
3436 5008 3516 5062 διὸ
3555 5009 3697 5063 κατὰ

445 5114 768 5170 dementiam
822 5109 1102 5166 simulans.
1175 5108 1282 5163 Sed
1345 5122 1450 5161 non
1519 5106 1734 5159 videtur
1779 5104 2017 5172 psalmus

2149 5105 2207 5157 ὸν
2253 5103 2546 5174 Σύμμαχον
2599 5102 2832 5173 εἴρηται·
2894 5121 2912 5154 ι
2951 5102 3143 5154 Ὁπότε
3201 5101 3588 5173 μετεμόρφωσε
3633 5099 3697 5154 τὸ

443 5209 585 5263 hanc
652 5205 705 5258 in
768 5203 1023 5273 praesenti
1092 5198 1520 5254 immutationem
1585 5197 1845 5250 iudicare.
1910 5195 2014 5248 Alii

2147 5195 2406 5267 πρόσωπον
2434 5192 2601 5247 αὐτοῦ
2639 5193 2879 5247 ἐναντίον
2925 5192 3231 5264 ’Λειμέλεχο
3264 5212 3281 5244 ι
3302 5192 3405 5247 ὁδὲ
3445 5193 3692 5256 Ἀκύλας·

441 5300 532 5369 qui
578 5296 783 5351 nullum
828 5292 1029 5349 habent
1061 5289 1299 5353 titulum,
1349 5290 1403 5344 id
1435 5288 1632 5358 estqui
1682 5301 1858 5358 neque
1887 5301 2015 5340 ean-

430 5392 555 5453 iiri,
584 5402 758 5459 neque
790 5384 997 5457 hymni,
1029 5397 1207 5451 neque
1233 5380 1446 5451 psalmi,
1483 5396 1660 5448 neque
1690 5379 2012 5433 modulatio-

440 5484 543 5545 nis,
571 5496 745 5551 neque
768 5477 1116 5542 laudationis,
1151 5489 1322 5544 neque
1352 5472 1634 5537 orationis,
1661 5488 1834 5540 neque
1867 5471 2004 5526 alius

441 5572 740 5642 enjuspiam
791 5571 867 5626 rei
917 5569 1111 5626 similis
1147 5568 1363 5623 nomine
1404 5566 1815 5629 inscribuntur,
1849 5564 2004 5619 utilia

504 5751 554 5821 7⁵
581 5748 666 5805 Ps.
704 5764 845 5811 xcrx,
880 5747 930 5800 '5.

1008 5748 1051 5778 τ’
1071 5745 1160 5800 Ps.
1187 5760 1381 5810 xxviii,
1408 5742 1457 5797 1.
1534 5744 1578 5776 ⁷⁷
1604 5742 1621 5796 1
1645 5741 1775 5811 Reg.
1810 5757 1921 5806 xxi,
1951 5740 1973 5796 l
2000 5749 2046 5795 cl
2070 5754 2225 5811 seqq.

2122 5306 2141 5337 ι
2178 5284 2307 5340 Ὅτε
2351 5283 2612 5355 ὴλλοίωσε
2652 5284 2714 5343 τὸ
2746 5284 2927 5356 γεῦμα
2958 5284 3143 5338 αὐτοῦ.
3172 5304 3189 5336 ι
3231 5285 3322 5338 Διὸ
3352 5284 3450 5338 καὶ
3490 5283 3694 5356 προῖὼν

2116 5381 2174 5435 ὲν
2203 5379 2279 5450 τῷ
2317 5376 2516 5449 ψαλμῷ
2564 5377 2662 5449 τὴν
2712 5376 2883 5449 ἱερὰν,
2904 5377 3000 5440 ,ὡς
3027 5377 3168 5430 ἔοικε
3187 5417 3201 5439 ,
3226 5376 3433 5448 τροφὴν
3464 5375 3697 5429 αἰνιττό-

2117 5470 2275 5542 μενός
2306 5484 2456 5540 φησι·
2495 5488 2513 5518 ι
2541 5466 2836 5531 Γεύσασθε,
2872 5468 2967 5521 καὶ
3002 5467 3136 5521 ἴδετε
3162 5468 3245 5520 ὅτι
3272 5465 3505 5539 χρηστὸς
3527 5467 3558 5518 ὁ
3583 5464 3695 5520 K6-

2115 5580 2248 5636 ριος.
2274 5582 2291 5613 ι
2309 5562 2538 5634 Μήποτε
2561 5555 2653 5613 οὖν
2681 5560 2844 5614 αὐτοῦ
2860 5557 3156 5629 γεύσασθαι
3185 5559 3281 5613 τοῦ
3298 5556 3533 5629 Χριστοῦ
3554 5573 3694 5630 παρ’

2300 5740 2347 5771 ⁷⁸
2365 5739 2452 5794 Ps.
2480 5755 2673 5804 xxxm,
2698 5739 2748 5793 l.
2825 5738 2870 5769 79
2899 5737 3030 5793 ihid.
3054 5737 3104 5792 9.
3205 5736 3251 5768 ⁸⁰
3314 5730 3567 5803 ﬁfty-mi
3602 5729 3687 5785 ίῧο
