4124 6416
378 379 512 435 ίθῢθ
1572 373 1874 430 SEIECTA
1917 376 1951 428 ΙΙ

2065 375 2355 431 SALMOS.
3495 381 3632 434 1070

373 502 537 556 ,κινῶν
576 501 635 554 τὸ
673 500 830 571 σῶμα
877 498 1042 554 αὑτοῦ
1081 498 1168 552 διὰ
1205 497 1407 550 τούτων
1449 497 1721 568 ᾐνίττετο,
1863 499 1951 552 καὶ

2059 501 2302 562 mundam
2330 497 2577 553 videntur
2613 497 2814 553 habere
2837 507 3126 567 prmcepta,
3151 509 3205 554 et
3236 514 3634 557 sermonescx-

368 594 466 648 τοῦ
499 594 664 664 νόμου
692 589 759 660 ἦν
786 591 1067 662 σύμϐολον·
1095 589 1188 643 τοῦ
1213 591 1313 660 τῆς
1340 591 1688 662 εὐχαριστίας
1716 591 1949 662 Χριστοῦ

374 686 623 756 σώματος
653 686 778 748 τοὺς
829 685 926 754 τῆς
964 683 1270 755 προθέσεως
1298 681 1494 752 ἄρτους
1534 683 1949 754 παρειληφότος.

376 780 532 832 ,Εστι
574 778 666 831 καὶ
698 776 857 847 ἑτέρα
897 775 1181 837 ἀλλοίωσις
1223 775 1317 827 τοῦ
1358 775 1551 838 Δαυῖδ,
1591 774 1712 827 καθ’
1748 775 1813 844 ἣν
1859 776 1949 844 ἦλα

370 870 562 924 λοίωσε
595 870 655 921 τὸ
678 869 966 939 πρόσωπον
995 866 1158 919 αὐτοῦ
1184 867 1319 936 πρὸς
1350 867 1579 936 Ἀγχοῦς
1601 865 1822 936 βασιλέα
1854 868 1952 919 Γὲο

371 963 461 1015 τὸν
494 961 808 1030 ἀλλόφυλον,
841 961 1034 1030 μανίαν
1067 959 1489 1028 ὑποκρινόμενος
1509 976 1522 989 ·
1577 958 1689 1010 ἀλλ’
1725 959 1824 1010 οὐκ
1852 957 1955 1011 ἔοι-

373 1069 466 1105 κεν
489 1054 517 1103 6
548 1051 759 1121 ψαλμὸς
789 1049 993 1120 ταύτην
1026 1050 1116 1101 ἐπὶ
1156 1049 1248 1101 τοῦ
1284 1048 1548 1118 παρόντος
1584 1047 1953 1117 προσαλλοίω-

374 1161 455 1196 σιν
489 1143 790 1213 σημαίνειν.
823 1143 884 1194 Οἱ
917 1141 973 1192 δὲ
1011 1142 1131 1212 μηδ’
1165 1141 1331 1212 ἔτερα
1361 1140 1827 1211 ἐπιγεγραμμένοι
1849 1140 1953 1194 τῶν

368 1235 618 1306 ψαλμῶν,
648 1233 888 1302 λέγωδὲ,
926 1236 1061 1304 μήτε
1093 1233 1223 1303 ᾠδὴ,
1259 1234 1394 1302 μήτε
1429 1232 1614 1303 ὕμνος,
1651 1232 1785 1302 μήτε
1817 1232 1953 1300 ψαλ-

369 1326 491 1398 μὸς,
521 1327 656 1397 μήτε
687 1324 1003 1396 μελῴδημα,
1045 1325 1180 1394 μήτε
1221 1323 1443 1387 αἴνεσις,
1485 1325 1618 1394 μήτε
1655 1324 1950 1394 προσευχὴ,

369 1423 507 1492 μήτε
541 1439 592 1473 τι
619 1419 726 1472 τῶν
752 1418 1029 1481 τοιούτων,
1056 1417 1365 1487 ὠφελίμους
1403 1417 1556 1480 τινὰς
1580 1417 1787 1470 ἐοίκασι
1813 1417 1955 1470 διδα-

366 1513 594 1575 σκαλίας
632 1511 929 1581 περιέχειν,
983 1511 1077 1563 καὶ
1125 1509 1317 1578 λόγους
1380 1510 1799 1580 παραινετικοὺς
1859 1508 1953 1562 καὶ

368 1605 801 1677 προτρεπτικοὺς
830 1606 910 1666 εἰς
938 1601 1217 1665 εὐσεϐείας
1248 1599 1515 1673 ἀνάληψιν
1537 1618 1550 1632 ο
1595 1595 1706 1664 οἷός
1755 1603 1898 1654 ἐστιν
1926 1603 1954 1654 6

367 1694 610 1757 δέκατος,
651 1697 708 1746 ὲν
752 1686 796 1760 ᾧ
833 1691 1079 1764 εἴρηται·
1124 1711 1141 1742 ι
1193 1691 1315 1743 Ἐπὶ
1343 1690 1418 1760 τῷ
1463 1689 1652 1760 Κυρίῳ
1695 1689 1950 1755 πέποιθα,

368 1785 485 1848 πῶς
518 1787 690 1856 ἐρεῖτε
723 1787 786 1854 τῇ
824 1783 967 1854 ψυχῇ
1000 1800 1122 1853 μου,
1151 1801 1170 1834 ι
1198 1782 1290 1835 καὶ
1319 1783 1386 1835 τὰ
1417 1781 1542 1852 ἑξῆς
1563 1798 1575 1811 ⁸
1613 1782 1758 1836 καὶὸ
1791 1781 1953 1835 δέκα·

2057 589 2388 642 hortatorios
2421 598 2472 641 et
2503 588 2847 644 invitatorios
2875 589 2939 642 ad
2969 589 3188 658 pietatis
3225 591 3449 645 cultum.
3481 592 3634 658 Ejus-

2057 679 2199 732 modi
2241 689 2321 732 est
2349 678 2610 746 decimus,
2655 679 2706 733 in
2741 693 2848 748 quo
2883 680 3080 734 dicitur
3113 680 3155 712 ⁸¹
3193 699 3205 734 :
3237 700 3254 732 ι
3297 681 3352 735 In
3403 682 3635 736 Domino

2057 770 2287 830 conﬁdo.
2327 773 2598 839 quomodo
2628 771 2812 825 dicitis
2843 770 3035 825 anima:
3066 788 3220 835 meae,
3248 791 3265 824 ι
3299 781 3433 839 ·ειο.,
3465 787 3517 829 et
3545 777 3636 829 de-

2055 862 2227 915 cimus
2255 860 2451 914 tertius
2483 860 2572 928 qui
2613 860 2867 915 similiter
2908 861 2984 914 ait
3009 861 3053 893 ³²
3086 879 3098 915 :
3141 881 3158 912 ι
3196 862 3343 918 Dixit
3373 864 3633 932 insipien.

2058 955 2110 1007 in
2135 953 2297 1007 corde
2329 967 2446 1006 suo.
2489 972 2509 1004 ι
2563 952 2773 1021 Reliqui
2809 953 3060 1007 similiter
3090 965 3355 1023 praecepta
3389 957 3632 1024 quaedam

2058 1046 2284 1100 utilitate
2346 1046 2499 1114 plena
2550 1031 2853 1111 continent,
2909 1063 3084 1118 neque
3152 1060 3329 1104 tamen
3385 1052 3632 1118 psalmis,

2059 1139 2270 1209 hymnis
2294 1151 2386 1194 aut
2413 1141 2641 1196 canticis
2679 1142 2900 1210 ascripti
2934 1151 3080 1205 sunt,
3118 1143 3259 1212 quod
3294 1146 3539 1198 eamdem
3573 1161 3636 1198 ac

2057 1233 2297 1301 praedicti
2320 1233 2556 1287 formam
2583 1248 2688 1288 non
2718 1247 2969 1301 servent;
3005 1236 3110 1289 nisi
3144 1238 3280 1289 forte
3303 1239 3488 1306 scripti
3513 1246 3637 1291 sunt

2055 1332 2108 1378 et
2136 1324 2234 1392 ipsi
2261 1332 2318 1377 ut
2349 1340 2446 1394 per
2485 1326 2829 1394 psalterium,
2856 1327 2938 1381 vel
2961 1327 3160 1380 cantici
3194 1344 3364 1394 more,
3389 1329 3472 1383 vel
3499 1330 3638 1384 sicut

2055 1415 2321 1484 quispiam
2351 1430 2381 1469 e
2430 1417 2701 1485 praedictis
2735 1428 3079 1482 canerentur,
3128 1421 3230 1475 hoc
3286 1431 3468 1475 autem
3527 1439 3636 1476 non

2056 1508 2300 1576 contigit,
2335 1507 2472 1563 adeo
2505 1518 2560 1561 ut
2597 1509 2846 1563 eamdem
2896 1511 3113 1578 quidem
3139 1500 3219 1566 'ac
3259 1512 3475 1581 psalmi,
3508 1529 3640 1567 can-

2055 1597 2160 1652 tica
2196 1607 2251 1652 et
2280 1598 2555 1652 orationes
2590 1599 2698 1651 vim
2749 1597 3009 1662 habeant,
3041 1601 3287 1668 inseripti
3319 1611 3497 1654 autem
3533 1616 3635 1654 ιιοιι

2054 1689 2183 1754 sint,
2217 1691 2362 1758 quod
2408 1689 2536 1745 dicti
2579 1705 2685 1744 non
2728 1689 2948 1744 fuerint.
2980 1689 3078 1744 Vel
3117 1691 3255 1745 forte
3309 1693 3526 1760 quidam
3571 1695 3641 1743 oh

2054 1781 2290 1849 priorem
2320 1797 2560 1849 causam,
2604 1781 2824 1852 quidam
2873 1791 3004 1837 vero
3049 1783 3117 1837 ob
3152 1784 3445 1838 secundam
3492 1785 3640 1837 nullo

366 1897 456 1942 τος
487 1879 666 1950 τρίτος
693 1876 814 1929 καθ’
849 1877 1011 1946 ὃμοια
1045 1875 1217 1943 λέγων
1239 1891 1252 1904 ’
1285 1894 1302 1925 ι
1333 1869 1500 1928 Εἶπεν
1532 1874 1720 1944 ἄφρων
1737 1877 1792 1928 ἐν
1823 1891 1951 1946 καρ-

2059 1873 2291 1941 gaudent
2339 1873 2517 1928 titulo.
2560 1873 3059 1944 Quinquagesimus
3101 1875 3248 1928 enim
3300 1876 3508 1943 primus
3551 1877 3638 1929 cui

363 1972 453 2041 δίᾳ
488 1969 672 2022 αὑτοῦ.
719 1987 737 2019 ι
779 1968 887 2021 Καὶ
919 1969 966 2021 οἱ
1001 1967 1176 2020 λοιποὶ
1221 1967 1280 2020 δὲ
1318 1967 1714 2038 παραπλησίως
1763 1967 1952 2035 λόγους

365 2062 514 2124 τινὰς
545 2060 952 2124 διδασκαλικοὺς
985 2061 1076 2113 καὶ
1122 2060 1350 2130 πλήρεις
1402 2059 1671 2128 ὠφελείας
1717 2059 1954 2127 ἐπάγον-

364 2169 482 2207 ται⁶
518 2153 577 2205 ού
611 2152 716 2224 μὴν
751 2155 806 2205 ἐν
841 2152 1074 2222 ψαλμοῖς
1105 2153 1198 2205 καὶ
1229 2151 1418 2222 ὕμνοις
1453 2153 1484 2222 ἦ
1511 2153 1567 2203 ἐν
1597 2152 1760 2223 ᾠδαῖς
1789 2169 1951 2204 κατε-

363 2245 620 2315 λέγησαν,
652 2243 730 2314 τῷ
771 2244 844 2316 μὴ
886 2244 1080 2307 σώζειν
1128 2243 1217 2296 τὸν
1267 2245 1452 2314 ὅμοιον
1497 2247 1607 2306 τοῖς
1645 2244 1954 2315 εἰρημένοις

362 2339 589 2409 τρόπον’
624 2339 670 2390 εἰ
705 2336 778 2407 μὴ
807 2337 916 2407 ἄρα
941 2336 1260 2408 ἐγράφησαν
1296 2336 1389 2388 καὶ
1417 2336 1568 2388 αὐτοὶ
1595 2335 1733 2387 ὥστε
1761 2335 1955 2405 λεχθῆ-

361 2447 449 2483 ναι
466 2429 562 2482 ’διὰ
597 2428 896 2500 ψαλτηρίου
937 2428 970 2499 ἢ
1005 2428 1073 2481 δι’
1105 2429 1268 2498 ᾠδῆς,
1305 2429 1336 2498 ἦ
1367 2427 1441 2490 ὣς
1472 2445 1554 2490 τις
1591 2427 1699 2479 τῶν
1729 2427 1954 2498 εἰρημέ-

361 2537 466 2575 νων
486 2537 500 2552 ⁶
537 2523 596 2574 οὐ
641 2521 837 2590 συνέϐη
882 2521 938 2573 δὲ
969 2521 1062 2572 καὶ
1094 2520 1351 2590 λεχθῆναι
1380 2520 1600 2582 αὐτοὺς,
1633 2518 1773 2572 ὥστε
1810 2519 1953 2589 ἔχειν

363 2613 558 2684 ὁμοίαν
598 2612 696 2682 μὲν
727 2613 784 2664 ἐν
807 2614 920 2674 τοῖς
951 2611 1186 2682 ψαλμοῖς
1218 2612 1311 2663 καὶ
1340 2613 1462 2674 ταῖς
1494 2610 1679 2680 ᾠδαῖς,
1712 2612 1806 2664 καὶ
1836 2613 1955 2674 ταῖς

361 2707 696 2777 προσευχαῖς
724 2703 974 2774 δύναμιν,
1016 2703 1089 2774 μὴ
1135 2702 1542 2773 ἐπιγεγράφθαι
1570 2702 1627 2754 δὲ
1656 2701 1744 2755 διὰ
1777 2702 1836 2754 τὸ
1877 2703 1952 2773 μὴ

361 2795 617 2866 λεχθῆναι
664 2797 854 2866 αὑτήν.
888 2797 959 2848 Ἦ
1009 2795 1220 2866 μήποτέ
1263 2812 1406 2857 τινες
1444 2793 1540 2864 μὲν
1569 2792 1658 2846 διὰ
1692 2793 1787 2864 τὴν
1823 2811 1956 2863 προ-

360 2887 526 2959 τέραν
559 2889 757 2949 αἰτίαν,
791 2887 934 2950 τινὲς
965 2887 1020 2939 δὲ
1045 2886 1144 2956 τῆς
1165 2886 1424 2956 δευτέρας
1442 2885 1630 2938 ’ἐνεκεν
1663 2886 1763 2938 οὐκ
1792 2883 1954 2953 ἠξιὼ-

363 2979 534 3050 θησαν
565 2980 910 3051 προγραφῆς.
955 2979 1014 3030 Ὀ
1041 2978 1135 3049 μὲν
1165 2977 1274 3046 γὰρ
1305 2977 1670 3047 πεντηκοστὸς
1716 2975 1950 3046 πρῶτος,

361 3070 616 3140 οὐδέτερα
647 3067 721 3120 ὣν
751 3067 856 3119 τῶν
879 3066 1206 3137 εἰρημένων,
1226 3064 1293 3116 τὰ
1314 3081 1380 3115 πε
1391 3064 1442 3134 ρ“ι
1465 3063 1556 3114 τοῦ
1583 3062 1742 3133 Δωὴκ
1776 3063 1954 3130 ἀπαγ-

367 3163 548 3232 γέλλει
575 3161 748 3228 λέγων
770 3177 782 3190 ·
829 3179 847 3210 ι
875 3158 940 3210 Τί
975 3159 1221 3227 ὲγκαυχᾷ
1247 3159 1303 3209 ἐν
1333 3155 1522 3225 κακίᾳ,
1569 3154 1596 3206 6
1649 3151 1892 3218 δυνατὸς,
1927 3170 1946 3202 ι

2056 1963 2188 2016 nihil
2218 1978 2504 2018 commune
2535 1974 2618 2019 est
2645 1980 2766 2018 eum
2795 1966 3088 2034 praedictis,
3109 1970 3226 2036 qua:
3251 1967 3316 2021 ad
3347 1967 3492 2034 Doeg
3518 1983 3641 2037 per-

2058 2053 2227 2106 tinent
2271 2063 2460 2108 narrat
2482 2055 2566 2109 his
2593 2057 2776 2110 verbis
2809 2056 2854 2087 ⁸³
2887 2073 2902 2110 :
2942 2075 2960 2108 ι
3000 2057 3136 2124 Quid
3160 2057 3409 2127 gloriaris
3438 2058 3488 2110 in
3527 2074 3641 2111 ma-

2054 2144 2169 2197 litia
2195 2155 2408 2214 potens,
2445 2165 2466 2198 ι
2503 2156 2554 2202 et
2583 2159 2799 2214 caetera,
2833 2165 2952 2220 quas
2988 2151 3204 2219 quidem
3229 2151 3297 2205 oh
3324 2151 3642 2204 amaritudi-

2057 2249 2179 2288 nem
2218 2237 2321 2290 dici
2351 2249 2621 2306 nequeant
2651 2239 2718 2294 ad
2750 2239 2926 2294 instar
2959 2239 3290 2309 psalmorum
3322 2250 3415 2293 aut
3457 2242 3639 2296 canti-

2056 2345 2268 2394 corum,
2303 2331 2446 2385 sicut
2502 2346 2601 2386 nec
2629 2333 3114 2402 quinquagesimus
3141 2336 3417 2390 secundus
3468 2337 3555 2403 qui
3585 2345 3641 2388 et

2057 2424 2174 2492 ipse
2210 2424 2383 2479 tristia
2440 2424 2627 2480 refert.
2666 2425 3160 2496 Quinquagesimus
3217 2438 3450 2497 quartus
3486 2428 3642 2497 cujus

2057 2515 2384 2584 principium
2406 2515 2578 2572 est“:
2609 2517 2868 2583 «Exaudi,
2897 2520 3055 2585 Deus,
3080 2520 3379 2574 orationem
3407 2535 3636 2576 meam.»

2058 2606 2287 2662 formam
2326 2610 2591 2665 orationis
2642 2610 2850 2678 habet;
2893 2621 2948 2666 et
2991 2613 3286 2681 vigesimus
3333 2625 3520 2668 sextus
3540 2614 3640 2669 3’:

2062 2717 2080 2748 ι
2128 2699 2388 2756 Dominus
2413 2701 2736 2758 illuminatio
2763 2718 2882 2758 mea
2909 2714 2962 2759 et
2989 2717 3240 2760 servator
3279 2722 3454 2771 meus,
3499 2727 3518 2759 ι
3559 2709 3643 2762 ni-

2058 2790 2134 2844 hil
2168 2791 2235 2846 ab
2275 2794 2520 2848 oratione
2570 2793 2785 2862 differt;
2835 2795 2982 2849 nullo
3017 2806 3196 2852 tamen
3240 2798 3482 2869 insigniti
3511 2811 3644 2854 sant

2060 2880 2237 2935 titulo.
2262 2882 2394 2936 Cum
2431 2891 2612 2936 autem
2643 2893 2864 2952 prepter
2898 2885 3216 2950 secundam,
3253 2896 3312 2938 ut
3347 2887 3643 2941 verisimile

2057 2982 2164 3035 est,
2194 2987 2412 3026 causam
2444 2976 2880 3044 septuagesimus
2934 2976 3144 3044 primus
3182 2977 3418 3044 psalmus
3451 2978 3501 3030 in
3535 2978 3642 3032 line

2054 3065 2356 3133 prophetia:
2398 3066 2630 3120 habeat:
2675 3085 2692 3116 ι
2729 3066 3056 3122 Defecerunt
3095 3067 3282 3139 hymni
3328 3070 3493 3123 David
3548 3071 3639 3124 hlii

2055 3154 2224 3218 Iesse,
2257 3175 2276 3208 ι
2335 3157 2525 3223 hisque
2582 3159 2765 3212 verbis
2819 3158 3037 3227 quidam
3091 3161 3294 3228 Opinati
3335 3161 3441 3214 sint
3478 3161 3639 3214 finem

796 3251 937 3322 ἅπερ
965 3211 1052 3302 διᾶ
1073 3249 1134 3301 τὸ
1151 3211 1490 3319 ’σκυθρωπὸν
1512 3211 1614 3298 οὐκ
1647 3246 1712 3299 ἂν
1735 3211 1950 3316 λεχθείη

2060 3249 2383 3317 hymnorum
2444 3249 2612 3303 David
2682 3251 2946 3314 iudicati,
3001 3251 3318 3305 obserValiis
3355 3267 3457 3305 non
3498 3254 3641 3305 hunc

363 3346 441 3416 θεῷ
479 3345 667 3417 τρόπῳ
713 3344 822 3398 τῶν
864 3341 1128 3413 ψαλμῶν,
1181 3340 1213 3410 ἢ
1256 3340 1363 3392 τῶν
1401 3338 1581 3410 ᾠδῶν·
1631 3338 1705 3401 ὼς
1754 3337 1874 3390 οὐδὲ
1927 3340 1956 3390 6

364 3435 731 3506 πεντηκοστὸς
776 3434 1023 3506 δεύτερος
1059 3433 1155 3485 καὶ
1199 3426 1356 3495 οὗτος
1397 3429 1618 3503 λυπηρὰ
1663 3429 1949 3500 περιέχων.

373 3527 432 3580 Ὀ
463 3528 518 3580 δὲ
545 3526 908 3595 πεντηκοστὸς
932 3525 1190 3595 τέταρτος
1220 3517 1280 3576 οὗ
1312 3523 1345 3592 ἢ
1376 3522 1517 3592 ἀρχή
1543 3537 1556 3550 ο
1594 3539 1611 3571 ι
1648 3520 1952 3585 Ἐνώτισαι,

361 3619 390 3669 6
426 3616 576 3679 Θεὸς,
611 3616 709 3684 τὴν
741 3614 1044 3685 προσευχήν
1073 3630 1193 3683 μου,
1227 3631 1246 3664 ι
1284 3612 1482 3683 τρόπον
1515 3611 1756 3682 περιέχει
1788 3627 1955 3682 προσ-

363 3710 562 3780 ευχῆς’
611 3708 704 3761 καὶ
751 3710 780 3760 ὀ
823 3707 1066 3769 εἰκοστὸς
1115 3707 1304 3768 ἕκτοςο
1352 3723 1369 3756 ι
1420 3705 1626 3774 Κύριος
1677 3703 1954 3774 φωτισμός

367 3819 466 3872 μου
507 3801 602 3853 καὶ
647 3801 828 3870 σωτήρ
871 3817 992 3870 μου,
1037 3818 1055 3850 ι
1110 3798 1263 3852 οὐδὲν
1309 3798 1580 3869 διενήνοχε
1620 3798 1720 3867 τῆς
1749 3798 1948 3867 εὐχῆς·

366 3893 510 3959 ὅμως
533 3891 575 3942 δ’
611 3887 703 3944 οὖν
734 3892 834 3942 οὑκ
862 3889 1174 3961 ἠξιώθησαν
1218 3891 1564 3961 προγραφῆς.
1613 3889 1711 3940 Διὰ
1755 3888 1812 3940 δὲ
1853 3887 1952 3958 τὴν

362 3982 642 4053 δευτέραν,
677 3982 751 4045 ὡς
785 3976 1182 4043 εἰκὸς,¹αίτίαν,
1231 3980 1323 4032 τοῦ
1354 3978 1755 4049 ὲϐδομηκοστοῦ
1802 3977 1952 4050 πρῶ·-

362 4093 455 4127 του
504 4073 719 4144 ψαλμοῦ
755 4074 848 4126 ἐπὶ
887 4073 1029 4126 τέλει
1065 4073 1164 4143 τῆς
1213 4069 1554 4141 προφητείας
1583 4069 1948 4140 περιέχοντος,

369 4187 388 4218 ι
431 4167 706 4230 Ἑξέλιπον
741 4166 790 4217 οἱ
837 4164 996 4235 ’ύμνοι
1030 4163 1214 4226 Δαυῖδ,
1259 4161 1376 4214 υ·ἱοῦ
1435 4161 1666 4213 Ἰεσσαί·
1709 4179 1728 4211 ι
1767 4158 1952 4229 ἐπειδὴ

364 4259 420 4311 δέ
453 4276 596 4321 τινες
618 4256 888 4310 ὑπέλαϐον
907 4255 1060 4318 τέλος
1092 4255 1200 4307 τῶν
1228 4253 1322 4306 τοῦ
1353 4251 1516 4305 Δαυῒδ
1546 4251 1731 4323 ὕμνων
1757 4251 1817 4304 τὸ
1861 4250 1949 4302 λό-

365 4368 480 4419 γιον
519 4349 822 4421 σημαίνειν,
870 4345 1172 4419 σημειώσῃ,
1209 4346 1290 4398 ὅτι
1332 4345 1392 4397 οὐ
1427 4343 1584 4396 τοῦτο
1617 4343 1765 4414 δηλοῖ
1797 4343 1829 4412 ἡ
1856 4341 1949 4394 τοῦ

375 4440 628 4514 Ἐϐραίου
655 4442 879 4494 διάνοια.
908 4441 966 4492 't)
985 4438 1116 4508 γοῦν
1148 4437 1396 4500 Ἀκύλας,
1432 4436 1550 4489 ἀντὶ
1569 4434 1665 4488 τοῦ
1687 4451 1700 4463 ·
1735 4435 1788 4486 Ἐ
1795 4433 1953 4499 ξέλι-

2058 3352 2179 3393 esse
2203 3337 2412 3393 llebraei
2441 3347 2622 3394 textus
2649 3332 2887 3394 sensum.
2927 3340 3120 3409 Aquila
3155 3356 3284 3408 ergo
3308 3357 3444 3410 pro:
3476 3359 3493 3391 ι
3536 3341 3640 3396 De-

2057 3430 2304 3486 fecerunt
2352 3432 2537 3503 hymni
2571 3433 2758 3498 David,
2801 3452 2819 3484 ι
2855 3435 3020 3487 vertit
3053 3448 3066 3484 :
3099 3451 3117 3484 ι
3165 3434 3459 3502 Complette
3515 3448 3644 3489 sunt

2057 3523 2333 3578 orationes
2363 3524 2562 3592 David;
2598 3544 2618 3576 ι
2658 3525 3020 3597 Symmachus
3047 3537 3228 3579 autem
3264 3541 3275 3576 :
3308 3544 3327 3576 ι
3373 3526 3642 3581 Consum-

2058 3623 2215 3669 matae
2237 3623 2362 3670 sunt
2383 3619 2659 3673 orationes
2685 3617 2883 3683 David;
2911 3627 3002 3673 tet
3030 3617 3219 3688 quinta
3247 3618 3412 3674 editio
3443 3633 3457 3672 :
3492 3639 3508 3670 ι
3537 3619 3643 3673 Βυ-

2057 3707 2286 3777 cognitae
2316 3717 2448 3764 sunt
2491 3711 2769 3766 orationes
2808 3710 3000 3766 David.
3032 3730 3050 3763 ι
3080 3710 3288 3778 Quibus
3316 3714 3638 3771 ostenditur.

2057 3801 2357 3869 prophetiis
2383 3817 2516 3871 quas
2563 3803 2727 3858 habet
2756 3805 3004 3873 psalmus
3031 3805 3095 3861 de
3128 3805 3366 3868 Christo,
3395 3822 3638 3861 connexa

2055 3906 2175 3947 esse
2209 3907 2330 3962 qum
2353 3894 2498 3949 dicta
2529 3891 2676 3950 sunt.
2714 3897 3036 3952 inscribitur
3063 3900 3208 3953 enim
3244 3899 3486 3970 psalmus
3517 3918 3537 3950 ι
3585 3901 3637 3952 ἱιι

2057 3982 2428 4051 Salomonem,
2466 4005 2487 4038 ι
2534 3999 2590 4042 et
2641 4001 2760 4056 qum
2808 3991 3073 4055 continet,
3097 3991 3406 4045 referuntur
3434 4003 3542 4046 tum
3573 3984 3678 4047 ad‘

2058 4077 2424 4143 Salomonem,
2465 4085 2580 4133 tum
2614 4082 2680 4134 ad
2705 4095 2828 4135 eum
2862 4083 2951 4151 qui
2989 4098 3052 4136 ex
3083 4082 3196 4149 ejus
3233 4085 3439 4137 semine
3479 4100 3640 4156 gene-

2057 4169 2254 4222 ramlus
2307 4179 2466 4234 erat,
2518 4170 2714 4225 lilium.
2773 4176 3117 4241 Quapropter
3179 4174 3382 4229 dictum
3434 4185 3517 4230 est
3549 4177 3636 4230 ’δι

2059 4276 2077 4308 ι
2130 4258 2580 4327 Deus,judicium
2633 4270 2786 4314 tuum
2841 4263 2954 4333 regi
2981 4262 3070 4331 da,
3104 4263 3444 4330 etjustitiam
3491 4274 3636 4318 tuam

2056 4349 2162 4403 lilio
2196 4349 2356 4417 regis.
2389 4370 2407 4402 ι
2447 4351 2648 4407 Deinde
2678 4363 3075 4423 censequenter
3100 4355 3499 4410 subnectuntur
3523 4371 3641 4410 scr-

2055 4454 2240 4496 niones
2269 4442 2485 4510 quidam
2531 4445 2832 4514 prophetici
2868 4446 2934 4499 de
2979 4445 3089 4501 tilio
3123 4447 3298 4514 regis,
3331 4449 3638 4514 generando

365 4551 484 4588 πον
498 4538 549 4587 οὶ
567 4535 739 4603 ὕμνοι
762 4531 961 4594 Δαυῒδ,
975 4551 993 4582 ι
1016 4529 1403 4600 Ἐτελέσθησαν
1423 4528 1718 4600 προσευχαὶ
1735 4526 1912 4590 Δαυῖδ,
1925 4545 1944 4578 ο

2057 4533 2308 4587 videlicet
2356 4549 2386 4588 e
2436 4535 2646 4589 semine
2705 4534 3171 4606 Salomonis,-qni
3210 4537 3370 4609 522
3419 4537 3636 4608 quidem

366 4627 692 4680 ἐκδέδωκεν·
730 4628 758 4679 6
787 4626 842 4679 δὲ
871 4624 1165 4695 Σύμμαχος
1189 4641 1202 4652 ·
1236 4641 1253 4673 ι
1291 4621 1752 4692 Ἐπετελέσθησαν
1784 4635 1953 4690 προσ-

366 4720 520 4789 ευχαὶ
571 4717 764 4770 Δαυῒδο
811 4737 827 4768 ι
883 4718 975 4770 καὶ
1017 4717 1050 4786 ἡ
1097 4715 1321 4786 πέμπτη
1365 4714 1613 4777 ἔκδοσις,
1665 4729 1684 4762 ι
1737 4711 1952 4763 ’Λνεκε-

367 4809 750 4879 φαλαιώθησαν
781 4808 1076 4880 προσευχαὶ
1108 4805 1289 4858 Δαυῒδ.
1340 4825 1357 4856 ι
1392 4805 1469 4857 Δι’
1499 4797 1573 4856 ὧν
1619 4801 1949 4876 παρίσταται

366 4907 476 4968 τοῖς
501 4908 557 4958 ἐν
581 4905 657 4975 τῷ
682 4903 882 4974 ψαλμῷ
916 4903 1150 4976 περὶτοῦ
1183 4899 1420 4974 Χριστοῦ
1453 4896 1950 4970 προφητευομένοις

369 4997 638 5066 συνῆφθαι
686 4997 752 5050 τὰ
803 4995 1106 5068 εἰρημένα·
1157 4995 1562 5065 ἐπιγέγραπται
1619 4993 1716 5062 μὲν
1763 4989 1872 5061 γὰρ
1919 4991 1946 5041 6

365 5089 579 5160 ψαλμὸς
602 5109 620 5140 ι
659 5093 737 5153 εἰς
754 5089 1033 5159 Σαλομὼν,
1062 5104 1081 5136 ι
1107 5088 1436 5159 ἀναφέρεται
1460 5085 1515 5138 δὲ
1532 5082 1601 5136 τὰ
1615 5085 1670 5136 ὲν
1690 5081 1836 5152 αὐτῷ
1869 5081 1948 5142 είς

365 5199 424 5236 τε
446 5181 607 5236 αὐτὸν
634 5178 974 5252 Σολομῶν-τα,
997 5179 1092 5234 καὶ
1121 5179 1212 5232 τὸν
1235 5181 1300 5232 ἐκ
1327 5178 1644 5248 σπέρματος
1667 5173 1831 5228 αὐτοῦ
1856 5190 1946 5242 γε-

365 5271 659 5345 νησόμενον
704 5271 819 5324 υἱὸν
869 5269 1065 5322 αὐτοῦ·
1109 5269 1188 5321 διὸ
1250 5267 1495 5340 εἴρηται·
1553 5284 1571 5316 ι
1615 5265 1674 5318 Ὀ
1703 5264 1853 5330 Θεὸς,
1889 5263 1948 5316 τὸ

365 5364 543 5435 κρῖμα
569 5380 665 5416 σου
696 5360 773 5432 τῷ
803 5361 1013 5432 βασιλεῖ
1056 5360 1163 5426 δὸς,
1203 5360 1295 5414 καὶ
1327 5359 1424 5430 τὴν
1457 5355 1804 5426 δικαιοσύνην
1853 5372 1946 5408 σου

365 5457 445 5528 τῷ
473 5454 575 5526 υἱῷ
602 5454 696 5508 τοῦ
732 5453 1012 5523 βασιλέως.
1057 5472 1075 5504 ι
1106 5449 1238 5506 Εἶτα
1271 5452 1396 5523 ἑξῆς
1437 5450 1644 5513 τούτοις
1670 5448 1950 5520 ἐπιφέρον-

367 5567 456 5604 ται
485 5549 632 5618 λόγοι
660 5549 804 5612 τινὲς
847 5547 1172 5618 προφητικοὶ
1203 5547 1328 5618 περὶ
1373 5544 1466 5599 τοῦ
1501 5542 1617 5597 υἱοῦ
1660 5541 1944 5615 βασιλέως,

364 5643 564 5714 δηλαδὴ
619 5645 684 5696 ὲκ
735 5641 1045 5712 σπέρματος
1088 5637 1430 5709 Σολομῶντος
1459 5633 1944 5708 γεννηθησομένου,

437 5759 483 5791 ⁸¹
511 5759 652 5815 Psal.
679 5777 732 5823 ιι,
764 5759 818 5817 ‘2.
927 5760 969 5791 θ’
998 5757 1140 5812 Psal.
1182 5765 1299 5822 ιιιιι,
1331 5759 1380 5811 1.

1485 5756 1530 5789 ⁸³
1564 5755 1706 5810 Psal.
1744 5768 1856 5817 LXI,
1886 5751 1938 5806 5.

369 5829 412 5862 ⁸⁷
441 5830 568 5884 ibid.
599 5832 652 5886 8.
729 5831 775 5861 ⁸⁸
805 5831 932 5884 ihid.
969 5830 1054 5891 Π,
1095 5829 1179 5884 19.
1514 5843 1528 5851 ‘

2055 4637 2332 4680 sermOnes
2363 4641 2467 4681 non
2503 4628 2553 4681 in
2586 4627 2748 4681 alium
2799 4630 3090 4683 convenire
3135 4641 3334 4700 queant
3384 4647 3545 4701 quam
3581 4634 3634 4687 in

2055 4717 2226 4771 solum
2259 4717 2534 4773 ChriStum
2585 4718 2700 4775 Dei.
2732 4719 2861 4773 Illud
2902 4722 3045 4774 enim
3073 4721 3118 4752 ⁸⁷
3151 4739 3162 4773 :
3197 4741 3214 4773 ι
3261 4723 3639 4777 Dominabitur

2054 4823 2082 4860 a
2136 4809 2271 4862 mari
2319 4823 2494 4878 usque
2544 4810 2609 4862 ad
2664 4825 2832 4875 mare,
2867 4821 2922 4864 et
2953 4826 2979 4862 a
3013 4811 3334 4868 ﬂuminibus
3366 4830 3536 4883 usque
3567 4820 3634 4869 ad

2055 4898 2321 4952 terminos
2369 4899 2518 4952 orbis
2565 4909 2853 4968 terrarum,
2894 4921 2912 4953 ι
2953 4911 3006 4955 et
3041 4903 3144 4956 alia
3179 4904 3262 4957 his
3291 4905 3510 4968 similia,
3540 4923 3638 4960 nr-

2053 5003 2157 5056 qne
2186 4989 2253 5042 ad
2291 4989 2661 5053 Salomonem,
2683 5006 2856 5058 neque
2880 4991 2944 5044 ad
2975 4992 3186 5061 imperii
3211 4995 3326 5063 ejus
3354 5011 3635 5052 successo-

2055 5097 2167 5133 rem
2197 5081 2460 5145 Rohoam,
2481 5099 2657 5152 neque
2679 5084 2743 5137 ad
2771 5083 2931 5136 alium
2959 5099 3022 5137 ex
3056 5084 3172 5154 ejus
3201 5089 3630 5149 successoribus.

2056 5173 2148 5227 sed
2195 5173 2261 5225 ad
2301 5173 2475 5226 solum
2514 5182 2759 5226 nostrum
2805 5172 3146 5229 Salvatorem
3179 5177 3373 5230 referri
3405 5190 3630 5247 queunt.

2057 5263 2323 5331 Quoniam
2353 5279 2486 5334 ergo
2517 5265 2816 5319 secundum
2846 5266 3012 5320 David
3043 5281 3138 5336 per
3169 5267 3474 5322 oralionem
3506 5285 3635 5324 con-

2057 5357 2373 5409 summanda
2423 5367 2540 5410 erat
2574 5373 2603 5410 e
2648 5359 2854 5412 semine
2906 5359 3020 5425 ejus
3069 5362 3348 5428 generatio
3402 5359 3631 5420 Christi,

2053 5457 2107 5500 et
2133 5463 2252 5516 quze
2275 5449 2419 5503 circa
2452 5449 2586 5502 hanc
2621 5450 2876 5518 prmdiela
2909 5459 3057 5514 sunt,
3085 5466 3114 5506 e
3139 5465 3367 5518 quorum
3407 5467 3633 5506 numero

2055 5551 2182 5594 sunt
2233 5556 2353 5609 qua:
2399 5541 2450 5594 in
2489 5542 2769 5610 proposito
2811 5541 3083 5596 habentur
3129 5541 3366 5610 psalmo,
3405 5542 3544 5598 sicut
3578 5545 3630 5597 in

2057 5631 2162 5685 line
2187 5631 2389 5686 dictum
2419 5643 2503 5686 est
2533 5633 2618 5687 8"‘z
2664 5650 2681 5683 ι
2718 5632 2785 5685 Ει
2807 5633 3191 5687 benedicentur
3217 5633 3270 5686 in
3303 5635 3418 5704 ipso
3444 5650 3633 5690 omnes

2037 5751 2082 5782 3‘
2114 5751 2259 5807 Psal.
2291 5768 2397 5818 ων,
2425 5751 2480 5809 2.
2588 5753 2632 5784 ⁸³
2660 5751 2802 5807 Psal.
2837 5767 2984 5819 χχιιι,
3016 5752 3066 5807 l.
3163 5751 3376 5810 8“Psal.
3407 5754 3630 5821 nam?“
