4124 6372
538 339 666 392 1071

1942 337 2030 392 EX
2068 334 2368 397 ORIGENE

3642 356 3788 412 Η)τέ

536 467 747 527 gentes,
769 465 821 509 ct
853 454 1140 524 replebitur
1178 454 1462 523 majestate
1488 453 1606 524 ejus
1635 457 1812 511 omnis
1843 466 1986 512 terra
2015 477 2029 524 ;

2205 462 2398 527 οἵτινες
2430 464 2529 517 οὐκ
2560 466 2641 534 ἐς*
2677 466 2863 537 ἓτερον
2895 467 3150 538 ἁρμόζειν
3181 469 3431 523 δύνανται
3466 473 3497 541 ἦ
3543 474 3634 528 ἐπὶ
3685 480 3784 547 p6-

537 548 728 601 merito
754 547 836 600 his
856 556 1156 599 connexum
1183 555 1262 597 cst
1281 546 1574 598 secundum
1595 547 1879 614 Aquilam:
1904 564 1920 598 ι
1946 547 2105 602 Com-

533 641 688 701 pletze
725 645 849 690 sunt
889 635 1166 690 orationes
1197 635 1362 688 David
1395 652 1410 699 ;
1455 652 1473 686 ι
1510 637 1805 691 secundum
1854 638 2102 708 Symma-

531 727 694 781 chum
729 744 744 779 :
782 745 800 778 ‹
833 725 1233 780 Consummatur
1266 735 1391 778 sunt
1432 727 1706 781 orationes
1736 727 1936 794 David;
1966 747 1984 781 ι
2020 745 2106 783 se-

529 822 764 876 cundum
796 820 1039 890 quintam
1069 815 1355 873 editiOnem
1391 841 1402 872 :
1436 836 1454 868 ι
1490 818 1800 887 liceognitae
1829 829 1952 873 sunt
1974 835 2102 873 ora-

531 916 705 969 tiones
745 914 935 969 David.
967 935 985 967 ι
1023 915 1080 970 in
1121 915 1223 968 hoc
1253 914 1543 978 recognitae
1573 925 1719 976 sunt,
1752 929 1873 966 cum
1910 930 2100 969 omnes

527 1017 716 1074 gentes
742 1006 1039 1060 benedictae
1070 1014 1195 1058 sunt
1231 1019 1329 1072 per
1363 1004 1481 1072 cjus
1508 1005 1596 1072 qui
1621 1020 1684 1057 ex
1719 1005 1926 1058 semine
1955 1005 2099 1060 illius

525 1103 679 1149 ortus
711 1103 812 1159 est,
841 1094 1144 1146 salvatoris
1169 1093 1411 1145 omnium
1439 1094 1678 1161 gentium
1707 1093 2019 1147 adventum.
2042 1095 2095 1148 In

527 1188 742 1255 psalmis
775 1189 864 1257 qui
895 1188 1095 1240 habent
1124 1186 1498 1254 diapsahnata,
1525 1186 1713 1256 Aquila
1747 1202 1843 1255 pro
1867 1188 2098 1258 diapsalo

529 1287 671 1332 male
696 1280 853 1331 vertit
879 1297 896 1330 ι
921 1277 1227 1343 Canticum,
1255 1299 1271 1328 ι
1296 1280 1479 1346 quinta
1509 1289 1686 1333 autem
1709 1279 1874 1334 editio
1907 1299 1925 1330 ι
1953 1281 2096 1351 jugi-

525 1381 625 1425 ter.
662 1389 680 1422 ι
735 1370 902 1425 Porro
949 1370 1102 1438 juxta
1156 1381 1335 1424 nostra
1377 1371 1703 1441 exemplaria
1740 1382 1794 1426 et
1842 1374 2094 1444 Symma-

523 1462 935 1532 chum,quando
965 1463 1183 1516 musicae
1207 1461 1483 1529 cujusdam
1514 1463 1760 1517 melodire
1785 1473 1838 1518 et
1857 1466 2091 1536 rhythmi

524 1552 586 1606 lit
613 1555 859 1617 mutatio,
886 1554 1101 1608 videtur
1134 1553 1373 1622 apposita
1399 1555 1766 1623 diapsalmatis
1805 1568 1948 1610 nota.
1984 1557 2094 1611 Sae-

522 1642 747 1709 pissime
777 1657 905 1698 vero
935 1653 989 1697 et
1019 1653 1207 1698 sensus
1235 1646 1460 1698 mutatio
1483 1656 1563 1699 est
1603 1646 1655 1698 in
1692 1648 2088 1716 diapsalmatis,

521 1735 792 1788 interdum
841 1743 894 1788 et
945 1747 1211 1804 personae.
1245 1734 1589 1790 Existimahit
1631 1737 1773 1792 forte
1817 1740 2088 1808 quispiam

517 1842 609 1881 eos
639 1827 728 1896 qui
775 1826 1104 1895 psalmorum
1141 1827 1361 1882 nomine
1409 1828 1657 1898 inscripti
1710 1841 1870 1893 sunt,
1914 1833 2091 1900 pulsa-

517 1919 665 1973 tione
708 1918 1055 1972 instrumenti
1105 1917 1296 1972 musici
1325 1920 1469 1987 quod
1501 1931 1726 1973 vocatur
1752 1922 2087 1990 psalterium,

516 2011 774 2064 recitatos
829 2009 994 2065 fuisse
1027 2027 1040 2074 ;
1077 2009 1171 2064 sed
1211 2009 1465 2076 quoniam
1504 2011 1800 2065 scentulum
1842 2012 2088 2080 Aquilam

514 2117 612 2172 per
640 2112 805 2158 totum
842 2101 1041 2157 librum
1067 2100 1120 2154 in
1145 2101 1555 2170 quihuscunqne
1583 2103 1878 2156 secundum
1912 2102 2050 2156 LXX
2072 2146 2086 2167 ,

519 2211 539 2242 ι
580 2193 821 2262 psalmus
845 2212 863 2245 ι
901 2193 1236 2258 inscribitur,
1273 2196 1325 2248 in
1359 2195 1423 2246 iis
1446 2212 1464 2243 ι
1495 2195 1787 2247 modulatio
1825 2212 1843 2245 ι
1873 2196 2085 2257 editur;

515 2284 808 2338 secundum
829 2298 958 2339 vero
977 2284 1357 2354 Symmachum
1382 2304 1400 2335 ‹
1423 2284 1533 2340 Ode
1559 2303 1576 2336 ι
1603 2284 1682 2337 vel
1706 2303 1723 2336 ‹
1749 2283 2083 2349 Canticum,»

515 2373 721 2428 idcirco
746 2375 1050 2429 necessario
1079 2375 1190 2429 luce
1224 2375 1600 2430 adnotavimus
1650 2391 1716 2429 ne
1741 2376 1860 2444 quis
1880 2384 2090 2444 putaret

517 2481 611 2534 per
633 2465 895 2520 musicum
914 2466 1325 2522 instrumentum
1345 2477 1534 2522 omnes
1554 2467 1643 2535 qui
1667 2467 1805 2536 apud
1830 2479 1927 2523 nos
1944 2468 2087 2520 Psal-

517 2572 728 2612 morum
753 2557 969 2613 nomine
999 2557 1388 2626 inscribuntur,
1419 2568 1662 2614 cantatos
1682 2559 1872 2614 fuisse.
1904 2558 2087 2628 Neque

515 2649 663 2703 enim
683 2649 876 2705 rationi
908 2659 1331 2706 consentaneum
1363 2660 1532 2715 esset,
1553 2651 2084 2722 quinquagesimum

515 2741 663 2794 verbi
691 2742 883 2810 gratia,
915 2744 1004 2812 qui
1038 2744 1332 2813 inscriptus
1355 2754 1462 2809 cst,
1496 2761 1514 2794 ‹
1543 2744 1594 2796 in
1639 2743 1820 2807 linem,
1846 2742 2086 2811 psalmus

515 2833 613 2901 ipsi
648 2835 831 2900 David,
868 2854 885 2885 ι
917 2835 1161 2904 psalterii
1205 2848 1410 2904 organo
1447 2833 1733 2888 recitatum
1780 2832 1949 2888 fuisse
1980 2850 1994 2884 :
2033 2834 2082 2887 in

519 2926 658 2978 luctu
717 2925 912 2994 quippe
953 2925 1330 2994 intempestiva
1379 2933 1464 2979 est
1517 2924 1723 2978 musica
1771 2924 2080 2979 modulatio.

510 3013 789 3079 Quomodo
820 3016 965 3071 enim
995 3017 1110 3070 ﬁeri
1147 3017 1344 3084 potuit,
1376 3014 1632 3068 Davidem
1663 3015 1730 3070 de
1764 3015 2082 3084 gravissimo

508 3105 713 3160 scelere
766 3108 926 3160 verba
983 3107 1293 3166 facientem.
1331 3120 1452 3159 cum
1507 3105 1648 3159 Dens
1703 3099 1893 3159 contra
1929 3107 2078 3161 illum
2109 3133 2149 3188 ο

509 3196 652 3250 haud
686 3196 878 3252 leviter
921 3197 1236 3267 indignatus
1286 3197 1460 3250 minas
1502 3211 1598 3265 per
1646 3200 1958 3268 prophetam
1997 3201 2078 3253 in-

507 3294 817 3353 tentasset;
855 3289 1009 3358 quasi
1057 3288 1260 3343 laetitia:
1301 3297 1540 3356 tempore
1576 3299 1852 3357 assumpto
1885 3291 2077 3360 psalte-

507 3377 607 3441 rio,
633 3379 812 3447 gaudii
845 3388 900 3432 et
937 3377 1227 3431 hilaritatis
1266 3376 1506 3445 symbola
1539 3378 1863 3442 persolvisse
1888 3381 1910 3434 ?
1938 3381 2074 3447 Quid

509 3476 690 3522 autem
719 3469 978 3538 psalterio
1012 3469 1284 3538 proprium
1311 3469 1584 3523 continent
1609 3470 1726 3538 ejus
1759 3475 2076 3528 sermones?

505 3561 696 3612 Annon
756 3561 934 3628 potius
977 3559 1208 3626 ejulatus
1251 3569 1306 3614 et
1353 3559 1542 3622 ﬂetus,
1594 3577 1727 3631 quos
1774 3579 1870 3632 par
1911 3573 2029 3617 erat
2059 3607 2072 3627 ,

504 3665 626 3702 cum
682 3650 928 3704 luctuoso
973 3651 1207 3714 cantico,
1247 3667 1355 3707 non
1410 3668 1532 3707 cum
1583 3653 1942 3708 instrumento
1988 3669 2074 3708 re-

502 3743 676 3796 citare
718 3743 742 3796 ?
786 3744 1015 3810 ldipsum
1081 3743 1226 3798 dicas
1287 3745 1352 3800 de
1403 3746 1562 3800 tertio
1588 3745 1634 3780 ⁸⁸
1666 3781 1682 3808 ,
1728 3745 1819 3814 qui
1884 3745 2076 3797 inscri-

500 3846 625 3904 ptus
667 3844 772 3898 cst,
808 3853 826 3884 ι
871 3833 1119 3888 Psalmns
1167 3836 1389 3902 Davidi,
1433 3837 1650 3906 quando
1698 3835 1835 3903 fugit
1875 3849 1903 3886 a
1939 3821 2075 3888 l'acie

499 3925 659 3995 523
682 3925 991 3980 Abessalom
1043 3927 1134 3980 ﬁlii
1168 3928 1270 3980 sui.
1304 3945 1322 3979 ι
1354 3927 1679 3982 Consideres
1724 3923 1904 3986 velim,
1940 3937 2069 3977 num

496 4018 554 4070 in
579 4017 880 4084 hujusmodi
904 4016 1212 4072 calamitate
1243 4019 1592 4081 constitutus,
1624 4033 1746 4070 cum
1780 4030 1946 4085 regno
1973 4030 2071 4068 ex—

494 4119 653 4163 actus
696 4123 724 4162 a
764 4109 870 4163 ﬁlio
901 4109 1222 4179 pelleretur,
1255 4111 1476 4164 musicis
1505 4108 1752 4163 cantibus
1798 4119 2066 4162 vacasset.

489 4200 658 4256 Certe
684 4202 876 4255 rationi
907 4217 1206 4257 consonum
1246 4211 1329 4256 est
1374 4201 1573 4269 ipsum,
1607 4199 1733 4252 dum
1777 4197 1921 4252 hanc
1945 4213 2071 4267 sup-

498 4292 835 4362 plicationem
859 4296 925 4347 ad
963 4294 1127 4348 Deum
1159 4294 1448 4357 emitteret,
1467 4304 1589 4345 cum
1629 4289 1863 4357 quadam
1904 4288 2071 4342 melo-

497 4384 580 4436 dia
612 4385 837 4453 tempori
866 4385 1270 4441 accommodata
1304 4398 1423 4438 eam
1459 4382 1738 4438 obtulisse.
1789 4381 2064 4446 Quamob-

2206 568 2293 604 νον
2322 553 2550 622 Χριστὸν
2582 554 2673 607 τοῦ
2702 554 2856 608 Θεοῦ.
2894 556 2966 608 Τὸ
2993 556 3122 626 γὰρ,
3157 575 3173 606 ι
3212 559 3645 630 Κατακυριεύσει
3677 567 3788 619 ἀπὸ

2206 643 2482 714 θαλάσσης
2502 646 2606 708 ἓως
2633 646 2924 719 θαλάσσης,
2949 650 3041 701 καὶ
3065 650 3171 702 ἀπὸ
3196 651 3457 722 ποταμῶν
3484 654 3588 717 ἕως
3617 659 3773 729 περά-

2201 753 2306 787 των
2345 739 2442 808 τῆς
2476 739 2817 808 οἰκουμένης,
2850 757 2867 790 ι
2908 740 3000 793 καὶ
3033 743 3388 814 παραπλήσια
3431 746 3642 811 τούτοις
3667 747 3782 802 οὔτ’

2201 829 2286 880 ἐπ’
2312 831 2472 883 αὑτὸν
2509 831 2761 900 ἀνάγοιτο
2802 833 2869 886 ἂν
2898 833 2988 886 τὸν
3032 834 3374 904 Σολομῶντα,
3413 838 3522 891 οὐδ’
3563 841 3656 894 ἐπὶ
3691 841 3784 896 τὸν

2200 920 2586 992 ἀναδεξάμενον
2607 923 2770 977 αὐτοῦ
2799 924 2896 995 τὴν
2916 925 3090 996 ἀρχὴν
3129 926 3387 998 Ῥοϐοάμ,
3413 930 3519 982 οὐδ’
3548 933 3633 1000 ἐφ’
3666 933 3781 986 ἕτε-

2203 1028 2294 1082 ρον
2313 1012 2418 1065 τῶν
2433 1014 2598 1066 αὐτοῦ
2631 1015 2908 1085 διαδόχων,
2941 1015 3056 1068 ἀλλ’
3083 1019 3175 1070 ἐπὶ
3208 1018 3366 1089 μόνον
3391 1021 3482 1074 τὸν
3511 1023 3780 1095 ἡμέτερον

2199 1102 2439 1172 Σωτῆρα.
2489 1104 2638 1156 Ἐπεὶ
2677 1104 2852 1157 τοίνυν
2882 1106 3022 1158 κατὰ
3070 1107 3161 1160 τὸν
3195 1109 3358 1163 Δαυῖδ
3393 1111 3460 1163 δι’
3509 1113 3671 1185 εὐχῆς
3707 1110 3780 1186 ἦν

2197 1193 2603 1266 ἐπιτελεσθῆναι
2634 1196 2732 1266 τὴν
2768 1197 2831 1249 ἐκ
2865 1197 3175 1268 σπέρματος
3215 1201 3382 1254 αὐτοῦ
3423 1203 3634 1271 γένεσιν
3682 1207 3777 1260 τοῦ

2195 1284 2451 1354 Χριστοῦ,
2485 1287 2578 1338 καὶ
2609 1286 2677 1339 τὰ
2707 1288 2796 1339 ἐπὶ
2821 1289 2990 1360 ταύτῃ
3014 1293 3483 1362 προφητευόμενα,
3511 1295 3569 1347 ἐν
3601 1291 3682 1358 οἷς
3707 1292 3778 1367 ἦν
3831 1333 3848 1343 ρ

2195 1375 2262 1426 τὰ
2291 1378 2347 1426 ἐν
2377 1375 2455 1446 τῷ
2489 1377 2833 1448 προκειμένῳ
2862 1379 3082 1451 ψαλμῷ,
3102 1381 3176 1445 ώς
3196 1383 3290 1435 ἐπὶ
3321 1383 3462 1436 τέλει
3490 1385 3731 1442 λέλεκται
3758 1407 3772 1418 ·

2201 1484 2218 1514 ι
2258 1466 2368 1518 Καὶ
2394 1466 2905 1538 ἐνευλογηθήσονται
2933 1471 2990 1522 ἐν
3021 1469 3169 1540 αὑτῷ
3196 1473 3372 1525 πάντα
3392 1472 3462 1526 τὰ
3501 1475 3650 1546 ἔθνη,
3681 1480 3775 1531 καὶ

2195 1557 2614 1628 πληρωθήσεται
2635 1561 2733 1629 τῆς
2755 1560 2912 1631 δόξης
2943 1561 3108 1614 αὑτοῦ
3131 1565 3280 1617 πᾶσα
3307 1568 3339 1635 ή
3377 1566 3450 1635 γῆ
3472 1583 3483 1595 ·
3514 1587 3532 1619 ›
3552 1570 3775 1633 εἰκότως

2194 1643 2554 1713 ἐπισυνῆπται
2577 1643 2787 1707 τούτοις
2802 1644 2942 1698 κατὰ
2971 1645 3068 1715 μὲν
3101 1646 3193 1698 τὸν
3224 1649 3453 1703 Ἀκύλαν
3480 1667 3492 1679 ’
3519 1670 3536 1701 ι
3562 1653 3770 1706 Ἐτελέ-

2200 1732 2402 1802 σθησαν
2437 1734 2735 1805 προσευχαὶ
2767 1735 2930 1788 Δαυῖδ
2949 1753 2960 1764 ·
2997 1754 3017 1786 ι
3049 1737 3188 1790 κατὰ
3221 1738 3277 1790 δὲ
3305 1739 3396 1794 τὸν
3438 1741 3766 1813 Σύμμαχον·

2201 1842 2217 1872 ι
2255 1824 2719 1894 Ἐπετελέσθησαν
2754 1826 3054 1897 προσευχαὶ
3113 1829 3274 1882 Δαυῖδ
3297 1847 3310 1858 ο
3347 1848 3368 1880 ›
3408 1831 3549 1884 κατὰ
3585 1832 3640 1886 δὲ
3673 1833 3772 1904 τὴν

2193 1915 2450 1986 πέμπτην
2496 1914 2746 1968 ἔκδοσινο
2793 1935 2810 1966 ι
2859 1917 3429 1991 ’Λνεκεφαλαιώθησαν
3471 1927 3771 1995 προσευχαὶ

2192 2005 2372 2057 Δαυῒδ.
2410 2025 2427 2057 ι
2477 2008 2563 2059 Ἑν
2590 2007 2764 2077 τούτῳ
2793 2009 3360 2082 ἀνεκεφαλαιώθησαν,
3397 2013 3454 2066 ἐν
3482 2013 3559 2084 τῷ
3593 2015 3769 2068 πάντα

2189 2097 2258 2150 τὰ
2289 2097 2413 2168 ἔθνη
2447 2098 2807 2169 εύλογηθῆναι
2847 2099 2934 2152 διὰ
2967 2100 3065 2170 τῆς
3104 2101 3199 2154 τοῦ
3230 2104 3293 2156 ἐκ
3329 2105 3640 2175 σπέρματος
3673 2109 3770 2162 αύ-

2189 2191 2281 2242 τοῦ
2307 2192 2676 2262 γεγενημένης
2707 2193 3022 2261 ἐπιφανείας
3049 2193 3141 2247 τοῦ
3174 2195 3283 2249 τῶν
3316 2196 3486 2250 ἐθνῶν
3513 2199 3770 2253 ἁπάντων

2190 2284 2460 2354 Σωτῆρος.
2511 2285 2597 2337 Ἐν
2626 2279 2706 2348 οἷς
2727 2284 2796 2337 τὰ
2816 2285 3160 2357 διαψάλματα
3186 2289 3431 2358 φέρεται,
3465 2291 3524 2343 ἐν
3558 2289 3766 2354 τούτοις

2189 2375 2217 2426 ὀ
2253 2374 2481 2438 Ἀκύλας
2506 2375 2627 2429 ἀντὶ
2653 2375 2746 2428 τοῦ
2765 2376 3135 2448 διαψάλματος
3152 2379 3449 2451 πεποίηκεν
3480 2377 3724 2453 ιτᾼσμα·
3741 2401 3762 2434 ι

2190 2465 2222 2534 ἡ
2245 2465 2300 2516 δέ
2324 2465 2547 2536 πέμπτη
2573 2465 2781 2530 ἐκδοσις
2817 2485 2836 2517 ι
2862 2466 2950 2520 διὰ
2980 2468 3178 2532 παντός
3196 2485 3210 2498 °
3251 2489 3269 2522 ι
3298 2471 3438 2524 κατὰ
3461 2471 3516 2524 δέ
3543 2471 3610 2525 τὰ
3633 2475 3762 2544 παρ’

2187 2557 2318 2624 ἡμῖν
2344 2556 2652 2626 ἀντίγραφα
2682 2559 2776 2610 καὶ
2803 2557 2945 2611 κατὰ
2989 2558 3300 2630 Σύμμαχον,
3327 2561 3469 2614 ἔοικε
3501 2563 3762 2632 μουσικοῦ

2187 2665 2329 2711 τινος
2362 2648 2554 2718 μέλους
2588 2649 2620 2720 ἢ
2663 2650 2869 2722 ῥυθμοῦ
2905 2651 3114 2722 τροπῆς
3141 2654 3438 2723 γενομένης
3466 2656 3499 2725 ἡ
3526 2654 3619 2707 τοῦ
3647 2655 3762 2708 δια-

2185 2740 2466 2810 ψάλματος
2497 2743 2860 2814 παρακεῖσθαι
2906 2744 3373 2815 παρασημείωσις.
3409 2743 3674 2808 Πολλάκις
3701 2743 3758 2800 δὲ

2187 2834 2280 2886 καὶ
2308 2833 2542 2896 διανοίας
2595 2835 2866 2907 ἐναλλαγὴ
2903 2837 3108 2907 γίνεται
3133 2840 3189 2890 ἐν
3214 2839 3326 2901 τοῖς
3363 2837 3756 2908 διαψάλμασιν,

2186 2923 2286 2994 ἤδη
2315 2924 2372 2977 δέ
2401 2941 2532 2978 ποτε
2577 2927 2672 2979 καὶ
2712 2925 3002 2996 προσώπου
3044 2927 3331 2998 μεταϐολή.
3377 2926 3598 2998 Οἰηθείη
3657 2927 3758 2997 μὲν

2185 3014 2249 3067 ἄν
2278 3031 2362 3078 τις
2401 3015 2605 3079 πάντας
2648 3018 2774 3080 τοὺς
2816 3018 3325 3089 ἐπιγεγραμμένους
3371 3016 3618 3086 ψαλμοὺς
3667 3015 3756 3071 διὰ

2185 3107 2460 3179 κρούσεως
2483 3110 2712 3180 ὀργάνου
2759 3110 3017 3180 μουσικοῦ
3057 3110 3149 3163 τοῦ
3183 3110 3516 3181 καλουμένου
3550 3109 3754 3182 ψαλτη-

2185 3199 2298 3270 ρίου
2343 3201 2719 3255 ἀποδίδοσθαι·
2775 3201 2889 3255 ἁλλ’
2942 3203 3067 3256 ἐπεὶ
3113 3202 3253 3256 κατὰ
3287 3202 3377 3256 τὸν
3411 3201 3640 3256 Ἀκύλαν
3685 3201 3751 3254 δι’

2175 3289 2394 3360 ἁπάσης
2429 3290 2538 3362 (26)
2572 3292 2669 3362 τῆς
2695 3290 2897 3370 βίϐλου,
2919 3293 2978 3344 ἐν
3001 3292 3145 3356 ὅσοις
3175 3292 3582 3362 ἐπιγέγραπται
3614 3290 3753 3343 κατὰ

2177 3384 2309 3446 τοὺς
2346 3383 2744 3455 Ἐϐδομήκοντα
2800 3403 2818 3436 ι
2854 3385 3084 3455 ψαλμὸς,
3118 3403 3136 3436 ι
3173 3387 3230 3437 ἐν
3285 3385 3492 3449 τούτοις
3523 3403 3541 3436 ι
3585 3383 3756 3455 μελῲ-

2176 3473 2321 3544 δημα
2357 3494 2374 3525 ι
2404 3476 2698 3528 ἐκδίδοται·
2744 3475 2883 3528 κατὰ
2914 3475 2970 3528 δὲ
2998 3476 3087 3529 τὸν
3120 3475 3412 3546 Σύμμαχον
3454 3495 3472 3526 ι
3497 3475 3628 3546 ᾠδὴ,
3661 3495 3679 3527 ι
3716 3477 3750 3545 ἦ

2183 3583 2202 3616 ι
2241 3562 2413 3636 ᾆσμα·
2449 3581 2468 3617 ι
2504 3565 2709 3618 τούτου
2731 3565 2888 3638 χάριν
2920 3565 3230 3633 ἀναγκαίως
3256 3565 3755 3636 ἐπεσημειωσάμην

2179 3654 2290 3724 (27)
2320 3656 2394 3717 ώς
2425 3653 2489 3706 ἂν
2514 3655 2586 3724 μή
2616 3671 2700 3716 τις
2731 3654 2925 3725 νομίσῃ
2951 3653 3039 3707 διὰ
3079 3655 3172 3706 τοῦ
3210 3651 3469 3724 μουσικοῦ
3517 3652 3752 3722 ὀργάνου

2178 3745 2384 3807 πάντας
2425 3743 2551 3806 τοὺς
2606 3745 2734 3815 παρ’
2759 3745 2888 3815 ἡμῖν
2943 3744 3188 3815 ψαλμοὺς
3239 3742 3754 3814 ἐπιγεγραμμένους

2175 3834 2425 3906 εἰρῆσθαι
2453 3833 2585 3906 (28).
2619 3835 2753 3888 eoas
2785 3835 2892 3906 γὰρ
2922 3835 2987 3888 ἂν
3019 3834 3130 3906 ἔχοι
3150 3834 3328 3902 λόγον,
3367 3833 3459 3886 τὸν
3488 3849 3753 3905 πεντηκο-

2178 3931 2324 3989 στὸν,
2351 3927 2503 3997 φέρε,
2531 3927 3026 4001 ἐπιγεγραμμένον,
3049 3946 3067 3979 ι
3093 3929 3173 3990 εἰς
3196 3926 3256 3980 τὸ
3270 3925 3419 3988 τέλος
3439 3923 3651 3995 ψαλμὺς
3671 3924 3749 3994 τῷ

2175 4017 2356 4083 Δαυῒδ,
2399 4039 2416 4070 ι
2458 4019 2547 4073 διὰ
2570 4019 2868 4090 ψαλτηρίου
2911 4019 3193 4091 εἰρῆσθαν
3250 4016 3487 4088 μουσικὰ
3520 4016 3650 4086 γοῦν
3688 4019 3747 4068 ὲν

2177 4110 2363 4164 πένθει
2385 4111 2612 4182 ἄκαιρος
2643 4109 2912 4180 διήγησις.
2966 4109 3090 4174 Πῶς
3121 4109 3231 4180 γὰρ
3263 4103 3373 4161 οἶόν
3417 4124 3476 4159 τε
3523 4101 3624 4177 ἦν,
3660 4105 3746 4158 λεο

2173 4204 2368 4275 χθέντα
2397 4203 2489 4256 ἐπὶ
2520 4203 2676 4274 δεινῷ
2714 4201 3141 4274 πλημμελήματι
3187 4200 3264 4272 τῷ
3313 4198 3491 4263 Δαυῒδ,
3538 4198 3598 4250 ού
3644 4197 3746 4267 τῆς

2169 4294 2435 4365 τυχούσης
2457 4296 2880 4367 ἀγανακτήσεως
2908 4293 3001 4346 τοῦ
3028 4291 3161 4346 Θεοῦ
3191 4292 3313 4345 κατ’
3333 4289 3496 4343 αὐτοῦ
3520 4288 3746 4359 γενομέ-

2169 4401 2286 4455 νης,
2328 4385 2420 4437 καὶ
2448 4384 2680 4456 ’ἀπειλῆς
2714 4384 2802 4437 διὰ
2832 4383 2926 4436 τοῦ
2957 4371 3258 4453 προφήτου,
3290 4380 3368 4444 ώς
3400 4380 3454 4433 ἐν
3482 4377 3745 4449 εὐθυμίας

496 4491 608 4529 rem
639 4495 656 4527 ι
687 4475 911 4532 Meiodia
945 4488 1029 4533 pet
1055 4495 1073 4526 ι
1103 4474 1381 4530 canticum
1413 4495 1432 4528 ι
1468 4475 1662 4543 reliqui
1693 4475 1744 4526 in
1773 4475 1963 4528 horum
1988 4473 2068 4526 in-

2184 4475 2346 4546 ιαιρῷ
2377 4474 2672 4546 ψαλτήριον
2711 4473 3068 4538 ἀναλαϐόντα,
3101 4470 3313 4541 τρυφῆς
3344 4470 3437 4524 καὶ
3472 4467 3742 4540 εὐφροσύ-

495 4566 790 4635 scriptione
811 4577 1111 4623 verterunt.
1137 4565 1507 4634 Similiterque
1539 4567 1604 4619 de
1630 4565 1843 4619 caeteris
1869 4564 2066 4633 quibus

494 4657 680 4712 eadem
722 4657 1000 4727 inscriptio
1039 4654 1353 4725 praetigitur,
1399 4653 1602 4722 cogites
1634 4661 1870 4721 oportet.
1899 4652 2068 4717 Quot-

495 4760 628 4818 quot
656 4749 800 4802 hunc
833 4747 1050 4801 titulum
1104 4746 1327 4806 habent,
1364 4761 1382 4794 ‹
1420 4743 1472 4795 ἰιι
1519 4741 1731 4812 hymnis
1771 4760 1819 4804 ι,
1849 4741 2061 4808 Aquila,

500 4857 520 4891 ι
565 4841 615 4894 in
645 4840 896 4909 psalmis;
927 4857 945 4890 ι
987 4837 1343 4904 Symmachus
1367 4849 1494 4887 vero
1523 4851 1542 4883 ι
1573 4848 1666 4900 per
1695 4832 2006 4902 psalterium
2039 4852 2058 4882 ›

494 4933 772 5002 inscripsit
803 4946 820 4998 ;
850 4933 922 4984 ita
971 4937 1030 4984 ut
1079 4928 1373 4982 secundum
1434 4940 1622 4980 eorum
1661 4924 2064 4994 interpretatio-

492 5039 641 5088 nem,
670 5024 722 5076 hi
758 5021 856 5075 soli
901 5035 998 5090 per
1028 5019 1294 5073 musicum
1340 5018 1755 5070 instrumentum
1789 5027 1911 5068 cum
1950 5029 2064 5066 n20-

493 5115 766 5172 dulatione
787 5112 916 5167 dicti
945 5111 1164 5166 fuerint.
1204 5110 1269 5164 Et
1310 5108 1524 5178 quidem
1550 5122 1581 5161 e
1612 5122 1670 5161 re
1714 5106 1879 5160 fuisse
1915 5105 2063 5159 vide-

496 5216 604 5269 tur,
636 5214 696 5258 ut
722 5212 950 5272 quartus
981 5200 1244 5272 psalmus,
1281 5217 1300 5250 ι
1343 5201 1397 5252 in
1440 5197 1657 5268 hymnis
1689 5215 1706 5246 ι
1745 5195 2060 5264 inscriptus,

493 5296 1020 5365 perinstrmnentum
1054 5291 1294 5362 pulsatus
1317 5289 1409 5344 sit.
1440 5286 1888 5355 Quandoquidem
1918 5283 2060 5338 enim

583 5404 627 5436 ⁸³
655 5403 799 5461 Psal.
832 5419 914 5474 ιιι,
944 5404 999 5461 1.

572 5529 686 5597 (Ξϐ)
726 5533 806 5583 Δι’
845 5531 1110 5599 ἀπάσης.
1147 5529 1246 5584 llic
1271 5527 1469 5599 desinit
1493 5525 1688 5599 hiatus
1735 5522 1941 5580 codicis
1969 5523 2070 5579 Va-

500 5601 690 5662 ticani,
719 5616 824 5667 quo
850 5618 979 5654 usus
1013 5597 1096 5655 est
1120 5597 1595 5667 Montefalconius.

570 5668 682 5739 (Ξῖ)
709 5666 1116 5739 Montefalcon.,
1151 5666 1601 5739 ἐσημειῳσάμην.

569 5731 684 5807 (Ξδλ
740 5738 975 5803 Πάντας
1013 5740 1153 5804 τοὺς
1187 5731 1321 5803 πάρ’
1355 5731 1501 5804 ἡμῖὶς
1536 5731 1820 5803 ὶίπαᾹμοὺς
1870 5733 2065 5802 ἐπιγε-

2171 4583 2269 4637 νης
2292 4565 2534 4636 σύμϐολα
2558 4565 2824 4618 ἐπιτελεῖν
2851 4581 2863 4630 ;
2897 4564 2962 4616 Τί
2985 4563 3040 4615 δὲ
3067 4561 3365 4637 ψαλτηρίου
3398 4559 3744 4630 περιέχουσιν

2170 4632 2432 4710 οἰκεῖον-οἱ
2455 4657 2601 4726 λόγοι
2622 4673 2635 4722 ;
2664 4657 2798 4727 Οὐχὶ
2823 4655 2877 4708 δὲ
2900 4653 3204 4726 ὀλοφυρμοῦ
3225 4653 3318 4707 καὶ
3332 4632 3741 4715 άποκλαύσεως,

2169 4745 2264 4810 οὒς
2296 4747 2442 4810 εἰκὸς
2469 4747 2608 4817 μετά
2639 4762 2784 4807 τινος
2833 4743 3090 4798 πενθικοῦ
3139 4741 3353 4814 μέλους,
3387 4741 3446 4794 οὐ
3475 4739 3580 4812 μὴν
3610 4739 3746 4810 μετὰ

2170 4837 2264 4891 τοῦ
2285 4838 2518 4910 ὀργάνου
2571 4837 2818 4908 εἰρῆσθαι
2850 4852 2864 4902 ;
2898 4837 3105 4889 Ταυτὸν
3147 4835 3190 4887 δ’
3222 4835 3286 4888 ἂν
3322 4834 3498 4895 εἴποις
3528 4831 3622 4885 καὶ
3650 4831 3744 4883 ἐπὶ

2168 4931 2260 4984 τοῦ
2314 4931 2519 5003 τρίτου,
2568 4930 2626 4994 ὂς
2674 4929 3076 5001 ἐπιγέγραπται
3123 4946 3140 4978 ι
3176 4925 3404 4996 Ψαλμὸς
3445 4923 3522 4994 τῷ
3562 4922 3741 4985 Δαυῒίἶ,

2163 5021 2323 5075 ὁπότε
2349 5022 2740 5093 ἀπεδίδρασκεν
2780 5021 2886 5074 ἀπὸ
2918 5018 3208 5092 προσώπου
3247 5015 3600 5085 ’Λϐεσσαλὼμ
3647 5013 3741 5067 τοῦ

2167 5113 2282 5166 υἱοῦ
2308 5111 2493 5165 αὑτοῦ.
2541 5131 2558 5164 ι
2595 5113 2938 5182 Ἐπιστήσεις
2964 5111 3072 5180 γὰρ
3105 5110 3154 5161 εί
3191 5109 3250 5161 ἐν
3281 5105 3504 5177 τοιαύτῃ
3549 5103 3746 5172 τυγχᾶ-

2165 5221 2271 5258 νων
2317 5204 2590 5276 συμφορᾷ,
2642 5202 2762 5255 καθ’
2797 5203 2862 5270 ἣν
2907 5197 3253 5253 ἐκπεπτώκει
3315 5196 3410 5266 μὲν
3455 5195 3552 5264 τῆς
3597 5192 3746 5263 βασι-

2166 5296 2336 5360 λείας,
2369 5294 2628 5364 ὴλαύνετο
2680 5294 2737 5347 δὲ
2774 5292 2912 5363 πρὸς
2949 5291 3042 5344 τοῦ
3098 5290 3237 5353 υἱοῦ,
3276 5288 3558 5359 μουσικοῖς
3587 5282 3745 5354 ἐσχό-

2175 5536 2548 5608 πεαμμένους
2577 5527 3031 5608 εἰρῆσθαιηῐὶαδο
3053 5529 3432 5608 desiderante!
3467 5525 3754 5608 inmodice

2179 5594 2458 5668 vniam,
2492 5594 2585 5660 sed
2622 5594 2708 5660 hic
2735 5604 3118 5673 supplenture
3138 5600 3355 5657 schedis
3382 5598 3591 5654 Grahii.
3625 5594 3750 5648 Mox

2174 5681 2375 5735 credent
2412 5679 2645 5742 schcdce,
2675 5671 2936 5744 οὐδὲγὰρ
2966 5673 3030 5726 ἂν
3053 5671 3171 5744 ἔχη.
