  <div class='ocr_page' id='page_1' title='image "/cluster/home/n/w/nwhite01/storage/ocr_20150623/12:no.2/coo.31924054873074/550.png"; bbox 0 0 4124 6434; ppageno 0'>
   <div class='ocr_carea' id='block_1_1' title="bbox 425 379 566 436">
    <p class='ocr_par' dir='ltr' id='par_1_1' title="bbox 425 379 566 436">
     <span class='ocr_line' id='line_1_1' title="bbox 425 379 566 436; baseline 0.014 -2"><span class='ocrx_word' id='word_1_1' title='bbox 425 379 566 436; x_wconf 70' lang='grc'>1073</span> 
     </span>
    </p>
   </div>
   <div class='ocr_carea' id='block_1_2' title="bbox 1665 369 2457 427">
    <p class='ocr_par' dir='ltr' id='par_1_2' title="bbox 1665 369 2457 427">
     <span class='ocr_line' id='line_1_2' title="bbox 1665 369 2457 427; baseline -0.008 -1"><span class='ocrx_word' id='word_1_2' title='bbox 1665 372 1974 427; x_wconf 77' lang='lat' dir='ltr'><strong>SELECTA</strong></span> <span class='ocrx_word' id='word_1_3' title='bbox 2015 371 2078 427; x_wconf 85' lang='lat' dir='ltr'><strong>IN</strong></span> <span class='ocrx_word' id='word_1_4' title='bbox 2120 369 2457 426; x_wconf 74' lang='lat' dir='ltr'><strong>I‘SALMOS.</strong></span> 
     </span>
    </p>
   </div>
   <div class='ocr_carea' id='block_1_3' title="bbox 3547 369 3686 426">
    <p class='ocr_par' dir='ltr' id='par_1_3' title="bbox 3547 369 3686 426">
     <span class='ocr_line' id='line_1_3' title="bbox 3547 369 3686 426; baseline -0.007 -3"><span class='ocrx_word' id='word_1_5' title='bbox 3547 369 3686 426; x_wconf 57' lang='lat'><strong>107‘</strong></span> 
     </span>
    </p>
   </div>
   <div class='ocr_carea' id='block_1_4' title="bbox 422 485 1981 562">
    <p class='ocr_par' dir='ltr' id='par_1_4' title="bbox 422 489 1981 562">
     <span class='ocr_line' id='line_1_4' title="bbox 422 489 1981 562; baseline -0.004 -12"><span class='ocrx_word' id='word_1_6' title='bbox 422 496 575 560; x_wconf 78' lang='grc' dir='ltr'>λαζε.</span> <span class='ocrx_word' id='word_1_7' title='bbox 610 494 780 561; x_wconf 80' lang='grc' dir='ltr'>Λόγον</span> <span class='ocrx_word' id='word_1_8' title='bbox 818 493 862 544; x_wconf 73' lang='grc' dir='ltr'>δ’</span> <span class='ocrx_word' id='word_1_9' title='bbox 894 491 958 544; x_wconf 69' lang='grc' dir='ltr'>ἂν</span> <span class='ocrx_word' id='word_1_10' title='bbox 1003 489 1138 560; x_wconf 82' lang='grc' dir='ltr'>ἔχοι,</span> <span class='ocrx_word' id='word_1_11' title='bbox 1165 491 1298 561; x_wconf 63' lang='lat'><strong>7:96;</strong></span> <span class='ocrx_word' id='word_1_12' title='bbox 1349 491 1439 543; x_wconf 82' lang='grc' dir='ltr'><strong>τὸν</strong></span> <span class='ocrx_word' id='word_1_13' title='bbox 1485 491 1615 543; x_wconf 77' lang='grc' dir='ltr'>Θεὸν</span> <span class='ocrx_word' id='word_1_14' title='bbox 1666 491 1759 544; x_wconf 75' lang='grc' dir='ltr'>καὶ</span> <span class='ocrx_word' id='word_1_15' title='bbox 1807 490 1981 562; x_wconf 70' lang='grc' dir='ltr'>ταύτῃ·</span> 
     </span>
    </p>
   </div>
   <div class='ocr_carea' id='block_1_5' title="bbox 2086 485 3685 562">
    <p class='ocr_par' dir='ltr' id='par_1_5' title="bbox 2114 485 3685 557">
     <span class='ocr_line' id='line_1_5' title="bbox 2114 485 3685 557; baseline -0.002 -16"><span class='ocrx_word' id='word_1_16' title='bbox 2114 491 2303 543; x_wconf 74' lang='lat' dir='ltr'><strong>tertius</strong></span> <span class='ocrx_word' id='word_1_17' title='bbox 2338 486 2579 557; x_wconf 77' lang='lat' dir='ltr'><strong>psalmus</strong></span> <span class='ocrx_word' id='word_1_18' title='bbox 2604 500 2633 540; x_wconf 88' lang='lat' dir='ltr'><strong>a</strong></span> <span class='ocrx_word' id='word_1_19' title='bbox 2668 487 2837 540; x_wconf 88' lang='lat' dir='ltr'><strong>David</strong></span> <span class='ocrx_word' id='word_1_20' title='bbox 2859 485 3101 556; x_wconf 87' lang='lat' dir='ltr'><strong>prolatus</strong></span> <span class='ocrx_word' id='word_1_21' title='bbox 3135 485 3326 551; x_wconf 84' lang='lat' dir='ltr'><strong>fuerat,</strong></span> <span class='ocrx_word' id='word_1_22' title='bbox 3352 485 3564 556; x_wconf 81' lang='lat' dir='ltr'><strong>quando</strong></span> <span class='ocrx_word' id='word_1_23' title='bbox 3602 486 3685 538; x_wconf 84' lang='lat' dir='ltr'><strong>fu-</strong></span> 
     </span>
    </p>
   </div>
   <div class='ocr_carea' id='block_1_6' title="bbox 423 580 1999 655">
    <p class='ocr_par' dir='ltr' id='par_1_6' title="bbox 423 580 1999 655">
     <span class='ocr_line' id='line_1_6' title="bbox 423 580 1999 655; baseline -0.004 -17"><span class='ocrx_word' id='word_1_24' title='bbox 423 585 758 655; x_wconf 82' lang='grc' dir='ltr'>ἁναπέμπων</span> <span class='ocrx_word' id='word_1_25' title='bbox 800 582 894 652; x_wconf 76' lang='grc' dir='ltr'>τὴν</span> <span class='ocrx_word' id='word_1_26' title='bbox 944 581 1174 644; x_wconf 80' lang='grc' dir='ltr'><strong>ἱκεσίαν,</strong></span> <span class='ocrx_word' id='word_1_27' title='bbox 1228 580 1368 650; x_wconf 81' lang='grc' dir='ltr'>μετά</span> <span class='ocrx_word' id='word_1_28' title='bbox 1411 598 1554 644; x_wconf 87' lang='grc' dir='ltr'>τινος</span> <span class='ocrx_word' id='word_1_29' title='bbox 1601 581 1791 650; x_wconf 87' lang='grc' dir='ltr'>μέλους</span> <span class='ocrx_word' id='word_1_30' title='bbox 1833 580 1999 651; x_wconf 79' lang='grc' dir='ltr'>αὐτὴν</span> 
     </span>
    </p>
   </div>
   <div class='ocr_carea' id='block_1_7' title="bbox 424 672 1993 749">
    <p class='ocr_par' dir='ltr' id='par_1_7' title="bbox 424 672 1993 749">
     <span class='ocr_line' id='line_1_7' title="bbox 424 672 1993 749; baseline -0.004 -19"><span class='ocrx_word' id='word_1_31' title='bbox 424 677 794 749; x_wconf 76' lang='grc' dir='ltr'><strong>προηνέγκατο</strong></span> <span class='ocrx_word' id='word_1_32' title='bbox 815 673 1145 743; x_wconf 87' lang='grc' dir='ltr'>καταλλήλου</span> <span class='ocrx_word' id='word_1_33' title='bbox 1169 672 1245 743; x_wconf 82' lang='grc' dir='ltr'>τῷ</span> <span class='ocrx_word' id='word_1_34' title='bbox 1266 673 1458 745; x_wconf 82' lang='grc' dir='ltr'><strong>καιρῷ·</strong></span> <span class='ocrx_word' id='word_1_35' title='bbox 1481 674 1544 726; x_wconf 87' lang='grc' dir='ltr'>δι’</span> <span class='ocrx_word' id='word_1_36' title='bbox 1564 673 1591 726; x_wconf 81' lang='grc' dir='ltr'><strong>ὃ</strong></span> <span class='ocrx_word' id='word_1_37' title='bbox 1608 693 1626 725; x_wconf 78' lang='grc' dir='ltr'><strong>ι</strong></span> <span class='ocrx_word' id='word_1_38' title='bbox 1646 672 1955 742; x_wconf 79' lang='grc' dir='ltr'>Μελῴδημα</span> <span class='ocrx_word' id='word_1_39' title='bbox 1976 692 1993 724; x_wconf 86' lang='lat'><strong>3</strong></span> 
     </span>
    </p>
   </div>
   <div class='ocr_carea' id='block_1_8' title="bbox 422 765 1998 838">
    <p class='ocr_par' dir='ltr' id='par_1_8' title="bbox 422 765 1998 838">
     <span class='ocr_line' id='line_1_8' title="bbox 422 765 1998 838; baseline -0.004 -16"><span class='ocrx_word' id='word_1_40' title='bbox 422 769 516 822; x_wconf 79' lang='grc' dir='ltr'><strong>καὶ</strong></span> <span class='ocrx_word' id='word_1_41' title='bbox 543 785 560 817; x_wconf 82' lang='grc' dir='ltr'><strong>ι</strong></span> <span class='ocrx_word' id='word_1_42' title='bbox 599 767 752 838; x_wconf 80' lang='grc' dir='ltr'>’ῼδὴν</span> <span class='ocrx_word' id='word_1_43' title='bbox 793 785 812 817; x_wconf 94' lang='lat'><strong>3</strong></span> <span class='ocrx_word' id='word_1_44' title='bbox 860 766 909 817; x_wconf 75' lang='grc' dir='ltr'><strong>οἱ</strong></span> <span class='ocrx_word' id='word_1_45' title='bbox 947 765 1122 818; x_wconf 74' lang='grc' dir='ltr'>λοιποὶ</span> <span class='ocrx_word' id='word_1_46' title='bbox 1170 765 1263 818; x_wconf 84' lang='grc' dir='ltr'><strong>καὶ</strong></span> <span class='ocrx_word' id='word_1_47' title='bbox 1299 765 1356 816; x_wconf 84' lang='grc' dir='ltr'><strong>ἐν</strong></span> <span class='ocrx_word' id='word_1_48' title='bbox 1385 767 1452 833; x_wconf 81' lang='grc' dir='ltr'>τῇ</span> <span class='ocrx_word' id='word_1_49' title='bbox 1473 766 1675 818; x_wconf 87' lang='grc' dir='ltr'>τούτων</span> <span class='ocrx_word' id='word_1_50' title='bbox 1705 769 1998 836; x_wconf 67' lang='grc' dir='ltr'>προγραφῇ</span> 
     </span>
    </p>
   </div>
   <div class='ocr_carea' id='block_1_9' title="bbox 423 855 2003 927">
    <p class='ocr_par' dir='ltr' id='par_1_9' title="bbox 423 855 2003 927">
     <span class='ocr_line' id='line_1_9' title="bbox 423 855 2003 927; baseline -0.003 -17"><span class='ocrx_word' id='word_1_51' title='bbox 423 858 803 927; x_wconf 79' lang='grc' dir='ltr'><strong>πεποιήκασιν.</strong></span> <span class='ocrx_word' id='word_1_52' title='bbox 833 856 968 916; x_wconf 79' lang='grc' dir='ltr'>Τοὺς</span> <span class='ocrx_word' id='word_1_53' title='bbox 993 855 1211 918; x_wconf 80' lang='grc' dir='ltr'>λοιποὺς</span> <span class='ocrx_word' id='word_1_54' title='bbox 1234 855 1290 908; x_wconf 86' lang='grc' dir='ltr'><strong>δέ</strong></span> <span class='ocrx_word' id='word_1_55' title='bbox 1313 855 1419 908; x_wconf 77' lang='grc' dir='ltr'><strong>τῶν</strong></span> <span class='ocrx_word' id='word_1_56' title='bbox 1439 857 1640 926; x_wconf 86' lang='grc' dir='ltr'>ὁμοίως</span> <span class='ocrx_word' id='word_1_57' title='bbox 1669 859 2003 926; x_wconf 83' lang='grc' dir='ltr'>ἐπιγεγραμ-</span> 
     </span>
    </p>
   </div>
   <div class='ocr_carea' id='block_1_10' title="bbox 427 945 2000 1018">
    <p class='ocr_par' dir='ltr' id='par_1_10' title="bbox 427 945 2000 1018">
     <span class='ocr_line' id='line_1_10' title="bbox 427 945 2000 1018; baseline 0.001 -20"><span class='ocrx_word' id='word_1_58' title='bbox 427 947 601 1015; x_wconf 83' lang='grc' dir='ltr'>μένων</span> <span class='ocrx_word' id='word_1_59' title='bbox 631 945 1028 1017; x_wconf 80' lang='grc' dir='ltr'><strong>παραπλησίως</strong></span> <span class='ocrx_word' id='word_1_60' title='bbox 1050 948 1163 1009; x_wconf 87' lang='grc' dir='ltr'>τοῖς</span> <span class='ocrx_word' id='word_1_61' title='bbox 1192 946 1501 1018; x_wconf 82' lang='grc' dir='ltr'><strong>εἰρημένοις</strong></span> <span class='ocrx_word' id='word_1_62' title='bbox 1535 947 1824 1018; x_wconf 79' lang='grc' dir='ltr'>ἐπισκέψῃ.</span> <span class='ocrx_word' id='word_1_63' title='bbox 1848 949 2000 1000; x_wconf 83' lang='grc' dir='ltr'>Ὅσοι</span> 
     </span>
    </p>
   </div>
   <div class='ocr_carea' id='block_1_11' title="bbox 421 1037 2000 1110">
    <p class='ocr_par' dir='ltr' id='par_1_11' title="bbox 421 1037 2000 1110">
     <span class='ocr_line' id='line_1_11' title="bbox 421 1037 2000 1110; baseline 0.001 -21"><span class='ocrx_word' id='word_1_64' title='bbox 421 1039 578 1103; x_wconf 73' lang='grc' dir='ltr'>εἰσὶν,</span> <span class='ocrx_word' id='word_1_65' title='bbox 623 1057 642 1090; x_wconf 77' lang='grc' dir='ltr'><strong>ι</strong></span> <span class='ocrx_word' id='word_1_66' title='bbox 689 1042 748 1094; x_wconf 83' lang='grc' dir='ltr'><strong>ἐν</strong></span> <span class='ocrx_word' id='word_1_67' title='bbox 809 1037 1014 1110; x_wconf 88' lang='grc' dir='ltr'>ὕμνοις,</span> <span class='ocrx_word' id='word_1_68' title='bbox 1064 1059 1083 1092; x_wconf 99' lang='lat'><strong>3</strong></span> <span class='ocrx_word' id='word_1_69' title='bbox 1133 1037 1618 1109; x_wconf 76' lang='grc' dir='ltr'>ἐπιγεγραμμένοι,</span> <span class='ocrx_word' id='word_1_70' title='bbox 1650 1039 1743 1091; x_wconf 76' lang='grc' dir='ltr'><strong>ἐπὶ</strong></span> <span class='ocrx_word' id='word_1_71' title='bbox 1794 1039 2000 1091; x_wconf 79' lang='grc' dir='ltr'>τούτων</span> 
     </span>
    </p>
   </div>
   <div class='ocr_carea' id='block_1_12' title="bbox 423 1127 1994 1201">
    <p class='ocr_par' dir='ltr' id='par_1_12' title="bbox 423 1127 1994 1201">
     <span class='ocr_line' id='line_1_12' title="bbox 423 1127 1994 1201; baseline 0 -21"><span class='ocrx_word' id='word_1_72' title='bbox 423 1130 542 1181; x_wconf 84' lang='grc' dir='ltr'>ἀντὶ</span> <span class='ocrx_word' id='word_1_73' title='bbox 565 1128 713 1194; x_wconf 81' lang='grc' dir='ltr'>τοῦ,ι</span> <span class='ocrx_word' id='word_1_74' title='bbox 740 1131 796 1182; x_wconf 77' lang='grc' dir='ltr'><strong>ἐν</strong></span> <span class='ocrx_word' id='word_1_75' title='bbox 819 1127 1027 1200; x_wconf 90' lang='grc' dir='ltr'>ὕμνοις,</span> <span class='ocrx_word' id='word_1_76' title='bbox 1063 1148 1082 1182; x_wconf 94' lang='lat'><strong>3</strong></span> <span class='ocrx_word' id='word_1_77' title='bbox 1113 1131 1140 1182; x_wconf 89' lang='lat'><strong>6</strong></span> <span class='ocrx_word' id='word_1_78' title='bbox 1183 1130 1279 1199; x_wconf 78' lang='grc' dir='ltr'><strong>μὲν</strong></span> <span class='ocrx_word' id='word_1_79' title='bbox 1316 1129 1566 1192; x_wconf 83' lang='grc' dir='ltr'><strong>Ἀκύλας,</strong></span> <span class='ocrx_word' id='word_1_80' title='bbox 1586 1148 1603 1179; x_wconf 79' lang='grc' dir='ltr'><strong>ι</strong></span> <span class='ocrx_word' id='word_1_81' title='bbox 1632 1130 1696 1183; x_wconf 87' lang='grc' dir='ltr'><strong>ἐν</strong></span> <span class='ocrx_word' id='word_1_82' title='bbox 1711 1128 1994 1201; x_wconf 65' lang='grc' dir='ltr'>ψαλμοῖςη</span> 
     </span>
    </p>
   </div>
   <div class='ocr_carea' id='block_1_13' title="bbox 422 1219 1998 1294">
    <p class='ocr_par' dir='ltr' id='par_1_13' title="bbox 422 1219 1998 1294">
     <span class='ocr_line' id='line_1_13' title="bbox 422 1219 1998 1294; baseline 0.001 -24"><span class='ocrx_word' id='word_1_83' title='bbox 422 1221 452 1271; x_wconf 85' lang='lat'><strong>6</strong></span> <span class='ocrx_word' id='word_1_84' title='bbox 473 1219 530 1271; x_wconf 86' lang='grc' dir='ltr'><strong>δέ</strong></span> <span class='ocrx_word' id='word_1_85' title='bbox 564 1219 857 1294; x_wconf 75' lang='grc' dir='ltr'>Σύμμαχος</span> <span class='ocrx_word' id='word_1_86' title='bbox 894 1239 912 1272; x_wconf 79' lang='grc' dir='ltr'><strong>ι</strong></span> <span class='ocrx_word' id='word_1_87' title='bbox 937 1219 1027 1273; x_wconf 79' lang='grc' dir='ltr'>διὰ</span> <span class='ocrx_word' id='word_1_88' title='bbox 1057 1220 1358 1292; x_wconf 84' lang='grc' dir='ltr'>ψαλτηρίου</span> <span class='ocrx_word' id='word_1_89' title='bbox 1408 1239 1426 1272; x_wconf 91' lang='lat'><strong>3</strong></span> <span class='ocrx_word' id='word_1_90' title='bbox 1476 1221 1770 1274; x_wconf 80' lang='grc' dir='ltr'>ἐκδέδωκεν</span> <span class='ocrx_word' id='word_1_91' title='bbox 1792 1237 1806 1249; x_wconf 76' lang='grc'><strong>⁸</strong></span> <span class='ocrx_word' id='word_1_92' title='bbox 1858 1220 1998 1273; x_wconf 84' lang='grc' dir='ltr'>ὥστε</span> 
     </span>
    </p>
   </div>
   <div class='ocr_carea' id='block_1_14' title="bbox 424 1308 1999 1383">
    <p class='ocr_par' dir='ltr' id='par_1_14' title="bbox 424 1308 1999 1383">
     <span class='ocr_line' id='line_1_14' title="bbox 424 1308 1999 1383; baseline 0.004 -23"><span class='ocrx_word' id='word_1_93' title='bbox 424 1308 564 1362; x_wconf 84' lang='grc' dir='ltr'>κατὰ</span> <span class='ocrx_word' id='word_1_94' title='bbox 590 1311 691 1381; x_wconf 83' lang='grc' dir='ltr'>τὴν</span> <span class='ocrx_word' id='word_1_95' title='bbox 719 1311 898 1365; x_wconf 77' lang='grc' dir='ltr'>αὐτῶν</span> <span class='ocrx_word' id='word_1_96' title='bbox 935 1312 1228 1382; x_wconf 82' lang='grc' dir='ltr'>ἑρμηνείαν</span> <span class='ocrx_word' id='word_1_97' title='bbox 1261 1312 1452 1383; x_wconf 87' lang='grc' dir='ltr'>μόνους</span> <span class='ocrx_word' id='word_1_98' title='bbox 1482 1308 1876 1377; x_wconf 78' lang='grc' dir='ltr'>εἶναιτούτους</span> <span class='ocrx_word' id='word_1_99' title='bbox 1911 1313 1999 1366; x_wconf 78' lang='grc' dir='ltr'>διὰ</span> 
     </span>
    </p>
   </div>
   <div class='ocr_carea' id='block_1_15' title="bbox 421 1398 1998 1475">
    <p class='ocr_par' dir='ltr' id='par_1_15' title="bbox 421 1398 1998 1475">
     <span class='ocr_line' id='line_1_15' title="bbox 421 1398 1998 1475; baseline 0.004 -26"><span class='ocrx_word' id='word_1_100' title='bbox 421 1398 512 1450; x_wconf 86' lang='grc' dir='ltr'><strong>τοῦ</strong></span> <span class='ocrx_word' id='word_1_101' title='bbox 554 1401 814 1470; x_wconf 83' lang='grc' dir='ltr'>μουσικοῦ</span> <span class='ocrx_word' id='word_1_102' title='bbox 864 1402 1094 1474; x_wconf 82' lang='grc' dir='ltr'>ὀργάνου</span> <span class='ocrx_word' id='word_1_103' title='bbox 1151 1402 1575 1474; x_wconf 83' lang='grc' dir='ltr'>μελῳδηθέντας.</span> <span class='ocrx_word' id='word_1_104' title='bbox 1623 1404 1733 1457; x_wconf 75' lang='grc' dir='ltr'>Καὶ</span> <span class='ocrx_word' id='word_1_105' title='bbox 1778 1403 1892 1475; x_wconf 75' lang='grc' dir='ltr'>ἔχει</span> <span class='ocrx_word' id='word_1_106' title='bbox 1934 1421 1998 1473; x_wconf 91' lang='grc' dir='ltr'><strong>γε</strong></span> 
     </span>
    </p>
   </div>
   <div class='ocr_carea' id='block_1_16' title="bbox 420 1490 1998 1568">
    <p class='ocr_par' dir='ltr' id='par_1_16' title="bbox 420 1490 1998 1568">
     <span class='ocr_line' id='line_1_16' title="bbox 420 1490 1998 1568; baseline 0.006 -28"><span class='ocrx_word' id='word_1_107' title='bbox 420 1490 576 1559; x_wconf 88' lang='grc' dir='ltr'>λόγον</span> <span class='ocrx_word' id='word_1_108' title='bbox 599 1492 690 1546; x_wconf 88' lang='grc' dir='ltr'><strong>τὸν</strong></span> <span class='ocrx_word' id='word_1_109' title='bbox 716 1493 972 1564; x_wconf 83' lang='grc' dir='ltr'>τέταρτον</span> <span class='ocrx_word' id='word_1_110' title='bbox 995 1497 1230 1567; x_wconf 80' lang='grc' dir='ltr'>ψαλμὸν,</span> <span class='ocrx_word' id='word_1_111' title='bbox 1262 1515 1278 1546; x_wconf 80' lang='grc' dir='ltr'><strong>ι</strong></span> <span class='ocrx_word' id='word_1_112' title='bbox 1311 1498 1367 1548; x_wconf 90' lang='grc' dir='ltr'><strong>ἐν</strong></span> <span class='ocrx_word' id='word_1_113' title='bbox 1395 1495 1584 1567; x_wconf 82' lang='grc' dir='ltr'>ὕμνοις</span> <span class='ocrx_word' id='word_1_114' title='bbox 1615 1516 1633 1549; x_wconf 94' lang='lat'><strong>3</strong></span> <span class='ocrx_word' id='word_1_115' title='bbox 1659 1498 1998 1568; x_wconf 83' lang='grc' dir='ltr'>ἐπιγεγραμ-</span> 
     </span>
    </p>
   </div>
   <div class='ocr_carea' id='block_1_17' title="bbox 422 1582 1998 1658">
    <p class='ocr_par' dir='ltr' id='par_1_17' title="bbox 422 1582 1998 1658">
     <span class='ocr_line' id='line_1_17' title="bbox 422 1582 1998 1658; baseline 0.003 -24"><span class='ocrx_word' id='word_1_116' title='bbox 422 1583 607 1652; x_wconf 84' lang='grc' dir='ltr'>μένον,</span> <span class='ocrx_word' id='word_1_117' title='bbox 634 1582 701 1635; x_wconf 82' lang='grc' dir='ltr'>δι⁹</span> <span class='ocrx_word' id='word_1_118' title='bbox 728 1583 960 1656; x_wconf 81' lang='grc' dir='ltr'>ὀργάνου</span> <span class='ocrx_word' id='word_1_119' title='bbox 991 1584 1337 1656; x_wconf 84' lang='grc' dir='ltr'>κεκροῦσθαι.</span> <span class='ocrx_word' id='word_1_120' title='bbox 1375 1585 1591 1656; x_wconf 85' lang='grc' dir='ltr'>Ἐπειδὴ</span> <span class='ocrx_word' id='word_1_121' title='bbox 1627 1586 1733 1658; x_wconf 82' lang='grc' dir='ltr'>γὰρ</span> <span class='ocrx_word' id='word_1_122' title='bbox 1757 1589 1784 1640; x_wconf 90' lang='lat'><strong>6</strong></span> <span class='ocrx_word' id='word_1_123' title='bbox 1817 1587 1998 1657; x_wconf 87' lang='grc' dir='ltr'>τρίτος</span> 
     </span>
    </p>
   </div>
   <div class='ocr_carea' id='block_1_18' title="bbox 415 1671 1996 1750">
    <p class='ocr_par' dir='ltr' id='par_1_18' title="bbox 415 1671 1996 1750">
     <span class='ocr_line' id='line_1_18' title="bbox 415 1671 1996 1750; baseline 0.005 -26"><span class='ocrx_word' id='word_1_124' title='bbox 415 1671 604 1742; x_wconf 77' lang='grc' dir='ltr'>εἴρητο</span> <span class='ocrx_word' id='word_1_125' title='bbox 626 1673 703 1742; x_wconf 83' lang='grc' dir='ltr'>τῷ</span> <span class='ocrx_word' id='word_1_126' title='bbox 730 1673 912 1739; x_wconf 79' lang='grc' dir='ltr'>Δαυῖδ,</span> <span class='ocrx_word' id='word_1_127' title='bbox 951 1676 1110 1745; x_wconf 81' lang='grc' dir='ltr'>ἡνίκα</span> <span class='ocrx_word' id='word_1_128' title='bbox 1149 1676 1540 1747; x_wconf 84' lang='grc' dir='ltr'>ἀπεδίδρασκεν</span> <span class='ocrx_word' id='word_1_129' title='bbox 1575 1678 1682 1731; x_wconf 85' lang='grc' dir='ltr'>ἀπὸ</span> <span class='ocrx_word' id='word_1_130' title='bbox 1704 1676 1996 1750; x_wconf 84' lang='grc' dir='ltr'>προσώπου</span> 
     </span>
    </p>
   </div>
   <div class='ocr_carea' id='block_1_19' title="bbox 431 1762 1994 1840">
    <p class='ocr_par' dir='ltr' id='par_1_19' title="bbox 431 1762 1994 1840">
     <span class='ocr_line' id='line_1_19' title="bbox 431 1762 1994 1840; baseline 0.005 -26"><span class='ocrx_word' id='word_1_131' title='bbox 431 1762 782 1834; x_wconf 78' lang='grc' dir='ltr'>Ἀϐεσσαλὼμ</span> <span class='ocrx_word' id='word_1_132' title='bbox 816 1765 912 1818; x_wconf 88' lang='grc' dir='ltr'><strong>τοῦ</strong></span> <span class='ocrx_word' id='word_1_133' title='bbox 945 1763 1060 1819; x_wconf 72' lang='grc' dir='ltr'>υἱοῦ</span> <span class='ocrx_word' id='word_1_134' title='bbox 1120 1767 1308 1832; x_wconf 84' lang='grc' dir='ltr'>αὐτοῦ,</span> <span class='ocrx_word' id='word_1_135' title='bbox 1350 1767 1579 1832; x_wconf 71' lang='grc' dir='ltr'>εἰκότως</span> <span class='ocrx_word' id='word_1_136' title='bbox 1630 1769 1658 1820; x_wconf 95' lang='lat'><strong>6</strong></span> <span class='ocrx_word' id='word_1_137' title='bbox 1705 1767 1994 1840; x_wconf 79' lang='grc' dir='ltr'>τέταρτος,</span> 
     </span>
    </p>
   </div>
   <div class='ocr_carea' id='block_1_20' title="bbox 2103 576 3683 648">
    <p class='ocr_par' dir='ltr' id='par_1_20' title="bbox 2103 576 3683 648">
     <span class='ocr_line' id='line_1_20' title="bbox 2103 576 3683 648; baseline -0.003 -16"><span class='ocrx_word' id='word_1_138' title='bbox 2103 580 2181 648; x_wconf 80' lang='lat' dir='ltr'><strong>git</strong></span> <span class='ocrx_word' id='word_1_139' title='bbox 2215 595 2243 632; x_wconf 93' lang='lat' dir='ltr'><strong>a</strong></span> <span class='ocrx_word' id='word_1_140' title='bbox 2293 577 2429 632; x_wconf 89' lang='lat' dir='ltr'><strong>facie</strong></span> <span class='ocrx_word' id='word_1_141' title='bbox 2461 577 2774 633; x_wconf 87' lang='lat' dir='ltr'><strong>Ahessalom</strong></span> <span class='ocrx_word' id='word_1_142' title='bbox 2811 576 2902 630; x_wconf 84' lang='lat' dir='ltr'><strong>lilii</strong></span> <span class='ocrx_word' id='word_1_143' title='bbox 2931 576 3050 630; x_wconf 85' lang='lat' dir='ltr'><strong>sui:</strong></span> <span class='ocrx_word' id='word_1_144' title='bbox 3087 577 3277 631; x_wconf 88' lang='lat' dir='ltr'><strong>merito</strong></span> <span class='ocrx_word' id='word_1_145' title='bbox 3309 587 3558 646; x_wconf 88' lang='lat' dir='ltr'><strong>quartus,</strong></span> <span class='ocrx_word' id='word_1_146' title='bbox 3590 577 3683 642; x_wconf 91' lang='lat' dir='ltr'><strong>qui</strong></span> 
     </span>
    </p>
   </div>
   <div class='ocr_carea' id='block_1_21' title="bbox 2105 667 3678 740">
    <p class='ocr_par' dir='ltr' id='par_1_21' title="bbox 2105 667 3678 740">
     <span class='ocr_line' id='line_1_21' title="bbox 2105 667 3678 740; baseline -0.003 -13"><span class='ocrx_word' id='word_1_147' title='bbox 2105 671 2404 740; x_wconf 90' lang='lat' dir='ltr'><strong>triumphos</strong></span> <span class='ocrx_word' id='word_1_148' title='bbox 2437 672 2655 725; x_wconf 83' lang='lat' dir='ltr'><strong>exhibet</strong></span> <span class='ocrx_word' id='word_1_149' title='bbox 2693 667 2870 736; x_wconf 82' lang='lat' dir='ltr'><strong>hujus,</strong></span> <span class='ocrx_word' id='word_1_150' title='bbox 2916 669 3058 738; x_wconf 88' lang='lat' dir='ltr'><strong>quod</strong></span> <span class='ocrx_word' id='word_1_151' title='bbox 3100 677 3288 722; x_wconf 88' lang='lat' dir='ltr'><strong>contra</strong></span> <span class='ocrx_word' id='word_1_152' title='bbox 3320 669 3487 722; x_wconf 86' lang='lat' dir='ltr'><strong>lilium</strong></span> <span class='ocrx_word' id='word_1_153' title='bbox 3537 681 3678 732; x_wconf 87' lang='lat' dir='ltr'><strong>erat,</strong></span> 
     </span>
    </p>
   </div>
   <div class='ocr_carea' id='block_1_22' title="bbox 2103 760 3680 834">
    <p class='ocr_par' dir='ltr' id='par_1_22' title="bbox 2103 760 3680 834">
     <span class='ocr_line' id='line_1_22' title="bbox 2103 760 3680 834; baseline -0.001 -18"><span class='ocrx_word' id='word_1_154' title='bbox 2103 764 2246 829; x_wconf 88' lang='lat' dir='ltr'><strong>belli,</strong></span> <span class='ocrx_word' id='word_1_155' title='bbox 2287 781 2306 814; x_wconf 77' lang='grc' dir='ltr'><strong>ι</strong></span> <span class='ocrx_word' id='word_1_156' title='bbox 2343 763 2393 816; x_wconf 92' lang='lat' dir='ltr'><strong>in</strong></span> <span class='ocrx_word' id='word_1_157' title='bbox 2427 763 2584 818; x_wconf 84' lang='lat' dir='ltr'><strong>linem</strong></span> <span class='ocrx_word' id='word_1_158' title='bbox 2618 781 2636 813; x_wconf 90' lang='lat'><strong>3</strong></span> <span class='ocrx_word' id='word_1_159' title='bbox 2678 763 2883 834; x_wconf 89' lang='lat' dir='ltr'><strong>pariter</strong></span> <span class='ocrx_word' id='word_1_160' title='bbox 2924 769 2978 816; x_wconf 92' lang='lat' dir='ltr'><strong>et</strong></span> <span class='ocrx_word' id='word_1_161' title='bbox 3011 780 3030 812; x_wconf 79' lang='grc' dir='ltr'><strong>ι</strong></span> <span class='ocrx_word' id='word_1_162' title='bbox 3083 761 3133 814; x_wconf 92' lang='lat' dir='ltr'><strong>in</strong></span> <span class='ocrx_word' id='word_1_163' title='bbox 3164 760 3378 831; x_wconf 86' lang='lat' dir='ltr'><strong>hymnis</strong></span> <span class='ocrx_word' id='word_1_164' title='bbox 3421 779 3440 814; x_wconf 89' lang='lat'><strong>3</strong></span> <span class='ocrx_word' id='word_1_165' title='bbox 3484 761 3680 815; x_wconf 88' lang='lat' dir='ltr'><strong>inscri-</strong></span> 
     </span>
    </p>
   </div>
   <div class='ocr_carea' id='block_1_23' title="bbox 2099 850 3675 923">
    <p class='ocr_par' dir='ltr' id='par_1_23' title="bbox 2099 850 3675 923">
     <span class='ocr_line' id='line_1_23' title="bbox 2099 850 3675 923; baseline -0.001 -19"><span class='ocrx_word' id='word_1_166' title='bbox 2099 863 2223 923; x_wconf 84' lang='lat' dir='ltr'><strong>ptus</strong></span> <span class='ocrx_word' id='word_1_167' title='bbox 2268 862 2370 908; x_wconf 91' lang='lat' dir='ltr'><strong>est.</strong></span> <span class='ocrx_word' id='word_1_168' title='bbox 2413 852 2538 906; x_wconf 87' lang='lat' dir='ltr'><strong>Ideo</strong></span> <span class='ocrx_word' id='word_1_169' title='bbox 2589 851 2948 922; x_wconf 81' lang='lat' dir='ltr'><strong>Symmachus</strong></span> <span class='ocrx_word' id='word_1_170' title='bbox 3007 850 3146 905; x_wconf 88' lang='lat' dir='ltr'><strong>illius</strong></span> <span class='ocrx_word' id='word_1_171' title='bbox 3215 852 3349 912; x_wconf 89' lang='lat' dir='ltr'><strong>loco,</strong></span> <span class='ocrx_word' id='word_1_172' title='bbox 3406 853 3456 901; x_wconf 81' lang='lat' dir='ltr'><strong>in</strong></span> <span class='ocrx_word' id='word_1_173' title='bbox 3497 852 3675 920; x_wconf 80' lang='lat' dir='ltr'><strong>ﬁnem,</strong></span> 
     </span>
    </p>
   </div>
   <div class='ocr_carea' id='block_1_24' title="bbox 2105 942 3673 1014">
    <p class='ocr_par' dir='ltr' id='par_1_24' title="bbox 2105 942 3673 1014">
     <span class='ocr_line' id='line_1_24' title="bbox 2105 942 3673 1014; baseline -0.001 -18"><span class='ocrx_word' id='word_1_174' title='bbox 2105 964 2124 996; x_wconf 74' lang='grc' dir='ltr'><strong>ι</strong></span> <span class='ocrx_word' id='word_1_175' title='bbox 2163 944 2484 1014; x_wconf 84' lang='lat' dir='ltr'><strong>triumphale</strong></span> <span class='ocrx_word' id='word_1_176' title='bbox 2521 962 2538 995; x_wconf 95' lang='lat'><strong>3</strong></span> <span class='ocrx_word' id='word_1_177' title='bbox 2601 943 2795 1008; x_wconf 87' lang='lat' dir='ltr'><strong>vertit;</strong></span> <span class='ocrx_word' id='word_1_178' title='bbox 2853 942 3045 1011; x_wconf 66' lang='lat' dir='ltr'><strong>Aquila</strong></span> <span class='ocrx_word' id='word_1_179' title='bbox 3088 957 3256 1007; x_wconf 85' lang='lat' dir='ltr'><strong>vero,</strong></span> <span class='ocrx_word' id='word_1_180' title='bbox 3319 961 3337 995; x_wconf 83' lang='grc' dir='ltr'><strong>ι</strong></span> <span class='ocrx_word' id='word_1_181' title='bbox 3387 943 3606 1002; x_wconf 70' lang='lat' dir='ltr'><strong>victori,</strong></span> <span class='ocrx_word' id='word_1_182' title='bbox 3654 962 3673 994; x_wconf 93' lang='lat'><strong>3</strong></span> 
     </span>
    </p>
   </div>
   <div class='ocr_carea' id='block_1_25' title="bbox 2096 1034 3672 1101">
    <p class='ocr_par' dir='ltr' id='par_1_25' title="bbox 2096 1034 3672 1101">
     <span class='ocr_line' id='line_1_25' title="bbox 2096 1034 3672 1101; baseline -0.004 -9"><span class='ocrx_word' id='word_1_183' title='bbox 2096 1038 2284 1092; x_wconf 87' lang='lat' dir='ltr'><strong>edidit.</strong></span> <span class='ocrx_word' id='word_1_184' title='bbox 2313 1035 2461 1090; x_wconf 87' lang='lat' dir='ltr'><strong>llanc</strong></span> <span class='ocrx_word' id='word_1_185' title='bbox 2482 1050 2610 1090; x_wconf 84' lang='lat' dir='ltr'><strong>vero</strong></span> <span class='ocrx_word' id='word_1_186' title='bbox 2634 1049 2663 1088; x_wconf 91' lang='lat' dir='ltr'><strong>a</strong></span> <span class='ocrx_word' id='word_1_187' title='bbox 2685 1035 2839 1090; x_wconf 89' lang='lat' dir='ltr'><strong>nobis</strong></span> <span class='ocrx_word' id='word_1_188' title='bbox 2867 1034 3117 1088; x_wconf 89' lang='lat' dir='ltr'><strong>traditam</strong></span> <span class='ocrx_word' id='word_1_189' title='bbox 3145 1036 3407 1091; x_wconf 88' lang='lat' dir='ltr'><strong>rationem</strong></span> <span class='ocrx_word' id='word_1_190' title='bbox 3434 1044 3672 1101; x_wconf 84' lang='lat' dir='ltr'><strong>servant,</strong></span> 
     </span>
    </p>
   </div>
   <div class='ocr_carea' id='block_1_26' title="bbox 2098 1125 3674 1200">
    <p class='ocr_par' dir='ltr' id='par_1_26' title="bbox 2098 1125 3674 1200">
     <span class='ocr_line' id='line_1_26' title="bbox 2098 1125 3674 1200; baseline -0.003 -15"><span class='ocrx_word' id='word_1_191' title='bbox 2098 1145 2218 1200; x_wconf 73' lang='lat' dir='ltr'><strong>quae</strong></span> <span class='ocrx_word' id='word_1_192' title='bbox 2252 1145 2376 1184; x_wconf 82' lang='lat' dir='ltr'><strong>mox</strong></span> <span class='ocrx_word' id='word_1_193' title='bbox 2419 1136 2724 1196; x_wconf 89' lang='lat' dir='ltr'><strong>sequuntur</strong></span> <span class='ocrx_word' id='word_1_194' title='bbox 2764 1130 2924 1182; x_wconf 81' lang='lat' dir='ltr'><strong>verba</strong></span> <span class='ocrx_word' id='word_1_195' title='bbox 2969 1125 3015 1158; x_wconf 72' lang='grc'>³⁸</span> <span class='ocrx_word' id='word_1_196' title='bbox 3057 1144 3071 1180; x_wconf 89' lang='lat'><strong>:</strong></span> <span class='ocrx_word' id='word_1_197' title='bbox 3114 1146 3132 1178; x_wconf 88' lang='grc'><strong>‹</strong></span> <span class='ocrx_word' id='word_1_198' title='bbox 3174 1126 3306 1181; x_wconf 86' lang='lat' dir='ltr'><strong>Cum</strong></span> <span class='ocrx_word' id='word_1_199' title='bbox 3345 1127 3674 1192; x_wconf 84' lang='lat' dir='ltr'><strong>invocarem,</strong></span> 
     </span>
    </p>
   </div>
   <div class='ocr_carea' id='block_1_27' title="bbox 2099 1217 3677 1288">
    <p class='ocr_par' dir='ltr' id='par_1_27' title="bbox 2099 1217 3677 1288">
     <span class='ocr_line' id='line_1_27' title="bbox 2099 1217 3677 1288; baseline -0.003 -12"><span class='ocrx_word' id='word_1_200' title='bbox 2099 1222 2377 1276; x_wconf 77' lang='lat' dir='ltr'><strong>exaudivit</strong></span> <span class='ocrx_word' id='word_1_201' title='bbox 2409 1235 2495 1274; x_wconf 88' lang='lat' dir='ltr'><strong>me</strong></span> <span class='ocrx_word' id='word_1_202' title='bbox 2526 1220 2664 1274; x_wconf 85' lang='lat' dir='ltr'><strong>Deus</strong></span> <span class='ocrx_word' id='word_1_203' title='bbox 2697 1218 2921 1288; x_wconf 69' lang='lat' dir='ltr'><strong>justitize</strong></span> <span class='ocrx_word' id='word_1_204' title='bbox 2953 1233 3106 1288; x_wconf 64' lang='lat' dir='ltr'><strong>meae,</strong></span> <span class='ocrx_word' id='word_1_205' title='bbox 3130 1237 3150 1274; x_wconf 92' lang='lat'><strong>3</strong></span> <span class='ocrx_word' id='word_1_206' title='bbox 3194 1229 3248 1273; x_wconf 89' lang='lat' dir='ltr'><strong>et</strong></span> <span class='ocrx_word' id='word_1_207' title='bbox 3283 1227 3499 1274; x_wconf 70' lang='lat' dir='ltr'><strong>caztera.</strong></span> <span class='ocrx_word' id='word_1_208' title='bbox 3537 1217 3677 1273; x_wconf 90' lang='lat' dir='ltr'><strong>Con-</strong></span> 
     </span>
    </p>
   </div>
   <div class='ocr_carea' id='block_1_28' title="bbox 2100 1307 3678 1380">
    <p class='ocr_par' dir='ltr' id='par_1_28' title="bbox 2100 1307 3678 1380">
     <span class='ocr_line' id='line_1_28' title="bbox 2100 1307 3678 1380; baseline 0 -18"><span class='ocrx_word' id='word_1_209' title='bbox 2100 1323 2300 1378; x_wconf 80' lang='lat' dir='ltr'><strong>gruens</strong></span> <span class='ocrx_word' id='word_1_210' title='bbox 2332 1308 2496 1378; x_wconf 73' lang='lat' dir='ltr'><strong>igitur</strong></span> <span class='ocrx_word' id='word_1_211' title='bbox 2523 1315 2641 1361; x_wconf 90' lang='lat' dir='ltr'><strong>erat</strong></span> <span class='ocrx_word' id='word_1_212' title='bbox 2685 1307 2800 1362; x_wconf 73' lang='lat' dir='ltr'><strong>haec</strong></span> <span class='ocrx_word' id='word_1_213' title='bbox 2844 1308 3000 1376; x_wconf 90' lang='lat' dir='ltr'><strong>quasi</strong></span> <span class='ocrx_word' id='word_1_214' title='bbox 3032 1309 3083 1360; x_wconf 95' lang='lat' dir='ltr'><strong>in</strong></span> <span class='ocrx_word' id='word_1_215' title='bbox 3138 1309 3447 1378; x_wconf 90' lang='lat' dir='ltr'><strong>triumphis,</strong></span> <span class='ocrx_word' id='word_1_216' title='bbox 3482 1318 3536 1368; x_wconf 86' lang='lat' dir='ltr'><strong>et</strong></span> <span class='ocrx_word' id='word_1_217' title='bbox 3580 1325 3678 1380; x_wconf 87' lang='lat' dir='ltr'><strong>per</strong></span> 
     </span>
    </p>
   </div>
   <div class='ocr_carea' id='block_1_29' title="bbox 2101 1400 3677 1472">
    <p class='ocr_par' dir='ltr' id='par_1_29' title="bbox 2101 1400 3677 1472">
     <span class='ocr_line' id='line_1_29' title="bbox 2101 1400 3677 1472; baseline 0.003 -21"><span class='ocrx_word' id='word_1_218' title='bbox 2101 1401 2301 1454; x_wconf 76' lang='lat' dir='ltr'><strong>musica</strong></span> <span class='ocrx_word' id='word_1_219' title='bbox 2350 1401 2704 1456; x_wconf 83' lang='lat' dir='ltr'><strong>instrumenta</strong></span> <span class='ocrx_word' id='word_1_220' title='bbox 2749 1400 2979 1453; x_wconf 81' lang='lat' dir='ltr'><strong>cantari.</strong></span> <span class='ocrx_word' id='word_1_221' title='bbox 3032 1400 3249 1459; x_wconf 87' lang='lat' dir='ltr'><strong>Tertius</strong></span> <span class='ocrx_word' id='word_1_222' title='bbox 3283 1416 3415 1456; x_wconf 82' lang='lat' dir='ltr'><strong>vero</strong></span> <span class='ocrx_word' id='word_1_223' title='bbox 3439 1402 3677 1472; x_wconf 84' lang='lat' dir='ltr'><strong>psalmus</strong></span> 
     </span>
    </p>
   </div>
   <div class='ocr_carea' id='block_1_30' title="bbox 2100 1487 3676 1564">
    <p class='ocr_par' dir='ltr' id='par_1_30' title="bbox 2100 1487 3676 1564">
     <span class='ocr_line' id='line_1_30' title="bbox 2100 1487 3676 1564; baseline 0.001 -20"><span class='ocrx_word' id='word_1_224' title='bbox 2100 1508 2228 1554; x_wconf 87' lang='lat' dir='ltr'><strong>non,</strong></span> <span class='ocrx_word' id='word_1_225' title='bbox 2267 1511 2284 1542; x_wconf 79' lang='grc' dir='ltr'><strong>ι</strong></span> <span class='ocrx_word' id='word_1_226' title='bbox 2324 1491 2374 1543; x_wconf 89' lang='lat' dir='ltr'><strong>in</strong></span> <span class='ocrx_word' id='word_1_227' title='bbox 2413 1489 2596 1556; x_wconf 86' lang='lat' dir='ltr'><strong>linem,</strong></span> <span class='ocrx_word' id='word_1_228' title='bbox 2631 1510 2649 1543; x_wconf 93' lang='lat'><strong>3</strong></span> <span class='ocrx_word' id='word_1_229' title='bbox 2692 1491 2984 1564; x_wconf 88' lang='lat' dir='ltr'><strong>inscriptus</strong></span> <span class='ocrx_word' id='word_1_230' title='bbox 3029 1502 3147 1548; x_wconf 91' lang='lat' dir='ltr'><strong>erat</strong></span> <span class='ocrx_word' id='word_1_231' title='bbox 3186 1509 3199 1545; x_wconf 89' lang='lat'>:</span> <span class='ocrx_word' id='word_1_232' title='bbox 3244 1487 3480 1547; x_wconf 84' lang='lat' dir='ltr'><strong>nondum</strong></span> <span class='ocrx_word' id='word_1_233' title='bbox 3530 1492 3676 1547; x_wconf 89' lang='lat' dir='ltr'><strong>enim</strong></span> 
     </span>
    </p>
   </div>
   <div class='ocr_carea' id='block_1_31' title="bbox 2100 1579 3676 1650">
    <p class='ocr_par' dir='ltr' id='par_1_31' title="bbox 2100 1579 3676 1650">
     <span class='ocr_line' id='line_1_31' title="bbox 2100 1579 3676 1650; baseline 0.003 -17"><span class='ocrx_word' id='word_1_234' title='bbox 2100 1581 2406 1650; x_wconf 88' lang='lat' dir='ltr'><strong>triumphus</strong></span> <span class='ocrx_word' id='word_1_235' title='bbox 2461 1579 2674 1643; x_wconf 86' lang='lat' dir='ltr'><strong>aderat,</strong></span> <span class='ocrx_word' id='word_1_236' title='bbox 2727 1595 2903 1649; x_wconf 89' lang='lat' dir='ltr'><strong>neque</strong></span> <span class='ocrx_word' id='word_1_237' title='bbox 2943 1590 3064 1650; x_wconf 86' lang='lat' dir='ltr'><strong>post</strong></span> <span class='ocrx_word' id='word_1_238' title='bbox 3110 1579 3271 1640; x_wconf 82' lang='lat' dir='ltr'><strong>ﬁnem</strong></span> <span class='ocrx_word' id='word_1_239' title='bbox 3323 1581 3447 1636; x_wconf 86' lang='lat' dir='ltr'><strong>belli</strong></span> <span class='ocrx_word' id='word_1_240' title='bbox 3499 1582 3676 1637; x_wconf 90' lang='lat' dir='ltr'><strong>dictus</strong></span> 
     </span>
    </p>
   </div>
   <div class='ocr_carea' id='block_1_32' title="bbox 2101 1671 3677 1742">
    <p class='ocr_par' dir='ltr' id='par_1_32' title="bbox 2101 1671 3677 1742">
     <span class='ocr_line' id='line_1_32' title="bbox 2101 1671 3677 1742; baseline 0.003 -18"><span class='ocrx_word' id='word_1_241' title='bbox 2101 1672 2297 1725; x_wconf 87' lang='lat' dir='ltr'><strong>fuerat.</strong></span> <span class='ocrx_word' id='word_1_242' title='bbox 2338 1671 2500 1725; x_wconf 81' lang='lat' dir='ltr'><strong>Circa</strong></span> <span class='ocrx_word' id='word_1_243' title='bbox 2537 1680 2747 1726; x_wconf 74' lang='lat' dir='ltr'><strong>sextum</strong></span> <span class='ocrx_word' id='word_1_244' title='bbox 2783 1686 2908 1724; x_wconf 87' lang='lat' dir='ltr'><strong>vero</strong></span> <span class='ocrx_word' id='word_1_245' title='bbox 2941 1671 3205 1742; x_wconf 91' lang='lat' dir='ltr'><strong>psalmum</strong></span> <span class='ocrx_word' id='word_1_246' title='bbox 3253 1673 3558 1742; x_wconf 84' lang='lat' dir='ltr'><strong>perpendas</strong></span> <span class='ocrx_word' id='word_1_247' title='bbox 3587 1689 3677 1728; x_wconf 87' lang='lat' dir='ltr'><strong>ve-</strong></span> 
     </span>
    </p>
   </div>
   <div class='ocr_carea' id='block_1_33' title="bbox 2099 1761 3674 1833">
    <p class='ocr_par' dir='ltr' id='par_1_33' title="bbox 2099 1761 3674 1833">
     <span class='ocr_line' id='line_1_33' title="bbox 2099 1761 3674 1833; baseline 0.003 -18"><span class='ocrx_word' id='word_1_248' title='bbox 2099 1762 2226 1823; x_wconf 86' lang='lat' dir='ltr'><strong>lim.</strong></span> <span class='ocrx_word' id='word_1_249' title='bbox 2270 1780 2335 1817; x_wconf 85' lang='lat' dir='ltr'><strong>ne</strong></span> <span class='ocrx_word' id='word_1_250' title='bbox 2373 1761 2541 1826; x_wconf 87' lang='lat' dir='ltr'><strong>forte,</strong></span> <span class='ocrx_word' id='word_1_251' title='bbox 2591 1763 2714 1830; x_wconf 89' lang='lat' dir='ltr'><strong>quia</strong></span> <span class='ocrx_word' id='word_1_252' title='bbox 2765 1771 2885 1830; x_wconf 87' lang='lat' dir='ltr'><strong>post</strong></span> <span class='ocrx_word' id='word_1_253' title='bbox 2935 1762 3145 1830; x_wconf 84' lang='lat' dir='ltr'><strong>priores</strong></span> <span class='ocrx_word' id='word_1_254' title='bbox 3201 1763 3393 1831; x_wconf 81' lang='lat' dir='ltr'><strong>psalmi</strong></span> <span class='ocrx_word' id='word_1_255' title='bbox 3450 1780 3674 1833; x_wconf 83' lang='lat' dir='ltr'><strong>versus,</strong></span> 
     </span>
    </p>
   </div>
   <div class='ocr_carea' id='block_1_34' title="bbox 415 1852 1981 1928">
    <p class='ocr_par' dir='ltr' id='par_1_34' title="bbox 415 1852 1981 1928">
     <span class='ocr_line' id='line_1_34' title="bbox 415 1852 1981 1928; baseline 0.004 -22"><span class='ocrx_word' id='word_1_256' title='bbox 415 1852 485 1906; x_wconf 82' lang='grc' dir='ltr'>τὰ</span> <span class='ocrx_word' id='word_1_257' title='bbox 514 1854 814 1924; x_wconf 78' lang='grc' dir='ltr'>νικητήρια</span> <span class='ocrx_word' id='word_1_258' title='bbox 843 1856 1112 1925; x_wconf 85' lang='grc' dir='ltr'>περιέχων</span> <span class='ocrx_word' id='word_1_259' title='bbox 1139 1855 1232 1908; x_wconf 90' lang='grc' dir='ltr'><strong>τοῦ</strong></span> <span class='ocrx_word' id='word_1_260' title='bbox 1260 1857 1395 1927; x_wconf 89' lang='grc' dir='ltr'>πρὸς</span> <span class='ocrx_word' id='word_1_261' title='bbox 1422 1857 1510 1912; x_wconf 88' lang='grc' dir='ltr'><strong>τὸν</strong></span> <span class='ocrx_word' id='word_1_262' title='bbox 1537 1859 1651 1912; x_wconf 84' lang='grc' dir='ltr'>υἱὸν</span> <span class='ocrx_word' id='word_1_263' title='bbox 1686 1859 1796 1928; x_wconf 70' lang='lat'><strong>(29)</strong></span> <span class='ocrx_word' id='word_1_264' title='bbox 1833 1860 1981 1912; x_wconf 88' lang='grc' dir='ltr'>πολέ-</span> 
     </span>
    </p>
   </div>
   <div class='ocr_carea' id='block_1_35' title="bbox 2086 1852 3671 1928">
    <p class='ocr_par' dir='ltr' id='par_1_35' title="bbox 2101 1852 3671 1910">
     <span class='ocr_line' id='line_1_35' title="bbox 2101 1852 3671 1910; baseline 0.001 -4"><span class='ocrx_word' id='word_1_265' title='bbox 2101 1855 2242 1908; x_wconf 82' lang='lat' dir='ltr'><strong>circa</strong></span> <span class='ocrx_word' id='word_1_266' title='bbox 2282 1854 2440 1907; x_wconf 85' lang='lat' dir='ltr'><strong>linem</strong></span> <span class='ocrx_word' id='word_1_267' title='bbox 2473 1853 2552 1908; x_wconf 86' lang='lat' dir='ltr'><strong>sie</strong></span> <span class='ocrx_word' id='word_1_268' title='bbox 2579 1852 2742 1908; x_wconf 89' lang='lat' dir='ltr'><strong>infert</strong></span> <span class='ocrx_word' id='word_1_269' title='bbox 2770 1854 2850 1906; x_wconf 70' lang='lat'><strong>9‘:</strong></span> <span class='ocrx_word' id='word_1_270' title='bbox 2892 1871 2911 1904; x_wconf 78' lang='grc' dir='ltr'><strong>ι</strong></span> <span class='ocrx_word' id='word_1_271' title='bbox 2945 1853 3164 1908; x_wconf 86' lang='lat' dir='ltr'><strong>Audivit</strong></span> <span class='ocrx_word' id='word_1_272' title='bbox 3197 1853 3456 1910; x_wconf 88' lang='lat' dir='ltr'><strong>Dominus</strong></span> <span class='ocrx_word' id='word_1_273' title='bbox 3485 1870 3671 1910; x_wconf 83' lang='lat' dir='ltr'><strong>vocem</strong></span> 
     </span>
    </p>
   </div>
   <div class='ocr_carea' id='block_1_36' title="bbox 419 1937 1987 2016">
    <p class='ocr_par' dir='ltr' id='par_1_36' title="bbox 419 1937 1987 2016">
     <span class='ocr_line' id='line_1_36' title="bbox 419 1937 1987 2016; baseline 0.006 -28"><span class='ocrx_word' id='word_1_274' title='bbox 419 1955 544 2005; x_wconf 83' lang='grc' dir='ltr'>μου,</span> <span class='ocrx_word' id='word_1_275' title='bbox 580 1939 712 2008; x_wconf 86' lang='grc' dir='ltr'>ὁμοῦ</span> <span class='ocrx_word' id='word_1_276' title='bbox 739 1937 832 1999; x_wconf 64' lang='grc' dir='ltr'><strong>καὶ</strong></span> <span class='ocrx_word' id='word_1_277' title='bbox 864 1957 882 1990; x_wconf 80' lang='grc' dir='ltr'><strong>ι</strong></span> <span class='ocrx_word' id='word_1_278' title='bbox 923 1941 1002 2001; x_wconf 80' lang='grc' dir='ltr'><strong>εἰς</strong></span> <span class='ocrx_word' id='word_1_279' title='bbox 1027 1940 1088 1991; x_wconf 89' lang='grc' dir='ltr'><strong>τὸ</strong></span> <span class='ocrx_word' id='word_1_280' title='bbox 1110 1939 1282 2007; x_wconf 83' lang='grc' dir='ltr'>τέλος,</span> <span class='ocrx_word' id='word_1_281' title='bbox 1312 1960 1329 1992; x_wconf 88' lang='lat'><strong>3</strong></span> <span class='ocrx_word' id='word_1_282' title='bbox 1352 1941 1485 2012; x_wconf 86' lang='grc' dir='ltr'>ὁμοῦ</span> <span class='ocrx_word' id='word_1_283' title='bbox 1521 1943 1613 1996; x_wconf 84' lang='grc' dir='ltr'><strong>καὶ</strong></span> <span class='ocrx_word' id='word_1_284' title='bbox 1637 1963 1653 1996; x_wconf 81' lang='grc' dir='ltr'><strong>ι</strong></span> <span class='ocrx_word' id='word_1_285' title='bbox 1678 1945 1735 1996; x_wconf 90' lang='grc' dir='ltr'><strong>ἐν</strong></span> <span class='ocrx_word' id='word_1_286' title='bbox 1759 1943 1946 2016; x_wconf 79' lang='grc' dir='ltr'>ὕμνοις</span> <span class='ocrx_word' id='word_1_287' title='bbox 1970 1965 1987 1997; x_wconf 95' lang='lat'><strong>3</strong></span> 
     </span>
    </p>
   </div>
   <div class='ocr_carea' id='block_1_37' title="bbox 413 2027 1997 2102">
    <p class='ocr_par' dir='ltr' id='par_1_37' title="bbox 413 2027 1997 2102">
     <span class='ocr_line' id='line_1_37' title="bbox 413 2027 1997 2102; baseline 0.007 -24"><span class='ocrx_word' id='word_1_288' title='bbox 413 2027 836 2097; x_wconf 83' lang='grc' dir='ltr'>ἐπιγέγραπται.</span> <span class='ocrx_word' id='word_1_289' title='bbox 865 2030 1063 2102; x_wconf 84' lang='grc' dir='ltr'>Διόπερ</span> <span class='ocrx_word' id='word_1_290' title='bbox 1102 2033 1129 2085; x_wconf 91' lang='lat'><strong>6</strong></span> <span class='ocrx_word' id='word_1_291' title='bbox 1157 2031 1448 2102; x_wconf 88' lang='grc' dir='ltr'>Σύμμαχος</span> <span class='ocrx_word' id='word_1_292' title='bbox 1485 2035 1604 2087; x_wconf 75' lang='grc' dir='ltr'>ἀντὶ</span> <span class='ocrx_word' id='word_1_293' title='bbox 1647 2035 1759 2100; x_wconf 86' lang='grc' dir='ltr'>τοῦ,</span> <span class='ocrx_word' id='word_1_294' title='bbox 1811 2037 1889 2098; x_wconf 87' lang='grc' dir='ltr'><strong>είς</strong></span> <span class='ocrx_word' id='word_1_295' title='bbox 1938 2036 1997 2089; x_wconf 82' lang='grc' dir='ltr'><strong>τὸ</strong></span> 
     </span>
    </p>
   </div>
   <div class='ocr_carea' id='block_1_38' title="bbox 412 2121 1988 2199">
    <p class='ocr_par' dir='ltr' id='par_1_38' title="bbox 412 2121 1988 2199">
     <span class='ocr_line' id='line_1_38' title="bbox 412 2121 1988 2199; baseline 0.005 -25"><span class='ocrx_word' id='word_1_296' title='bbox 412 2121 584 2187; x_wconf 87' lang='grc' dir='ltr'>τέλος,</span> <span class='ocrx_word' id='word_1_297' title='bbox 623 2142 640 2174; x_wconf 83' lang='grc' dir='ltr'><strong>ι</strong></span> <span class='ocrx_word' id='word_1_298' title='bbox 681 2124 965 2191; x_wconf 88' lang='grc' dir='ltr'>ἐπινίκιον,</span> <span class='ocrx_word' id='word_1_299' title='bbox 1007 2144 1024 2178; x_wconf 91' lang='lat'><strong>3</strong></span> <span class='ocrx_word' id='word_1_300' title='bbox 1059 2127 1087 2178; x_wconf 98' lang='lat'><strong>6</strong></span> <span class='ocrx_word' id='word_1_301' title='bbox 1129 2126 1185 2179; x_wconf 86' lang='grc' dir='ltr'>δὲ</span> <span class='ocrx_word' id='word_1_302' title='bbox 1215 2125 1463 2191; x_wconf 84' lang='grc' dir='ltr'>Ἀκύλας,</span> <span class='ocrx_word' id='word_1_303' title='bbox 1497 2147 1515 2179; x_wconf 75' lang='grc' dir='ltr'><strong>ί</strong></span> <span class='ocrx_word' id='word_1_304' title='bbox 1547 2127 1624 2198; x_wconf 83' lang='grc' dir='ltr'><strong>τῷ</strong></span> <span class='ocrx_word' id='word_1_305' title='bbox 1655 2129 1930 2199; x_wconf 85' lang='grc' dir='ltr'>νικοποιῷ,</span> <span class='ocrx_word' id='word_1_306' title='bbox 1969 2150 1988 2182; x_wconf 93' lang='lat'><strong>3</strong></span> 
     </span>
    </p>
   </div>
   <div class='ocr_carea' id='block_1_39' title="bbox 411 2213 2004 2291">
    <p class='ocr_par' dir='ltr' id='par_1_39' title="bbox 411 2213 2004 2291">
     <span class='ocr_line' id='line_1_39' title="bbox 411 2213 2004 2291; baseline 0.006 -26"><span class='ocrx_word' id='word_1_307' title='bbox 411 2213 796 2269; x_wconf 87' lang='grc' dir='ltr'>ἐκδεδώκασιν.</span> <span class='ocrx_word' id='word_1_308' title='bbox 841 2215 1007 2281; x_wconf 76' lang='grc' dir='ltr'>Σώςει</span> <span class='ocrx_word' id='word_1_309' title='bbox 1035 2217 1090 2270; x_wconf 84' lang='grc' dir='ltr'><strong>δὲ</strong></span> <span class='ocrx_word' id='word_1_310' title='bbox 1125 2218 1222 2290; x_wconf 77' lang='grc' dir='ltr'>τὴν</span> <span class='ocrx_word' id='word_1_311' title='bbox 1266 2218 1613 2274; x_wconf 76' lang='grc' dir='ltr'>ἀποδοθεῖσαν</span> <span class='ocrx_word' id='word_1_312' title='bbox 1652 2219 1884 2291; x_wconf 82' lang='grc' dir='ltr'>θεωρίαν</span> <span class='ocrx_word' id='word_1_313' title='bbox 1925 2221 2004 2274; x_wconf 84' lang='grc' dir='ltr'>τὰ.-</span> 
     </span>
    </p>
   </div>
   <div class='ocr_carea' id='block_1_40' title="bbox 405 2302 2006 2383">
    <p class='ocr_par' dir='ltr' id='par_1_40' title="bbox 405 2302 2006 2383">
     <span class='ocr_line' id='line_1_40' title="bbox 405 2302 2006 2383; baseline 0.004 -27"><span class='ocrx_word' id='word_1_314' title='bbox 405 2303 792 2377; x_wconf 62' lang='grc' dir='ltr'>ὲςπιλεγόμενα,</span> <span class='ocrx_word' id='word_1_315' title='bbox 839 2308 896 2359; x_wconf 89' lang='grc' dir='ltr'><strong>ἐν</strong></span> <span class='ocrx_word' id='word_1_316' title='bbox 939 2302 1020 2372; x_wconf 75' lang='grc' dir='ltr'>οἷς</span> <span class='ocrx_word' id='word_1_317' title='bbox 1052 2325 1248 2378; x_wconf 85' lang='grc' dir='ltr'>φησιν·</span> <span class='ocrx_word' id='word_1_318' title='bbox 1291 2329 1308 2361; x_wconf 86' lang='grc' dir='ltr'><strong>ι</strong></span> <span class='ocrx_word' id='word_1_319' title='bbox 1359 2311 1446 2364; x_wconf 84' lang='grc' dir='ltr'><strong>Ἐν</strong></span> <span class='ocrx_word' id='word_1_320' title='bbox 1495 2311 1570 2383; x_wconf 78' lang='grc' dir='ltr'>τῷ</span> <span class='ocrx_word' id='word_1_321' title='bbox 1616 2313 2006 2367; x_wconf 75' lang='grc' dir='ltr'>ἐπικαλεῖσθαί.</span> 
     </span>
    </p>
   </div>
   <div class='ocr_carea' id='block_1_41' title="bbox 411 2398 2001 2476">
    <p class='ocr_par' dir='ltr' id='par_1_41' title="bbox 411 2398 2001 2476">
     <span class='ocr_line' id='line_1_41' title="bbox 411 2398 2001 2476; baseline 0.007 -28"><span class='ocrx_word' id='word_1_322' title='bbox 411 2413 499 2466; x_wconf 85' lang='grc' dir='ltr'><strong>με,</strong></span> <span class='ocrx_word' id='word_1_323' title='bbox 530 2398 817 2468; x_wconf 86' lang='grc' dir='ltr'>εἰσήκουσέ</span> <span class='ocrx_word' id='word_1_324' title='bbox 873 2416 975 2469; x_wconf 87' lang='grc' dir='ltr'><strong>μου</strong></span> <span class='ocrx_word' id='word_1_325' title='bbox 1009 2401 1037 2452; x_wconf 94' lang='lat'><strong>6</strong></span> <span class='ocrx_word' id='word_1_326' title='bbox 1085 2400 1217 2464; x_wconf 81' lang='grc' dir='ltr'>Θεὸς</span> <span class='ocrx_word' id='word_1_327' title='bbox 1243 2401 1342 2471; x_wconf 82' lang='grc' dir='ltr'>τῆς</span> <span class='ocrx_word' id='word_1_328' title='bbox 1389 2402 1735 2474; x_wconf 83' lang='grc' dir='ltr'>δικαιοσύνης</span> <span class='ocrx_word' id='word_1_329' title='bbox 1785 2423 1910 2476; x_wconf 89' lang='grc' dir='ltr'>μου,</span> <span class='ocrx_word' id='word_1_330' title='bbox 1967 2427 2001 2459; x_wconf 89' lang='lat'><em>3-</em></span> 
     </span>
    </p>
   </div>
   <div class='ocr_carea' id='block_1_42' title="bbox 408 2485 1990 2562">
    <p class='ocr_par' dir='ltr' id='par_1_42' title="bbox 408 2485 1990 2562">
     <span class='ocr_line' id='line_1_42' title="bbox 408 2485 1990 2562; baseline 0.009 -24"><span class='ocrx_word' id='word_1_331' title='bbox 408 2486 501 2538; x_wconf 78' lang='grc' dir='ltr'><strong>καὶ</strong></span> <span class='ocrx_word' id='word_1_332' title='bbox 528 2486 596 2540; x_wconf 80' lang='grc' dir='ltr'>τὰ</span> <span class='ocrx_word' id='word_1_333' title='bbox 615 2487 1047 2560; x_wconf 76' lang='grc' dir='ltr'>ἐξῆς.Ἥρμοζεν</span> <span class='ocrx_word' id='word_1_334' title='bbox 1077 2485 1169 2543; x_wconf 76' lang='grc' dir='ltr'><strong>οὖν</strong></span> <span class='ocrx_word' id='word_1_335' title='bbox 1195 2493 1366 2547; x_wconf 87' lang='grc' dir='ltr'>ταῦτα</span> <span class='ocrx_word' id='word_1_336' title='bbox 1395 2495 1470 2558; x_wconf 86' lang='grc' dir='ltr'>ὡς</span> <span class='ocrx_word' id='word_1_337' title='bbox 1502 2496 1559 2547; x_wconf 85' lang='grc' dir='ltr'><strong>ἐν</strong></span> <span class='ocrx_word' id='word_1_338' title='bbox 1583 2485 1870 2562; x_wconf 67' lang='grc' dir='ltr'>ἐπινικίοις</span> <span class='ocrx_word' id='word_1_339' title='bbox 1897 2501 1990 2552; x_wconf 77' lang='grc' dir='ltr'><strong>καὶ</strong></span> 
     </span>
    </p>
   </div>
   <div class='ocr_carea' id='block_1_43' title="bbox 403 2577 1988 2666">
    <p class='ocr_par' dir='ltr' id='par_1_43' title="bbox 403 2577 1988 2666">
     <span class='ocr_line' id='line_1_43' title="bbox 403 2577 1988 2666; baseline 0.013 -36"><span class='ocrx_word' id='word_1_340' title='bbox 403 2577 494 2630; x_wconf 76' lang='grc' dir='ltr'><strong>διὰ</strong></span> <span class='ocrx_word' id='word_1_341' title='bbox 526 2581 799 2650; x_wconf 87' lang='grc' dir='ltr'>μουσικῶν</span> <span class='ocrx_word' id='word_1_342' title='bbox 823 2583 1071 2655; x_wconf 86' lang='grc' dir='ltr'>ὀργάνων</span> <span class='ocrx_word' id='word_1_343' title='bbox 1105 2587 1562 2661; x_wconf 83' lang='grc' dir='ltr'>ἀνακρουσθῆναι.</span> <span class='ocrx_word' id='word_1_344' title='bbox 1612 2594 1668 2645; x_wconf 84' lang='lat'><strong>&#39;0</strong></span> <span class='ocrx_word' id='word_1_345' title='bbox 1711 2594 1767 2647; x_wconf 88' lang='grc' dir='ltr'><strong>δέ</strong></span> <span class='ocrx_word' id='word_1_346' title='bbox 1810 2595 1988 2666; x_wconf 83' lang='grc' dir='ltr'>τρίτος</span> 
     </span>
    </p>
   </div>
   <div class='ocr_carea' id='block_1_44' title="bbox 406 2669 1988 2759">
    <p class='ocr_par' dir='ltr' id='par_1_44' title="bbox 406 2669 1988 2759">
     <span class='ocr_line' id='line_1_44' title="bbox 406 2669 1988 2759; baseline 0.013 -38"><span class='ocrx_word' id='word_1_347' title='bbox 406 2669 506 2722; x_wconf 88' lang='grc' dir='ltr'><strong>οὐκ</strong></span> <span class='ocrx_word' id='word_1_348' title='bbox 538 2672 936 2744; x_wconf 84' lang='grc' dir='ltr'>ἐπιγέγραπται</span> <span class='ocrx_word' id='word_1_349' title='bbox 975 2677 1085 2749; x_wconf 79' lang='grc'>(50)</span> <span class='ocrx_word' id='word_1_350' title='bbox 1123 2697 1142 2730; x_wconf 78' lang='grc' dir='ltr'><strong>ι</strong></span> <span class='ocrx_word' id='word_1_351' title='bbox 1189 2681 1269 2743; x_wconf 88' lang='grc' dir='ltr'>εἰς</span> <span class='ocrx_word' id='word_1_352' title='bbox 1297 2681 1356 2733; x_wconf 88' lang='grc' dir='ltr'><strong>τὸ</strong></span> <span class='ocrx_word' id='word_1_353' title='bbox 1400 2682 1550 2746; x_wconf 85' lang='grc' dir='ltr'>τέλος</span> <span class='ocrx_word' id='word_1_354' title='bbox 1574 2702 1587 2713; x_wconf 89' lang='grc'><strong>·</strong></span> <span class='ocrx_word' id='word_1_355' title='bbox 1630 2705 1648 2737; x_wconf 95' lang='lat'><strong>3</strong></span> <span class='ocrx_word' id='word_1_356' title='bbox 1703 2687 1763 2738; x_wconf 89' lang='grc' dir='ltr'><strong>ού</strong></span> <span class='ocrx_word' id='word_1_357' title='bbox 1791 2688 1898 2758; x_wconf 85' lang='grc' dir='ltr'>γὰρ</span> <span class='ocrx_word' id='word_1_358' title='bbox 1920 2683 1988 2759; x_wconf 81' lang='grc' dir='ltr'>ἦν</span> 
     </span>
    </p>
   </div>
   <div class='ocr_carea' id='block_1_45' title="bbox 407 2763 1987 2850">
    <p class='ocr_par' dir='ltr' id='par_1_45' title="bbox 407 2763 1987 2850">
     <span class='ocr_line' id='line_1_45' title="bbox 407 2763 1987 2850; baseline 0.013 -37"><span class='ocrx_word' id='word_1_359' title='bbox 407 2778 492 2814; x_wconf 85' lang='grc' dir='ltr'><strong>πω</strong></span> <span class='ocrx_word' id='word_1_360' title='bbox 513 2763 775 2830; x_wconf 82' lang='grc' dir='ltr'>ἐπινίκιος</span> <span class='ocrx_word' id='word_1_361' title='bbox 797 2783 812 2797; x_wconf 79' lang='grc'><em>’</em></span> <span class='ocrx_word' id='word_1_362' title='bbox 835 2767 950 2821; x_wconf 87' lang='grc' dir='ltr'>ἀλλ’</span> <span class='ocrx_word' id='word_1_363' title='bbox 981 2769 1101 2823; x_wconf 84' lang='grc' dir='ltr'><strong>οὐδέ</strong></span> <span class='ocrx_word' id='word_1_364' title='bbox 1137 2771 1228 2824; x_wconf 89' lang='grc' dir='ltr'><strong>τοῦ</strong></span> <span class='ocrx_word' id='word_1_365' title='bbox 1260 2774 1496 2846; x_wconf 90' lang='grc' dir='ltr'>πολέμου</span> <span class='ocrx_word' id='word_1_366' title='bbox 1526 2777 1677 2842; x_wconf 86' lang='grc' dir='ltr'>τέλος</span> <span class='ocrx_word' id='word_1_367' title='bbox 1707 2778 1987 2850; x_wconf 76' lang='grc' dir='ltr'>εἰληφότος</span> 
     </span>
    </p>
   </div>
   <div class='ocr_carea' id='block_1_46' title="bbox 402 2853 1986 2943">
    <p class='ocr_par' dir='ltr' id='par_1_46' title="bbox 402 2853 1986 2943">
     <span class='ocr_line' id='line_1_46' title="bbox 402 2853 1986 2943; baseline 0.012 -39"><span class='ocrx_word' id='word_1_368' title='bbox 402 2853 608 2924; x_wconf 77' lang='grc' dir='ltr'>εἴρητο.</span> <span class='ocrx_word' id='word_1_369' title='bbox 642 2856 845 2926; x_wconf 87' lang='grc' dir='ltr'>Σκέψαι</span> <span class='ocrx_word' id='word_1_370' title='bbox 872 2857 929 2910; x_wconf 88' lang='grc' dir='ltr'><strong>δέ</strong></span> <span class='ocrx_word' id='word_1_371' title='bbox 959 2858 1053 2912; x_wconf 72' lang='grc' dir='ltr'><strong>καὶ</strong></span> <span class='ocrx_word' id='word_1_372' title='bbox 1080 2861 1173 2913; x_wconf 72' lang='grc' dir='ltr'><strong>ἐπὶ</strong></span> <span class='ocrx_word' id='word_1_373' title='bbox 1196 2863 1290 2916; x_wconf 91' lang='grc' dir='ltr'><strong>τοῦ</strong></span> <span class='ocrx_word' id='word_1_374' title='bbox 1328 2865 1508 2930; x_wconf 74' lang='grc' dir='ltr'>ἕκτου,</span> <span class='ocrx_word' id='word_1_375' title='bbox 1545 2869 1756 2937; x_wconf 88' lang='grc' dir='ltr'>μήποτε</span> <span class='ocrx_word' id='word_1_376' title='bbox 1797 2871 1986 2943; x_wconf 85' lang='grc' dir='ltr'>ἐπειδὴ</span> 
     </span>
    </p>
   </div>
   <div class='ocr_carea' id='block_1_47' title="bbox 403 2943 1984 3021">
    <p class='ocr_par' dir='ltr' id='par_1_47' title="bbox 403 2943 1984 3021">
     <span class='ocr_line' id='line_1_47' title="bbox 403 2943 1984 3021; baseline 0.011 -28"><span class='ocrx_word' id='word_1_377' title='bbox 403 2943 546 3011; x_wconf 77' lang='grc' dir='ltr'>μετὰ</span> <span class='ocrx_word' id='word_1_378' title='bbox 582 2944 648 2997; x_wconf 80' lang='grc' dir='ltr'>τὰ</span> <span class='ocrx_word' id='word_1_379' title='bbox 678 2945 870 3016; x_wconf 87' lang='grc' dir='ltr'>πρῶτα</span> <span class='ocrx_word' id='word_1_380' title='bbox 901 2947 994 3000; x_wconf 91' lang='grc' dir='ltr'><strong>τοῦ</strong></span> <span class='ocrx_word' id='word_1_381' title='bbox 1028 2950 1245 3020; x_wconf 79' lang='grc' dir='ltr'>ψαλμοῦ</span> <span class='ocrx_word' id='word_1_382' title='bbox 1276 2954 1334 3007; x_wconf 86' lang='grc' dir='ltr'><strong>ἐν</strong></span> <span class='ocrx_word' id='word_1_383' title='bbox 1363 2958 1476 3019; x_wconf 89' lang='grc' dir='ltr'>τοῖς</span> <span class='ocrx_word' id='word_1_384' title='bbox 1504 2957 1834 3021; x_wconf 85' lang='grc' dir='ltr'>τελευταίοις</span> <span class='ocrx_word' id='word_1_385' title='bbox 1863 2960 1984 3011; x_wconf 83' lang='grc' dir='ltr'>ἐπι-</span> 
     </span>
    </p>
   </div>
   <div class='ocr_carea' id='block_1_48' title="bbox 402 3035 1984 3118">
    <p class='ocr_par' dir='ltr' id='par_1_48' title="bbox 402 3035 1984 3118">
     <span class='ocr_line' id='line_1_48' title="bbox 402 3035 1984 3118; baseline 0.012 -33"><span class='ocrx_word' id='word_1_386' title='bbox 402 3035 560 3104; x_wconf 72' lang='grc' dir='ltr'>φέρει</span> <span class='ocrx_word' id='word_1_387' title='bbox 584 3035 754 3105; x_wconf 85' lang='grc' dir='ltr'>λέγων</span> <span class='ocrx_word' id='word_1_388' title='bbox 778 3053 791 3068; x_wconf 70' lang='grc'><strong><em>⁸</em></strong></span> <span class='ocrx_word' id='word_1_389' title='bbox 820 3057 836 3088; x_wconf 85' lang='grc' dir='ltr'><strong>ι</strong></span> <span class='ocrx_word' id='word_1_390' title='bbox 884 3041 1120 3093; x_wconf 88' lang='grc' dir='ltr'>Ἤκουσε</span> <span class='ocrx_word' id='word_1_391' title='bbox 1145 3043 1347 3114; x_wconf 82' lang='grc' dir='ltr'>Κύριος</span> <span class='ocrx_word' id='word_1_392' title='bbox 1373 3047 1470 3117; x_wconf 84' lang='grc' dir='ltr'>τῆς</span> <span class='ocrx_word' id='word_1_393' title='bbox 1501 3037 1683 3118; x_wconf 79' lang='grc' dir='ltr'>φωνῆς</span> <span class='ocrx_word' id='word_1_394' title='bbox 1704 3049 1796 3102; x_wconf 89' lang='grc' dir='ltr'><strong>τοῦ</strong></span> <span class='ocrx_word' id='word_1_395' title='bbox 1826 3049 1984 3102; x_wconf 87' lang='grc' dir='ltr'>κλαυ-</span> 
     </span>
    </p>
   </div>
   <div class='ocr_carea' id='block_1_49' title="bbox 401 3125 1977 3213">
    <p class='ocr_par' dir='ltr' id='par_1_49' title="bbox 401 3125 1977 3213">
     <span class='ocr_line' id='line_1_49' title="bbox 401 3125 1977 3213; baseline 0.01 -34"><span class='ocrx_word' id='word_1_396' title='bbox 401 3125 542 3197; x_wconf 78' lang='grc' dir='ltr'>θμοῦ</span> <span class='ocrx_word' id='word_1_397' title='bbox 572 3145 673 3198; x_wconf 88' lang='grc' dir='ltr'><strong>μου</strong></span> <span class='ocrx_word' id='word_1_398' title='bbox 707 3130 839 3200; x_wconf 78' lang='grc'><strong>(51),</strong></span> <span class='ocrx_word' id='word_1_399' title='bbox 875 3131 1162 3203; x_wconf 88' lang='grc' dir='ltr'>είσήκουσε</span> <span class='ocrx_word' id='word_1_400' title='bbox 1192 3136 1398 3206; x_wconf 88' lang='grc' dir='ltr'>Κύριος</span> <span class='ocrx_word' id='word_1_401' title='bbox 1440 3139 1539 3208; x_wconf 83' lang='grc' dir='ltr'>τῆς</span> <span class='ocrx_word' id='word_1_402' title='bbox 1569 3139 1806 3212; x_wconf 81' lang='grc' dir='ltr'>δεήσεως</span> <span class='ocrx_word' id='word_1_403' title='bbox 1842 3160 1940 3213; x_wconf 91' lang='grc' dir='ltr'><strong>μου</strong></span> <span class='ocrx_word' id='word_1_404' title='bbox 1963 3160 1977 3174; x_wconf 80' lang='grc'><em>’</em></span> 
     </span>
    </p>
   </div>
   <div class='ocr_carea' id='block_1_50' title="bbox 2099 1941 3670 2012">
    <p class='ocr_par' dir='ltr' id='par_1_50' title="bbox 2099 1941 3670 2012">
     <span class='ocr_line' id='line_1_50' title="bbox 2099 1941 3670 2012; baseline 0 -15"><span class='ocrx_word' id='word_1_405' title='bbox 2099 1944 2256 1999; x_wconf 85' lang='lat' dir='ltr'><strong>ﬂetus</strong></span> <span class='ocrx_word' id='word_1_406' title='bbox 2281 1943 2383 1998; x_wconf 88' lang='lat' dir='ltr'><strong>mei</strong></span> <span class='ocrx_word' id='word_1_407' title='bbox 2403 1961 2415 1996; x_wconf 90' lang='lat'><strong>:</strong></span> <span class='ocrx_word' id='word_1_408' title='bbox 2435 1943 2712 1998; x_wconf 76' lang='lat' dir='ltr'><strong>exaudivit</strong></span> <span class='ocrx_word' id='word_1_409' title='bbox 2737 1941 2994 1997; x_wconf 89' lang='lat' dir='ltr'><strong>Dominus</strong></span> <span class='ocrx_word' id='word_1_410' title='bbox 3011 1943 3447 2012; x_wconf 77' lang='lat' dir='ltr'><strong>deprecationem</strong></span> <span class='ocrx_word' id='word_1_411' title='bbox 3473 1959 3670 2006; x_wconf 86' lang='lat' dir='ltr'><strong>meam,</strong></span> 
     </span>
    </p>
   </div>
   <div class='ocr_carea' id='block_1_51' title="bbox 2100 2033 3672 2118">
    <p class='ocr_par' dir='ltr' id='par_1_51' title="bbox 2100 2033 3672 2118">
     <span class='ocr_line' id='line_1_51' title="bbox 2100 2033 3672 2118; baseline -0.001 -28"><span class='ocrx_word' id='word_1_412' title='bbox 2100 2037 2357 2091; x_wconf 89' lang='lat' dir='ltr'><strong>Dominus</strong></span> <span class='ocrx_word' id='word_1_413' title='bbox 2385 2037 2689 2118; x_wconf 75' lang='lat' dir='ltr'><strong>orationan</strong></span> <span class='ocrx_word' id='word_1_414' title='bbox 2729 2051 2901 2090; x_wconf 87' lang='lat' dir='ltr'><strong>meam</strong></span> <span class='ocrx_word' id='word_1_415' title='bbox 2928 2033 3189 2104; x_wconf 89' lang='lat' dir='ltr'><strong>suscepit,</strong></span> <span class='ocrx_word' id='word_1_416' title='bbox 3211 2053 3229 2086; x_wconf 91' lang='lat'><strong>3</strong></span> <span class='ocrx_word' id='word_1_417' title='bbox 3256 2036 3448 2088; x_wconf 90' lang='lat' dir='ltr'><strong>merito</strong></span> <span class='ocrx_word' id='word_1_418' title='bbox 3472 2043 3526 2089; x_wconf 89' lang='lat' dir='ltr'><strong>et</strong></span> <span class='ocrx_word' id='word_1_419' title='bbox 3559 2036 3672 2105; x_wconf 90' lang='lat' dir='ltr'><strong>ipse</strong></span> 
     </span>
    </p>
   </div>
   <div class='ocr_carea' id='block_1_52' title="bbox 2101 2125 3671 2196">
    <p class='ocr_par' dir='ltr' id='par_1_52' title="bbox 2101 2125 3671 2196">
     <span class='ocr_line' id='line_1_52' title="bbox 2101 2125 3671 2196; baseline 0.001 -18"><span class='ocrx_word' id='word_1_420' title='bbox 2101 2145 2134 2178; x_wconf 67' lang='grc' dir='ltr'><strong>ιι</strong></span> <span class='ocrx_word' id='word_1_421' title='bbox 2165 2128 2504 2196; x_wconf 78' lang='lat' dir='ltr'><strong>triumphalis</strong></span> <span class='ocrx_word' id='word_1_422' title='bbox 2529 2146 2548 2179; x_wconf 95' lang='lat'><strong>3</strong></span> <span class='ocrx_word' id='word_1_423' title='bbox 2573 2137 2660 2182; x_wconf 70' lang='lat' dir='ltr'><strong>ett</strong></span> <span class='ocrx_word' id='word_1_424' title='bbox 2683 2141 2778 2196; x_wconf 87' lang='lat' dir='ltr'><strong>per</strong></span> <span class='ocrx_word' id='word_1_425' title='bbox 2807 2125 3118 2194; x_wconf 86' lang='lat' dir='ltr'><strong>psalterium</strong></span> <span class='ocrx_word' id='word_1_426' title='bbox 3146 2142 3161 2192; x_wconf 93' lang='lat'><strong>;</strong></span> <span class='ocrx_word' id='word_1_427' title='bbox 3204 2144 3222 2177; x_wconf 89' lang='lat'><strong>3</strong></span> <span class='ocrx_word' id='word_1_428' title='bbox 3258 2127 3397 2194; x_wconf 85' lang='lat' dir='ltr'><strong>apud</strong></span> <span class='ocrx_word' id='word_1_429' title='bbox 3442 2125 3671 2196; x_wconf 89' lang='lat' dir='ltr'><strong>Septua-</strong></span> 
     </span>
    </p>
   </div>
   <div class='ocr_carea' id='block_1_53' title="bbox 2093 2218 3670 2288">
    <p class='ocr_par' dir='ltr' id='par_1_53' title="bbox 2093 2218 3670 2288">
     <span class='ocr_line' id='line_1_53' title="bbox 2093 2218 3670 2288; baseline 0.002 -17"><span class='ocrx_word' id='word_1_430' title='bbox 2093 2219 2242 2287; x_wconf 72' lang='lat' dir='ltr'><strong>ginta</strong></span> <span class='ocrx_word' id='word_1_431' title='bbox 2277 2234 2404 2273; x_wconf 88' lang='lat' dir='ltr'><strong>vero</strong></span> <span class='ocrx_word' id='word_1_432' title='bbox 2442 2236 2460 2270; x_wconf 83' lang='grc' dir='ltr'><strong>ι</strong></span> <span class='ocrx_word' id='word_1_433' title='bbox 2506 2218 2557 2271; x_wconf 84' lang='grc' dir='ltr'>ἰιι</span> <span class='ocrx_word' id='word_1_434' title='bbox 2591 2218 2806 2282; x_wconf 87' lang='lat' dir='ltr'><strong>linem,3</strong></span> <span class='ocrx_word' id='word_1_435' title='bbox 2837 2230 2891 2272; x_wconf 89' lang='lat' dir='ltr'><strong>et</strong></span> <span class='ocrx_word' id='word_1_436' title='bbox 2925 2218 2980 2271; x_wconf 90' lang='lat' dir='ltr'><strong>in</strong></span> <span class='ocrx_word' id='word_1_437' title='bbox 3013 2235 3032 2269; x_wconf 80' lang='grc' dir='ltr'><strong>ι</strong></span> <span class='ocrx_word' id='word_1_438' title='bbox 3062 2218 3278 2288; x_wconf 85' lang='lat' dir='ltr'><strong>hymnis</strong></span> <span class='ocrx_word' id='word_1_439' title='bbox 3312 2237 3329 2268; x_wconf 96' lang='lat'><strong>3</strong></span> <span class='ocrx_word' id='word_1_440' title='bbox 3374 2218 3670 2287; x_wconf 83' lang='lat' dir='ltr'><strong>inscriptus</strong></span> 
     </span>
    </p>
   </div>
   <div class='ocr_carea' id='block_1_54' title="bbox 2093 2310 3667 2381">
    <p class='ocr_par' dir='ltr' id='par_1_54' title="bbox 2093 2310 3667 2381">
     <span class='ocr_line' id='line_1_54' title="bbox 2093 2310 3667 2381; baseline -0.001 -14"><span class='ocrx_word' id='word_1_441' title='bbox 2093 2312 2184 2367; x_wconf 78' lang='lat' dir='ltr'><strong>sit.</strong></span> <span class='ocrx_word' id='word_1_442' title='bbox 2222 2310 2334 2367; x_wconf 88' lang='lat' dir='ltr'><strong>lmo</strong></span> <span class='ocrx_word' id='word_1_443' title='bbox 2385 2312 2549 2365; x_wconf 81' lang='lat' dir='ltr'><strong>etiam</strong></span> <span class='ocrx_word' id='word_1_444' title='bbox 2587 2311 3068 2381; x_wconf 80' lang='lat' dir='ltr'><strong>quinquagesimus</strong></span> <span class='ocrx_word' id='word_1_445' title='bbox 3113 2311 3337 2376; x_wconf 80' lang='lat' dir='ltr'><strong>tertius,</strong></span> <span class='ocrx_word' id='word_1_446' title='bbox 3373 2322 3500 2366; x_wconf 86' lang='lat' dir='ltr'><strong>ante</strong></span> <span class='ocrx_word' id='word_1_447' title='bbox 3539 2326 3667 2380; x_wconf 85' lang='lat' dir='ltr'><strong>pec-</strong></span> 
     </span>
    </p>
   </div>
   <div class='ocr_carea' id='block_1_55' title="bbox 2091 2402 3666 2469">
    <p class='ocr_par' dir='ltr' id='par_1_55' title="bbox 2091 2402 3666 2469">
     <span class='ocr_line' id='line_1_55' title="bbox 2091 2402 3666 2469; baseline -0.001 -12"><span class='ocrx_word' id='word_1_448' title='bbox 2091 2413 2271 2457; x_wconf 84' lang='lat' dir='ltr'><strong>eatum</strong></span> <span class='ocrx_word' id='word_1_449' title='bbox 2324 2404 2375 2458; x_wconf 92' lang='lat' dir='ltr'><strong>in</strong></span> <span class='ocrx_word' id='word_1_450' title='bbox 2426 2403 2609 2458; x_wconf 86' lang='lat' dir='ltr'><strong>Uriam</strong></span> <span class='ocrx_word' id='word_1_451' title='bbox 2659 2417 2692 2456; x_wconf 66' lang='grc' dir='ltr'><strong>ε</strong></span> <span class='ocrx_word' id='word_1_452' title='bbox 2727 2403 2928 2456; x_wconf 77' lang='lat' dir='ltr'><strong>Daride</strong></span> <span class='ocrx_word' id='word_1_453' title='bbox 2985 2402 3196 2469; x_wconf 86' lang='lat' dir='ltr'><strong>dictus,</strong></span> <span class='ocrx_word' id='word_1_454' title='bbox 3243 2417 3364 2462; x_wconf 87' lang='lat' dir='ltr'><strong>cum</strong></span> <span class='ocrx_word' id='word_1_455' title='bbox 3419 2403 3666 2457; x_wconf 79' lang='lat' dir='ltr'><strong>venirent</strong></span> 
     </span>
    </p>
   </div>
   <div class='ocr_carea' id='block_1_56' title="bbox 2091 2491 3666 2563">
    <p class='ocr_par' dir='ltr' id='par_1_56' title="bbox 2091 2491 3666 2563">
     <span class='ocr_line' id='line_1_56' title="bbox 2091 2491 3666 2563; baseline -0.002 -14"><span class='ocrx_word' id='word_1_456' title='bbox 2091 2491 2291 2563; x_wconf 74' lang='grc' dir='ltr'>Ζίριιωὶ</span> <span class='ocrx_word' id='word_1_457' title='bbox 2355 2507 2410 2549; x_wconf 92' lang='lat' dir='ltr'><strong>et</strong></span> <span class='ocrx_word' id='word_1_458' title='bbox 2464 2496 2707 2548; x_wconf 86' lang='lat' dir='ltr'><strong>direrent</strong></span> <span class='ocrx_word' id='word_1_459' title='bbox 2764 2493 2914 2547; x_wconf 81' lang='lat' dir='ltr'><strong>Sauli</strong></span> <span class='ocrx_word' id='word_1_460' title='bbox 2959 2512 2973 2545; x_wconf 88' lang='lat'><strong>:</strong></span> <span class='ocrx_word' id='word_1_461' title='bbox 3032 2512 3050 2546; x_wconf 83' lang='grc' dir='ltr'><strong>ι</strong></span> <span class='ocrx_word' id='word_1_462' title='bbox 3093 2493 3280 2547; x_wconf 84' lang='lat' dir='ltr'><strong>Nonne</strong></span> <span class='ocrx_word' id='word_1_463' title='bbox 3320 2507 3447 2548; x_wconf 88' lang='lat' dir='ltr'><strong>ecce</strong></span> <span class='ocrx_word' id='word_1_464' title='bbox 3499 2493 3666 2546; x_wconf 85' lang='lat' dir='ltr'><strong>David</strong></span> 
     </span>
    </p>
   </div>
   <div class='ocr_carea' id='block_1_57' title="bbox 2089 2584 3664 2657">
    <p class='ocr_par' dir='ltr' id='par_1_57' title="bbox 2089 2584 3664 2657">
     <span class='ocr_line' id='line_1_57' title="bbox 2089 2584 3664 2657; baseline -0.001 -17"><span class='ocrx_word' id='word_1_465' title='bbox 2089 2587 2439 2642; x_wconf 87' lang='lat' dir='ltr'><strong>absconditus</strong></span> <span class='ocrx_word' id='word_1_466' title='bbox 2475 2597 2555 2641; x_wconf 85' lang='lat' dir='ltr'><strong>est</strong></span> <span class='ocrx_word' id='word_1_467' title='bbox 2587 2585 2722 2657; x_wconf 84' lang='lat' dir='ltr'><strong>apud</strong></span> <span class='ocrx_word' id='word_1_468' title='bbox 2776 2587 2952 2640; x_wconf 49' lang='lat' dir='ltr'><strong>nos?)</strong></span> <span class='ocrx_word' id='word_1_469' title='bbox 2980 2586 3410 2656; x_wconf 83' lang='lat' dir='ltr'><strong>quandoquidem</strong></span> <span class='ocrx_word' id='word_1_470' title='bbox 3454 2584 3664 2640; x_wconf 82' lang='lat' dir='ltr'><strong>calum-</strong></span> 
     </span>
    </p>
   </div>
   <div class='ocr_carea' id='block_1_58' title="bbox 2089 2675 3664 2747">
    <p class='ocr_par' dir='ltr' id='par_1_58' title="bbox 2089 2675 3664 2747">
     <span class='ocr_line' id='line_1_58' title="bbox 2089 2675 3664 2747; baseline -0.002 -16"><span class='ocrx_word' id='word_1_471' title='bbox 2089 2678 2304 2732; x_wconf 84' lang='lat' dir='ltr'><strong>niantes</strong></span> <span class='ocrx_word' id='word_1_472' title='bbox 2347 2693 2469 2732; x_wconf 89' lang='lat' dir='ltr'><strong>eum</strong></span> <span class='ocrx_word' id='word_1_473' title='bbox 2521 2677 2660 2747; x_wconf 90' lang='lat' dir='ltr'><strong>apud</strong></span> <span class='ocrx_word' id='word_1_474' title='bbox 2701 2675 2917 2732; x_wconf 87' lang='lat' dir='ltr'><strong>Saulem</strong></span> <span class='ocrx_word' id='word_1_475' title='bbox 2983 2677 3121 2732; x_wconf 89' lang='lat' dir='ltr'><strong>nihil</strong></span> <span class='ocrx_word' id='word_1_476' title='bbox 3180 2685 3508 2745; x_wconf 90' lang='lat' dir='ltr'><strong>potucrant;</strong></span> <span class='ocrx_word' id='word_1_477' title='bbox 3558 2699 3575 2730; x_wconf 72' lang='grc' dir='ltr'><strong>ι</strong></span> <span class='ocrx_word' id='word_1_478' title='bbox 3613 2679 3664 2731; x_wconf 91' lang='lat' dir='ltr'><strong>in</strong></span> 
     </span>
    </p>
   </div>
   <div class='ocr_carea' id='block_1_59' title="bbox 2091 2769 3666 2841">
    <p class='ocr_par' dir='ltr' id='par_1_59' title="bbox 2091 2769 3666 2841">
     <span class='ocr_line' id='line_1_59' title="bbox 2091 2769 3666 2841; baseline 0.001 -18"><span class='ocrx_word' id='word_1_479' title='bbox 2091 2770 2305 2840; x_wconf 89' lang='lat' dir='ltr'><strong>hymnis</strong></span> <span class='ocrx_word' id='word_1_480' title='bbox 2341 2790 2359 2822; x_wconf 93' lang='lat'><strong>3</strong></span> <span class='ocrx_word' id='word_1_481' title='bbox 2397 2771 2613 2841; x_wconf 88' lang='lat' dir='ltr'><strong>quidem</strong></span> <span class='ocrx_word' id='word_1_482' title='bbox 2672 2771 2815 2841; x_wconf 90' lang='lat' dir='ltr'><strong>apud</strong></span> <span class='ocrx_word' id='word_1_483' title='bbox 2866 2785 2986 2833; x_wconf 84' lang='lat' dir='ltr'><strong>nos,</strong></span> <span class='ocrx_word' id='word_1_484' title='bbox 3048 2770 3189 2840; x_wconf 90' lang='lat' dir='ltr'><strong>apud</strong></span> <span class='ocrx_word' id='word_1_485' title='bbox 3243 2769 3482 2839; x_wconf 90' lang='lat' dir='ltr'><strong>reliquos</strong></span> <span class='ocrx_word' id='word_1_486' title='bbox 3538 2787 3666 2825; x_wconf 75' lang='lat' dir='ltr'><strong>vero</strong></span> 
     </span>
    </p>
   </div>
   <div class='ocr_carea' id='block_1_60' title="bbox 2094 2861 3660 2934">
    <p class='ocr_par' dir='ltr' id='par_1_60' title="bbox 2094 2861 3660 2934">
     <span class='ocr_line' id='line_1_60' title="bbox 2094 2861 3660 2934; baseline 0.003 -23"><span class='ocrx_word' id='word_1_487' title='bbox 2094 2879 2110 2910; x_wconf 78' lang='grc' dir='ltr'><strong>ι</strong></span> <span class='ocrx_word' id='word_1_488' title='bbox 2134 2877 2230 2931; x_wconf 87' lang='lat' dir='ltr'><strong>per</strong></span> <span class='ocrx_word' id='word_1_489' title='bbox 2249 2865 2598 2934; x_wconf 83' lang='lat' dir='ltr'><strong>psalterium3</strong></span> <span class='ocrx_word' id='word_1_490' title='bbox 2623 2870 2703 2917; x_wconf 75' lang='lat' dir='ltr'><strong>ett</strong></span> <span class='ocrx_word' id='word_1_491' title='bbox 2729 2863 2780 2915; x_wconf 92' lang='lat' dir='ltr'><strong>in</strong></span> <span class='ocrx_word' id='word_1_492' title='bbox 2800 2861 3019 2930; x_wconf 82' lang='lat' dir='ltr'><strong>psalmis</strong></span> <span class='ocrx_word' id='word_1_493' title='bbox 3040 2878 3085 2913; x_wconf 88' lang='lat'><em>:3</em></span> <span class='ocrx_word' id='word_1_494' title='bbox 3107 2863 3338 2930; x_wconf 89' lang='lat' dir='ltr'><strong>itemque</strong></span> <span class='ocrx_word' id='word_1_495' title='bbox 3372 2884 3389 2912; x_wconf 81' lang='grc' dir='ltr'><strong>ι</strong></span> <span class='ocrx_word' id='word_1_496' title='bbox 3417 2863 3660 2926; x_wconf 84' lang='lat' dir='ltr'><strong>victori,3</strong></span> 
     </span>
    </p>
   </div>
   <div class='ocr_carea' id='block_1_61' title="bbox 2086 2951 3664 3022">
    <p class='ocr_par' dir='ltr' id='par_1_61' title="bbox 2086 2951 3664 3022">
     <span class='ocr_line' id='line_1_61' title="bbox 2086 2951 3664 3022; baseline -0.001 -16"><span class='ocrx_word' id='word_1_497' title='bbox 2086 2963 2138 3006; x_wconf 90' lang='lat' dir='ltr'><strong>et</strong></span> <span class='ocrx_word' id='word_1_498' title='bbox 2176 2972 2192 3004; x_wconf 79' lang='grc' dir='ltr'><strong>ι</strong></span> <span class='ocrx_word' id='word_1_499' title='bbox 2219 2953 2601 3022; x_wconf 85' lang='lat' dir='ltr'><strong>triumphale,3</strong></span> <span class='ocrx_word' id='word_1_500' title='bbox 2633 2952 2926 3022; x_wconf 89' lang='lat' dir='ltr'><strong>inscriptus</strong></span> <span class='ocrx_word' id='word_1_501' title='bbox 2955 2961 3058 3005; x_wconf 90' lang='lat' dir='ltr'><strong>est.</strong></span> <span class='ocrx_word' id='word_1_502' title='bbox 3096 2951 3216 3005; x_wconf 85' lang='lat' dir='ltr'><strong>Pari</strong></span> <span class='ocrx_word' id='word_1_503' title='bbox 3247 2953 3407 3006; x_wconf 90' lang='lat' dir='ltr'><strong>modo</strong></span> <span class='ocrx_word' id='word_1_504' title='bbox 3442 2953 3506 3005; x_wconf 85' lang='lat' dir='ltr'><strong>de</strong></span> <span class='ocrx_word' id='word_1_505' title='bbox 3538 2953 3664 3005; x_wconf 85' lang='lat' dir='ltr'><strong>reli-</strong></span> 
     </span>
    </p>
   </div>
   <div class='ocr_carea' id='block_1_62' title="bbox 2085 3043 3658 3115">
    <p class='ocr_par' dir='ltr' id='par_1_62' title="bbox 2085 3043 3658 3115">
     <span class='ocr_line' id='line_1_62' title="bbox 2085 3043 3658 3115; baseline -0.002 -16"><span class='ocrx_word' id='word_1_506' title='bbox 2085 3048 2206 3115; x_wconf 91' lang='lat' dir='ltr'><strong>quis</strong></span> <span class='ocrx_word' id='word_1_507' title='bbox 2256 3046 2491 3115; x_wconf 80' lang='lat' dir='ltr'><strong>cogites,</strong></span> <span class='ocrx_word' id='word_1_508' title='bbox 2536 3046 2624 3114; x_wconf 91' lang='lat' dir='ltr'><strong>qui</strong></span> <span class='ocrx_word' id='word_1_509' title='bbox 2683 3045 2846 3098; x_wconf 87' lang='lat' dir='ltr'><strong>simili</strong></span> <span class='ocrx_word' id='word_1_510' title='bbox 2899 3043 3136 3114; x_wconf 80' lang='lat' dir='ltr'><strong>gaudent</strong></span> <span class='ocrx_word' id='word_1_511' title='bbox 3176 3043 3545 3111; x_wconf 85' lang='lat' dir='ltr'><strong>inscriptione.</strong></span> <span class='ocrx_word' id='word_1_512' title='bbox 3601 3045 3658 3096; x_wconf 91' lang='lat' dir='ltr'><strong>ln</strong></span> 
     </span>
    </p>
   </div>
   <div class='ocr_carea' id='block_1_63' title="bbox 2087 3131 3660 3207">
    <p class='ocr_par' dir='ltr' id='par_1_63' title="bbox 2087 3131 3660 3207">
     <span class='ocr_line' id='line_1_63' title="bbox 2087 3131 3660 3207; baseline -0.002 -14"><span class='ocrx_word' id='word_1_513' title='bbox 2087 3138 2336 3194; x_wconf 81' lang='lat' dir='ltr'><strong>confesso</strong></span> <span class='ocrx_word' id='word_1_514' title='bbox 2380 3146 2464 3192; x_wconf 90' lang='lat' dir='ltr'><strong>est</strong></span> <span class='ocrx_word' id='word_1_515' title='bbox 2513 3131 2803 3207; x_wconf 85' lang='lat' dir='ltr'><strong>plerosque</strong></span> <span class='ocrx_word' id='word_1_516' title='bbox 2834 3135 3068 3206; x_wconf 85' lang='lat' dir='ltr'><strong>psalmos</strong></span> <span class='ocrx_word' id='word_1_517' title='bbox 3101 3145 3220 3205; x_wconf 90' lang='lat' dir='ltr'><strong>post</strong></span> <span class='ocrx_word' id='word_1_518' title='bbox 3269 3135 3660 3206; x_wconf 82' lang='lat' dir='ltr'><strong>quinquagesi-</strong></span> 
     </span>
    </p>
   </div>
   <div class='ocr_carea' id='block_1_64' title="bbox 405 3209 1981 3300">
    <p class='ocr_par' dir='ltr' id='par_1_64' title="bbox 405 3209 1978 3300">
     <span class='ocr_line' id='line_1_64' title="bbox 405 3209 1978 3300; baseline 0.012 -30"><span class='ocrx_word' id='word_1_519' title='bbox 405 3218 611 3290; x_wconf 81' lang='grc' dir='ltr'>Κύριος</span> <span class='ocrx_word' id='word_1_520' title='bbox 638 3219 736 3292; x_wconf 84' lang='grc' dir='ltr'><strong>τὴν</strong></span> <span class='ocrx_word' id='word_1_521' title='bbox 773 3226 1080 3296; x_wconf 88' lang='grc' dir='ltr'>προσευχήν</span> <span class='ocrx_word' id='word_1_522' title='bbox 1127 3245 1227 3298; x_wconf 89' lang='grc' dir='ltr'><strong>μου</strong></span> <span class='ocrx_word' id='word_1_523' title='bbox 1269 3209 1659 3300; x_wconf 73' lang='grc' dir='ltr'>προσεδέξατο,</span> <span class='ocrx_word' id='word_1_524' title='bbox 1704 3253 1722 3286; x_wconf 91' lang='lat'><strong>3</strong></span> <span class='ocrx_word' id='word_1_525' title='bbox 1757 3209 1978 3299; x_wconf 84' lang='grc' dir='ltr'>εἰκότως</span> 
     </span>
    </p>
   </div>
   <div class='ocr_carea' id='block_1_65' title="bbox 2086 3209 3652 3300">
    <p class='ocr_par' dir='ltr' id='par_1_65' title="bbox 2086 3224 3652 3300">
     <span class='ocr_line' id='line_1_65' title="bbox 2086 3224 3652 3300; baseline -0.004 -17"><span class='ocrx_word' id='word_1_526' title='bbox 2086 3245 2231 3283; x_wconf 89' lang='lat' dir='ltr'><strong>mum</strong></span> <span class='ocrx_word' id='word_1_527' title='bbox 2250 3229 2474 3300; x_wconf 89' lang='lat' dir='ltr'><strong>positos,</strong></span> <span class='ocrx_word' id='word_1_528' title='bbox 2493 3229 2581 3285; x_wconf 89' lang='lat' dir='ltr'><strong>diu</strong></span> <span class='ocrx_word' id='word_1_529' title='bbox 2601 3237 2730 3282; x_wconf 89' lang='lat' dir='ltr'><strong>ante</strong></span> <span class='ocrx_word' id='word_1_530' title='bbox 2746 3227 3252 3297; x_wconf 82' lang='lat' dir='ltr'><strong>quinquagesimum</strong></span> <span class='ocrx_word' id='word_1_531' title='bbox 3271 3225 3443 3280; x_wconf 88' lang='lat' dir='ltr'><strong>editos</strong></span> <span class='ocrx_word' id='word_1_532' title='bbox 3465 3224 3652 3279; x_wconf 82' lang='lat' dir='ltr'><strong>fuisse.</strong></span> 
     </span>
    </p>
   </div>
   <div class='ocr_carea' id='block_1_66' title="bbox 399 3310 1977 3396">
    <p class='ocr_par' dir='ltr' id='par_1_66' title="bbox 399 3310 1977 3396">
     <span class='ocr_line' id='line_1_66' title="bbox 399 3310 1977 3396; baseline 0.012 -36"><span class='ocrx_word' id='word_1_533' title='bbox 399 3310 562 3373; x_wconf 81' lang='grc' dir='ltr'>αὐτὸς</span> <span class='ocrx_word' id='word_1_534' title='bbox 596 3329 614 3361; x_wconf 79' lang='grc' dir='ltr'><strong>ι</strong></span> <span class='ocrx_word' id='word_1_535' title='bbox 650 3312 936 3378; x_wconf 91' lang='grc' dir='ltr'>ἐπινίκιος,</span> <span class='ocrx_word' id='word_1_536' title='bbox 978 3334 996 3367; x_wconf 94' lang='lat'><strong>3</strong></span> <span class='ocrx_word' id='word_1_537' title='bbox 1031 3317 1122 3370; x_wconf 75' lang='grc' dir='ltr'><strong>καὶ</strong></span> <span class='ocrx_word' id='word_1_538' title='bbox 1157 3336 1176 3369; x_wconf 79' lang='grc' dir='ltr'><strong>ι</strong></span> <span class='ocrx_word' id='word_1_539' title='bbox 1210 3317 1299 3372; x_wconf 85' lang='grc' dir='ltr'>διὰ</span> <span class='ocrx_word' id='word_1_540' title='bbox 1324 3318 1646 3395; x_wconf 88' lang='grc' dir='ltr'>ψαλτηρίου,</span> <span class='ocrx_word' id='word_1_541' title='bbox 1681 3342 1698 3375; x_wconf 93' lang='lat'><strong>3</strong></span> <span class='ocrx_word' id='word_1_542' title='bbox 1743 3323 1895 3396; x_wconf 85' lang='grc' dir='ltr'>παρὰ</span> <span class='ocrx_word' id='word_1_543' title='bbox 1921 3325 1977 3379; x_wconf 85' lang='grc' dir='ltr'><strong>δέ</strong></span> 
     </span>
    </p>
   </div>
   <div class='ocr_carea' id='block_1_67' title="bbox 398 3399 1970 3484">
    <p class='ocr_par' dir='ltr' id='par_1_67' title="bbox 398 3399 1970 3484">
     <span class='ocr_line' id='line_1_67' title="bbox 398 3399 1970 3484; baseline 0.01 -34"><span class='ocrx_word' id='word_1_544' title='bbox 398 3402 512 3462; x_wconf 75' lang='grc' dir='ltr'>τοῖς</span> <span class='ocrx_word' id='word_1_545' title='bbox 553 3399 951 3474; x_wconf 75' lang='grc' dir='ltr'>Ἐὄδομήκοντα</span> <span class='ocrx_word' id='word_1_546' title='bbox 995 3423 1014 3457; x_wconf 82' lang='grc' dir='ltr'><strong>ι</strong></span> <span class='ocrx_word' id='word_1_547' title='bbox 1047 3407 1124 3470; x_wconf 88' lang='grc' dir='ltr'><strong>είς</strong></span> <span class='ocrx_word' id='word_1_548' title='bbox 1147 3407 1206 3460; x_wconf 91' lang='grc' dir='ltr'><strong>τὸ</strong></span> <span class='ocrx_word' id='word_1_549' title='bbox 1224 3409 1396 3476; x_wconf 86' lang='grc' dir='ltr'>τέλος,</span> <span class='ocrx_word' id='word_1_550' title='bbox 1431 3430 1449 3461; x_wconf 94' lang='lat'><strong>3</strong></span> <span class='ocrx_word' id='word_1_551' title='bbox 1484 3413 1578 3465; x_wconf 77' lang='grc' dir='ltr'>καὶ</span> <span class='ocrx_word' id='word_1_552' title='bbox 1606 3432 1622 3464; x_wconf 75' lang='grc' dir='ltr'><strong>ι</strong></span> <span class='ocrx_word' id='word_1_553' title='bbox 1655 3415 1711 3466; x_wconf 88' lang='grc' dir='ltr'><strong>ἐν</strong></span> <span class='ocrx_word' id='word_1_554' title='bbox 1742 3413 1930 3484; x_wconf 84' lang='grc' dir='ltr'>ὕμνοις</span> <span class='ocrx_word' id='word_1_555' title='bbox 1952 3434 1970 3465; x_wconf 96' lang='lat'><strong>3</strong></span> 
     </span>
    </p>
   </div>
   <div class='ocr_carea' id='block_1_68' title="bbox 399 3493 1975 3578">
    <p class='ocr_par' dir='ltr' id='par_1_68' title="bbox 399 3493 1975 3578">
     <span class='ocr_line' id='line_1_68' title="bbox 399 3493 1975 3578; baseline 0.01 -34"><span class='ocrx_word' id='word_1_556' title='bbox 399 3493 820 3565; x_wconf 85' lang='grc' dir='ltr'>ἐπιγέγραπται.</span> <span class='ocrx_word' id='word_1_557' title='bbox 859 3497 1018 3552; x_wconf 80' lang='grc' dir='ltr'>Ἀλλὰ</span> <span class='ocrx_word' id='word_1_558' title='bbox 1057 3500 1150 3552; x_wconf 76' lang='grc' dir='ltr'><strong>καὶ</strong></span> <span class='ocrx_word' id='word_1_559' title='bbox 1172 3504 1200 3554; x_wconf 87' lang='lat'><strong>6</strong></span> <span class='ocrx_word' id='word_1_560' title='bbox 1236 3505 1596 3574; x_wconf 81' lang='grc' dir='ltr'>πεντηκοστὸς</span> <span class='ocrx_word' id='word_1_561' title='bbox 1626 3506 1828 3577; x_wconf 88' lang='grc' dir='ltr'>τρίτος,</span> <span class='ocrx_word' id='word_1_562' title='bbox 1867 3508 1975 3578; x_wconf 85' lang='grc' dir='ltr'><strong>πρὸ</strong></span> 
     </span>
    </p>
   </div>
   <div class='ocr_carea' id='block_1_69' title="bbox 396 3585 1976 3672">
    <p class='ocr_par' dir='ltr' id='par_1_69' title="bbox 396 3585 1976 3672">
     <span class='ocr_line' id='line_1_69' title="bbox 396 3585 1976 3672; baseline 0.011 -35"><span class='ocrx_word' id='word_1_563' title='bbox 396 3585 495 3672; x_wconf 82' lang='grc' dir='ltr'><strong>τῆς</strong></span> <span class='ocrx_word' id='word_1_564' title='bbox 518 3589 597 3650; x_wconf 89' lang='grc' dir='ltr'>εὶς</span> <span class='ocrx_word' id='word_1_565' title='bbox 624 3587 714 3642; x_wconf 89' lang='grc' dir='ltr'><strong>τὸν</strong></span> <span class='ocrx_word' id='word_1_566' title='bbox 737 3589 937 3662; x_wconf 81' lang='grc' dir='ltr'>Οὐρίαν</span> <span class='ocrx_word' id='word_1_567' title='bbox 970 3593 1244 3665; x_wconf 84' lang='grc' dir='ltr'>ἁμαρτίας</span> <span class='ocrx_word' id='word_1_568' title='bbox 1278 3596 1566 3668; x_wconf 78' lang='grc' dir='ltr'>εἰρημένος</span> <span class='ocrx_word' id='word_1_569' title='bbox 1594 3599 1672 3669; x_wconf 84' lang='grc' dir='ltr'><strong>τῷ</strong></span> <span class='ocrx_word' id='word_1_570' title='bbox 1703 3599 1884 3664; x_wconf 78' lang='grc' dir='ltr'>Δαυῖδ,</span> <span class='ocrx_word' id='word_1_571' title='bbox 1918 3602 1976 3654; x_wconf 88' lang='grc' dir='ltr'><strong>ἐν</strong></span> 
     </span>
    </p>
   </div>
   <div class='ocr_carea' id='block_1_70' title="bbox 394 3676 1976 3760">
    <p class='ocr_par' dir='ltr' id='par_1_70' title="bbox 394 3676 1976 3760">
     <span class='ocr_line' id='line_1_70' title="bbox 394 3676 1976 3760; baseline 0.012 -32"><span class='ocrx_word' id='word_1_572' title='bbox 394 3676 474 3748; x_wconf 81' lang='grc' dir='ltr'>τῷ</span> <span class='ocrx_word' id='word_1_573' title='bbox 501 3677 673 3734; x_wconf 81' lang='grc' dir='ltr'>ἐλθεῖν</span> <span class='ocrx_word' id='word_1_574' title='bbox 696 3682 822 3746; x_wconf 73' lang='grc' dir='ltr'>τοὺς</span> <span class='ocrx_word' id='word_1_575' title='bbox 847 3685 1103 3752; x_wconf 74' lang='grc' dir='ltr'>Ζιφαίους</span> <span class='ocrx_word' id='word_1_576' title='bbox 1131 3687 1225 3740; x_wconf 77' lang='grc' dir='ltr'><strong>καὶ</strong></span> <span class='ocrx_word' id='word_1_577' title='bbox 1250 3690 1425 3742; x_wconf 77' lang='grc' dir='ltr'>εἰπεῖν</span> <span class='ocrx_word' id='word_1_578' title='bbox 1456 3688 1534 3760; x_wconf 81' lang='grc' dir='ltr'>τῷ</span> <span class='ocrx_word' id='word_1_579' title='bbox 1568 3691 1738 3745; x_wconf 91' lang='grc' dir='ltr'>Σαούλ</span> <span class='ocrx_word' id='word_1_580' title='bbox 1756 3709 1769 3722; x_wconf 85' lang='grc'><strong>·</strong></span> <span class='ocrx_word' id='word_1_581' title='bbox 1807 3709 1826 3743; x_wconf 83' lang='grc' dir='ltr'><strong>ι</strong></span> <span class='ocrx_word' id='word_1_582' title='bbox 1863 3693 1976 3747; x_wconf 90' lang='grc' dir='ltr'>Ούκ</span> 
     </span>
    </p>
   </div>
   <div class='ocr_carea' id='block_1_71' title="bbox 394 3768 1978 3850">
    <p class='ocr_par' dir='ltr' id='par_1_71' title="bbox 394 3768 1978 3850">
     <span class='ocr_line' id='line_1_71' title="bbox 394 3768 1978 3850; baseline 0.012 -30"><span class='ocrx_word' id='word_1_583' title='bbox 394 3768 508 3824; x_wconf 72' lang='grc' dir='ltr'>ἰδοὺ</span> <span class='ocrx_word' id='word_1_584' title='bbox 541 3771 702 3824; x_wconf 81' lang='grc' dir='ltr'><strong>Δαυῖδ</strong></span> <span class='ocrx_word' id='word_1_585' title='bbox 735 3773 1040 3844; x_wconf 81' lang='grc' dir='ltr'>κέκρυπται</span> <span class='ocrx_word' id='word_1_586' title='bbox 1063 3779 1191 3848; x_wconf 83' lang='grc' dir='ltr'>παρ’</span> <span class='ocrx_word' id='word_1_587' title='bbox 1226 3781 1357 3850; x_wconf 79' lang='grc' dir='ltr'>ἡμῖν</span> <span class='ocrx_word' id='word_1_588' title='bbox 1381 3797 1394 3845; x_wconf 93' lang='grc'><strong>;</strong></span> <span class='ocrx_word' id='word_1_589' title='bbox 1428 3801 1446 3832; x_wconf 95' lang='lat'><strong>3</strong></span> <span class='ocrx_word' id='word_1_590' title='bbox 1475 3781 1550 3845; x_wconf 82' lang='grc' dir='ltr'>ὡς</span> <span class='ocrx_word' id='word_1_591' title='bbox 1574 3781 1642 3837; x_wconf 80' lang='grc' dir='ltr'><strong>ἂν</strong></span> <span class='ocrx_word' id='word_1_592' title='bbox 1663 3784 1770 3838; x_wconf 84' lang='grc' dir='ltr'><strong>τῶν</strong></span> <span class='ocrx_word' id='word_1_593' title='bbox 1794 3785 1978 3838; x_wconf 82' lang='grc' dir='ltr'>διαϐε-</span> 
     </span>
    </p>
   </div>
   <div class='ocr_carea' id='block_1_72' title="bbox 390 3860 1975 3942">
    <p class='ocr_par' dir='ltr' id='par_1_72' title="bbox 390 3860 1975 3942">
     <span class='ocr_line' id='line_1_72' title="bbox 390 3860 1975 3942; baseline 0.011 -31"><span class='ocrx_word' id='word_1_594' title='bbox 390 3860 671 3930; x_wconf 83' lang='grc' dir='ltr'>-6ληκότων</span> <span class='ocrx_word' id='word_1_595' title='bbox 702 3865 863 3917; x_wconf 78' lang='grc' dir='ltr'>αὐτὸν</span> <span class='ocrx_word' id='word_1_596' title='bbox 918 3866 995 3937; x_wconf 81' lang='grc' dir='ltr'>τῷ</span> <span class='ocrx_word' id='word_1_597' title='bbox 1047 3869 1222 3923; x_wconf 87' lang='grc' dir='ltr'>Σαοὺλ</span> <span class='ocrx_word' id='word_1_598' title='bbox 1269 3872 1436 3941; x_wconf 80' lang='grc' dir='ltr'>μηδὲν</span> <span class='ocrx_word' id='word_1_599' title='bbox 1491 3874 1813 3942; x_wconf 83' lang='grc' dir='ltr'>ἰσχυκότων,</span> <span class='ocrx_word' id='word_1_600' title='bbox 1856 3895 1874 3927; x_wconf 81' lang='grc' dir='ltr'><strong>ι</strong></span> <span class='ocrx_word' id='word_1_601' title='bbox 1914 3877 1975 3930; x_wconf 90' lang='grc' dir='ltr'><strong>ἐν</strong></span> 
     </span>
    </p>
   </div>
   <div class='ocr_carea' id='block_1_73' title="bbox 395 3951 1974 4032">
    <p class='ocr_par' dir='ltr' id='par_1_73' title="bbox 395 3951 1974 4032">
     <span class='ocr_line' id='line_1_73' title="bbox 395 3951 1974 4032; baseline 0.009 -27"><span class='ocrx_word' id='word_1_602' title='bbox 395 3951 585 4023; x_wconf 77' lang='grc' dir='ltr'>ὕμνοις</span> <span class='ocrx_word' id='word_1_603' title='bbox 619 3972 637 4004; x_wconf 91' lang='lat'><strong>3</strong></span> <span class='ocrx_word' id='word_1_604' title='bbox 679 3955 777 4024; x_wconf 84' lang='grc' dir='ltr'><strong>μὲν</strong></span> <span class='ocrx_word' id='word_1_605' title='bbox 819 3959 949 4028; x_wconf 87' lang='grc' dir='ltr'>παρ’</span> <span class='ocrx_word' id='word_1_606' title='bbox 980 3960 1113 4029; x_wconf 84' lang='grc' dir='ltr'>ἡμῖν</span> <span class='ocrx_word' id='word_1_607' title='bbox 1133 3977 1145 3988; x_wconf 86' lang='grc'><strong>’</strong></span> <span class='ocrx_word' id='word_1_608' title='bbox 1181 3964 1331 4032; x_wconf 82' lang='grc' dir='ltr'>παρὰ</span> <span class='ocrx_word' id='word_1_609' title='bbox 1354 3963 1411 4015; x_wconf 82' lang='grc' dir='ltr'>δὲ</span> <span class='ocrx_word' id='word_1_610' title='bbox 1443 3967 1556 4030; x_wconf 87' lang='grc' dir='ltr'>τοῖς</span> <span class='ocrx_word' id='word_1_611' title='bbox 1589 3965 1797 4030; x_wconf 84' lang='grc' dir='ltr'>λοιποῖς</span> <span class='ocrx_word' id='word_1_612' title='bbox 1835 3985 1854 4018; x_wconf 76' lang='grc' dir='ltr'><strong>ι</strong></span> <span class='ocrx_word' id='word_1_613' title='bbox 1887 3966 1974 4021; x_wconf 82' lang='grc' dir='ltr'>διὰ</span> 
     </span>
    </p>
   </div>
   <div class='ocr_carea' id='block_1_74' title="bbox 391 4043 1974 4128">
    <p class='ocr_par' dir='ltr' id='par_1_74' title="bbox 391 4043 1974 4128">
     <span class='ocr_line' id='line_1_74' title="bbox 391 4043 1974 4128; baseline 0.011 -33"><span class='ocrx_word' id='word_1_614' title='bbox 391 4043 690 4116; x_wconf 73' lang='grc' dir='ltr'>ψαλτηρίου</span> <span class='ocrx_word' id='word_1_615' title='bbox 712 4065 731 4098; x_wconf 96' lang='lat'><strong>3</strong></span> <span class='ocrx_word' id='word_1_616' title='bbox 753 4048 845 4102; x_wconf 81' lang='grc' dir='ltr'><strong>καὶ</strong></span> <span class='ocrx_word' id='word_1_617' title='bbox 863 4065 881 4099; x_wconf 82' lang='grc' dir='ltr'><strong>ι</strong></span> <span class='ocrx_word' id='word_1_618' title='bbox 903 4049 960 4103; x_wconf 89' lang='grc' dir='ltr'><strong>ἐν</strong></span> <span class='ocrx_word' id='word_1_619' title='bbox 978 4050 1230 4122; x_wconf 87' lang='grc' dir='ltr'>ψαλμοῖς,</span> <span class='ocrx_word' id='word_1_620' title='bbox 1253 4073 1274 4107; x_wconf 90' lang='lat'><strong>3</strong></span> <span class='ocrx_word' id='word_1_621' title='bbox 1291 4054 1386 4108; x_wconf 72' lang='grc' dir='ltr'>καὶ</span> <span class='ocrx_word' id='word_1_622' title='bbox 1407 4074 1425 4107; x_wconf 78' lang='grc' dir='ltr'><strong>ι</strong></span> <span class='ocrx_word' id='word_1_623' title='bbox 1445 4055 1522 4125; x_wconf 83' lang='grc' dir='ltr'>τῷ</span> <span class='ocrx_word' id='word_1_624' title='bbox 1533 4057 1809 4128; x_wconf 87' lang='grc' dir='ltr'>νικοποιῷ,</span> <span class='ocrx_word' id='word_1_625' title='bbox 1843 4079 1860 4110; x_wconf 90' lang='lat'><strong>3</strong></span> <span class='ocrx_word' id='word_1_626' title='bbox 1879 4061 1974 4112; x_wconf 79' lang='grc' dir='ltr'><strong>καὶ</strong></span> 
     </span>
    </p>
   </div>
   <div class='ocr_carea' id='block_1_75' title="bbox 397 4135 1974 4221">
    <p class='ocr_par' dir='ltr' id='par_1_75' title="bbox 397 4135 1974 4221">
     <span class='ocr_line' id='line_1_75' title="bbox 397 4135 1974 4221; baseline 0.01 -34"><span class='ocrx_word' id='word_1_627' title='bbox 397 4155 418 4187; x_wconf 72' lang='grc' dir='ltr'><strong>ι</strong></span> <span class='ocrx_word' id='word_1_628' title='bbox 443 4135 708 4200; x_wconf 81' lang='grc' dir='ltr'>ἐπινίκιος</span> <span class='ocrx_word' id='word_1_629' title='bbox 744 4157 762 4190; x_wconf 96' lang='lat'><strong>3</strong></span> <span class='ocrx_word' id='word_1_630' title='bbox 790 4140 1325 4213; x_wconf 65' lang='grc' dir='ltr'>ἐπιγέγραπταιρΤὸν</span> <span class='ocrx_word' id='word_1_631' title='bbox 1353 4147 1536 4216; x_wconf 80' lang='grc' dir='ltr'>ὅμοιον</span> <span class='ocrx_word' id='word_1_632' title='bbox 1555 4148 1612 4200; x_wconf 86' lang='grc' dir='ltr'>δὲ</span> <span class='ocrx_word' id='word_1_633' title='bbox 1631 4149 1830 4221; x_wconf 87' lang='grc' dir='ltr'>τρόπον</span> <span class='ocrx_word' id='word_1_634' title='bbox 1855 4150 1974 4203; x_wconf 81' lang='grc' dir='ltr'>ἐπι-</span> 
     </span>
    </p>
   </div>
   <div class='ocr_carea' id='block_1_76' title="bbox 392 4229 1971 4310">
    <p class='ocr_par' dir='ltr' id='par_1_76' title="bbox 392 4229 1971 4310">
     <span class='ocr_line' id='line_1_76' title="bbox 392 4229 1971 4310; baseline 0.011 -33"><span class='ocrx_word' id='word_1_635' title='bbox 392 4229 612 4298; x_wconf 88' lang='grc' dir='ltr'>στήσεις</span> <span class='ocrx_word' id='word_1_636' title='bbox 638 4229 732 4282; x_wconf 74' lang='grc' dir='ltr'>καὶ</span> <span class='ocrx_word' id='word_1_637' title='bbox 773 4232 888 4293; x_wconf 86' lang='grc' dir='ltr'>τοῖς</span> <span class='ocrx_word' id='word_1_638' title='bbox 926 4230 1152 4298; x_wconf 88' lang='grc' dir='ltr'>λοιποῖς,</span> <span class='ocrx_word' id='word_1_639' title='bbox 1188 4235 1301 4288; x_wconf 82' lang='grc' dir='ltr'>ὅσοι</span> <span class='ocrx_word' id='word_1_640' title='bbox 1342 4237 1444 4306; x_wconf 81' lang='grc' dir='ltr'>τῆς</span> <span class='ocrx_word' id='word_1_641' title='bbox 1482 4239 1675 4309; x_wconf 83' lang='grc' dir='ltr'>ὁμοίας</span> <span class='ocrx_word' id='word_1_642' title='bbox 1715 4238 1971 4310; x_wconf 78' lang='grc' dir='ltr'>ἠξίωνται</span> 
     </span>
    </p>
   </div>
   <div class='ocr_carea' id='block_1_77' title="bbox 395 4319 1972 4402">
    <p class='ocr_par' dir='ltr' id='par_1_77' title="bbox 395 4319 1972 4402">
     <span class='ocr_line' id='line_1_77' title="bbox 395 4319 1972 4402; baseline 0.01 -33"><span class='ocrx_word' id='word_1_643' title='bbox 395 4319 735 4390; x_wconf 80' lang='grc' dir='ltr'>προγραφῆς.</span> <span class='ocrx_word' id='word_1_644' title='bbox 763 4320 1235 4393; x_wconf 79' lang='grc' dir='ltr'>Ὀμολογουμένως</span> <span class='ocrx_word' id='word_1_645' title='bbox 1259 4326 1309 4378; x_wconf 75' lang='grc' dir='ltr'>οἱ</span> <span class='ocrx_word' id='word_1_646' title='bbox 1338 4326 1555 4390; x_wconf 86' lang='grc' dir='ltr'>πλείους</span> <span class='ocrx_word' id='word_1_647' title='bbox 1577 4328 1688 4401; x_wconf 72' lang='grc'><strong>(⁸52)</strong></span> <span class='ocrx_word' id='word_1_648' title='bbox 1703 4329 1810 4384; x_wconf 80' lang='grc' dir='ltr'><strong>τῶν</strong></span> <span class='ocrx_word' id='word_1_649' title='bbox 1835 4331 1972 4402; x_wconf 83' lang='grc' dir='ltr'>μετὰ</span> 
     </span>
    </p>
   </div>
   <div class='ocr_carea' id='block_1_78' title="bbox 391 4409 1980 4496">
    <p class='ocr_par' dir='ltr' id='par_1_78' title="bbox 391 4409 1980 4496">
     <span class='ocr_line' id='line_1_78' title="bbox 391 4409 1980 4496; baseline 0.009 -34"><span class='ocrx_word' id='word_1_650' title='bbox 391 4409 484 4463; x_wconf 85' lang='grc' dir='ltr'><strong>τὸν</strong></span> <span class='ocrx_word' id='word_1_651' title='bbox 533 4413 898 4483; x_wconf 76' lang='grc' dir='ltr'>πεντηκοστὸν</span> <span class='ocrx_word' id='word_1_652' title='bbox 937 4415 1170 4487; x_wconf 79' lang='grc' dir='ltr'>ψαλμὸν,</span> <span class='ocrx_word' id='word_1_653' title='bbox 1225 4418 1420 4491; x_wconf 84' lang='grc' dir='ltr'>μακρῴ</span> <span class='ocrx_word' id='word_1_654' title='bbox 1455 4421 1690 4493; x_wconf 86' lang='grc' dir='ltr'>πρόσθεν</span> <span class='ocrx_word' id='word_1_655' title='bbox 1725 4423 1980 4496; x_wconf 73' lang='grc' dir='ltr'>εἴρηνται.</span> 
     </span>
    </p>
   </div>
   <div class='ocr_carea' id='block_1_79' title="bbox 390 4499 1970 4588">
    <p class='ocr_par' dir='ltr' id='par_1_79' title="bbox 390 4499 1970 4588">
     <span class='ocr_line' id='line_1_79' title="bbox 390 4499 1970 4588; baseline 0.009 -35"><span class='ocrx_word' id='word_1_656' title='bbox 390 4499 484 4554; x_wconf 90' lang='grc' dir='ltr'><strong>τοῦ</strong></span> <span class='ocrx_word' id='word_1_657' title='bbox 520 4506 906 4575; x_wconf 83' lang='grc' dir='ltr'>πεντηκοστοῦ.</span> <span class='ocrx_word' id='word_1_658' title='bbox 947 4507 1058 4560; x_wconf 73' lang='grc' dir='ltr'><strong>Καὶ</strong></span> <span class='ocrx_word' id='word_1_659' title='bbox 1087 4508 1250 4572; x_wconf 85' lang='grc' dir='ltr'>αὐτὸς</span> <span class='ocrx_word' id='word_1_660' title='bbox 1273 4509 1330 4563; x_wconf 81' lang='grc' dir='ltr'>δὲ</span> <span class='ocrx_word' id='word_1_661' title='bbox 1358 4513 1386 4564; x_wconf 94' lang='lat'><strong>6</strong></span> <span class='ocrx_word' id='word_1_662' title='bbox 1423 4515 1788 4584; x_wconf 86' lang='grc' dir='ltr'>πεντηκοστὸς</span> <span class='ocrx_word' id='word_1_663' title='bbox 1817 4515 1970 4588; x_wconf 69' lang='grc' dir='ltr'>εἴρη-</span> 
     </span>
    </p>
   </div>
   <div class='ocr_carea' id='block_1_80' title="bbox 1999 4562 2052 4619">
    <p class='ocr_par' dir='ltr' id='par_1_80' title="bbox 1999 4562 2052 4619">
     <span class='ocr_line' id='line_1_80' title="bbox 1999 4562 2052 4619; baseline 0 0"><span class='ocrx_word' id='word_1_664' title='bbox 1999 4562 2052 4619; x_wconf 76' lang='grc' dir='ltr'>ὓ</span> 
     </span>
    </p>
   </div>
   <div class='ocr_carea' id='block_1_81' title="bbox 2079 3314 3654 3390">
    <p class='ocr_par' dir='ltr' id='par_1_81' title="bbox 2079 3314 3654 3390">
     <span class='ocr_line' id='line_1_81' title="bbox 2079 3314 3654 3390; baseline -0.004 -15"><span class='ocrx_word' id='word_1_665' title='bbox 2079 3322 2192 3376; x_wconf 91' lang='lat' dir='ltr'><strong>lmo</strong></span> <span class='ocrx_word' id='word_1_666' title='bbox 2227 3319 2390 3390; x_wconf 65' lang='grc'>524.</span> <span class='ocrx_word' id='word_1_667' title='bbox 2419 3320 2534 3390; x_wconf 88' lang='lat' dir='ltr'><strong>ipse</strong></span> <span class='ocrx_word' id='word_1_668' title='bbox 2557 3317 3038 3389; x_wconf 80' lang='lat' dir='ltr'><strong>quinquagesimus</strong></span> <span class='ocrx_word' id='word_1_669' title='bbox 3088 3315 3342 3370; x_wconf 88' lang='lat' dir='ltr'><strong>recitatus</strong></span> <span class='ocrx_word' id='word_1_670' title='bbox 3393 3314 3493 3369; x_wconf 85' lang='lat' dir='ltr'><strong>fuit</strong></span> <span class='ocrx_word' id='word_1_671' title='bbox 3529 3325 3654 3368; x_wconf 78' lang='lat' dir='ltr'><strong>ante</strong></span> 
     </span>
    </p>
   </div>
   <div class='ocr_carea' id='block_1_82' title="bbox 2080 3407 3656 3480">
    <p class='ocr_par' dir='ltr' id='par_1_82' title="bbox 2080 3407 3656 3480">
     <span class='ocr_line' id='line_1_82' title="bbox 2080 3407 3656 3480; baseline -0.004 -14"><span class='ocrx_word' id='word_1_672' title='bbox 2080 3412 2327 3476; x_wconf 86' lang='lat' dir='ltr'><strong>tertium,</strong></span> <span class='ocrx_word' id='word_1_673' title='bbox 2366 3413 2460 3480; x_wconf 92' lang='lat' dir='ltr'><strong>qui</strong></span> <span class='ocrx_word' id='word_1_674' title='bbox 2497 3411 2672 3466; x_wconf 90' lang='lat' dir='ltr'><strong>dictus</strong></span> <span class='ocrx_word' id='word_1_675' title='bbox 2699 3419 2784 3465; x_wconf 90' lang='lat' dir='ltr'><strong>est</strong></span> <span class='ocrx_word' id='word_1_676' title='bbox 2809 3426 2837 3464; x_wconf 90' lang='lat' dir='ltr'><strong>a</strong></span> <span class='ocrx_word' id='word_1_677' title='bbox 2871 3408 3073 3462; x_wconf 88' lang='lat' dir='ltr'><strong>Davide</strong></span> <span class='ocrx_word' id='word_1_678' title='bbox 3104 3423 3226 3462; x_wconf 89' lang='lat' dir='ltr'><strong>cum</strong></span> <span class='ocrx_word' id='word_1_679' title='bbox 3270 3407 3473 3478; x_wconf 78' lang='lat' dir='ltr'><strong>fugeret</strong></span> <span class='ocrx_word' id='word_1_680' title='bbox 3500 3423 3530 3461; x_wconf 89' lang='lat' dir='ltr'><strong>a</strong></span> <span class='ocrx_word' id='word_1_681' title='bbox 3577 3409 3656 3461; x_wconf 86' lang='lat' dir='ltr'><strong>fa-</strong></span> 
     </span>
    </p>
   </div>
   <div class='ocr_carea' id='block_1_83' title="bbox 2077 3500 3659 3573">
    <p class='ocr_par' dir='ltr' id='par_1_83' title="bbox 2077 3500 3659 3573">
     <span class='ocr_line' id='line_1_83' title="bbox 2077 3500 3659 3573; baseline -0.003 -14"><span class='ocrx_word' id='word_1_682' title='bbox 2077 3507 2161 3560; x_wconf 88' lang='lat' dir='ltr'><strong>cie</strong></span> <span class='ocrx_word' id='word_1_683' title='bbox 2178 3503 2488 3559; x_wconf 71' lang='lat' dir='ltr'><strong>Abessalon]</strong></span> <span class='ocrx_word' id='word_1_684' title='bbox 2518 3503 2615 3556; x_wconf 85' lang='lat' dir='ltr'><strong>lilii</strong></span> <span class='ocrx_word' id='word_1_685' title='bbox 2643 3503 2726 3558; x_wconf 88' lang='lat' dir='ltr'><strong>sui</strong></span> <span class='ocrx_word' id='word_1_686' title='bbox 2752 3501 2924 3573; x_wconf 88' lang='lat' dir='ltr'><strong>:quod</strong></span> <span class='ocrx_word' id='word_1_687' title='bbox 2949 3510 3094 3556; x_wconf 88' lang='lat' dir='ltr'><strong>certe</strong></span> <span class='ocrx_word' id='word_1_688' title='bbox 3123 3510 3332 3569; x_wconf 87' lang='lat' dir='ltr'><strong>tempus</strong></span> <span class='ocrx_word' id='word_1_689' title='bbox 3355 3510 3474 3568; x_wconf 90' lang='lat' dir='ltr'><strong>post</strong></span> <span class='ocrx_word' id='word_1_690' title='bbox 3499 3500 3659 3569; x_wconf 87' lang='lat' dir='ltr'><strong>quin-</strong></span> 
     </span>
    </p>
   </div>
   <div class='ocr_carea' id='block_1_84' title="bbox 2077 3591 3658 3668">
    <p class='ocr_par' dir='ltr' id='par_1_84' title="bbox 2077 3591 3658 3668">
     <span class='ocr_line' id='line_1_84' title="bbox 2077 3591 3658 3668; baseline -0.004 -18"><span class='ocrx_word' id='word_1_691' title='bbox 2077 3596 2378 3668; x_wconf 81' lang='lat' dir='ltr'><strong>quagesimi</strong></span> <span class='ocrx_word' id='word_1_692' title='bbox 2423 3593 2820 3650; x_wconf 91' lang='lat' dir='ltr'><strong>confessionem</strong></span> <span class='ocrx_word' id='word_1_693' title='bbox 2857 3593 3144 3648; x_wconf 81' lang='lat' dir='ltr'><strong>locandum</strong></span> <span class='ocrx_word' id='word_1_694' title='bbox 3175 3602 3280 3646; x_wconf 84' lang='lat' dir='ltr'><strong>est.</strong></span> <span class='ocrx_word' id='word_1_695' title='bbox 3316 3591 3454 3658; x_wconf 83' lang='lat' dir='ltr'><strong>Quid</strong></span> <span class='ocrx_word' id='word_1_696' title='bbox 3496 3591 3658 3661; x_wconf 80' lang='lat' dir='ltr'><strong>igitur</strong></span> 
     </span>
    </p>
   </div>
   <div class='ocr_carea' id='block_1_85' title="bbox 2077 3684 3658 3758">
    <p class='ocr_par' dir='ltr' id='par_1_85' title="bbox 2077 3684 3658 3758">
     <span class='ocr_line' id='line_1_85' title="bbox 2077 3684 3658 3758; baseline -0.003 -16"><span class='ocrx_word' id='word_1_697' title='bbox 2077 3701 2257 3742; x_wconf 69' lang='lat' dir='ltr'><strong>causa:</strong></span> <span class='ocrx_word' id='word_1_698' title='bbox 2298 3694 2384 3742; x_wconf 87' lang='lat' dir='ltr'><strong>est</strong></span> <span class='ocrx_word' id='word_1_699' title='bbox 2438 3687 2583 3758; x_wconf 92' lang='lat' dir='ltr'><strong>quod</strong></span> <span class='ocrx_word' id='word_1_700' title='bbox 2646 3685 2807 3740; x_wconf 88' lang='lat' dir='ltr'><strong>talem</strong></span> <span class='ocrx_word' id='word_1_701' title='bbox 2843 3685 3080 3740; x_wconf 85' lang='lat' dir='ltr'><strong>habeant</strong></span> <span class='ocrx_word' id='word_1_702' title='bbox 3127 3684 3423 3740; x_wconf 86' lang='lat' dir='ltr'><strong>ordinem?</strong></span> <span class='ocrx_word' id='word_1_703' title='bbox 3454 3685 3658 3738; x_wconf 78' lang='lat' dir='ltr'><strong>Dixerit</strong></span> 
     </span>
    </p>
   </div>
   <div class='ocr_carea' id='block_1_86' title="bbox 2079 3777 3657 3850">
    <p class='ocr_par' dir='ltr' id='par_1_86' title="bbox 2079 3777 3657 3850">
     <span class='ocr_line' id='line_1_86' title="bbox 2079 3777 3657 3850; baseline 0 -18"><span class='ocrx_word' id='word_1_704' title='bbox 2079 3779 2314 3835; x_wconf 86' lang='lat' dir='ltr'><strong>fortasse</strong></span> <span class='ocrx_word' id='word_1_705' title='bbox 2355 3780 2626 3850; x_wconf 83' lang='lat' dir='ltr'><strong>quispiam</strong></span> <span class='ocrx_word' id='word_1_706' title='bbox 2657 3794 2920 3835; x_wconf 90' lang='lat' dir='ltr'><strong>numeros</strong></span> <span class='ocrx_word' id='word_1_707' title='bbox 2945 3777 3188 3848; x_wconf 82' lang='lat' dir='ltr'><strong>singulos</strong></span> <span class='ocrx_word' id='word_1_708' title='bbox 3216 3777 3452 3846; x_wconf 88' lang='lat' dir='ltr'><strong>aliquam</strong></span> <span class='ocrx_word' id='word_1_709' title='bbox 3489 3777 3657 3832; x_wconf 72' lang='lat' dir='ltr'><strong>virtu-</strong></span> 
     </span>
    </p>
   </div>
   <div class='ocr_carea' id='block_1_87' title="bbox 2075 3868 3657 3939">
    <p class='ocr_par' dir='ltr' id='par_1_87' title="bbox 2075 3868 3657 3939">
     <span class='ocr_line' id='line_1_87' title="bbox 2075 3868 3657 3939; baseline -0.004 -15"><span class='ocrx_word' id='word_1_710' title='bbox 2075 3878 2184 3924; x_wconf 86' lang='lat' dir='ltr'><strong>tem</strong></span> <span class='ocrx_word' id='word_1_711' title='bbox 2207 3869 2515 3939; x_wconf 88' lang='lat' dir='ltr'><strong>complecti,</strong></span> <span class='ocrx_word' id='word_1_712' title='bbox 2535 3870 2837 3925; x_wconf 86' lang='lat' dir='ltr'><strong>secundum</strong></span> <span class='ocrx_word' id='word_1_713' title='bbox 2869 3870 3182 3924; x_wconf 86' lang='lat' dir='ltr'><strong>numericas</strong></span> <span class='ocrx_word' id='word_1_714' title='bbox 3212 3869 3453 3924; x_wconf 85' lang='lat' dir='ltr'><strong>rationes</strong></span> <span class='ocrx_word' id='word_1_715' title='bbox 3481 3868 3657 3922; x_wconf 85' lang='lat' dir='ltr'><strong>consi-</strong></span> 
     </span>
    </p>
   </div>
   <div class='ocr_carea' id='block_1_88' title="bbox 2076 3962 3652 4032">
    <p class='ocr_par' dir='ltr' id='par_1_88' title="bbox 2076 3962 3652 4032">
     <span class='ocr_line' id='line_1_88' title="bbox 2076 3962 3652 4032; baseline -0.002 -15"><span class='ocrx_word' id='word_1_716' title='bbox 2076 3963 2314 4018; x_wconf 88' lang='lat' dir='ltr'><strong>deratam</strong></span> <span class='ocrx_word' id='word_1_717' title='bbox 2339 3979 2354 4030; x_wconf 90' lang='lat'><strong>;</strong></span> <span class='ocrx_word' id='word_1_718' title='bbox 2381 3972 2440 4017; x_wconf 93' lang='lat' dir='ltr'><strong>ut</strong></span> <span class='ocrx_word' id='word_1_719' title='bbox 2473 3964 2708 4032; x_wconf 78' lang='lat' dir='ltr'><strong>exempli</strong></span> <span class='ocrx_word' id='word_1_720' title='bbox 2741 3979 2926 4029; x_wconf 88' lang='lat' dir='ltr'><strong>causa,</strong></span> <span class='ocrx_word' id='word_1_721' title='bbox 2947 3964 3007 4016; x_wconf 74' lang='lat' dir='ltr'><strong>.in</strong></span> <span class='ocrx_word' id='word_1_722' title='bbox 3032 3963 3215 4016; x_wconf 85' lang='lat' dir='ltr'><strong>divina</strong></span> <span class='ocrx_word' id='word_1_723' title='bbox 3252 3962 3530 4032; x_wconf 86' lang='lat' dir='ltr'><strong>Scriptura</strong></span> <span class='ocrx_word' id='word_1_724' title='bbox 3561 3977 3652 4015; x_wconf 86' lang='lat' dir='ltr'><strong>se-</strong></span> 
     </span>
    </p>
   </div>
   <div class='ocr_carea' id='block_1_89' title="bbox 2074 4053 3652 4124">
    <p class='ocr_par' dir='ltr' id='par_1_89' title="bbox 2074 4053 3652 4124">
     <span class='ocr_line' id='line_1_89' title="bbox 2074 4053 3652 4124; baseline -0.002 -16"><span class='ocrx_word' id='word_1_725' title='bbox 2074 4056 2357 4124; x_wconf 84' lang='lat' dir='ltr'><strong>ptenarius</strong></span> <span class='ocrx_word' id='word_1_726' title='bbox 2405 4069 2666 4114; x_wconf 87' lang='lat' dir='ltr'><strong>numerus</strong></span> <span class='ocrx_word' id='word_1_727' title='bbox 2690 4057 2742 4109; x_wconf 92' lang='lat' dir='ltr'><strong>in</strong></span> <span class='ocrx_word' id='word_1_728' title='bbox 2772 4055 2981 4110; x_wconf 81' lang='lat' dir='ltr'><strong>honore</strong></span> <span class='ocrx_word' id='word_1_729' title='bbox 3010 4054 3260 4121; x_wconf 88' lang='lat' dir='ltr'><strong>habetur,</strong></span> <span class='ocrx_word' id='word_1_730' title='bbox 3292 4055 3360 4108; x_wconf 93' lang='lat' dir='ltr'><strong>ob</strong></span> <span class='ocrx_word' id='word_1_731' title='bbox 3387 4053 3652 4122; x_wconf 87' lang='lat' dir='ltr'><strong>quasdam</strong></span> 
     </span>
    </p>
   </div>
   <div class='ocr_carea' id='block_1_90' title="bbox 2074 4144 3654 4214">
    <p class='ocr_par' dir='ltr' id='par_1_90' title="bbox 2074 4144 3654 4214">
     <span class='ocr_line' id='line_1_90' title="bbox 2074 4144 3654 4214; baseline -0.001 -15"><span class='ocrx_word' id='word_1_732' title='bbox 2074 4145 2352 4211; x_wconf 87' lang='lat' dir='ltr'><strong>rationes;</strong></span> <span class='ocrx_word' id='word_1_733' title='bbox 2386 4160 2511 4200; x_wconf 89' lang='lat' dir='ltr'><strong>nam</strong></span> <span class='ocrx_word' id='word_1_734' title='bbox 2543 4146 2598 4200; x_wconf 87' lang='lat' dir='ltr'><strong>in</strong></span> <span class='ocrx_word' id='word_1_735' title='bbox 2651 4156 2858 4214; x_wconf 83' lang='lat' dir='ltr'><strong>septem</strong></span> <span class='ocrx_word' id='word_1_736' title='bbox 2893 4146 3082 4200; x_wconf 89' lang='lat' dir='ltr'><strong>diebus</strong></span> <span class='ocrx_word' id='word_1_737' title='bbox 3121 4144 3414 4202; x_wconf 86' lang='lat' dir='ltr'><strong>Sabbatum</strong></span> <span class='ocrx_word' id='word_1_738' title='bbox 3452 4158 3654 4213; x_wconf 70' lang='lat' dir='ltr'><strong>praaro-</strong></span> 
     </span>
    </p>
   </div>
   <div class='ocr_carea' id='block_1_91' title="bbox 2074 4235 3654 4306">
    <p class='ocr_par' dir='ltr' id='par_1_91' title="bbox 2074 4235 3654 4306">
     <span class='ocr_line' id='line_1_91' title="bbox 2074 4235 3654 4306; baseline 0 -17"><span class='ocrx_word' id='word_1_739' title='bbox 2074 4235 2253 4306; x_wconf 78' lang='lat' dir='ltr'><strong>gativa</strong></span> <span class='ocrx_word' id='word_1_740' title='bbox 2279 4237 2563 4306; x_wconf 83' lang='lat' dir='ltr'><strong>dignatur;</strong></span> <span class='ocrx_word' id='word_1_741' title='bbox 2599 4247 2653 4293; x_wconf 86' lang='lat' dir='ltr'><strong>et</strong></span> <span class='ocrx_word' id='word_1_742' title='bbox 2685 4239 2736 4291; x_wconf 92' lang='lat' dir='ltr'><strong>in</strong></span> <span class='ocrx_word' id='word_1_743' title='bbox 2770 4247 2974 4306; x_wconf 88' lang='lat' dir='ltr'><strong>septem</strong></span> <span class='ocrx_word' id='word_1_744' title='bbox 3009 4237 3435 4293; x_wconf 87' lang='lat' dir='ltr'><strong>hebdomadibus</strong></span> <span class='ocrx_word' id='word_1_745' title='bbox 3457 4237 3654 4290; x_wconf 82' lang='lat' dir='ltr'><strong>Pente-</strong></span> 
     </span>
    </p>
   </div>
   <div class='ocr_carea' id='block_1_92' title="bbox 2074 4326 3652 4400">
    <p class='ocr_par' dir='ltr' id='par_1_92' title="bbox 2074 4326 3652 4400">
     <span class='ocr_line' id='line_1_92' title="bbox 2074 4326 3652 4400; baseline 0 -20"><span class='ocrx_word' id='word_1_746' title='bbox 2074 4337 2224 4382; x_wconf 81' lang='lat' dir='ltr'><strong>coste</strong></span> <span class='ocrx_word' id='word_1_747' title='bbox 2250 4341 2264 4394; x_wconf 90' lang='lat'><strong>;</strong></span> <span class='ocrx_word' id='word_1_748' title='bbox 2294 4327 2346 4380; x_wconf 91' lang='lat' dir='ltr'><strong>in</strong></span> <span class='ocrx_word' id='word_1_749' title='bbox 2384 4328 2662 4384; x_wconf 90' lang='lat' dir='ltr'><strong>mensibus</strong></span> <span class='ocrx_word' id='word_1_750' title='bbox 2697 4329 2959 4400; x_wconf 86' lang='lat' dir='ltr'><strong>septimus</strong></span> <span class='ocrx_word' id='word_1_751' title='bbox 2999 4329 3236 4394; x_wconf 89' lang='lat' dir='ltr'><strong>mensis;</strong></span> <span class='ocrx_word' id='word_1_752' title='bbox 3269 4329 3320 4381; x_wconf 91' lang='lat' dir='ltr'><strong>in</strong></span> <span class='ocrx_word' id='word_1_753' title='bbox 3358 4326 3517 4380; x_wconf 91' lang='lat' dir='ltr'><strong>annis</strong></span> <span class='ocrx_word' id='word_1_754' title='bbox 3562 4341 3652 4380; x_wconf 88' lang='lat' dir='ltr'><strong>au-</strong></span> 
     </span>
    </p>
   </div>
   <div class='ocr_carea' id='block_1_93' title="bbox 2077 4419 3648 4490">
    <p class='ocr_par' dir='ltr' id='par_1_93' title="bbox 2077 4419 3648 4490">
     <span class='ocr_line' id='line_1_93' title="bbox 2077 4419 3648 4490; baseline 0 -18"><span class='ocrx_word' id='word_1_755' title='bbox 2077 4426 2185 4473; x_wconf 87' lang='lat' dir='ltr'><strong>tem</strong></span> <span class='ocrx_word' id='word_1_756' title='bbox 2217 4419 2479 4489; x_wconf 85' lang='lat' dir='ltr'><strong>septimus</strong></span> <span class='ocrx_word' id='word_1_757' title='bbox 2505 4437 2521 4485; x_wconf 90' lang='lat'><strong>;</strong></span> <span class='ocrx_word' id='word_1_758' title='bbox 2551 4430 2605 4474; x_wconf 90' lang='lat' dir='ltr'><strong>et</strong></span> <span class='ocrx_word' id='word_1_759' title='bbox 2655 4422 2706 4474; x_wconf 94' lang='lat' dir='ltr'><strong>in</strong></span> <span class='ocrx_word' id='word_1_760' title='bbox 2747 4421 3193 4490; x_wconf 87' lang='lat' dir='ltr'><strong>multiplicatione</strong></span> <span class='ocrx_word' id='word_1_761' title='bbox 3219 4419 3648 4488; x_wconf 89' lang='lat' dir='ltr'><strong>septenariorum</strong></span> 
     </span>
    </p>
   </div>
   <div class='ocr_carea' id='block_1_94' title="bbox 2073 4509 3648 4580">
    <p class='ocr_par' dir='ltr' id='par_1_94' title="bbox 2073 4509 3648 4580">
     <span class='ocr_line' id='line_1_94' title="bbox 2073 4509 3648 4580; baseline 0 -16"><span class='ocrx_word' id='word_1_762' title='bbox 2073 4525 2170 4580; x_wconf 90' lang='lat' dir='ltr'><strong>per</strong></span> <span class='ocrx_word' id='word_1_763' title='bbox 2208 4527 2399 4576; x_wconf 88' lang='lat' dir='ltr'><strong>annos,</strong></span> <span class='ocrx_word' id='word_1_764' title='bbox 2429 4509 2695 4567; x_wconf 67' lang='lat' dir='ltr'><strong>Jubilaeus-</strong></span> <span class='ocrx_word' id='word_1_765' title='bbox 2713 4523 2922 4580; x_wconf 87' lang='lat' dir='ltr'><strong>septem</strong></span> <span class='ocrx_word' id='word_1_766' title='bbox 2939 4528 3203 4568; x_wconf 88' lang='lat' dir='ltr'><strong>annorum</strong></span> <span class='ocrx_word' id='word_1_767' title='bbox 3222 4512 3648 4568; x_wconf 88' lang='lat' dir='ltr'><strong>hebdomadibus</strong></span> 
     </span>
    </p>
   </div>
   <div class='ocr_carea' id='block_1_95' title="bbox 388 4594 1981 4679">
    <p class='ocr_par' dir='ltr' id='par_1_95' title="bbox 388 4594 1970 4679">
     <span class='ocr_line' id='line_1_95' title="bbox 388 4594 1970 4679; baseline 0.011 -35"><span class='ocrx_word' id='word_1_768' title='bbox 388 4608 479 4645; x_wconf 88' lang='grc' dir='ltr'><strong>ται</strong></span> <span class='ocrx_word' id='word_1_769' title='bbox 502 4594 607 4665; x_wconf 86' lang='grc' dir='ltr'><strong>πρὸ</strong></span> <span class='ocrx_word' id='word_1_770' title='bbox 628 4595 723 4649; x_wconf 94' lang='grc' dir='ltr'><strong>τοῦ</strong></span> <span class='ocrx_word' id='word_1_771' title='bbox 751 4597 942 4668; x_wconf 87' lang='grc' dir='ltr'>χρόνου</span> <span class='ocrx_word' id='word_1_772' title='bbox 973 4599 1066 4652; x_wconf 89' lang='grc' dir='ltr'><strong>τοῦ</strong></span> <span class='ocrx_word' id='word_1_773' title='bbox 1085 4600 1226 4655; x_wconf 83' lang='grc' dir='ltr'>κατὰ</span> <span class='ocrx_word' id='word_1_774' title='bbox 1241 4602 1332 4656; x_wconf 89' lang='grc' dir='ltr'><strong>τὸν</strong></span> <span class='ocrx_word' id='word_1_775' title='bbox 1351 4603 1552 4674; x_wconf 89' lang='grc' dir='ltr'>τρίτον,</span> <span class='ocrx_word' id='word_1_776' title='bbox 1575 4605 1633 4670; x_wconf 83' lang='grc' dir='ltr'>ὃς</span> <span class='ocrx_word' id='word_1_777' title='bbox 1665 4605 1855 4679; x_wconf 85' lang='grc' dir='ltr'>ἐλέχθη</span> <span class='ocrx_word' id='word_1_778' title='bbox 1887 4608 1970 4678; x_wconf 77' lang='grc' dir='ltr'>τῷ</span> 
     </span>
    </p>
   </div>
   <div class='ocr_carea' id='block_1_96' title="bbox 2086 4594 3650 4679">
    <p class='ocr_par' dir='ltr' id='par_1_96' title="bbox 2086 4601 3650 4674">
     <span class='ocr_line' id='line_1_96' title="bbox 2086 4601 3650 4674; baseline 0.001 -20"><span class='ocrx_word' id='word_1_779' title='bbox 2086 4602 2390 4670; x_wconf 85' lang='lat' dir='ltr'><strong>:ompletus.</strong></span> <span class='ocrx_word' id='word_1_780' title='bbox 2424 4601 3098 4674; x_wconf 74' lang='lat' dir='ltr'><strong>Rursutnquedyas,,sive</strong></span> <span class='ocrx_word' id='word_1_781' title='bbox 3135 4603 3388 4668; x_wconf 85' lang='lat' dir='ltr'><strong>dualitas,</strong></span> <span class='ocrx_word' id='word_1_782' title='bbox 3417 4617 3516 4674; x_wconf 92' lang='lat' dir='ltr'><strong>pro</strong></span> <span class='ocrx_word' id='word_1_783' title='bbox 3547 4602 3650 4656; x_wconf 83' lang='lat' dir='ltr'><strong>im-</strong></span> 
     </span>
    </p>
   </div>
   <div class='ocr_carea' id='block_1_97' title="bbox 387 4683 1960 4767">
    <p class='ocr_par' dir='ltr' id='par_1_97' title="bbox 387 4683 1960 4767">
     <span class='ocr_line' id='line_1_97' title="bbox 387 4683 1960 4767; baseline 0.011 -32"><span class='ocrx_word' id='word_1_784' title='bbox 387 4683 552 4738; x_wconf 79' lang='grc' dir='ltr'>Δαυτδ</span> <span class='ocrx_word' id='word_1_785' title='bbox 569 4687 729 4756; x_wconf 81' lang='grc' dir='ltr'>ἡνίκα</span> <span class='ocrx_word' id='word_1_786' title='bbox 751 4691 1144 4764; x_wconf 85' lang='grc' dir='ltr'>ἀπεδίδρασκεν</span> <span class='ocrx_word' id='word_1_787' title='bbox 1159 4693 1267 4748; x_wconf 72' lang='grc' dir='ltr'><strong>ἀπὸ</strong></span> <span class='ocrx_word' id='word_1_788' title='bbox 1281 4694 1571 4767; x_wconf 84' lang='grc' dir='ltr'>προσώπου</span> <span class='ocrx_word' id='word_1_789' title='bbox 1587 4697 1681 4750; x_wconf 90' lang='grc' dir='ltr'><strong>τοῦ</strong></span> <span class='ocrx_word' id='word_1_790' title='bbox 1701 4699 1960 4752; x_wconf 77' lang='grc' dir='ltr'>Ἀϐεσσα-</span> 
     </span>
    </p>
   </div>
   <div class='ocr_carea' id='block_1_98' title="bbox 388 4773 1964 4862">
    <p class='ocr_par' dir='ltr' id='par_1_98' title="bbox 388 4773 1964 4862">
     <span class='ocr_line' id='line_1_98' title="bbox 388 4773 1964 4862; baseline 0.011 -36"><span class='ocrx_word' id='word_1_791' title='bbox 388 4773 509 4846; x_wconf 84' lang='grc' dir='ltr'><strong>λὼμ</strong></span> <span class='ocrx_word' id='word_1_792' title='bbox 520 4777 615 4830; x_wconf 88' lang='grc' dir='ltr'><strong>τοῦ</strong></span> <span class='ocrx_word' id='word_1_793' title='bbox 633 4779 748 4832; x_wconf 83' lang='grc' dir='ltr'>υἱοῦ</span> <span class='ocrx_word' id='word_1_794' title='bbox 766 4781 1066 4842; x_wconf 57' lang='grc' dir='ltr'>αὐτοῦΪΗν</span> <span class='ocrx_word' id='word_1_795' title='bbox 1093 4788 1135 4840; x_wconf 77' lang='grc' dir='ltr'>δ’</span> <span class='ocrx_word' id='word_1_796' title='bbox 1153 4783 1308 4853; x_wconf 79' lang='grc' dir='ltr'>οὕτος</span> <span class='ocrx_word' id='word_1_797' title='bbox 1337 4790 1527 4861; x_wconf 90' lang='grc' dir='ltr'>χρόνος</span> <span class='ocrx_word' id='word_1_798' title='bbox 1544 4791 1573 4842; x_wconf 90' lang='lat'><strong>6</strong></span> <span class='ocrx_word' id='word_1_799' title='bbox 1605 4791 1744 4861; x_wconf 81' lang='grc' dir='ltr'>μετὰ</span> <span class='ocrx_word' id='word_1_800' title='bbox 1755 4791 1853 4862; x_wconf 85' lang='grc' dir='ltr'>τὴν</span> <span class='ocrx_word' id='word_1_801' title='bbox 1869 4789 1964 4846; x_wconf 91' lang='grc' dir='ltr'><strong>τοῦ</strong></span> 
     </span>
    </p>
   </div>
   <div class='ocr_carea' id='block_1_99' title="bbox 2067 4693 3644 4767">
    <p class='ocr_par' dir='ltr' id='par_1_99' title="bbox 2067 4693 3644 4767">
     <span class='ocr_line' id='line_1_99' title="bbox 2067 4693 3644 4767; baseline 0.001 -19"><span class='ocrx_word' id='word_1_802' title='bbox 2067 4708 2203 4762; x_wconf 83' lang='lat' dir='ltr'><strong>puro</strong></span> <span class='ocrx_word' id='word_1_803' title='bbox 2235 4709 2458 4750; x_wconf 85' lang='lat' dir='ltr'><strong>numero</strong></span> <span class='ocrx_word' id='word_1_804' title='bbox 2487 4706 2852 4765; x_wconf 88' lang='lat' dir='ltr'><strong>computatur.</strong></span> <span class='ocrx_word' id='word_1_805' title='bbox 2885 4697 3098 4751; x_wconf 90' lang='lat' dir='ltr'><strong>Dictum</strong></span> <span class='ocrx_word' id='word_1_806' title='bbox 3127 4697 3322 4767; x_wconf 84' lang='lat' dir='ltr'><strong>quippe</strong></span> <span class='ocrx_word' id='word_1_807' title='bbox 3357 4695 3456 4750; x_wconf 84' lang='lat' dir='ltr'><strong>fuit</strong></span> <span class='ocrx_word' id='word_1_808' title='bbox 3487 4693 3600 4751; x_wconf 85' lang='lat' dir='ltr'><strong>Noe</strong></span> <span class='ocrx_word' id='word_1_809' title='bbox 3629 4713 3644 4750; x_wconf 91' lang='lat'><strong>:</strong></span> 
     </span>
    </p>
   </div>
   <div class='ocr_carea' id='block_1_100' title="bbox 2073 4783 3644 4862">
    <p class='ocr_par' dir='ltr' id='par_1_100' title="bbox 2073 4783 3644 4862">
     <span class='ocr_line' id='line_1_100' title="bbox 2073 4783 3644 4862; baseline 0.003 -24"><span class='ocrx_word' id='word_1_810' title='bbox 2073 4803 2092 4837; x_wconf 77' lang='grc' dir='ltr'><strong>ι</strong></span> <span class='ocrx_word' id='word_1_811' title='bbox 2130 4783 2357 4840; x_wconf 87' lang='lat' dir='ltr'><strong>lnduces</strong></span> <span class='ocrx_word' id='word_1_812' title='bbox 2388 4787 2439 4841; x_wconf 92' lang='lat' dir='ltr'><strong>in</strong></span> <span class='ocrx_word' id='word_1_813' title='bbox 2481 4803 2662 4843; x_wconf 85' lang='lat' dir='ltr'><strong>arcam</strong></span> <span class='ocrx_word' id='word_1_814' title='bbox 2701 4791 3028 4846; x_wconf 89' lang='lat' dir='ltr'><strong>mundorum</strong></span> <span class='ocrx_word' id='word_1_815' title='bbox 3075 4792 3290 4862; x_wconf 87' lang='lat' dir='ltr'><strong>quidem</strong></span> <span class='ocrx_word' id='word_1_816' title='bbox 3331 4790 3644 4845; x_wconf 89' lang='lat' dir='ltr'><strong>animalium</strong></span> 
     </span>
    </p>
   </div>
   <div class='ocr_carea' id='block_1_101' title="bbox 388 4869 1981 4955">
    <p class='ocr_par' dir='ltr' id='par_1_101' title="bbox 388 4869 1966 4955">
     <span class='ocr_line' id='line_1_101' title="bbox 388 4869 1966 4955; baseline 0.011 -38"><span class='ocrx_word' id='word_1_817' title='bbox 388 4869 756 4945; x_wconf 85' lang='grc' dir='ltr'>πεντηκοστοῦ</span> <span class='ocrx_word' id='word_1_818' title='bbox 797 4872 1200 4949; x_wconf 78' lang='grc' dir='ltr'>ἐξομολόγησιν.</span> <span class='ocrx_word' id='word_1_819' title='bbox 1242 4880 1375 4933; x_wconf 92' lang='grc' dir='ltr'>Τίνα</span> <span class='ocrx_word' id='word_1_820' title='bbox 1397 4877 1490 4934; x_wconf 84' lang='grc' dir='ltr'><strong>οὖν</strong></span> <span class='ocrx_word' id='word_1_821' title='bbox 1519 4879 1752 4955; x_wconf 78' lang='grc' dir='ltr'>ἅρα(55)</span> <span class='ocrx_word' id='word_1_822' title='bbox 1785 4881 1966 4936; x_wconf 88' lang='grc' dir='ltr'>τοιαύ-</span> 
     </span>
    </p>
   </div>
   <div class='ocr_carea' id='block_1_102' title="bbox 2086 4869 3640 4955">
    <p class='ocr_par' dir='ltr' id='par_1_102' title="bbox 2086 4882 3640 4950">
     <span class='ocr_line' id='line_1_102' title="bbox 2086 4882 3640 4950; baseline 0.003 -18"><span class='ocrx_word' id='word_1_823' title='bbox 2086 4889 2274 4947; x_wconf 72' lang='lat' dir='ltr'><strong>septem</strong></span> <span class='ocrx_word' id='word_1_824' title='bbox 2301 4891 2355 4934; x_wconf 87' lang='lat' dir='ltr'><strong>et</strong></span> <span class='ocrx_word' id='word_1_825' title='bbox 2377 4890 2608 4950; x_wconf 86' lang='lat' dir='ltr'><strong>septem,</strong></span> <span class='ocrx_word' id='word_1_826' title='bbox 2630 4883 3031 4942; x_wconf 87' lang='lat' dir='ltr'><strong>immundoer</strong></span> <span class='ocrx_word' id='word_1_827' title='bbox 3058 4893 3236 4940; x_wconf 89' lang='lat' dir='ltr'><strong>autem</strong></span> <span class='ocrx_word' id='word_1_828' title='bbox 3263 4887 3368 4940; x_wconf 83' lang='lat' dir='ltr'><strong>duo</strong></span> <span class='ocrx_word' id='word_1_829' title='bbox 3391 4892 3443 4937; x_wconf 91' lang='lat' dir='ltr'><strong>et</strong></span> <span class='ocrx_word' id='word_1_830' title='bbox 3463 4882 3588 4938; x_wconf 89' lang='lat' dir='ltr'><strong>duo.</strong></span> <span class='ocrx_word' id='word_1_831' title='bbox 3621 4900 3640 4935; x_wconf 92' lang='lat'><strong>3</strong></span> 
     </span>
    </p>
   </div>
   <div class='ocr_carea' id='block_1_103' title="bbox 385 4961 1965 5044">
    <p class='ocr_par' dir='ltr' id='par_1_103' title="bbox 385 4961 1965 5044">
     <span class='ocr_line' id='line_1_103' title="bbox 385 4961 1965 5044; baseline 0.005 -26"><span class='ocrx_word' id='word_1_832' title='bbox 385 4972 487 5028; x_wconf 80' lang='grc' dir='ltr'><strong>την</strong></span> <span class='ocrx_word' id='word_1_833' title='bbox 515 4961 758 5034; x_wconf 79' lang='grc' dir='ltr'>περιέχει</span> <span class='ocrx_word' id='word_1_834' title='bbox 786 4965 972 5032; x_wconf 79' lang='grc' dir='ltr'>τάξιν;</span> <span class='ocrx_word' id='word_1_835' title='bbox 1019 4970 1078 5022; x_wconf 83' lang='lat'><strong>&#39;0</strong></span> <span class='ocrx_word' id='word_1_836' title='bbox 1111 4971 1210 5040; x_wconf 86' lang='grc' dir='ltr'><strong>μέν</strong></span> <span class='ocrx_word' id='word_1_837' title='bbox 1243 4989 1327 5036; x_wconf 87' lang='grc' dir='ltr'><strong>τις</strong></span> <span class='ocrx_word' id='word_1_838' title='bbox 1354 4972 1499 5026; x_wconf 73' lang='grc' dir='ltr'>εἴποι</span> <span class='ocrx_word' id='word_1_839' title='bbox 1529 4972 1672 5044; x_wconf 78' lang='grc' dir='ltr'>ἔχειν</span> <span class='ocrx_word' id='word_1_840' title='bbox 1702 4975 1825 5028; x_wconf 79' lang='grc' dir='ltr'>τινὰ</span> <span class='ocrx_word' id='word_1_841' title='bbox 1855 4973 1965 5026; x_wconf 83' lang='grc' dir='ltr'><strong>τῶν</strong></span> 
     </span>
    </p>
   </div>
   <div class='ocr_carea' id='block_1_104' title="bbox 457 5053 1490 5133">
    <p class='ocr_par' dir='ltr' id='par_1_104' title="bbox 457 5053 1490 5133">
     <span class='ocr_line' id='line_1_104' title="bbox 457 5053 1490 5133; baseline 0.016 -27"><span class='ocrx_word' id='word_1_842' title='bbox 457 5053 505 5087; x_wconf 81' lang='grc'><strong><em>⁸⁸</em></strong></span> <span class='ocrx_word' id='word_1_843' title='bbox 531 5054 671 5112; x_wconf 83' lang='lat' dir='ltr'><strong>Psal.</strong></span> <span class='ocrx_word' id='word_1_844' title='bbox 705 5073 780 5126; x_wconf 77' lang='grc' dir='ltr'><strong>ιν,</strong></span> <span class='ocrx_word' id='word_1_845' title='bbox 819 5059 873 5114; x_wconf 77' lang='grc'>2.</span> <span class='ocrx_word' id='word_1_846' title='bbox 949 5063 993 5094; x_wconf 75' lang='grc'><strong>³⁸</strong></span> <span class='ocrx_word' id='word_1_847' title='bbox 1024 5063 1170 5118; x_wconf 87' lang='lat' dir='ltr'><strong>Psal.</strong></span> <span class='ocrx_word' id='word_1_848' title='bbox 1205 5081 1277 5132; x_wconf 73' lang='grc' dir='ltr'>γι,</span> <span class='ocrx_word' id='word_1_849' title='bbox 1312 5067 1365 5133; x_wconf 89' lang='grc'>9,</span> <span class='ocrx_word' id='word_1_850' title='bbox 1402 5069 1490 5124; x_wconf 83' lang='lat' dir='ltr'><strong>ll).</strong></span> 
     </span>
    </p>
   </div>
   <div class='ocr_carea' id='block_1_105' title="bbox 418 5165 1970 5254">
    <p class='ocr_par' dir='ltr' id='par_1_105' title="bbox 418 5165 1970 5254">
     <span class='ocr_line' id='line_1_105' title="bbox 418 5165 1970 5254; baseline 0.009 -31"><span class='ocrx_word' id='word_1_851' title='bbox 418 5165 571 5254; x_wconf 49' lang='lat' dir='ltr'><strong>J29)</strong></span> <span class='ocrx_word' id='word_1_852' title='bbox 626 5169 782 5254; x_wconf 74' lang='lat' dir='ltr'><strong>_IIp6c</strong></span> <span class='ocrx_word' id='word_1_853' title='bbox 811 5171 920 5227; x_wconf 81' lang='grc' dir='ltr'>τὸν</span> <span class='ocrx_word' id='word_1_854' title='bbox 945 5175 1099 5230; x_wconf 68' lang='grc' dir='ltr'>υἱόν.</span> <span class='ocrx_word' id='word_1_855' title='bbox 1142 5176 1322 5232; x_wconf 85' lang='lat' dir='ltr'><strong>Codex</strong></span> <span class='ocrx_word' id='word_1_856' title='bbox 1357 5179 1676 5248; x_wconf 83' lang='lat' dir='ltr'><strong>Vaticanus,</strong></span> <span class='ocrx_word' id='word_1_857' title='bbox 1723 5182 1860 5254; x_wconf 84' lang='grc' dir='ltr'>πρὸς</span> <span class='ocrx_word' id='word_1_858' title='bbox 1907 5183 1970 5237; x_wconf 86' lang='grc' dir='ltr'><strong>τὸ</strong></span> 
     </span>
    </p>
   </div>
   <div class='ocr_carea' id='block_1_106' title="bbox 382 5251 636 5294">
    <p class='ocr_par' dir='ltr' id='par_1_106' title="bbox 382 5251 636 5294">
     <span class='ocr_line' id='line_1_106' title="bbox 382 5251 636 5294; baseline 0.008 -1"><span class='ocrx_word' id='word_1_859' title='bbox 382 5253 502 5294; x_wconf 66' lang='grc' dir='ltr'>νυν.</span> <span class='ocrx_word' id='word_1_860' title='bbox 613 5251 636 5262; x_wconf 82' lang='lat'><strong><em>&quot;</em></strong></span> 
     </span>
    </p>
   </div>
   <div class='ocr_carea' id='block_1_107' title="bbox 459 5306 1580 5449">
    <p class='ocr_par' dir='ltr' id='par_1_107' title="bbox 459 5306 1580 5449">
     <span class='ocr_line' id='line_1_107' title="bbox 459 5306 1580 5449; baseline 0.013 -90"><span class='ocrx_word' id='word_1_861' title='bbox 459 5306 572 5449; x_wconf 42' lang='lat'><strong>£50)</strong></span> <span class='ocrx_word' id='word_1_862' title='bbox 605 5309 785 5364; x_wconf 81' lang='lat' dir='ltr'><strong>Codex</strong></span> <span class='ocrx_word' id='word_1_863' title='bbox 815 5310 1134 5378; x_wconf 71' lang='lat' dir='ltr'><strong>Vaticanus,</strong></span> <span class='ocrx_word' id='word_1_864' title='bbox 1173 5317 1580 5389; x_wconf 79' lang='grc' dir='ltr'>ἐπεγέγραπτο.</span> 
     </span>
     <span class='ocr_line' id='line_1_108' title="bbox 481 5377 1580 5449; baseline 0.013 -19"><span class='ocrx_word' id='word_1_865' title='bbox 481 5377 572 5447; x_wconf 73' lang='grc'><strong>51)</strong></span> <span class='ocrx_word' id='word_1_866' title='bbox 607 5378 788 5433; x_wconf 78' lang='lat' dir='ltr'><strong>Codex</strong></span> <span class='ocrx_word' id='word_1_867' title='bbox 836 5380 1128 5438; x_wconf 77' lang='lat' dir='ltr'><strong>Vaticanus</strong></span> <span class='ocrx_word' id='word_1_868' title='bbox 1165 5387 1262 5449; x_wconf 82' lang='grc' dir='ltr'><strong>τὴν</strong></span> <span class='ocrx_word' id='word_1_869' title='bbox 1309 5391 1490 5449; x_wconf 78' lang='grc' dir='ltr'>φωνὴν</span> <span class='ocrx_word' id='word_1_870' title='bbox 1538 5410 1580 5444; x_wconf 76' lang='grc' dir='ltr'><strong>τι</strong></span> 
     </span>
    </p>
   </div>
   <div class='ocr_carea' id='block_1_108' title="bbox 481 5377 1961 5463">
    <p class='ocr_par' dir='ltr' id='par_1_108' title="bbox 481 5377 1961 5463">
     <span class='ocr_line' id='line_1_109' title="bbox 481 5377 1961 5463; baseline 0.012 -34"><span class='ocrx_word' id='word_1_871' title='bbox 481 5377 581 5463; x_wconf 47' lang='lat' dir='ltr'><strong>Si).</strong></span> <span class='ocrx_word' id='word_1_872' title='bbox 607 5378 788 5463; x_wconf 59' lang='lat' dir='ltr'><strong>Qodex</strong></span> <span class='ocrx_word' id='word_1_873' title='bbox 836 5377 1139 5463; x_wconf 55' lang='lat' dir='ltr'><strong>Yaticatms</strong></span> <span class='ocrx_word' id='word_1_874' title='bbox 1165 5377 1490 5463; x_wconf 62' lang='grc' dir='ltr'>τὴν’ςεωνὴν</span> <span class='ocrx_word' id='word_1_875' title='bbox 1538 5392 1636 5445; x_wconf 85' lang='grc' dir='ltr'><strong>τοῦ</strong></span> <span class='ocrx_word' id='word_1_876' title='bbox 1679 5392 1961 5463; x_wconf 83' lang='grc' dir='ltr'>κλαυθμοῦ</span> 
     </span>
    </p>
   </div>
   <div class='ocr_carea' id='block_1_109' title="bbox 386 5450 1954 5536">
    <p class='ocr_par' dir='ltr' id='par_1_109' title="bbox 386 5450 1954 5536">
     <span class='ocr_line' id='line_1_110' title="bbox 386 5450 1954 5536; baseline 0.011 -36"><span class='ocrx_word' id='word_1_877' title='bbox 386 5450 1059 5536; x_wconf 38' lang='grc' dir='ltr'>μουζὶείσῄκουσεΚύριος</span> <span class='ocrx_word' id='word_1_878' title='bbox 1078 5450 1392 5536; x_wconf 65' lang='grc' dir='ltr'>τῆς</span> <span class='ocrx_word' id='word_1_879' title='bbox 1412 5450 1530 5536; x_wconf 36' lang='grc' dir='ltr'>τῆς.</span> <span class='ocrx_word' id='word_1_880' title='bbox 1561 5463 1796 5536; x_wconf 74' lang='grc' dir='ltr'>δεήσεως</span> <span class='ocrx_word' id='word_1_881' title='bbox 1829 5450 1954 5534; x_wconf 71' lang='grc' dir='ltr'>μου.</span> 
     </span>
    </p>
   </div>
   <div class='ocr_carea' id='block_1_110' title="bbox 458 5518 1948 5600">
    <p class='ocr_par' dir='ltr' id='par_1_110' title="bbox 458 5518 1948 5600">
     <span class='ocr_line' id='line_1_111' title="bbox 458 5518 1948 5600; baseline 0.012 -30"><span class='ocrx_word' id='word_1_882' title='bbox 458 5518 570 5600; x_wconf 54' lang='grc' dir='ltr'><strong>(ἵε-2)</strong></span> <span class='ocrx_word' id='word_1_883' title='bbox 605 5518 669 5573; x_wconf 80' lang='grc' dir='ltr'><em>Οἱ</em></span> <span class='ocrx_word' id='word_1_884' title='bbox 699 5518 1110 5600; x_wconf 37' lang='grc' dir='ltr'>πλείουξηειο.</span> <span class='ocrx_word' id='word_1_885' title='bbox 1133 5518 1386 5600; x_wconf 52' lang='lat' dir='ltr'><strong>ﬁdamus</strong></span> <span class='ocrx_word' id='word_1_886' title='bbox 1411 5518 1721 5600; x_wconf 54' lang='lat' dir='ltr'><strong>Prologo&#39;iu</strong></span> <span class='ocrx_word' id='word_1_887' title='bbox 1753 5518 1948 5588; x_wconf 64' lang='lat' dir='ltr'><strong>librum</strong></span> 
     </span>
    </p>
   </div>
   <div class='ocr_carea' id='block_1_111' title="bbox 388 5585 1948 5666">
    <p class='ocr_par' dir='ltr' id='par_1_111' title="bbox 388 5585 1948 5666">
     <span class='ocr_line' id='line_1_112' title="bbox 388 5585 1948 5666; baseline 0.012 -27"><span class='ocrx_word' id='word_1_888' title='bbox 388 5585 747 5666; x_wconf 68' lang='lat' dir='ltr'><strong>[’salmorum,</strong></span> <span class='ocrx_word' id='word_1_889' title='bbox 783 5585 940 5666; x_wconf 67' lang='grc' dir='ltr'>ιιιιιιιξ</span> <span class='ocrx_word' id='word_1_890' title='bbox 960 5585 1065 5648; x_wconf 76' lang='grc' dir='ltr'><strong>οι</strong></span> <span class='ocrx_word' id='word_1_891' title='bbox 1126 5595 1370 5652; x_wconf 75' lang='lat' dir='ltr'><strong>Psalmus</strong></span> <span class='ocrx_word' id='word_1_892' title='bbox 1424 5585 1606 5654; x_wconf 52' lang='lat' dir='ltr'><strong>tertia:</strong></span> <span class='ocrx_word' id='word_1_893' title='bbox 1663 5585 1948 5657; x_wconf 67' lang='lat' dir='ltr'><strong>secundum</strong></span> 
     </span>
    </p>
   </div>
   <div class='ocr_carea' id='block_1_112' title="bbox 382 5655 1944 5740">
    <p class='ocr_par' dir='ltr' id='par_1_112' title="bbox 382 5655 1944 5740">
     <span class='ocr_line' id='line_1_113' title="bbox 382 5655 1944 5740; baseline 0.012 -32"><span class='ocrx_word' id='word_1_894' title='bbox 382 5655 661 5740; x_wconf 60' lang='lat' dir='ltr'><strong>historiam</strong></span> <span class='ocrx_word' id='word_1_895' title='bbox 705 5655 1131 5740; x_wconf 69' lang='lat' dir='ltr'><strong>quinquagesimo</strong></span> <span class='ocrx_word' id='word_1_896' title='bbox 1177 5669 1380 5730; x_wconf 78' lang='lat' dir='ltr'><strong>psalmo</strong></span> <span class='ocrx_word' id='word_1_897' title='bbox 1420 5655 1826 5735; x_wconf 66' lang='lat' dir='ltr'><strong>posteriareat:</strong></span> <span class='ocrx_word' id='word_1_898' title='bbox 1861 5655 1944 5726; x_wconf 11' lang='lat' dir='ltr'><strong>ini-7</strong></span> 
     </span>
    </p>
   </div>
   <div class='ocr_carea' id='block_1_113' title="bbox 381 5734 1944 5807">
    <p class='ocr_par' dir='ltr' id='par_1_113' title="bbox 381 5734 1944 5807">
     <span class='ocr_line' id='line_1_114' title="bbox 381 5734 1944 5807; baseline 0.009 -27"><span class='ocrx_word' id='word_1_899' title='bbox 381 5734 594 5807; x_wconf 58' lang='lat' dir='ltr'><strong>cerialia</strong></span> <span class='ocrx_word' id='word_1_900' title='bbox 635 5746 854 5807; x_wconf 71' lang='lat' dir='ltr'><strong>namque</strong></span> <span class='ocrx_word' id='word_1_901' title='bbox 895 5734 1163 5807; x_wconf 65' lang='lat' dir='ltr'><strong>utriusque</strong></span> <span class='ocrx_word' id='word_1_902' title='bbox 1204 5740 1366 5807; x_wconf 79' lang='lat' dir='ltr'><strong>multo</strong></span> <span class='ocrx_word' id='word_1_903' title='bbox 1397 5734 1668 5796; x_wconf 76' lang='lat' dir='ltr'><strong>interuallo</strong></span> <span class='ocrx_word' id='word_1_904' title='bbox 1703 5746 1944 5806; x_wconf 65' lang='lat' dir='ltr'><strong>telum;sz</strong></span> 
     </span>
    </p>
   </div>
   <div class='ocr_carea' id='block_1_114' title="bbox 380 5803 1946 5879">
    <p class='ocr_par' dir='ltr' id='par_1_114' title="bbox 380 5803 1946 5879">
     <span class='ocr_line' id='line_1_115' title="bbox 380 5803 1946 5879; baseline 0.014 -30"><span class='ocrx_word' id='word_1_905' title='bbox 380 5803 654 5868; x_wconf 68' lang='lat' dir='ltr'><strong>(elatisque</strong></span> <span class='ocrx_word' id='word_1_906' title='bbox 677 5803 880 5862; x_wconf 77' lang='lat' dir='ltr'><strong>diversa</strong></span> <span class='ocrx_word' id='word_1_907' title='bbox 906 5816 1000 5859; x_wconf 75' lang='lat' dir='ltr'><strong>est.</strong></span> <span class='ocrx_word' id='word_1_908' title='bbox 1046 5804 1184 5860; x_wconf 80' lang='lat' dir='ltr'><strong>Nam</strong></span> <span class='ocrx_word' id='word_1_909' title='bbox 1211 5806 1294 5860; x_wconf 74' lang='lat' dir='ltr'><strong>hic</strong></span> <span class='ocrx_word' id='word_1_910' title='bbox 1325 5825 1438 5879; x_wconf 67' lang='lat' dir='ltr'><strong>quia</strong></span> <span class='ocrx_word' id='word_1_911' title='bbox 1473 5812 1565 5864; x_wconf 79' lang='lat' dir='ltr'><strong>sub</strong></span> <span class='ocrx_word' id='word_1_912' title='bbox 1594 5810 1722 5866; x_wconf 85' lang='lat' dir='ltr'><strong>Uria</strong></span> <span class='ocrx_word' id='word_1_913' title='bbox 1758 5803 1813 5868; x_wconf 73' lang='lat' dir='ltr'><strong>et</strong></span> <span class='ocrx_word' id='word_1_914' title='bbox 1841 5815 1946 5872; x_wconf 82' lang='lat' dir='ltr'><strong>Da-</strong></span> 
     </span>
    </p>
   </div>
   <div class='ocr_carea' id='block_1_115' title="bbox 2072 4970 3642 5049">
    <p class='ocr_par' dir='ltr' id='par_1_115' title="bbox 2072 4970 3642 5049">
     <span class='ocr_line' id='line_1_116' title="bbox 2072 4970 3642 5049; baseline 0.001 -21"><span class='ocrx_word' id='word_1_915' title='bbox 2072 4970 2344 5029; x_wconf 83' lang='lat' dir='ltr'><strong>Unitatetn</strong></span> <span class='ocrx_word' id='word_1_916' title='bbox 2369 4989 2498 5030; x_wconf 84' lang='lat' dir='ltr'><strong>vero</strong></span> <span class='ocrx_word' id='word_1_917' title='bbox 2530 4975 2686 5047; x_wconf 82' lang='lat' dir='ltr'><strong>longe</strong></span> <span class='ocrx_word' id='word_1_918' title='bbox 2733 4976 2882 5046; x_wconf 89' lang='lat' dir='ltr'><strong>prius</strong></span> <span class='ocrx_word' id='word_1_919' title='bbox 2911 4991 3075 5046; x_wconf 64' lang='lat' dir='ltr'><strong>esse,</strong></span> <span class='ocrx_word' id='word_1_920' title='bbox 3096 4978 3214 5036; x_wconf 77' lang='lat' dir='ltr'><strong>sire</strong></span> <span class='ocrx_word' id='word_1_921' title='bbox 3234 4993 3352 5032; x_wconf 90' lang='lat' dir='ltr'><strong>eam</strong></span> <span class='ocrx_word' id='word_1_922' title='bbox 3377 4991 3498 5049; x_wconf 66' lang='lat' dir='ltr'><strong>qua}</strong></span> <span class='ocrx_word' id='word_1_923' title='bbox 3525 4976 3642 5046; x_wconf 53' lang='lat' dir='ltr'><strong>pri,</strong></span> 
     </span>
    </p>
   </div>
   <div class='ocr_carea' id='block_1_116' title="bbox 2078 5177 3640 5251">
    <p class='ocr_par' dir='ltr' id='par_1_116' title="bbox 2078 5177 3640 5251">
     <span class='ocr_line' id='line_1_117' title="bbox 2078 5177 3640 5251; baseline 0.003 -21"><span class='ocrx_word' id='word_1_924' title='bbox 2078 5177 2164 5251; x_wconf 58' lang='lat' dir='ltr'><strong>viil</strong></span> <span class='ocrx_word' id='word_1_925' title='bbox 2193 5185 2314 5251; x_wconf 71' lang='lat' dir='ltr'><strong>sunt</strong></span> <span class='ocrx_word' id='word_1_926' title='bbox 2335 5187 2502 5251; x_wconf 68' lang='lat' dir='ltr'><strong>gesta,</strong></span> <span class='ocrx_word' id='word_1_927' title='bbox 2533 5180 2923 5246; x_wconf 75' lang='lat' dir='ltr'><strong>complectitur;</strong></span> <span class='ocrx_word' id='word_1_928' title='bbox 2953 5180 3038 5234; x_wconf 71' lang='lat' dir='ltr'><strong>ille</strong></span> <span class='ocrx_word' id='word_1_929' title='bbox 3051 5193 3224 5240; x_wconf 78' lang='lat' dir='ltr'><strong>autem</strong></span> <span class='ocrx_word' id='word_1_930' title='bbox 3243 5181 3422 5251; x_wconf 64' lang='lat' dir='ltr'><strong>fugam</strong></span> <span class='ocrx_word' id='word_1_931' title='bbox 3451 5181 3640 5245; x_wconf 76' lang='lat' dir='ltr'><strong>David;</strong></span> 
     </span>
    </p>
   </div>
   <div class='ocr_carea' id='block_1_117' title="bbox 2075 5247 3656 5323">
    <p class='ocr_par' dir='ltr' id='par_1_117' title="bbox 2075 5247 3656 5323">
     <span class='ocr_line' id='line_1_118' title="bbox 2075 5247 3656 5323; baseline 0.005 -25"><span class='ocrx_word' id='word_1_932' title='bbox 2075 5248 2361 5323; x_wconf 59' lang='lat' dir='ltr'><strong>dbessalon</strong></span> <span class='ocrx_word' id='word_1_933' title='bbox 2389 5247 2500 5314; x_wconf 77' lang='lat' dir='ltr'><strong>[ilio</strong></span> <span class='ocrx_word' id='word_1_934' title='bbox 2529 5265 2646 5301; x_wconf 80' lang='lat' dir='ltr'><strong>eum</strong></span> <span class='ocrx_word' id='word_1_935' title='bbox 2667 5261 3022 5320; x_wconf 82' lang='lat' dir='ltr'><strong>persequente,</strong></span> <span class='ocrx_word' id='word_1_936' title='bbox 3052 5247 3324 5323; x_wconf 56' lang='lat' dir='ltr'><strong>signi/icui</strong></span> <span class='ocrx_word' id='word_1_937' title='bbox 3347 5269 3366 5306; x_wconf 90' lang='lat'><strong><em>:</em></strong></span> <span class='ocrx_word' id='word_1_938' title='bbox 3390 5263 3436 5306; x_wconf 78' lang='lat' dir='ltr'><strong>et</strong></span> <span class='ocrx_word' id='word_1_939' title='bbox 3462 5262 3656 5323; x_wconf 72' lang='lat' dir='ltr'><strong>tamen</strong></span> 
     </span>
    </p>
   </div>
   <div class='ocr_carea' id='block_1_118' title="bbox 2073 5319 3636 5391">
    <p class='ocr_par' dir='ltr' id='par_1_118' title="bbox 2073 5319 3636 5391">
     <span class='ocr_line' id='line_1_119' title="bbox 2073 5319 3636 5391; baseline 0.004 -22"><span class='ocrx_word' id='word_1_940' title='bbox 2073 5319 2235 5391; x_wconf 63' lang='lat' dir='ltr'><strong>virtus</strong></span> <span class='ocrx_word' id='word_1_941' title='bbox 2265 5333 2325 5370; x_wconf 85' lang='lat' dir='ltr'><strong>ac</strong></span> <span class='ocrx_word' id='word_1_942' title='bbox 2362 5329 2747 5391; x_wconf 67' lang='lat' dir='ltr'><strong>sacramentum</strong></span> <span class='ocrx_word' id='word_1_943' title='bbox 2781 5323 2980 5376; x_wconf 81' lang='lat' dir='ltr'><strong>numeri</strong></span> <span class='ocrx_word' id='word_1_944' title='bbox 3005 5319 3225 5391; x_wconf 68' lang='lat' dir='ltr'><strong>perficit,</strong></span> <span class='ocrx_word' id='word_1_945' title='bbox 3257 5324 3392 5375; x_wconf 78' lang='lat' dir='ltr'><strong>hunc</strong></span> <span class='ocrx_word' id='word_1_946' title='bbox 3413 5334 3458 5375; x_wconf 85' lang='lat' dir='ltr'><strong>et</strong></span> <span class='ocrx_word' id='word_1_947' title='bbox 3489 5321 3636 5375; x_wconf 85' lang='lat' dir='ltr'><strong>illum</strong></span> 
     </span>
    </p>
   </div>
   <div class='ocr_carea' id='block_1_119' title="bbox 2068 5388 3634 5458">
    <p class='ocr_par' dir='ltr' id='par_1_119' title="bbox 2068 5388 3634 5458">
     <span class='ocr_line' id='line_1_120' title="bbox 2068 5388 3634 5458; baseline 0.003 -19"><span class='ocrx_word' id='word_1_948' title='bbox 2068 5388 2142 5458; x_wconf 71' lang='lat' dir='ltr'><strong>sic</strong></span> <span class='ocrx_word' id='word_1_949' title='bbox 2172 5404 2265 5454; x_wconf 83' lang='lat' dir='ltr'><strong>pro</strong></span> <span class='ocrx_word' id='word_1_950' title='bbox 2290 5389 2712 5458; x_wconf 8' lang='lat' dir='ltr'><strong>prompetentibus</strong></span> <span class='ocrx_word' id='word_1_951' title='bbox 2741 5401 2787 5443; x_wconf 83' lang='lat' dir='ltr'><strong>et</strong></span> <span class='ocrx_word' id='word_1_952' title='bbox 2835 5391 2935 5443; x_wconf 82' lang='lat' dir='ltr'><strong>sibi</strong></span> <span class='ocrx_word' id='word_1_953' title='bbox 2970 5388 3218 5458; x_wconf 71' lang='lat' dir='ltr'><strong>comjruis</strong></span> <span class='ocrx_word' id='word_1_954' title='bbox 3255 5392 3486 5446; x_wconf 76' lang='lat' dir='ltr'><strong>numeris</strong></span> <span class='ocrx_word' id='word_1_955' title='bbox 3522 5392 3634 5444; x_wconf 80' lang='lat' dir='ltr'><strong>col-</strong></span> 
     </span>
    </p>
   </div>
   <div class='ocr_carea' id='block_1_120' title="bbox 2066 5456 3651 5530">
    <p class='ocr_par' dir='ltr' id='par_1_120' title="bbox 2066 5456 3651 5530">
     <span class='ocr_line' id='line_1_121' title="bbox 2066 5456 3651 5530; baseline 0.004 -23"><span class='ocrx_word' id='word_1_956' title='bbox 2066 5457 2253 5530; x_wconf 73' lang='lat' dir='ltr'><strong>Iocari.</strong></span> <span class='ocrx_word' id='word_1_957' title='bbox 2277 5456 2478 5511; x_wconf 84' lang='lat' dir='ltr'><strong>Confer</strong></span> <span class='ocrx_word' id='word_1_958' title='bbox 2512 5457 2636 5530; x_wconf 89' lang='lat' dir='ltr'><strong>item</strong></span> <span class='ocrx_word' id='word_1_959' title='bbox 2667 5475 2816 5516; x_wconf 89' lang='lat' dir='ltr'><strong>num.</strong></span> <span class='ocrx_word' id='word_1_960' title='bbox 2847 5460 2912 5513; x_wconf 87' lang='lat' dir='ltr'><strong>ll)</strong></span> <span class='ocrx_word' id='word_1_961' title='bbox 2938 5471 2988 5513; x_wconf 90' lang='lat' dir='ltr'><strong>et</strong></span> <span class='ocrx_word' id='word_1_962' title='bbox 3023 5456 3087 5514; x_wconf 17' lang='lat' dir='ltr'><strong>lli</strong></span> <span class='ocrx_word' id='word_1_963' title='bbox 3108 5479 3227 5516; x_wconf 90' lang='lat' dir='ltr'><strong>cum</strong></span> <span class='ocrx_word' id='word_1_964' title='bbox 3259 5461 3651 5530; x_wconf 71' lang='lat' dir='ltr'><strong>sequentibus.,</strong></span> 
     </span>
    </p>
   </div>
   <div class='ocr_carea' id='block_1_121' title="bbox 2063 5528 3632 5601">
    <p class='ocr_par' dir='ltr' id='par_1_121' title="bbox 2063 5528 3632 5601">
     <span class='ocr_line' id='line_1_122' title="bbox 2063 5528 3632 5601; baseline 0.004 -23"><span class='ocrx_word' id='word_1_965' title='bbox 2063 5538 2118 5579; x_wconf 89' lang='lat' dir='ltr'><strong>et</strong></span> <span class='ocrx_word' id='word_1_966' title='bbox 2148 5528 2624 5601; x_wconf 33' lang='lat' dir='ltr'><strong>fateberisomnia</strong></span> <span class='ocrx_word' id='word_1_967' title='bbox 2669 5531 2784 5585; x_wconf 85' lang='lat' dir='ltr'><strong>fere</strong></span> <span class='ocrx_word' id='word_1_968' title='bbox 2837 5547 2901 5585; x_wconf 74' lang='lat' dir='ltr'><strong>ex</strong></span> <span class='ocrx_word' id='word_1_969' title='bbox 2950 5531 3181 5601; x_wconf 82' lang='lat' dir='ltr'><strong>Origene</strong></span> <span class='ocrx_word' id='word_1_970' title='bbox 3207 5528 3394 5589; x_wconf 81' lang='lat' dir='ltr'><strong>nostro</strong></span> <span class='ocrx_word' id='word_1_971' title='bbox 3419 5541 3632 5586; x_wconf 90' lang='lat' dir='ltr'><strong>mutua-</strong></span> 
     </span>
    </p>
   </div>
   <div class='ocr_carea' id='block_1_122' title="bbox 2061 5595 2652 5660">
    <p class='ocr_par' dir='ltr' id='par_1_122' title="bbox 2061 5595 2652 5660">
     <span class='ocr_line' id='line_1_123' title="bbox 2061 5595 2652 5660; baseline 0 -10"><span class='ocrx_word' id='word_1_972' title='bbox 2061 5606 2170 5656; x_wconf 83' lang='lat' dir='ltr'><strong>tum</strong></span> <span class='ocrx_word' id='word_1_973' title='bbox 2213 5613 2334 5654; x_wconf 80' lang='lat' dir='ltr'><strong>esse</strong></span> <span class='ocrx_word' id='word_1_974' title='bbox 2369 5595 2652 5660; x_wconf 84' lang='lat' dir='ltr'><strong>llilarium.</strong></span> 
     </span>
    </p>
   </div>
   <div class='ocr_carea' id='block_1_123' title="bbox 2126 5663 3649 5743">
    <p class='ocr_par' dir='ltr' id='par_1_123' title="bbox 2126 5663 3649 5743">
     <span class='ocr_line' id='line_1_124' title="bbox 2126 5663 3649 5743; baseline 0.006 -23"><span class='ocrx_word' id='word_1_975' title='bbox 2126 5667 2238 5736; x_wconf 79' lang='lat'><strong>(55)</strong></span> <span class='ocrx_word' id='word_1_976' title='bbox 2307 5667 2444 5722; x_wconf 81' lang='grc' dir='ltr'>Τίνα</span> <span class='ocrx_word' id='word_1_977' title='bbox 2474 5663 2584 5728; x_wconf 72' lang='grc' dir='ltr'>οὖν</span> <span class='ocrx_word' id='word_1_978' title='bbox 2609 5668 2741 5739; x_wconf 74' lang='grc' dir='ltr'>ἄρα,</span> <span class='ocrx_word' id='word_1_979' title='bbox 2776 5679 2883 5725; x_wconf 86' lang='lat' dir='ltr'><strong>etc.</strong></span> <span class='ocrx_word' id='word_1_980' title='bbox 2920 5668 3081 5726; x_wconf 86' lang='lat' dir='ltr'><strong>Forte</strong></span> <span class='ocrx_word' id='word_1_981' title='bbox 3112 5669 3649 5743; x_wconf 56' lang='lat' dir='ltr'><strong>legendttmz&#39;l‘loﬁw</strong></span> 
     </span>
    </p>
   </div>
   <div class='ocr_carea' id='block_1_124' title="bbox 2054 5740 2178 5808">
    <p class='ocr_par' dir='ltr' id='par_1_124' title="bbox 2054 5740 2178 5808">
     <span class='ocr_line' id='line_1_125' title="bbox 2054 5740 2178 5808; baseline -0.024 -15"><span class='ocrx_word' id='word_1_982' title='bbox 2054 5740 2178 5808; x_wconf 76' lang='grc' dir='ltr'>ἄρα.</span> 
     </span>
    </p>
   </div>
  </div>
