4124 6434
468 415 601 477 £077

1445 383 1761 469 "Sabaeis
1805 410 1867 468 tN
1911 397 2551 471 PSALMOS.-—PS\!..
2588 395 2621 448 :-

3574 407 3707 461 ΗΕΒ

460 542 556 596 τοῦ
590 528 878 601 δεδωκότος
932 536 1098 598 αὑτὰς
1130 536 1285 600 Θεοῦ,
1343 536 1406 605 τῇ
1458 533 1561 585 61:6
1601 533 1700 602 τῆς
1755 531 2035 601 σφραγῖδος

2146 531 2231 597 qui
2270 545 2360 583 cas
2390 530 2616 596 largitus
2653 537 2751 588 est,
2794 527 3014 596 intelligi
3063 527 3258 590 debet,
3301 542 3421 596 qua:
3458 527 3709 581 videlicet

459 630 782 702 δηλουμένη.
820 627 953 697 Περὶ
989 627 1085 696 μὲν
1119 621 1212 678 οὖν
1237 623 1329 676 τοῦ
1365 622 1672 676 κεκλεῖσθαι
1707 623 1800 675 καὶ
1835 623 2036 690 ἐσφρα-

461 720 643 790 γίσθαι
695 721 724 772 6
774 716 1023 785 Ἰωάννης
1075 713 1414 769 ἀναδιδάσκει
1465 713 1520 765 ὲν
1566 715 1630 782 τῇ
1674 709 2034 778 Ἀποκαλύψει

458 812 650 880 λέγων·
694 829 712 862 ‹
749 811 858 862 Καὶ
884 807 961 878 τῷ
987 807 1202 877 ἀγγέλῳ
1233 805 1332 874 τῆς
1354 807 1410 857 ἐν
1438 802 1786 872 Φιλαδελφείᾳ.
1809 802 2036 872 Ἐκκλη-

463 903 584 967 σίας
609 901 837 973 γράψονο
874 900 1010 954 Τάδε
1037 899 1182 967 λέγει
1205 900 1231 949 6
1261 898 1431 966 ἅγιος,
1463 897 1490 948 6
1520 895 1800 966 ἀληθινὸς,
1842 897 1869 947 6
1899 894 2035 964 ἔχων

461 995 558 1066 τὴν
585 994 769 1048 κλεῖδα
795 992 888 1045 τοῦ
917 991 1079 1044 Δαυῒδ
1096 1009 1108 1021 ·
1145 994 1172 1044 6
1206 990 1456 1057 ἀνοίγων,
1489 989 1585 1040 καὶ
1611 988 1785 1050 οὐδεὶς
1812 985 2032 1048 κλείσει,

460 1087 553 1138 καὶ
581 1085 796 1148 κλείων,
825 1083 920 1136 καὶ
955 1083 1127 1145 οὐδεὶς
1178 1080 1410 1144 ἀνοίξει·
1470 1077 1599 1132 Οἶδά
1644 1095 1734 1130 σου
1770 1077 1836 1130 τὰ
1865 1078 2030 1148 ἔργα·

463 1177 571 1230 ἰδοὺ
599 1177 806 1229 δέδωκα
833 1175 1002 1245 θύραν
1047 1173 1274 1227 ἐνώπιόν
1328 1189 1420 1224 σου
1455 1171 1822 1242 ἀνεῳγμένην,
1859 1170 1926 1240 ἣν
1954 1169 2037 1221 06-

458 1267 570 1330 6el;
599 1268 710 1339 (57)
743 1266 961 1320 δύναται
989 1267 1198 1319 κλεῖσαι
1252 1264 1442 1333 αὑτήν.
1505 1283 1523 1314 ι
1559 1262 1668 1314 Καὶ
1705 1260 1820 1332 μετ’
1849 1260 2031 1328 ὀλίγα·

465 1377 484 1409 ι
505 1360 614 1412 Kal
634 1353 771 1410 είδον
798 1359 889 1410 ἐπὶ
912 1355 1008 1428 τὴν
1025 1355 1201 1422 δεξιὰν
1231 1355 1323 1408 τοῦ
1347 1355 1654 1426 καθημένου
1679 1355 1770 1405 ἐπὶ
1788 1353 1878 1405 τὸν
1914 1351 2036 1421 θρό-

458 1468 546 1504 νον
596 1450 796 1521 βιϐλίον
844 1449 1224 1520 γεγραμμένον
1253 1446 1454 1501 ἔσωθεν
1499 1447 1592 1500 καὶ
1624 1445 1844 1498 ὄπισθεν
1899 1443 2032 1515 (58),

458 1542 995 1614 κατεσφραγισμένον
1023 1544 1310 1612 σφραγῖσιν
1338 1537 1496 1593 ἑπτά.
1521 1539 1629 1592 Καὶ
1651 1535 1787 1591 εἶδον
1808 1536 2034 1606 ἄγγελον

461 1635 678 1706 ἰσχυρὸν
739 1635 846 1706 ('59)
881 1634 1224 1706 κηρύσσοντα
1273 1635 1420 1702 φωνῇ
1451 1630 1690 1703 μεγάλῃο
1754 1630 1850 1692 Τίς
1889 1627 2035 1691 ἄξιος

458 1726 664 1792 ἀνοῖξαι
692 1726 753 1779 τὸ
788 1725 1006 1796 βιϐλίον,
1039 1726 1133 1778 καὶ
1158 1724 1314 1776 λῦσαι
1350 1723 1646 1794 σφραγῖδας
1679 1721 1841 1775 αὑτοῦ
1871 1737 1884 1784 ;
1935 1718 2034 1772 Kal

456 1817 633 1880 οὐδεὶς
663 1817 891 1886 ἠδύνατο
918 1818 974 1869 ἐν
1003 1815 1080 1886 τῷ
1109 1814 1341 1886 οὐρανῷ,
1371 1814 1493 1868 οὔτε
1518 1814 1608 1866 ἐπὶ
1639 1813 1738 1882 τῆς
1763 1813 1882 1882 γῆς,
1913 1810 2033 1864 οὔτε

457 1904 715 1958 ὑποκάτω
762 1905 860 1975 τῆς
904 1905 1007 1974 γῆς
1037 1904 1242 1970 ἀνοῖξαι
1261 1905 1321 1956 τὸ
1352 1887 1574 1974 βιϐλίον,
1639 1901 1762 1955 οὔτε
1819 1903 2033 1972 βλέπειν
2067 1888 2108 1947 Β

456 1993 604 2046 αὐτό.
635 1995 744 2048 Kal
772 1993 1002 2059 ἔκλαιον,
1025 1995 1106 2047 ὅτι
1139 1993 1313 2056 οὐδεὶς
1345 1993 1492 2058 ἄξιος
1520 1993 1714 2064 εὑρέθη
1747 1992 1950 2058 ἀνοῖξαι
1975 1991 2036 2045 τὸ

460 2081 679 2150 βιϐλίον,
714 2081 836 2135 οὔτε
870 2082 1082 2153 βλέπειν
1113 2083 1262 2135 αὐτὸ.
1298 2083 1407 2135 Καὶ
1432 2077 1514 2146 εἷς
1562 2085 1625 2135 ἐκ
1657 2082 1763 2135 τῶν
1796 2083 2035 2153 πρεσϐυ-

456 2173 629 2242 τέρων
656 2173 802 2243 λέγει
835 2191 942 2244 μοι’
969 2175 1059 2244 Μὴ
1089 2174 1260 2240 κλαῖε,
1295 2173 1402 2226 ἰδοὺ
1434 2174 1681 2244 ἐνίκησεν
1707 2177 1735 2227 6
1760 2174 1894 2228 λέων
1925 2176 1954 2225 6
1973 2177 2036 2227 ὲκ

454 2262 555 2331 τῆς
592 2264 764 2334 φυλῆς
801 2263 986 2329 Ἰούδα,
1019 2267 1051 2334 ἡ
1085 2265 1208 2336 ῥίζα
1240 2265 1422 2328 Δαυῒδ,
1479 2265 1683 2332 ἀνοῖξαι
1721 2266 1780 2318 τὸ
1813 2265 2032 2335 βιϐλίον,

457 2353 548 2403 καὶ
609 2351 705 2414 τὰς
757 2352 895 2406 ἑπτὰ
952 2355 1251 2423 σφραγῖδας
1305 2353 1489 2408 αὑτοῦ.
1561 2374 1578 2406 ›
1639 2355 1775 2425 Περὶ
1826 2353 1880 2407 δὲ
1941 2354 2034 2408 τοῦ

456 2443 817 2514 ἐσφραγίσθαι
874 2445 1031 2515 μόνον
1088 2449 1115 2499 6
1179 2447 1404 2509 Ἡσαΐας
1439 2446 1608 2509 οὕτως
1634 2463 1647 2476 ·
1691 2465 1709 2497 ι
1745 2449 1854 2498 Καὶ
1887 2446 2035 2500 ἔσται

457 2533 584 2604 ὑμῖν
611 2536 681 2586 τὰ
714 2537 931 2606 ῥήματα
960 2537 1129 2589 ταῦτα
1157 2537 1431 2600 πάντα,ὼς
1465 2539 1511 2590 οί
1532 2537 1678 2606 λόγοι
1707 2537 1799 2590 τοῦ
1833 2537 2036 2607 βιϐλίου

457 2624 646 2678 τούτου
677 2627 770 2679 τοῦ
807 2628 1267 2699 ἐσφραγισμένου,
1298 2628 1326 2680 ὃ
1355 2627 1449 2681 ἐὰν
1479 2627 1641 2682 δῶσιν
1670 2628 1800 2681 αὐτὸ
1826 2627 2035 2699 ἀνθρώ-

454 2733 545 2785 ·πῳ
593 2716 935 2788 ἐπισταμένῳ
985 2718 1308 2788 γράμματα,
1363 2717 1612 2784 λέγοντες
1655 2735 1668 2748 ·
1742 2717 2036 2786 Ἀνάγνωθι

451 2807 646 2870 ταῦτα,
670 2808 762 2860 καὶ
782 2809 923 2878 ἐρεῖ·
952 2810 1027 2861 U6
1059 2809 1292 2880 δύναμαι
1313 2808 1616 2877 ἀναγνῶναι
1637 2827 1648 2839 ·
1676 2811 2036 2881 ἐσφράγισται

457 2899 584 2968 γάρ.
622 2901 730 2952 Καὶ
783 2899 1064 2968 δοθήσεται
1098 2899 1158 2951 τὸ
1193 2899 1398 2970 βιϐλίον
1419 2901 1577 2954 τοῦτο
1607 2904 1686 2964 είς
1723 2904 1912 2972 χεῖρας
1945 2903 2038 2953 ἀν·-

457 2987 678 3056 θρώπου
707 2989 778 3059 μὴ
813 2989 1180 3058 ἐπισταμένου
1227 2989 1530 3060 γράμματα
1553 3007 1566 3022 ο
1620 2992 1714 3043 καὶ
1756 2993 1872 3060 ἐρεῖ
1901 2989 2033 3060 (46),

453 3079 575 3135 οὐκ
625 3079 922 3150 ἐπίσταμαι
947 3080 1268 3150 γράμματα.
1310 3100 1329 3132 ι
1361 3080 1547 3133 Ταῦτα
1608 3081 1714 3153 γὰρ
1763 3082 1822 3133 06
1871 3083 2031 3152 μόνον

461 3171 590 3240 περὶ
637 3171 738 3238 τῆς
780 3169 1196 3239 Ἀποκαλύψεως
1235 3170 1501 3234 Ἰωάννου,
1547 3170 1640 3223 καὶ
1683 3169 1776 3222 τοῦ
1810 3171 2032 3224 Ἡσαΐου

457 3223 739 3333 νομιστέον
768 3262 1040 3331 λέγεσθαι,
1064 3223 1198 3316 ἀλλά
1227 3263 1319 3315 καὶ
1348 3223 1689 3334 περὶΙπάσ-ης
1719 3262 1868 3326 θείας
1897 3263 2035 3335 Γρα-
2060 3223 2101 3278 C

459 3355 569 3425 φῆς
620 3341 1063 3426 ὁμολογουμένως
1117 3355 1211 3407 καὶ
1265 3354 1415 3426 παρὰ
1467 3356 1579 3418 τοῖς
1641 3353 1753 3425 (Η)
1805 3354 2037 3425 μετρίως

453 3447 670 3501 ’ἐπαΐειν
693 3446 864 3515 λόγων
895 3445 1054 3498 θείων
1083 3445 1421 3516 δυναμένοις,
1453 3445 1892 3518 πεπληρωμένηςμ
1924 3445 2034 3514 (4'2)

458 3540 815 3611 αἰνιγμάτων,
851 3539 945 3592 καὶ
967 3537 1310 3610 παραϐολῶν,
1337 3538 1622 3592 σκοτεινῶν
1637 3555 1696 3592 τε
1721 3538 1913 3608 λόγων,
1945 3540 2037 3591 καὶ

452 3629 630 3685 ἄλλων
662 3631 918 3684 ποικίλων
952 3611 1106 3684 εἰδῶν
1135 3631 1420 3700 ἀσαφείας,
1474 3631 1791 3702 δυσλήπτων
1821 3634 1885 3701 τῇ
1939 3631 2034 3684 ἀν-

457 3721 709 3794 θρωπίνῃ
742 3721 919 3790 φύσει·
939 3722 1074 3792 ὅπερ
1094 3719 1299 3786 διδάξαι
1331 3722 1650 3794 βουλόμενος
1671 3723 1766 3775 καὶ
1789 3724 1817 3775 6
1846 3723 2036 3794 Σωτήρ

456 3827 643 3881 φησιν,
679 3811 756 3874 ὡς
773 3812 871 3881 τῆς
906 3811 1111 3873 κλειδὸς
1129 3809 1293 3881 οὔσης
1326 3813 1475 3883 παρά
1491 3815 1602 3876 τοῖς
1627 3813 2034 3883 γραμματεῦσι,

455 3902 553 3955 καὶ
582 3900 893 3971 Φαρισαίοις
931 3901 1030 3953 οὐκ
1057 3900 1478 3972 ἀγωνιζομένοις
1537 3903 1637 3974 τὴν
1689 3903 1805 3955 ὁδὸν
1857 3904 2036 3972 εὑρεῖν

457 3992 554 4046 τοῦ
583 3992 808 4055 ἀνοῖξαι,
841 3991 902 4044 τό
925 4008 938 4022 °
975 4009 998 4042 «ι
1027 3993 1164 4044 Οὐαὶ
1186 3992 1314 4062 ὑμῖν
1338 3994 1450 4055 τοῖς
1481 3996 1724 4062 νομικοῖς
1747 4008 1760 4024 ’
1791 3993 1872 4046 ὃτι
1902 3993 2038 4064 ἦρα-

457 4102 519 4137 τε
551 4083 659 4154 τὴν·
678 4083 859 4137 κλεῖδα
892 4082 990 4153 τῆς
1021 4082 1292 4150 γνώσεως,
1322 4083 1596 4136 αὐτοὶ-οὑκ
1627 4083 1921 4154 εἰσήλθετε,
1943 4084 2037 4137 καὶΙ

458 4177 585 4239 τοὺς
617 4173 1025 4246 εἰσερχομένους
1047 4176 1146 4228 οὐκ
1179 4175 1366 4243 ἀφίετε
1397 4175 1672 4229 εἰσελθεῖν.
1719 4195 1736 4227 ι

531 4265 584 4319 2.
618 4265 801 4320 Ταῦτα
833 4267 889 4320 δὲ
934 4270 1066 4338 ἡμῖν
1096 4269 1152 4320 ἐν
1201 4267 1474 4337 προοιμίῳ
1507 4267 1788 4332 λέλεκται,
1823 4270 1905 4332 είς
1939 4268 2036 4339 μέ-

459 4371 643 4422 γιστον
696 4356 903 4425 ἀγῶνα,
939 4346 1030 4410 καὶ
1057 4356 1502 4426 ὁμολογουμένως
1554 4358 1692 4428 ὑπὲρ
1743 4359 1908 4429 ἡμᾶς,
1935 4358 2035 4411 καὶ

463 4446 560 4517 τὴν
585 4446 696 4511 ἕξιν
729 4447 908 4518 ἡμῶν,
936 4446 1401 4518 ἀναγκαζομένοις
1433 4447 1536 4500 ὑπὸ
1564 4448 1664 4518 τῆς
1714 4449 1912 4520 πολλῆς
1941 4467 2032 4504 σου

2144 637 2236 689 per
2293 621 2526 688 sigillum
2571 620 2938 671 adumbratnr.
3017 618 3226 670 litenim
3284 620 3492 670 clausas
3547 628 3707 688 atque

2141 712 2452 779 obsignatas
2506 724 2624 764 esse
2654 708 2964 776 Seripturas
3013 706 3246 762 Joannes
3282 710 3334 761 in
3390 709 3708 780 Apocalypsi

2143 802 2378 854 declarat
2425 800 2508 854 his
2543 799 2786 854 verbis”
2825 817 2837 853 ;
2881 818 2898 848 (
2941 800 3005 853 Et
3057 801 3244 870 angelo
3286 801 3557 865 Ecclesiae,
3588 817 3710 870 qum

2143 891 2523 960 Philadelphia:
2555 892 2860 953 esl,'scrihe
2887 905 2901 943 :
2940 891 3064 944 llaec
3091 892 3218 944 dicit
3245 890 3496 955 Sanetus,
3526 908 3707 957 verus,

2143 985 2231 1052 qui
2263 984 2425 1037 habet
2449 983 2658 1036 clavem
2697 984 2860 1036 David
2889 999 2902 1045 ;
2936 984 3024 1050 qui
3068 983 3265 1051 aperit,
3291 995 3343 1035 et
3379 998 3535 1036 nemo
3559 982 3711 1036 clau-

2144 1078 2270 1141 det;
2307 1085 2359 1128 et
2387 1074 2606 1141 claudit,
2639 1083 2690 1128 et
2724 1089 2881 1128 nemo
2918 1074 3123 1144 aperiet
3153 1093 3164 1127 :
3194 1073 3327 1128 Novi
3360 1089 3524 1142 opera
3567 1083 3653 1125 tua
3690 1089 3708 1128 :

2142 1169 2292 1236 posui
2320 1167 2462 1235 fores
2491 1181 2675 1220 coram
2718 1175 2768 1220 te
2797 1177 3011 1234 apertas
3031 1209 3046 1228 ,
3103 1182 3237 1235 quas
3273 1182 3427 1221 nemo
3457 1167 3711 1221 claudere

2143 1268 2336 1328 potest.
2363 1278 2380 1310 ι
2403 1258 2603 1312 Deinde
2629 1256 2789 1325 paulo
2815 1267 2932 1327 post
2956 1260 3002 1289 ³⁸
3031 1275 3044 1311 :
3081 1278 3098 1310 ‹
3131 1258 3319 1312 Etvidi
3345 1259 3407 1312 ad
3432 1258 3709 1311 dexteram

2141 1351 2381 1404 sedentis
2409 1351 2464 1404 in
2497 1351 2692 1404 throno
2730 1350 2921 1404 librmn
2955 1351 3214 1418 Scriptum
3246 1350 3388 1403 intus
3411 1357 3512 1402 eta
3536 1356 3707 1416 terge,

2142 1443 2478 1512 obsignatum
2535 1441 2830 1509 signaculis
2883 1452 3114 1510 septem.
3175 1441 3246 1494 Et
3307 1441 3417 1494 vidi
3460 1440 3708 1510 angelum

2142 1534 2563 1602 proclamantem
2591 1548 2720 1588 voce
2747 1548 2936 1601 magna
2969 1550 2982 1584 :
3011 1532 3142 1596 Quis
3165 1541 3250 1584 est
3277 1533 3468 1599 dignus
3504 1532 3713 1600 aperire

2143 1625 2451 1688 liln'um,-et
2483 1623 2696 1678 solvere
2723 1623 2994 1692 signacula
3024 1622 3184 1689 eius?
3212 1621 3276 1675 Et
3306 1636 3463 1675 nemo
3502 1631 3714 1690 poterat

2143 1721 2193 1772 in
2221 1710 2378 1783 cet-lo,
2403 1733 2574 1786 neque
2605 1719 2655 1771 in
2685 1727 2848 1782 terra,
2871 1731 3040 1784 neque
3062 1718 3246 1771 subter
3273 1727 3470 1770 terram
3505 1717 3714 1784 aperire

2145 1811 2361 1878 librmn,
2400 1825 2573 1878 neque
2606 1810 2853 1878 aSpieere
2885 1807 3056 1861 illum.
3088 1807 3153 1860 Et
3196 1806 3384 1861 ﬂebam
3407 1847 3421 1872 ,
3455 1809 3711 1876 quoniam

2139 1902 2535 1971 nemodignus
2573 1903 2825 1954 inventus
2884 1907 2968 1953 est
3021 1897 3231 1967 aperire
3270 1898 3490 1960 librum,
3537 1912 3712 1965 neque

2137 1994 2381 2059 aspicere
2410 1991 2581 2043 illum.
2631 1991 2692 2043 Et
2729 2005 2866 2042 unus
2911 1989 2976 2042 de
3021 1988 3328 2043 senioribus
3358 1988 3493 2041 dixit
3523 1989 3653 2040 mihi
3696 2005 3708 2039 :

2137 2079 2253 2133 Noli
2311 2079 2476 2132 ﬂere:
2520 2094 2645 2132 ecce
2695 2079 2824 2132 vicit
2877 2078 2958 2131 leo
3011 2080 3077 2131 de
3124 2078 3265 2131 tribu
3323 2075 3494 2140 Juda,
3558 2078 3712 2130 radix

2139 2171 2326 2235 David,
2365 2172 2575 2240 aperire
2617 2169 2833 2230 librum,
2865 2178 2918 2221 et
2953 2178 3155 2238 septem
3201 2169 3476 2237 signacula
3530 2168 3703 2237 ejus.»

2137 2260 2215 2313 De
2278 2260 2391 2313 sola
2441 2273 2567 2313 vero
2604 2259 2986 2328 obsignatione
3043 2258 3114 2311 ita
3153 2257 3387 2327 loquitur
3423 2258 3589 2312 Isaias
3614 2259 3659 2290 “
3692 2274 3706 2312 :

2145 2351 2247 2404 «Et
2281 2360 2440 2406 exuat
2469 2351 2616 2405 vobis
2645 2352 2815 2405 verba
2848 2352 2965 2405 hanc
3011 2351 3192 2404 omnia
3217 2391 3230 2413 ,
3263 2351 3410 2406 sicut
3430 2365 3711 2405 sermones

2139 2446 2257 2499 libri
2317 2444 2474 2513 hujus
2537 2444 2830 2512 obsignati,
2889 2460 3048 2513 quem
3097 2445 3141 2498 si
3198 2445 3446 2499 dederint
3507 2444 3712 2497 homini

2137 2552 2180 2590 si
2203 2537 2328 2589 ienti
2356 2538 2588 2600 litteras,
2624 2535 2786 2606 526
2811 2537 3049 2592 dicentes
3075 2555 3086 2589 :
3114 2537 3257 2604 Lege
3280 2537 3399 2601 ista,
3419 2547 3469 2588 et
3494 2549 3714 2603 respon-

2139 2628 2284 2680 debit
2318 2643 2330 2679 :
2372 2627 2484 2681 Non
2522 2643 2739 2696 possunt
2791 2628 3008 2697 legere;
3064 2638 3148 2684 est
3189 2630 3332 2682 enim
3375 2628 3710 2696 obsign-atus.

2138 2721 2204 2773 Et
2247 2721 2464 2775 dabitur
2503 2722 2640 2776 liber
2677 2723 2766 2776 hic
2807 2723 2858 2775 in
2894 2738 3085 2777 manus
3142 2722 3374 2776 hominis
3420 2722 3712 2776 nescientis

2138 2813 2378 2878 litteras;
2423 2821 2477 2866 et
2511 2801 2651 2867 dicet
2681 2831 2693 2866 :
2733 2812 2925 2867 Nescio
2954 2814 3186 2866 litteras.
3217 2832 3236 2866 ι
3275 2811 3398 2867 Ιιιεο
3427 2812 3572 2865 enim
3605 2829 3710 2866 non

2137 2904 2204 2956 ad
2246 2905 2625 2975 Apocalypsin)
2655 2904 2826 2959 solum
2858 2903 3082 2959 Joannis
3102 2943 3116 2968 ,
3150 2914 3243 2957 aut
3274 2903 3424 2957 l5ai:e
3450 2903 3706 2957 vaticinia

2137 2996 2408 3063 pertinere
2434 2998 2726 3064 putandum
2771 3006 2885 3061 est;
2917 2998 3010 3050 sed
3039 2999 3104 3051 de
3141 2997 3395 3050 universa
3427 2996 3707 3065 Scriptura

2137 3097 2292 3138 sacra
2345 3085 2559 3152 penitus
2594 3087 2912 3154 accipienda
2961 3096 3123 3151 sunt,
3183 3101 3341 3154 quam
3386 3099 3516 3138 sane
3567 3091 3706 3154 apud

2138 3174 2260 3229 illos
2284 3177 2336 3230 in
2364 3177 2615 3232 confesso
2645 3188 2751 3243 est,
2783 3179 2872 3245 qui
2898 3180 3205 3233 divinarum
3231 3178 3530 3240 litterarum
3565 3181 3709 3230 noti-

2144 3266 2272 3320 tiam
2303 3267 2647 3321 mediocriter
2669 3270 2905 3323 assecuti
2937 3281 3080 3334 sunt,
3113 3271 3461 3339 aenigmatum
3495 3267 3708 3323 involu-

2139 3359 2268 3423 cris,
2315 3373 2378 3412 ac
2436 3361 2724 3426 parabolis,
2775 3361 3189 3429 tenebrosisque
3237 3362 3610 3419 sermonibus.
3646 3376 3710 3414 ac

2139 3449 2371 3504 diversis
2401 3449 2522 3502 aliis
2553 3449 2906 3506 obscuritatis
2929 3452 3224 3520 generibus
3248 3494 3262 3518 ,
3306 3467 3430 3520 qua:
3471 3452 3709 3505 hominis

2141 3543 2358 3611 ingenio
2396 3542 2613 3597 dillicile
2667 3543 3222 3611 comprehenduntur.
3265 3545 3526 3613 repletam
3564 3559 3703 3598 esse.

2139 3632 2293 3697 Quod
2328 3641 2381 3685 et
2414 3631 2665 3686 Salvator
2712 3633 3001 3688 ostendere
3039 3633 3262 3699 volens,
3309 3633 3511 3688 clavem
3567 3637 3706 3703 apud

2141 3723 2364 3778 Scrihas
2417 3733 2470 3776 et
2526 3721 2826 3778 Pltarisreos
2876 3739 2998 3778 esse
3027 3725 3186 3788 dixit,
3235 3725 3328 3794 qui
3360 3736 3417 3779 ut
3450 3725 3594 3778 viam
3637 3727 3705 3776 ad

2140 3809 2492 3881 aperiendum
2519 3813 2848 3876 invenirent,
2876 3813 3096 3867 minime
3120 3817 3509 3877 contenderent
3535 3833 3547 3870 :
3583 3815 3707 3869 (Va:

2139 3907 2326 3968 vobis,
2365 3903 2542 3972 inquit
2580 3905 2648 3969 ⁸⁸,
2686 3904 3046 3974 legisperitis;
3086 3907 3342 3975 quoniam
3379 3906 3573 3960 tulistis
3599 3906 3708 3960 cla-

2137 4011 2256 4050 vem
2283 3999 2544 4061 scientiae,
2575 4011 2746 4066 neque
2785 3996 2886 4064 ipsi
2928 3997 3190 4059 intrastis,
3219 4007 3274 4052 et
3301 3998 3569 4053 intrantes
3599 4014 3706 4053 non

2138 4087 2454 4157 permittitis
2480 4088 2709 4158 ingredi.
2737 4105 2757 4140 ι
3659 4079 3662 4082 ”

2205 4267 2258 4321 2.
2304 4267 2428 4321 Haec
2456 4283 2487 4323 a
2519 4269 2673 4323 nobis
2716 4268 2861 4323 velut
2909 4269 3166 4340 pra-fandi
3212 4271 3385 4340 gratia
3434 4273 3706 4339 proposita

2139 4365 2287 4420 sunt,
2319 4358 2408 4427 qui
2462 4358 2514 4410 in
2561 4359 2856 4412 maximum
2915 4369 3214 4424 certamen,
3263 4360 3511 4429 quodque
3566 4361 3708 4414 vires

2138 4461 2356 4504 nostras
2387 4463 2450 4503 ac
2484 4449 2794 4504 facultatem
2826 4450 2942 4504 sine
2969 4449 3070 4502 ulla
3105 4451 3441 4504 dubitatione
3467 4464 3704 4520 superat,

465 4537 841 4607 φιλομαθείας,
872 4539 967 4592 καὶ
993 4538 1434 4609 δυσωπουμένοις
1473 4539 1579 4591 ὑπὸ
1606 4538 1705 4608 τῆς
1734 4541 2035 4612 χρηστότη-

2140 4543 2207 4595 ab
2235 4542 2436 4612 ingenti
2469 4527 2578 4609 tuo,
2611 4541 2860 4596 Ambrosi
2888 4542 2968 4595 vir
3002 4541 3366 4605 sanctissime,
3406 4558 3535 4612 erga
3566 4543 3708 4597 litte-

461 4643 553 4690 τος
579 4628 675 4682 καὶ
705 4628 802 4700 τῆς
833 4629 1178 4700 μετριότητός
1207 4645 1318 4694 σου,
1346 4629 1457 4700 ίερὲ
1495 4629 1806 4700 Ἀμϐρόσιε,
1852 4632 2041 4685 κατελ-

2147 4648 2236 4686 ras
2266 4633 2445 4687 studio
2478 4633 2736 4686 concitati
2769 4630 2967 4688 fuimus
2989 4673 3003 4700 ,
3059 4641 3113 4687 et
3140 4641 3198 4686 ut
3236 4635 3288 4687 in
3317 4634 3445 4689 illud
3480 4637 3701 4689 descen-

533 4739 580 4772 "
605 4739 770 4809 Apoc.
805 4755 888 4804 nt,
923 4740 974 4795 7.
1049 4741 1094 4772 ⁸⁸
1117 4740 1284 4809 Apoc.
1314 4755 1365 4803 ν,
1403 4740 1421 4793 ι
1455 4749 1511 4795 et
1535 4756 1686 4818 seqq.
1763 4742 1809 4774 ⁵⁵
1845 4744 1947 4797 lsa.
1995 4762 2035 4799 κη

2140 4787 2144 4806 ,
2189 4747 2275 4812 tt,
2309 4745 2396 4798 ιε.
2473 4745 2518 4777 νο
2561 4745 2694 4800 Luc.
2735 4761 2809 4811 χι,
2845 4745 2932 4800 se.

465 4833 659 4905 habet}
688 4832 811 4900 quia
847 4833 960 4905 ipse
984 4850 1078 4903 per
1101 4835 1215 4905 haec
1233 4843 1438 4903 septem
1463 4837 1705 4903 qn'mdam
1742 4829 2039 4905 signacula,

463 4913 593 4971 qua!
616 4901 683 4955 de
715 4901 1096 4974 corporali—tate
1131 4903 1267 4971 ejus,
1293 4901 1346 4957 et
1382 4901 1634 4974 passione
1659 4901 1917 4974 et_tnorte
1937 4951 1950 4971 ,
1987 4901 2040 4964 et

465 4971 886 5042 resurrectione,
909 4983 976 5042 et
1000 4973 1190 5039 gloria,
1219 4987 1272 5028 et
1307 4971 1494 5042 regno,
1517 4984 1594 5028 et
1635 4971 1832 5038 iudicio
1869 4979 2036 5034 David

465 5042 531 5094 de
559 5057 622 5095 eo
652 5043 713 5117 in_
730 5041 950 5117 psalmis
971 5044 1274 5117 prOphetat,
1307 5041 1536 5117 absolvit
1565 5060 1577 5094 :
1607 5042 1859 5113 aperiens
1891 5051 2032 5117 quod

464 5125 625 5183 nemo
666 5109 914 5183 claudet,
969 5109 1024 5165 et
1074 5109 1333 5183 claudens
1384 5115 1526 5180 quod
1570 5109 1730 5168 neino
1780 5109 2027 5183 aperiet:

464 5182 610 5252 quia
634 5195 726 5247 per
749 5180 889 5252 hanc
918 5197 1038 5251 qua:
1073 5182 1124 5235 in
1156 5183 1246 5235 illo
1277 5183 1488 5250 expleta
1521 5193 1623 5247 est,
1667 5180 2027 5252 prOphetiam,

466 5250 674 5318 aperiet
702 5251 842 5324 quod
879 5250 1035 5324 neuio
1059 5253 1383 5324 praecludet;
1423 5265 1475 5324 et
1504 5250 1692 5308 contra
1722 5250 1946 5324 espletm
1970 5260 2024 5311 in

466 5333 532 5370 eo
581 5319 878 5392 prophetia;
915 5321 1361 5392 lidefabnegata,
1406 5323 1618 5392 claudet
1674 5319 1814 5392 quod
1868 5343 2026 5382 nemo

464 5387 636 5460 possit
673 5387 904 5453 aperire.
952 5387 1138 5444 Nullus
1179 5387 1321 5443 enim
1377 5391 1479 5445 nisi
1521 5393 1629 5458 ille,
1677 5387 1729 5445 in
1764 5411 1867 5460 quo
1916 5398 2028 5452 luec

466 5458 786 5534 prophetata
845 5468 1066 5534 s_nnt_et
1101 5460 1356 5534 expleta,
1409 5461 1610 5516 clavem
1656 5458 2027 5534 intelligentia

470 5527 627 5601 Imjus
645 5528 959 5601 _impertie_t_.
985 5527 1226 5601 Denique
1253 5530 1481 5597 idipsnm
1513 5527 1910 5601 consequenter
1933 5539 2028 5591 do-

465 5599 578 5648 cuit
625 5596 853 5649 (licens:
897 5595 968 5650 Et
1019 5595 1344 5666 vidi—supef
1375 5603 1644 5654 dexteram
1692 5595 1916 5658 sedentis
1972 5608 2028 5660 in

467 5668 654 5741 throno
690 5666 1147 5741 tibrumscriptum
1172 5669 1382 5741 detritus
1423 5679 1472 5722 et
1515 5672 1736 5740 deforis,
1760 5676 2022 5741 signatum

466 5735 750 5809 signaculis
789 5747 981 5803 septem
1011 5746 1099 5790 :et
1133 5739 1238 5791 vidi
1268 5740 1490 5792 alterum
1527 5735 1766 5809 angeler
1793 5735 2024 5798 ualidum

467 5807 839 5869 (:ru'dirantem
885 5823 1002 5862 voce
1047 5824 1276 5879 magna:
1311 5809 1441 5873 Quis
1469 5822 1543 5864 est
1585 5807 1772 5882 dignus
1823 5817 2023 5882 aperire

2151 4841 2359 4902 librum,
2385 4851 2433 4892 et
2457 4841 2654 4894 solvere
2677 4841 2949 4911 signacula
2979 4842 3134 4910 ejus?
3157 4843 3221 4896 Et
3255 4859 3402 4896 nemo
3425 4845 3588 4906 potuit
3620 4863 3708 4898 ne-

2148 4928 2246 4980 que
2295 4914 2348 4963 in
2381 4911 2529 4973 caelo,
2583 4928 2744 4981 neque
2795 4913 2846 4962 in
2886 4922 3049 4974 terra,
3107 4929 3268 4980 neque
3307 4913 3446 4980 infra
3478 4925 3705 4976 terram,

2146 4981 2602 5052 αμενίνεῄιὶὺηυη,
2647 4997 2808 5049 neque
2840 4981 3012 5034 videre
3042 4983 3240 5052 ipsum.
3271 4982 3333 5033 lt‘t
3373 4985 3555 5049 ﬂet-am
3581 4988 3706 5052 quia

2142 5066 2290 5102 nemo
2323 5050 2776 5120 dignusrepertus
2802 5061 2930 5102 esset
2974 5054 3180 5118 aperire
3229 5051 3418 5102 librum
3458 5050 3614 5120 neque
3640 5057 3707 5105 vi-

2138 5123 2259 5171 dere
2281 5122 2468 5186 ipsum.
2495 5118 2557 5170 Et
2584 5135 2716 5172 unus
2734 5120 2796 5172 de
2813 5120 3100 5173 senioribus
3120 5123 3190 5173 ait
3211 5122 3338 5172 mihi
3369 5137 3386 5174 .'
3423 5118 3544 5174 Noli
3563 5122 3704 5184 ﬂere,

2137 5204 2250 5258 ecce
2295 5191 2410 5240 vicit
2445 5189 2522 5240 leo
2551 5187 2613 5240 de
2665 5190 2805 5241 tribu
2850 5189 3018 5250 Juda,
3071 5193 3228 5243 mdia:
3273 5191 3460 5252 David,
3507 5195 3709 5258 aperire

2134 5257 2347 5328 librum,
2377 5271 2422 5310 et
2445 5268 2634 5328 septem
2660 5259 2928 5328 signacula
2953 5261 3086 5326 ejus.
3127 5280 3144 5310 ›

2230 5327 2319 5391 57)
2367 5331 2477 5379 ’Ἦν
2502 5327 2717 5392 οὐδείς.
2763 5327 2988 5387 Philem,
3016 5331 3105 5382 καὶ
3131 5329 3322 5392 οὐδείς.

2229 5397 2316 5464 ’58)
2361 5399 2670 5452 Ὄπισθεν.
2707 5396 2934 5461 Philoc.,
2965 5399 3180 5462 ἔξωθεν.

2230 5467 2319 5531 59)
2374 5467 2670 5535 Ἰσχυρόν.
2705 5466 2930 5531 Μοῦσα,
2965 5469 3138 5521 ἄλλον.

2230 5473 2319 5531 59)
2374 5473 2670 5535 Ἶσχυρόν.
2705 5473 2930 5531 l’hilac.,
2965 5473 3138 5521 ἄλλον.

2358 5539 2465 5610 Καὶ
2513 5537 2653 5610 ἐρεῖ,
2713 5549 2817 5610 etc.
2880 5537 3107 5602 Philem,
3148 5539 3240 5590 καὶ
3284 5537 3496 5610 ἐροῦσιν
3531 5538 3700 5608 αὐτῷ’

2147 5604 2442 5676 Ἀνάγνωθι
2472 5607 2648 5659 τοῦτο·
2673 5607 2765 5658 καὶ
2786 5607 2917 5676 ἐρεῖ.

2206 5675 2318 5805 (si!
2361 5675 2469 5728 Καὶ
2501 5677 2660 5744 παρὰ
2685 5675 2830 5740 τοῑςζ
2857 5677 2909 5729 In
2943 5675 3236 5730 Philaeni-ia
3268 5677 3416 5730 deest
3447 5678 3556 5733 καί.

2206 5747 2296 5805 (42
2362 5745 2857 5805 ﬂammatum-Erue.
2911 5747 3060 5805 Apud
3099 5748 3457 5805 Epiphaniam
3492 5764 3556 5800 πε

2205 5745 2318 5819 (42)
2362 5745 2857 5816 Πεπληρωμένης.
2911 5747 3060 5816 Apud
3099 5748 3457 5816 Epiphaniam
3492 5748 3700 5819 πεπλτλ·

2135 5833 2209 5880 ρω
2217 5816 2415 5880 μένοις.
