4124 6430
421 383 555 438 1079
1844 377 1930 431 EX
1970 380 1983 430 ί

2090 376 2269 432 GENE
3537 377 3677 432 1085)

419 501 670 552 iteremus
698 491 1040 548 humanitate
1075 500 1167 545 tua
1217 505 1280 545 ac
1325 492 1705 548 moderatione
1731 493 1983 563 perpulsi.

2104 494 2217 546 θεῖν
2240 510 2253 523 ·
2289 491 2383 545 καὶ
2417 490 2498 543 ὅτι
2531 507 2591 558 γε
2645 490 2738 542 ἐπὶ
2768 490 2900 543 πολὺ
2935 489 3293 560 ἁναδυὸμενόν
3347 507 3436 559 με,
3484 489 3570 544 διὰ
3615 491 3679 543 τὸ

419 587 864 658 Quandoquidem
900 585 993 640 diu
1037 599 1122 638 me
1152 593 1432 652 comperta
1462 584 1690 653 periculi
1722 586 1983 655 magnitu-

2097 584 2297 638 ειδέναι
2329 582 2420 635 τὸν
2449 581 2712 646 κίνδυνον,
2747 581 2806 632 οὐ
2847 583 3006 650 μόνον
3038 579 3129 633 τοῦ
3175 581 3354 648 λέγειν
3384 581 3513 651 περὶ
3564 576 3676 634 τῶν

420 685 545 737 dine
574 687 932 742 recusantem,
996 691 1102 730 non
1161 676 1328 731 modo
1385 676 1665 744 disputare
1718 676 1784 730 de
1826 679 1983 731 sacris

2097 677 2287 745 ἁγίων,
2316 674 2450 729 ἀλλὰ
2475 673 2653 745 πολλῷ
2682 672 2863 726 πλεῖον
2889 673 2982 726 τοῦ
3009 672 3261 744 γράφειν,
3291 674 3514 737 καὶτοῖς
3552 673 3674 744 μεθ’

417 773 653 838 litteris,
705 771 800 826 sed
835 779 889 824 et
919 769 1094 823 multo
1137 768 1310 837 magis
1355 767 1598 822 scribere
1646 783 1711 824 ac
1763 770 1994 837 posteris

419 865 745 933 relinquere,
769 861 946 916 modis
979 860 1231 915 omnibus
1274 869 1440 928 atque
1481 859 1752 914 illecebris
1785 859 1993 914 demulo

417 956 556 1019 sisti,
603 965 658 1009 et
688 955 752 1008 ad
784 954 888 1008 hoc
935 952 1262 1020 quibusdam
1301 951 1601 1006 divinitatis
1649 952 1992 1021 progressio-

419 1047 576 1102 nibus
615 1044 911 1110 adduxisti.
949 1043 1028 1097 Tu
1073 1042 1240 1112 igitur
1271 1043 1422 1099 testis
1462 1043 1593 1098 mihi
1637 1044 1778 1113 apud
1818 1044 1989 1098 Deum

415 1141 547 1206 eris,
590 1147 702 1192 tum
747 1151 869 1191 cum
919 1137 986 1190 de
1026 1135 1137 1190 vita
1181 1150 1299 1190 mea
1352 1149 1417 1189 ac
1469 1135 1690 1205 scriptis
1728 1135 1987 1205 inquiret,

412 1245 649 1300 quonam
685 1228 854 1283 animi
899 1227 1130 1282 consilio
1159 1227 1231 1281 sit
1263 1226 1407 1282 istud
1451 1241 1481 1280 a
1527 1241 1612 1282 me
1655 1238 1988 1295 susceptum.

411 1326 490 1380 Ac
541 1336 928 1391 nonnunquam
979 1321 1195 1389 quidem
1246 1321 1532 1375 veritatem
1593 1323 1984 1392 assequimur;

415 1430 802 1485 nonnunquam
854 1423 949 1468 aut
1001 1414 1295 1468 violentius
1372 1415 1774 1482 perrumpimus
1805 1453 1819 1477 ,
1896 1423 1990 1467 aut

414 1507 598 1560 dicere
644 1502 851 1573 aliquid
902 1501 1169 1558 videmur.
1222 1501 1392 1558 Porro
1437 1505 1581 1572 quod
1615 1503 1875 1572 scriptum
1906 1515 1990 1559 est

412 1594 833 1665 vestigavimus,
874 1607 981 1648 non
1033 1592 1108 1646 ita
1161 1600 1222 1647 ut
1276 1593 1538 1661 praeclare
1594 1593 1722 1648 illud
1779 1594 1984 1650 dictum

411 1697 923 1743 contemneremus:
957 1703 976 1736 ι
1002 1683 1140 1739 Cum
1178 1684 1244 1740 de
1277 1683 1388 1739 Deo
1430 1686 1566 1740 dicis
1594 1726 1609 1751 ,
1641 1701 1673 1741 a
1706 1685 1814 1741 Deo
1835 1686 1985 1756 judi-

411 1779 636 1844 carisp
687 1777 814 1832 item
853 1776 1024 1831 illud:
1057 1774 1172 1830 «De
1215 1775 1328 1831 Deo
1378 1777 1547 1832 etiam
1603 1792 1728 1832 vera
1773 1777 1982 1842 dicere,

2095 768 2243 837 ἡμᾶς
2271 765 2612 828 καταλιπεῖν,
2671 764 3026 827 παντοδαπῶς
3055 764 3372 835 κατεπᾴδων
3421 763 3672 832 φιλικῶς,

2094 859 2188 912 καὶ
2233 856 2373 911 κατὰ
2398 855 2680 928 προκοπὴν
2726 855 2977 926 θεότητος
3023 857 3102 919 είς
3157 856 3314 910 τοῦτο
3346 857 3549 927 ἤγαγές
3581 875 3670 929 με.

2093 950 2314 1022 Μάρτυς
2350 948 2441 1001 ἔσο
2469 965 2560 1018 μοι
2587 947 2722 1018 πρὸς
2748 947 2901 1011 Θεὸν,
2935 948 3052 1019 μεθ’
3109 949 3232 1002 ὅλου
3260 949 3355 1003 τοῦ
3402 951 3541 1020 βίου,
3577 951 3674 1006 καὶ

2094 1040 2222 1110 περ).
2281 1039 2388 1094 τῶν
2437 1039 2898 1110 ὐπηγορευμένων
2959 1039 3372 1112 ἐξεταζόμενον,
3421 1043 3551 1114 ποίᾳ
3606 1059 3669 1097 τε

2094 1131 2346 1202 προθέσει
2395 1131 2555 1185 τοῦτο
2607 1131 2930 1201 γεγένηται·
2976 1132 3069 1188 καὶ
3098 1131 3173 1204 πὴ
3207 1132 3306 1203 μὲν
3342 1134 3668 1205 ἐντυγχάνοι-

2095 1239 2212 1292 μεν,
2244 1221 2321 1292 πὴ
2348 1220 2405 1274 δὲ
2431 1222 2549 1293 ήτοι
2583 1221 2881 1293 βιαζόμεθα
2916 1221 3234 1295 βιαιότερον,
3270 1225 3303 1296 ἦ
3329 1225 3590 1296 δοκοῦμέν
3619 1244 3670 1282 τι

2091 1313 2271 1381 λέγειν
2295 1330 2307 1342 -
2345 1311 2730 1385 ἐξιχνεύσαμεν
2763 1314 2818 1366 δὲ
2846 1314 2904 1367 τὺ
2954 1316 3364 1387 γεγραμμένον,
3409 1319 3469 1372 οὐ
3497 1335 3668 1373 κατα.-

2091 1406 2411 1476 φρονοῦντες
2437 1405 2531 1459 τοῦ
2551 1423 2564 1437 ο
2606 1426 2624 1458 ι
2663 1407 2790 1460 Ὅτε
2822 1406 3000 1476 λέγεις
3029 1410 3155 1480 περ),
3188 1408 3344 1474 Θεοῦ,
3373 1409 3533 1481 κρίνῃ
3565 1410 3671 1467 ὑπὸ

2089 1497 2244 1561 Θεοῦ,
2267 1517 2285 1550 ι
2319 1496 2499 1561 καλῶς
2530 1498 2840 1570 εἰρημένου·
2866 1500 2959 1552 καὶ
2989 1499 3050 1553 τό
3067 1499 3200 1570 (45)·
3225 1519 3242 1548 4
3269 1502 3402 1573 Περὶ
3422 1501 3556 1555 Θεοῦ
3573 1503 3672 1558 καὶ

2089 1591 2303 1664 τάληθῆ
2333 1593 2512 1662 λέγειν
2545 1593 2790 1657 κίνδυνος
2820 1595 2878 1647 οὐ
2916 1594 3128 1666 μικρός.
3160 1615 3178 1648 ι
3225 1593 3510 1666 Ἀξιοῦμεν
3554 1595 3670 1650 τοίη

2089 1701 2204 1747 νυν,
2238 1685 2362 1738 ἐπεὶ
2397 1687 2562 1756 μηδὲν
2584 1687 2754 1756 χωρὶς
2785 1685 2919 1738 Θεοῦ
2945 1687 3106 1740 καλὸν
3134 1682 3275 1740 εἶναι
3306 1687 3552 1752 δύναται,
3574 1689 3670 1742 καὶ

2093 1777 2324 1848 μάλιστα
2355 1777 2539 1849 νόησις
2567 1779 2798 1850 Γραφῶν
2839 1778 3233 1844 θεοπνεύστων,
3274 1780 3421 1844 ὅπως
3449 1778 3528 1850 τῷ
3557 1781 3670 1833 lla-

412 1881 517 1922 non
566 1866 840 1921 mediocre
903 1865 1206 1934 periculum
1245 1874 1348 1921 est.
1381 1884 1400 1918 ι
1439 1866 1802 1932 Quamobrem
1858 1883 1982 1923 cum

2090 1871 2180 1940 τρι
2206 1870 2314 1922 τῶν
2345 1870 2482 1923 δλων
2511 1870 2648 1941 Θεῷ,
2681 1870 2769 1924 διὰ
2791 1871 2885 1924 τοῦ
2909 1871 3161 1943 Σωτῆρος
3186 1873 3343 1943 ἡμῶν
3369 1876 3462 1927 καὶ
3483 1875 3671 1944 ἀρχιεε

408 1958 539 2012 nihil
567 1958 684 2014 sine
719 1957 828 2011 Deo
863 1971 984 2012 esse
1009 1958 1179 2026 possit
1216 1958 1491 2029 egregium
1515 1997 1529 2022 ,
1559 1959 1984 2028 przesertimqne

406 2051 711 2104 divinarum
760 2049 1062 2104 litterarum
1115 2048 1512 2120 intelligentia;
1565 2053 1662 2106 abs
1714 2062 1766 2106 te
1817 2051 1982 2105 etiam

406 2153 570 2210 atque
597 2141 762 2196 etiam
790 2140 1024 2210 petimus
1044 2180 1058 2204 ,
1085 2149 1145 2194 ut
1176 2150 1454 2209 parentem
1489 2142 1730 2196 omnium
1768 2140 1937 2196 Deum
1964 2183 1978 2207 ,

369 2249 502 2301 _per
552 2232 886 2287 Salvatorem
939 2241 1186 2286 nostrum
1248 2247 1311 2287 ac
1361 2232 1672 2300 pontiﬁcem
1731 2233 1976 2302 genitum

411 2325 578 2378 Deum
612 2324 903 2378 obsecrare
928 2323 1082 2386 velis,
1115 2323 1274 2392 idque
1300 2323 1368 2377 ab
1399 2341 1462 2380 eo
1494 2325 1647 2378 nobis
1671 2325 1983 2393 impetraro,

2096 1962 2231 2032 ρέως
2260 1960 2491 2032 γενητοῦ
2517 1961 2651 2015 Θεοῦ
2686 1963 2987 2033 προσιέναι,
3020 1964 3263 2033 αἰτήσεις
3288 1964 3503 2035 δοθῆναι
3536 1966 3671 2034 ἡμῖν

2091 2051 2306 2123 πρῶτον
2333 2051 2512 2116 καλῶς
2550 2048 2762 2122 ζητεῖν·
2800 2053 3071 2106 ἐπίκειται
3116 2054 3224 2124 γὰρ
3255 2057 3367 2118 τοῖς
3414 2054 3672 2125 ζητοῦσιν

2090 2143 2388 2212 ἐπαγγελία
2417 2143 2512 2199 τοῦ
2553 2144 2859 2214 εὑρίσκειν·
2901 2146 3043 2215 τάχα
3086 2146 3206 2199 οὐδὲ
3238 2146 3337 2217 τὴν
3383 2147 3558 2218 ἀρχὴν
3588 2149 3672 2212 είς

2093 2235 2387 2306 ζητοῦντας
2419 2235 2782 2308 λογιζομένων
2816 2239 2968 2309 παρὰ
3019 2237 3137 2309 Θεῷ
3169 2238 3276 2292 τῶν
3320 2241 3418 2309 οὐχ
3450 2239 3552 2310 ὁδῷ
3575 2242 3670 2295 ἐπὶ

2092 2324 2250 2378 τοῦτο
2275 2325 2590 2398 προϊόντων.

409 2427 468 2469 ιιι
499 2415 751 2484 inprimis
791 2423 938 2470 recte
966 2431 1208 2484 quaerere
1242 2419 1532 2485 possimus.
1576 2416 1952 2481 Quaerentibus
2002 2418 2147 2471 enim
2194 2419 2467 2488 proposita
2520 2429 2604 2474 est
2631 2420 2953 2487 assequendi
3001 2419 3308 2490 promissio.
3352 2419 3432 2473 Ac
3481 2421 3672 2476 nescio

406 2530 473 2568 an
513 2512 604 2584 qui
651 2511 715 2567 ad
746 2511 875 2567 illud
901 2511 985 2566 via
1022 2528 1085 2566 ac
1116 2515 1324 2566 ratione
1357 2515 1579 2568 minime
1620 2513 1973 2577 contendunt,
2007 2513 2148 2567 inter
2177 2527 2269 2570 eos
2295 2514 2388 2584 qui
2419 2523 2686 2583 quierunt,
2713 2515 2851 2580 apud
2883 2515 3044 2568 Deum
3085 2529 3189 2569 non
3229 2514 3552 2570 habeantur.

1006 2603 1074 2658 Εί
1111 2616 1225 2672 post
1268 2605 1418 2656 alia:

476 2699 533 2752 3.
570 2696 909 2752 Psalmorum
932 2695 1438 2766 interpretationem
1467 2694 1810 2762 inchoaturi,
1845 2709 1985 2763 prte-

411 2787 772 2844 clarissimum
847 2786 1229 2842 documentum
1287 2786 1445 2841 nobis
1509 2785 1578 2840 ab
1634 2785 1865 2842 Hebraro
1917 2787 1984 2843 de

406 2876 552 2931 omni
583 2876 762 2932 divina
789 2876 1072 2945 Scriptura
1099 2876 1356 2930 traditum
1384 2875 1546 2947 527
1587 2891 1977 2946 proponemus:

405 2967 618 3024 dicebat
650 2970 795 3023 enim
827 2967 920 3022 ille
949 2968 1180 3022 similem
1226 2982 1350 3023 esse
1376 2969 1684 3024 universam
1721 2968 1976 3038 Scriptu-

406 3075 522 3115 ram
577 3060 841 3116 divinitus
899 3059 1158 3127 alllatam,
1184 3070 1406 3130 pr0pter
1438 3061 1829 3116 ohst-uritatem
1863 3076 1982 3130 qua:

405 3154 459 3207 in
491 3167 553 3210 ea
578 3160 686 3217 est,
733 3151 916 3207 multis
959 3151 1246 3207 domiciliis
1283 3167 1388 3205 uno
1417 3153 1648 3208 aedilicio
1677 3152 1977 3218 conclusis;

2648 2606 2756 2659 Kal
2779 2607 2907 2673 μεθ’
2929 2605 3119 2671 ἕτερα·

2166 2697 2226 2751 5.
2251 2695 2551 2757 Μέλλοντες
2579 2695 2635 2748 δὲ
2661 2694 2925 2766 ἄρχεσθαι
2959 2694 3071 2765 (44)
3097 2697 3194 2766 τῆς
3237 2695 3532 2767 ἑρμηνείας
3559 2699 3668 2759 τῶν

2097 2788 2364 2860 Ψαλμῶν,
2394 2787 2757 2858 χαριεστάτην
2791 2788 3088 2860 παράδοσιν
3114 2787 3220 2840 ὑπὸ
3249 2788 3342 2842 τοῦ
3415 2787 3660 2859 Έόραίου

2087 2881 2220 2950 ἡμῖν
2247 2876 2552 2940 καθολικῶς
2591 2876 2719 2946 περ).
2770 2875 2951 2945 πάσης
2983 2875 3132 2938 θείας
3165 2876 3388 2947 Γραφῆς
3429 2877 3659 2948 παραδε-

2087 2969 2316 3042 δομένην
2368 2967 2734 3042 προτάξομεν·
2791 2966 2997 3036 ἔφασκε
3047 2969 3155 3040 γὰρ
3187 2968 3395 3032 ἐκεῖνος
3431 2969 3658 3023 ἑοικέναι

2087 3064 2186 3135 τὴν
2207 3063 2335 3132 ὃλην
2392 3062 2743 3116 θεόπνευστον
2775 3060 3018 3130 Γραφὴν,
3047 3060 3133 3114 διὰ
3155 3059 3256 3132 τὴν
3283 3063 3342 3116 ὲν
3367 3062 3503 3131 αὐτῇ
3530 3061 3661 3119 ἀσά-

2093 3173 2248 3225 φειαν
2264 3154 2401 3226 (45),
2419 3153 2634 3218 πολλοῖς
2659 3154 2828 3216 οἴκοις
2852 3154 2910 3206 ὲν
2932 3152 3080 3223 οἰκίᾳ
3114 3153 3214 3223 μιᾷ
3237 3152 3661 3224 κεκλεισμένας,

404 3245 694 3315 unicuique
759 3244 1038 3300 domicilio
1086 3244 1386 3314 appositam
1448 3245 1643 3300 clavim
1705 3260 1810 3300 nou
1878 3245 1980 3314 ipsi

2090 3249 2303 3319 ἑκάστῳ
2327 3247 2384 3301 δὲ
2416 3247 2548 3318 οἴκῳ
2609 3245 2972 3318 παρακεῖσθαι
3001 3244 3110 3316 (46)
3147 3245 3293 3300 κλεῖν
3322 3246 3386 3302 οὐ
3403 3245 3502 3318 τὴν
3532 3261 3663 3300 κατ-

404 3337 836 3400 convenientem,
884 3335 1072 3406 sicque
1129 3336 1421 3406 dissipatas
1475 3351 1596 3392 esse
1652 3336 1834 3393 claves
1887 3352 1983 3405 per

405 3426 697 3492 domicilia,
734 3441 842 3480 non
871 3426 1256 3496 respondentes
1294 3428 1540 3498 singulas
1575 3428 1644 3483 iis
1688 3428 1982 3483 domiciliis

317 3568 324 3572 .
406 3520 602 3588 quibus
633 3520 895 3588 appositae
951 3530 1079 3574 sunt
1114 3537 1128 3586 ;
1161 3537 1301 3591 opus
1353 3537 1485 3576 vero
1524 3522 1682 3590 longe
1724 3519 1980 3576 dillicilli-

407 3627 553 3666 mum
593 3626 714 3666 esse
743 3611 988 3666 invenire
1009 3612 1193 3668 claves
1223 3623 1278 3668 et
1302 3628 1398 3668 eas
1424 3613 1578 3668 cellis
1608 3623 1816 3682 aptare,
1849 3629 1984 3684 quas

375 3749 378 3752 _
407 3702 618 3770 aperire
645 3710 870 3771 possunt
908 3719 922 3754 :
948 3701 1131 3771 itaque
1156 3703 1323 3757 etiam
1357 3704 1672 3773 Scripturas
1700 3706 1984 3760 abstrusas

407 3793 622 3862 quidem
648 3792 769 3848 illas
795 3793 1042 3862 intelligi,
1067 3809 1173 3847 non
1205 3795 1425 3849 aliunde
1461 3797 1693 3866 sumptis
1725 3812 1887 3866 quam
1915 3799 1984 3852 ab

408 3881 537 3951 Ipsis
562 3882 793 3938 invicem
822 3883 1152 3953 argumentis
1207 3885 1606 3956 intelligentiae,
1643 3903 1763 3956 quae
1818 3888 1873 3943 in
1921 3904 1980 3944 se

407 3973 608 4028 habent
669 3975 964 4043 dispersam
1019 3977 1321 4044 exponendi
1375 3977 1666 4032 rationem.
1724 3979 1976 4036 Arbitror

408 4067 588 4133 itaque
618 4066 931 4134 Apostolutn
980 4067 1184 4122 aditum
1229 4069 1376 4123 hunc
1410 4070 1742 4142 intelligendi
1770 4073 1983 4128 divinos

407 4171 681 4211 sermones
710 4159 1042 4227 aperientem
1076 4159 1267 4214 dicere
1297 4159 1341 4192 ’⁷
1374 4173 1391 4213 :
1429 4179 1448 4213 ι
1476 4159 1607 4227 Quae
1631 4172 1686 4217 et
1709 4163 1984 4232 loquimur

408 4261 513 4300 non
569 4247 621 4301 in
671 4249 845 4305 doctis
899 4250 1151 4305 humanae
1205 4253 1485 4322 sapientia:
1531 4255 1732 4320 verbis,
1786 4254 1883 4309 sed
1928 4254 1979 4308 in

406 4338 653 4394 doctrina
677 4340 930 4410 Spiritus,
954 4342 1020 4397 iis
1047 4358 1170 4413 quae
1185 4343 1377 4415 spiritu
1404 4346 1798 4415 percipiuntur,
1821 4345 1983 4415 spiri-

408 4428 536 4482 talia
567 4443 974 4500 comparantes.
1003 4450 1026 4486 s

410 4538 476 4594 Et
528 4543 814 4619 interjectis
846 4563 973 4619 Δηοη
1032 4549 1236 4619 paucis,
1272 4562 1584 4616 comparans
1642 4551 1983 4619 singulariter

474 4594 994 4690 aususausus.
1032 4594 1470 4687 anetina;
1487 4594 1983 4690 auaierant-7.;
2015 4594 2062 4649 υ

478 4680 710 4749 fuerant,
741 4685 816 4737 ait
857 4699 875 4736 :

479 4789 534 4843 4.
579 4789 636 4846 Si
687 4801 867 4848 autem
931 4794 1190 4865 «eloquia
1248 4797 1502 4864 Domini,
1553 4799 1766 4870 eloquia
1807 4812 1978 4868 casta.

411 4892 694 4962 argentum
721 4885 846 4955 igne
864 4888 1254 4955 examinatum,
1278 4891 1566 4959 probatum
1591 4901 1759 4960 terra,
1783 4908 1981 4964 expur-

479 4976 524 5008 "’
563 4975 584 5030 l
622 4976 746 5032 Cor.
790 4994 826 5033 ll
853 5019 869 5044 ,
913 4980 999 5036 l3.

501 5069 594 5142 ᾧ)
641 5071 732 5142 Τό.
781 5071 1140 5128 Scrihendum
1179 5076 1302 5132 τοῦ.

504 5133 594 5222 44)
643 5139 988 5222 uexxwzfg
1015 5143 1083 5222 δὲ
1105 5143 1414 5214 ἄρχεσθαι,
1448 5155 1560 5222 etc.
1581 5143 1816 5222 Hilarius
1852 5165 1983 5219 pro-

409 5209 532 5280 logo
573 5209 627 5265 in
667 5212 868 5266 librum
913 5209 1274 5278 Psalmorum,
1310 5209 1462 5269 nuru.
1499 5215 1568 5270 ‘24
1602 5233 1615 5268 :
1660 5216 1756 5270 Est
1805 5209 1983 5276 autem

408 5282 1085 5356 diligensperpensumque
1114 5284 1382 5352 judicium
1427 5288 1750 5355 expositioni
1789 5289 1981 5356 psalmi

410 5353 823 5430 uniuscujusque
883 5353 1243 5430 praestandum
1281 5366 1409 5430 ut
1465 5353 1820 5430 cognoscatur
1875 5377 1979 5430 qua

413 5425 765 5494 unusquisque
792 5439 973 5478 eorum
994 5426 1136 5478 clave
1163 5425 1523 5494 intelligentia:
1541 5425 1864 5494 aperiendus
1885 5425 1975 5486 sit.

413 5488 711 5568 Nam'libe’r
741 5495 908 5568 omnis
952 5494 1140 5568 similis
1161 5505 1238 5549 est
1271 5488 1386 5550 urlri
1407 5488 1643 5564 pulchra:
1675 5509 1827 5568 atque
1859 5517 1978 5554 ma-

411 5575 550 5638 gnae,
584 5565 671 5616 cui
699 5567 836 5638 mdes
873 5565 1166 5638 complures
1217 5569 1538 5638 diversaeque
1569 5568 1696 5635 sint,
1741 5565 1973 5638 quarum

412 5633 550 5693 [ores
575 5635 800 5711 propriis
825 5638 1054 5711 clavibus
1099 5637 1420 5706 diversisque
1450 5633 1784 5711 claudantur
1815 5656 1831 5692 :
1858 5657 1976 5711 qua:

411 5714 541 5777 cunt
562 5715 720 5753 unum
754 5704 808 5755 in
837 5704 1007 5757 locum
1043 5718 1300 5777 congesta:
1334 5704 1701 5776 permistwque
1733 5704 1976 5774 sint,'vo-

413 5771 541 5847 lenti
580 5786 996 5847 unamquamque
1027 5771 1189 5828 (edem
1224 5771 1444 5844 aperire,
1475 5777 1765 5830 maximam
1789 5771 1972 5847 ignaro

415 5836 640 5911 narrant
671 5836 1044 5912 diﬁicultatem,
1091 5857 1141 5897 ut
1174 5836 1364 5902 τίσι-ειη
1404 5836 1969 5912 ιίιιίιιδςιιίιιδιιιιενα’ίίίδ

2091 3341 2313 3412 άλληλον
2379 3339 2525 3410 αὐτῷ
2549 3356 2561 3368 ·
2613 3339 2708 3392 κα).
2754 3338 2894 3391 οὕτω
2946 3337 3316 3394 διεσκεδάσθαι
3367 3338 3470 3400 τὰς
3518 3337 3664 3402 κλεῖς

2091 3431 2218 3499 περὶ
2249 3431 2373 3492 τοὺς
2432 3427 2646 3492 οἴκους,
2692 3429 2790 3498 οὐχ
2848 3427 3192 3498 ἁρμοζούσας
3243 3426 3366 3480 καθ’
3428 3427 3666 3499 ἑκάστην

2091 3521 2318 3584 ἐκείνοις
2345 3513 2427 3583 οἷς
2480 3521 2844 3589 παράκεινται
2865 3533 2876 3548 ⁸
2937 3517 3094 3587 ἔργον
3125 3517 3183 3571 δὲ
3211 3511 3351 3569 εἶναι
3409 3517 3666 3586 μέγιστον

2091 3609 2366 3682 εὑρίσκειν
2395 3627 2455 3662 τε
2507 3611 2604 3673 τὰς
2634 3609 2782 3673 κλεῖς
2828 3608 2923 3662 καὶ
2953 3605 3286 3678 ἐφαρμόζειν
3346 3607 3515 3670 αὑτὰς
3553 3609 3665 3670 τοῖς

2089 3703 2278 3766 οἴκοις,
2312 3701 2403 3766 οὒς
2433 3702 2637 3768 ἀνοῖξαι
2659 3701 2910 3755 δύνανται
2935 3716 2947 3728 ·
2985 3697 3219 3752 νοεῖσθαι
3245 3697 3420 3750 τοίνυν
3450 3698 3544 3749 κα)⁵
3563 3697 3664 3760 τὰς

2090 3792 2310 3864 Γραφὰς
2337 3793 2502 3856 οὔσας
2529 3793 2776 3862 ἀσαφεῖς,
2794 3793 2895 3845 οὐκ
2916 3789 3132 3847 ἄλλοθεν
3161 3789 3257 3852 τὰς
3283 3788 3536 3858 ἀφορμὰς
3568 3787 3664 3841 τοῦ

2091 3881 2324 3937 νοεῖσθαι
2384 3882 2766 3953 λαμϐανούσας
2797 3881 2981 3952 ἢπαρ’
3035 3878 3276 3950 ἀλλήλων
3335 3876 3576 3948 ἐχουσῶν
3607 3878 3666 3930 ὲν

2090 3976 2279 4039 αὑταῖς
2304 3975 2698 4047 διεσπαρμένον
2730 3975 2791 4028 τὸ
2823 3972 3164 4044 ἐξηγητικόν.
3235 3969 3504 4040 Ἡγοῦμαι
3534 3967 3664 4038 γοῦν

2091 4064 2183 4116 καὶ
2208 4063 2299 4118 τὸν
2331 4063 2654 4118 Ἀπόστολον
2684 4062 2782 4134 τὴν
2808 4061 3062 4132 τοιαύτην
3090 4059 3276 4128 ἔφοδον
3306 4057 3400 4111 τοῦ
3427 4058 3664 4112 συνιέναι

2089 4157 2214 4216 τοὺς
2247 4154 2422 4219 θείους
2452 4155 2640 4224 λόγους
2670 4153 3037 4208 ὑποϐάλλοντα
3053 4153 3260 4220 λέγειν’
3299 4171 3316 4203 ι
3353 4153 3422 4205 Ἃ
3449 4153 3544 4205 καὶ
3572 4152 3665 4204 λα-

2089 4245 2286 4317 λοῦμεν
2319 4247 2419 4300 οὐκ
2468 4249 2526 4301 ὲν
2555 4248 2821 4311 διδακτοῖς
2859 4247 3204 4318 ἀνθρωπίνης
3245 4244 3433 4313 σοφίας
3464 4243 3661 4312 λόγοις,

2089 4336 2201 4391 ἀλλ’
2257 4338 2318 4390 ἐν
2366 4337 2633 4403 διδακτοῖς
2691 4337 3009 4409 Πνεύματος
3069 4336 3228 4407 (47),
3275 4334 3664 4404 πνευματικοῖς

2090 4428 2431 4499 πνευματικὰ
2464 4429 2861 4500 συγκρίνοντες.
2897 4449 2916 4481 ι

2089 4563 2197 4617 Καὶ
2217 4561 2366 4630 μετὰ
2383 4563 2582 4638 erole
2598 4564 2939 4638 συγκρίνων
2961 4562 3102 4638 τοὺς
3113 4559 3341 4638 ἑνικῶς⁹
3353 4554 3662 4638 uesperaur-

2154 4628 2576 4704 μακαρισμοὺς
2599 4628 2765 4701 πρὸξ
2785 4632 2927 4697 τοὺς
2962 4628 3384 4700 πληθυντικῶς
3424 4628 3655 4694 εἰρημέ-

2154 4720 2319 4769 νους,
2349 4705 2557 4773 φησιν·

2155 4815 2209 4868 4.
2241 4816 2304 4868 El
2332 4815 2388 4868 δὲ
2416 4834 2435 4867 ι
2475 4816 2544 4870 τὰ
2576 4815 2729 4881 λόγια
2762 4812 2966 4884 Κυρίου
2994 4812 3148 4880 λόγια
3175 4811 3337 4881 ἁγνὰ,
3397 4806 3659 4881 ἀργύριον

2086 4904 2504 4976 πεπυρωμένον,
2527 4903 2767 4974 δοκίμιον
2792 4905 2858 4974 τῇ
2887 4905 2980 4973 γῇ,
3007 4901 3470 4973 κεκαθαρισμένον
3497 4900 3662 4952 ἐπτα-

2091 5083 2319 5137 inveuiat
2355 5097 2375 5135 .·
2402 5082 2572 5150 sitque
2617 5092 2706 5133 aut
2759 5079 3042 5148 familiaris
3077 5077 3314 5150 scientiw
3336 5116 3350 5140 ,
3397 5076 3662 5150 cognitam

2089 5154 2285 5208 clauem
2307 5153 2414 5205 cito
2437 5147 2503 5205 ea:
2541 5152 2690 5220 capia
2732 5147 2824 5202 illa
2855 5156 3115 5220 congestis
3149 5147 3202 5199 in
3239 5163 3398 5200 unum
3438 5148 3662 5200 varieta-

2090 5224 2160 5276 tis
2189 5220 2419 5292 eligere;
2445 5218 2788 5292 autingentis
2829 5218 3046 5292 labaris,
3075 5226 3259 5292 aptam
3281 5225 3332 5268 et
3367 5232 3660 5292 congruant

2085 5286 2278 5346 clavem
2309 5291 2576 5360 aperiendi
2605 5286 3014 5358 uniuscujusque
3037 5287 3210 5340 aditus
3240 5286 3506 5360 invenire:
3533 5287 3660 5360 quia

2087 5361 2222 5416 ratio
2251 5371 2300 5416 et
2325 5357 2552 5428 qualitas
2581 5378 2684 5414 non
2708 5357 2869 5425 sinat,
2900 5375 3006 5413 non
3036 5373 3162 5412 suas
3202 5357 3370 5412 claves
3407 5357 3658 5410 claustris

2086 5432 2384 5500 disparibus
2413 5441 2679 5496 cooptare.
2963 5498 2975 5500 _
3085 5496 3113 5500 _
3201 5497 3212 5500 _
3293 5437 3300 5444 ’

2312 5494 2644 5573 Ἄσάφὲιᾳν.
2681 5501 2833 5573 Unus
2877 5498 3051 5554 codex
3081 5494 3653 5573 RegiusLa'tccpdlemv.

2157 5567 2268 5642 (46)
2307 5567 2730 5640 Παρᾱκεῖσθιιι.
2781 5569 3022 5640 Uterque
3074 5569 3246 5624 codex
3303 5567 3610 5620 Thuanmus
3641 5604 3657 5628 ,

2083 5643 2532 5717 παρακαλεῖσθαι.
2682 5711 2693 5717 _
2878 5712 2911 5717 __
3048 5709 3079 5717 __
3121 5709 3153 5717 __
3285 5704 3321 5717 η
3447 5709 3457 5717 _
3529 5705 3540 5717 _
3618 5703 3626 5711 ,

2151 5704 2264 5783 (47)
2303 5713 2360 5768 1n
2395 5721 2624 5777 vulgatis
2667 5711 2914 5780 Apostoli
2958 5709 3239 5768 codicibus
3281 5704 3501 5764 Grateis-
3527 5704 3662 5776 legio

2080 5794 2187 5852 tur,
2216 5783 2526 5856 Πνεύματος
2557 5783 2728 5854 ἁγίου.
