4124 6434
439 373 565 427 1081

1444 369 1755 426 SELECTA
1797 373 1862 427 IN
1906 372 2243 435 l’SALMOS-
2269 403 2337 411 —
2358 372 2549 427 PSAL.
2579 373 2618 427 Ι.

3567 376 3705 433 ίία82

437 486 699 549 πλασίως,
729 505 746 536 ι
777 487 872 538 καὶ
918 485 1056 553 μετᾶ
1093 484 1272 556 πάσης
1319 486 1601 558 ἀκριϐείας
1631 486 2014 557 ἐξητασμένως

2130 499 2302 555 ζειιυιη
2365 499 2567 557 septies
2628 490 2704 556 93;
2748 508 2765 541 ι
2800 490 3225 560 exquisitissima
3273 506 3403 545 cura
3445 501 3495 546 et
3525 496 3705 548 studio

435 579 497 633 τὸ
528 579 682 648 ἀγιον
733 577 956 648 Πνεῦμα
983 577 1352 648 ὑποϐέϐληκεν
1384 579 1524 632 αὐτὰ
1547 579 1636 632 διὰ
1670 578 1778 632 τῶν
1807 580 2017 650 ὑπηρε-

435 673 545 728 τῶν
573 672 667 725 τοῦ
693 670 873 739 λόγου,
921 672 1126 742 μήποτε
1161 671 1256 724 καὶ
1279 671 1424 740 ὑμᾶς
1469 671 1792 746 διαφεύγῃή
1830 672 2020 728 ἀναλο-

437 765 552 834 γία,
585 762 706 817 καθ’
753 763 820 834 ἣν
852 763 946 816 ἐπὶ
975 764 1154 816 πᾶσαν
1181 761 1384 831 ἔφθασε
1423 764 1644 836 Γραφὴν
1672 767 1706 834 ἡ
1736 765 1897 834 σοφία
1924 765 2019 820 τοῦ

437 855 574 909 Θεοῦ
620 854 977 909 θεόπνευστον
1031 855 1193 925 μέχρι
1223 853 1316 907 τοῦ
1365 856 1619 926 τυχόντος
1661 857 2016 927 γράμματος·

379 1017 386 1022 ί
438 947 532 999 καὶ
564 945 704 1015 τάχα
732 944 820 998 διά
847 944 1006 998 τοῦτο
1031 946 1060 997 ὀ
1088 944 1277 1018 Σωτὴρ
1311 945 1414 1016 ἔφη
1435 963 1448 976 ·
1489 965 1506 998 ι
1554 946 1707 999 Ἰὦτα
1745 947 1804 999 ἓν
1859 946 1894 1016 ἢ
1924 946 2020 1018 μία

440 1039 637 1109 κεραία
661 1038 722 1090 οὐ
759 1037 833 1109 μὴ
859 1037 1103 1109 παρέλθῃ
1131 1037 1240 1091 ἀπὸ
1278 1036 1375 1091 τοῦ
1399 1038 1587 1108 νόμου,
1618 1037 1722 1100 ἕως
1749 1037 1814 1091 ἂν
1845 1038 2020 1092 πάντα

439 1130 715 1200 γένηται.ι
740 1130 838 1185 Ὃν
868 1129 1065 1198 τρόπον
1094 1130 1202 1198 γάρ
1232 1128 1324 1181 ἐπὶ
1345 1128 1445 1198 τῆς
1471 1128 1876 1200 κοσμοποιίαςὴ
1905 1129 2023 1182 θεία

438 1224 599 1293 τέχνη
629 1222 690 1274 οὑ
725 1221 884 1292 μόνον
915 1221 972 1273 ὲν
1010 1219 1225 1291 οὐρανῷ
1258 1220 1353 1273 καὶ
1388 1219 1527 1290 ἡλίῳ
1560 1221 1654 1277 καὶ
1687 1220 1886 1291 σελήνῃ
1928 1221 2023 1277 καὶ

441 1314 660 1383 ἄστροις
684 1313 932 1382 φαίνεται
959 1311 1176 1382 (48>,δι’
1207 1312 1344 1367 ὅλων
1369 1312 1478 1366 τῶν
1509 1313 1775 1384 σωμάτων
1801 1314 2024 1368 ἐκείνων

444 1408 828 1475 πεφοιτηκυϊλ,
860 1404 996 1458 ἀλλά
1027 1405 1121 1458 καὶ
1171 1405 1264 1458 ἐπὶ
1293 1405 1396 1474 γῆς
1429 1406 1486 1457 ἐν
1533 1404 1632 1476 ὕλῃ
1668 1405 2025 1476 εὑτελεστέρᾳ

441 1497 505 1550 τὸ
537 1497 668 1549 αὐτὸ
693 1497 1014 1566 πεποίηκεν,
1047 1495 1122 1558 ὡς
1167 1496 1243 1566 μὴ
1296 1496 1743 1567 ὑπερηφανῆσθαι
1791 1497 1898 1552 ἀπὸ
1930 1497 2024 1553 τοῦ

442 1586 717 1656 τεχνίτου,
775 1588 915 1658 μήτε
944 1586 1012 1640 τά
1046 1585 1273 1658 σώματα
1322 1588 1430 1640 τῶν
1494 1588 1789 1658 ἐλαχίστων
1835 1589 2021 1653 ζώων·

445 1680 623 1751 πολλῷ
647 1680 705 1733 δὲ
730 1680 888 1734 πλέον
917 1681 1009 1734 καὶ
1033 1681 1132 1743 τὰς
1165 1682 1580 1752 ὲνυπαρχούσας
1610 1681 1790 1752 ψυχὰς
1838 1684 1894 1736 ἐν
1932 1684 2028 1736 αῦ-

443 1772 578 1834 τοῖς,
615 1771 852 1841 ἑκάστης
884 1771 1085 1842 ίδίωμά
1113 1789 1168 1824 τι
1201 1772 1310 1843 (49)
1341 1773 1610 1845 λαϐούσης
1639 1777 1696 1828 ἐν
1743 1775 1902 1845 αὐτῇ,
1950 1776 2027 1838 ὡς

446 1863 502 1914 ἐν
531 1860 708 1931 ἀλόγῳ
744 1863 1008 1932 σωτήριον
1033 1879 1045 1891 ·
1112 1864 1250 1934 μήτε
1274 1862 1344 1916 τὰ
1388 1865 1485 1935 τῆς
1511 1865 1614 1935 γῆς
1646 1865 2023 1937 βλαστήματα,

444 1952 659 2022 ἑκάστῳ
707 1953 1107 2025 ἐνυπάρχοντος
1156 1954 1250 2007 τοῦ
1282 1957 1529 2026 τεχνικοῦ
1571 1958 1699 2029 περὶ
1733 1958 1832 2021 τὰς
1875 1958 2028 2030 ῥίζας

444 2048 540 2098 καὶ
563 2045 631 2097 τὰ
654 2044 827 2113 φύλλα
848 2047 941 2098 καὶ
971 2047 1098 2110 τοὺς
1120 2048 1499 2119 ἐνδεχομένους
1528 2053 1792 2121 καρποὺς,
1815 2053 1906 2104 καὶ
1932 2053 2030 2115 τὰς

443 2138 706 2210 διαφορὰς
729 2138 836 2190 τῶν
877 2139 1206 2210 ποιοτήτων·
1266 2139 1436 2203 οὕτως
1464 2143 1624 2212 ἡμεῖς
1657 2142 2032 2213 ὑπολαμϐάνο-

449 2249 549 2300 μεν
583 2231 713 2302 περὶ
743 2230 960 2284 πάντων
993 2231 1102 2284 τῶν
1133 2232 1192 2299 ἐξ
1227 2234 1511 2298 ἐπιπνοίας
1538 2236 1632 2288 τοῦ
1665 2237 1820 2305 ἁγίου
1869 2239 2033 2292 Πνεῦ-

450 2340 617 2392 ματος
663 2323 1189 2394 ἀναγεγραμμένων,
1251 2325 1327 2388 ὡς
1372 2327 1473 2397 τῆς
1526 2327 1873 2400 ἐπιδιδούσης
1927 2332 2027 2403 τὴν

447 2411 589 2483 ὑπὲρ
643 2412 928 2483 ἄνθρωπον
993 2415 1183 2482 σοφίαν
1234 2417 1385 2486 ἱερᾶς
1449 2419 1714 2488 Προνοίας
1774 2421 1863 2474 διὰ
1920 2423 2030 2476 τῶν

447 2504 793 2575 γραμμάτων
820 2504 898 2575 τῷ
930 2505 1077 2573 γένει
1111 2507 1218 2559 τῶν
1253 2506 1575 2573 ἀνθρώπων,
1603 2510 1760 2580 λόγια
1788 2516 2032 2586 σωτήρια

449 2595 872 2667 ὲνεσπαρκυίας,
927 2597 1003 2661 ὡς
1053 2597 1202 2652 ἔστιν
1258 2601 1450 2667 εἰπεῖν,
1482 2602 1696 2674 ἑκάστῳ
1745 2606 2032 2677 γράμματι

451 2687 592 2742 κατά
617 2689 676 2741 τὸ
702 2689 1048 2761 ἐνδεχόμενον
1085 2691 1204 2763 ἴχνη
1236 2693 1336 2762 τῆς
1381 2695 1592 2764 σοφίας.
1629 2697 1748 2769 Χρὴ
1783 2699 2030 2770 μέντοιγε

448 2780 541 2834 τὸν
569 2780 714 2847 ἅπαξ
765 2783 1212 2854 παραδεξάμενον
1241 2785 1335 2838 τοῦ
1388 2787 1670 2851 κτίσαντος
1706 2791 1797 2842 τὸν
1831 2792 2032 2862 κόσμον

447 2866 585 2925 εἶναι
629 2873 834 2937 ταύτας
894 2875 992 2939 τὰς
1037 2877 1277 2948 Γραφὰς,
1315 2879 1604 2933 πεπεῖσθαι
1637 2882 1718 2933 ὄτι
1771 2883 1872 2935 ὅσα
1904 2885 2033 2954 περὶ

447 2962 550 3032 τῆς
580 2964 810 3028 κτίσεως
831 2967 1050 3038 ἀπαντᾷ
1072 2971 1184 3031 τοῖς
1215 2969 1436 3041 ζητοῦσι
1460 2970 1554 3024 τὸν
1594 2973 1721 3044 περὶ
1747 2974 1915 3044 αὐτῆς
1942 2973 2031 3026 λό-

449 3069 567 3121 γον,
595 3051 770 3107 ταῦτα
798 3055 892 3108 καὶ
919 3055 1046 3126 περὶ
1071 3057 1181 3109 τῶν
1215 3058 1466 3130 Γραφῶν.
1497 3061 1654 3112 Ἐστι
1679 3061 1736 3113 δέ
1764 3079 1826 3129 γε
1855 3064 1948 3115 καὶ
1973 3063 2032 3116 ὲν

447 3147 515 3242 τῇ
551 3146 725 3242 κτίσει
778 3147 899 3242 τινά
950 3149 1270 3242 ἀνθρωπςλῃ
1303 3151 1461 3221 φύσει
1499 3153 1796 3225 δυσεύρετα
1845 3155 1876 3226 ἢ
1936 3156 2030 3208 καὶ
2055 3181 2101 3242 c

451 3234 750 3309 ἀνεύρετα·
784 3237 880 3291 καὶ
913 3240 971 3292 οὐ
1005 3239 1093 3293 διὰ
1119 3239 1278 3294 τοῦτο
1310 3245 1714 3315 κατηγορητέον
1759 3244 1851 3298 τοῦ
1885 3264 2032 3319 ποιη-

449 3327 544 3380 τοῦ
573 3328 681 3383 τῶν
705 3329 870 3384 ¹ὅλων.
903 3331 1038 3403 Φέρε
1074 3333 1267 3399 εἰπεῖν,
1299 3334 1422 3386 ἐπεὶ
1449 3335 1548 3406 οὐχ
1588 3337 1916 3408 εὑρίσκομεν
1945 3341 2031 3392 αἱ·

449 3417 570 3474 τίαν
594 3421 923 3490 βασιλίσκων
949 3425 1199 3491 κτίσεως,
1230 3428 1323 3480 καὶ
1351 3429 1459 3482 τῶν
1489 3429 1664 3482 ἄλλων
1697 3431 1914 3484 ἰοϐόλων
1945 3432 2034 3503 θη-

453 3510 583 3584 ρίων
607 3529 622 3543 ο
653 3513 840 3567 ἐνθάδε
863 3513 972 3587 γάρ
1001 3515 1148 3570 ὅσιον
1189 3518 1279 3572 τὸν
1309 3519 1697 3592 αἰσθανόμενον
1753 3522 1854 3593 τῆς
1884 3515 2035 3578 ἀσθε-

450 3602 599 3668 νείας
633 3603 726 3657 τοῦ
751 3604 942 3674 γένους
995 3609 1173 3679 ἡμῶν,
1199 3611 1294 3664 καὶ
1341 3612 1422 3665 ὅτι
1455 3613 1650 3685 τέχνης
1678 3614 1812 3667 Θεοῦ
1842 3615 2032 3685 λόγους

453 3696 592 3765 μετά
625 3697 805 3768 πάσης
834 3698 1119 3771 ἀκριϐείας
1144 3701 1589 3777 τεθεωρημένους
1623 3707 1870 3761 ἐκλαϐεῖν
1901 3710 2032 3780 ἡμῖν

448 3788 751 3857 ἀμήχανον,
783 3788 902 3860 Θεῷ
932 3792 1242 3848 ἀνατιθέναι
1268 3795 1366 3867 τὴν
1391 3797 1596 3852 τούτων
1627 3800 1847 3868 γνῶσιν,
1873 3801 2032 3855 ὕστε-

450 3895 543 3948 ρον
576 3881 726 3949 ἡμῖν,
791 3881 886 3935 ἐὰν
915 3883 1054 3947 ἄξιοι
1086 3885 1386 3958 κριθῶμεν,
1438 3890 1806 3961 φανερώσοντι
1861 3893 2033 3950 ταῦτα

451 3969 580 4047 περὶ
612 3964 686 4023 ὧν
714 3969 810 4023 νῦν
842 3972 1084 4040 εὐσεϐῶς
1111 3977 1514 4050 ἐπεστήσαμεν.
1547 3981 1701 4035 Οὕτω
1725 3984 1906 4037 τοίνυν
1937 3986 2032 4038 καὶ

451 4061 509 4112 ἐν
537 4063 658 4123 ταῖς
690 4060 861 4127 θείαις
886 4065 1132 4136 Γραφαῖς
1157 4069 1261 4140 χρὴ
1292 4069 1444 4141 όρᾷν,
1477 4073 1557 4125 ὅτι
1578 4073 1747 4128 πολλὰ
1778 4075 2032 4128 ἀπόκειν-

448 4167 539 4204 ται
573 4153 630 4205 ὲν
657 4153 839 4218 αὐτοῖς
860 4155 1198 4212 δυσαπόδοτα
1219 4163 1371 4232 ἡμῖν’
1389 4165 1437 4216 οἱ
1466 4163 1596 4232 γοῦν
1630 4167 2032 4237 ἐπαγγελλόμε-

448 4261 529 4296 νοι
562 4243 698 4332 μετά
720 4244 783 4298 τὸ
801 4247 1100 4319 ἀποστῆναι
1130 4251 1224 4304 τοῦ
1249 4253 1533 4320 κτίσαντος
1558 4257 1668 4329 (50)
1689 4259 1780 4313 τὸν
1803 4261 2026 4332 κόσμον,

448 4332 542 4385 λαὶ
570 4326 614 4400 ᾧ
643 4334 953 4390 ἀνέπλασαν
985 4339 1061 4403 ὡς
1090 4340 1208 4411 Θεῷ
1238 4326 1614 4416 προστρέχειν,
1639 4326 1920 4401 λυέτωσαν*
1933 4349 2030 4415 τὰς

448 4425 865 4497 προσαγομένας
897 4428 987 4498 ὑφ’
1041 4429 1196 4502 ἡμῶν
1225 4434 1408 4498 αὐτοῖς
1439 4437 1689 4508 ἀπορίας,
1741 4439 1774 4510 ἢ
1809 4440 1869 4493 τὸ
1901 4442 2028 4497 ἐαυ-

2123 579 2359 648 Spiritus
2405 591 2628 638 sanctus
2680 596 2778 651 per
2810 582 3088 639 ministros
3120 583 3272 636 verbi
3303 583 3409 637 ista
3453 585 3706 652 subjecit,

2123 690 2190 728 ne
2248 689 2486 743 unquam
2547 675 2706 730 nobis
2753 674 2925 730 latere
2975 684 3159 744 posset
3203 675 3362 740 ratio,
3406 677 3704 732 secundum

2122 779 2283 831 quant
2315 766 2497 820 divina
2530 765 2798 837 sapientia
2831 781 3050 820 omnem
3079 766 3418 834 Scripturam
3449 767 3708 822 divinitus

2123 860 2328 923 datam,
2363 858 2449 913 vel
2497 859 2565 912 ad
2608 874 2772 912 unam
2819 871 2992 926 usque
3042 857 3339 914 litterulam
3391 857 3616 928 attigit:
3651 870 3706 912 et

2125 956 2413 1016 propterea
2444 947 2680 1002 fortasse
2707 949 2989 1014 Servatur,
3028 947 3194 1014 «lota,
3219 947 3396 1016 inquit
3417 948 3487 1012 9’,
3513 961 3705 1009 unum,

2126 1037 2210 1091 vel
2246 1052 2381 1107 apex
2425 1053 2566 1092 llllUS
2590 1054 2621 1092 e
2649 1038 2766 1106 lege
2796 1055 2901 1092 non
2937 1037 3269 1106 praeteribit.
3308 1037 3479 1091 donec
3523 1038 3705 1091 omnia

2125 1131 2277 1185 liant.
2311 1150 2331 1182 ›
2368 1131 2834 1198 Quemadmodum
2883 1133 3024 1186 enim
3059 1131 3111 1185 in
3141 1129 3328 1184 mundi
3364 1131 3582 1199 opiﬁcio
3620 1145 3707 1184 ars

2126 1222 2312 1277 divina
2343 1238 2448 1277 non
2477 1225 2650 1278 solum
2706 1223 2758 1276 iu
2802 1224 2939 1279 caelo
2991 1232 3046 1278 et
3089 1222 3207 1277 sole
3231 1234 3285 1276 et
3313 1221 3438 1275 luna
3466 1230 3521 1276 et
3547 1221 3710 1274 astris

2127 1325 2374 1386 apparet,
2404 1329 2500 1386 per
2533 1324 2644 1370 tota
2683 1317 2774 1371 illa
2807 1331 3039 1385 corpora
3075 1330 3364 1386 permeans
3390 1331 3404 1380 ;
3429 1314 3522 1367 sed
3547 1315 3708 1368 etiam

2128 1407 2181 1460 in
2233 1416 2400 1470 terra,
2454 1407 2505 1461 in
2543 1407 2768 1460 materia
2814 1406 3009 1461 viliore
3055 1409 3162 1460 hoc
3212 1405 3384 1474 ipsum
3411 1404 3618 1466 cll'ecit,
3653 1415 3713 1458 ut

2129 1514 2304 1568 neque
2331 1500 2397 1554 ab
2427 1499 2636 1551 artiﬁce
2675 1499 3030 1551 tniuimurum
3059 1499 3226 1552 etiam
3258 1495 3709 1551 animaleulorum

2088 1599 2090 1608 ’
2129 1607 2356 1661 corpora
2387 1591 2631 1661 neglecta
2665 1593 2806 1657 sint;
2853 1593 3021 1646 lllllllO
3059 1607 3189 1645 vero
3223 1591 3398 1660 magis
3429 1599 3484 1643 et
3510 1603 3630 1658 qua:
3658 1588 3711 1640 in

2131 1683 2235 1739 illis
2264 1683 2454 1737 insunt
2485 1682 2702 1746 animm,
2752 1699 2984 1752 quarum
3028 1683 3254 1751 singula:
3282 1680 3558 1748 peculiare
3584 1679 3715 1748 quid

2131 1774 2183 1827 in
2237 1789 2295 1828 se
2351 1786 2718 1842 acceperunt,
2791 1774 3253 1842 quenuulmodnm
3315 1774 3368 1826 iu
3431 1773 3712 1827 brutorum

2130 1881 2329 1937 genere
2353 1865 2714 1921 conservandi
2747 1865 2828 1932 sui
2865 1865 3132 1918 rationem
3169 1881 3182 1916 :
3211 1863 3303 1916 sed
3346 1879 3520 1932 neque
3555 1873 3713 1916 terra:

2132 1958 2378 2028 germina
2430 1956 2796 2024 contempsit,
2826 1971 2948 2008 cum
3004 1953 3299 2022 unicuique
3326 1954 3455 2007 insit
3498 1953 3714 2005 artiﬁcii

2132 2048 2412 2119 quidpiam
2451 2047 2501 2099 in
2536 2047 2844 2105 radicibus.
2897 2046 2946 2097 in
2982 2043 3146 2108 foliis,
3182 2051 3236 2097 et
3275 2045 3324 2094 in
3355 2043 3424 2097 iis
3458 2046 3550 2110 qui
3585 2056 3715 2110 pro-
3788 2073 3801 2092 κ

2132 2141 2356 2193 veniunt
2385 2139 2670 2199 fructibus,
2714 2147 2767 2192 et
2801 2139 2851 2189 in
2882 2137 3202 2204 qualitatum
3244 2131 3547 2189 dillerentia
3587 2152 3599 2186 :
3640 2135 3715 2187 ita

2133 2250 2231 2287 nos
2268 2247 2556 2287 censemus
2586 2231 2652 2283 de
2679 2231 2934 2282 omnibus
2960 2244 3024 2282 ex
3058 2227 3238 2280 alllatu
3275 2227 3448 2280 sancti
3478 2225 3715 2294 Spiritus

2133 2325 2374 2393 scriptis,
2442 2333 2697 2392 tanquam
2759 2321 2869 2384 illa,
2919 2335 3041 2388 qua:
3096 2319 3421 2388 sapientiam
3478 2319 3714 2370 humana

2133 2416 2472 2483 superiorem
2508 2413 2692 2479 tradit,
2725 2428 2920 2480 magna
2954 2411 3290 2480 providentia
3314 2452 3328 2475 ,
3377 2425 3473 2479 per
3504 2408 3717 2462 divinas

2135 2509 2341 2562 litteras
2370 2505 2652 2560 hominum
2682 2502 2867 2574 generi
2906 2502 3174 2556 salutaria
3208 2503 3535 2556 docmnenta
3568 2498 3714 2552 iuse—

2136 2600 2327 2666 ruerit,
2375 2606 2431 2652 et
2467 2597 2722 2666 singulis,
2774 2606 2830 2650 ut
2883 2596 2954 2648 ita
3005 2595 3206 2656 dicam,
3263 2593 3479 2654 litteris,
3535 2590 3716 2659 quoad

2135 2707 2474 2761 unaquzeque
2507 2707 2702 2761 capere
2727 2697 2944 2759 potest,
2981 2688 3208 2754 vestigia
3243 2686 3522 2754 sapientia:
3553 2681 3718 2754 528

2136 2783 2494 2852 impresserit.
2531 2781 2826 2835 Enimvero
2857 2786 3072 2847 oportet
3102 2793 3224 2831 eum
3252 2776 3339 2844 qui
3363 2774 3530 2828 semel
3553 2774 3720 2827 admi-

2135 2876 2267 2928 serit
2312 2874 2526 2943 Opilicis
2582 2872 2768 2926 mundi
2812 2872 2912 2924 has
2945 2885 3065 2923 esse
3099 2869 3438 2936 Scripturas,
3476 2865 3716 2918 animum

2134 2979 2349 3034 quoque
2387 2964 2648 3017 inducere
2694 2975 3056 3031 quaecumque
3085 2961 3152 3012 de
3197 2957 3477 3012 creatione
3525 2971 3719 3010 occur-

2135 3065 2262 3109 runt
2303 3054 2447 3109 illius
2496 3055 2762 3107 rationem
2816 3049 3213 3121 quaerentibus,
3267 3050 3382 3102 ha'c
3428 3047 3615 3101 eadem
3653 3047 3720 3100 de

2137 3145 2436 3215 Seripturis
2458 3158 2768 3200 occurrere.
2796 3143 2934 3198 Sunt
2964 3153 3145 3196 autem
3175 3141 3228 3193 in
3261 3138 3544 3194 creatione
3573 3154 3716 3206 quaa-

2137 3242 2258 3295 dam
2289 3256 2409 3309 quae
2440 3249 2632 3293 natura
2676 3241 2908 3294 humana
2945 3236 3232 3292 diliiculter
3262 3235 3344 3288 vel
3374 3233 3520 3287 nullo
3555 3233 3719 3288 modo

2135 3333 2383 3387 invenire
2411 3331 2603 3401 possit.
2642 3330 2826 3399 Neque
2862 3330 3062 3383 idcirco
3100 3327 3440 3381 accusandus
3481 3335 3564 3379 est
3603 3341 3719 3379 om-

2135 3424 2285 3479 nium
2325 3424 2551 3478 ell'ector
2585 3423 2748 3478 Deus.
2787 3420 2950 3475 Verbi
2976 3421 3151 3490 gratia
3178 3459 3193 3484 ,
3245 3435 3365 3472 cum
3411 3432 3516 3471 non
3564 3417 3716 3469 inve—

2135 3517 2314 3572 nimus
2345 3531 2566 3572 cansam
2589 3532 2688 3572 cur
2707 3515 2878 3570 creati
2905 3516 3015 3569 sint
3047 3512 3311 3576 basilisci,
3343 3521 3396 3565 ct
3417 3511 3524 3564 alia
3556 3525 3720 3564 vene-

2137 3622 2262 3665 nata
2295 3610 2546 3664 animalia
2579 3627 2592 3662 :
2621 3610 2748 3664 hinc
2797 3608 2942 3662 enim
2993 3616 3242 3661 sanctum
3281 3614 3386 3670 est,
3436 3603 3719 3658 conscium

2136 3700 2524 3756 imbecillitatis
2549 3699 2768 3770 generis
2802 3699 3014 3762 nostri,
3055 3697 3310 3766 quodque
3352 3696 3550 3750 divinae
3585 3695 3724 3749 artis

2135 3795 2371 3848 rationes
2392 3793 2729 3862 quantalibet
2756 3792 2998 3844 maxima
3029 3804 3122 3844 eas
3149 3788 3426 3858 diligentia
3457 3787 3718 3841 fuerimus

2133 3885 2508 3954 contemplati,
2563 3883 2852 3952 percipere
2919 3898 3026 3936 non
3085 3881 3376 3951 possimus,
3437 3881 3501 3932 ad
3552 3894 3722 3937 unum

2135 3975 2299 4030 Deum
2339 3977 2529 4030 hormn
2557 3975 2924 4044 cognitionem
2949 3971 3179 4036 referre,
3205 3971 3296 4040 qui
3322 3971 3480 4023 nobis
3507 3978 3720 4038 postea,

2134 4068 2176 4119 si
2206 4067 2351 4137 digni
2379 4067 2687 4136 judicemur
2707 4103 2722 4129 ,
2758 4065 2874 4118 haec
2910 4065 3025 4133 ipsa
3060 4065 3292 4132 aperiet,
3326 4062 3393 4116 ad
3418 4077 3539 4130 qua:
3569 4075 3718 4114 inen-

2136 4169 2240 4212 tem
2301 4174 2444 4212 nunc
2473 4159 2560 4226 pie
2595 4157 2955 4214 advertimus.
3001 4155 3092 4209 Sic
3118 4156 3282 4224 igitur
3327 4161 3382 4207 et
3429 4153 3481 4206 in
3516 4151 3718 4205 divinis

2134 4249 2335 4303 litteris
2362 4248 2656 4304 videndum
2692 4257 2799 4311 est,
2837 4247 3003 4301 multa
3039 4246 3091 4300 in
3127 4246 3233 4300 illis
3265 4245 3541 4299 recondita
3571 4257 3712 4306 esse,

2130 4356 2358 4410 quorum
2391 4340 2550 4396 nobis
2595 4338 3042 4410 cstperdilﬁeilis
3086 4337 3399 4407 explicatio.
3439 4334 3538 4399 Qui
3585 4349 3715 4403 ergo

2135 4433 2458 4502 pollicentur
2482 4471 2496 4496 ,
2535 4441 2823 4501 postquam
2861 4445 2890 4484 a
2935 4429 3122 4482 mundi
3159 4429 3457 4483 Conditore
3504 4423 3716 4478 defece-

447 4517 556 4570 τῶν
602 4535 665 4586 γε
717 4519 954 4579 συνειδὸς
1007 4523 1341 4580 πειθέτωσαν
1395 4528 1534 4598 μετὰ
1589 4530 1652 4583 τὸ
1712 4531 2028 4604 τηλικοῦτον

2141 4533 2284 4587 ι·ιιιιι,
2320 4532 2377 4578 et
2403 4524 2470 4578 ad
2499 4539 2622 4577 eum
2654 4537 2813 4592 quem
2849 4524 3055 4577 tinxere
3079 4564 3093 4589 ,
3132 4531 3192 4575 ut
3219 4521 3286 4574 ad
3320 4519 3489 4574 Deum
3527 4514 3715 4570 confu-

444 4607 703 4680 τόλμημα
736 4610 836 4681 τῆς
890 4613 1145 4679 ἀσεϐείας
1198 4618 1659 4685 ἀναπεπαῦσθαι,
1721 4625 2026 4694 συμφώνως

446 4702 566 4764 ταῖς
614 4703 744 4773 παρ’
775 4703 959 4768 αὐτοῖς
1021 4707 1306 4763 ὑποθέσεσι
1336 4711 1463 4783 περὶ
1519 4712 1625 4766 τῶν
1654 4713 2021 4787 ζητουμένων,

446 4789 544 4842 καὶ
576 4789 703 4860 περὶ
734 4789 844 4844 τῶν
901 4797 1329 4866 προσαγομένων
1377 4799 1559 4863 αὐτοῖς
1616 4801 2019 4872 ἀπορημάτων·

446 4883 496 4934 εἰ
552 4881 660 4952 γὰρ
714 4883 876 4937 κάκεῖ
929 4885 1079 4939 οὐδὲν
1125 4883 1284 4959 ἦττον
1339 4889 1409 4943 τὰ
1469 4892 1796 4964 ἀπορήματα
1852 4895 2021 4966 μένει,

446 4971 799 5029 ἀποστάντων
827 4975 926 5046 τῆς
962 4976 1245 5049 θεότητοςο
1281 4983 1432 5052 πόσῳ
1472 4983 1758 5054 ὁσιώτερον
1799 4981 1886 5056 ἦν,
1927 4990 2023 5058 μέ-

445 5079 633 5130 νοντας
683 5066 778 5119 ὲπὶ
815 5067 913 5139 τῆς
966 5070 1174 5135 ἐννοίας
1227 5075 1325 5146 τῆς
1379 5077 1507 5148 περὶ
1539 5077 1696 5142 Θεοῦ,
1752 5079 1860 5132 ἀπὸ
1919 5082 2028 5136 τῶν

445 5157 759 5225 κτισμάτων
801 5159 896 5212 τοῦ
945 5165 1324 5235 γενεσιουργοῦ
1383 5166 1756 5241 θεωρουμένου
1779 5212 1793 5237 ,
1861 5174 2026 5244 μηδὲν

447 5245 606 5301 ἄθεον
633 5250 725 5305 καὶ
755 5249 969 5306 ἀνόσιον
999 5253 1126 5324 περὶ
1151 5255 1244 5309 τοῦ
1270 5257 1588 5328 τηλικούτου
1623 5262 2022 5334 ἀποφαίνεσθαι

447 5336 582 5392 Θεοῦ
603 5355 618 5405 ;

514 5547 558 5581 ³⁸
601 5546 739 5604 Psal.
785 5565 849 5615 ιι,
891 5549 947 5605 7.
1019 5551 1063 5582 ³³
1095 5549 1285 5605 Matth.
1325 5552 1488 5616 v.18.

665 5669 958 5745 ιζᾳίνετᾳι.
1002 5669 1230 5745 “potius
1253 5672 1530 5728 maluisset
1571 5675 1980 5745 καταφαίνεται.

449 5739 627 5876 ire?)
681 5738 902 5810 Ἰὃίωμά
935 5758 1007 5797 τι.
1047 5742 1284 5814 Uterque
1310 5745 1478 5800 codex
1513 5738 1842 5815 Tlntanams,
1880 5748 2022 5802 ἰδιώ-

2133 4627 2369 4688 gerunt,
2408 4616 2621 4671 solvant
2661 4631 2798 4685 quos
2828 4616 2960 4686 ipsis
3001 4616 3172 4669 nodos
3205 4612 3550 4668 exhibuimus
3579 4625 3594 4674 ;
3629 4609 3714 4662 vel

2132 4726 2285 4766 suam
2330 4709 2431 4778 ipsi
2455 4709 2850 4763 conscientiam
2899 4709 3280 4777 persuadeant,
3323 4705 3400 4758 uti
3435 4712 3552 4772 post
3601 4711 3713 4756 tam

2134 4805 2402 4874 insignem
2459 4803 2741 4856 audaciam
2796 4803 2864 4856 ab
2906 4803 3182 4871 impietate
3231 4799 3500 4863 desinant,
3554 4807 3714 4864 prout

2131 4896 2386 4965 congruit
2414 4896 2656 4966 ipsorum
2702 4895 2974 4959 instituto,
3017 4895 3085 4947 de
3117 4892 3359 4961 quasitis
3395 4897 3448 4944 et
3491 4889 3556 4943 iis
3591 4902 3715 4956 quat

2129 4987 2337 5056 objecta
2370 4997 2496 5041 sunt
2530 4988 2810 5060 dubitandi
2849 4988 3055 5042 causis.
3117 4986 3172 5038 Si
3221 4984 3364 5038 enim
3400 4983 3472 5036 ibi
3511 4979 3712 5034 nihilo-

2127 5080 2305 5135 minus
2346 5077 2689 5135 dilIicultates
2719 5088 2964 5143 manent,
3003 5088 3294 5150 postquam
3342 5089 3370 5129 a
3426 5073 3713 5128 divinitate

2125 5172 2481 5239 defecerunt;
2524 5183 2730 5242 quanto
2775 5173 3020 5227 sanctius
3056 5182 3176 5225 erat
3208 5172 3261 5224 in
3295 5167 3710 5238 cegitationeae

2123 5281 2285 5321 sensu
2317 5269 2383 5322 de
2418 5267 2527 5321 Deo
2554 5268 2906 5332 inlnerentes,
2952 5283 3111 5336 quem
3142 5283 3170 5318 a
3215 5262 3483 5318 creaturis
3512 5274 3710 5328 parem

2126 5369 2232 5412 tem
2281 5377 2345 5413 ae
2391 5360 2700 5414 etTectorem
2729 5360 3188 5429 centumplatnut',
3237 5355 3370 5412 nihil
3399 5352 3620 5421 impium
3652 5360 3710 5414 et

2121 5449 2390 5504 nefarium
2425 5453 2490 5506 de
2516 5461 2666 5506 tanto
2692 5453 2800 5505 Deo
2827 5449 3136 5504 allii-mare?

2201 5676 2312 5749 (50)
2362 5677 2742 5749 ’Aﬂoo'tﬂraa
2773 5676 2878 5729 τοῦ
2933 5674 3287 5749 κτίσαντος,
3352 5683 3454 5727 etc.
3506 5671 3551 5726 Α
3601 5669 3706 5744 δηι

2139 5744 2384 5824 μιουργῴ
2407 5752 2470 5803 ad
2498 5744 2699 5804 Christi
2730 5747 2962 5801 Patrem.
2995 5744 3256 5806 llus'rtth.
