4124 6430
505 403 641 458 I083
1179 471 1186 476 _
1535 402 1846 459 SELECTA
1881 405 1950 460 IN
1984 405 2328 463 PSALth.
2367 438 2438 448 --υ
2472 407 2669 466 PSAL.
2705 409 2747 467 Ι.
3637 419 3771 476 I086

498 515 722 583 librum,
774 533 932 586 quem
963 528 1158 570 vocant
1202 519 1351 583 Esra,
1385 519 1436 573 id
1462 530 1580 585 est,
1616 541 1634 572 ι
1667 523 1916 590 Adjutor.
1969 544 1988 575 ι
2042 525 2408 581 Duodecimus
2460 527 2597 582 liber
2643 529 3015 596 Psalmerum,
3063 529 3306 586 llebrteis
3353 532 3561 603 Sepher
3606 537 3770 589 tehil-

501 615 614 666 lim.
651 614 902 667 Decimus
938 612 1128 667 tertius
1153 614 1446 670 Proverbia
1491 617 1822 682 Salomonis,
1862 619 2101 674 llcbrmis
2149 621 2384 676 lilisloth.
2437 621 2577 687 XIV,
2613 625 2989 688 Ecclesiastes,
3035 627 3276 682 llebrmis
3303 629 3584 683 Cohelelh.
3646 629 3766 693 XV.

497 706 784 760 Canticum
833 707 1199 772 canticorum,
1252 708 1496 764 Hebraeis
1528 710 1619 765 Sir
1668 712 1947 767 hassirim.
1991 712 2128 778 XVI,
2187 714 2379 781 Isaias,
2417 715 2658 771 Hebraeis
2689 719 2882 772 lesaia.
2909 717 3071 783 XVII,
3105 719 3359 774 Ieremias
3385 737 3504 774 cum
3531 698 3765 776 Lamen;

500 801 796 854 tationibus
819 809 871 855 et
897 801 1146 869 epistola,
1176 803 1226 856 in
1268 819 1429 856 unum
1459 816 1774 874 compactos
1800 807 2074 870 volumen,
2115 809 2256 875 quod
2290 810 2388 876 ipsi
2440 812 2844 868 vocantlrmia.
2895 813 3076 876 XVIII,
3117 814 3326 879 Daniel,
3377 815 3616 870 llebraais
3659 818 3761 871 Dao

497 896 626 950 niel.
661 895 800 960 XIX,
835 897 1086 952 Ezechiel
1117 899 1256 967 apud
1305 898 1562 956 [lebl‘tBOS
1611 900 1883 957 Jeezchel.
1931 901 2050 969 ΧΧ,
2097 901 2221 966 Job,
2277 906 2466 959 eodem
2501 909 2642 976 apud
2679 907 2940 963 Hebraeos
2991 909 3212 962 nomine
3257 910 3567 977 insignitus.
3621 909 3761 982 XXI,

483 985 712 1052 ‘Esther,
777 991 1049 1058 quomodo
1110 990 1272 1044 etiam
1322 990 1534 1045 Ilebrmi
1611 1002 1830 1048 vocant.
1899 993 2068 1047 Extra
2129 995 2324 1047 horum
2365 1010 2594 1052 censum
2655 1007 2782 1053 sunt
2845 999 2973 1054 libri
3045 999 3509 1067 Machabzeorum,
3550 1003 3642 1070 qui
3679 1002 3766 1056 iu-

498 1076 836 1147 scrihuntur,
867 1078 1068 1139 Sarbet
1094 1078 1412 1135 Sarbaueel.

2071 1177 2142 1191 -η

1086 1304 1377 1357 ΨΑΛΜΟΣ
1408 1304 1484 1355 Α’.

559 1393 862 1462 Μακάριος
890 1393 1045 1463 ἀνὴρ
1070 1395 1138 1460 ὃς
1166 1397 1278 1448 οὐκ
1298 1396 1590 1464 ἐπορεύθη
1619 1395 1906 1464 ἐνβουλῇ
1939 1397 2080 1451 ἁσε-
2111 1383 2154 1437 Α

490 1486 628 1551 ϐῶν,
656 1503 711 1540 κ.
741 1503 792 1538 τ.
820 1486 865 1538 ὲ.
902 1486 1070 1538 Ποίαν
1095 1486 1207 1558 (55)
1232 1488 1398 1558 ἐχρῆν
1427 1485 1566 1540 εἶναι
1602 1485 1865 1555 Ψαλμῶν
1903 1489 2079 1559 ἀρχὴν

489 1577 523 1646 ἥ
554 1577 651 1648 τὴν
670 1576 762 1629 τοῦ
783 1576 922 1630 κατά
941 1577 1032 1635 τὸν
1053 1578 1278 1648 Σωτῆρα
1307 1577 1595 1649 ἀνθρώπου
1613 1579 1702 1631 τὸν
1729 1580 2078 1649 μακαρισμὸν

488 1670 869 1741 περιέχουσαν,
906 1671 1000 1723 καὶ
1036 1672 1162 1732 τοὺς
1199 1671 1452 1734 ἐπαίνους
1483 1671 1647 1724 αὐτοῦ
1685 1673 1744 1723 ὲν
1771 1671 1948 1741 ἀποχῇ
1982 1673 2078 1740 μὲν

486 1761 594 1813 τῶν
623 1761 899 1832 χειρόνων,
954 1761 1150 1832 μελέτῃ
1191 1761 1247 1813 δὲ
1271 1763 1364 1814 καὶ
1398 1761 1595 1832 πράξει
1627 1761 1734 1816 τῶν
1772 1761 2075 1832 βελτιόνων,

486 1853 580 1906 καὶ
599 1855 664 1922 τῇ
690 1849 1003 1922 ἐξομοιώσει
1027 1854 1095 1922 τῇ
1115 1851 1250 1921 πρὸς
1265 1851 1354 1903 τὸν
1373 1835 1652 1924 Μονογενῆ
1675 1871 1688 1919 ;
1719 1855 1886 1918 ὅστις,
1921 1855 2080 1923 σοφία

484 1943 581 2007 ὢν,
619 1943 772 2008 ξύλον
805 1944 903 2014 μὲν
937 1943 1083 2013 ζωῆς
1123 1945 1180 1996 ὲν
1215 1947 1562 2014 Παροιμίαις
1602 1946 1818 2020 εἴρηται
1848 1948 1954 1999 ὑπὸ
1985 1949 2080 1999 Σο-

484 2034 777 2104 λομῶντος,
797 2035 891 2088 νῦν
919 2035 976 2088 δὲ
1006 2035 1158 2099 ξύλον
1179 2037 1585 2107 πεφυτευμένον
1605 2057 1622 2089 ι
1645 2038 1795 2108 παρά
1820 2039 1920 2103 τὰς
1943 2039 2080 2104 διεξ-

485 2125 636 2188 όδους
674 2125 782 2179 τῶν
824 2125 1053 2189 ὑδάτων,
1090 2145 1108 2176 ι
1134 2126 1302 2180 ὄντων
1323 2127 1493 2196 λόγων
1519 2128 1848 2195 διεξοδικῶν,
1871 2132 1903 2203 ἢ
1929 2133 2078 2203 νόμῳ

482 2214 804 2285 διαλεκτικῷ
837 2215 1139 2288 διαιρετῶψ
1169 2211 1230 2270 οὗ
1254 2217 1408 2282 ξύλου
1439 2221 1644 2290 καρποὶ
1672 2221 1768 2291 μὲν
1798 2220 1867 2274 τὰ
1905 2239 2077 2292 προη-

482 2304 724 2379 γούμενα
766 2306 1032 2376 δόγματα,
1075 2306 1249 2376 φύλλα
1276 2308 1332 2360 δὲ
1378 2310 1432 2362 αἱ
1476 2309 1649 2374 λέξεις
1681 2310 1774 2364 καὶ
1818 2310 1886 2364 τά
1915 2312 2075 2382 ῥητά.

559 2576 668 2630 Τοῦ
700 2579 906 2632 αὑτοῦ.
938 2579 1110 2652 Βουλὴ
1142 2581 1356 2635 ἀσεϐῶν
1389 2583 1504 2635 ἐστι
1532 2583 1791 2654 λογισμὸς
1821 2585 2075 2658 ἐμπαθὴς

482 2668 761 2738 αἰσθητοῖς
792 2669 1086 2740 πράγμασι
1113 2671 1205 2725 τὸν
1239 2671 1364 2726 νοῦν
1399 2674 1774 2745 προσδεσμῶν.
1805 2678 1920 2729 Οὐκ
1950 2672 2072 2730 εἷπε

479 2760 558 2823 δὲ,
591 2781 606 2810 ι
639 2760 944 2832 ἅνθρωπος,
978 2783 994 2814 ι
1021 2763 1132 2817 ἀλλ’
1166 2782 1183 2815 ι
1219 2765 1382 2839 ἀνὴρ,
1411 2785 1429 2815 ι
1461 2767 1542 2819 ὅτι
1577 2767 1714 2837 πρὸς
1737 2768 1957 2836 ἀγῶνας
1981 2770 2073 2823 καὶ

481 2852 658 2915 πάλας
685 2855 776 2906 καὶ
808 2855 986 2925 μάχας
1012 2855 1110 2918 τὰς
1148 2855 1290 2928 ὑπὲρ
1320 2856 1519 2926 ἀρετῆς
1551 2859 1722 2911 καλείο
1766 2860 1860 2912 καὶ
1894 2860 2076 2930 βούλε-

480 2961 570 2996 ται
599 2946 694 2996 καὶ
721 2946 819 3009 τὰς
838 2950 1100 3015 γυναῖκας
1131 2947 1484 3018 ἀρρενωπούς
1507 2951 1600 3002 καὶ
1631 2951 1882 3021 ἀνδρείας
1911 2948 2068 3008 εἶναι.

481 3035 834 3106 Μακαριότης
881 3037 957 3102 δὲ,
983 3035 1162 3107 ψυχῆς
1209 3037 1447 3090 ἀπάθεια
1500 3038 1641 3109 μετὰ
1681 3039 1936 3107 γνώσεως
1965 3041 2073 3094 τῶν

481 3125 649 3179 ὄντων
676 3127 929 3197 ἀληθοῦς.
965 3128 1218 3199 Καθέδρα
1252 3121 1455 3199 λοιμῶν
1490 3132 1606 3182 ἐστι
1638 3130 1862 3199 λογικῆς
1894 3131 2074 3202 ψυχῆς
2131 3199 2135 3206 ι

483 3217 596 3283 ἕξις
630 3219 898 3290 χειρίστη,
929 3219 1048 3272 καθ’
1072 3219 1138 3290 ἢν
1172 3220 1268 3272 καὶ
1311 3222 1438 3283 τοὺς
1462 3221 1654 3283 ἀλλους
1685 3221 1945 3275 διδάσκει·
1981 3225 2074 3276 καὶ

483 3311 716 3380 νομικοὶ,
751 3311 799 3363 οἳ
831 3313 922 3365 καὶ
969 3310 1217 3383 κληθεῖεν
1243 3309 1310 3366 ἂν
1345 3311 1560 3376 ἀσεϐεῖς
1595 3313 1690 3366 καὶ
1731 3313 1930 3386 λοιμοὶ,
1979 3319 2072 3370 καὶ

490 3403 605 3472 ἅμα
612 3401 827 3473 ρτωλοί.

556 3584 665 3638 Καὶ
699 3583 770 3637 ἐν
789 3583 906 3650 ὀδῷ
928 3584 1293 3653 ἁμαρτωλῶν
1319 3588 1431 3640 οὐκ
1457 3588 1630 3656 ἐοττη,
1660 3589 1757 3642 καὶ
1781 3589 1878 3642 ἐπὶ
1901 3590 2073 3644 καθέ-

480 3676 594 3744 δρᾳ
635 3677 861 3745 λοιμῶν
893 3679 1003 3732 οὐκ
1049 3677 1351 3743 ἐκάθισεν,
1398 3697 1452 3732 κ,
1501 3698 1552 3733 τ.
1591 3682 1636 3734 ὲ.
1677 3682 1915 3746 Γενικῶς
1946 3684 2074 3754 τρία

481 3767 627 3820 ἐστίν
688 3767 819 3838 (56)’
871 3769 989 3839 ἤτοι
1031 3769 1140 3840 γὰρ
1173 3770 1271 3840 τὴν
1316 3772 1490 3843 ἀρχὴν
1523 3773 1645 3826 οὐδὲ
1675 3775 2072 3844 ἐπαγγέλλεταί

479 3874 565 3919 τις
596 3857 872 3928 ἀλήθειαν,
912 3859 1026 3912 ἀλλ’
1063 3861 1137 3923 ὡς
1168 3860 1378 3931 ἔτυχεν,
1407 3864 1596 3917 ἑαυτὸν
1617 3865 1806 3930 ἐκδοὺς
1826 3871 1944 3931 τοῖς
1971 3886 2074 3939 μα-

481 3949 654 4011 ταίοις
686 3950 779 4002 καὶ
812 3950 1185 4016 ἀνεξετάστοις
1215 3953 1390 4026 πάντη
1415 3954 1780 4027 διαλογισμοῖς
1803 3958 1904 4028 τῆς
1937 3977 2074 4032 καρ-

479 4039 601 4102 δίας
645 4038 833 4105 αὑτοῦ,
858 4041 1015 4112 δίκην
1053 4042 1248 4111 ἀλόγου
1299 4044 1645 4119 βοσκήματος
1694 4049 1939 4118 φέρεται,
1970 4051 2070 4122 οὐχ

2777 1305 3096 1360 PSALMUS
3135 1307 3174 1358 Ι.

2255 1397 2418 1451 Vens.
2468 1398 2517 1450 1.
2562 1396 2753 1449 Beatus
2818 1399 2893 1451 vir
2957 1399 3045 1468 qui
3097 1415 3197 1450 non
3267 1399 3395 1450 abiit
3442 1400 3493 1452 in
3543 1402 3765 1454 consilio

2182 1491 2483 1557 impiorum,
2530 1499 2636 1545 etc.
2692 1490 2974 1554 Quodnam
3023 1490 3163 1542 aliud
3198 1491 3482 1557 oportebat
3525 1490 3764 1543 Psalmo-

2184 1600 2297 1634 rum
2324 1597 2444 1635 esse
2483 1582 2719 1642 initium,
2768 1596 2930 1648 quam
2984 1581 3114 1634 illud
3147 1597 3257 1650 quo
3285 1587 3328 1635 is
3358 1584 3448 1651 qui
3485 1584 3534 1635 in
3569 1583 3761 1636 Salva-

2183 1683 2297 1725 tore
2331 1681 2449 1724 erat
2493 1671 2676 1733 homo,
2714 1673 2908 1723 beatus
2941 1671 3098 1724 simul
3143 1674 3466 1740 praedicatur
3500 1683 3553 1726 et
3580 1673 3767 1726 lauda-

2184 1771 2287 1827 tur,
2335 1761 2476 1829 quod
2522 1778 2550 1813 a
2602 1761 2758 1814 malis
2806 1761 3173 1824 abstinuerit,
3228 1778 3538 1828 magnoque
3594 1762 3762 1815 animi

2181 1853 2362 1906 studio
2390 1853 2561 1922 egerit
2611 1852 2835 1905 meliora
2859 1892 2873 1916 ,
2918 1862 2972 1904 ct
3019 1851 3216 1905 similis
3253 1851 3427 1903 factus
3459 1853 3529 1905 sit
3561 1853 3763 1922 Uuige-

2182 1944 2315 2006 nilo,
2349 1942 2436 2009 qui
2477 1942 2742 2009 sapientia
2780 1957 2899 1994 cum
2930 1943 3021 2000 sit.
3070 1941 3272 2010 lignum
3305 1944 3521 2010 quidem
3558 1944 3677 1995 vitae
3705 1944 3760 1995 in

2182 2031 2488 2085 Proverbiis
2513 2029 2690 2084 dictus
2707 2038 2786 2084 est
2805 2029 3164 2098 Salomonis‘,
3186 2045 3325 2086 nunc
3348 2039 3525 2082 autem
3554 2031 3758 2098 lignum

2181 2124 2473 2192 plantatnm
2508 2141 2524 2173 ι
2557 2138 2713 2176 secus
2737 2123 2996 2175 decursus
3029 2137 3324 2190 aquarum,
3387 2141 3405 2172 ι
3451 2123 3758 2176 orationum

2181 2230 2372 2283 nempe
2419 2215 2614 2282 quibus
2666 2214 2868 2282 aliquid
2929 2215 3287 2282 percurritur,
3362 2229 3592 2282 qumque
3642 2213 3762 2282 lege

2181 2309 2461 2363 dialectica
2519 2308 2892 2361 dividuntur:
2945 2307 3097 2371 cujus
3155 2307 3284 2375 ligni
3555 2306 3762 2361 fructus

2179 2412 2302 2456 Sunt
2339 2399 2608 2470 praecipua
2634 2401 2924 2467 dogmata;
2974 2397 3096 2450 folia
3145 2409 3324 2450 autem
3351 2437 3364 2462 ,
3413 2397 3677 2450 dictiones
3708 2407 3761 2448 ct

2180 2494 2365 2548 verba.

2253 2583 2530 2646 Ejusdem.
2591 2581 2889 2636 Consilium
2935 2581 3225 2648 impiorum
3283 2587 3367 2633 est
3419 2578 3762 2644 ratiocinatio

2182 2675 2322 2729 male
2365 2674 2595 2738 aﬂ‘ecta,
2630 2689 2750 2742 quae
2790 2673 3141 2727 sensibilibus
3189 2670 3350 2725 rebus
3392 2680 3626 2722 mentem
3660 2670 3761 2722 illi-

2180 2778 2289 2837 gat.
2323 2767 2442 2820 Non
2481 2767 2616 2820 dixit
2643 2777 2848 2826 autem,
2881 2783 2900 2816 ι
2935 2766 3124 2819 beatus
3147 2766 3324 2823 homo.
3359 2783 3376 2814 ι
3411 2764 3524 2823 sed,
3585 2781 3602 2812 ι
3630 2761 3758 2814 bea-

2182 2867 2264 2910 tus
2319 2857 2465 2920 vir,»
2533 2858 2788 2924 quoniam
2843 2858 2909 2910 ad
2963 2857 3142 2924 przelia
3174 2897 3188 2920 ,
3255 2855 3658 2908 decet-taliones
3708 2861 3762 2907 et

2177 2964 2382 3018 pugnas
2412 2964 2506 3016 pro
2555 2950 2758 3001 virtute
2797 2947 3178 3013 suscipiendas
3216 2947 3490 3008 hortatur,
3539 2944 3761 3012 vultque

2178 3039 2441 3093 mulieres
2467 3050 2519 3094 et
2551 3054 2728 3092 mares
2760 3055 2882 3092 esse
2908 3047 2960 3091 et
2992 3037 3203 3090 viriles.
3253 3036 3348 3089 Eat
3383 3049 3558 3088 autem
3590 3036 3761 3088 beati-

2179 3127 2306 3180 tudo
2338 3129 2555 3196 apathia
2607 3129 2850 3196 quadam
2885 3144 3008 3182 eum
3040 3142 3167 3180 vera
3215 3141 3392 3178 rerum
3421 3126 3758 3192 cognitione.

2175 3218 2442 3272 Cathedra
2499 3218 2822 3286 pestilentiae
2871 3218 3142 3286 pessimus
3199 3217 3417 3285 quidam
3479 3216 3757 3271 rationalis

2175 3311 2371 3364 anima:
2405 3311 2620 3364 habitus
2669 3319 2750 3363 est
2802 3324 2908 3376 quo
2969 3308 3109 3362 alios
3145 3309 3320 3361 docet.
3385 3306 3485 3374 Qui
3545 3320 3668 3360 sunt
3724 3327 3754 3364 a

2176 3401 2312 3471 lege,
2352 3418 2444 3455 eus
2493 3401 2629 3456 forte
2672 3416 2867 3456 vocare
2919 3401 3126 3471 poteris
3190 3399 3420 3469 impios,
3469 3410 3648 3470 pestes
3699 3413 3754 3458 et.

2174 3505 2515 3562 peccatores.
3070 3510 3072 3513 ·

2247 3585 2311 3638 Et
2351 3587 2405 3638 in
2448 3587 2526 3640 via
2567 3596 2899 3654 peccaturum
2943 3603 3046 3640 non
3090 3587 3264 3652 stetit,
3308 3596 3366 3640 -ει
3405 3588 3458 3654 iu
3500 3586 3756 3640 cathedra

2173 3677 2487 3746 pestilentiae
2527 3692 2630 3729 non
2657 3676 2811 3740 sedit,
2839 3685 2946 3730 etc.
2977 3673 3294 3729 Generatim
3329 3675 3430 3728 tria
3460 3685 3586 3728 sunt
3621 3692 3633 3728 :
3671 3676 3755 3729 vel

2173 3771 2316 3824 enim
2344 3769 2564 3823 omnino
2598 3784 2706 3826 non
2735 3768 3018 3836 proﬁtetur
3041 3767 3161 3834 quis
3200 3769 3508 3832 veritatem,
3542 3767 3656 3833 sed,
3697 3777 3756 3820 ut

2173 3860 2285 3914 fors
2318 3860 2458 3924 tulit,
2498 3860 2734 3928 seipsum
2769 3860 2920 3911 vanis
2969 3870 3021 3913 et
3055 3858 3410 3926 inexploratis
3454 3857 3636 3912 cordis
3669 3858 3752 3912 sui

2173 3951 2594 4022 cogitationibus
2624 3932 2869 4015 tradens,
2900 3951 3070 4004 instar
3100 3951 3274 4003 bruta:
3305 3949 3522 4019 pecudis
3560 3951 3751 4016 l'ertur,

2172 4060 2277 4098 non
2302 4053 2451 4097 stans
2479 4059 2651 4112 neque
2693 4060 2750 4096 re
2793 4043 3046 4112 quapiam
3081 4042 3294 4095 innixus
3320 4081 3335 4105 ,
3373 4052 3427 4095 et
3466 4051 3753 4110 prepterea

480 4127 746 4199 ἑστηκὼς,
781 4129 887 4182 οὐδ’
936 4131 1347 4202 ὲπερειδόμενός
1389 4152 1516 4199 τινι,
1550 4137 1645 4189 καὶ
1685 4136 1773 4197 διὰ
1822 4136 1980 4194 τοῦτο
2006 4140 2067 4191 οὐ

2175 4153 2280 4188 non
2311 4137 2505 4190 sedens
2532 4135 2655 4204 :qui
2686 4136 2903 4204 quidem
2943 4136 2994 4188 in
3025 4133 3256 4188 consilio
3288 4133 3572 4203 impiorum
3599 4136 3755 4190 abire

479 4219 854 4292 καθιξόμενος,
870 4223 1018 4286 ὅστις
1035 4223 1358 4294 πορεύεσθαι
1374 4225 1589 4296 λέγεται
1612 4230 1669 4285 ἐν
1689 4233 1754 4301 τῇ
1784 4229 1943 4301 βουλῇ
1960 4233 2067 4286 τῶν

477 4311 711 4367 ἀσεϐῶν.
753 4313 840 4366 Ἐν
875 4311 956 4377 οἷς
981 4313 1324 4384 βουλεύονται
1355 4319 1404 4370 οἱ
1437 4320 1674 4386 ἀσεϐεῖς,
1707 4323 1772 4377 οὐ
1805 4321 1943 4392 μετά
1985 4322 2070 4376 δο-
2107 4393 2111 4400 ⁸

481 4402 686 4476 κούσης
737 4403 983 4474 σκέψεως
1034 4407 1447 4479 προσέρχονται,
1495 4412 1594 4464 ὅσα
1635 4412 1914 4484 νομίζεται
1956 4417 2068 4479 τοῖς

479 4493 826 4558 ἀπαιδεύτοις
856 4495 1015 4562 καλά,
1048 4496 1392 4569 θηρεύοντες.
1429 4503 1500 4554 ’Ἡ
1547 4504 1602 4555 ὲν
1629 4507 1694 4574 τῇ
1727 4504 1955 4577 ἀληθείᾳ
1983 4507 2070 4559 δο-

480 4589 592 4642 κῶν
622 4591 864 4654 ἑστάναι,
906 4593 968 4645 οὐ
1019 4593 1161 4647 κατὰ
1189 4593 1286 4666 τὴν
1314 4595 1488 4667 ἀληθῆ
1520 4596 1867 4652 διδασκαλίαν
1895 4600 2064 4670 βιοὺς,

477 4680 800 4751 ἁμαρτωλὸς
853 4682 990 4752 μετά
1035 4684 1374 4754 ἁμαρτωλῶν
1409 4686 1576 4750 ἐστιν,
1613 4685 1792 4759 ζητῶν
1820 4689 1930 4743 τῶν
1976 4707 2066 4744 νο-

485 4768 792 4841 μιζομένων
833 4773 890 4826 ἐν
920 4773 1147 4846 ἀληθείᾳ
1182 4771 1322 4837 εἶναι
1367 4777 1495 4841 τοὺς
1525 4779 1792 4850 χείρονας,
1837 4782 1930 4834 καὶ
1982 4782 2066 4836 aut

481 4862 639 4918 τοῦτο
661 4865 718 4916 ἐν
751 4863 856 4936 ὁδῷ
893 4866 1071 4920 αὐτῶν
1102 4868 1365 4940 ἑστηκώς.
1393 4871 1462 4924 ’Ἡ
1499 4869 1641 4924 κατὰ
1663 4869 1725 4924 τὸ
1751 4873 1928 4942 τρίτον
1958 4873 2064 4927 τῶν

480 4956 538 5012 ὲν
567 4957 633 5025 τῇ
672 4956 1008 5028 προκειμένῃ
1036 4958 1178 5022 λέξει
1205 4961 1303 5031 τῆς
1331 4962 1574 5033 Γραφῆς,
1613 4965 1671 5016 ἐν
1703 4964 1920 5034 ψευδέσι
1955 4968 2064 5019 τισὶ

477 5045 708 5117 δόγμασι
762 5048 935 5101 ταῦτα
990 5049 1388 5121 ὑπολαμϐάνων
1436 5051 1573 5108 εἶναι
1620 5057 1848 5128 τάληεῆ,
1899 5060 2064 5128 φησὶν

479 5138 919 5203 ἀναπεπαῦσθαι,
941 5141 1033 5194 καὶ
1053 5131 1236 5196 οὐκέτι
1255 5144 1478 5216 χρῄζειν
1499 5147 1772 5219 πορείαςῆ
1799 5142 2058 5215 στάσεως,

481 5228 666 5299 σχῆμά
692 5247 746 5283 τι
777 5229 1138 5304 περιεχούσης
1179 5235 1273 5293 τοῦ
1310 5237 1668 5309 μηδεπώποτε
1718 5241 2064 5314 πεπληροφο-

484 5319 719 5390 ρημένου
773 5324 900 5394 περὶ
934 5324 1043 5378 τῶν
1083 5327 1450 5398 Γραμμάτων.
1503 5333 1613 5385 Καὶ
1648 5326 1802 5396 οὗτος
1855 5335 2061 5387 ἐπανα-

479 5409 784 5481 παυόμενος
815 5415 882 5483 τῇ
915 5413 1154 5487 καθέδρᾳ
1183 5416 1291 5472 τῶν
1320 5417 1729 5491 λυμαινομένων
1749 5420 2055 5484 καθέζεται.

556 5508 571 5538 ί
598 5505 763 5562 Prov.
791 5525 875 5576 III,
909 5509 1002 5564 18.

553 5600 671 5683 (55).
705 5600 863 5657 Prius
887 5601 1502 5683 l_'ragmen£um_ex_hibet
1533 5605 1702 5683 codex
1727 5607 2064 5683 Anglicanus
2099 5628 2141 5683 υ

479 5658 598 5746 “de
707 5658 1081 5746 ,_partimq’ue
1128 5658 1469 5746 C‘orderius;
1498 5658 2064 5746 atiéii.ﬁu”’p?bui't”é

479 5739 707 5870 magis
728 5739 937 5808 G’rabii,
983 5739 1036 5800 et
1062 5744 1252 5801 Latine
1277 5739 1458 5801 exstat
1488 5745 1542 5802 in
1573 5739 2064 5806 Cateua'Danielis

577 5866 579 5868 .
713 5847 732 5872 .

2173 4226 2387 4279 dicitur.
2454 4225 2624 4282 Porro
2671 4226 2818 4295 impii
2865 4226 2931 4279 ad
2975 4225 3262 4280 consilium
3316 4241 3383 4279 ne
3419 4229 3472 4279 in
3509 4227 3747 4294 speciem

2173 4319 2387 4388 quidem
2413 4319 2756 4372 considerate
2779 4322 3063 4384 accedunt,
3109 4320 3201 4373 sed
3223 4335 3558 4389 quaecunque
3583 4321 3752 4387 impe-

2171 4410 2260 4463 riti
2291 4410 2426 4463 bona
2454 4410 2790 4473 existimant,
2826 4425 2888 4464 ea
2922 4419 3227 4465 sectantur.
3265 4412 3354 4468 Vel
3385 4414 3477 4481 qui
3518 4414 3568 4466 in
3597 4414 3749 4466 veri-

2173 4513 2282 4557 tate
2335 4503 2548 4556 videtur
2595 4512 2766 4564 stare,
2817 4516 2921 4555 non
2973 4513 3154 4556 autem
3225 4507 3519 4557 secundum
3567 4521 3748 4558 veram

2171 4595 2472 4650 doctrinam
2499 4593 2651 4659 vivit,
2685 4593 2732 4646 is
2765 4601 3021 4660 peccator
3063 4609 3185 4649 cum
3229 4597 3604 4662 peccatoribus
3644 4608 3749 4661 est,

2169 4703 2357 4743 eorum
2411 4686 2505 4755 qui
2561 4685 2614 4739 in
2667 4685 2897 4739 veritate
2941 4701 3064 4740 esse
3104 4695 3389 4753 putantur,
3447 4687 3749 4746 deteriores

2169 4794 2435 4847 quaerens,
2489 4785 2543 4832 et
2590 4787 2877 4846 propterea
2936 4777 2988 4830 in
3045 4778 3128 4830 via
3179 4793 3368 4833 eorum
3425 4789 3592 4834 stans.
3650 4780 3746 4835 Vel

2161 4869 2316 4939 juxta
2345 4871 2560 4925 tertium
2589 4885 2758 4940 genus
2786 4885 2970 4924 eorum
3006 4870 3096 4937 qui
3133 4871 3424 4938 prepositis
3450 4869 3747 4940 Scriptura:

2171 4961 2348 5016 verbis
2382 4972 2905 5023 commemorantur,
2937 4961 3026 5027 qui
3054 4956 3186 5012 falsa
3219 4961 3465 5028 quaedam
3492 4961 3742 5030 dogmata

2165 5069 2292 5106 vera
2338 5068 2458 5108 esse
2495 5060 2677 5122 putat,
2725 5051 2768 5106 is
2807 5051 2860 5105 in
2908 5052 3014 5105 illis
3039 5052 3116 5104 ait
3146 5067 3206 5107 se
3234 5051 3610 5129 requiescere,
3645 5069 3745 5108 nec

2164 5147 2266 5200 sibi
2298 5146 2526 5216 amplius
2551 5162 2685 5216 opus
2718 5161 2838 5200 esse
2865 5155 2921 5199 ut
2945 5147 3188 5200 ambulet
3213 5157 3306 5200 aut
3337 5156 3466 5214 stet,
3493 5149 3559 5202 ad
3599 5149 3746 5204 illius

2167 5239 2277 5292 fere
2333 5238 2507 5293 instar
2558 5253 2716 5307 quem
2767 5253 3047 5291 sacrarum
3080 5238 3411 5296 Litterarum
3464 5254 3744 5308 nunquam

2163 5332 2384 5386 satietas
2411 5327 2572 5398 cepit.
2604 5323 2702 5379 Hie
2730 5323 3083 5395 requiescens
3106 5328 3156 5379 in
3181 5332 3438 5385 cathedra
3472 5330 3742 5399 pestilen-

2165 5426 2301 5480 tium
2345 5425 2518 5478 sedet.
2562 5423 2635 5474 De
2677 5419 2876 5489 quibus
2933 5433 3110 5477 autem
3138 5438 3264 5488 vox,
3310 5424 3737 5509 «pestilentiaﬂ

2245 5611 2357 5682 (56)
2391 5611 2654 5678 Ιένικῶς
2701 5615 2835 5680 τρία
2873 5614 3064 5678 ἐστίν,
3093 5623 3196 5668 etc.
3236 5615 3451 5684 Origeni
3482 5617 3594 5672 haec
3639 5620 3739 5674 tri.

2172 5685 2418 5757 buuntm:
2441 5685 2494 5738 in
2521 5686 2709 5757 codice
2731 5685 3065 5757 Barocciano
3091 5684 3216 5757 255,
3239 5696 3294 5743 et
3323 5688 3532 5743 initium
3567 5689 3751 5754 haheq,

2173 5765 2262 5810 tur
2304 5755 2357 5810 in
2381 5753 2582 5811 Catena
2627 5753 2878 5809 Barbari.

2024 5979 2030 5981 ’
2093 5985 2212 6018 ’ψη-ἔν’
2251 5998 2282 6011 -.
