4124 6386
387 355 412 402 ι
423 345 523 402 087

1792 341 1878 397 EX
1920 341 2222 398 OlllGENE

3456 426 3462 432 ἱ
3490 343 3624 398 1088

381 460 723 528 ρτωάίεοιυτ,
759 455 822 510 iis
848 469 949 509 non
986 455 1102 510 sine
1131 455 1358 509 consilio
1389 456 1582 521 altera,
1622 474 1639 507 ι
1671 457 1933 522 derisor,»

2045 457 2176 510 Καθ’
2199 448 2273 508 ὧν
2296 455 2352 508 δὲ
2385 457 2418 524 ἡ
2443 472 2460 505 ι
2493 454 2679 524 λοιμὸς
2707 476 2722 506 ι
2759 455 3115 527 προσηγορία,
3144 456 3284 510 κατά
3308 456 3511 510 τούτων
3535 463 3622 512 καὶ

382 552 450 610 ab
482 549 602 603 aliis
630 547 1014 615 interpretibus
1061 547 1336 601 tribuitur.
1395 545 1653 616 Reliquos
1692 551 1865 613 enim,
1893 561 1948 603 et

385 639 615 700 maxime
645 651 739 692 eos
777 637 866 705 qui
911 637 1208 690 secundum
1247 652 1436 691 sanam
1479 637 1781 690 doctrinam
1823 653 1945 693 cre-

382 733 536 793 dunt,
580 730 824 784 derident
869 730 901 782 ii
945 731 1034 798 qui
1079 730 1130 785 in
1171 729 1364 797 seipsis
1395 731 1665 800 sapientes
1693 739 1848 798 sunt,
1893 740 1950 784 et

382 831 559 870 coram
591 831 648 869 se
675 816 984 885 prudentes.

451 905 618 960 Vens.
660 903 713 960 2.
758 902 864 958 Sed
903 905 958 956 in
987 905 1095 973 lege
1126 903 1339 958 Domini
1372 904 1609 958 voluntas
1646 905 1789 973 ejus,
1818 917 1864 960 et
1894 908 1947 959 in

381 1000 488 1066 lege
512 998 626 1064 ejus
664 997 1008 1049 meditabitur
1055 998 1139 1049 die
1195 1014 1258 1049 ac
1294 1006 1470 1060 nocte,
1514 1007 1617 1051 etc.
1659 997 1949 1052 Meditatur

383 1089 551 1158 legem
586 1088 792 1144 Domini
833 1089 918 1142 die
955 1104 1018 1142 ac
1060 1099 1251 1155 nocte,
1304 1105 1408 1142 nou
1455 1090 1544 1159 qui
1605 1091 1768 1143 verba
1816 1089 1948 1160 legis

380 1181 496 1234 sine
523 1180 778 1250 operibus
809 1195 920 1233 suae
952 1181 1226 1234 memoria:
1260 1180 1504 1243 mandat;
1545 1181 1636 1235 sed
1662 1181 1752 1249 qui
1788 1182 1951 1234 medi-

383 1271 546 1327 tando
577 1271 823 1340 pervenit
853 1271 918 1324 ad
965 1287 1129 1339 opera
1165 1272 1296 1341 ipsis
1337 1281 1704 1326 consentanea
1731 1311 1745 1334 ,
1777 1273 1946 1326 donec

381 1380 478 1433 per
524 1366 797 1419 assiduam
855 1380 1078 1434 Opernm
1127 1380 1247 1434 quae
1285 1365 1366 1418 lcx
1400 1365 1664 1433 praecipit,
1721 1366 1947 1418 medita-

383 1457 584 1512 tionem
616 1468 896 1525 promptns
927 1457 1189 1510 etiiciatur
1209 1457 1589 1523 adprazstanda
1621 1461 1799 1511 onmia
1831 1473 1948 1526 quae

381 1553 674 1605 secundum
719 1550 890 1619 legem
940 1551 1178 1618 perfecte
1210 1549 1410 1602 viventi
1457 1549 1802 1605 incmnbunt.
1857 1551 1948 1605 Sic

381 1642 524 1695 enim
559 1641 672 1695 lieri
717 1642 928 1708 poterit,
975 1641 1179 1708 utquis
1220 1649 1333 1725 tota
1384 1641 1470 1694 dic
1527 1657 1590 1696 ac
1645 1652 1803 1696 nocte
1854 1642 1946 1696 Dei

382 1733 552 1801 legem
601 1733 906 1785 meditetur.
963 1733 1085 1785 Sive
1138 1731 1278 1785 enim
1308 1734 1576 1796 comedat,
1622 1733 1736 1787 sive
1772 1735 1980 1799 bibat,

381 1824 493 1878 sive
519 1822 659 1876 aliud
683 1823 808 1892 quid
835 1822 1017 1886 faciat,
1044 1822 1198 1892 juxta
1225 1823 1366 1892 quod
1395 1824 1597 1877 dictum
1617 1835 1696 1878 est
1718 1842 1745 1877 a
1767 1827 1947 1879 divino

380 1912 634 1981 Apostolo
661 1914 702 1976 ¹,
735 1913 778 1967 is
807 1913 897 1982 qni
930 1913 1194 1982 ejusmodi
1232 1924 1347 1978 est,
1387 1915 1568 1968 omnia
1606 1918 1672 1969 ad
1719 1915 1945 1985 gloriam

383 2006 472 2059 Dei
523 2005 671 2069 facit,
725 2006 796 2058 ita
853 2017 910 2059 ut
971 2009 1145 2060 somni
1198 2007 1362 2061 etiam
1417 2017 1660 2078 tempore
1709 2010 1798 2078 qui
1851 2027 1948 2080 pro

381 2097 538 2168 531
591 2098 911 2152 necessitate
955 2099 1210 2166 sumitur,
1266 2100 1492 2154 attentio
1540 2111 1594 2154 et
1644 2103 1709 2153 ad
1772 2101 1945 2170 ipsum

381 2189 667 2257 pertineat,
701 2199 755 2244 ct
795 2191 861 2242 ad
895 2191 1211 2260 phantasias
1241 2206 1362 2258 quae
1392 2189 1445 2244 in
1483 2192 1598 2261 ipso
1630 2203 1943 2246 occurrunt.

383 2279 521 2334 llinc
563 2280 795 2335 solvitur
827 2281 954 2336 illml
1009 2281 1366 2351 apostolicum
1416 2283 1481 2336 de
1517 2299 1626 2350 quo
1676 2285 1944 2338 interdum

382 2373 676 2444 ambigitur
722 2375 742 2406 ³
789 2393 802 2428 :
853 2393 870 2425 ι
927 2375 1054 2428 Sine
1090 2374 1502 2430 intermissione
1543 2388 1716 2431 orate.
1760 2396 1778 2428 ι
1841 2379 1944 2444 Qui

383 2466 477 2519 liet
509 2467 656 2520 enim
692 2475 749 2520 ut
777 2466 1080 2531 dormiens,
1119 2476 1211 2520 aut
1242 2468 1538 2521 bmnannm
1562 2469 1794 2537 ‘aliquod
1829 2468 1945 2524 olli-

381 2559 522 2612 cium
555 2568 838 2627 prmstans,
865 2559 946 2612 vel
980 2573 1178 2626 corpus
1208 2575 1368 2612 suum
1401 2575 1600 2615 curans
1639 2561 1762 2631 quis
1783 2563 1946 2617 oret?

384 2653 453 2702 At
482 2664 610 2704 vero
661 2648 958 2718 perfectum
991 2649 1153 2704 etiam
1205 2649 1435 2705 dicinms
1474 2649 1711 2706 clamare
1741 2654 1806 2708 ad
1841 2653 1946 2707 Do-

384 2739 611 2801 minum,
653 2739 938 2807 ipsumque
986 2738 1312 2807 postulando
1355 2739 1420 2792 ad
1467 2740 1669 2807 optima
1719 2756 1948 2811 qumque

380 2830 725 2882 concedenda
765 2828 1015 2893 invitare,
1057 2830 1184 2881 dum
1239 2830 1419 2882 omnia
1463 2829 1597 2883 facit
1648 2833 1945 2887 secundum

382 2919 668 2983 rationem,
705 2919 777 2973 ita
809 2930 868 2973 ut
897 2921 1075 2975 omnis
1097 2919 1217 2988 ejus
1253 2921 1394 2975 actio
1421 2922 1492 2976 sit
1521 2925 1713 2979 oratio.
1745 2924 1944 2992 Quem-

381 3009 668 3064 admodum
704 3019 884 3064 autem
933 3011 985 3064 in
1037 3011 1388 3066 meditatione
1440 3013 1573 3082 legis
1628 3031 1731 3068 non
1785 3020 1946 3072 omit-

381 3101 541 3155 tenda
577 3110 660 3155 est
693 3101 844 3155 vocis
888 3100 1047 3154 istius
1086 3103 1444 3170 proprietas,
1473 3105 1543 3158 ita
1595 3122 1812 3176 quoque
1847 3111 1946 3164 mi-

379 3193 522 3248 nime
561 3193 879 3264 negligenda
908 3201 991 3248 est
1030 3194 1336 3262 proprietas
1361 3197 1647 3265 orationis,
1671 3215 1796 3254 cum
1839 3219 1943 3257 me-

377 3285 532 3339 ditari
585 3287 655 3341 sit
699 3285 910 3354 precari
958 3294 1017 3338 ut
1069 3285 1273 3356 aliquid
1322 3287 1588 3345 faciamus
1639 3295 1940 3350 secundum

379 3377 550 3446 legem
589 3376 825 3430 Domini.
849 3375 1256 3432 Advertendum
1283 3395 1430 3446 vero,
1463 3398 1587 3436 num
1614 3386 1767 3453 juxta
1799 3385 1943 3454 leges

377 3481 652 3537 anagoges
686 3467 803 3520 dies
851 3467 1070 3534 quidem
1114 3472 1458 3538 tranquillus,
1507 3490 1612 3528 nox
1646 3491 1772 3530 vero
1797 3478 1943 3531 cala-

379 3561 610 3615 mitosus
643 3569 828 3614 noster
867 3571 1042 3616 status
1077 3563 1181 3617 dici
1216 3567 1413 3632 possit,
1464 3576 1686 3636 propter
1738 3571 1943 3624 tetrici-

381 3664 565 3707 tatem.
620 3651 938 3708 Conandum
997 3664 1176 3710 autem
1225 3666 1284 3710 ut
1337 3658 1389 3712 in
1436 3658 1552 3728 lege
1604 3677 1939 3728 maneamus,

372 3757 485 3796 non
523 3752 726 3796 tantum
777 3746 996 3812 quando
1045 3757 1271 3803 externa
1322 3751 1477 3804 nobis
1521 3766 1622 3806 non
1669 3753 1941 3808 reluctanv

373 3844 508 3895 tur,
554 3845 742 3884 vernrn
792 3834 957 3888 etiam
1007 3836 1223 3905 quando
1259 3841 1338 3892 in.
1368 3841 1692 3897 tentationes
1749 3845 1944 3899 incidi-

381 3938 518 3977 IIIIIS.

444 4015 608 4071 Vsus.
642 4019 696 4072 5.
735 4017 801 4070 Et
835 4020 932 4071 erit
958 4031 1210 4090 tanquam
1237 4022 1438 4091 lignum
1483 4026 1622 4093 quod
1644 4026 1940 4093 plantatum

374 4118 449 4160 est
473 4125 624 4161 secus
652 4110 906 4163 decursus
935 4127 1216 4180 aquarum,
1239 4115 1379 4182 quod
1400 4115 1628 4181 fructum
1664 4134 1817 4170 suum
1847 4119 1944 4170 da-

369 4199 442 4258 bit
467 4202 518 4252 in
547 4211 772 4266 tempore
798 4217 916 4264 suo,
948 4212 995 4254 et
1027 4202 1223 4270 folium
1255 4205 1368 4272 ejus
1391 4222 1494 4259 non
1531 4208 1743 4276 deﬂuet,
1767 4221 1813 4262 et
1833 4227 1940 4263 om-

366 4294 459 4350 θεία
511 4309 828 4363 quacunque
879 4295 1036 4363 faciet
1083 4301 1579 4365 prosperabuutur,
1633 4311 1739 4355 etc.
1813 4302 1942 4357 Illud

363 4385 593 4450 posthac
628 4387 1024 4453 perpendamus
1059 4389 1202 4457 quod
1253 4390 1468 4458 Aquila,
1519 4411 1536 4442 ι
1575 4394 1943 4462 transplanta-

2049 547 2081 616 ὴ
2111 565 2127 597 ι
2167 543 2465 616 χλευαστὴς
2497 564 2514 594 ›
2539 544 2639 598 οὐκ
2663 545 2918 610 ἀσκόπως
2935 546 3082 617 παρά
3115 550 3224 612 τοῖς
3247 548 3454 620 ἑτέροις
3482 551 3622 622 εἴρη-

2046 652 2155 687 ται.
2185 632 2520 696 Χλευάζουσι
2548 634 2656 704 γάρ
2686 635 2810 698 τοὺς
2843 635 3081 701 λοιποὺς,
3113 638 3206 690 καὶ
3235 638 3468 708 μάλιστα
3498 641 3622 704 τοὺς

2047 727 2188 780 κατά
2232 727 2322 780 τὸν
2373 727 2498 796 ὑγιῆ
2543 726 2699 794 λόγον
2754 728 3182 792 πεπιστευκότας
3221 731 3269 782 οί
3303 731 3360 782 ὲν
3413 732 3624 796 ἑαυτοῖς

2049 817 2218 884 σοφοὶ,
2244 816 2337 867 καὶ
2362 814 2588 866 ἐνώπιον
2620 813 2828 867 ἑαυτῶν
2856 815 3235 884 ἐπιστήμονες.

2130 907 2281 958 Ἀλλ’
2315 905 2351 972 ἣ
2374 903 2443 956 ἐν
2475 903 2556 968 τῷ
2595 897 2755 970 ὼόμῳ
2790 903 3011 969 Kt'plov
3048 903 3114 955 τὸ
3153 903 3381 971 θέλημα
3415 902 3623 968 αὑτοῦ,

2046 997 2142 1052 καὶ
2162 997 2231 1050 ἐν
2254 995 2332 1062 τῷ
2361 995 2521 1064 νόμῳ
2570 994 2756 1047 αὐτοῦ
2783 992 3102 1062 μελετήσει
3138 995 3359 1064 ἡμέρας
3386 996 3483 1048 καὶ
3517 1014 3624 1049 νυ-

2046 1090 2204 1156 κτὸς,
2227 1106 2282 1141 κ.
2309 1106 2360 1140 τ.
2386 1088 2432 1140 έ.
2465 1086 2678 1156 Μελετᾷ
2705 1085 2797 1138 τὸν
2827 1085 2990 1155 νόμον
3023 1085 3134 1155 (57)
3161 1087 3369 1158 Κυρίου
3409 1087 3624 1160 ἡμέρας

2046 1182 2139 1234 καὶ
2167 1179 2378 1245 νυκτὸς,
2409 1179 2505 1248 οὐχ
2527 1179 2556 1230 ὁ
2572 1175 2672 1240 τὰς
2691 1176 2864 1240 λέξεις
2888 1176 2980 1228 τοῦ
3009 1176 3172 1246 νόμου
3191 1180 3358 1249 χωρὶς
3373 1178 3479 1231 τῶν
3505 1179 3618 1233 κατέ·

2046 1271 2214 1334 αὑτὰς
2239 1271 2412 1342 ἔργων
2451 1271 2530 1332 εἰς
2557 1267 2619 1321 τὸ
2651 1267 3022 1339 μνημονεῦσαι
3048 1271 3462 1341 ἀναλαμϐάνων,
3488 1274 3624 1327 ἀλλά

2045 1373 2139 1426 καὶ
2161 1374 2190 1426 δ
2210 1373 2301 1424 ἐπὶ
2324 1371 2392 1424 τὰ
2421 1369 2730 1440 κατάλληλα
2763 1369 2900 1440 εργα
2926 1368 3218 1441 ἐρχόμενος
3245 1365 3627 1438 μεμελετηκὼς

2010 1499 2012 1502 -
2046 1464 2244 1527 αὐτῶν,
2271 1463 2374 1524 ἕως
2401 1461 2488 1515 διὰ
2515 1462 2616 1532 τῆς
2641 1460 2894 1531 συνεχοῦς
2921 1461 3029 1514 τῶν
3058 1460 3199 1514 κατά
3218 1459 3306 1512 τὸν
3337 1458 3500 1528 νόμον
3533 1457 3626 1528 ἕρ-

2046 1572 2156 1623 γων
2205 1552 2432 1624 μελέτης
2469 1552 2691 1622 γένηται
2732 1550 2982 1622 εὐχερὴς,
3023 1549 3307 1610 ἀποδιδοὺς
3349 1547 3524 1600 πάντα
3559 1545 3626 1597 τὰ

2045 1643 2400 1698 ἐπιϐάλλοντα
2426 1642 2502 1714 τῷ
2544 1641 2685 1695 κατά
2711 1642 2804 1695 τὸιν
2829 1641 2992 1712 νόμον
3021 1639 3239 1702 τελείως
3266 1639 3486 1708 βιοῦντι.
3523 1636 3626 1692 οι-

2045 1755 2152 1800 τως
2175 1737 2282 1807 γὰρ
2328 1735 2479 1790 ἔσται
2524 1735 2745 1788 δυνατὸν
2775 1735 2836 1787 τὸ
2873 1734 2939 1786 δι’
2963 1733 3091 1804 ὅλης
3122 1733 3223 1802 τῆς
3271 1732 3484 1802 ἡμέρας
3532 1733 3625 1786 καὶ

2047 1828 2239 1890 νυκτὸς
2273 1829 2498 1898 μελετᾷν
2517 1826 2608 1880 τὸν
2635 1827 2730 1880 τοῦ
2759 1825 2896 1879 Θεοῦ
2929 1825 3109 1896 νόμον.
3147 1827 3271 1878 Εἴτε
3297 1825 3406 1894 γάρ
3434 1825 3623 1890 ἐσθίει,

2048 1917 2155 1969 εἴτε
2186 1917 2348 1983 πίνει,
2381 1919 2489 1970 εἴτε
2529 1919 2636 1970 πᾶν
2672 1916 2848 1970 ὁτιοῦν
2875 1917 3103 1988 πράττει
3145 1915 3285 1968 κατά
3318 1915 3378 1968 τὸ
3403 1915 3628 1985 λεγόμε-

2047 2026 2136 2061 νον
2179 2009 2328 2080 παρά
2356 2009 2433 2079 τῷ
2459 2009 2586 2080 θείῳ
2632 2011 2959 2079 Ἀποστόλῳ,
2991 2009 3165 2062 πάντα
3204 2011 3281 2071 εἰς
3308 2008 3463 2072 δόξαν
3490 2007 3625 2060 Θεοῦ

2050 2103 2192 2154 ποιεῖ
2224 2102 2252 2153 ὁ
2299 2100 2555 2164 τοιοῦτος·
2589 2102 2728 2155 ὥστε
2775 2102 2869 2155 καὶ
2898 2104 2955 2155 ἐν
2985 2100 3063 2171 τῷ
3091 2101 3188 2153 τοῦ
3225 2099 3394 2153 ῦπνου
3449 2101 3626 2171 καιρῷ

2048 2191 2188 2244 κατά
2219 2191 2279 2243 τὸ
2313 2191 2428 2244 δέον
2456 2193 2739 2264 γινομένου
2763 2193 2863 2264 τῆς
2889 2192 3159 2263 προσοχῆς
3180 2192 3274 2244 καὶ
3307 2191 3400 2242 ἐπὶ
3438 2190 3626 2244 τοῦτον

2049 2282 2375 2352 φθανούσης,
2407 2285 2501 2336 καὶ
2533 2284 2623 2336 ἐπὶ
2647 2283 2746 2348 τὰς
2776 2285 3076 2353 φαντασίας
3114 2283 3213 2346 τὰς
3242 2285 3298 2334 ὲν
3329 2282 3496 2352 αύτῷ.
3529 2283 3627 2335 Διά

2046 2373 2235 2426 τούτου
2260 2374 2444 2428 λύεται
2477 2375 2573 2427 καὶ
2593 2376 2661 2428 τὰ
2679 2375 2828 2447 παρά
2848 2375 2926 2446 τῷ
2961 2375 3265 2444 Ἀποστόλῳ
3279 2374 3626 2444 ἀπορούμενα

2048 2463 2277 2533 λέγοντι·
2337 2485 2355 2516 ι
2408 2467 2788 2530 Ἀδιαλείπτως
2837 2465 3228 2538 προσεύχεσθε.
3269 2485 3286 2516 ι
3338 2465 3462 2528 Πῶς
3519 2464 3627 2535 γὰρ

2050 2555 2392 2626 κοιμώμενός
2419 2575 2502 2622 τις
2529 2557 2761 2625 εὔξεται,
2806 2559 2899 2611 καὶ⁵
2934 2557 3190 2629 πράττων
3215 2575 3266 2611 τι
3290 2556 3396 2609 τῶν
3421 2558 3500 2619 είς
3533 2556 3629 2609 ἀν-

2049 2645 2297 2716 θρώπους
2331 2645 2699 2718 καθηκόντων,
2728 2647 2760 2718 ἢ
2792 2646 2852 2699 τὺ
2877 2643 3068 2700 ἑαυτοῦ
3101 2646 3258 2716 σῶμα
3280 2644 3624 2714 θεραπεύων;

2060 2737 2219 2790 Ἀλλά
2238 2738 2332 2790 καὶ
2356 2738 2447 2790 ἐπὶ
2468 2737 2655 2791 τούτου
2686 2737 2884 2809 φαμέν·
2923 2739 3004 2791 ὅτι.
3035 2737 3272 2808 κέκραγε
3305 2736 3438 2807 πρὸς
3467 2735 3620 2796 Θεὸν,

2047 2828 2142 2881 καὶ
2167 2830 2311 2881 αἰτεῖ
2352 2829 2512 2884 αὐτὸν
2554 2829 2624 2883 τὰ
2652 2831 2914 2885 κάλλιστα
2960 2830 3395 2903 προκαλούμενος
3426 2831 3516 2880 ἐπὶ
3559 2827 3626 2880 τὸ

2048 2925 2351 2991 παρασχεῖν
2399 2923 2426 2974 ὁ
2476 2923 2699 2986 τέλειος,
2731 2921 2908 2975 πάντα
2937 2923 3078 2976 κατά
3122 2921 3212 2975 τὸν
3239 2921 3392 2989 λόγον
3432 2919 3622 2983 ποιῶν,

2047 3009 2189 3062 ὥστε
2226 3013 2404 3064 πᾶσαν
2462 3012 2626 3065 αὑτοῦ
2674 3011 2873 3083 πρᾶξιν
2917 3011 3080 3083 εὐχὴν
3127 3005 3284 3066 εἶναι.
3323 3012 3531 3080 Ὥσπερ
3569 3008 3626 3060 ᾰέ

2048 3104 2144 3156 ἐπὶ
2168 3103 2261 3155 τοῦ
2297 3104 2521 3174 μελετᾷν
2559 3104 2649 3158 τὸν
2687 3105 2850 3175 νόμον
2883 3103 2982 3158 οὐκ
3015 3105 3310 3176 ἀμελητέον
3338 3103 3430 3155 τοῦ
3462 3100 3626 3154 αὐτοῦ

2041 3195 2136 3248 τοῦ
2177 3195 2362 3260 ίδικοῦ,
2419 3195 2591 3262 οὕτως
2632 3198 2732 3250 οὐκ
2790 3196 3088 3268 ἀμελητέον
3122 3196 3286 3252 αὑτοῦ
3319 3195 3412 3248 τοῦ
3447 3195 3625 3258 ἰδικῶς

2041 3285 2315 3356 εὔχεσθαι,
2356 3288 2479 3341 ἐπεὶ
2531 3289 2759 3359 μελετᾷν
2797 3290 2913 3342 ἐστι
2953 3290 3044 3342 καὶ
3081 3287 3334 3359 εὔχεσθαι
3367 3287 3628 3358 πράττειν

2042 3375 2220 3429 ὁτιοῦν
2261 3377 2401 3430 κατά
2441 3378 2530 3429 τὸν
2559 3377 2722 3447 νόμον
2752 3378 2980 3447 Κυρίου.
3035 3379 3347 3447 Ἐπιστήσει
3389 3376 3445 3428 δέ
3473 3394 3555 3438 τις
3578 3378 3628 3428 εί

2044 3467 2187 3520 κατά
2218 3469 2415 3539 νόμους
2454 3467 2746 3536 ἀναγωγῆς
2785 3469 2966 3538 ἡμέρα
3003 3469 3100 3538 μὲν
3129 3467 3350 3519 δύναται
3378 3467 3628 3532 λέγεσθαι

2042 3561 2074 3629 ἡ
2104 3559 2462 3631 ἀπερίστατος
2489 3557 2642 3626 ἡμῶν
2669 3558 3021 3622 κατάστασις,
3047 3558 3144 3622 νὺξ
3167 3559 3225 3611 δὲ
3254 3559 3288 3626 ἡ
3322 3574 3634 3627 περιστατι-

2044 3649 2113 3720 κὴ
2145 3650 2230 3702 διά
2266 3650 2324 3702 τὸ
2355 3647 2822 3718 σκυθρωπότερον.
2852 3652 2942 3702 Δεῖ
2961 3649 3018 3701 δὲ
3052 3650 3110 3702 ἐν
3149 3647 3227 3718 τῷ
3255 3649 3401 3717 νόμῳ
3429 3649 3626 3718 πειρᾶ-

2046 3742 2167 3794 σθαι
2202 3739 2340 3794 εἷναι
2388 3743 2448 3794 οὐ
2500 3739 2657 3811 μόνον
2697 3742 2785 3795 ὅτε
2834 3742 2902 3796 τά
2936 3742 3132 3808 ἔξωθεν
3171 3745 3300 3816 ἡμῖν
3333 3743 3432 3794 οὐκ
3473 3742 3624 3793 ἀντι-

2043 3836 2292 3903 πράττει,
2339 3831 2472 3886 ἀλλά
2504 3833 2595 3886 καὶ
2620 3833 2708 3887 ὅτε
2748 3837 2860 3898 τοῖς
2907 3835 3258 3905 καλουμένοις
3303 3836 3627 3907 πειρασμοῖς

2050 3925 2471 3996 περιπίπτομεν.

2113 4037 2223 4092 Καὶ
2257 4037 2427 4093 ἔσται
2458 4039 2538 4104 ὼς
2563 4039 2627 4093 τὸ
2662 4039 2854 4105 ξύλον
2887 4040 2953 4093 τὸ
2985 4039 3438 4110 πεφυτευμένον
3465 4040 3630 4108 παρὰ

2043 4130 2149 4195 τὰς
2173 4129 2482 4196 διεξόδους
2507 4129 2624 4184 τῶν
2653 4131 2907 4196 ὑδάτων,
2933 4132 2964 4185 ὃ
3013 4132 3120 4186 τὸν
3162 4133 3396 4200 καρπὸν
3437 4132 3626 4186 αὑτοῦ

2043 4218 2216 4272 δώσει
2252 4220 2320 4272 ἐν
2351 4219 2532 4289 καιρῷ
2554 4221 2772 4275 αὐτοῦ·
2800 4223 2896 4276 καὶ
2935 4222 3000 4276 τὸ
3029 4225 3269 4292 φύλλον
3293 4223 3480 4276 αὑτοῦ
3514 4225 3625 4276 οὐκ

2043 4311 2518 4378 ἀπορῤυήσεται·
2557 4313 2655 4365 καὶ
2683 4313 2880 4367 πάντα
2911 4315 3029 4367 ὅσα
3057 4314 3133 4368 ἂν
3177 4313 3336 4383 ποιῇ,
3382 4331 3625 4368 κατευθ-

2043 4402 2396 4471 δωθήσεται,
2427 4422 2480 4457 κ.
2505 4422 2552 4457 τ.
2580 4406 2623 4458 ἑ.
2652 4405 2805 4458 Μετά
2836 4406 3010 4460 ταῦτα
3035 4405 3486 4477 παραληψὼμεθα
3515 4407 3625 4478 (58)

364 4484 507 4537 tum,
545 4493 564 4525 ι
605 4477 758 4528 dixit.
822 4476 972 4532 Unde
1022 4481 1165 4533 enim
1220 4480 1448 4552 lignum,
1485 4485 1549 4537 de
1598 4499 1706 4553 quo
1761 4499 1941 4539 sermo

2045 4495 2105 4545 τὸ
2148 4494 2298 4565 παρά
2345 4495 2440 4548 τοῦ
2487 4497 2684 4549 Ἀκύλα
2731 4497 3040 4568 λεγόμενον,
3083 4476 3626 4570 «Ϋμεταπεφυτευμέέ-

362 4557 495 4630 ,θεῖτ’
527 4566 580 4619 in
615 4582 879 4635 aquarum
933 4571 1292 4628 divisionibus
1345 4576 1831 4645 transplantatur?
1867 4579 1937 4631 At

369 4670 500 4710 vero
545 4665 831 4726 postquam
885 4659 937 4713 in
982 4661 1142 4716 Patre
1194 4665 1304 4734 egit
1357 4667 1595 4732 radices,
1622 4668 1687 4721 ad
1720 4668 1942 4723 benefa-

364 4749 622 4802 x-iendum
682 4749 864 4804 multis
929 4755 1388 4824 transplantatnr,
1457 4768 1516 4813 ut
1575 4761 1662 4813 alii
1727 4777 1942 4830 quoque

367 4841 518 4895 illius
557 4844 806 4914 imaginis
852 4848 1140 4918 participes
1173 4850 1328 4915 fiant,
1378 4852 1648 4919 imaginis,
1695 4853 1936 4922 inquam,

365 4947 494 4999 quae
524 4933 576 4985 in
616 4933 728 5002 ipsa
762 4939 1252 5006 transplautatione
1297 4940 1563 5008 accipitur
1596 4959 1608 4993 :
1644 4957 1750 4994 non
1797 4942 1938 5010 quod

372 5039 478 5078 non
509 5025 579 5078 sit
609 5026 660 5080 in
695 5027 854 5084 Patre
879 5028 944 5101 (si
973 5031 1190 5100 quidem
1234 5042 1495 5101 perpetuo
1516 5033 1646 5101 est),
1674 5034 1768 5087 sed
1797 5036 1940 5102 quod

369 5118 510 5184 apud
557 5119 696 5174 alios
723 5137 938 5190 quoque
971 5125 1061 5177 sit.
1115 5125 1265 5191 Quod
1314 5125 1356 5178 si
1391 5124 1547 5177 aliter
1586 5126 1937 5194 interpretari

373 5209 632 5277 volueris,
673 5214 875 5283 lignum
915 5227 996 5271 est
1026 5217 1206 5270 anima
1251 5232 1280 5269 a
1332 5215 1613 5270 Salvaturc
1642 5230 1939 5288 asstuupta,

367 5317 492 5367 qua:
524 5303 648 5356 hinc
678 5304 730 5357 in
757 5307 1064 5374 paradisum
1100 5307 1363 5358 translata
1395 5318 1499 5369 est,
1539 5306 1630 5359 ubi
1668 5317 1788 5377 post
1816 5324 1939 5376 pas-

367 5409 576 5447 bltlllem
620 5393 791 5449 luisse
825 5405 879 5451 et
909 5397 1193 5466 pmnitenti
1246 5397 1440 5451 latroni
1478 5409 1665 5452 narrat
1696 5401 1942 5470 Evange-

995 5518 1014 5547 ³
1050 5514 1065 5566 l
1095 5513 1283 5567 Tbcss.
1310 5530 1360 5578 v,
1389 5515 1476 5570 l7.

375 5695 416 5751 Π
445 5624 559 5743 (3'37)
582 5626 812 5695 Μελετᾷ
842 5629 946 5683 τὸν
973 5631 1180 5698 νόμον,
1205 5642 1310 5686 etc.
1342 5631 1632 5686 Corderius
1675 5633 1836 5688 liabet
1879 5643 1932 5686 ct

422 5713 479 5742 λιι·
506 5711 669 5746 tarus.

422 5711 669 5746 .it'ltnrlls.

443 5765 743 5840 γης-δίιμτά
805 5769 980 5822 ταῦτα
1039 5771 1539 5842 παφα.ίοηίτύμεριί,
1597 5784 1697 5826 ctc.
1762 5772 1947 5826 ϐιωρο

441 5510 464 5541 ³
505 5509 520 5561 l
562 5510 686 5565 Cor.
732 5526 786 5574 Χ,
827 5513 914 5566 51.

2040 4602 2150 4640 νον.
2181 4605 2200 4637 ι
2241 4585 2410 4639 Πόθεν
2463 4588 2571 4659 γὰρ
2607 4588 2668 4640 τὸ
2728 4587 2900 4653 ξύλον,
2957 4593 3086 4663 περὶ
3127 4585 3188 4644 οὗ
3245 4593 3273 4644 ὁ
3306 4591 3489 4661 λόγος,
3528 4608 3624 4660 με-

2040 4676 2439 4746 ταπεφύτευται
2474 4680 2567 4734 ἐπὶ
2611 4683 2730 4743 ταῖς
2773 4681 2881 4735 τῶν
2914 4682 3120 4737 ὑδάτων
3160 4684 3513 4755 διαιρέσεσιν;
3551 4684 3620 4736 Ἢ

2042 4768 2148 4840 γάρ
2179 4769 2477 4840 ὲρριξωκὸς
2511 4773 2568 4822 ὲν
2600 4772 2678 4842 τῷ
2713 4774 2908 4844 Πάτρὶ,
2945 4775 3031 4827 ἐπ’
3079 4776 3366 4848 εὐεργεσία
3415 4774 3626 4831 πολλῶν

2051 4861 2542 4929 μεταπεφύτευται,
2588 4866 2668 4926 εἰς
2711 4864 2771 4916 τὸ
2805 4865 2895 4917 καὶ
2940 4865 3131 4931 ἄλλους
3169 4868 3492 4938 μεταλαϐεῖν
3528 4868 3627 4921 αύ-

2048 4950 2142 5002 τοῦ
2193 4951 2294 5022 τῆς
2353 4953 2589 5018 εἰκόνος,
2648 4955 2747 5024 τῆς
2801 4957 2943 5010 κατὰ
2999 4959 3059 5010 τὸ
3118 4959 3626 5030 μεταπεφυτεῦσθαι

2049 5042 2501 5116 λαμϐανομένης·
2548 5047 2647 5116 οὐχ
2707 5050 2787 5101 ὅτι
2845 5051 2946 5102 ούκ
3005 5051 3152 5104 ἔστιν
3208 5053 3266 5104 ἐν
3317 5052 3394 5123 τῷ
3451 5052 3628 5123 Πατρὶ

2051 5133 2363 5206 (ἔστιγὰρ),
2413 5137 2526 5189 ἀλλ’
2553 5138 2635 5191 ὅτι
2687 5141 2778 5192 καὶ
2812 5141 2942 5212 παρ’
2987 5141 3196 5210 ἑτέροις
3228 5144 3553 5214 γεγένηται·
3589 5141 3624 5210 ἢ

2051 5225 2172 5279 καθ’
2201 5227 2395 5297 ἑτέραν
2430 5230 2684 5300 ἐπιϐολὴν
2718 5233 2750 5301 ἠ
2793 5232 2936 5303 ψυχή
2970 5236 3085 5286 ἐστι
3119 5233 3213 5286 τοῦ
3251 5235 3522 5305 Σωτῆρος,
3559 5233 3626 5305 ἢν

2047 5314 2258 5381 ἐλαϐεν,
2306 5316 2555 5372 ἐντεῦθεν
2602 5323 3119 5394 μεταπειρυτευμένη
3171 5323 3264 5375 ἐπὶ
3305 5323 3395 5376 τὸν
3444 5323 3625 5394 παρά-

2047 5405 2242 5470 δεισον,
2263 5409 2397 5462 ὅπου
2426 5411 2518 5463 καὶ
2546 5415 2606 5464 τὸ
2637 5413 2968 5480 Εὑαγγέλιόν
3002 5432 3164 5485 φησιν
3192 5415 3353 5468 αὐτὸν
3388 5415 3525 5485 μετά
3559 5415 3624 5468 τὸ

2047 5637 2160 5688 haec
2216 5642 2428 5686 cxsluttl
2478 5633 2528 5686 in
2581 5633 2769 5686 codice
2818 5632 3245 5690 Barucciauo.ct
3306 5635 3355 5688 in
3408 5635 3625 5692 schedis

2051 5721 2180 5757 mss.
2206 5705 2541 5764 (lotnbctisii,
2591 5697 2779 5750 Latine
2803 5707 2982 5758 autem
3009 5701 3060 5754 in
3100 5705 3294 5760 tiatcna
3365 5706 3615 5760 Barbari,

2058 5773 2112 5826 In
2141 5775 2340 5828 Catena
2374 5774 2614 5828 (Zordcrii
2645 5772 2922 5827 Gennadio
2957 5775 3282 5828 tribuuntur:
