  <div class='ocr_page' id='page_1' title='image "/cluster/home/n/w/nwhite01/storage/ocr_20150623/12:no.2/coo.31924054873074/558.png"; bbox 0 0 4124 6432; ppageno 0'>
   <div class='ocr_carea' id='block_1_1' title="bbox 515 391 644 444">
    <p class='ocr_par' dir='ltr' id='par_1_1' title="bbox 515 391 644 444">
     <span class='ocr_line' id='line_1_1' title="bbox 515 391 644 444; baseline 0.008 -4"><span class='ocrx_word' id='word_1_1' title='bbox 515 391 644 444; x_wconf 66' lang='lat' dir='ltr'><strong>1C3!)</strong></span> 
     </span>
    </p>
   </div>
   <div class='ocr_carea' id='block_1_2' title="bbox 1518 382 2739 439">
    <p class='ocr_par' dir='ltr' id='par_1_2' title="bbox 1518 382 2739 439">
     <span class='ocr_line' id='line_1_2' title="bbox 1518 382 2739 439; baseline -0.001 0"><span class='ocrx_word' id='word_1_2' title='bbox 1518 384 1827 439; x_wconf 70' lang='lat' dir='ltr'><strong>SELECTA</strong></span> <span class='ocrx_word' id='word_1_3' title='bbox 1871 383 1932 436; x_wconf 73' lang='grc' dir='ltr'><strong>ΙΝ</strong></span> <span class='ocrx_word' id='word_1_4' title='bbox 1973 382 2306 436; x_wconf 61' lang='grc' dir='ltr'>ρελιιιοδ.</span> <span class='ocrx_word' id='word_1_5' title='bbox 2351 414 2419 421; x_wconf 83' lang='lat'><strong>——</strong></span> <span class='ocrx_word' id='word_1_6' title='bbox 2458 382 2652 437; x_wconf 73' lang='lat' dir='ltr'><strong>I‘SAL.</strong></span> <span class='ocrx_word' id='word_1_7' title='bbox 2700 383 2739 438; x_wconf 90' lang='lat' dir='ltr'><strong>i.</strong></span> 
     </span>
    </p>
   </div>
   <div class='ocr_carea' id='block_1_3' title="bbox 3627 393 3764 449">
    <p class='ocr_par' dir='ltr' id='par_1_3' title="bbox 3627 393 3764 449">
     <span class='ocr_line' id='line_1_3' title="bbox 3627 393 3764 449; baseline 0.007 -4"><span class='ocrx_word' id='word_1_8' title='bbox 3627 393 3764 449; x_wconf 73' lang='grc'><strong>1090</strong></span> 
     </span>
    </p>
   </div>
   <div class='ocr_carea' id='block_1_4' title="bbox 507 503 2073 584">
    <p class='ocr_par' dir='ltr' id='par_1_4' title="bbox 507 504 2073 577">
     <span class='ocr_line' id='line_1_4' title="bbox 507 504 2073 577; baseline -0.003 -17"><span class='ocrx_word' id='word_1_9' title='bbox 507 509 675 571; x_wconf 89' lang='grc' dir='ltr'>πάθος</span> <span class='ocrx_word' id='word_1_10' title='bbox 719 507 1017 576; x_wconf 82' lang='grc' dir='ltr'>γεγονέναι,</span> <span class='ocrx_word' id='word_1_11' title='bbox 1065 507 1416 576; x_wconf 70' lang='grc' dir='ltr'><strong>διηγούμενον</strong></span> <span class='ocrx_word' id='word_1_12' title='bbox 1470 506 1632 558; x_wconf 76' lang='grc' dir='ltr'>αὑτὸν</span> <span class='ocrx_word' id='word_1_13' title='bbox 1684 505 1965 577; x_wconf 76' lang='grc' dir='ltr'><strong>εἰρηκέναι</strong></span> <span class='ocrx_word' id='word_1_14' title='bbox 2016 504 2073 573; x_wconf 60' lang='lat' dir='ltr'><strong>cf;</strong></span> 
     </span>
    </p>
   </div>
   <div class='ocr_carea' id='block_1_5' title="bbox 2180 503 3758 584">
    <p class='ocr_par' dir='ltr' id='par_1_5' title="bbox 2194 505 3758 584">
     <span class='ocr_line' id='line_1_5' title="bbox 2194 505 3758 584; baseline 0.006 -27"><span class='ocrx_word' id='word_1_15' title='bbox 2194 505 2322 558; x_wconf 86' lang='lat' dir='ltr'><strong>iinnt</strong></span> <span class='ocrx_word' id='word_1_16' title='bbox 2351 506 2522 573; x_wconf 88' lang='lat' dir='ltr'><strong>ipsum</strong></span> <span class='ocrx_word' id='word_1_17' title='bbox 2554 505 2754 559; x_wconf 78' lang='lat' dir='ltr'><strong>dixisse</strong></span> <span class='ocrx_word' id='word_1_18' title='bbox 2781 507 2800 537; x_wconf 67' lang='grc'>⁸</span> <span class='ocrx_word' id='word_1_19' title='bbox 2835 524 2845 558; x_wconf 93' lang='lat'><strong>:</strong></span> <span class='ocrx_word' id='word_1_20' title='bbox 2888 525 2906 555; x_wconf 77' lang='grc' dir='ltr'><strong>ι</strong></span> <span class='ocrx_word' id='word_1_21' title='bbox 2946 507 3115 562; x_wconf 87' lang='lat' dir='ltr'><strong>llodie</strong></span> <span class='ocrx_word' id='word_1_22' title='bbox 3146 525 3354 564; x_wconf 82' lang='lat' dir='ltr'><strong>mecum</strong></span> <span class='ocrx_word' id='word_1_23' title='bbox 3389 513 3499 566; x_wconf 90' lang='lat' dir='ltr'><strong>eris</strong></span> <span class='ocrx_word' id='word_1_24' title='bbox 3527 515 3577 567; x_wconf 84' lang='lat' dir='ltr'><strong>in</strong></span> <span class='ocrx_word' id='word_1_25' title='bbox 3602 529 3758 584; x_wconf 88' lang='lat' dir='ltr'><strong>para-</strong></span> 
     </span>
    </p>
   </div>
   <div class='ocr_carea' id='block_1_6' title="bbox 513 596 2081 669">
    <p class='ocr_par' dir='ltr' id='par_1_6' title="bbox 513 596 2081 669">
     <span class='ocr_line' id='line_1_6' title="bbox 513 596 2081 669; baseline -0.003 -19"><span class='ocrx_word' id='word_1_26' title='bbox 513 600 900 669; x_wconf 81' lang='grc' dir='ltr'>μετανοήσαντι</span> <span class='ocrx_word' id='word_1_27' title='bbox 940 597 1108 669; x_wconf 84' lang='grc' dir='ltr'>λῃστῇ</span> <span class='ocrx_word' id='word_1_28' title='bbox 1136 614 1148 627; x_wconf 86' lang='grc'><em>’</em></span> <span class='ocrx_word' id='word_1_29' title='bbox 1189 616 1205 648; x_wconf 87' lang='grc' dir='ltr'><strong>ι</strong></span> <span class='ocrx_word' id='word_1_30' title='bbox 1237 599 1479 669; x_wconf 81' lang='grc' dir='ltr'>Σήμερον</span> <span class='ocrx_word' id='word_1_31' title='bbox 1508 597 1622 668; x_wconf 84' lang='grc' dir='ltr'>μετ’</span> <span class='ocrx_word' id='word_1_32' title='bbox 1650 596 1788 667; x_wconf 81' lang='grc' dir='ltr'>ἐμοῦ</span> <span class='ocrx_word' id='word_1_33' title='bbox 1807 596 1904 669; x_wconf 78' lang='grc' dir='ltr'><strong>ἔσῃ</strong></span> <span class='ocrx_word' id='word_1_34' title='bbox 1926 600 1982 650; x_wconf 83' lang='grc' dir='ltr'><strong>ὲν</strong></span> <span class='ocrx_word' id='word_1_35' title='bbox 2006 596 2081 666; x_wconf 78' lang='grc' dir='ltr'><strong>τῷ</strong></span> 
     </span>
    </p>
   </div>
   <div class='ocr_carea' id='block_1_7' title="bbox 511 688 2080 761">
    <p class='ocr_par' dir='ltr' id='par_1_7' title="bbox 511 688 2080 761">
     <span class='ocr_line' id='line_1_7' title="bbox 511 688 2080 761; baseline -0.002 -20"><span class='ocrx_word' id='word_1_36' title='bbox 511 691 818 761; x_wconf 74' lang='grc' dir='ltr'><strong>παραδείσῳ</strong></span> <span class='ocrx_word' id='word_1_37' title='bbox 846 689 938 742; x_wconf 89' lang='grc' dir='ltr'><strong>τοῦ</strong></span> <span class='ocrx_word' id='word_1_38' title='bbox 978 688 1132 743; x_wconf 87' lang='grc' dir='ltr'>Θεοῦ.</span> <span class='ocrx_word' id='word_1_39' title='bbox 1166 709 1183 740; x_wconf 74' lang='grc' dir='ltr'><strong>ι</strong></span> <span class='ocrx_word' id='word_1_40' title='bbox 1218 689 1704 758; x_wconf 83' lang='grc' dir='ltr'>Μεταπεφύτευται</span> <span class='ocrx_word' id='word_1_41' title='bbox 1741 689 1797 741; x_wconf 83' lang='grc' dir='ltr'>δὲ</span> <span class='ocrx_word' id='word_1_42' title='bbox 1833 690 1967 751; x_wconf 78' lang='grc' dir='ltr'>ἐκεῖ,</span> <span class='ocrx_word' id='word_1_43' title='bbox 1997 689 2080 739; x_wconf 84' lang='grc' dir='ltr'><strong>ἵνα</strong></span> 
     </span>
    </p>
   </div>
   <div class='ocr_carea' id='block_1_8' title="bbox 507 775 2079 851">
    <p class='ocr_par' dir='ltr' id='par_1_8' title="bbox 507 775 2079 851">
     <span class='ocr_line' id='line_1_8' title="bbox 507 775 2079 851; baseline -0.003 -17"><span class='ocrx_word' id='word_1_44' title='bbox 507 785 555 834; x_wconf 88' lang='grc' dir='ltr'><strong>οί</strong></span> <span class='ocrx_word' id='word_1_45' title='bbox 584 782 722 848; x_wconf 78' lang='grc' dir='ltr'>ἄξιοι</span> <span class='ocrx_word' id='word_1_46' title='bbox 758 783 853 834; x_wconf 80' lang='grc' dir='ltr'><strong>σὺν</strong></span> <span class='ocrx_word' id='word_1_47' title='bbox 891 780 1108 851; x_wconf 80' lang='grc' dir='ltr'>Χριστῷ</span> <span class='ocrx_word' id='word_1_48' title='bbox 1150 775 1286 833; x_wconf 85' lang='grc' dir='ltr'>εἶναι</span> <span class='ocrx_word' id='word_1_49' title='bbox 1322 780 1658 849; x_wconf 75' lang='grc' dir='ltr'>φωτίζωνται</span> <span class='ocrx_word' id='word_1_50' title='bbox 1692 779 1782 831; x_wconf 84' lang='grc' dir='ltr'>ὑπ’</span> <span class='ocrx_word' id='word_1_51' title='bbox 1805 778 1965 831; x_wconf 81' lang='grc' dir='ltr'>αὑτοῦ</span> <span class='ocrx_word' id='word_1_52' title='bbox 2004 778 2079 847; x_wconf 78' lang='grc' dir='ltr'>τῷ</span> 
     </span>
    </p>
   </div>
   <div class='ocr_carea' id='block_1_9' title="bbox 506 869 2078 944">
    <p class='ocr_par' dir='ltr' id='par_1_9' title="bbox 506 869 2078 944">
     <span class='ocr_line' id='line_1_9' title="bbox 506 869 2078 944; baseline -0.003 -17"><span class='ocrx_word' id='word_1_53' title='bbox 506 875 606 944; x_wconf 80' lang='grc' dir='ltr'>τῆς</span> <span class='ocrx_word' id='word_1_54' title='bbox 653 875 904 943; x_wconf 80' lang='grc' dir='ltr'>γνώσεως</span> <span class='ocrx_word' id='word_1_55' title='bbox 954 873 1237 944; x_wconf 80' lang='grc' dir='ltr'>φωτισμῷ,</span> <span class='ocrx_word' id='word_1_56' title='bbox 1291 873 1691 944; x_wconf 82' lang='grc' dir='ltr'>προκόπτοντες</span> <span class='ocrx_word' id='word_1_57' title='bbox 1745 874 1803 924; x_wconf 80' lang='grc' dir='ltr'>ἐν</span> <span class='ocrx_word' id='word_1_58' title='bbox 1850 872 1916 941; x_wconf 80' lang='grc' dir='ltr'>τῇ</span> <span class='ocrx_word' id='word_1_59' title='bbox 1971 869 2078 923; x_wconf 83' lang='grc' dir='ltr'><strong>τῶν</strong></span> 
     </span>
    </p>
   </div>
   <div class='ocr_carea' id='block_1_10' title="bbox 504 961 2077 1036">
    <p class='ocr_par' dir='ltr' id='par_1_10' title="bbox 504 961 2077 1036">
     <span class='ocr_line' id='line_1_10' title="bbox 504 961 2077 1036; baseline -0.003 -18"><span class='ocrx_word' id='word_1_60' title='bbox 504 965 671 1018; x_wconf 77' lang='grc' dir='ltr'>ὄντων</span> <span class='ocrx_word' id='word_1_61' title='bbox 717 966 950 1036; x_wconf 77' lang='grc' dir='ltr'>Θεωρία,</span> <span class='ocrx_word' id='word_1_62' title='bbox 999 967 1139 1019; x_wconf 72' lang='grc' dir='ltr'>κατὰ</span> <span class='ocrx_word' id='word_1_63' title='bbox 1182 965 1280 1036; x_wconf 84' lang='grc' dir='ltr'><strong>τὴν</strong></span> <span class='ocrx_word' id='word_1_64' title='bbox 1317 965 1507 1032; x_wconf 78' lang='grc' dir='ltr'>σοφίαν</span> <span class='ocrx_word' id='word_1_65' title='bbox 1551 963 1647 1016; x_wconf 89' lang='grc' dir='ltr'><strong>τοῦ</strong></span> <span class='ocrx_word' id='word_1_66' title='bbox 1693 961 1850 1016; x_wconf 81' lang='grc' dir='ltr'>Θεοῦ.</span> <span class='ocrx_word' id='word_1_67' title='bbox 1890 961 2077 1013; x_wconf 89' lang='grc' dir='ltr'>Ταῦτα</span> 
     </span>
    </p>
   </div>
   <div class='ocr_carea' id='block_1_11' title="bbox 503 1053 2078 1128">
    <p class='ocr_par' dir='ltr' id='par_1_11' title="bbox 503 1053 2078 1128">
     <span class='ocr_line' id='line_1_11' title="bbox 503 1053 2078 1128; baseline -0.003 -20"><span class='ocrx_word' id='word_1_68' title='bbox 503 1055 560 1108; x_wconf 83' lang='grc' dir='ltr'>δὲ</span> <span class='ocrx_word' id='word_1_69' title='bbox 600 1055 770 1120; x_wconf 78' lang='grc' dir='ltr'>οὕτως</span> <span class='ocrx_word' id='word_1_70' title='bbox 816 1055 1194 1128; x_wconf 77' lang='grc' dir='ltr'>ἐξειλήφαμεν,</span> <span class='ocrx_word' id='word_1_71' title='bbox 1240 1055 1426 1126; x_wconf 76' lang='grc' dir='ltr'>ἐπειδὴ</span> <span class='ocrx_word' id='word_1_72' title='bbox 1461 1054 1664 1126; x_wconf 79' lang='grc' dir='ltr'>κυρίως</span> <span class='ocrx_word' id='word_1_73' title='bbox 1711 1055 1802 1106; x_wconf 71' lang='grc' dir='ltr'>ἐπὶ</span> <span class='ocrx_word' id='word_1_74' title='bbox 1846 1053 2078 1124; x_wconf 79' lang='grc' dir='ltr'>δένδρων</span> 
     </span>
    </p>
   </div>
   <div class='ocr_carea' id='block_1_12' title="bbox 504 1145 2077 1220">
    <p class='ocr_par' dir='ltr' id='par_1_12' title="bbox 504 1145 2077 1220">
     <span class='ocr_line' id='line_1_12' title="bbox 504 1145 2077 1220; baseline -0.004 -17"><span class='ocrx_word' id='word_1_75' title='bbox 504 1149 720 1217; x_wconf 85' lang='grc' dir='ltr'>λέγεται</span> <span class='ocrx_word' id='word_1_76' title='bbox 758 1151 818 1202; x_wconf 83' lang='grc' dir='ltr'><strong>τὸ</strong></span> <span class='ocrx_word' id='word_1_77' title='bbox 857 1169 874 1200; x_wconf 80' lang='grc' dir='ltr'><strong>ι</strong></span> <span class='ocrx_word' id='word_1_78' title='bbox 907 1149 1090 1220; x_wconf 88' lang='grc' dir='ltr'>φέρειν</span> <span class='ocrx_word' id='word_1_79' title='bbox 1121 1148 1332 1219; x_wconf 86' lang='grc' dir='ltr'>καρπόν</span> <span class='ocrx_word' id='word_1_80' title='bbox 1352 1165 1363 1177; x_wconf 90' lang='grc'>·</span> <span class='ocrx_word' id='word_1_81' title='bbox 1382 1167 1400 1198; x_wconf 74' lang='grc' dir='ltr'><strong>ι</strong></span> <span class='ocrx_word' id='word_1_82' title='bbox 1438 1147 1499 1200; x_wconf 85' lang='grc' dir='ltr'><strong>τὸ</strong></span> <span class='ocrx_word' id='word_1_83' title='bbox 1521 1147 1575 1200; x_wconf 82' lang='grc' dir='ltr'><strong>δὲ</strong></span> <span class='ocrx_word' id='word_1_84' title='bbox 1607 1165 1623 1196; x_wconf 86' lang='grc' dir='ltr'><strong>ι</strong></span> <span class='ocrx_word' id='word_1_85' title='bbox 1651 1145 1868 1206; x_wconf 82' lang='grc' dir='ltr'>διδόναι,</span> <span class='ocrx_word' id='word_1_86' title='bbox 1892 1165 1909 1196; x_wconf 71' lang='grc' dir='ltr'><strong>ι</strong></span> <span class='ocrx_word' id='word_1_87' title='bbox 1939 1145 2077 1216; x_wconf 74' lang='grc' dir='ltr'>μᾶλ-</span> 
     </span>
    </p>
   </div>
   <div class='ocr_carea' id='block_1_13' title="bbox 501 1237 2077 1318">
    <p class='ocr_par' dir='ltr' id='par_1_13' title="bbox 501 1237 2077 1318">
     <span class='ocr_line' id='line_1_13' title="bbox 501 1237 2077 1318; baseline -0.001 -26"><span class='ocrx_word' id='word_1_88' title='bbox 501 1240 592 1295; x_wconf 93' lang='grc' dir='ltr'><strong>λον</strong></span> <span class='ocrx_word' id='word_1_89' title='bbox 628 1240 890 1318; x_wconf 67' lang='grc' dir='ltr'>ἐμψύχοις</span> <span class='ocrx_word' id='word_1_90' title='bbox 915 1240 1161 1311; x_wconf 77' lang='grc' dir='ltr'>ἁρμόζει,</span> <span class='ocrx_word' id='word_1_91' title='bbox 1193 1239 1286 1292; x_wconf 74' lang='grc' dir='ltr'><strong>καὶ</strong></span> <span class='ocrx_word' id='word_1_92' title='bbox 1317 1239 1492 1292; x_wconf 89' lang='grc' dir='ltr'>ταῦτα</span> <span class='ocrx_word' id='word_1_93' title='bbox 1521 1238 1779 1306; x_wconf 84' lang='grc' dir='ltr'>λογικοῖς.</span> <span class='ocrx_word' id='word_1_94' title='bbox 1811 1237 2077 1307; x_wconf 85' lang='grc' dir='ltr'>Ζητητέον</span> 
     </span>
    </p>
   </div>
   <div class='ocr_carea' id='block_1_14' title="bbox 501 1329 2074 1403">
    <p class='ocr_par' dir='ltr' id='par_1_14' title="bbox 501 1329 2074 1403">
     <span class='ocr_line' id='line_1_14' title="bbox 501 1329 2074 1403; baseline -0.001 -19"><span class='ocrx_word' id='word_1_95' title='bbox 501 1332 557 1384; x_wconf 84' lang='grc' dir='ltr'>δὲ</span> <span class='ocrx_word' id='word_1_96' title='bbox 593 1335 639 1385; x_wconf 81' lang='grc' dir='ltr'><strong>εί</strong></span> <span class='ocrx_word' id='word_1_97' title='bbox 684 1332 798 1384; x_wconf 75' lang='grc' dir='ltr'>ἔστι</span> <span class='ocrx_word' id='word_1_98' title='bbox 842 1332 1032 1403; x_wconf 73' lang='grc' dir='ltr'>καιρὸς</span> <span class='ocrx_word' id='word_1_99' title='bbox 1064 1331 1142 1402; x_wconf 81' lang='grc' dir='ltr'>τῷ</span> <span class='ocrx_word' id='word_1_100' title='bbox 1184 1330 1323 1401; x_wconf 76' lang='grc' dir='ltr'>ξύλῳ</span> <span class='ocrx_word' id='word_1_101' title='bbox 1354 1331 1452 1402; x_wconf 80' lang='grc' dir='ltr'>τῆς</span> <span class='ocrx_word' id='word_1_102' title='bbox 1486 1332 1632 1402; x_wconf 77' lang='grc' dir='ltr'>ζωῆς</span> <span class='ocrx_word' id='word_1_103' title='bbox 1678 1330 1773 1383; x_wconf 91' lang='grc' dir='ltr'><strong>τοῦ</strong></span> <span class='ocrx_word' id='word_1_104' title='bbox 1823 1329 2036 1402; x_wconf 80' lang='grc' dir='ltr'>καρποῦ</span> <span class='ocrx_word' id='word_1_105' title='bbox 2059 1348 2074 1361; x_wconf 88' lang='grc'><strong>·</strong></span> 
     </span>
    </p>
   </div>
   <div class='ocr_carea' id='block_1_15' title="bbox 500 1422 2075 1496">
    <p class='ocr_par' dir='ltr' id='par_1_15' title="bbox 500 1422 2075 1496">
     <span class='ocr_line' id='line_1_15' title="bbox 500 1422 2075 1496; baseline 0 -21"><span class='ocrx_word' id='word_1_106' title='bbox 500 1422 680 1490; x_wconf 82' lang='grc' dir='ltr'>λέγειν</span> <span class='ocrx_word' id='word_1_107' title='bbox 714 1424 822 1496; x_wconf 78' lang='grc' dir='ltr'>γὰρ</span> <span class='ocrx_word' id='word_1_108' title='bbox 855 1424 952 1496; x_wconf 81' lang='grc' dir='ltr'>τὴν</span> <span class='ocrx_word' id='word_1_109' title='bbox 1001 1423 1191 1493; x_wconf 90' lang='grc' dir='ltr'>σοφίαν</span> <span class='ocrx_word' id='word_1_110' title='bbox 1240 1424 1449 1494; x_wconf 85' lang='grc' dir='ltr'>καρπόν</span> <span class='ocrx_word' id='word_1_111' title='bbox 1483 1441 1610 1476; x_wconf 82' lang='grc' dir='ltr'>ποτε</span> <span class='ocrx_word' id='word_1_112' title='bbox 1645 1425 1718 1494; x_wconf 79' lang='grc' dir='ltr'>μὴ</span> <span class='ocrx_word' id='word_1_113' title='bbox 1771 1424 1932 1493; x_wconf 76' lang='grc' dir='ltr'>ἔχειν,</span> <span class='ocrx_word' id='word_1_114' title='bbox 1979 1423 2075 1494; x_wconf 76' lang='grc' dir='ltr'><strong>οὐχ</strong></span> 
     </span>
    </p>
   </div>
   <div class='ocr_carea' id='block_1_16' title="bbox 497 1515 2074 1587">
    <p class='ocr_par' dir='ltr' id='par_1_16' title="bbox 497 1515 2074 1587">
     <span class='ocr_line' id='line_1_16' title="bbox 497 1515 2074 1587; baseline 0 -20"><span class='ocrx_word' id='word_1_115' title='bbox 497 1516 678 1568; x_wconf 75' lang='grc' dir='ltr'>ὅσιονο</span> <span class='ocrx_word' id='word_1_116' title='bbox 712 1517 792 1568; x_wconf 78' lang='grc' dir='ltr'><strong>διδ</strong></span> <span class='ocrx_word' id='word_1_117' title='bbox 827 1517 925 1568; x_wconf 79' lang='grc' dir='ltr'><strong>οὐκ</strong></span> <span class='ocrx_word' id='word_1_118' title='bbox 956 1515 1189 1586; x_wconf 77' lang='grc' dir='ltr'>εἴρηται,</span> <span class='ocrx_word' id='word_1_119' title='bbox 1219 1515 1247 1568; x_wconf 86' lang='grc' dir='ltr'><strong>ὃ</strong></span> <span class='ocrx_word' id='word_1_120' title='bbox 1278 1516 1367 1568; x_wconf 78' lang='grc' dir='ltr'><strong>τὸν</strong></span> <span class='ocrx_word' id='word_1_121' title='bbox 1399 1517 1608 1587; x_wconf 73' lang='grc' dir='ltr'>καρπὸν</span> <span class='ocrx_word' id='word_1_122' title='bbox 1654 1515 1816 1569; x_wconf 79' lang='grc' dir='ltr'>αὐτοῦ</span> <span class='ocrx_word' id='word_1_123' title='bbox 1866 1515 2074 1584; x_wconf 83' lang='grc' dir='ltr'>ἐνέγκει</span> 
     </span>
    </p>
   </div>
   <div class='ocr_carea' id='block_1_17' title="bbox 499 1606 2074 1680">
    <p class='ocr_par' dir='ltr' id='par_1_17' title="bbox 499 1606 2074 1680">
     <span class='ocr_line' id='line_1_17' title="bbox 499 1606 2074 1680; baseline -0.002 -18"><span class='ocrx_word' id='word_1_124' title='bbox 499 1609 557 1662; x_wconf 82' lang='grc' dir='ltr'>ὲν</span> <span class='ocrx_word' id='word_1_125' title='bbox 591 1607 766 1680; x_wconf 85' lang='grc' dir='ltr'>καιρῷ</span> <span class='ocrx_word' id='word_1_126' title='bbox 807 1606 992 1672; x_wconf 77' lang='grc' dir='ltr'>αὐτοῦ,</span> <span class='ocrx_word' id='word_1_127' title='bbox 1031 1607 1142 1660; x_wconf 85' lang='grc' dir='ltr'>ἀλλ’</span> <span class='ocrx_word' id='word_1_128' title='bbox 1187 1626 1204 1658; x_wconf 87' lang='grc'><strong><em>‹</em></strong></span> <span class='ocrx_word' id='word_1_129' title='bbox 1231 1606 1258 1660; x_wconf 83' lang='grc' dir='ltr'>ὅ</span> <span class='ocrx_word' id='word_1_130' title='bbox 1296 1608 1387 1661; x_wconf 78' lang='grc' dir='ltr'><strong>τὸν</strong></span> <span class='ocrx_word' id='word_1_131' title='bbox 1435 1610 1646 1680; x_wconf 65' lang='grc' dir='ltr'>καρπὸν</span> <span class='ocrx_word' id='word_1_132' title='bbox 1700 1607 1863 1660; x_wconf 80' lang='grc' dir='ltr'>αὐτοῦ</span> <span class='ocrx_word' id='word_1_133' title='bbox 1916 1607 2074 1660; x_wconf 81' lang='grc' dir='ltr'>δώσει</span> 
     </span>
    </p>
   </div>
   <div class='ocr_carea' id='block_1_18' title="bbox 499 1700 2074 1772">
    <p class='ocr_par' dir='ltr' id='par_1_18' title="bbox 499 1700 2074 1772">
     <span class='ocr_line' id='line_1_18' title="bbox 499 1700 2074 1772; baseline -0.001 -19"><span class='ocrx_word' id='word_1_134' title='bbox 499 1703 558 1754; x_wconf 78' lang='grc' dir='ltr'><strong>ἐν</strong></span> <span class='ocrx_word' id='word_1_135' title='bbox 592 1700 767 1772; x_wconf 85' lang='grc' dir='ltr'>καιρῷ</span> <span class='ocrx_word' id='word_1_136' title='bbox 809 1701 993 1754; x_wconf 79' lang='grc' dir='ltr'>αὑτοῦ.</span> <span class='ocrx_word' id='word_1_137' title='bbox 1026 1720 1044 1751; x_wconf 76' lang='grc' dir='ltr'><strong>ι</strong></span> <span class='ocrx_word' id='word_1_138' title='bbox 1093 1701 1298 1772; x_wconf 78' lang='grc' dir='ltr'>Καιρδς</span> <span class='ocrx_word' id='word_1_139' title='bbox 1344 1701 1400 1754; x_wconf 70' lang='grc' dir='ltr'>δὲ</span> <span class='ocrx_word' id='word_1_140' title='bbox 1443 1700 1606 1754; x_wconf 73' lang='grc' dir='ltr'>αὑτοῦ</span> <span class='ocrx_word' id='word_1_141' title='bbox 1655 1700 1747 1752; x_wconf 85' lang='grc' dir='ltr'><strong>τοῦ</strong></span> <span class='ocrx_word' id='word_1_142' title='bbox 1796 1700 1995 1754; x_wconf 87' lang='grc' dir='ltr'>διδόναι</span> <span class='ocrx_word' id='word_1_143' title='bbox 2042 1703 2074 1772; x_wconf 84' lang='grc' dir='ltr'><strong>ή</strong></span> 
     </span>
    </p>
   </div>
   <div class='ocr_carea' id='block_1_19' title="bbox 499 1791 2075 1865">
    <p class='ocr_par' dir='ltr' id='par_1_19' title="bbox 499 1791 2075 1865">
     <span class='ocr_line' id='line_1_19' title="bbox 499 1791 2075 1865; baseline -0.001 -18"><span class='ocrx_word' id='word_1_144' title='bbox 499 1793 593 1847; x_wconf 87' lang='grc' dir='ltr'><strong>τοῦ</strong></span> <span class='ocrx_word' id='word_1_145' title='bbox 634 1793 1000 1865; x_wconf 73' lang='grc' dir='ltr'>λαμϐάνοντός</span> <span class='ocrx_word' id='word_1_146' title='bbox 1039 1793 1187 1844; x_wconf 80' lang='grc' dir='ltr'>ἐστιν</span> <span class='ocrx_word' id='word_1_147' title='bbox 1231 1793 1620 1864; x_wconf 82' lang='grc' dir='ltr'>ἐπιτηδειότης.</span> <span class='ocrx_word' id='word_1_148' title='bbox 1673 1793 1832 1845; x_wconf 83' lang='grc' dir='ltr'>Ὅσον</span> <span class='ocrx_word' id='word_1_149' title='bbox 1866 1791 1973 1863; x_wconf 82' lang='grc' dir='ltr'><strong>γὰρ</strong></span> <span class='ocrx_word' id='word_1_150' title='bbox 2016 1793 2075 1845; x_wconf 80' lang='grc' dir='ltr'><strong>τὸ</strong></span> 
     </span>
    </p>
   </div>
   <div class='ocr_carea' id='block_1_20' title="bbox 2189 596 3747 675">
    <p class='ocr_par' dir='ltr' id='par_1_20' title="bbox 2189 596 3747 675">
     <span class='ocr_line' id='line_1_20' title="bbox 2189 596 3747 675; baseline 0.005 -26"><span class='ocrx_word' id='word_1_151' title='bbox 2189 597 2305 650; x_wconf 88' lang='lat' dir='ltr'><strong>diso</strong></span> <span class='ocrx_word' id='word_1_152' title='bbox 2329 596 2440 648; x_wconf 81' lang='lat' dir='ltr'><strong>Dci.</strong></span> <span class='ocrx_word' id='word_1_153' title='bbox 2476 615 2493 647; x_wconf 74' lang='grc' dir='ltr'><strong>ι</strong></span> <span class='ocrx_word' id='word_1_154' title='bbox 2522 596 2652 650; x_wconf 90' lang='lat' dir='ltr'><strong>Illuc</strong></span> <span class='ocrx_word' id='word_1_155' title='bbox 2683 607 2861 649; x_wconf 79' lang='lat' dir='ltr'><strong>autem</strong></span> <span class='ocrx_word' id='word_1_156' title='bbox 2908 600 3362 669; x_wconf 86' lang='lat' dir='ltr'><strong>transplantatur,</strong></span> <span class='ocrx_word' id='word_1_157' title='bbox 3392 613 3446 655; x_wconf 92' lang='lat' dir='ltr'><strong>ut</strong></span> <span class='ocrx_word' id='word_1_158' title='bbox 3482 607 3574 672; x_wconf 88' lang='lat' dir='ltr'><strong>qui</strong></span> <span class='ocrx_word' id='word_1_159' title='bbox 3606 609 3747 675; x_wconf 76' lang='lat' dir='ltr'><strong>digni</strong></span> 
     </span>
    </p>
   </div>
   <div class='ocr_carea' id='block_1_21' title="bbox 2187 675 3753 761">
    <p class='ocr_par' dir='ltr' id='par_1_21' title="bbox 2187 675 3753 761">
     <span class='ocr_line' id='line_1_21' title="bbox 2187 675 3753 761; baseline 0.006 -22"><span class='ocrx_word' id='word_1_160' title='bbox 2187 695 2313 739; x_wconf 89' lang='lat' dir='ltr'><strong>sunt</strong></span> <span class='ocrx_word' id='word_1_161' title='bbox 2362 700 2482 739; x_wconf 87' lang='lat' dir='ltr'><strong>esse</strong></span> <span class='ocrx_word' id='word_1_162' title='bbox 2532 700 2652 739; x_wconf 90' lang='lat' dir='ltr'><strong>cum</strong></span> <span class='ocrx_word' id='word_1_163' title='bbox 2699 685 2940 746; x_wconf 78' lang='lat' dir='ltr'><strong>Christo.</strong></span> <span class='ocrx_word' id='word_1_164' title='bbox 2976 690 3028 741; x_wconf 92' lang='lat' dir='ltr'><strong>in</strong></span> <span class='ocrx_word' id='word_1_165' title='bbox 3079 705 3257 742; x_wconf 86' lang='lat' dir='ltr'><strong>rerum</strong></span> <span class='ocrx_word' id='word_1_166' title='bbox 3292 675 3753 761; x_wconf 76' lang='lat' dir='ltr'><strong>contemplatione</strong></span> 
     </span>
    </p>
   </div>
   <div class='ocr_carea' id='block_1_22' title="bbox 2186 777 3756 854">
    <p class='ocr_par' dir='ltr' id='par_1_22' title="bbox 2186 777 3756 854">
     <span class='ocr_line' id='line_1_22' title="bbox 2186 777 3756 854; baseline 0.009 -27"><span class='ocrx_word' id='word_1_167' title='bbox 2186 779 2487 829; x_wconf 77' lang='lat' dir='ltr'><strong>secundum</strong></span> <span class='ocrx_word' id='word_1_168' title='bbox 2513 777 2838 844; x_wconf 76' lang='lat' dir='ltr'><strong>sapientiam</strong></span> <span class='ocrx_word' id='word_1_169' title='bbox 2891 780 2982 833; x_wconf 87' lang='lat' dir='ltr'><strong>Dei</strong></span> <span class='ocrx_word' id='word_1_170' title='bbox 3028 781 3377 849; x_wconf 79' lang='lat' dir='ltr'><strong>proﬁcientes</strong></span> <span class='ocrx_word' id='word_1_171' title='bbox 3406 785 3473 837; x_wconf 88' lang='lat' dir='ltr'><strong>ab</strong></span> <span class='ocrx_word' id='word_1_172' title='bbox 3511 786 3628 854; x_wconf 91' lang='lat' dir='ltr'><strong>ipso</strong></span> <span class='ocrx_word' id='word_1_173' title='bbox 3660 801 3756 840; x_wconf 87' lang='lat' dir='ltr'><strong>co—</strong></span> 
     </span>
    </p>
   </div>
   <div class='ocr_carea' id='block_1_23' title="bbox 2187 867 3753 946">
    <p class='ocr_par' dir='ltr' id='par_1_23' title="bbox 2187 867 3753 946">
     <span class='ocr_line' id='line_1_23' title="bbox 2187 867 3753 946; baseline 0.01 -30"><span class='ocrx_word' id='word_1_174' title='bbox 2187 867 2449 935; x_wconf 80' lang='lat' dir='ltr'><strong>gnitiOnis</strong></span> <span class='ocrx_word' id='word_1_175' title='bbox 2500 867 2622 922; x_wconf 89' lang='lat' dir='ltr'><strong>luce</strong></span> <span class='ocrx_word' id='word_1_176' title='bbox 2664 869 3030 924; x_wconf 89' lang='lat' dir='ltr'><strong>illustrenlur.</strong></span> <span class='ocrx_word' id='word_1_177' title='bbox 3067 870 3191 925; x_wconf 64' lang='lat' dir='ltr'><strong>Haec</strong></span> <span class='ocrx_word' id='word_1_178' title='bbox 3227 883 3409 927; x_wconf 90' lang='lat' dir='ltr'><strong>autem</strong></span> <span class='ocrx_word' id='word_1_179' title='bbox 3463 876 3544 930; x_wconf 87' lang='lat' dir='ltr'><strong>sic</strong></span> <span class='ocrx_word' id='word_1_180' title='bbox 3591 891 3753 946; x_wconf 68' lang='lat' dir='ltr'><strong>expoo</strong></span> 
     </span>
    </p>
   </div>
   <div class='ocr_carea' id='block_1_24' title="bbox 2185 958 3746 1034">
    <p class='ocr_par' dir='ltr' id='par_1_24' title="bbox 2185 958 3746 1034">
     <span class='ocr_line' id='line_1_24' title="bbox 2185 958 3746 1034; baseline 0.008 -25"><span class='ocrx_word' id='word_1_181' title='bbox 2185 958 2416 1025; x_wconf 81' lang='lat' dir='ltr'><strong>suiinus,</strong></span> <span class='ocrx_word' id='word_1_182' title='bbox 2447 959 2594 1028; x_wconf 84' lang='lat' dir='ltr'><strong>quod</strong></span> <span class='ocrx_word' id='word_1_183' title='bbox 2634 979 2652 1012; x_wconf 77' lang='grc' dir='ltr'><strong>ι</strong></span> <span class='ocrx_word' id='word_1_184' title='bbox 2691 961 2834 1015; x_wconf 84' lang='lat' dir='ltr'><strong>ferre</strong></span> <span class='ocrx_word' id='word_1_185' title='bbox 2867 961 3103 1016; x_wconf 84' lang='lat' dir='ltr'><strong>fructum</strong></span> <span class='ocrx_word' id='word_1_186' title='bbox 3147 981 3166 1013; x_wconf 72' lang='grc' dir='ltr'><strong>ι</strong></span> <span class='ocrx_word' id='word_1_187' title='bbox 3203 965 3419 1034; x_wconf 85' lang='lat' dir='ltr'><strong>proprie</strong></span> <span class='ocrx_word' id='word_1_188' title='bbox 3447 965 3512 1019; x_wconf 86' lang='lat' dir='ltr'><strong>de</strong></span> <span class='ocrx_word' id='word_1_189' title='bbox 3549 967 3746 1020; x_wconf 87' lang='lat' dir='ltr'><strong>arbori-</strong></span> 
     </span>
    </p>
   </div>
   <div class='ocr_carea' id='block_1_25' title="bbox 2147 1052 3755 1116">
    <p class='ocr_par' dir='ltr' id='par_1_25' title="bbox 2147 1052 3755 1116">
     <span class='ocr_line' id='line_1_25' title="bbox 2147 1052 3755 1116; baseline 0.006 -13"><span class='ocrx_word' id='word_1_190' title='bbox 2147 1087 2151 1092; x_wconf 65' lang='grc' dir='ltr'><strong>ι</strong></span> <span class='ocrx_word' id='word_1_191' title='bbox 2187 1052 2285 1104; x_wconf 90' lang='lat' dir='ltr'><strong>bus</strong></span> <span class='ocrx_word' id='word_1_192' title='bbox 2320 1053 2552 1116; x_wconf 89' lang='lat' dir='ltr'><strong>dicatur,</strong></span> <span class='ocrx_word' id='word_1_193' title='bbox 2596 1071 2614 1104; x_wconf 75' lang='grc' dir='ltr'><strong>ι</strong></span> <span class='ocrx_word' id='word_1_194' title='bbox 2669 1054 2799 1108; x_wconf 89' lang='lat' dir='ltr'><strong>dare</strong></span> <span class='ocrx_word' id='word_1_195' title='bbox 2832 1073 2850 1106; x_wconf 71' lang='grc' dir='ltr'><strong>ι</strong></span> <span class='ocrx_word' id='word_1_196' title='bbox 2887 1065 3065 1110; x_wconf 90' lang='lat' dir='ltr'><strong>autem</strong></span> <span class='ocrx_word' id='word_1_197' title='bbox 3121 1059 3182 1109; x_wconf 88' lang='lat' dir='ltr'><strong>ad</strong></span> <span class='ocrx_word' id='word_1_198' title='bbox 3221 1058 3472 1112; x_wconf 78' lang='lat' dir='ltr'><strong>animalia</strong></span> <span class='ocrx_word' id='word_1_199' title='bbox 3518 1061 3755 1113; x_wconf 83' lang='lat' dir='ltr'><strong>rationa-</strong></span> 
     </span>
    </p>
   </div>
   <div class='ocr_carea' id='block_1_26' title="bbox 2186 1144 3756 1218">
    <p class='ocr_par' dir='ltr' id='par_1_26' title="bbox 2186 1144 3756 1218">
     <span class='ocr_line' id='line_1_26' title="bbox 2186 1144 3756 1218; baseline 0.004 -20"><span class='ocrx_word' id='word_1_200' title='bbox 2186 1144 2313 1198; x_wconf 89' lang='lat' dir='ltr'><strong>bilia</strong></span> <span class='ocrx_word' id='word_1_201' title='bbox 2343 1148 2515 1215; x_wconf 81' lang='lat' dir='ltr'><strong>magis</strong></span> <span class='ocrx_word' id='word_1_202' title='bbox 2557 1148 2848 1216; x_wconf 72' lang='lat' dir='ltr'><strong>pertineat.</strong></span> <span class='ocrx_word' id='word_1_203' title='bbox 2880 1146 2995 1202; x_wconf 86' lang='lat' dir='ltr'><strong>Jam</strong></span> <span class='ocrx_word' id='word_1_204' title='bbox 3029 1164 3158 1203; x_wconf 81' lang='lat' dir='ltr'><strong>vero</strong></span> <span class='ocrx_word' id='word_1_205' title='bbox 3187 1152 3539 1218; x_wconf 61' lang='lat' dir='ltr'><strong>quaerendum</strong></span> <span class='ocrx_word' id='word_1_206' title='bbox 3573 1160 3660 1206; x_wconf 92' lang='lat' dir='ltr'><strong>est</strong></span> <span class='ocrx_word' id='word_1_207' title='bbox 3688 1167 3756 1205; x_wconf 90' lang='lat' dir='ltr'><strong>an</strong></span> 
     </span>
    </p>
   </div>
   <div class='ocr_carea' id='block_1_27' title="bbox 2185 1234 3758 1305">
    <p class='ocr_par' dir='ltr' id='par_1_27' title="bbox 2185 1234 3758 1305">
     <span class='ocr_line' id='line_1_27' title="bbox 2185 1234 3758 1305; baseline 0.006 -18"><span class='ocrx_word' id='word_1_208' title='bbox 2185 1234 2328 1304; x_wconf 81' lang='lat' dir='ltr'><strong>ligno</strong></span> <span class='ocrx_word' id='word_1_209' title='bbox 2353 1237 2475 1290; x_wconf 64' lang='lat' dir='ltr'><strong>vitae</strong></span> <span class='ocrx_word' id='word_1_210' title='bbox 2496 1247 2702 1305; x_wconf 77' lang='lat' dir='ltr'><strong>tempus</strong></span> <span class='ocrx_word' id='word_1_211' title='bbox 2729 1241 2799 1293; x_wconf 92' lang='lat' dir='ltr'><strong>sit</strong></span> <span class='ocrx_word' id='word_1_212' title='bbox 2830 1239 3034 1294; x_wconf 86' lang='lat' dir='ltr'><strong>ferendi</strong></span> <span class='ocrx_word' id='word_1_213' title='bbox 3075 1240 3316 1295; x_wconf 82' lang='lat' dir='ltr'><strong>fructus:</strong></span> <span class='ocrx_word' id='word_1_214' title='bbox 3349 1257 3472 1295; x_wconf 91' lang='lat' dir='ltr'><strong>nam</strong></span> <span class='ocrx_word' id='word_1_215' title='bbox 3506 1251 3758 1298; x_wconf 81' lang='lat' dir='ltr'><strong>asserere</strong></span> 
     </span>
    </p>
   </div>
   <div class='ocr_carea' id='block_1_28' title="bbox 2184 1329 3756 1400">
    <p class='ocr_par' dir='ltr' id='par_1_28' title="bbox 2184 1329 3756 1400">
     <span class='ocr_line' id='line_1_28' title="bbox 2184 1329 3756 1400; baseline 0.005 -18"><span class='ocrx_word' id='word_1_216' title='bbox 2184 1330 2509 1396; x_wconf 89' lang='lat' dir='ltr'><strong>sapientiam</strong></span> <span class='ocrx_word' id='word_1_217' title='bbox 2567 1329 2855 1400; x_wconf 84' lang='lat' dir='ltr'><strong>aliquando</strong></span> <span class='ocrx_word' id='word_1_218' title='bbox 2911 1331 3122 1388; x_wconf 87' lang='lat' dir='ltr'><strong>fructus</strong></span> <span class='ocrx_word' id='word_1_219' title='bbox 3177 1349 3284 1386; x_wconf 87' lang='lat' dir='ltr'><strong>non</strong></span> <span class='ocrx_word' id='word_1_220' title='bbox 3341 1335 3568 1400; x_wconf 87' lang='lat' dir='ltr'><strong>habere,</strong></span> <span class='ocrx_word' id='word_1_221' title='bbox 3603 1335 3756 1390; x_wconf 83' lang='lat' dir='ltr'><strong>nefas</strong></span> 
     </span>
    </p>
   </div>
   <div class='ocr_carea' id='block_1_29' title="bbox 2185 1421 3754 1493">
    <p class='ocr_par' dir='ltr' id='par_1_29' title="bbox 2185 1421 3754 1493">
     <span class='ocr_line' id='line_1_29' title="bbox 2185 1421 3754 1493; baseline 0.006 -19"><span class='ocrx_word' id='word_1_222' title='bbox 2185 1430 2285 1474; x_wconf 86' lang='lat' dir='ltr'><strong>est.</strong></span> <span class='ocrx_word' id='word_1_223' title='bbox 2335 1421 2516 1487; x_wconf 84' lang='lat' dir='ltr'><strong>Quare</strong></span> <span class='ocrx_word' id='word_1_224' title='bbox 2555 1439 2658 1478; x_wconf 92' lang='lat' dir='ltr'><strong>non</strong></span> <span class='ocrx_word' id='word_1_225' title='bbox 2718 1425 2923 1478; x_wconf 90' lang='lat' dir='ltr'><strong>dictum</strong></span> <span class='ocrx_word' id='word_1_226' title='bbox 2979 1433 3085 1489; x_wconf 88' lang='lat' dir='ltr'><strong>cst,</strong></span> <span class='ocrx_word' id='word_1_227' title='bbox 3137 1427 3278 1493; x_wconf 87' lang='lat' dir='ltr'><strong>quod</strong></span> <span class='ocrx_word' id='word_1_228' title='bbox 3331 1425 3566 1481; x_wconf 83' lang='lat' dir='ltr'><strong>fructum</strong></span> <span class='ocrx_word' id='word_1_229' title='bbox 3598 1443 3754 1483; x_wconf 88' lang='lat' dir='ltr'><strong>suum</strong></span> 
     </span>
    </p>
   </div>
   <div class='ocr_carea' id='block_1_30' title="bbox 2186 1511 3757 1586">
    <p class='ocr_par' dir='ltr' id='par_1_30' title="bbox 2186 1511 3757 1586">
     <span class='ocr_line' id='line_1_30' title="bbox 2186 1511 3757 1586; baseline 0.007 -22"><span class='ocrx_word' id='word_1_230' title='bbox 2186 1511 2290 1564; x_wconf 82' lang='lat' dir='ltr'><strong>fcrt</strong></span> <span class='ocrx_word' id='word_1_231' title='bbox 2323 1513 2373 1563; x_wconf 93' lang='lat' dir='ltr'><strong>in</strong></span> <span class='ocrx_word' id='word_1_232' title='bbox 2409 1522 2650 1582; x_wconf 88' lang='lat' dir='ltr'><strong>tempore</strong></span> <span class='ocrx_word' id='word_1_233' title='bbox 2681 1529 2801 1578; x_wconf 89' lang='lat' dir='ltr'><strong>suo,</strong></span> <span class='ocrx_word' id='word_1_234' title='bbox 2833 1517 2927 1568; x_wconf 86' lang='lat' dir='ltr'><strong>sed</strong></span> <span class='ocrx_word' id='word_1_235' title='bbox 2976 1536 2994 1566; x_wconf 80' lang='grc' dir='ltr'><strong>ι</strong></span> <span class='ocrx_word' id='word_1_236' title='bbox 3032 1519 3174 1586; x_wconf 88' lang='lat' dir='ltr'><strong>quod</strong></span> <span class='ocrx_word' id='word_1_237' title='bbox 3202 1516 3438 1572; x_wconf 84' lang='lat' dir='ltr'><strong>fructum</strong></span> <span class='ocrx_word' id='word_1_238' title='bbox 3474 1531 3633 1574; x_wconf 88' lang='lat' dir='ltr'><strong>suum</strong></span> <span class='ocrx_word' id='word_1_239' title='bbox 3658 1520 3757 1574; x_wconf 80' lang='lat' dir='ltr'><strong>da-</strong></span> 
     </span>
    </p>
   </div>
   <div class='ocr_carea' id='block_1_31' title="bbox 2185 1602 3758 1675">
    <p class='ocr_par' dir='ltr' id='par_1_31' title="bbox 2185 1602 3758 1675">
     <span class='ocr_line' id='line_1_31' title="bbox 2185 1602 3758 1675; baseline 0.008 -21"><span class='ocrx_word' id='word_1_240' title='bbox 2185 1602 2261 1654; x_wconf 87' lang='lat' dir='ltr'><strong>bit</strong></span> <span class='ocrx_word' id='word_1_241' title='bbox 2290 1603 2340 1655; x_wconf 89' lang='lat' dir='ltr'><strong>in</strong></span> <span class='ocrx_word' id='word_1_242' title='bbox 2389 1613 2629 1671; x_wconf 86' lang='lat' dir='ltr'><strong>tempore</strong></span> <span class='ocrx_word' id='word_1_243' title='bbox 2664 1619 2781 1657; x_wconf 90' lang='lat' dir='ltr'><strong>suo.</strong></span> <span class='ocrx_word' id='word_1_244' title='bbox 2831 1624 2847 1655; x_wconf 75' lang='grc' dir='ltr'><strong>ι</strong></span> <span class='ocrx_word' id='word_1_245' title='bbox 2883 1605 3120 1675; x_wconf 85' lang='lat' dir='ltr'><strong>Tempus</strong></span> <span class='ocrx_word' id='word_1_246' title='bbox 3168 1619 3348 1662; x_wconf 89' lang='lat' dir='ltr'><strong>autem</strong></span> <span class='ocrx_word' id='word_1_247' title='bbox 3394 1610 3578 1675; x_wconf 83' lang='lat' dir='ltr'><strong>dandi,</strong></span> <span class='ocrx_word' id='word_1_248' title='bbox 3614 1613 3758 1666; x_wconf 83' lang='lat' dir='ltr'><strong>acci-</strong></span> 
     </span>
    </p>
   </div>
   <div class='ocr_carea' id='block_1_32' title="bbox 2185 1695 3752 1770">
    <p class='ocr_par' dir='ltr' id='par_1_32' title="bbox 2185 1695 3752 1770">
     <span class='ocr_line' id='line_1_32' title="bbox 2185 1695 3752 1770; baseline 0.007 -24"><span class='ocrx_word' id='word_1_249' title='bbox 2185 1695 2386 1763; x_wconf 85' lang='lat' dir='ltr'><strong>pientis</strong></span> <span class='ocrx_word' id='word_1_250' title='bbox 2411 1704 2492 1748; x_wconf 89' lang='lat' dir='ltr'><strong>est</strong></span> <span class='ocrx_word' id='word_1_251' title='bbox 2527 1695 2789 1765; x_wconf 84' lang='lat' dir='ltr'><strong>aptitudo.</strong></span> <span class='ocrx_word' id='word_1_252' title='bbox 2832 1698 2910 1750; x_wconf 85' lang='lat' dir='ltr'><strong>Ad</strong></span> <span class='ocrx_word' id='word_1_253' title='bbox 2956 1699 3130 1767; x_wconf 87' lang='lat' dir='ltr'><strong>ipsum</strong></span> <span class='ocrx_word' id='word_1_254' title='bbox 3172 1701 3314 1754; x_wconf 89' lang='lat' dir='ltr'><strong>enim</strong></span> <span class='ocrx_word' id='word_1_255' title='bbox 3352 1703 3752 1770; x_wconf 85' lang='lat' dir='ltr'><strong>quod-attinet,</strong></span> 
     </span>
    </p>
   </div>
   <div class='ocr_carea' id='block_1_33' title="bbox 2187 1785 3756 1860">
    <p class='ocr_par' dir='ltr' id='par_1_33' title="bbox 2187 1785 3756 1860">
     <span class='ocr_line' id='line_1_33' title="bbox 2187 1785 3756 1860; baseline 0.006 -22"><span class='ocrx_word' id='word_1_256' title='bbox 2187 1800 2400 1852; x_wconf 85' lang='lat' dir='ltr'><strong>semper</strong></span> <span class='ocrx_word' id='word_1_257' title='bbox 2430 1785 2558 1840; x_wconf 89' lang='lat' dir='ltr'><strong>dare</strong></span> <span class='ocrx_word' id='word_1_258' title='bbox 2605 1797 2854 1856; x_wconf 88' lang='lat' dir='ltr'><strong>paratum</strong></span> <span class='ocrx_word' id='word_1_259' title='bbox 2904 1798 3007 1843; x_wconf 91' lang='lat' dir='ltr'><strong>est.</strong></span> <span class='ocrx_word' id='word_1_260' title='bbox 3064 1788 3119 1842; x_wconf 87' lang='lat' dir='ltr'><strong>Si</strong></span> <span class='ocrx_word' id='word_1_261' title='bbox 3156 1791 3300 1844; x_wconf 89' lang='lat' dir='ltr'><strong>enim</strong></span> <span class='ocrx_word' id='word_1_262' title='bbox 3354 1792 3756 1860; x_wconf 73' lang='lat' dir='ltr'><strong>dispensatores</strong></span> 
     </span>
    </p>
   </div>
   <div class='ocr_carea' id='block_1_34' title="bbox 499 1863 2073 1955">
    <p class='ocr_par' dir='ltr' id='par_1_34' title="bbox 499 1885 2073 1955">
     <span class='ocr_line' id='line_1_34' title="bbox 499 1885 2073 1955; baseline -0.001 -17"><span class='ocrx_word' id='word_1_263' title='bbox 499 1888 585 1938; x_wconf 80' lang='grc' dir='ltr'>ὲπ’</span> <span class='ocrx_word' id='word_1_264' title='bbox 610 1885 775 1955; x_wconf 76' lang='grc' dir='ltr'>αὐτῷ,</span> <span class='ocrx_word' id='word_1_265' title='bbox 813 1885 1031 1954; x_wconf 76' lang='grc' dir='ltr'>ἕτοιμόν</span> <span class='ocrx_word' id='word_1_266' title='bbox 1061 1888 1210 1938; x_wconf 79' lang='grc' dir='ltr'>ἐστιν</span> <span class='ocrx_word' id='word_1_267' title='bbox 1241 1886 1327 1938; x_wconf 72' lang='grc' dir='ltr'><strong>ἀεὶ</strong></span> <span class='ocrx_word' id='word_1_268' title='bbox 1368 1885 1566 1938; x_wconf 83' lang='grc' dir='ltr'>διδόναι</span> <span class='ocrx_word' id='word_1_269' title='bbox 1608 1885 1698 1938; x_wconf 73' lang='grc' dir='ltr'>τὸν</span> <span class='ocrx_word' id='word_1_270' title='bbox 1741 1885 1952 1955; x_wconf 74' lang='grc' dir='ltr'>καρπὸν</span> <span class='ocrx_word' id='word_1_271' title='bbox 1983 1885 2073 1936; x_wconf 84' lang='grc' dir='ltr'>αύ-</span> 
     </span>
    </p>
   </div>
   <div class='ocr_carea' id='block_1_35' title="bbox 2180 1863 3752 1955">
    <p class='ocr_par' dir='ltr' id='par_1_35' title="bbox 2183 1875 3752 1948">
     <span class='ocr_line' id='line_1_35' title="bbox 2183 1875 3752 1948; baseline 0.006 -21"><span class='ocrx_word' id='word_1_272' title='bbox 2183 1875 2418 1930; x_wconf 85' lang='lat' dir='ltr'><strong>Verbum</strong></span> <span class='ocrx_word' id='word_1_273' title='bbox 2462 1877 2575 1931; x_wconf 78' lang='lat' dir='ltr'><strong>vult</strong></span> <span class='ocrx_word' id='word_1_274' title='bbox 2620 1893 2741 1932; x_wconf 81' lang='lat' dir='ltr'><strong>esse</strong></span> <span class='ocrx_word' id='word_1_275' title='bbox 2789 1879 2972 1934; x_wconf 85' lang='lat' dir='ltr'><strong>tideles</strong></span> <span class='ocrx_word' id='word_1_276' title='bbox 3007 1888 3059 1934; x_wconf 91' lang='lat' dir='ltr'><strong>et</strong></span> <span class='ocrx_word' id='word_1_277' title='bbox 3097 1881 3410 1948; x_wconf 88' lang='lat' dir='ltr'><strong>prudentes,</strong></span> <span class='ocrx_word' id='word_1_278' title='bbox 3443 1883 3514 1935; x_wconf 88' lang='lat' dir='ltr'><strong>ita</strong></span> <span class='ocrx_word' id='word_1_279' title='bbox 3557 1892 3608 1937; x_wconf 91' lang='lat' dir='ltr'><strong>ut</strong></span> <span class='ocrx_word' id='word_1_280' title='bbox 3647 1897 3752 1937; x_wconf 90' lang='lat' dir='ltr'><strong>non</strong></span> 
     </span>
    </p>
   </div>
   <div class='ocr_carea' id='block_1_36' title="bbox 497 1977 2080 2049">
    <p class='ocr_par' dir='ltr' id='par_1_36' title="bbox 497 1977 2080 2049">
     <span class='ocr_line' id='line_1_36' title="bbox 497 1977 2080 2049; baseline 0.001 -19"><span class='ocrx_word' id='word_1_281' title='bbox 497 1977 613 2030; x_wconf 79' lang='grc' dir='ltr'>τοῦ.</span> <span class='ocrx_word' id='word_1_282' title='bbox 643 1979 705 2029; x_wconf 77' lang='lat' dir='ltr'><strong>Ei</strong></span> <span class='ocrx_word' id='word_1_283' title='bbox 737 1977 845 2049; x_wconf 83' lang='grc' dir='ltr'><strong>γὰρ</strong></span> <span class='ocrx_word' id='word_1_284' title='bbox 873 1978 998 2041; x_wconf 70' lang='grc' dir='ltr'>τοὺς</span> <span class='ocrx_word' id='word_1_285' title='bbox 1046 1978 1362 2049; x_wconf 75' lang='grc' dir='ltr'>οἰκονόμους</span> <span class='ocrx_word' id='word_1_286' title='bbox 1404 1981 1431 2032; x_wconf 98' lang='lat'><strong>6</strong></span> <span class='ocrx_word' id='word_1_287' title='bbox 1467 1979 1638 2046; x_wconf 84' lang='grc' dir='ltr'>Λόγος</span> <span class='ocrx_word' id='word_1_288' title='bbox 1668 1978 1808 2030; x_wconf 87' lang='grc' dir='ltr'>θέλει</span> <span class='ocrx_word' id='word_1_289' title='bbox 1854 1981 2080 2044; x_wconf 79' lang='grc' dir='ltr'>πιστοὺς</span> 
     </span>
    </p>
   </div>
   <div class='ocr_carea' id='block_1_37' title="bbox 498 2065 2078 2140">
    <p class='ocr_par' dir='ltr' id='par_1_37' title="bbox 498 2065 2078 2140">
     <span class='ocr_line' id='line_1_37' title="bbox 498 2065 2078 2140; baseline 0.003 -20"><span class='ocrx_word' id='word_1_290' title='bbox 498 2065 759 2121; x_wconf 72' lang='grc' dir='ltr'>εἶναικαὶ</span> <span class='ocrx_word' id='word_1_291' title='bbox 803 2071 1129 2140; x_wconf 80' lang='grc' dir='ltr'>φρονίμους,</span> <span class='ocrx_word' id='word_1_292' title='bbox 1178 2071 1304 2138; x_wconf 72' lang='grc' dir='ltr'>οὐχὶ</span> <span class='ocrx_word' id='word_1_293' title='bbox 1338 2070 1521 2133; x_wconf 81' lang='grc' dir='ltr'>ἁπλῶς</span> <span class='ocrx_word' id='word_1_294' title='bbox 1550 2070 1787 2133; x_wconf 73' lang='grc' dir='ltr'>διδόντας</span> <span class='ocrx_word' id='word_1_295' title='bbox 1827 2069 1888 2121; x_wconf 80' lang='grc' dir='ltr'><strong>τὸ</strong></span> <span class='ocrx_word' id='word_1_296' title='bbox 1935 2088 2078 2128; x_wconf 87' lang='grc' dir='ltr'>σιτο-</span> 
     </span>
    </p>
   </div>
   <div class='ocr_carea' id='block_1_38' title="bbox 502 2160 2077 2234">
    <p class='ocr_par' dir='ltr' id='par_1_38' title="bbox 502 2160 2077 2234">
     <span class='ocr_line' id='line_1_38' title="bbox 502 2160 2077 2234; baseline 0.003 -22"><span class='ocrx_word' id='word_1_297' title='bbox 502 2160 722 2232; x_wconf 79' lang='grc' dir='ltr'>μέτριον</span> <span class='ocrx_word' id='word_1_298' title='bbox 777 2165 888 2226; x_wconf 87' lang='grc' dir='ltr'>τοῖς</span> <span class='ocrx_word' id='word_1_299' title='bbox 944 2162 1269 2227; x_wconf 79' lang='grc' dir='ltr'>συνδούλοις,</span> <span class='ocrx_word' id='word_1_300' title='bbox 1323 2162 1437 2216; x_wconf 87' lang='grc' dir='ltr'>ἀλλ’</span> <span class='ocrx_word' id='word_1_301' title='bbox 1482 2163 1538 2215; x_wconf 83' lang='grc' dir='ltr'>ὲν</span> <span class='ocrx_word' id='word_1_302' title='bbox 1585 2163 1760 2234; x_wconf 80' lang='grc' dir='ltr'>καιρῷ</span> <span class='ocrx_word' id='word_1_303' title='bbox 1805 2163 2077 2227; x_wconf 84' lang='grc' dir='ltr'>διδόντας,</span> 
     </span>
    </p>
   </div>
   <div class='ocr_carea' id='block_1_39' title="bbox 500 2251 2079 2325">
    <p class='ocr_par' dir='ltr' id='par_1_39' title="bbox 500 2251 2079 2325">
     <span class='ocr_line' id='line_1_39' title="bbox 500 2251 2079 2325; baseline 0.004 -23"><span class='ocrx_word' id='word_1_304' title='bbox 500 2251 649 2318; x_wconf 73' lang='grc' dir='ltr'>πόσῳ</span> <span class='ocrx_word' id='word_1_305' title='bbox 703 2253 902 2322; x_wconf 79' lang='grc' dir='ltr'>μᾶλλον</span> <span class='ocrx_word' id='word_1_306' title='bbox 955 2256 986 2325; x_wconf 91' lang='grc' dir='ltr'><strong>ή</strong></span> <span class='ocrx_word' id='word_1_307' title='bbox 1038 2254 1198 2322; x_wconf 80' lang='grc' dir='ltr'>σοφία</span> <span class='ocrx_word' id='word_1_308' title='bbox 1253 2254 1461 2318; x_wconf 83' lang='grc' dir='ltr'>πιστῶς</span> <span class='ocrx_word' id='word_1_309' title='bbox 1499 2255 1613 2325; x_wconf 79' lang='grc' dir='ltr'><strong>ἅμα</strong></span> <span class='ocrx_word' id='word_1_310' title='bbox 1651 2255 1744 2307; x_wconf 72' lang='grc' dir='ltr'><strong>καὶ</strong></span> <span class='ocrx_word' id='word_1_311' title='bbox 1803 2255 2079 2325; x_wconf 75' lang='grc' dir='ltr'>φρονίμως</span> 
     </span>
    </p>
   </div>
   <div class='ocr_carea' id='block_1_40' title="bbox 495 2342 2079 2417">
    <p class='ocr_par' dir='ltr' id='par_1_40' title="bbox 495 2342 2079 2417">
     <span class='ocr_line' id='line_1_40' title="bbox 495 2342 2079 2417; baseline 0.001 -23"><span class='ocrx_word' id='word_1_312' title='bbox 495 2342 622 2406; x_wconf 77' lang='grc' dir='ltr'>τοὺς</span> <span class='ocrx_word' id='word_1_313' title='bbox 655 2342 817 2407; x_wconf 79' lang='grc' dir='ltr'>ἰδίους</span> <span class='ocrx_word' id='word_1_314' title='bbox 842 2342 1184 2417; x_wconf 85' lang='grc' dir='ltr'>οἰκονομήσει</span> <span class='ocrx_word' id='word_1_315' title='bbox 1213 2345 1489 2416; x_wconf 87' lang='grc' dir='ltr'>καρπούς;</span> <span class='ocrx_word' id='word_1_316' title='bbox 1529 2346 1586 2397; x_wconf 86' lang='grc' dir='ltr'><strong>Ὸ</strong></span> <span class='ocrx_word' id='word_1_317' title='bbox 1619 2345 1779 2410; x_wconf 69' lang='grc' dir='ltr'>αὐτὸς</span> <span class='ocrx_word' id='word_1_318' title='bbox 1809 2346 1865 2398; x_wconf 78' lang='grc' dir='ltr'><strong>δὲ</strong></span> <span class='ocrx_word' id='word_1_319' title='bbox 1893 2346 2079 2416; x_wconf 83' lang='grc' dir='ltr'>καιρός</span> 
     </span>
    </p>
   </div>
   <div class='ocr_carea' id='block_1_41' title="bbox 497 2437 2080 2510">
    <p class='ocr_par' dir='ltr' id='par_1_41' title="bbox 497 2437 2080 2510">
     <span class='ocr_line' id='line_1_41' title="bbox 497 2437 2080 2510; baseline 0.003 -22"><span class='ocrx_word' id='word_1_320' title='bbox 497 2439 614 2489; x_wconf 81' lang='grc' dir='ltr'>ἐστι</span> <span class='ocrx_word' id='word_1_321' title='bbox 653 2438 746 2491; x_wconf 88' lang='grc' dir='ltr'><strong>τοῦ</strong></span> <span class='ocrx_word' id='word_1_322' title='bbox 783 2437 998 2502; x_wconf 78' lang='grc' dir='ltr'>διδόναι,</span> <span class='ocrx_word' id='word_1_323' title='bbox 1035 2437 1223 2510; x_wconf 80' lang='grc' dir='ltr'>ὥσπερ</span> <span class='ocrx_word' id='word_1_324' title='bbox 1255 2440 1348 2492; x_wconf 75' lang='grc' dir='ltr'>καὶ</span> <span class='ocrx_word' id='word_1_325' title='bbox 1375 2439 1451 2508; x_wconf 80' lang='grc' dir='ltr'>τῷ</span> <span class='ocrx_word' id='word_1_326' title='bbox 1497 2438 1826 2508; x_wconf 77' lang='grc' dir='ltr'>λαμϐάνοντι</span> <span class='ocrx_word' id='word_1_327' title='bbox 1860 2437 1952 2490; x_wconf 87' lang='grc' dir='ltr'><strong>τοῦ</strong></span> <span class='ocrx_word' id='word_1_328' title='bbox 1994 2438 2080 2492; x_wconf 92' lang='grc' dir='ltr'>λα-</span> 
     </span>
    </p>
   </div>
   <div class='ocr_carea' id='block_1_42' title="bbox 498 2526 2079 2603">
    <p class='ocr_par' dir='ltr' id='par_1_42' title="bbox 498 2526 2079 2603">
     <span class='ocr_line' id='line_1_42' title="bbox 498 2526 2079 2603; baseline 0.003 -23"><span class='ocrx_word' id='word_1_329' title='bbox 498 2526 632 2581; x_wconf 73' lang='grc' dir='ltr'>ϐεῖν.</span> <span class='ocrx_word' id='word_1_330' title='bbox 681 2529 745 2581; x_wconf 89' lang='grc' dir='ltr'><strong>Τί</strong></span> <span class='ocrx_word' id='word_1_331' title='bbox 798 2529 949 2584; x_wconf 81' lang='grc' dir='ltr'>δὲτὸ</span> <span class='ocrx_word' id='word_1_332' title='bbox 983 2531 1178 2600; x_wconf 80' lang='grc' dir='ltr'>φύλλον</span> <span class='ocrx_word' id='word_1_333' title='bbox 1213 2533 1313 2601; x_wconf 83' lang='grc' dir='ltr'>τῆς</span> <span class='ocrx_word' id='word_1_334' title='bbox 1357 2531 1522 2603; x_wconf 76' lang='grc' dir='ltr'>ζωῆς,</span> <span class='ocrx_word' id='word_1_335' title='bbox 1557 2533 1801 2586; x_wconf 76' lang='grc' dir='ltr'>τουτέστι</span> <span class='ocrx_word' id='word_1_336' title='bbox 1845 2531 1945 2601; x_wconf 82' lang='grc' dir='ltr'>τῆς</span> <span class='ocrx_word' id='word_1_337' title='bbox 1990 2550 2079 2584; x_wconf 90' lang='grc' dir='ltr'>σο-</span> 
     </span>
    </p>
   </div>
   <div class='ocr_carea' id='block_1_43' title="bbox 499 2618 2078 2693">
    <p class='ocr_par' dir='ltr' id='par_1_43' title="bbox 499 2618 2078 2693">
     <span class='ocr_line' id='line_1_43' title="bbox 499 2618 2078 2693; baseline 0.003 -23"><span class='ocrx_word' id='word_1_338' title='bbox 499 2618 645 2685; x_wconf 82' lang='grc' dir='ltr'>φίας,</span> <span class='ocrx_word' id='word_1_339' title='bbox 684 2620 783 2674; x_wconf 75' lang='grc' dir='ltr'><strong>οὐκ</strong></span> <span class='ocrx_word' id='word_1_340' title='bbox 829 2621 1191 2693; x_wconf 76' lang='grc' dir='ltr'>ἀπορῤεῦσον,</span> <span class='ocrx_word' id='word_1_341' title='bbox 1233 2622 1468 2676; x_wconf 84' lang='grc' dir='ltr'>κατιδεῖν</span> <span class='ocrx_word' id='word_1_342' title='bbox 1503 2620 1683 2686; x_wconf 73' lang='grc' dir='ltr'>ἄξιονο</span> <span class='ocrx_word' id='word_1_343' title='bbox 1721 2621 1819 2674; x_wconf 78' lang='grc' dir='ltr'><strong>οὐκ</strong></span> <span class='ocrx_word' id='word_1_344' title='bbox 1858 2621 2078 2675; x_wconf 80' lang='grc' dir='ltr'>ἄλλοθεν</span> 
     </span>
    </p>
   </div>
   <div class='ocr_carea' id='block_1_44' title="bbox 495 2711 2071 2785">
    <p class='ocr_par' dir='ltr' id='par_1_44' title="bbox 495 2711 2071 2785">
     <span class='ocr_line' id='line_1_44' title="bbox 495 2711 2071 2785; baseline 0.003 -21"><span class='ocrx_word' id='word_1_345' title='bbox 495 2713 553 2765; x_wconf 77' lang='grc' dir='ltr'>δὲ</span> <span class='ocrx_word' id='word_1_346' title='bbox 583 2712 768 2766; x_wconf 76' lang='grc' dir='ltr'>λαϐεῖν</span> <span class='ocrx_word' id='word_1_347' title='bbox 802 2713 936 2766; x_wconf 76' lang='grc' dir='ltr'>αὐτὸ</span> <span class='ocrx_word' id='word_1_348' title='bbox 977 2713 1122 2767; x_wconf 74' lang='grc' dir='ltr'>ἔστιν</span> <span class='ocrx_word' id='word_1_349' title='bbox 1155 2713 1187 2784; x_wconf 81' lang='grc' dir='ltr'>ἦ</span> <span class='ocrx_word' id='word_1_350' title='bbox 1233 2711 1467 2785; x_wconf 77' lang='grc' dir='ltr'>μετρίως</span> <span class='ocrx_word' id='word_1_351' title='bbox 1515 2717 1627 2778; x_wconf 89' lang='grc' dir='ltr'>τοῖς</span> <span class='ocrx_word' id='word_1_352' title='bbox 1667 2717 1913 2784; x_wconf 73' lang='grc' dir='ltr'>φυσικοῖς</span> <span class='ocrx_word' id='word_1_353' title='bbox 1955 2715 2071 2768; x_wconf 81' lang='grc' dir='ltr'>ἐπι·</span> 
     </span>
    </p>
   </div>
   <div class='ocr_carea' id='block_1_45' title="bbox 495 2804 2075 2878">
    <p class='ocr_par' dir='ltr' id='par_1_45' title="bbox 495 2804 2075 2878">
     <span class='ocr_line' id='line_1_45' title="bbox 495 2804 2075 2878; baseline 0.003 -22"><span class='ocrx_word' id='word_1_354' title='bbox 495 2804 898 2877; x_wconf 69' lang='grc' dir='ltr'>διατρίψαντας.</span> <span class='ocrx_word' id='word_1_355' title='bbox 945 2805 1112 2876; x_wconf 82' lang='grc' dir='ltr'>Δῆλον</span> <span class='ocrx_word' id='word_1_356' title='bbox 1160 2806 1238 2870; x_wconf 71' lang='grc' dir='ltr'><strong>δὲ,</strong></span> <span class='ocrx_word' id='word_1_357' title='bbox 1283 2807 1364 2860; x_wconf 73' lang='grc' dir='ltr'>ὅτι</span> <span class='ocrx_word' id='word_1_358' title='bbox 1411 2807 1498 2860; x_wconf 85' lang='grc' dir='ltr'>διὰ</span> <span class='ocrx_word' id='word_1_359' title='bbox 1548 2808 1674 2870; x_wconf 76' lang='grc' dir='ltr'>τοὺς</span> <span class='ocrx_word' id='word_1_360' title='bbox 1718 2808 1964 2878; x_wconf 81' lang='grc' dir='ltr'>καρποὺς</span> <span class='ocrx_word' id='word_1_361' title='bbox 2008 2807 2075 2860; x_wconf 74' lang='grc' dir='ltr'>τὰ</span> 
     </span>
    </p>
   </div>
   <div class='ocr_carea' id='block_1_46' title="bbox 495 2896 2077 2970">
    <p class='ocr_par' dir='ltr' id='par_1_46' title="bbox 495 2896 2077 2970">
     <span class='ocr_line' id='line_1_46' title="bbox 495 2896 2077 2970; baseline 0.003 -25"><span class='ocrx_word' id='word_1_362' title='bbox 495 2896 818 2967; x_wconf 81' lang='grc' dir='ltr'>καρποφόρα</span> <span class='ocrx_word' id='word_1_363' title='bbox 858 2896 1046 2966; x_wconf 86' lang='grc' dir='ltr'>δένδρα</span> <span class='ocrx_word' id='word_1_364' title='bbox 1089 2899 1116 2949; x_wconf 89' lang='lat'><strong>6</strong></span> <span class='ocrx_word' id='word_1_365' title='bbox 1152 2899 1492 2970; x_wconf 77' lang='grc' dir='ltr'>Δημιουργὸς</span> <span class='ocrx_word' id='word_1_366' title='bbox 1539 2898 1793 2951; x_wconf 82' lang='grc' dir='ltr'>ἐκέλευσε</span> <span class='ocrx_word' id='word_1_367' title='bbox 1848 2898 2077 2969; x_wconf 78' lang='grc' dir='ltr'>βλαστῆ-</span> 
     </span>
    </p>
   </div>
   <div class='ocr_carea' id='block_1_47' title="bbox 500 2986 2074 3061">
    <p class='ocr_par' dir='ltr' id='par_1_47' title="bbox 500 2986 2074 3061">
     <span class='ocr_line' id='line_1_47' title="bbox 500 2986 2074 3061; baseline 0.004 -24"><span class='ocrx_word' id='word_1_368' title='bbox 500 3002 610 3051; x_wconf 89' lang='grc' dir='ltr'>σαι,</span> <span class='ocrx_word' id='word_1_369' title='bbox 647 2987 713 3039; x_wconf 81' lang='grc' dir='ltr'>δι’</span> <span class='ocrx_word' id='word_1_370' title='bbox 736 2986 828 3050; x_wconf 81' lang='grc' dir='ltr'><strong>οὓς</strong></span> <span class='ocrx_word' id='word_1_371' title='bbox 861 2989 929 3040; x_wconf 80' lang='grc' dir='ltr'><strong>τὰ</strong></span> <span class='ocrx_word' id='word_1_372' title='bbox 972 2990 1201 3051; x_wconf 71' lang='grc' dir='ltr'>ἐκείνοις</span> <span class='ocrx_word' id='word_1_373' title='bbox 1238 2990 1472 3061; x_wconf 78' lang='grc' dir='ltr'>χρειώδη</span> <span class='ocrx_word' id='word_1_374' title='bbox 1503 2991 1621 3043; x_wconf 83' lang='grc' dir='ltr'>κατ’</span> <span class='ocrx_word' id='word_1_375' title='bbox 1646 2989 2074 3061; x_wconf 75' lang='grc' dir='ltr'>ἐπακολούθησιν</span> 
     </span>
    </p>
   </div>
   <div class='ocr_carea' id='block_1_48' title="bbox 499 3077 2074 3152">
    <p class='ocr_par' dir='ltr' id='par_1_48' title="bbox 499 3077 2074 3152">
     <span class='ocr_line' id='line_1_48' title="bbox 499 3077 2074 3152; baseline 0.004 -24"><span class='ocrx_word' id='word_1_376' title='bbox 499 3077 784 3148; x_wconf 81' lang='grc' dir='ltr'>πεποίηκε.</span> <span class='ocrx_word' id='word_1_377' title='bbox 837 3079 1009 3148; x_wconf 81' lang='grc' dir='ltr'>Χρεία</span> <span class='ocrx_word' id='word_1_378' title='bbox 1039 3079 1096 3131; x_wconf 83' lang='grc' dir='ltr'>δὲ</span> <span class='ocrx_word' id='word_1_379' title='bbox 1143 3079 1352 3150; x_wconf 86' lang='grc' dir='ltr'>σκέπης</span> <span class='ocrx_word' id='word_1_380' title='bbox 1390 3083 1501 3144; x_wconf 89' lang='grc' dir='ltr'>τοῖς</span> <span class='ocrx_word' id='word_1_381' title='bbox 1540 3084 1773 3152; x_wconf 87' lang='grc' dir='ltr'>καρποῖς</span> <span class='ocrx_word' id='word_1_382' title='bbox 1815 3081 1914 3151; x_wconf 82' lang='grc' dir='ltr'>τῆς</span> <span class='ocrx_word' id='word_1_383' title='bbox 1967 3081 2074 3134; x_wconf 79' lang='grc' dir='ltr'><strong>ἀπὸ</strong></span> 
     </span>
    </p>
   </div>
   <div class='ocr_carea' id='block_1_49' title="bbox 494 3167 2072 3243">
    <p class='ocr_par' dir='ltr' id='par_1_49' title="bbox 494 3167 2072 3243">
     <span class='ocr_line' id='line_1_49' title="bbox 494 3167 2072 3243; baseline 0.003 -23"><span class='ocrx_word' id='word_1_384' title='bbox 494 3167 605 3220; x_wconf 85' lang='grc' dir='ltr'><strong>τῶν</strong></span> <span class='ocrx_word' id='word_1_385' title='bbox 643 3168 854 3238; x_wconf 86' lang='grc' dir='ltr'>φύλλων</span> <span class='ocrx_word' id='word_1_386' title='bbox 886 3169 1131 3240; x_wconf 81' lang='grc' dir='ltr'>φυλακῆς</span> <span class='ocrx_word' id='word_1_387' title='bbox 1161 3170 1365 3224; x_wconf 71' lang='grc' dir='ltr'>ἕνεκεν.</span> <span class='ocrx_word' id='word_1_388' title='bbox 1393 3170 1578 3224; x_wconf 85' lang='grc' dir='ltr'>Ταῦτα</span> <span class='ocrx_word' id='word_1_389' title='bbox 1603 3168 1695 3225; x_wconf 77' lang='grc' dir='ltr'><strong>οὖν</strong></span> <span class='ocrx_word' id='word_1_390' title='bbox 1724 3175 1819 3225; x_wconf 69' lang='grc' dir='ltr'><strong>καὶ</strong></span> <span class='ocrx_word' id='word_1_391' title='bbox 1855 3173 1947 3224; x_wconf 72' lang='grc' dir='ltr'><strong>ἐπὶ</strong></span> <span class='ocrx_word' id='word_1_392' title='bbox 1975 3173 2072 3243; x_wconf 77' lang='grc' dir='ltr'>τῆς</span> 
     </span>
    </p>
   </div>
   <div class='ocr_carea' id='block_1_50' title="bbox 2183 1968 3754 2041">
    <p class='ocr_par' dir='ltr' id='par_1_50' title="bbox 2183 1968 3754 2041">
     <span class='ocr_line' id='line_1_50' title="bbox 2183 1968 3754 2041; baseline 0.003 -18"><span class='ocrx_word' id='word_1_393' title='bbox 2183 1968 2508 2036; x_wconf 86' lang='lat' dir='ltr'><strong>simpliciter</strong></span> <span class='ocrx_word' id='word_1_394' title='bbox 2551 1970 2829 2025; x_wconf 77' lang='lat' dir='ltr'><strong>conservis</strong></span> <span class='ocrx_word' id='word_1_395' title='bbox 2875 1971 3003 2024; x_wconf 91' lang='lat' dir='ltr'><strong>dent</strong></span> <span class='ocrx_word' id='word_1_396' title='bbox 3046 1971 3205 2041; x_wconf 77' lang='lat'><strong>532</strong></span> <span class='ocrx_word' id='word_1_397' title='bbox 3260 1972 3612 2040; x_wconf 87' lang='lat' dir='ltr'><strong>demensum,</strong></span> <span class='ocrx_word' id='word_1_398' title='bbox 3656 1973 3754 2028; x_wconf 89' lang='lat' dir='ltr'><strong>sed</strong></span> 
     </span>
    </p>
   </div>
   <div class='ocr_carea' id='block_1_51' title="bbox 2184 2061 3754 2134">
    <p class='ocr_par' dir='ltr' id='par_1_51' title="bbox 2184 2061 3754 2134">
     <span class='ocr_line' id='line_1_51' title="bbox 2184 2061 3754 2134; baseline 0.005 -20"><span class='ocrx_word' id='word_1_399' title='bbox 2184 2061 2309 2115; x_wconf 87' lang='lat' dir='ltr'><strong>dent</strong></span> <span class='ocrx_word' id='word_1_400' title='bbox 2349 2061 2402 2114; x_wconf 93' lang='lat' dir='ltr'><strong>in</strong></span> <span class='ocrx_word' id='word_1_401' title='bbox 2437 2072 2698 2132; x_wconf 84' lang='lat' dir='ltr'><strong>tempore.</strong></span> <span class='ocrx_word' id='word_1_402' title='bbox 2733 2073 2935 2132; x_wconf 82' lang='lat' dir='ltr'><strong>quanto</strong></span> <span class='ocrx_word' id='word_1_403' title='bbox 2985 2066 3158 2134; x_wconf 84' lang='lat' dir='ltr'><strong>magis</strong></span> <span class='ocrx_word' id='word_1_404' title='bbox 3191 2065 3424 2121; x_wconf 77' lang='lat' dir='ltr'><strong>ﬁdeliter</strong></span> <span class='ocrx_word' id='word_1_405' title='bbox 3473 2065 3636 2122; x_wconf 90' lang='lat' dir='ltr'><strong>simul</strong></span> <span class='ocrx_word' id='word_1_406' title='bbox 3689 2083 3754 2122; x_wconf 87' lang='lat' dir='ltr'><strong>ac</strong></span> 
     </span>
    </p>
   </div>
   <div class='ocr_carea' id='block_1_52' title="bbox 2183 2139 3756 2225">
    <p class='ocr_par' dir='ltr' id='par_1_52' title="bbox 2183 2139 3756 2225">
     <span class='ocr_line' id='line_1_52' title="bbox 2183 2139 3756 2225; baseline 0.004 -19"><span class='ocrx_word' id='word_1_407' title='bbox 2183 2154 2487 2221; x_wconf 85' lang='lat' dir='ltr'><strong>prudenter</strong></span> <span class='ocrx_word' id='word_1_408' title='bbox 2524 2155 2773 2223; x_wconf 84' lang='lat' dir='ltr'><strong>proprios</strong></span> <span class='ocrx_word' id='word_1_409' title='bbox 2812 2139 3075 2225; x_wconf 75' lang='lat' dir='ltr'><strong>sapientia</strong></span> <span class='ocrx_word' id='word_1_410' title='bbox 3117 2157 3452 2224; x_wconf 87' lang='lat' dir='ltr'><strong>dispensabit</strong></span> <span class='ocrx_word' id='word_1_411' title='bbox 3501 2156 3756 2214; x_wconf 83' lang='lat' dir='ltr'><strong>fructus?</strong></span> 
     </span>
    </p>
   </div>
   <div class='ocr_carea' id='block_1_53' title="bbox 2182 2243 3752 2318">
    <p class='ocr_par' dir='ltr' id='par_1_53' title="bbox 2182 2243 3752 2318">
     <span class='ocr_line' id='line_1_53' title="bbox 2182 2243 3752 2318; baseline 0.004 -22"><span class='ocrx_word' id='word_1_412' title='bbox 2182 2243 2324 2297; x_wconf 85' lang='lat' dir='ltr'><strong>Idem</strong></span> <span class='ocrx_word' id='word_1_413' title='bbox 2356 2255 2437 2298; x_wconf 88' lang='lat' dir='ltr'><strong>est</strong></span> <span class='ocrx_word' id='word_1_414' title='bbox 2470 2244 2543 2299; x_wconf 89' lang='lat' dir='ltr'><strong>illi</strong></span> <span class='ocrx_word' id='word_1_415' title='bbox 2575 2255 2785 2313; x_wconf 88' lang='lat' dir='ltr'><strong>tempus</strong></span> <span class='ocrx_word' id='word_1_416' title='bbox 2817 2246 2999 2311; x_wconf 83' lang='lat' dir='ltr'><strong>dandi,</strong></span> <span class='ocrx_word' id='word_1_417' title='bbox 3030 2248 3172 2316; x_wconf 87' lang='lat' dir='ltr'><strong>quod</strong></span> <span class='ocrx_word' id='word_1_418' title='bbox 3207 2249 3256 2302; x_wconf 90' lang='lat' dir='ltr'><strong>ei</strong></span> <span class='ocrx_word' id='word_1_419' title='bbox 3291 2248 3379 2316; x_wconf 89' lang='lat' dir='ltr'><strong>qui</strong></span> <span class='ocrx_word' id='word_1_420' title='bbox 3413 2249 3632 2318; x_wconf 90' lang='lat' dir='ltr'><strong>accipit,</strong></span> <span class='ocrx_word' id='word_1_421' title='bbox 3666 2263 3752 2303; x_wconf 82' lang='lat' dir='ltr'><strong>ac-</strong></span> 
     </span>
    </p>
   </div>
   <div class='ocr_carea' id='block_1_54' title="bbox 2182 2335 3755 2408">
    <p class='ocr_par' dir='ltr' id='par_1_54' title="bbox 2182 2335 3755 2408">
     <span class='ocr_line' id='line_1_54' title="bbox 2182 2335 3755 2408; baseline 0.004 -19"><span class='ocrx_word' id='word_1_422' title='bbox 2182 2335 2437 2404; x_wconf 80' lang='lat' dir='ltr'><strong>cipiendi.</strong></span> <span class='ocrx_word' id='word_1_423' title='bbox 2477 2335 2616 2402; x_wconf 83' lang='lat' dir='ltr'><strong>Quid</strong></span> <span class='ocrx_word' id='word_1_424' title='bbox 2644 2338 2709 2389; x_wconf 85' lang='lat' dir='ltr'><strong>sit</strong></span> <span class='ocrx_word' id='word_1_425' title='bbox 2753 2346 2929 2392; x_wconf 82' lang='lat' dir='ltr'><strong>autem</strong></span> <span class='ocrx_word' id='word_1_426' title='bbox 2981 2338 3168 2392; x_wconf 82' lang='lat' dir='ltr'><strong>folium</strong></span> <span class='ocrx_word' id='word_1_427' title='bbox 3202 2339 3332 2408; x_wconf 81' lang='lat' dir='ltr'><strong>ligni</strong></span> <span class='ocrx_word' id='word_1_428' title='bbox 3361 2339 3508 2404; x_wconf 64' lang='lat' dir='ltr'><strong>vitae,</strong></span> <span class='ocrx_word' id='word_1_429' title='bbox 3564 2341 3617 2394; x_wconf 91' lang='lat' dir='ltr'><strong>id</strong></span> <span class='ocrx_word' id='word_1_430' title='bbox 3670 2352 3755 2396; x_wconf 90' lang='lat' dir='ltr'><strong>est</strong></span> 
     </span>
    </p>
   </div>
   <div class='ocr_carea' id='block_1_55' title="bbox 2180 2423 3749 2502">
    <p class='ocr_par' dir='ltr' id='par_1_55' title="bbox 2180 2423 3749 2502">
     <span class='ocr_line' id='line_1_55' title="bbox 2180 2423 3749 2502; baseline 0.004 -23"><span class='ocrx_word' id='word_1_431' title='bbox 2180 2427 2481 2495; x_wconf 71' lang='lat' dir='ltr'><strong>sapientiae,</strong></span> <span class='ocrx_word' id='word_1_432' title='bbox 2514 2423 2658 2497; x_wconf 87' lang='lat' dir='ltr'><strong>quod</strong></span> <span class='ocrx_word' id='word_1_433' title='bbox 2686 2442 2792 2482; x_wconf 88' lang='lat' dir='ltr'><strong>non</strong></span> <span class='ocrx_word' id='word_1_434' title='bbox 2822 2428 3030 2495; x_wconf 80' lang='lat' dir='ltr'><strong>deﬂuit,</strong></span> <span class='ocrx_word' id='word_1_435' title='bbox 3060 2431 3503 2486; x_wconf 83' lang='lat' dir='ltr'><strong>consideratione</strong></span> <span class='ocrx_word' id='word_1_436' title='bbox 3527 2432 3749 2502; x_wconf 79' lang='lat' dir='ltr'><strong>dignum</strong></span> 
     </span>
    </p>
   </div>
   <div class='ocr_carea' id='block_1_56' title="bbox 2184 2519 3748 2592">
    <p class='ocr_par' dir='ltr' id='par_1_56' title="bbox 2184 2519 3748 2592">
     <span class='ocr_line' id='line_1_56' title="bbox 2184 2519 3748 2592; baseline 0.004 -22"><span class='ocrx_word' id='word_1_437' title='bbox 2184 2527 2284 2578; x_wconf 81' lang='lat' dir='ltr'><strong>est,</strong></span> <span class='ocrx_word' id='word_1_438' title='bbox 2328 2519 2420 2572; x_wconf 83' lang='lat' dir='ltr'><strong>sed</strong></span> <span class='ocrx_word' id='word_1_439' title='bbox 2467 2519 2681 2572; x_wconf 84' lang='lat' dir='ltr'><strong>aliunde</strong></span> <span class='ocrx_word' id='word_1_440' title='bbox 2727 2519 2856 2573; x_wconf 90' lang='lat' dir='ltr'><strong>illud</strong></span> <span class='ocrx_word' id='word_1_441' title='bbox 2887 2536 2990 2575; x_wconf 87' lang='lat' dir='ltr'><strong>non</strong></span> <span class='ocrx_word' id='word_1_442' title='bbox 3038 2522 3163 2576; x_wconf 82' lang='lat' dir='ltr'><strong>licet</strong></span> <span class='ocrx_word' id='word_1_443' title='bbox 3190 2522 3437 2592; x_wconf 88' lang='lat' dir='ltr'><strong>accipere</strong></span> <span class='ocrx_word' id='word_1_444' title='bbox 3465 2538 3626 2591; x_wconf 89' lang='lat' dir='ltr'><strong>quam</strong></span> <span class='ocrx_word' id='word_1_445' title='bbox 3682 2538 3748 2577; x_wconf 77' lang='lat' dir='ltr'><strong>ex</strong></span> 
     </span>
    </p>
   </div>
   <div class='ocr_carea' id='block_1_57' title="bbox 2182 2610 3752 2684">
    <p class='ocr_par' dir='ltr' id='par_1_57' title="bbox 2182 2610 3752 2684">
     <span class='ocr_line' id='line_1_57' title="bbox 2182 2610 3752 2684; baseline 0.005 -22"><span class='ocrx_word' id='word_1_446' title='bbox 2182 2610 2361 2677; x_wconf 74' lang='lat' dir='ltr'><strong>aliqua</strong></span> <span class='ocrx_word' id='word_1_447' title='bbox 2402 2627 2579 2665; x_wconf 89' lang='lat' dir='ltr'><strong>rerum</strong></span> <span class='ocrx_word' id='word_1_448' title='bbox 2612 2612 2956 2683; x_wconf 83' lang='lat' dir='ltr'><strong>physiearum</strong></span> <span class='ocrx_word' id='word_1_449' title='bbox 2984 2612 3197 2682; x_wconf 86' lang='lat' dir='ltr'><strong>peritia.</strong></span> <span class='ocrx_word' id='word_1_450' title='bbox 3236 2614 3461 2670; x_wconf 79' lang='lat' dir='ltr'><strong>Constat</strong></span> <span class='ocrx_word' id='word_1_451' title='bbox 3489 2614 3752 2684; x_wconf 86' lang='lat' dir='ltr'><strong>Opificem</strong></span> 
     </span>
    </p>
   </div>
   <div class='ocr_carea' id='block_1_58' title="bbox 2180 2702 3753 2778">
    <p class='ocr_par' dir='ltr' id='par_1_58' title="bbox 2180 2702 3753 2778">
     <span class='ocr_line' id='line_1_58' title="bbox 2180 2702 3753 2778; baseline 0.004 -23"><span class='ocrx_word' id='word_1_452' title='bbox 2180 2702 2249 2756; x_wconf 85' lang='lat' dir='ltr'><strong>ob</strong></span> <span class='ocrx_word' id='word_1_453' title='bbox 2275 2702 2484 2756; x_wconf 83' lang='lat' dir='ltr'><strong>fructus</strong></span> <span class='ocrx_word' id='word_1_454' title='bbox 2516 2706 2844 2773; x_wconf 68' lang='lat' dir='ltr'><strong>prazcepisse</strong></span> <span class='ocrx_word' id='word_1_455' title='bbox 2879 2715 2936 2760; x_wconf 91' lang='lat' dir='ltr'><strong>ut</strong></span> <span class='ocrx_word' id='word_1_456' title='bbox 2977 2707 3204 2760; x_wconf 80' lang='lat' dir='ltr'><strong>arbores</strong></span> <span class='ocrx_word' id='word_1_457' title='bbox 3235 2707 3525 2763; x_wconf 73' lang='lat' dir='ltr'><strong>fructuosa:</strong></span> <span class='ocrx_word' id='word_1_458' title='bbox 3555 2709 3753 2778; x_wconf 80' lang='lat' dir='ltr'><strong>produ-</strong></span> 
     </span>
    </p>
   </div>
   <div class='ocr_carea' id='block_1_59' title="bbox 2180 2792 3750 2865">
    <p class='ocr_par' dir='ltr' id='par_1_59' title="bbox 2180 2792 3750 2865">
     <span class='ocr_line' id='line_1_59' title="bbox 2180 2792 3750 2865; baseline 0.002 -18"><span class='ocrx_word' id='word_1_459' title='bbox 2180 2803 2367 2847; x_wconf 84' lang='lat' dir='ltr'><strong>eerent</strong></span> <span class='ocrx_word' id='word_1_460' title='bbox 2397 2792 2610 2848; x_wconf 85' lang='lat' dir='ltr'><strong>fructus</strong></span> <span class='ocrx_word' id='word_1_461' title='bbox 2650 2811 2880 2865; x_wconf 85' lang='lat' dir='ltr'><strong>quorum</strong></span> <span class='ocrx_word' id='word_1_462' title='bbox 2915 2811 3072 2850; x_wconf 88' lang='lat' dir='ltr'><strong>causa</strong></span> <span class='ocrx_word' id='word_1_463' title='bbox 3105 2809 3224 2865; x_wconf 65' lang='lat' dir='ltr'><strong>qua:</strong></span> <span class='ocrx_word' id='word_1_464' title='bbox 3253 2798 3360 2852; x_wconf 91' lang='lat' dir='ltr'><strong>illis</strong></span> <span class='ocrx_word' id='word_1_465' title='bbox 3397 2799 3546 2853; x_wconf 84' lang='lat' dir='ltr'><strong>utilia</strong></span> <span class='ocrx_word' id='word_1_466' title='bbox 3571 2811 3750 2864; x_wconf 85' lang='lat' dir='ltr'><strong>erant,</strong></span> 
     </span>
    </p>
   </div>
   <div class='ocr_carea' id='block_1_60' title="bbox 2179 2887 3754 2955">
    <p class='ocr_par' dir='ltr' id='par_1_60' title="bbox 2179 2887 3754 2955">
     <span class='ocr_line' id='line_1_60' title="bbox 2179 2887 3754 2955; baseline 0.002 -14"><span class='ocrx_word' id='word_1_467' title='bbox 2179 2897 2584 2955; x_wconf 88' lang='lat' dir='ltr'><strong>c0nscquentcr</strong></span> <span class='ocrx_word' id='word_1_468' title='bbox 2621 2887 2769 2941; x_wconf 82' lang='lat' dir='ltr'><strong>fecit.</strong></span> <span class='ocrx_word' id='word_1_469' title='bbox 2805 2887 3036 2942; x_wconf 86' lang='lat' dir='ltr'><strong>Fructus</strong></span> <span class='ocrx_word' id='word_1_470' title='bbox 3079 2899 3134 2942; x_wconf 91' lang='lat' dir='ltr'><strong>ut</strong></span> <span class='ocrx_word' id='word_1_471' title='bbox 3162 2901 3577 2954; x_wconf 69' lang='lat' dir='ltr'><strong>conserventur,</strong></span> <span class='ocrx_word' id='word_1_472' title='bbox 3612 2891 3754 2945; x_wconf 86' lang='lat' dir='ltr'><strong>indi-</strong></span> 
     </span>
    </p>
   </div>
   <div class='ocr_carea' id='block_1_61' title="bbox 2180 2978 3754 3050">
    <p class='ocr_par' dir='ltr' id='par_1_61' title="bbox 2180 2978 3754 3050">
     <span class='ocr_line' id='line_1_61' title="bbox 2180 2978 3754 3050; baseline 0.003 -19"><span class='ocrx_word' id='word_1_473' title='bbox 2180 2989 2306 3046; x_wconf 76' lang='lat' dir='ltr'><strong>gent</strong></span> <span class='ocrx_word' id='word_1_474' title='bbox 2339 2978 2479 3033; x_wconf 86' lang='lat' dir='ltr'><strong>foliis</strong></span> <span class='ocrx_word' id='word_1_475' title='bbox 2507 2979 2706 3047; x_wconf 86' lang='lat' dir='ltr'><strong>quibus</strong></span> <span class='ocrx_word' id='word_1_476' title='bbox 2744 2987 3010 3048; x_wconf 82' lang='lat' dir='ltr'><strong>lcgantur.</strong></span> <span class='ocrx_word' id='word_1_477' title='bbox 3055 2979 3176 3035; x_wconf 76' lang='lat' dir='ltr'><strong>llaec</strong></span> <span class='ocrx_word' id='word_1_478' title='bbox 3210 2982 3262 3034; x_wconf 93' lang='lat' dir='ltr'><strong>in</strong></span> <span class='ocrx_word' id='word_1_479' title='bbox 3292 2997 3352 3035; x_wconf 91' lang='lat' dir='ltr'><strong>ea</strong></span> <span class='ocrx_word' id='word_1_480' title='bbox 3392 2999 3510 3050; x_wconf 79' lang='lat' dir='ltr'><strong>quae</strong></span> <span class='ocrx_word' id='word_1_481' title='bbox 3541 2985 3754 3037; x_wconf 85' lang='lat' dir='ltr'><strong>univer-</strong></span> 
     </span>
    </p>
   </div>
   <div class='ocr_carea' id='block_1_62' title="bbox 2178 3070 3750 3142">
    <p class='ocr_par' dir='ltr' id='par_1_62' title="bbox 2178 3070 3750 3142">
     <span class='ocr_line' id='line_1_62' title="bbox 2178 3070 3750 3142; baseline 0.003 -18"><span class='ocrx_word' id='word_1_482' title='bbox 2178 3071 2255 3124; x_wconf 88' lang='lat' dir='ltr'><strong>sis</strong></span> <span class='ocrx_word' id='word_1_483' title='bbox 2284 3071 2557 3138; x_wconf 69' lang='lat' dir='ltr'><strong>prmsidet,</strong></span> <span class='ocrx_word' id='word_1_484' title='bbox 2591 3070 2858 3139; x_wconf 84' lang='lat' dir='ltr'><strong>sapientia</strong></span> <span class='ocrx_word' id='word_1_485' title='bbox 2889 3071 3075 3125; x_wconf 75' lang='lat' dir='ltr'><strong>videre</strong></span> <span class='ocrx_word' id='word_1_486' title='bbox 3120 3081 3228 3133; x_wconf 80' lang='lat' dir='ltr'><strong>est,</strong></span> <span class='ocrx_word' id='word_1_487' title='bbox 3265 3074 3316 3125; x_wconf 90' lang='lat' dir='ltr'><strong>in</strong></span> <span class='ocrx_word' id='word_1_488' title='bbox 3363 3088 3467 3142; x_wconf 85' lang='lat' dir='ltr'><strong>qua</strong></span> <span class='ocrx_word' id='word_1_489' title='bbox 3506 3075 3750 3128; x_wconf 91' lang='lat' dir='ltr'><strong>omnium</strong></span> 
     </span>
    </p>
   </div>
   <div class='ocr_carea' id='block_1_63' title="bbox 2182 3161 3750 3236">
    <p class='ocr_par' dir='ltr' id='par_1_63' title="bbox 2182 3161 3750 3236">
     <span class='ocr_line' id='line_1_63' title="bbox 2182 3161 3750 3236; baseline 0.003 -18"><span class='ocrx_word' id='word_1_490' title='bbox 2182 3162 2374 3230; x_wconf 81' lang='lat' dir='ltr'><strong>Opifex</strong></span> <span class='ocrx_word' id='word_1_491' title='bbox 2407 3172 2599 3217; x_wconf 84' lang='lat' dir='ltr'><strong>cuncta</strong></span> <span class='ocrx_word' id='word_1_492' title='bbox 2634 3163 2782 3216; x_wconf 82' lang='lat' dir='ltr'><strong>fecit.</strong></span> <span class='ocrx_word' id='word_1_493' title='bbox 2819 3161 2938 3215; x_wconf 80' lang='lat' dir='ltr'><strong>Alia</strong></span> <span class='ocrx_word' id='word_1_494' title='bbox 2984 3164 3125 3217; x_wconf 86' lang='lat' dir='ltr'><strong>enim</strong></span> <span class='ocrx_word' id='word_1_495' title='bbox 3158 3167 3428 3236; x_wconf 54' lang='lat' dir='ltr'><strong>pracipue</strong></span> <span class='ocrx_word' id='word_1_496' title='bbox 3460 3167 3613 3234; x_wconf 84' lang='lat' dir='ltr'><strong>fiunt,</strong></span> <span class='ocrx_word' id='word_1_497' title='bbox 3646 3169 3750 3222; x_wconf 89' lang='lat' dir='ltr'><strong>alia</strong></span> 
     </span>
    </p>
   </div>
   <div class='ocr_carea' id='block_1_64' title="bbox 498 3230 2073 3336">
    <p class='ocr_par' dir='ltr' id='par_1_64' title="bbox 498 3257 2069 3336">
     <span class='ocr_line' id='line_1_64' title="bbox 498 3257 2069 3336; baseline 0.003 -25"><span class='ocrx_word' id='word_1_498' title='bbox 498 3261 626 3331; x_wconf 72' lang='grc' dir='ltr'>περὶ</span> <span class='ocrx_word' id='word_1_499' title='bbox 661 3260 768 3313; x_wconf 83' lang='grc' dir='ltr'><strong>τῶν</strong></span> <span class='ocrx_word' id='word_1_500' title='bbox 805 3261 941 3314; x_wconf 84' lang='grc' dir='ltr'>ὅλων</span> <span class='ocrx_word' id='word_1_501' title='bbox 992 3261 1182 3331; x_wconf 77' lang='grc' dir='ltr'>σοφίας</span> <span class='ocrx_word' id='word_1_502' title='bbox 1216 3261 1362 3316; x_wconf 77' lang='grc' dir='ltr'>ἔστιν</span> <span class='ocrx_word' id='word_1_503' title='bbox 1398 3261 1549 3326; x_wconf 75' lang='grc' dir='ltr'>ἰδεῖν,</span> <span class='ocrx_word' id='word_1_504' title='bbox 1579 3263 1636 3315; x_wconf 85' lang='grc' dir='ltr'><strong>ἐν</strong></span> <span class='ocrx_word' id='word_1_505' title='bbox 1737 3261 1806 3316; x_wconf 79' lang='grc' dir='ltr'>τὰ</span> <span class='ocrx_word' id='word_1_506' title='bbox 1838 3264 2012 3317; x_wconf 85' lang='grc' dir='ltr'>πάντα</span> <span class='ocrx_word' id='word_1_507' title='bbox 2041 3265 2069 3316; x_wconf 92' lang='lat'><strong>6</strong></span> 
     </span>
    </p>
   </div>
   <div class='ocr_carea' id='block_1_65' title="bbox 2180 3230 3752 3336">
    <p class='ocr_par' dir='ltr' id='par_1_65' title="bbox 2181 3256 3752 3329">
     <span class='ocr_line' id='line_1_65' title="bbox 2181 3256 3752 3329; baseline 0.002 -18"><span class='ocrx_word' id='word_1_508' title='bbox 2181 3257 2478 3311; x_wconf 80' lang='lat' dir='ltr'><strong>secundum</strong></span> <span class='ocrx_word' id='word_1_509' title='bbox 2511 3256 2956 3323; x_wconf 87' lang='lat' dir='ltr'><strong>consequentiam</strong></span> <span class='ocrx_word' id='word_1_510' title='bbox 3011 3257 3080 3313; x_wconf 90' lang='lat' dir='ltr'><strong>ob</strong></span> <span class='ocrx_word' id='word_1_511' title='bbox 3127 3258 3422 3326; x_wconf 67' lang='lat' dir='ltr'><strong>prazcipua.</strong></span> <span class='ocrx_word' id='word_1_512' title='bbox 3467 3257 3752 3329; x_wconf 68' lang='lat' dir='ltr'><strong>Praecipue</strong></span> 
     </span>
    </p>
   </div>
   <div class='ocr_carea' id='block_1_66' title="bbox 497 3351 2067 3426">
    <p class='ocr_par' dir='ltr' id='par_1_66' title="bbox 497 3351 2067 3426">
     <span class='ocr_line' id='line_1_66' title="bbox 497 3351 2067 3426; baseline 0.001 -20"><span class='ocrx_word' id='word_1_513' title='bbox 497 3351 604 3406; x_wconf 81' lang='grc' dir='ltr'>τῶν</span> <span class='ocrx_word' id='word_1_514' title='bbox 636 3352 772 3406; x_wconf 82' lang='grc' dir='ltr'>ὅλων</span> <span class='ocrx_word' id='word_1_515' title='bbox 800 3355 1139 3426; x_wconf 84' lang='grc' dir='ltr'>Δημιουργὺς</span> <span class='ocrx_word' id='word_1_516' title='bbox 1173 3355 1492 3425; x_wconf 88' lang='grc' dir='ltr'>πεποίηκεν.</span> <span class='ocrx_word' id='word_1_517' title='bbox 1523 3355 1588 3406; x_wconf 86' lang='lat' dir='ltr'><strong>&quot;A</strong></span> <span class='ocrx_word' id='word_1_518' title='bbox 1617 3353 1715 3423; x_wconf 78' lang='grc' dir='ltr'><strong>μὲν</strong></span> <span class='ocrx_word' id='word_1_519' title='bbox 1745 3355 1850 3425; x_wconf 75' lang='grc' dir='ltr'><strong>γὰρ</strong></span> <span class='ocrx_word' id='word_1_520' title='bbox 1895 3373 2067 3426; x_wconf 88' lang='grc' dir='ltr'>προη-</span> 
     </span>
    </p>
   </div>
   <div class='ocr_carea' id='block_1_67' title="bbox 496 3443 2070 3516">
    <p class='ocr_par' dir='ltr' id='par_1_67' title="bbox 496 3443 2070 3516">
     <span class='ocr_line' id='line_1_67' title="bbox 496 3443 2070 3516; baseline 0.003 -22"><span class='ocrx_word' id='word_1_521' title='bbox 496 3443 772 3514; x_wconf 83' lang='grc' dir='ltr'>γουμένως</span> <span class='ocrx_word' id='word_1_522' title='bbox 815 3445 1047 3513; x_wconf 87' lang='grc' dir='ltr'>γίνεται,</span> <span class='ocrx_word' id='word_1_523' title='bbox 1085 3444 1121 3499; x_wconf 78' lang='grc' dir='ltr'>ἃ.</span> <span class='ocrx_word' id='word_1_524' title='bbox 1162 3445 1219 3498; x_wconf 84' lang='grc' dir='ltr'>δὲ</span> <span class='ocrx_word' id='word_1_525' title='bbox 1256 3444 1374 3499; x_wconf 83' lang='grc' dir='ltr'>κατ’</span> <span class='ocrx_word' id='word_1_526' title='bbox 1416 3445 1845 3516; x_wconf 76' lang='grc' dir='ltr'>ἐπακολούθησιν</span> <span class='ocrx_word' id='word_1_527' title='bbox 1877 3444 1965 3499; x_wconf 83' lang='grc' dir='ltr'>διὰ</span> <span class='ocrx_word' id='word_1_528' title='bbox 1999 3445 2070 3498; x_wconf 82' lang='grc' dir='ltr'>τὰ</span> 
     </span>
    </p>
   </div>
   <div class='ocr_carea' id='block_1_68' title="bbox 495 3535 2067 3608">
    <p class='ocr_par' dir='ltr' id='par_1_68' title="bbox 495 3535 2067 3608">
     <span class='ocr_line' id='line_1_68' title="bbox 495 3535 2067 3608; baseline 0.001 -20"><span class='ocrx_word' id='word_1_529' title='bbox 495 3535 898 3606; x_wconf 80' lang='grc' dir='ltr'>προηγούμενα.</span> <span class='ocrx_word' id='word_1_530' title='bbox 947 3535 1382 3608; x_wconf 83' lang='grc' dir='ltr'>Προηγουμένως</span> <span class='ocrx_word' id='word_1_531' title='bbox 1439 3537 1535 3608; x_wconf 86' lang='grc' dir='ltr'><strong>μὲν</strong></span> <span class='ocrx_word' id='word_1_532' title='bbox 1577 3535 1685 3608; x_wconf 82' lang='grc' dir='ltr'>γὰρ</span> <span class='ocrx_word' id='word_1_533' title='bbox 1737 3537 1798 3589; x_wconf 86' lang='grc' dir='ltr'><strong>τὸ</strong></span> <span class='ocrx_word' id='word_1_534' title='bbox 1853 3535 2067 3604; x_wconf 83' lang='grc' dir='ltr'>λογικὸν</span> 
     </span>
    </p>
   </div>
   <div class='ocr_carea' id='block_1_69' title="bbox 495 3625 2070 3701">
    <p class='ocr_par' dir='ltr' id='par_1_69' title="bbox 495 3625 2070 3701">
     <span class='ocr_line' id='line_1_69' title="bbox 495 3625 2070 3701; baseline 0.002 -24"><span class='ocrx_word' id='word_1_535' title='bbox 495 3626 652 3689; x_wconf 75' lang='grc' dir='ltr'>ζῶον,</span> <span class='ocrx_word' id='word_1_536' title='bbox 680 3625 767 3679; x_wconf 85' lang='grc' dir='ltr'>διὰ</span> <span class='ocrx_word' id='word_1_537' title='bbox 794 3626 850 3680; x_wconf 78' lang='grc' dir='ltr'><strong>δὲ</strong></span> <span class='ocrx_word' id='word_1_538' title='bbox 879 3626 976 3698; x_wconf 78' lang='grc' dir='ltr'><strong>τὴν</strong></span> <span class='ocrx_word' id='word_1_539' title='bbox 1005 3628 1169 3681; x_wconf 85' lang='grc' dir='ltr'>αὐτοῦ</span> <span class='ocrx_word' id='word_1_540' title='bbox 1197 3627 1384 3701; x_wconf 82' lang='grc' dir='ltr'>χρείαν</span> <span class='ocrx_word' id='word_1_541' title='bbox 1410 3630 1580 3700; x_wconf 86' lang='grc' dir='ltr'>κτήνη</span> <span class='ocrx_word' id='word_1_542' title='bbox 1612 3629 1707 3682; x_wconf 73' lang='grc' dir='ltr'><strong>καὶ</strong></span> <span class='ocrx_word' id='word_1_543' title='bbox 1735 3628 1802 3682; x_wconf 84' lang='grc' dir='ltr'>τὰ</span> <span class='ocrx_word' id='word_1_544' title='bbox 1834 3628 1941 3681; x_wconf 85' lang='grc' dir='ltr'><strong>ἀπὸ</strong></span> <span class='ocrx_word' id='word_1_545' title='bbox 1967 3628 2070 3699; x_wconf 80' lang='grc' dir='ltr'><strong>τῆς</strong></span> 
     </span>
    </p>
   </div>
   <div class='ocr_carea' id='block_1_70' title="bbox 493 3715 2071 3794">
    <p class='ocr_par' dir='ltr' id='par_1_70' title="bbox 493 3715 2071 3794">
     <span class='ocr_line' id='line_1_70' title="bbox 493 3715 2071 3794; baseline 0.003 -24"><span class='ocrx_word' id='word_1_546' title='bbox 493 3718 597 3788; x_wconf 83' lang='grc' dir='ltr'><strong>γῆς</strong></span> <span class='ocrx_word' id='word_1_547' title='bbox 636 3719 903 3790; x_wconf 85' lang='grc' dir='ltr'>φυόμενα.</span> <span class='ocrx_word' id='word_1_548' title='bbox 931 3720 1157 3790; x_wconf 81' lang='grc' dir='ltr'>Μήποτε</span> <span class='ocrx_word' id='word_1_549' title='bbox 1196 3715 1287 3774; x_wconf 81' lang='grc' dir='ltr'><strong>οῦν</strong></span> <span class='ocrx_word' id='word_1_550' title='bbox 1330 3723 1377 3773; x_wconf 80' lang='grc' dir='ltr'>οἱ</span> <span class='ocrx_word' id='word_1_551' title='bbox 1426 3721 1526 3792; x_wconf 85' lang='grc' dir='ltr'><strong>μὲν</strong></span> <span class='ocrx_word' id='word_1_552' title='bbox 1563 3723 1708 3791; x_wconf 86' lang='grc' dir='ltr'>λόγοι</span> <span class='ocrx_word' id='word_1_553' title='bbox 1749 3721 1857 3776; x_wconf 80' lang='grc' dir='ltr'><strong>τῶν</strong></span> <span class='ocrx_word' id='word_1_554' title='bbox 1900 3729 2071 3794; x_wconf 86' lang='grc' dir='ltr'>προη-</span> 
     </span>
    </p>
   </div>
   <div class='ocr_carea' id='block_1_71' title="bbox 493 3808 2070 3884">
    <p class='ocr_par' dir='ltr' id='par_1_71' title="bbox 493 3808 2070 3884">
     <span class='ocr_line' id='line_1_71' title="bbox 493 3808 2070 3884; baseline 0.004 -24"><span class='ocrx_word' id='word_1_555' title='bbox 493 3808 774 3878; x_wconf 89' lang='grc' dir='ltr'>γουμένως</span> <span class='ocrx_word' id='word_1_556' title='bbox 814 3810 1110 3878; x_wconf 85' lang='grc' dir='ltr'>γεγονότων</span> <span class='ocrx_word' id='word_1_557' title='bbox 1135 3811 1184 3863; x_wconf 85' lang='lat' dir='ltr'><strong>oi</strong></span> <span class='ocrx_word' id='word_1_558' title='bbox 1213 3812 1412 3883; x_wconf 88' lang='grc' dir='ltr'>καρποί</span> <span class='ocrx_word' id='word_1_559' title='bbox 1442 3815 1549 3864; x_wconf 88' lang='grc' dir='ltr'>εἱσι</span> <span class='ocrx_word' id='word_1_560' title='bbox 1577 3813 1670 3865; x_wconf 86' lang='grc' dir='ltr'><strong>τοῦ</strong></span> <span class='ocrx_word' id='word_1_561' title='bbox 1710 3813 1924 3884; x_wconf 89' lang='grc' dir='ltr'>δένδρου</span> <span class='ocrx_word' id='word_1_562' title='bbox 1969 3814 2070 3884; x_wconf 74' lang='grc' dir='ltr'><strong>τῆς</strong></span> 
     </span>
    </p>
   </div>
   <div class='ocr_carea' id='block_1_72' title="bbox 456 3898 2069 3972">
    <p class='ocr_par' dir='ltr' id='par_1_72' title="bbox 456 3898 2069 3972">
     <span class='ocr_line' id='line_1_72' title="bbox 456 3898 2069 3972; baseline 0.004 -21"><span class='ocrx_word' id='word_1_563' title='bbox 456 3898 669 3968; x_wconf 75' lang='grc' dir='ltr'><strong>-ζωῆςο</strong></span> <span class='ocrx_word' id='word_1_564' title='bbox 701 3898 807 3952; x_wconf 84' lang='grc' dir='ltr'>τῶν</span> <span class='ocrx_word' id='word_1_565' title='bbox 848 3901 904 3952; x_wconf 81' lang='grc' dir='ltr'><strong>δὲ</strong></span> <span class='ocrx_word' id='word_1_566' title='bbox 941 3900 1030 3953; x_wconf 77' lang='grc' dir='ltr'><strong>διὰ</strong></span> <span class='ocrx_word' id='word_1_567' title='bbox 1071 3900 1244 3954; x_wconf 88' lang='grc' dir='ltr'>ταῦτα</span> <span class='ocrx_word' id='word_1_568' title='bbox 1287 3901 1613 3956; x_wconf 80' lang='grc' dir='ltr'>κτισῡέντων</span> <span class='ocrx_word' id='word_1_569' title='bbox 1658 3903 1727 3956; x_wconf 78' lang='grc' dir='ltr'>τὰ</span> <span class='ocrx_word' id='word_1_570' title='bbox 1760 3902 1952 3972; x_wconf 86' lang='grc' dir='ltr'>φύλλα,</span> <span class='ocrx_word' id='word_1_571' title='bbox 1995 3898 2069 3958; x_wconf 79' lang='grc' dir='ltr'>ὧν</span> 
     </span>
    </p>
   </div>
   <div class='ocr_carea' id='block_1_73' title="bbox 492 3991 2068 4069">
    <p class='ocr_par' dir='ltr' id='par_1_73' title="bbox 492 3991 2068 4069">
     <span class='ocr_line' id='line_1_73' title="bbox 492 3991 2068 4069; baseline 0.005 -26"><span class='ocrx_word' id='word_1_572' title='bbox 492 3991 642 4044; x_wconf 80' lang='grc' dir='ltr'>οὐδὲν</span> <span class='ocrx_word' id='word_1_573' title='bbox 681 3991 906 4062; x_wconf 85' lang='grc' dir='ltr'>μάταιόν</span> <span class='ocrx_word' id='word_1_574' title='bbox 931 3993 1098 4058; x_wconf 76' lang='grc' dir='ltr'>ἐστιν,</span> <span class='ocrx_word' id='word_1_575' title='bbox 1129 3993 1250 4046; x_wconf 78' lang='grc' dir='ltr'>οὐδὲ</span> <span class='ocrx_word' id='word_1_576' title='bbox 1284 3994 1678 4057; x_wconf 78' lang='grc' dir='ltr'>ὲξουθενεῖσθαι</span> <span class='ocrx_word' id='word_1_577' title='bbox 1707 3997 1881 4069; x_wconf 85' lang='grc' dir='ltr'>πάντη</span> <span class='ocrx_word' id='word_1_578' title='bbox 1920 3996 2068 4061; x_wconf 79' lang='grc' dir='ltr'>ἄξιον</span> 
     </span>
    </p>
   </div>
   <div class='ocr_carea' id='block_1_74' title="bbox 493 4079 2071 4159">
    <p class='ocr_par' dir='ltr' id='par_1_74' title="bbox 493 4079 2071 4159">
     <span class='ocr_line' id='line_1_74' title="bbox 493 4079 2071 4159; baseline 0.004 -27"><span class='ocrx_word' id='word_1_579' title='bbox 493 4079 568 4145; x_wconf 76' lang='grc' dir='ltr'>ὡς</span> <span class='ocrx_word' id='word_1_580' title='bbox 592 4081 826 4145; x_wconf 79' lang='grc' dir='ltr'>εὐτελὲς,</span> <span class='ocrx_word' id='word_1_581' title='bbox 856 4082 941 4134; x_wconf 82' lang='grc' dir='ltr'><strong>ἵνα</strong></span> <span class='ocrx_word' id='word_1_582' title='bbox 969 4082 1095 4154; x_wconf 82' lang='grc' dir='ltr'>ἕλοῃ</span> <span class='ocrx_word' id='word_1_583' title='bbox 1122 4084 1342 4136; x_wconf 88' lang='grc' dir='ltr'>πίπτειν</span> <span class='ocrx_word' id='word_1_584' title='bbox 1375 4086 1470 4138; x_wconf 75' lang='grc' dir='ltr'><strong>καὶ</strong></span> <span class='ocrx_word' id='word_1_585' title='bbox 1507 4087 1770 4158; x_wconf 76' lang='grc' dir='ltr'>ἀπορρεῖν</span> <span class='ocrx_word' id='word_1_586' title='bbox 1803 4088 1877 4158; x_wconf 86' lang='grc' dir='ltr'><strong>μὴ</strong></span> <span class='ocrx_word' id='word_1_587' title='bbox 1913 4104 2071 4159; x_wconf 83' lang='grc' dir='ltr'>φρου-</span> 
     </span>
    </p>
   </div>
   <div class='ocr_carea' id='block_1_75' title="bbox 494 4173 2067 4249">
    <p class='ocr_par' dir='ltr' id='par_1_75' title="bbox 494 4173 2067 4249">
     <span class='ocr_line' id='line_1_75' title="bbox 494 4173 2067 4249; baseline 0.004 -23"><span class='ocrx_word' id='word_1_588' title='bbox 494 4173 772 4244; x_wconf 79' lang='grc' dir='ltr'>ρούμενον.</span> <span class='ocrx_word' id='word_1_589' title='bbox 809 4176 918 4228; x_wconf 78' lang='grc' dir='ltr'><strong>Καὶ</strong></span> <span class='ocrx_word' id='word_1_590' title='bbox 950 4174 1030 4229; x_wconf 82' lang='grc' dir='ltr'>ἔτι</span> <span class='ocrx_word' id='word_1_591' title='bbox 1058 4175 1255 4246; x_wconf 82' lang='grc' dir='ltr'>μᾶλλον</span> <span class='ocrx_word' id='word_1_592' title='bbox 1291 4177 1350 4230; x_wconf 70' lang='grc' dir='ltr'>τὸ</span> <span class='ocrx_word' id='word_1_593' title='bbox 1385 4178 1538 4249; x_wconf 78' lang='grc' dir='ltr'>ἑξῆς·</span> <span class='ocrx_word' id='word_1_594' title='bbox 1583 4198 1600 4229; x_wconf 82' lang='grc' dir='ltr'><strong>ι</strong></span> <span class='ocrx_word' id='word_1_595' title='bbox 1629 4178 1733 4232; x_wconf 73' lang='grc' dir='ltr'>Καὶ</span> <span class='ocrx_word' id='word_1_596' title='bbox 1767 4181 1942 4233; x_wconf 89' lang='grc' dir='ltr'>πάντα</span> <span class='ocrx_word' id='word_1_597' title='bbox 1967 4182 2067 4233; x_wconf 82' lang='grc' dir='ltr'><strong>ὅσα</strong></span> 
     </span>
    </p>
   </div>
   <div class='ocr_carea' id='block_1_76' title="bbox 494 4266 2069 4342">
    <p class='ocr_par' dir='ltr' id='par_1_76' title="bbox 494 4266 2069 4342">
     <span class='ocr_line' id='line_1_76' title="bbox 494 4266 2069 4342; baseline 0.004 -24"><span class='ocrx_word' id='word_1_598' title='bbox 494 4266 560 4318; x_wconf 80' lang='grc' dir='ltr'>ειν</span> <span class='ocrx_word' id='word_1_599' title='bbox 616 4270 740 4338; x_wconf 83' lang='grc' dir='ltr'>ποιῇ</span> <span class='ocrx_word' id='word_1_600' title='bbox 805 4267 1320 4340; x_wconf 82' lang='grc' dir='ltr'>κατευοδωθήσεται.</span> <span class='ocrx_word' id='word_1_601' title='bbox 1351 4287 1368 4319; x_wconf 70' lang='grc' dir='ltr'><strong>ι</strong></span> <span class='ocrx_word' id='word_1_602' title='bbox 1423 4270 1579 4324; x_wconf 85' lang='grc' dir='ltr'>Ἔστι</span> <span class='ocrx_word' id='word_1_603' title='bbox 1637 4271 1745 4342; x_wconf 82' lang='grc' dir='ltr'>γὰρ</span> <span class='ocrx_word' id='word_1_604' title='bbox 1810 4271 1890 4335; x_wconf 80' lang='grc' dir='ltr'><strong>είς</strong></span> <span class='ocrx_word' id='word_1_605' title='bbox 1948 4289 2069 4324; x_wconf 85' lang='grc' dir='ltr'>τινα</span> 
     </span>
    </p>
   </div>
   <div class='ocr_carea' id='block_1_77' title="bbox 493 4360 2070 4434">
    <p class='ocr_par' dir='ltr' id='par_1_77' title="bbox 493 4360 2070 4434">
     <span class='ocr_line' id='line_1_77' title="bbox 493 4360 2070 4434; baseline 0.001 -21"><span class='ocrx_word' id='word_1_606' title='bbox 493 4360 763 4428; x_wconf 77' lang='grc' dir='ltr'>ἀναγκαῖα</span> <span class='ocrx_word' id='word_1_607' title='bbox 793 4361 1240 4434; x_wconf 80' lang='grc' dir='ltr'>καταχρήσασθαι</span> <span class='ocrx_word' id='word_1_608' title='bbox 1275 4361 1368 4416; x_wconf 73' lang='grc' dir='ltr'><strong>καὶ</strong></span> <span class='ocrx_word' id='word_1_609' title='bbox 1400 4365 1534 4416; x_wconf 78' lang='grc' dir='ltr'>πᾶσι</span> <span class='ocrx_word' id='word_1_610' title='bbox 1578 4363 1692 4427; x_wconf 87' lang='grc' dir='ltr'>τοῖς</span> <span class='ocrx_word' id='word_1_611' title='bbox 1725 4365 1789 4417; x_wconf 81' lang='grc' dir='ltr'>ἐκ</span> <span class='ocrx_word' id='word_1_612' title='bbox 1817 4361 1910 4416; x_wconf 85' lang='grc' dir='ltr'><strong>τοῦ</strong></span> <span class='ocrx_word' id='word_1_613' title='bbox 1939 4365 2070 4418; x_wconf 85' lang='grc' dir='ltr'>ἀκο-</span> 
     </span>
    </p>
   </div>
   <div class='ocr_carea' id='block_1_78' title="bbox 492 4449 2067 4525">
    <p class='ocr_par' dir='ltr' id='par_1_78' title="bbox 492 4449 2067 4525">
     <span class='ocr_line' id='line_1_78' title="bbox 492 4449 2067 4525; baseline 0.001 -24"><span class='ocrx_word' id='word_1_614' title='bbox 492 4449 828 4521; x_wconf 87' lang='grc' dir='ltr'>λουθήματος</span> <span class='ocrx_word' id='word_1_615' title='bbox 848 4451 1180 4522; x_wconf 86' lang='grc' dir='ltr'>γενομένοις.</span> <span class='ocrx_word' id='word_1_616' title='bbox 1208 4451 1432 4522; x_wconf 85' lang='grc' dir='ltr'>Καρπὺς</span> <span class='ocrx_word' id='word_1_617' title='bbox 1473 4451 1528 4505; x_wconf 79' lang='grc' dir='ltr'>δὲ</span> <span class='ocrx_word' id='word_1_618' title='bbox 1572 4452 1665 4506; x_wconf 90' lang='grc' dir='ltr'><strong>τοῦ</strong></span> <span class='ocrx_word' id='word_1_619' title='bbox 1714 4451 1949 4525; x_wconf 80' lang='grc' dir='ltr'>Χριστοῦ</span> <span class='ocrx_word' id='word_1_620' title='bbox 1983 4450 2067 4522; x_wconf 78' lang='grc' dir='ltr'><strong>εἴη</strong></span> 
     </span>
    </p>
   </div>
   <div class='ocr_carea' id='block_1_79' title="bbox 493 4539 2068 4614">
    <p class='ocr_par' dir='ltr' id='par_1_79' title="bbox 493 4539 2068 4614">
     <span class='ocr_line' id='line_1_79' title="bbox 493 4539 2068 4614; baseline 0 -20"><span class='ocrx_word' id='word_1_621' title='bbox 493 4539 559 4595; x_wconf 77' lang='grc' dir='ltr'><strong>ἂν</strong></span> <span class='ocrx_word' id='word_1_622' title='bbox 587 4543 1076 4614; x_wconf 82' lang='grc' dir='ltr'>προηγουμένωςή</span> <span class='ocrx_word' id='word_1_623' title='bbox 1109 4542 1449 4608; x_wconf 85' lang='grc' dir='ltr'>διδασκαλία,</span> <span class='ocrx_word' id='word_1_624' title='bbox 1493 4545 1524 4614; x_wconf 88' lang='grc' dir='ltr'><strong>ή</strong></span> <span class='ocrx_word' id='word_1_625' title='bbox 1572 4543 1680 4596; x_wconf 83' lang='grc' dir='ltr'><strong>τῶν</strong></span> <span class='ocrx_word' id='word_1_626' title='bbox 1728 4543 2068 4614; x_wconf 81' lang='grc' dir='ltr'>τιμιωτέρων</span> 
     </span>
    </p>
   </div>
   <div class='ocr_carea' id='block_1_80' title="bbox 493 4632 2072 4708">
    <p class='ocr_par' dir='ltr' id='par_1_80' title="bbox 493 4632 2072 4708">
     <span class='ocr_line' id='line_1_80' title="bbox 493 4632 2072 4708; baseline 0.003 -22"><span class='ocrx_word' id='word_1_627' title='bbox 493 4632 687 4706; x_wconf 81' lang='grc' dir='ltr'>τροφὴ,</span> <span class='ocrx_word' id='word_1_628' title='bbox 723 4633 918 4703; x_wconf 85' lang='grc' dir='ltr'>φύλλον</span> <span class='ocrx_word' id='word_1_629' title='bbox 948 4633 1003 4688; x_wconf 83' lang='grc' dir='ltr'>δὲ</span> <span class='ocrx_word' id='word_1_630' title='bbox 1044 4636 1077 4705; x_wconf 76' lang='grc' dir='ltr'>ἡ</span> <span class='ocrx_word' id='word_1_631' title='bbox 1107 4634 1214 4688; x_wconf 81' lang='grc' dir='ltr'><strong>τῶν</strong></span> <span class='ocrx_word' id='word_1_632' title='bbox 1254 4634 1606 4707; x_wconf 85' lang='grc' dir='ltr'>ἁλογωτέρων</span> <span class='ocrx_word' id='word_1_633' title='bbox 1637 4636 1812 4706; x_wconf 83' lang='grc' dir='ltr'>τροφή</span> <span class='ocrx_word' id='word_1_634' title='bbox 1834 4653 1846 4665; x_wconf 91' lang='grc'><strong>·</strong></span> <span class='ocrx_word' id='word_1_635' title='bbox 1884 4633 2072 4708; x_wconf 80' lang='grc' dir='ltr'>ὥσπερ</span> 
     </span>
    </p>
   </div>
   <div class='ocr_carea' id='block_1_81' title="bbox 494 4725 2072 4798">
    <p class='ocr_par' dir='ltr' id='par_1_81' title="bbox 494 4725 2072 4798">
     <span class='ocr_line' id='line_1_81' title="bbox 494 4725 2072 4798; baseline 0.003 -22"><span class='ocrx_word' id='word_1_636' title='bbox 494 4725 608 4788; x_wconf 85' lang='grc' dir='ltr'>τοῖς</span> <span class='ocrx_word' id='word_1_637' title='bbox 664 4728 896 4797; x_wconf 82' lang='grc' dir='ltr'>καρποῖς</span> <span class='ocrx_word' id='word_1_638' title='bbox 944 4725 1182 4798; x_wconf 83' lang='grc' dir='ltr'>χρῶνται</span> <span class='ocrx_word' id='word_1_639' title='bbox 1227 4728 1276 4780; x_wconf 83' lang='lat' dir='ltr'><strong>oi</strong></span> <span class='ocrx_word' id='word_1_640' title='bbox 1312 4726 1614 4798; x_wconf 58' lang='grc' dir='ltr'>ἄνθρωποι,</span> <span class='ocrx_word' id='word_1_641' title='bbox 1648 4726 1868 4796; x_wconf 85' lang='grc' dir='ltr'>φύλλοις</span> <span class='ocrx_word' id='word_1_642' title='bbox 1900 4728 1956 4781; x_wconf 83' lang='grc' dir='ltr'>δὲ</span> <span class='ocrx_word' id='word_1_643' title='bbox 2003 4729 2072 4782; x_wconf 83' lang='grc' dir='ltr'><strong>τά</strong></span> 
     </span>
    </p>
   </div>
   <div class='ocr_carea' id='block_1_82' title="bbox 498 4816 2072 4890">
    <p class='ocr_par' dir='ltr' id='par_1_82' title="bbox 498 4816 2072 4890">
     <span class='ocr_line' id='line_1_82' title="bbox 498 4816 2072 4890; baseline 0.001 -20"><span class='ocrx_word' id='word_1_644' title='bbox 498 4816 839 4890; x_wconf 87' lang='grc' dir='ltr'>βοσκήματα.</span> <span class='ocrx_word' id='word_1_645' title='bbox 895 4820 1129 4872; x_wconf 87' lang='grc' dir='ltr'>Δυνατὸν</span> <span class='ocrx_word' id='word_1_646' title='bbox 1161 4819 1218 4872; x_wconf 81' lang='grc' dir='ltr'><strong>δὲ</strong></span> <span class='ocrx_word' id='word_1_647' title='bbox 1263 4821 1357 4874; x_wconf 69' lang='grc' dir='ltr'><strong>καὶ</strong></span> <span class='ocrx_word' id='word_1_648' title='bbox 1403 4821 1500 4890; x_wconf 80' lang='grc' dir='ltr'><strong>τῆς</strong></span> <span class='ocrx_word' id='word_1_649' title='bbox 1554 4819 1776 4890; x_wconf 83' lang='grc' dir='ltr'>Γραφῆς</span> <span class='ocrx_word' id='word_1_650' title='bbox 1825 4822 2072 4890; x_wconf 85' lang='grc' dir='ltr'>καρπούς</span> 
     </span>
    </p>
   </div>
   <div class='ocr_carea' id='block_1_83' title="bbox 495 4909 2072 4984">
    <p class='ocr_par' dir='ltr' id='par_1_83' title="bbox 495 4909 2072 4984">
     <span class='ocr_line' id='line_1_83' title="bbox 495 4909 2072 4984; baseline 0 -20"><span class='ocrx_word' id='word_1_651' title='bbox 495 4927 646 4975; x_wconf 89' lang='grc' dir='ltr'>τινας</span> <span class='ocrx_word' id='word_1_652' title='bbox 692 4910 893 4979; x_wconf 82' lang='grc' dir='ltr'>λέγειν,</span> <span class='ocrx_word' id='word_1_653' title='bbox 942 4911 1034 4976; x_wconf 67' lang='lat' dir='ltr'><strong>oin;</strong></span> <span class='ocrx_word' id='word_1_654' title='bbox 1095 4912 1526 4984; x_wconf 72' lang='grc' dir='ltr'>ὲκλαμϐάνουσιν</span> <span class='ocrx_word' id='word_1_655' title='bbox 1579 4913 1628 4964; x_wconf 83' lang='grc' dir='ltr'>οἱ</span> <span class='ocrx_word' id='word_1_656' title='bbox 1676 4909 2030 4982; x_wconf 84' lang='grc' dir='ltr'>λογικώτεροι</span> <span class='ocrx_word' id='word_1_657' title='bbox 2058 4925 2072 4938; x_wconf 74' lang='grc'><strong>⁸</strong></span> 
     </span>
    </p>
   </div>
   <div class='ocr_carea' id='block_1_84' title="bbox 497 4996 2070 5072">
    <p class='ocr_par' dir='ltr' id='par_1_84' title="bbox 497 4996 2070 5072">
     <span class='ocr_line' id='line_1_84' title="bbox 497 4996 2070 5072; baseline 0.001 -20"><span class='ocrx_word' id='word_1_658' title='bbox 497 5001 667 5070; x_wconf 82' lang='grc' dir='ltr'>φύλλα</span> <span class='ocrx_word' id='word_1_659' title='bbox 702 5002 758 5054; x_wconf 82' lang='grc' dir='ltr'>δὲ</span> <span class='ocrx_word' id='word_1_660' title='bbox 797 4996 878 5064; x_wconf 73' lang='grc' dir='ltr'>οἷς</span> <span class='ocrx_word' id='word_1_661' title='bbox 915 5001 1208 5071; x_wconf 84' lang='grc' dir='ltr'>τρέφονται</span> <span class='ocrx_word' id='word_1_662' title='bbox 1229 5002 1283 5054; x_wconf 84' lang='grc' dir='ltr'><strong>ὀί</strong></span> <span class='ocrx_word' id='word_1_663' title='bbox 1317 5001 1692 5072; x_wconf 84' lang='grc' dir='ltr'>ὰπλούστεροι.</span> <span class='ocrx_word' id='word_1_664' title='bbox 1731 4999 1836 5052; x_wconf 91' lang='grc' dir='ltr'>Τοῦ</span> <span class='ocrx_word' id='word_1_665' title='bbox 1864 4999 1918 5052; x_wconf 81' lang='grc' dir='ltr'>δὲ</span> <span class='ocrx_word' id='word_1_666' title='bbox 1963 5017 2070 5070; x_wconf 84' lang='grc' dir='ltr'>μα-</span> 
     </span>
    </p>
   </div>
   <div class='ocr_carea' id='block_1_85' title="bbox 499 5089 2069 5163">
    <p class='ocr_par' dir='ltr' id='par_1_85' title="bbox 499 5089 2069 5163">
     <span class='ocr_line' id='line_1_85' title="bbox 499 5089 2069 5163; baseline 0 -19"><span class='ocrx_word' id='word_1_667' title='bbox 499 5089 857 5163; x_wconf 80' lang='grc' dir='ltr'>καριζομένου</span> <span class='ocrx_word' id='word_1_668' title='bbox 909 5093 1002 5146; x_wconf 73' lang='grc' dir='ltr'><strong>καὶ</strong></span> <span class='ocrx_word' id='word_1_669' title='bbox 1058 5091 1411 5162; x_wconf 84' lang='grc' dir='ltr'>ὡμοιωμένου</span> <span class='ocrx_word' id='word_1_670' title='bbox 1455 5092 1534 5163; x_wconf 80' lang='grc' dir='ltr'><strong>τῷ</strong></span> <span class='ocrx_word' id='word_1_671' title='bbox 1590 5091 1731 5162; x_wconf 84' lang='grc' dir='ltr'>ξύλῳ</span> <span class='ocrx_word' id='word_1_672' title='bbox 1779 5091 1875 5162; x_wconf 80' lang='grc' dir='ltr'>τῆς</span> <span class='ocrx_word' id='word_1_673' title='bbox 1926 5091 2069 5162; x_wconf 75' lang='grc' dir='ltr'>ζωῆς</span> 
     </span>
    </p>
   </div>
   <div class='ocr_carea' id='block_1_86' title="bbox 498 5175 2072 5254">
    <p class='ocr_par' dir='ltr' id='par_1_86' title="bbox 498 5175 2072 5254">
     <span class='ocr_line' id='line_1_86' title="bbox 498 5175 2072 5254; baseline 0 -20"><span class='ocrx_word' id='word_1_674' title='bbox 498 5181 706 5252; x_wconf 75' lang='grc' dir='ltr'>καρπὸς</span> <span class='ocrx_word' id='word_1_675' title='bbox 739 5183 835 5252; x_wconf 75' lang='grc' dir='ltr'><strong>μὲν</strong></span> <span class='ocrx_word' id='word_1_676' title='bbox 877 5181 1087 5250; x_wconf 85' lang='grc' dir='ltr'>λέγοιτο</span> <span class='ocrx_word' id='word_1_677' title='bbox 1113 5181 1182 5234; x_wconf 85' lang='grc' dir='ltr'>τὰ</span> <span class='ocrx_word' id='word_1_678' title='bbox 1225 5182 1613 5254; x_wconf 85' lang='grc' dir='ltr'>προηγούμενα</span> <span class='ocrx_word' id='word_1_679' title='bbox 1651 5182 1807 5254; x_wconf 77' lang='grc' dir='ltr'>ἔργα,</span> <span class='ocrx_word' id='word_1_680' title='bbox 1837 5175 1948 5234; x_wconf 68' lang='grc' dir='ltr'>οἷον</span> <span class='ocrx_word' id='word_1_681' title='bbox 1991 5182 2072 5234; x_wconf 82' lang='grc' dir='ltr'><strong>εὐ-</strong></span> 
     </span>
    </p>
   </div>
   <div class='ocr_carea' id='block_1_87' title="bbox 500 5270 2071 5344">
    <p class='ocr_par' dir='ltr' id='par_1_87' title="bbox 500 5270 2071 5344">
     <span class='ocr_line' id='line_1_87' title="bbox 500 5270 2071 5344; baseline 0.001 -22"><span class='ocrx_word' id='word_1_682' title='bbox 500 5270 670 5338; x_wconf 86' lang='grc' dir='ltr'>ποιία,</span> <span class='ocrx_word' id='word_1_683' title='bbox 703 5273 795 5325; x_wconf 72' lang='grc' dir='ltr'>καὶ</span> <span class='ocrx_word' id='word_1_684' title='bbox 828 5275 955 5343; x_wconf 75' lang='grc' dir='ltr'>περὶ</span> <span class='ocrx_word' id='word_1_685' title='bbox 1005 5273 1104 5344; x_wconf 81' lang='grc' dir='ltr'><strong>τὴν</strong></span> <span class='ocrx_word' id='word_1_686' title='bbox 1149 5273 1340 5341; x_wconf 90' lang='grc' dir='ltr'>σοφίαν</span> <span class='ocrx_word' id='word_1_687' title='bbox 1379 5273 1604 5343; x_wconf 84' lang='grc' dir='ltr'>ἀσχολία</span> <span class='ocrx_word' id='word_1_688' title='bbox 1627 5290 1640 5303; x_wconf 76' lang='grc' dir='ltr'><strong>ο</strong></span> <span class='ocrx_word' id='word_1_689' title='bbox 1690 5272 1862 5341; x_wconf 88' lang='grc' dir='ltr'>φύλλα</span> <span class='ocrx_word' id='word_1_690' title='bbox 1908 5271 1966 5323; x_wconf 86' lang='grc' dir='ltr'>δὲ</span> <span class='ocrx_word' id='word_1_691' title='bbox 2005 5270 2071 5324; x_wconf 78' lang='grc' dir='ltr'>τὰ</span> 
     </span>
    </p>
   </div>
   <div class='ocr_carea' id='block_1_88' title="bbox 501 5362 2071 5436">
    <p class='ocr_par' dir='ltr' id='par_1_88' title="bbox 501 5362 2071 5436">
     <span class='ocr_line' id='line_1_88' title="bbox 501 5362 2071 5436; baseline 0.001 -21"><span class='ocrx_word' id='word_1_692' title='bbox 501 5363 728 5432; x_wconf 75' lang='grc' dir='ltr'>βιωτικὰ</span> <span class='ocrx_word' id='word_1_693' title='bbox 769 5364 935 5417; x_wconf 80' lang='grc' dir='ltr'>αὐτοῦ</span> <span class='ocrx_word' id='word_1_694' title='bbox 979 5366 1276 5436; x_wconf 86' lang='grc' dir='ltr'>κινήματα,</span> <span class='ocrx_word' id='word_1_695' title='bbox 1325 5365 1445 5417; x_wconf 84' lang='grc' dir='ltr'>οὐδὲ</span> <span class='ocrx_word' id='word_1_696' title='bbox 1497 5364 1670 5418; x_wconf 87' lang='grc' dir='ltr'>ταῦτα</span> <span class='ocrx_word' id='word_1_697' title='bbox 1719 5362 1846 5429; x_wconf 78' lang='grc' dir='ltr'>ἄξια</span> <span class='ocrx_word' id='word_1_698' title='bbox 1902 5381 2071 5416; x_wconf 90' lang='grc' dir='ltr'>κατα-</span> 
     </span>
    </p>
   </div>
   <div class='ocr_carea' id='block_1_89' title="bbox 2102 4587 2149 4645">
    <p class='ocr_par' dir='ltr' id='par_1_89' title="bbox 2102 4587 2149 4645">
     <span class='ocr_line' id='line_1_89' title="bbox 2102 4587 2149 4645; baseline 0 0"><span class='ocrx_word' id='word_1_699' title='bbox 2102 4587 2149 4645; x_wconf 87' lang='lat' dir='ltr'><strong>D</strong></span> 
     </span>
    </p>
   </div>
   <div class='ocr_carea' id='block_1_90' title="bbox 2179 3346 3754 3418">
    <p class='ocr_par' dir='ltr' id='par_1_90' title="bbox 2179 3346 3754 3418">
     <span class='ocr_line' id='line_1_90' title="bbox 2179 3346 3754 3418; baseline 0.006 -20"><span class='ocrx_word' id='word_1_700' title='bbox 2179 3346 2376 3400; x_wconf 87' lang='lat' dir='ltr'><strong>animal</strong></span> <span class='ocrx_word' id='word_1_701' title='bbox 2430 3347 2713 3414; x_wconf 82' lang='lat' dir='ltr'><strong>rationale,</strong></span> <span class='ocrx_word' id='word_1_702' title='bbox 2753 3350 2823 3402; x_wconf 88' lang='lat' dir='ltr'><strong>ob</strong></span> <span class='ocrx_word' id='word_1_703' title='bbox 2876 3349 3220 3403; x_wconf 87' lang='lat' dir='ltr'><strong>commodum</strong></span> <span class='ocrx_word' id='word_1_704' title='bbox 3267 3358 3452 3404; x_wconf 87' lang='lat' dir='ltr'><strong>autem</strong></span> <span class='ocrx_word' id='word_1_705' title='bbox 3508 3350 3624 3418; x_wconf 89' lang='lat' dir='ltr'><strong>ejus</strong></span> <span class='ocrx_word' id='word_1_706' title='bbox 3656 3353 3754 3407; x_wconf 84' lang='lat' dir='ltr'><strong>be-</strong></span> 
     </span>
    </p>
   </div>
   <div class='ocr_carea' id='block_1_91' title="bbox 2178 3439 3752 3514">
    <p class='ocr_par' dir='ltr' id='par_1_91' title="bbox 2178 3439 3752 3514">
     <span class='ocr_line' id='line_1_91' title="bbox 2178 3439 3752 3514; baseline 0.004 -22"><span class='ocrx_word' id='word_1_707' title='bbox 2178 3439 2294 3492; x_wconf 66' lang='lat' dir='ltr'><strong>stia:</strong></span> <span class='ocrx_word' id='word_1_708' title='bbox 2334 3450 2386 3493; x_wconf 91' lang='lat' dir='ltr'><strong>et</strong></span> <span class='ocrx_word' id='word_1_709' title='bbox 2417 3439 2627 3496; x_wconf 86' lang='lat' dir='ltr'><strong>fructus</strong></span> <span class='ocrx_word' id='word_1_710' title='bbox 2660 3449 2835 3496; x_wconf 71' lang='lat' dir='ltr'><strong>terrae.</strong></span> <span class='ocrx_word' id='word_1_711' title='bbox 2861 3439 3024 3495; x_wconf 87' lang='lat' dir='ltr'><strong>Forte</strong></span> <span class='ocrx_word' id='word_1_712' title='bbox 3049 3455 3181 3512; x_wconf 80' lang='lat' dir='ltr'><strong>ergo</strong></span> <span class='ocrx_word' id='word_1_713' title='bbox 3209 3442 3422 3496; x_wconf 87' lang='lat' dir='ltr'><strong>illorum</strong></span> <span class='ocrx_word' id='word_1_714' title='bbox 3464 3459 3580 3512; x_wconf 78' lang='lat' dir='ltr'><strong>qua:</strong></span> <span class='ocrx_word' id='word_1_715' title='bbox 3619 3459 3752 3514; x_wconf 72' lang='lat' dir='ltr'><strong>pra:-</strong></span> 
     </span>
    </p>
   </div>
   <div class='ocr_carea' id='block_1_92' title="bbox 2180 3533 3746 3608">
    <p class='ocr_par' dir='ltr' id='par_1_92' title="bbox 2180 3533 3746 3608">
     <span class='ocr_line' id='line_1_92' title="bbox 2180 3533 3746 3608; baseline 0.006 -24"><span class='ocrx_word' id='word_1_716' title='bbox 2180 3533 2337 3600; x_wconf 89' lang='lat' dir='ltr'><strong>cipue</strong></span> <span class='ocrx_word' id='word_1_717' title='bbox 2379 3534 2516 3586; x_wconf 86' lang='lat' dir='ltr'><strong>facta</strong></span> <span class='ocrx_word' id='word_1_718' title='bbox 2551 3542 2701 3601; x_wconf 84' lang='lat' dir='ltr'><strong>sunt,</strong></span> <span class='ocrx_word' id='word_1_719' title='bbox 2730 3538 2991 3600; x_wconf 82' lang='lat' dir='ltr'><strong>rationes,</strong></span> <span class='ocrx_word' id='word_1_720' title='bbox 3021 3535 3231 3591; x_wconf 88' lang='lat' dir='ltr'><strong>fructus</strong></span> <span class='ocrx_word' id='word_1_721' title='bbox 3265 3547 3392 3591; x_wconf 87' lang='lat' dir='ltr'><strong>sunt</strong></span> <span class='ocrx_word' id='word_1_722' title='bbox 3421 3537 3550 3608; x_wconf 75' lang='lat' dir='ltr'><strong>ligni</strong></span> <span class='ocrx_word' id='word_1_723' title='bbox 3581 3539 3746 3604; x_wconf 71' lang='lat' dir='ltr'><strong>vitae;</strong></span> 
     </span>
    </p>
   </div>
   <div class='ocr_carea' id='block_1_93' title="bbox 2181 3627 3750 3696">
    <p class='ocr_par' dir='ltr' id='par_1_93' title="bbox 2181 3627 3750 3696">
     <span class='ocr_line' id='line_1_93' title="bbox 2181 3627 3750 3696; baseline 0.004 -20"><span class='ocrx_word' id='word_1_724' title='bbox 2181 3636 2369 3678; x_wconf 86' lang='lat' dir='ltr'><strong>eorum</strong></span> <span class='ocrx_word' id='word_1_725' title='bbox 2410 3639 2540 3680; x_wconf 82' lang='lat' dir='ltr'><strong>vero</strong></span> <span class='ocrx_word' id='word_1_726' title='bbox 2591 3641 2708 3696; x_wconf 74' lang='lat' dir='ltr'><strong>qua:</strong></span> <span class='ocrx_word' id='word_1_727' title='bbox 2749 3629 2816 3681; x_wconf 91' lang='lat' dir='ltr'><strong>ob</strong></span> <span class='ocrx_word' id='word_1_728' title='bbox 2852 3629 2937 3681; x_wconf 87' lang='lat' dir='ltr'><strong>illa</strong></span> <span class='ocrx_word' id='word_1_729' title='bbox 2969 3627 3110 3682; x_wconf 86' lang='lat' dir='ltr'><strong>facta</strong></span> <span class='ocrx_word' id='word_1_730' title='bbox 3139 3639 3290 3692; x_wconf 90' lang='lat' dir='ltr'><strong>sunt,</strong></span> <span class='ocrx_word' id='word_1_731' title='bbox 3324 3631 3588 3695; x_wconf 80' lang='lat' dir='ltr'><strong>rationes,</strong></span> <span class='ocrx_word' id='word_1_732' title='bbox 3623 3629 3750 3684; x_wconf 75' lang='lat' dir='ltr'><strong>folia</strong></span> 
     </span>
    </p>
   </div>
   <div class='ocr_carea' id='block_1_94' title="bbox 2180 3717 3749 3784">
    <p class='ocr_par' dir='ltr' id='par_1_94' title="bbox 2180 3717 3749 3784">
     <span class='ocr_line' id='line_1_94' title="bbox 2180 3717 3749 3784; baseline 0.006 -19"><span class='ocrx_word' id='word_1_733' title='bbox 2180 3725 2327 3778; x_wconf 84' lang='lat' dir='ltr'><strong>sunt,</strong></span> <span class='ocrx_word' id='word_1_734' title='bbox 2375 3731 2607 3784; x_wconf 87' lang='lat' dir='ltr'><strong>quorum</strong></span> <span class='ocrx_word' id='word_1_735' title='bbox 2645 3719 2848 3772; x_wconf 72' lang='lat' dir='ltr'><strong>nultum</strong></span> <span class='ocrx_word' id='word_1_736' title='bbox 2895 3719 3108 3781; x_wconf 84' lang='lat' dir='ltr'><strong>inutile,</strong></span> <span class='ocrx_word' id='word_1_737' title='bbox 3152 3717 3358 3773; x_wconf 84' lang='lat' dir='ltr'><strong>nulium</strong></span> <span class='ocrx_word' id='word_1_738' title='bbox 3393 3729 3749 3774; x_wconf 76' lang='lat' dir='ltr'><strong>contemnen-</strong></span> 
     </span>
    </p>
   </div>
   <div class='ocr_carea' id='block_1_95' title="bbox 2181 3806 3747 3879">
    <p class='ocr_par' dir='ltr' id='par_1_95' title="bbox 2181 3806 3747 3879">
     <span class='ocr_line' id='line_1_95' title="bbox 2181 3806 3747 3879; baseline 0.003 -19"><span class='ocrx_word' id='word_1_739' title='bbox 2181 3806 2306 3860; x_wconf 83' lang='lat' dir='ltr'><strong>dum</strong></span> <span class='ocrx_word' id='word_1_740' title='bbox 2334 3817 2593 3876; x_wconf 87' lang='lat' dir='ltr'><strong>tanquam</strong></span> <span class='ocrx_word' id='word_1_741' title='bbox 2626 3809 2750 3872; x_wconf 84' lang='lat' dir='ltr'><strong>vile,</strong></span> <span class='ocrx_word' id='word_1_742' title='bbox 2789 3818 2848 3862; x_wconf 87' lang='lat' dir='ltr'><strong>ut</strong></span> <span class='ocrx_word' id='word_1_743' title='bbox 2882 3826 2993 3879; x_wconf 80' lang='lat' dir='ltr'><strong>prze</strong></span> <span class='ocrx_word' id='word_1_744' title='bbox 3018 3810 3227 3864; x_wconf 85' lang='lat' dir='ltr'><strong>incuria</strong></span> <span class='ocrx_word' id='word_1_745' title='bbox 3256 3811 3416 3864; x_wconf 84' lang='lat' dir='ltr'><strong>cadat</strong></span> <span class='ocrx_word' id='word_1_746' title='bbox 3445 3819 3502 3866; x_wconf 89' lang='lat' dir='ltr'><strong>et</strong></span> <span class='ocrx_word' id='word_1_747' title='bbox 3531 3810 3747 3866; x_wconf 84' lang='lat' dir='ltr'><strong>deﬂuat.</strong></span> 
     </span>
    </p>
   </div>
   <div class='ocr_carea' id='block_1_96' title="bbox 2179 3898 3748 3972">
    <p class='ocr_par' dir='ltr' id='par_1_96' title="bbox 2179 3898 3748 3972">
     <span class='ocr_line' id='line_1_96' title="bbox 2179 3898 3748 3972; baseline 0.003 -20"><span class='ocrx_word' id='word_1_748' title='bbox 2179 3898 2237 3954; x_wconf 90' lang='lat' dir='ltr'><strong>Id</strong></span> <span class='ocrx_word' id='word_1_749' title='bbox 2271 3899 2448 3954; x_wconf 86' lang='lat' dir='ltr'><strong>adhuc</strong></span> <span class='ocrx_word' id='word_1_750' title='bbox 2475 3900 2685 3968; x_wconf 91' lang='lat' dir='ltr'><strong>potiore</strong></span> <span class='ocrx_word' id='word_1_751' title='bbox 2715 3900 2837 3969; x_wconf 86' lang='lat' dir='ltr'><strong>jure</strong></span> <span class='ocrx_word' id='word_1_752' title='bbox 2888 3902 2995 3957; x_wconf 90' lang='lat' dir='ltr'><strong>dici</strong></span> <span class='ocrx_word' id='word_1_753' title='bbox 3049 3911 3226 3972; x_wconf 88' lang='lat' dir='ltr'><strong>potest</strong></span> <span class='ocrx_word' id='word_1_754' title='bbox 3265 3904 3330 3957; x_wconf 89' lang='lat' dir='ltr'><strong>de</strong></span> <span class='ocrx_word' id='word_1_755' title='bbox 3361 3902 3448 3956; x_wconf 84' lang='lat' dir='ltr'><strong>his</strong></span> <span class='ocrx_word' id='word_1_756' title='bbox 3486 3918 3606 3971; x_wconf 73' lang='lat' dir='ltr'><strong>qua:</strong></span> <span class='ocrx_word' id='word_1_757' title='bbox 3660 3917 3748 3956; x_wconf 88' lang='lat' dir='ltr'><strong>sc-</strong></span> 
     </span>
    </p>
   </div>
   <div class='ocr_carea' id='block_1_97' title="bbox 2179 3992 3752 4062">
    <p class='ocr_par' dir='ltr' id='par_1_97' title="bbox 2179 3992 3752 4062">
     <span class='ocr_line' id='line_1_97' title="bbox 2179 3992 3752 4062; baseline 0.003 -20"><span class='ocrx_word' id='word_1_758' title='bbox 2179 3999 2418 4058; x_wconf 72' lang='lat' dir='ltr'><strong>quuntur</strong></span> <span class='ocrx_word' id='word_1_759' title='bbox 2449 4009 2463 4044; x_wconf 93' lang='lat'><strong>:</strong></span> <span class='ocrx_word' id='word_1_760' title='bbox 2499 4009 2518 4042; x_wconf 78' lang='grc' dir='ltr'><strong>ι</strong></span> <span class='ocrx_word' id='word_1_761' title='bbox 2553 4001 2606 4045; x_wconf 89' lang='lat' dir='ltr'><strong>et</strong></span> <span class='ocrx_word' id='word_1_762' title='bbox 2641 3993 2822 4046; x_wconf 90' lang='lat' dir='ltr'><strong>omnia</strong></span> <span class='ocrx_word' id='word_1_763' title='bbox 2858 4007 3196 4061; x_wconf 70' lang='lat' dir='ltr'><strong>qumcuan‘e</strong></span> <span class='ocrx_word' id='word_1_764' title='bbox 3227 3992 3410 4060; x_wconf 80' lang='lat' dir='ltr'><strong>faciet,</strong></span> <span class='ocrx_word' id='word_1_765' title='bbox 3456 4005 3752 4062; x_wconf 78' lang='lat' dir='ltr'><strong>prospera-</strong></span> 
     </span>
    </p>
   </div>
   <div class='ocr_carea' id='block_1_98' title="bbox 2179 4070 3750 4152">
    <p class='ocr_par' dir='ltr' id='par_1_98' title="bbox 2179 4070 3750 4152">
     <span class='ocr_line' id='line_1_98' title="bbox 2179 4070 3750 4152; baseline 0.002 -19"><span class='ocrx_word' id='word_1_766' title='bbox 2179 4070 2402 4136; x_wconf 84' lang='lat' dir='ltr'><strong>bnutur.</strong></span> <span class='ocrx_word' id='word_1_767' title='bbox 2459 4100 2479 4134; x_wconf 68' lang='grc' dir='ltr'><strong>ι</strong></span> <span class='ocrx_word' id='word_1_768' title='bbox 2531 4080 2686 4137; x_wconf 89' lang='lat' dir='ltr'><strong>Licet</strong></span> <span class='ocrx_word' id='word_1_769' title='bbox 2730 4086 2875 4137; x_wconf 89' lang='lat' dir='ltr'><strong>enim</strong></span> <span class='ocrx_word' id='word_1_770' title='bbox 2912 4085 2979 4136; x_wconf 88' lang='lat' dir='ltr'><strong>ad</strong></span> <span class='ocrx_word' id='word_1_771' title='bbox 3019 4085 3268 4152; x_wconf 66' lang='lat' dir='ltr'><strong>quaedam</strong></span> <span class='ocrx_word' id='word_1_772' title='bbox 3320 4085 3630 4137; x_wconf 88' lang='lat' dir='ltr'><strong>necessaria</strong></span> <span class='ocrx_word' id='word_1_773' title='bbox 3673 4085 3750 4137; x_wconf 87' lang='lat' dir='ltr'><strong>uti</strong></span> 
     </span>
    </p>
   </div>
   <div class='ocr_carea' id='block_1_99' title="bbox 2179 4166 3751 4244">
    <p class='ocr_par' dir='ltr' id='par_1_99' title="bbox 2179 4166 3751 4244">
     <span class='ocr_line' id='line_1_99' title="bbox 2179 4166 3751 4244; baseline 0.001 -18"><span class='ocrx_word' id='word_1_774' title='bbox 2179 4172 2340 4226; x_wconf 89' lang='lat' dir='ltr'><strong>etiam</strong></span> <span class='ocrx_word' id='word_1_775' title='bbox 2377 4173 2633 4228; x_wconf 81' lang='lat' dir='ltr'><strong>erunibus</strong></span> <span class='ocrx_word' id='word_1_776' title='bbox 2663 4189 2785 4244; x_wconf 70' lang='lat' dir='ltr'><strong>quae</strong></span> <span class='ocrx_word' id='word_1_777' title='bbox 2809 4166 2876 4228; x_wconf 81' lang='lat' dir='ltr'><strong>ex</strong></span> <span class='ocrx_word' id='word_1_778' title='bbox 2905 4174 3297 4243; x_wconf 85' lang='lat' dir='ltr'><strong>consequentia</strong></span> <span class='ocrx_word' id='word_1_779' title='bbox 3327 4173 3483 4228; x_wconf 83' lang='lat' dir='ltr'><strong>ﬁunt.</strong></span> <span class='ocrx_word' id='word_1_780' title='bbox 3521 4175 3751 4229; x_wconf 76' lang='lat' dir='ltr'><strong>Fructus</strong></span> 
     </span>
    </p>
   </div>
   <div class='ocr_carea' id='block_1_100' title="bbox 2177 4262 3748 4335">
    <p class='ocr_par' dir='ltr' id='par_1_100' title="bbox 2177 4262 3748 4335">
     <span class='ocr_line' id='line_1_100' title="bbox 2177 4262 3748 4335; baseline 0.001 -19"><span class='ocrx_word' id='word_1_781' title='bbox 2177 4262 2382 4316; x_wconf 87' lang='lat' dir='ltr'><strong>Christi</strong></span> <span class='ocrx_word' id='word_1_782' title='bbox 2415 4263 2524 4316; x_wconf 91' lang='lat' dir='ltr'><strong>erit</strong></span> <span class='ocrx_word' id='word_1_783' title='bbox 2574 4265 2846 4335; x_wconf 69' lang='lat' dir='ltr'><strong>prmcipue</strong></span> <span class='ocrx_word' id='word_1_784' title='bbox 2877 4266 3149 4331; x_wconf 88' lang='lat' dir='ltr'><strong>doctrina,</strong></span> <span class='ocrx_word' id='word_1_785' title='bbox 3187 4280 3308 4334; x_wconf 64' lang='lat' dir='ltr'><strong>quae</strong></span> <span class='ocrx_word' id='word_1_786' title='bbox 3343 4264 3632 4318; x_wconf 83' lang='lat' dir='ltr'><strong>forti-orum</strong></span> <span class='ocrx_word' id='word_1_787' title='bbox 3668 4265 3748 4318; x_wconf 88' lang='lat' dir='ltr'><strong>ci-</strong></span> 
     </span>
    </p>
   </div>
   <div class='ocr_carea' id='block_1_101' title="bbox 2178 4355 3751 4423">
    <p class='ocr_par' dir='ltr' id='par_1_101' title="bbox 2178 4355 3751 4423">
     <span class='ocr_line' id='line_1_101' title="bbox 2178 4355 3751 4423; baseline -0.001 -11"><span class='ocrx_word' id='word_1_788' title='bbox 2178 4359 2280 4412; x_wconf 90' lang='lat' dir='ltr'><strong>bus</strong></span> <span class='ocrx_word' id='word_1_789' title='bbox 2311 4369 2428 4423; x_wconf 89' lang='lat' dir='ltr'><strong>est;</strong></span> <span class='ocrx_word' id='word_1_790' title='bbox 2473 4357 2600 4412; x_wconf 88' lang='lat' dir='ltr'><strong>folia</strong></span> <span class='ocrx_word' id='word_1_791' title='bbox 2647 4374 2779 4414; x_wconf 87' lang='lat' dir='ltr'><strong>vero</strong></span> <span class='ocrx_word' id='word_1_792' title='bbox 2815 4359 3299 4413; x_wconf 64' lang='lat' dir='ltr'><strong>irrationabilium:</strong></span> <span class='ocrx_word' id='word_1_793' title='bbox 3329 4373 3475 4411; x_wconf 85' lang='lat' dir='ltr'><strong>esca.</strong></span> <span class='ocrx_word' id='word_1_794' title='bbox 3521 4355 3593 4411; x_wconf 91' lang='lat' dir='ltr'><strong>U-t</strong></span> <span class='ocrx_word' id='word_1_795' title='bbox 3639 4355 3751 4411; x_wconf 88' lang='lat' dir='ltr'><strong>fru-</strong></span> 
     </span>
    </p>
   </div>
   <div class='ocr_carea' id='block_1_102' title="bbox 2179 4448 3746 4515">
    <p class='ocr_par' dir='ltr' id='par_1_102' title="bbox 2179 4448 3746 4515">
     <span class='ocr_line' id='line_1_102' title="bbox 2179 4448 3746 4515; baseline -0.001 -12"><span class='ocrx_word' id='word_1_796' title='bbox 2179 4449 2362 4503; x_wconf 89' lang='lat' dir='ltr'><strong>ctibus</strong></span> <span class='ocrx_word' id='word_1_797' title='bbox 2389 4459 2616 4504; x_wconf 90' lang='lat' dir='ltr'><strong>utuntur</strong></span> <span class='ocrx_word' id='word_1_798' title='bbox 2651 4450 2922 4515; x_wconf 88' lang='lat' dir='ltr'><strong>homines,</strong></span> <span class='ocrx_word' id='word_1_799' title='bbox 2960 4451 3036 4505; x_wconf 91' lang='lat' dir='ltr'><strong>sic</strong></span> <span class='ocrx_word' id='word_1_800' title='bbox 3070 4449 3212 4504; x_wconf 84' lang='lat' dir='ltr'><strong>foliis</strong></span> <span class='ocrx_word' id='word_1_801' title='bbox 3258 4451 3437 4503; x_wconf 80' lang='lat' dir='ltr'><strong>bruta.</strong></span> <span class='ocrx_word' id='word_1_802' title='bbox 3472 4448 3746 4515; x_wconf 81' lang='lat' dir='ltr'><strong>Quosdam</strong></span> 
     </span>
    </p>
   </div>
   <div class='ocr_carea' id='block_1_103' title="bbox 2178 4539 3749 4612">
    <p class='ocr_par' dir='ltr' id='par_1_103' title="bbox 2178 4539 3749 4612">
     <span class='ocr_line' id='line_1_103' title="bbox 2178 4539 3749 4612; baseline -0.002 -18"><span class='ocrx_word' id='word_1_803' title='bbox 2178 4542 2342 4595; x_wconf 82' lang='lat' dir='ltr'><strong>etiam</strong></span> <span class='ocrx_word' id='word_1_804' title='bbox 2373 4539 2671 4612; x_wconf 75' lang='lat' dir='ltr'><strong>Scripturze</strong></span> <span class='ocrx_word' id='word_1_805' title='bbox 2697 4543 2904 4597; x_wconf 83' lang='lat' dir='ltr'><strong>fructus</strong></span> <span class='ocrx_word' id='word_1_806' title='bbox 2936 4543 3120 4596; x_wconf 89' lang='lat' dir='ltr'><strong>dicere</strong></span> <span class='ocrx_word' id='word_1_807' title='bbox 3162 4550 3264 4604; x_wconf 91' lang='lat' dir='ltr'><strong>est,</strong></span> <span class='ocrx_word' id='word_1_808' title='bbox 3295 4556 3433 4610; x_wconf 86' lang='lat' dir='ltr'><strong>quos</strong></span> <span class='ocrx_word' id='word_1_809' title='bbox 3468 4540 3749 4609; x_wconf 87' lang='lat' dir='ltr'><strong>accipiunt</strong></span> 
     </span>
    </p>
   </div>
   <div class='ocr_carea' id='block_1_104' title="bbox 2178 4631 3750 4703">
    <p class='ocr_par' dir='ltr' id='par_1_104' title="bbox 2178 4631 3750 4703">
     <span class='ocr_line' id='line_1_104' title="bbox 2178 4631 3750 4703; baseline -0.001 -16"><span class='ocrx_word' id='word_1_810' title='bbox 2178 4634 2652 4699; x_wconf 85' lang='lat' dir='ltr'><strong>rationabiliores;</strong></span> <span class='ocrx_word' id='word_1_811' title='bbox 2689 4633 2820 4688; x_wconf 86' lang='lat' dir='ltr'><strong>folia</strong></span> <span class='ocrx_word' id='word_1_812' title='bbox 2850 4647 2998 4697; x_wconf 85' lang='lat' dir='ltr'><strong>vero,</strong></span> <span class='ocrx_word' id='word_1_813' title='bbox 3036 4633 3231 4703; x_wconf 80' lang='lat' dir='ltr'><strong>quibus</strong></span> <span class='ocrx_word' id='word_1_814' title='bbox 3257 4632 3577 4686; x_wconf 86' lang='lat' dir='ltr'><strong>nutriuntur</strong></span> <span class='ocrx_word' id='word_1_815' title='bbox 3619 4631 3750 4686; x_wconf 82' lang='lat' dir='ltr'><strong>sim-</strong></span> 
     </span>
    </p>
   </div>
   <div class='ocr_carea' id='block_1_105' title="bbox 2176 4723 3752 4794">
    <p class='ocr_par' dir='ltr' id='par_1_105' title="bbox 2176 4723 3752 4794">
     <span class='ocr_line' id='line_1_105' title="bbox 2176 4723 3752 4794; baseline 0.001 -18"><span class='ocrx_word' id='word_1_816' title='bbox 2176 4723 2448 4793; x_wconf 89' lang='lat' dir='ltr'><strong>pliciores.</strong></span> <span class='ocrx_word' id='word_1_817' title='bbox 2483 4723 2629 4778; x_wconf 92' lang='lat' dir='ltr'><strong>Illius</strong></span> <span class='ocrx_word' id='word_1_818' title='bbox 2663 4725 2754 4794; x_wconf 91' lang='lat' dir='ltr'><strong>qui</strong></span> <span class='ocrx_word' id='word_1_819' title='bbox 2797 4726 2991 4781; x_wconf 89' lang='lat' dir='ltr'><strong>beatus</strong></span> <span class='ocrx_word' id='word_1_820' title='bbox 3033 4725 3361 4794; x_wconf 85' lang='lat' dir='ltr'><strong>praedicatur</strong></span> <span class='ocrx_word' id='word_1_821' title='bbox 3404 4735 3457 4778; x_wconf 91' lang='lat' dir='ltr'><strong>et</strong></span> <span class='ocrx_word' id='word_1_822' title='bbox 3498 4723 3644 4794; x_wconf 64' lang='lat' dir='ltr'><strong>ligno</strong></span> <span class='ocrx_word' id='word_1_823' title='bbox 3669 4725 3752 4777; x_wconf 84' lang='lat' dir='ltr'><strong>vi-</strong></span> 
     </span>
    </p>
   </div>
   <div class='ocr_carea' id='block_1_106' title="bbox 2180 4815 3751 4886">
    <p class='ocr_par' dir='ltr' id='par_1_106' title="bbox 2180 4815 3751 4886">
     <span class='ocr_line' id='line_1_106' title="bbox 2180 4815 3751 4886; baseline 0 -17"><span class='ocrx_word' id='word_1_824' title='bbox 2180 4826 2246 4870; x_wconf 68' lang='lat' dir='ltr'><strong>ta:</strong></span> <span class='ocrx_word' id='word_1_825' title='bbox 2289 4828 2640 4886; x_wconf 86' lang='lat' dir='ltr'><strong>comparatur</strong></span> <span class='ocrx_word' id='word_1_826' title='bbox 2682 4818 2892 4871; x_wconf 88' lang='lat' dir='ltr'><strong>fructus</strong></span> <span class='ocrx_word' id='word_1_827' title='bbox 2922 4817 3027 4870; x_wconf 89' lang='lat' dir='ltr'><strong>dici</strong></span> <span class='ocrx_word' id='word_1_828' title='bbox 3071 4825 3297 4886; x_wconf 86' lang='lat' dir='ltr'><strong>possunt</strong></span> <span class='ocrx_word' id='word_1_829' title='bbox 3329 4816 3596 4885; x_wconf 58' lang='lat' dir='ltr'><strong>pracipua</strong></span> <span class='ocrx_word' id='word_1_830' title='bbox 3631 4815 3751 4882; x_wconf 85' lang='lat' dir='ltr'><strong>ejus</strong></span> 
     </span>
    </p>
   </div>
   <div class='ocr_carea' id='block_1_107' title="bbox 2176 4906 3754 4976">
    <p class='ocr_par' dir='ltr' id='par_1_107' title="bbox 2176 4906 3754 4976">
     <span class='ocr_line' id='line_1_107' title="bbox 2176 4906 3754 4976; baseline 0 -19"><span class='ocrx_word' id='word_1_831' title='bbox 2176 4919 2358 4974; x_wconf 87' lang='lat' dir='ltr'><strong>opera,</strong></span> <span class='ocrx_word' id='word_1_832' title='bbox 2393 4907 2670 4970; x_wconf 85' lang='lat' dir='ltr'><strong>nimirum,</strong></span> <span class='ocrx_word' id='word_1_833' title='bbox 2729 4906 2992 4976; x_wconf 75' lang='lat' dir='ltr'><strong>quidquid</strong></span> <span class='ocrx_word' id='word_1_834' title='bbox 3040 4906 3164 4961; x_wconf 86' lang='lat' dir='ltr'><strong>boni</strong></span> <span class='ocrx_word' id='word_1_835' title='bbox 3193 4906 3322 4975; x_wconf 81' lang='lat' dir='ltr'><strong>agit,</strong></span> <span class='ocrx_word' id='word_1_836' title='bbox 3351 4915 3404 4959; x_wconf 89' lang='lat' dir='ltr'><strong>et</strong></span> <span class='ocrx_word' id='word_1_837' title='bbox 3459 4917 3612 4960; x_wconf 79' lang='lat' dir='ltr'><strong>amor</strong></span> <span class='ocrx_word' id='word_1_838' title='bbox 3662 4917 3754 4958; x_wconf 74' lang='lat' dir='ltr'><strong>sa-</strong></span> 
     </span>
    </p>
   </div>
   <div class='ocr_carea' id='block_1_108' title="bbox 2179 4997 3747 5070">
    <p class='ocr_par' dir='ltr' id='par_1_108' title="bbox 2179 4997 3747 5070">
     <span class='ocr_line' id='line_1_108' title="bbox 2179 4997 3747 5070; baseline 0 -20"><span class='ocrx_word' id='word_1_839' title='bbox 2179 4999 2432 5068; x_wconf 61' lang='lat' dir='ltr'><strong>pientiae:</strong></span> <span class='ocrx_word' id='word_1_840' title='bbox 2466 4999 2590 5053; x_wconf 82' lang='lat' dir='ltr'><strong>folia</strong></span> <span class='ocrx_word' id='word_1_841' title='bbox 2627 5015 2776 5063; x_wconf 78' lang='lat' dir='ltr'><strong>vero,</strong></span> <span class='ocrx_word' id='word_1_842' title='bbox 2829 4999 3004 5054; x_wconf 79' lang='lat' dir='ltr'><strong>Studia</strong></span> <span class='ocrx_word' id='word_1_843' title='bbox 3033 5008 3153 5070; x_wconf 75' lang='lat' dir='ltr'><strong>qua:</strong></span> <span class='ocrx_word' id='word_1_844' title='bbox 3189 5001 3254 5053; x_wconf 85' lang='lat' dir='ltr'><strong>ad</strong></span> <span class='ocrx_word' id='word_1_845' title='bbox 3283 5001 3407 5052; x_wconf 60' lang='lat' dir='ltr'><strong>vitae</strong></span> <span class='ocrx_word' id='word_1_846' title='bbox 3438 5013 3592 5053; x_wconf 80' lang='lat' dir='ltr'><strong>nsum</strong></span> <span class='ocrx_word' id='word_1_847' title='bbox 3619 4997 3747 5051; x_wconf 79' lang='lat' dir='ltr'><strong>atti-</strong></span> 
     </span>
    </p>
   </div>
   <div class='ocr_carea' id='block_1_109' title="bbox 2177 5091 3749 5160">
    <p class='ocr_par' dir='ltr' id='par_1_109' title="bbox 2177 5091 3749 5160">
     <span class='ocr_line' id='line_1_109' title="bbox 2177 5091 3749 5160; baseline -0.001 -16"><span class='ocrx_word' id='word_1_848' title='bbox 2177 5103 2327 5156; x_wconf 85' lang='lat' dir='ltr'><strong>nent,</strong></span> <span class='ocrx_word' id='word_1_849' title='bbox 2377 5104 2495 5160; x_wconf 67' lang='lat' dir='ltr'><strong>qua:</strong></span> <span class='ocrx_word' id='word_1_850' title='bbox 2517 5109 2652 5147; x_wconf 87' lang='lat' dir='ltr'><strong>sane</strong></span> <span class='ocrx_word' id='word_1_851' title='bbox 2705 5109 2801 5148; x_wconf 91' lang='lat' dir='ltr'><strong>nec</strong></span> <span class='ocrx_word' id='word_1_852' title='bbox 2843 5104 2899 5147; x_wconf 93' lang='lat' dir='ltr'><strong>ut</strong></span> <span class='ocrx_word' id='word_1_853' title='bbox 2926 5101 3342 5147; x_wconf 83' lang='lat' dir='ltr'><strong>contemnantur</strong></span> <span class='ocrx_word' id='word_1_854' title='bbox 3376 5105 3474 5145; x_wconf 89' lang='lat' dir='ltr'><strong>nec</strong></span> <span class='ocrx_word' id='word_1_855' title='bbox 3503 5099 3562 5144; x_wconf 92' lang='lat' dir='ltr'><strong>ut</strong></span> <span class='ocrx_word' id='word_1_856' title='bbox 3603 5091 3749 5143; x_wconf 77' lang='lat' dir='ltr'><strong>deci-</strong></span> 
     </span>
    </p>
   </div>
   <div class='ocr_carea' id='block_1_110' title="bbox 2179 5181 3749 5253">
    <p class='ocr_par' dir='ltr' id='par_1_110' title="bbox 2179 5181 3749 5253">
     <span class='ocr_line' id='line_1_110' title="bbox 2179 5181 3749 5253; baseline -0.002 -17"><span class='ocrx_word' id='word_1_857' title='bbox 2179 5183 2330 5248; x_wconf 89' lang='lat' dir='ltr'><strong>dant,</strong></span> <span class='ocrx_word' id='word_1_858' title='bbox 2362 5185 2522 5253; x_wconf 82' lang='lat' dir='ltr'><strong>digna</strong></span> <span class='ocrx_word' id='word_1_859' title='bbox 2558 5197 2706 5252; x_wconf 85' lang='lat' dir='ltr'><strong>sunt,</strong></span> <span class='ocrx_word' id='word_1_860' title='bbox 2747 5188 2908 5240; x_wconf 91' lang='lat' dir='ltr'><strong>modo</strong></span> <span class='ocrx_word' id='word_1_861' title='bbox 2945 5187 3161 5239; x_wconf 89' lang='lat' dir='ltr'><strong>interim</strong></span> <span class='ocrx_word' id='word_1_862' title='bbox 3190 5193 3442 5239; x_wconf 80' lang='lat' dir='ltr'><strong>accurate</strong></span> <span class='ocrx_word' id='word_1_863' title='bbox 3473 5193 3636 5251; x_wconf 79' lang='lat' dir='ltr'><strong>atque</strong></span> <span class='ocrx_word' id='word_1_864' title='bbox 3682 5181 3749 5234; x_wconf 84' lang='lat' dir='ltr'><strong>ad</strong></span> 
     </span>
    </p>
   </div>
   <div class='ocr_carea' id='block_1_111' title="bbox 2182 5271 3751 5345">
    <p class='ocr_par' dir='ltr' id='par_1_111' title="bbox 2182 5271 3751 5345">
     <span class='ocr_line' id='line_1_111' title="bbox 2182 5271 3751 5345; baseline 0.001 -18"><span class='ocrx_word' id='word_1_865' title='bbox 2182 5271 2273 5328; x_wconf 85' lang='lat' dir='ltr'><strong>Dei</strong></span> <span class='ocrx_word' id='word_1_866' title='bbox 2313 5275 2540 5345; x_wconf 85' lang='lat' dir='ltr'><strong>gloriam</strong></span> <span class='ocrx_word' id='word_1_867' title='bbox 2580 5281 2760 5334; x_wconf 90' lang='lat' dir='ltr'><strong>omnia</strong></span> <span class='ocrx_word' id='word_1_868' title='bbox 2814 5279 3002 5335; x_wconf 91' lang='lat' dir='ltr'><strong>faciat.</strong></span> <span class='ocrx_word' id='word_1_869' title='bbox 3045 5277 3135 5334; x_wconf 79' lang='lat' dir='ltr'><strong>Sic</strong></span> <span class='ocrx_word' id='word_1_870' title='bbox 3171 5277 3322 5333; x_wconf 79' lang='lat' dir='ltr'><strong>enim</strong></span> <span class='ocrx_word' id='word_1_871' title='bbox 3375 5275 3554 5329; x_wconf 83' lang='lat' dir='ltr'><strong>omnia</strong></span> <span class='ocrx_word' id='word_1_872' title='bbox 3601 5289 3751 5343; x_wconf 75' lang='lat' dir='ltr'><strong>qure-</strong></span> 
     </span>
    </p>
   </div>
   <div class='ocr_carea' id='block_1_112' title="bbox 2179 5367 3133 5441">
    <p class='ocr_par' dir='ltr' id='par_1_112' title="bbox 2179 5367 3133 5441">
     <span class='ocr_line' id='line_1_112' title="bbox 2179 5367 3133 5441; baseline 0.005 -24"><span class='ocrx_word' id='word_1_873' title='bbox 2179 5379 2390 5434; x_wconf 84' lang='lat' dir='ltr'><strong>cunquc</strong></span> <span class='ocrx_word' id='word_1_874' title='bbox 2427 5367 2612 5437; x_wconf 85' lang='lat' dir='ltr'><strong>faciet,</strong></span> <span class='ocrx_word' id='word_1_875' title='bbox 2647 5371 3133 5441; x_wconf 85' lang='lat' dir='ltr'><strong>prosperabuntur.</strong></span> 
     </span>
    </p>
   </div>
   <div class='ocr_carea' id='block_1_113' title="bbox 502 5454 3749 5529">
    <p class='ocr_par' dir='ltr' id='par_1_113' title="bbox 502 5454 3749 5529">
     <span class='ocr_line' id='line_1_113' title="bbox 502 5454 3749 5529; baseline 0.001 -23"><span class='ocrx_word' id='word_1_876' title='bbox 502 5454 844 5526; x_wconf 66' lang='grc' dir='ltr'>φρονεῖσθαι,</span> <span class='ocrx_word' id='word_1_877' title='bbox 888 5455 1008 5507; x_wconf 78' lang='grc' dir='ltr'>οὐδὲ</span> <span class='ocrx_word' id='word_1_878' title='bbox 1048 5456 1306 5525; x_wconf 70' lang='grc' dir='ltr'>ἀπορρεῖν</span> <span class='ocrx_word' id='word_1_879' title='bbox 1348 5454 1426 5526; x_wconf 79' lang='grc' dir='ltr'>τῷ</span> <span class='ocrx_word' id='word_1_880' title='bbox 1479 5455 1617 5526; x_wconf 79' lang='grc' dir='ltr'>μετὰ</span> <span class='ocrx_word' id='word_1_881' title='bbox 1674 5455 1950 5527; x_wconf 83' lang='grc' dir='ltr'>προσοχῆς</span> <span class='ocrx_word' id='word_1_882' title='bbox 1995 5455 2088 5509; x_wconf 68' lang='grc' dir='ltr'><strong>καὶ</strong></span> <span class='ocrx_word' id='word_1_883' title='bbox 2123 5456 2204 5520; x_wconf 88' lang='grc' dir='ltr'><strong>είς</strong></span> <span class='ocrx_word' id='word_1_884' title='bbox 2232 5457 2390 5522; x_wconf 78' lang='grc' dir='ltr'>δόξαν</span> <span class='ocrx_word' id='word_1_885' title='bbox 2421 5461 2555 5515; x_wconf 86' lang='grc' dir='ltr'>Θεοῦ</span> <span class='ocrx_word' id='word_1_886' title='bbox 2614 5466 2791 5519; x_wconf 84' lang='grc' dir='ltr'>πάντα</span> <span class='ocrx_word' id='word_1_887' title='bbox 2833 5463 3021 5517; x_wconf 88' lang='grc' dir='ltr'>ποιεῖν.</span> <span class='ocrx_word' id='word_1_888' title='bbox 3054 5460 3224 5515; x_wconf 77' lang='grc' dir='ltr'>Ὀὕτω</span> <span class='ocrx_word' id='word_1_889' title='bbox 3265 5457 3376 5529; x_wconf 79' lang='grc' dir='ltr'>γὰρ</span> <span class='ocrx_word' id='word_1_890' title='bbox 3417 5458 3524 5511; x_wconf 77' lang='grc' dir='ltr'>πᾶν</span> <span class='ocrx_word' id='word_1_891' title='bbox 3571 5454 3749 5510; x_wconf 75' lang='grc' dir='ltr'>ὁτιοῦν</span> 
     </span>
    </p>
   </div>
   <div class='ocr_carea' id='block_1_114' title="bbox 499 5546 1750 5618">
    <p class='ocr_par' dir='ltr' id='par_1_114' title="bbox 499 5546 1750 5618">
     <span class='ocr_line' id='line_1_114' title="bbox 499 5546 1750 5618; baseline -0.002 -16"><span class='ocrx_word' id='word_1_892' title='bbox 499 5549 607 5602; x_wconf 76' lang='grc' dir='ltr'>τῶν</span> <span class='ocrx_word' id='word_1_893' title='bbox 636 5549 1018 5618; x_wconf 86' lang='grc' dir='ltr'>πραττομένων</span> <span class='ocrx_word' id='word_1_894' title='bbox 1047 5549 1137 5600; x_wconf 83' lang='grc' dir='ltr'>ὑπ’</span> <span class='ocrx_word' id='word_1_895' title='bbox 1159 5547 1322 5601; x_wconf 85' lang='grc' dir='ltr'>αὐτοῦ</span> <span class='ocrx_word' id='word_1_896' title='bbox 1349 5546 1750 5602; x_wconf 87' lang='grc' dir='ltr'>κατευοδοῦται.</span> 
     </span>
    </p>
   </div>
   <div class='ocr_carea' id='block_1_115' title="bbox 573 5638 2076 5708">
    <p class='ocr_par' dir='ltr' id='par_1_115' title="bbox 573 5638 2076 5708">
     <span class='ocr_line' id='line_1_115' title="bbox 573 5638 2076 5708; baseline -0.001 -14"><span class='ocrx_word' id='word_1_897' title='bbox 573 5643 696 5707; x_wconf 78' lang='grc' dir='ltr'><strong>Οὐχ</strong></span> <span class='ocrx_word' id='word_1_898' title='bbox 731 5640 917 5704; x_wconf 78' lang='grc' dir='ltr'>οὕτως</span> <span class='ocrx_word' id='word_1_899' title='bbox 945 5643 998 5693; x_wconf 80' lang='grc' dir='ltr'>οἱ</span> <span class='ocrx_word' id='word_1_900' title='bbox 1033 5638 1299 5705; x_wconf 81' lang='grc' dir='ltr'>ἀσεϐεῖς·</span> <span class='ocrx_word' id='word_1_901' title='bbox 1348 5639 1486 5695; x_wconf 70' lang='grc' dir='ltr'><strong>ἀλλ’</strong></span> <span class='ocrx_word' id='word_1_902' title='bbox 1515 5639 1554 5700; x_wconf 68' lang='grc' dir='ltr'><strong>’ἢ</strong></span> <span class='ocrx_word' id='word_1_903' title='bbox 1591 5639 1672 5704; x_wconf 85' lang='grc' dir='ltr'>ὡς</span> <span class='ocrx_word' id='word_1_904' title='bbox 1705 5643 1737 5693; x_wconf 83' lang='lat' dir='ltr'><strong>d</strong></span> <span class='ocrx_word' id='word_1_905' title='bbox 1773 5638 1959 5708; x_wconf 74' lang='grc' dir='ltr'>χνοῦς</span> <span class='ocrx_word' id='word_1_906' title='bbox 2003 5639 2076 5693; x_wconf 79' lang='grc' dir='ltr'><strong>ὃν</strong></span> 
     </span>
    </p>
   </div>
   <div class='ocr_carea' id='block_1_116' title="bbox 574 5795 1057 5864">
    <p class='ocr_par' dir='ltr' id='par_1_116' title="bbox 574 5795 1057 5864">
     <span class='ocr_line' id='line_1_116' title="bbox 574 5795 1057 5864; baseline -0.004 -13"><span class='ocrx_word' id='word_1_907' title='bbox 574 5796 597 5830; x_wconf 71' lang='grc'>⁸</span> <span class='ocrx_word' id='word_1_908' title='bbox 619 5795 752 5851; x_wconf 89' lang='lat' dir='ltr'><strong>Luc.</strong></span> <span class='ocrx_word' id='word_1_909' title='bbox 784 5813 940 5864; x_wconf 70' lang='grc' dir='ltr'>χχιιι,</span> <span class='ocrx_word' id='word_1_910' title='bbox 969 5797 1057 5850; x_wconf 74' lang='grc'><strong>45.</strong></span> 
     </span>
    </p>
   </div>
   <div class='ocr_carea' id='block_1_117' title="bbox 2261 5632 3748 5709">
    <p class='ocr_par' dir='ltr' id='par_1_117' title="bbox 2261 5632 3748 5709">
     <span class='ocr_line' id='line_1_117' title="bbox 2261 5632 3748 5709; baseline -0.006 -14"><span class='ocrx_word' id='word_1_911' title='bbox 2261 5637 2424 5697; x_wconf 73' lang='lat' dir='ltr'><strong>Vens.</strong></span> <span class='ocrx_word' id='word_1_912' title='bbox 2449 5639 2503 5694; x_wconf 75' lang='grc'>4.</span> <span class='ocrx_word' id='word_1_913' title='bbox 2538 5636 2662 5697; x_wconf 84' lang='lat' dir='ltr'><strong>Non</strong></span> <span class='ocrx_word' id='word_1_914' title='bbox 2687 5641 2761 5694; x_wconf 79' lang='lat' dir='ltr'><strong>sic</strong></span> <span class='ocrx_word' id='word_1_915' title='bbox 2801 5639 2968 5709; x_wconf 82' lang='lat' dir='ltr'><strong>impii,</strong></span> <span class='ocrx_word' id='word_1_916' title='bbox 2993 5637 3082 5692; x_wconf 74' lang='lat' dir='ltr'><strong>sed</strong></span> <span class='ocrx_word' id='word_1_917' title='bbox 3115 5647 3364 5706; x_wconf 76' lang='lat' dir='ltr'><strong>tanquam</strong></span> <span class='ocrx_word' id='word_1_918' title='bbox 3390 5632 3557 5704; x_wconf 71' lang='lat' dir='ltr'><strong>pulvis</strong></span> <span class='ocrx_word' id='word_1_919' title='bbox 3596 5648 3748 5702; x_wconf 71' lang='lat' dir='ltr'><strong>quem</strong></span> 
     </span>
    </p>
   </div>
  </div>
