4124 6394
391 315 524 374 1091

389 434 599 503 i’rojicil
643 447 860 504 ventus,
910 446 1015 493 etc.
1071 438 1252 509 Neque
1303 441 1602 498 llebraicus
1644 454 1818 498 textus
1871 465 1902 509 ς

389 626 529 671 tum.

461 725 622 780 Vrsas.
663 729 714 782 5.
758 727 888 782 Ideo
921 748 1021 792 non
1048 744 1318 802 resurgent
1352 737 1498 803 impii
1523 739 1575 790 in
1596 738 1828 806 judicio,
1856 750 1960 794 Cie.

387 812 502 870 Hoc
551 816 714 883 igitur
756 818 872 872 loco
898 822 988 886 qui
1016 836 1081 875 ex
1120 823 1371 878 ﬁdelibus
1403 825 1768 894 simpliciores
1813 841 1960 890 sunt,

387 907 624 960 maxime
656 906 803 971 freti,
838 908 1034 977 impios
1087 923 1283 980 negant
1339 919 1759 972 resurrectionis
1813 934 1964 972 com-

387 1006 543 1064 potes
574 995 811 1064 futuros,
853 1016 1032 1068 neque
1057 1003 1184 1070 quid
1226 1019 1322 1070 per
1369 1007 1833 1061 resurrectionem
1881 1010 1963 1061 in-

387 1089 653 1159 telligant,
711 1100 805 1144 aut
852 1093 1015 1161 quale
1074 1095 1174 1146 sibi
1229 1096 1492 1161 judicium
1549 1098 1776 1168 ﬁngant,
1826 1103 1962 1155 satis

385 1182 687 1248 explicant.
709 1182 842 1235 Nam
863 1186 962 1239 etsi
990 1199 1141 1237 suam
1167 1186 1230 1240 de
1259 1187 1340 1241 his
1364 1191 1687 1243 sententiam
1721 1207 1962 1260 pronun-

385 1273 520 1326 tiare
546 1275 858 1339 videantur,
908 1291 972 1330 ev
1029 1278 1144 1345 ipsa
1188 1289 1366 1332 tamen
1422 1280 1777 1348 inquisitione
1829 1301 1962 1336 cm:-

384 1361 573 1425 stabit,
624 1362 850 1417 minime
883 1364 1002 1418 illos
1031 1381 1151 1434 qure
1207 1372 1604 1438 consequentia
1641 1382 1771 1426 sunt
1798 1388 1959 1442 posse

382 1468 622 1508 servare.
649 1455 831 1521 Quare
861 1458 905 1510 si
942 1474 1034 1510 eos
1081 1461 1501 1528 interrogemus,
1528 1463 1823 1532 ,cujusnam
1875 1481 1961 1519 re—

382 1546 652 1600 surrectio
687 1547 846 1616 533
897 1548 1074 1602 futura
1108 1551 1215 1615 sit;
1268 1567 1558 1620 corporum
1624 1556 1811 1624 utique
1869 1573 1957 1612 re-

382 1638 666 1705 spondent,
706 1642 901 1707 quibus
935 1641 1092 1694 modo
1123 1642 1442 1696 circumdati
1482 1661 1668 1710 sumus
1700 1664 1712 1700 :
1746 1647 1840 1700 sed
1872 1649 1955 1701 in-

381 1730 648 1783 stantibus
678 1731 853 1795 nobis,
881 1733 1118 1787 totiusn'e
1153 1737 1472 1789 substantiae
1502 1753 1672 1792 necne
1709 1754 1831 1792 esse
1865 1741 1951 1793 dc-

1798 328 1884 382 EX
1918 327 2222 384 ONGENE

3522 349 3661 408 1092

1871 464 1964 516 ge-
1999 452 2040 506 Λ
2071 447 2331 514 ἐνρίπτει
2367 451 2584 520 ἄνεμος
2635 454 2753 509 ἀπὸ
2798 461 3131 524 πρωσώπου
3169 463 3280 532 τῆς
3329 462 3470 536 γῆς,
3519 486 3572 524 κ.
3600 489 3655 524 τ.

393 526 565 580 minat
610 526 774 592 illud,
831 547 847 578 ι
903 547 1007 585 non
1059 532 1174 597 sic,
1222 553 1240 584 ι
1293 550 1468 605 neque
1501 537 1643 592 ullus
1695 539 1968 608 interpre-

2071 539 2117 589 ἐ.
2151 539 2287 592 οὔτε
2343 543 2403 594 τὸ
2445 543 2730 616 Ἑϐραῖκὺν
2779 549 2890 620 (59)
2942 553 3275 608 ἀνεδίπλωσε
3331 558 3432 630 τὴν
3487 557 3652 628 λέξιν,

2071 628 2192 682 οὔτε
2222 632 2328 684 τῶν
2355 634 2704 706 ἑρμηνευτῶν
2733 640 2927 705 οὐδείς.

2138 723 2241 776 Διὰ
2269 724 2444 778 τοῦτο
2466 730 2578 781 οὐκ
2605 731 3054 799 ἀντιστήσονται
3079 740 3317 810 ἀσεϐεῖς
3337 743 3408 798 ἐν
3430 746 3647 814 κρίσει,

2068 831 2118 865 κ.
2158 831 2209 866 τ.
2253 817 2298 867 ἑ.
2349 818 2625 873 Ἐντεῦθεν
2659 824 2771 891 (60)
2815 828 2862 878 οἱ
2919 829 3272 904 άπλούστεροι
3325 836 3434 888 τῶν
3479 856 3649 892 πεπι-

2071 907 2372 960 στευκότων
2411 910 2722 981 ὁρμώμενοι
2770 918 3048 987 νομίζουσι
3101 925 3224 986 τοὺς
3277 926 3497 990 ἀσεϐεῖς
3550 929 3650 998 τῆς

2066 998 2411 1063 ἀναστάσεως
2445 1003 2517 1071 μὴ
2551 1005 2868 1070 τεύξεσθαι,
2912 1011 2964 1062 τί
2998 1012 3246 1078 νοοῦντες
3281 1017 3380 1086 τὴν
3411 1019 3649 1071 ἀνάστα-

2067 1103 2170 1150 σιν,
2202 1090 2295 1140 καὶ
2327 1091 2574 1162 ποταπὴν
2612 1093 2711 1163 τὴν
2749 1096 2932 1166 κρίσιν
2973 1101 3386 1172 φανταζόμενοι,
3413 1108 3474 1160 οὐ
3506 1108 3648 1161 πάνυ

2067 1181 2473 1250 σαφηνίζοντες.
2504 1183 2620 1236 Κᾶν
2645 1185 2754 1256 γὰρ
2779 1187 2975 1242 δοκῶσι
3011 1210 3076 1244 πε
3089 1194 3140 1264 pi
3169 1195 3372 1249 τούτων
3413 1198 3650 1268 ἀποφαί-

2063 1271 2268 1333 νεσθαι,
2299 1273 2330 1340 ἡ
2363 1271 2594 1340 βάσανος
2631 1275 2828 1340 αὐτοὺς
2861 1278 3121 1348 διελέγξει
3147 1282 3216 1335 τὰ
3249 1284 3376 1354 ἑξῆς
3415 1287 3644 1342 ἀκολού-

2063 1358 2168 1424 θως
2215 1360 2405 1424 σώζειν
2442 1364 2516 1433 μὴ
2560 1364 2906 1436 δυναμένους.
2951 1372 3075 1424 Ἐὰν
3123 1369 3214 1426 οὖν
3250 1377 3648 1450 πυνθανώμεθα

2060 1449 2205 1513 τίνος
2252 1451 2428 1503 αὐτῶν
2460 1453 2492 1523 ἡ
2518 1453 2812 1520 ἀνάστασις
2842 1457 3079 1527 γίνεται,
3123 1463 3531 1536 ἀποκρίνονται,
3563 1464 3647 1525 ὅτι

2058 1539 2166 1593 τῶν
2221 1541 2510 1610 σωμάτων,
2565 1536 2639 1597 ὧν
2670 1545 2764 1597 νῦν
2797 1551 3173 1620 περικείμεθα.
3217 1553 3350 1609 Εἶτα
3399 1575 3641 1630 προσεπο

2058 1633 2451 1701 ερωτησάντων
2523 1635 2679 1704 ἡμῶν
2750 1638 2977 1710 πότερον
3051 1644 3148 1714 τῆς
3208 1646 3394 1711 οὐσίας
3463 1651 3643 1706 αὐτῶν

2057 1723 2215 1793 ὅλης,
2259 1724 2290 1792 ἢ
2326 1725 2480 1794 οὺχί;
2524 1726 2653 1796 πρὶν
2713 1727 2996 1798 βασανίσαι
3029 1733 3296 1802 λέγουσιν,
3340 1740 3422 1792 ὅτι
3481 1742 3631 1812 ὅλης.

382 1819 526 1883 beat,
569 1831 856 1889 antequam
891 1823 1180 1892 diligenter
1228 1829 1563 1893 expendant,
1622 1831 1787 1883 totius
1833 1845 1944 1885 esse

2071 1816 2196 1870 Ἐὰν
2253 1817 2310 1870 δὲ
2381 1821 2888 1891 προσαπορήσωμεν
2965 1831 3500 1901 συμπεριφερόμενοι
3570 1839 3635 1905 τῇ

377 1908 661 1964 deﬁniunt.
715 1910 866 1976 Quod
916 1913 961 1966 si
1015 1929 1114 1968 nos
1169 1915 1236 1968 ad
1275 1916 1489 1970 illorum
1551 1919 1952 1990 simplicitatem

376 2002 859 2057 accommodantes
889 2005 1082 2058 iterum
1099 2007 1396 2063 dubitando
1418 2021 1951 2080 pereontenmr,nmn

378 2105 481 2142 una
535 2093 758 2162 sanguis
818 2094 906 2150 ille
959 2099 1282 2153 re:tituatur
1327 2101 1416 2169 qui
1468 2113 1614 2157 secta
1666 2105 1951 2161 identidem

373 2194 508 2232 vena
545 2181 772 2236 defusus
798 2193 900 2248 est,
933 2201 1033 2240 nec
1082 2203 1188 2240 non
1243 2199 1298 2244 et
1345 2206 1472 2245 caro
1515 2195 1693 2246 omnis
1735 2211 1796 2247 ac
1836 2197 1951 2265 pili,

372 2270 464 2338 qui
503 2287 742 2338 unquam
779 2275 928 2326 enati
973 2285 1144 2330 sunt:
1175 2293 1242 2332 an
1294 2279 1328 2332 ii
1375 2283 1660 2349 duntaxat,
1713 2289 1803 2353 qui
1851 2289 1951 2341 sub

370 2361 574 2413 exitum
611 2373 854 2417 nostrum
886 2366 1262 2432 eﬁloruerunt,
1289 2384 1352 2425 eo
1384 2373 1728 2444 confugiunt,
1761 2387 1816 2430 ut
1847 2379 1952 2433 Deo

371 2453 792 2519 permittendum
827 2473 947 2512 esse
984 2459 1190 2522 dicant,
1229 2473 1432 2532 ut'qna:
1457 2466 1603 2531 velit,
1638 2467 1850 2522 cmciat.
1881 2471 1951 2525 At

369 2546 460 2614 qui
496 2547 668 2614 magis
693 2548 836 2603 inter
865 2549 987 2606 illos
1023 2554 1227 2607 strenui
1255 2564 1402 2618 sunt,
1450 2573 1516 2610 ne
1547 2561 1824 2628 sanguinis
1853 2577 1948 2616 cn-

371 2639 518 2706 piam
551 2654 796 2704 onmem,
826 2643 915 2709 qui
951 2657 1017 2697 ex
1045 2645 1370 2713 corporibus
1403 2649 1605 2702 nostris
1634 2651 1949 2721 plerumque

374 2717 620 2782 secretus
660 2740 764 2795 est,
800 2730 852 2784 in
899 2748 1063 2786 unum
1120 2734 1374 2790 conferre
1420 2739 1668 2793 oratione
1718 2757 1813 2795 sua
1852 2759 1947 2796 co-

368 2829 588 2888 gantur,
630 2821 893 2889 ejusmodi
958 2842 1243 2894 resurgere
1309 2845 1536 2899 corpora
1597 2833 1940 2900 prazdicant,

330 2952 334 2955 .
367 2911 551 2979 qualia
613 2915 970 2969 morientibus
1016 2917 1168 2970 nobis
1198 2919 1528 2983 exstiterint,
1583 2932 1772 2975 eottlra
1808 2939 1945 2992 quos

363 3004 496 3058 illud
546 3005 767 3075 insuper
801 3006 1113 3076 objicimus,
1145 3025 1265 3064 cum
1309 3012 1380 3065 sit
1429 3027 1714 3082 corporum
1747 3025 1940 3069 natura

369 3094 676 3162 mutabilis,
709 3098 1169 3166 quemadmodum
1203 3101 1254 3155 in
1305 3117 1500 3172 corpus
1547 3115 1788 3158 nostrum
1842 3108 1944 3160 ali-

362 3199 542 3241 menta
593 3190 936 3257 digeruntur,
1001 3192 1502 3264 similitudinesque
1553 3206 1938 3261 transrnutaat,

362 3277 437 3330 ita
487 3287 540 3332 et
595 3294 824 3348 corpora
877 3291 1061 3334 nostra
1116 3285 1386 3348 converti,
1448 3293 1504 3340 et.
1554 3301 1580 3337 a
1637 3289 1941 3344 earnivoris

361 3370 576 3431 avibus,
631 3370 863 3439 ferisque
909 3372 1130 3441 depasta
1180 3391 1467 3444 corporum
1504 3377 1721 3433 illorum
1758 3392 1939 3448 partes

361 3459 518 3513 elIici.
557 3460 688 3525 Qua:
712 3463 931 3540 quidem
963 3479 1176 3518 rursum
1214 3468 1280 3521 ab
1316 3468 1648 3533 hominibus,
1691 3481 1783 3525 aut
1814 3472 1938 3527 aliis

367 3552 695 3606 animalibus
734 3556 994 3610 devorata
1029 3558 1270 3612 vicissim
1324 3569 1624 3627 mutantur,
1659 3574 1710 3616 et
1766 3564 1940 3617 homi-

361 3659 490 3696 num
531 3645 612 3696 vel
655 3645 886 3700 aliorum
925 3649 1241 3703 animalium
1269 3667 1500 3722 corpora
1531 3653 1664 3707 ﬁunt
1697 3670 1712 3708 :
1745 3671 1846 3724 qua
1883 3672 1940 3710 re

362 3735 560 3802 saepius
610 3737 860 3804 repetita,
897 3755 1120 3795 necesse
1153 3752 1234 3797 est
1284 3744 1425 3798 idem
1459 3759 1656 3813 corpus
1689 3747 1935 3815 complu—

361 3827 500 3879 rium
534 3828 812 3882 hominum
853 3831 1050 3900 saapius
1093 3848 1213 3888 esse
1247 3843 1480 3903 partem.
1516 3835 1806 3904 Cuiusnam
1835 3837 1936 3906 igi-

361 3928 451 3972 tur
490 3921 542 3972 in
579 3923 984 3978 resurrectione
1027 3941 1226 3994 corpus
1253 3941 1373 3982 esse
1405 3928 1667 3982 debebit?
1708 3929 1783 3982 lta
1838 3945 1936 3982 nos

359 4011 506 4066 velut
533 4014 742 4067 ratione
775 4016 1021 4070 destituti
1067 4019 1117 4071 in
1148 4019 1443 4075 altissimas
1471 4023 1734 4090 quasdam
1765 4036 1935 4092 nugas

355 4110 517 4168 atque
551 4101 782 4171 ineptias
819 4105 1175 4161 devolvimur.
1207 4108 1474 4163 Caeterum
1501 4120 1622 4180 post
1649 4112 1762 4165 hanc
1784 4129 1810 4164 a
1843 4127 1936 4165 no-

357 4191 442 4245 bis
476 4193 709 4260 objecta,
760 4211 823 4249 eo
857 4196 1075 4250 denmm
1127 4214 1185 4253 se
1220 4200 1482 4269 referunt,
1519 4211 1576 4255 ut
1614 4206 1794 4256 omnia
1826 4205 1934 4259 Deo

356 4286 630 4353 possibilia
668 4302 788 4341 esse
846 4289 1055 4354 dicant,
1110 4298 1272 4359 atque
1323 4293 1388 4347 ad
1436 4294 1746 4363 opinionem
1780 4310 1932 4348 suam

353 4377 599 4444 quaedam
657 4379 960 4448 Scripturze
1001 4385 1333 4450 testimonia,
1377 4400 1495 4454 quae
1533 4386 1710 4454 primo
1744 4385 1933 4442 obvio-

352 4485 457 4539 que
487 4486 647 4526 sensu
687 4473 904 4527 illorum
956 4477 1283 4530 conﬁrmare
1311 4478 1502 4545 dogma
1531 4476 1801 4541 videntur,
1838 4492 1932 4530 ac-
1968 4511 2009 4565 υ

354 4565 699 4618 reinmodare
727 4565 1004 4622 nituntur.
1042 4569 1213 4634 Quale
1253 4578 1335 4622 est
1369 4565 1672 4622 Ezechielis
1714 4568 1842 4622 illud
1869 4569 1890 4599 ⁸
1919 4586 1931 4622 :

360 4671 376 4703 ι
435 4652 502 4705 Ει
556 4653 694 4706 facta
726 4665 808 4710 est
839 4672 1006 4726 super
1051 4674 1138 4714 me
1171 4673 1363 4713 manus
1398 4658 1632 4724 Domini,
1665 4669 1720 4712 et
1747 4659 1935 4713 eduxit

353 4761 439 4799 me
474 4745 526 4798 in
563 4749 781 4815 spiritu,
810 4759 866 4804 ct
904 4752 1084 4819 posuit
1116 4767 1201 4805 me
1235 4751 1284 4804 in
1323 4751 1499 4805 medio
1531 4751 1729 4819 campi,
1765 4760 1817 4804 et
1842 4751 1932 4804 hic

353 4846 471 4890 erat
523 4839 712 4907 plenus
747 4843 964 4896 ossibus
998 4841 1300 4898 hominum.
1336 4843 1401 4896 Et
1433 4843 1796 4898 circumduxit
1845 4857 1931 4897 me

353 4930 418 4981 ad
446 4945 506 4983 ea
537 4947 631 5000 per
656 4933 980 4999 circuitum;
1019 4944 1072 4988 ct
1101 4949 1229 4988 ecce
1266 4930 1435 4987 multa
1466 4932 1623 4986 valde
1657 4933 1706 4985 in
1735 4947 1928 5001 super-

353 5022 472 5077 ﬁcie
503 5026 716 5092 campi;
770 5035 824 5081 et
859 5042 988 5080 ecce
1042 5027 1153 5093 ipsa
1188 5024 1335 5078 arida
1369 5024 1548 5078 valde.
1588 5023 1826 5076 Et'dixit
1860 5023 1925 5076 ad

352 5129 478 5168 me:
511 5115 611 5169 Fili
653 5117 910 5182 hominis,
969 5116 1011 5170 si
1049 5117 1232 5170 vivent
1279 5131 1402 5168 ossa
1461 5115 1619 5168 haec?
1655 5115 1718 5167 Et
1772 5115 1926 5168 dixi:

352 5207 573 5261 Domine
627 5208 788 5272 Deus,
821 5218 877 5264 tu
930 5209 1044 5277 ipsa
1080 5197 1244 5261 nosti.
1281 5208 1346 5260 Et
1373 5208 1506 5260 dixit
1534 5208 1599 5259 ad
1628 5220 1711 5258 me
1745 5222 1758 5258 :
1793 5203 1929 5260 Pro»

345 5299 584 5368 pbetiza,
613 5301 682 5353 ﬁli
720 5301 976 5356 hominis.
1014 5301 1081 5353 Et
1116 5301 1327 5352 locutus
1362 5314 1478 5352 sum
1506 5297 1569 5349 ad
1603 5298 1716 5350 hme
1753 5319 1762 5350 :
1792 5299 1924 5352 Ossa

347 5395 516 5459 arida,
555 5398 737 5450 audite
787 5397 1010 5450 verbum
1062 5394 1295 5450 Domini.
1333 5393 1456 5448 "33c
1491 5393 1624 5445 dicit
1658 5392 1917 5448 Dominus

411 5485 433 5516 '
458 5487 656 5540 Ezech.
686 5504 894 5552 xxxv",
928 5490 950 5544 l
982 5497 1036 5541 et
1067 5502 1221 5556 seqq.

416 5577 526 5646 (59)
561 5581 710 5634 Οὔτε
753 5582 818 5635 τὸ
883 5582 1225 5651 Ἐὅραϊκόν,
1293 5588 1399 5633 etc.
1462 5576 1729 5651 Scholion
1782 5577 1925 5651 istud

346 5644 530 5701 Griere
557 5653 817 5704 exhibent
850 5644 1061 5706 sche'dac
1091 5651 1507 5705 Combeﬁsianar
1531 5682 1544 5705 ,
1581 5661 1630 5701 et
1692 5647 1925 5702 Grabsa-

346 5731 461 5798 tutu,
486 5716 540 5769 ln
569 5721 774 5798 _Catcn.t
804 5724 1046 5798 (Inrderii
1073 5721 1355 5775 Gennadio
1391 5720 1710 5798 ςιενιχίιξῖιιξι·ἶ
1813 5789 1822 5798 _

410 5787 522 5858 (60)
549 5789 788 5844 [labetur
821 5793 958 5846 istud
996 5795 1356 5862 fragmentum
1385 5791 1522 5860 apud
1561 5789 1920 5859 l‘lpipltanium

2056 1908 2404 1980 ἀκεραίότητι
2433 1910 2632 1973 αὐτῶν,
2669 1913 2716 1963 εί
2762 1917 3224 1986 συναναστήσεται
3261 1919 3331 1973 τὰ
3363 1905 3636 1994 ἇποῤῥεύ-

2057 2013 2226 2049 σαντα
2271 1999 2328 2049 ἐν
2359 1997 2738 2068 φλεϐοτομίαις
2776 2001 3005 2072 αἵματα,
3055 2007 3148 2058 xui
3181 2008 3236 2059 αἱ
3269 2009 3490 2080 σάρκες,
3544 2009 3636 2067 καὶ

2054 2089 2109 2138 αἱ
2149 2087 2333 2156 τρίχες
2366 2089 2419 2140 αἱ
2453 2086 2672 2142 πώποτε
2707 2091 3016 2161 γενόμεναι,
3047 2093 3078 2164 ἢ
3119 2095 3276 2165 μόναι
3303 2101 3356 2152 αἱ
3394 2102 3532 2172 πρὸς
3568 2107 3632 2173 τῇ

2055 2176 2218 2247 ἐξόδῳ
2253 2178 2586 2250 θλιϐόμεναι,
2617 2183 2696 2244 είς
2728 2181 2786 2233 τὸ
2824 2183 2902 2253 τῷ
2929 2183 3047 2254 Θεῷ
3080 2189 3250 2238 ποιεῖν
3293 2189 3404 2260 (61)
3435 2191 3468 2244 ἃ
3515 2193 3638 2263 βού-

2052 2270 2201 2322 λεται
2235 2271 2679 2342 προστρέχουσιν.
2718 2275 2779 2327 Οἱ
2820 2275 2876 2326 δὲ
2908 2278 3272 2350 γενναιότεροι
3315 2283 3514 2346 αὐτῶν,
3547 2286 3634 2339 ῖνα

2055 2358 2129 2431 μὴ
2179 2359 2599 2428 ἀναγκάζωνται
2634 2364 2702 2416 τά
2736 2365 2876 2416 αὐτὰ
2925 2368 3134 2437 αἵματα
3188 2375 3513 2441 συναγαγεῖν
3556 2375 3635 2445 τῷ

2050 2448 2192 2519 λόγῳ
2226 2450 2260 2504 ἃ
2297 2451 2558 2516 πολλάκις
2604 2455 2969 2526 ἀποκριθῆναι
3011 2459 3118 2512 τῶν
3166 2463 3434 2532 σωμάτων
3471 2466 3632 2538 ἡμῶν

2053 2542 2272 2614 συνέϐη,
2296 2546 2427 2614 φασὶ
2460 2545 2518 2598 τὸ
2546 2547 2638 2599 ἐπὶ
2662 2548 2803 2600 τέλει
2834 2549 2988 2619 ἡμῶν
3017 2552 3416 2623 ἀναστήσεσθαι
3451 2557 3624 2627 σῶμα.

2050 2631 2564 2708 Προσηπορήσαμεν
2607 2639 2664 2692 δὲ
2709 2639 2796 2692 διὰ
2828 2639 2888 2692 τὸ
2925 2643 3163 2716 τρεπτὴν
3200 2640 3338 2698 εἶναι
3383 2647 3480 2717 τὴν
3519 2665 3624 2700 σω-

2053 2729 2289 2800 ματικὴν
2330 2728 2509 2797 φύσιν,
2541 2730 2635 2783 xui
2666 2731 2889 2785 τοιαῦτα
2933 2733 3122 2807 ὥσπερ
3153 2739 3231 2799 εἰς
3272 2736 3330 2790 τὸ
3359 2738 3622 2809 ἡμέτερον

2049 2819 2210 2890 σῶμα
2257 2822 2311 2873 ui
2361 2822 2560 2892 τροφαὶ
2612 2826 3059 2890 κατατάττονται,
3105 2829 3197 2880 καὶ
3229 2829 3623 2897 μεταϐάλλουσι

2045 2911 2145 2974 τὰς
2179 2913 2516 2983 ὁμοιότητας,
2553 2913 2723 2979 οὕτως
2754 2917 2848 2968 xui
2873 2917 2941 2970 τὰ
2972 2919 3216 2990 ἡμέτερα
3261 2919 3484 2990 σώματα
3529 2941 3624 2994 με-

2047 3003 2420 3069 ταϐάλλονται,
2475 3005 2567 3058 καὶ
2601 3007 2658 3059 ὲν
2691 3008 2805 3069 τοῖς
2864 3010 3217 3081 σαρκοῦόροις
3268 3013 3474 3074 οἰωνοῖς
3529 3009 3626 3064 καὶ

2049 3092 2258 3164 θηρίοις
2299 3093 2571 3164 γίγνονται
2619 3095 2755 3168 μέρη
2791 3097 2899 3151 τῶν
2932 3099 3156 3152 ἐκείνων
3195 3101 3479 3171 σωμάτων.
3517 3100 3626 3153 Καὶ

2050 3183 2208 3237 πάλιν
2242 3187 2423 3238 ἐκεῖνα
2466 3186 2570 3238 ὑπὸ
2625 3187 2987 3259 ἀνθρώπω·θῆ
3027 3190 3227 3260 ἑτέρων
3264 3191 3417 3255 ζώων
3448 3191 3624 3245 ἐσθιό-

2050 3292 2187 3346 μενα
2218 3278 2686 3348 ἀντιμεταϐάλλει,
2721 3280 2814 3332 xui
2847 3281 3054 3349 γίνεται
3099 3281 3464 3356 ἁνθρὼπωνῆ
3509 3284 3626 3337 ἑτέ-

2049 3390 2158 3443 ρων
2191 3372 2344 3437 ζώων
2381 3373 2607 3444 σώματα
2627 3392 2639 3404 ·
2675 3376 2769 3428 xui
2797 3376 2988 3428 τούτου
3022 3377 3114 3428 ἐπὶ
3137 3377 3268 3429 πολὺ
3298 3379 3621 3448 γιγνομένου

2046 3466 2258 3535 ἀνάγκη
2290 3466 2350 3518 τὸ
2380 3467 2509 3518 αὐτὸ
2547 3465 2704 3536 σῶμα
2744 3466 2998 3520 πλειόνων
3035 3468 3334 3538 ἀνθρώπων
3366 3469 3625 3532 πολλάκις

2045 3560 2299 3629 γενέσθαι
2339 3560 2520 3630 μέρος.
2569 3560 2722 3623 Τίνος
2753 3557 2845 3612 οὖν
2881 3561 3034 3612 ἔσται
3079 3560 3238 3629 σῶμα
3287 3561 3344 3612 ὲν
3393 3563 3458 3631 τῇ
3494 3564 3626 3614 ἁνα-

2046 3652 2264 3715 στάσει;
2300 3653 2407 3704 Καὶ
2443 3649 2615 3714 οὕτως
2645 3654 2721 3714 εἰς
2777 3651 2933 3722 βυθὸν
2978 3652 3244 3723 φλυαρίας
3293 3651 3441 3722 ἡμᾶς
3493 3649 3619 3704 ἀλό-

2044 3759 2173 3810 γους
2207 3742 2317 3814 (62)
2352 3741 2692 3812 συμϐήσεται
2738 3743 3048 3813 ἐμπίπτειν.
3098 3742 3205 3796 Καὶ
3245 3742 3382 3810 μετὰ
3420 3743 3620 3806 ταύτας

2042 3835 2138 3897 τὰς
2185 3834 2438 3902 ἀπορίας,
2483 3835 2574 3887 ἐπὶ
2608 3833 2667 3888 τὸ
2713 3834 2890 3889 πάντα
2937 3834 3136 3888 δυνατὰ
3191 3831 3325 3890 εἶξαι
3374 3832 3451 3905 τῷ
3501 3835 3622 3908 Θεῴ

2043 3923 2474 3991 καταφεύγουσι,
2528 3923 2620 3976 καὶ
2669 3923 2842 3990 λέξεις
2890 3923 2996 3976 τῶν
3053 3926 3283 3996 Γραφῶν
3319 3925 3621 3996 δυναμένας

2043 4015 2185 4070 κατὰ
2231 4015 2329 4087 τὴν
2385 4018 2671 4088 πρόχειρον
2725 4015 2951 4086 ἐκδοχὴν
2987 4017 3310 4070 ὑποϐάλλειν
3357 4018 3418 4069 τὸ
3470 4017 3619 4072 νοού-

2045 4125 2204 4179 μενον
2227 4111 2411 4173 αὐτοῖς
2445 4109 2808 4180 προφέρονται
2829 4125 2842 4138 ο
2877 4103 2988 4160 οἷον
3015 4107 3111 4178 τὴν
3134 4109 3190 4161 ἐν
3213 4109 3290 4178 τῷ
3329 4109 3611 4180 Ἰεζεχιηλ·

2047 4220 2066 4252 ‹
2101 4196 2209 4253 Καὶ
2243 4199 2457 4269 ἐγένετο
2491 4203 2576 4253 ἐπ’
2601 4199 2700 4270 ἐμὲ
2733 4195 2854 4271 χελρ
2885 4199 3087 4270 Κυρίου
3107 4215 3119 4228 ’
3151 4198 3242 4251 xui
3271 4198 3506 4268 ἐξήγαγέ
3552 4215 3618 4270 με

2039 4296 2096 4347 ὲν
2130 4291 2421 4364 πνεύματι,
2455 4293 2552 4345 xui
2593 4290 2756 4362 ἔθηκέ
2792 4308 2857 4362 με
2887 4291 2943 4343 έν
2979 4290 3128 4361 μέσῳ
3161 4290 3254 4343 τοῦ
3290 4289 3490 4356 πεδίου,
3524 4290 3619 4346 xui

2039 4383 2197 4437 τοῦτο
2227 4380 2294 4454 ἦν
2329 4382 2523 4454 μεστὸν
2553 4382 2755 4436 ὀστέων
2790 4380 3111 4452 ἀνθρώπων.
3152 4380 3262 4432 Καὶ
3313 4379 3617 4451 περιήγαγε

2045 4494 2110 4546 με
2147 4476 2233 4530 ἐπ’
2270 4476 2406 4529 αὐτὰ
2448 4473 2709 4528 κυκλόθεν
2743 4472 2956 4543 κύκλῳ·
2991 4473 3084 4524 xui
3127 4471 3232 4523 ἰδοὺ
3270 4470 3442 4523 πολλὰ
3485 4469 3616 4540 σφό-

2037 4568 2141 4639 δρα.
2167 4567 2259 4620 ἐπὶ
2291 4565 2583 4639 προσώπου
2615 4565 2708 4618 τοῦ
2760 4563 2942 4616 πεδίου
2962 4580 2976 4593 ·
3013 4564 3106 4616 xui
3143 4563 3270 4626 ἰδοὺ,
3307 4561 3445 4616 αὐτὰ
3476 4561 3615 4634 ξηρὰ

2037 4657 2176 4712 λίαν.
2209 4657 2321 4710 Καὶ
2363 4655 2483 4710 εἷπε
2515 4657 2653 4726 πρὸς
2690 4655 2788 4726 μέ·
2827 4655 2922 4708 Υἱὲ
2966 4651 3275 4725 ἀνθρώπου,
3311 4656 3357 4706 εἰ
3391 4654 3615 4725 ζήσεται

2498 4707 2570 4745 .’Ὶ

2035 4748 2108 4801 τὰ
2154 4749 2315 4801 ὀστέα
2383 4741 2593 4811 turi-Cu;
2654 4748 2763 4800 Καὶ
2817 4741 2994 4799 εἷπον·
3043 4745 3212 4832 Κύριε
3257 4745 3286 4797 ὁ
3345 4744 3495 4808 Θεὸς,
3551 4743 3614 4796 σὺ

2036 4839 2328 4892 ἐπίστασαι
2357 4841 2550 4892 ταῦτα.
2598 4839 2708 4891 Καὶ
2747 4834 2864 4890 εἷπε
2898 4835 3034 4909 πρὸς
3070 4837 3169 4907 μέ’
3205 4837 3612 4908 Προφήτευσον,

2037 4931 2119 4986 υἱὲ
2165 4931 2471 5003 ἀνθρώπου.
2504 4931 2614 4984 Καὶ
2646 4925 2796 4982 εἷπον
2831 4928 2964 5001 πρὸς
3009 4929 3147 4982 αὑτά
3170 4946 3183 4959 -
3223 4929 3302 4982 Τὰ
3344 4926 3512 4982 ὀστέα
3547 4926 3614 4979 τὰ

2039 5024 2180 5096 ξηρά
2229 5025 2434 5086 ταῦτα,
2482 5021 2750 5075 ἀκούσατε
2796 5021 2952 5088 λόγον
2999 5021 3240 5090 Κυρίου·
3291 5017 3414 5072 τάδε
3467 5016 3615 5086 λέγει

2047 5116 2271 5172 Ἀδωναῒ
2324 5116 2528 5187 Κύριος
2586 5117 2698 5177 τοῖς
2759 5112 2968 5176 ὀστέοις
3017 5111 3258 5172 τούτοις·
3313 5109 3443 5162 Ἰδοὺ
3501 5106 3612 5176 ἐγὼ

2037 5209 2243 5277 εἰσάγω
2285 5210 2364 5270 εἰς
2397 5207 2540 5276 ὑμᾶς
2587 5205 2800 5274 πνεῦμα
2836 5204 2998 5274 ζωῆς,
3030 5202 3122 5255 xui
3151 5202 3304 5255 δώσω
3352 5203 3432 5263 εἰς
3466 5199 3611 5269 ὑμᾶς

2036 5302 2225 5373 νεῦρα,
2259 5304 2354 5353 καὶ
2389 5298 2573 5364 ἐπάξω
2610 5296 2694 5367 ἐφ’
2722 5297 2864 5368 ὑμᾶς
2909 5297 3137 5367 σάρκας,
3169 5294 3262 5347 καὶ
3293 5291 3496 5345 ἐκτενῶ
3525 5289 3611 5358 ἐφ’

2027 5399 2171 5468 ὑμᾶς
2194 5397 2390 5467 δέρμα,
2425 5395 2517 5446 καὶ
2550 5392 2705 5446 δώσω
2736 5388 2795 5445 τὸ
2821 5389 3040 5461 πνεῦμά
3072 5406 3171 5459 μου
3206 5387 3289 5455 ἐφ’
3322 5386 3487 5456 ὑμᾶς,
3519 5382 3612 5438 καὶ

2037 5576 2600 5716 ¹¹Ἕῖῆῗ.ἱ¹ίθὶῖ.ποιεῖν
2633 5645 2784 5698 deest
2833 5641 3170 5713 ἐπιτρέπεινν
3236 5639 3320 5696 vel
3359 5639 3480 5711 quid
3508 5637 3583 5694 Si-

2134 5734 2178 5768 ﬂ.

2134 5734 2178 5768 ﬂ.

2038 5720 2213 5857 milia)
2257 5787 2306 5839 Ἀ
2333 5789 2553 5855 ῖίγτηνς.
2589 5783 2749 5839 Forte
2781 5783 3008 5851 ἀλόγως.
