4124 6432
461 350 599 405 1395

1445 343 1751 400 SELECTA
1792 344 1856 399 IN
1891 341 2225 398 PSALMOS.
2271 375 2338 382 ——
2372 345 2564 399 PSAL.
2609 346 2650 401 Ι.

3568 360 3706 420 i035

449 469 706 541 ζήσεσθεο
741 469 832 522 καὶ
874 468 1112 538 Οήσομαι
1145 467 1290 537 ὑμᾶς
1326 468 1417 519 ἐπὶ
1465 468 1564 537 τὴν
1594 468 1696 536 γῆν
1729 467 1903 538 ύμῶν,
1935 469 2013 519 κα¹

2141 466 2278 520 Deus
2309 467 2524 521 ossibus
2557 468 2663 523 illis
2698 486 2710 523 :
2744 469 2883 525 Ecce
2915 487 3013 541 ego
3049 473 3297 532 inducam
3343 480 3396 534 in
3422 497 3515 538 vos
3540 485 3706 554 spiri-
3746 486 3760 505 ’

446 559 720 626 γνώσεσθε
769 561 848 612 ὅτι
894 557 1004 627 ἐγώ
1055 561 1168 628 εἰμι
1216 558 1442 629 Κύριος.
1482 577 1499 609 ι
1549 559 1734 628 Τούτῳ
1794 558 1890 628 μὲν
1935 553 2026 610 οὖν

445 653 803 724 πιθανωτέρῳ
831 652 1068 722 χρῶνται
1098 651 1176 720 τῷ
1206 651 1380 722 prima
1416 651 1511 703 xui.
1541 652 1674 706 ἄλλα
1699 652 1754 704 δὲ
1778 651 2025 720 λέγουσιν

443 744 794 812 εὐαγγελικὰ,
831 740 961 806 οἷον,
1003 743 1076 806 ὼς
1125 743 1205 805 τὸ,
1253 763 1269 793 ‹
1313 742 1457 794 Ἐκεῖ
1511 739 1658 794 ἕσται
1691 744 1718 794 ὸ
1752 739 2028 811 κλαυθμὸς

445 838 540 890 καὶ
566 840 592 890 ό
631 837 873 906 βρυγμὸς
893 835 1000 888 τῶν
1034 835 1289 887 ὀδόντων·
1323 854 1339 884 ›
1372 834 1566 894 καὶτὸ,
1597 852 1613 883 ι
1634 833 1905 904 Φοϐήθητε
1937 835 2025 886 τὸν

446 929 740 998 δυνάμενον
762 928 854 980 καὶ
880 927 1056 998 ψυχὴν
1075 927 1166 979 καὶ
1191 927 1350 996 σῶμα
1385 925 1646 979 ἀπολέσαι
1675 927 1732 978 ὲν
1755 926 1970 998 γεέννῃ·
2000 945 2018 976 ›

446 1021 539 1072 καὶ
571 1021 630 1073 τὸ
668 1021 726 1072 ὲν
771 1021 848 1090 τῷ
881 1019 1110 1088 Παύλῳ·
1151 1038 1167 1068 ι
1198 1019 1529 1087 Ζωοποιήσει
1559 1018 1627 1070 τὰ
1675 1016 1841 1086 θνητὰ
1870 1017 2023 1087 ὑμῶν

447 1111 694 1182 σώματα,
723 1111 811 1164 διὰ
849 1111 910 1164 τὸ
960 1110 1201 1164 ἐνοικοῦν
1231 1108 1395 1162 αὑτοῦ
1442 1107 1666 1180 Πνεῦμα
1717 1111 1775 1161 ἐν
1819 1111 1963 1179 ὑμῖν.
1997 1129 2015 1161 ι

445 1205 564 1276 Χρὴ
597 1205 651 1256 δὲ
677 1205 854 1257 πάντα
885 1203 975 1256 τὸν
1004 1201 1269 1273 φιλαλήθη
1317 1202 1435 1254 κατ’
1463 1202 1625 1254 αὑτὸν
1672 1190 1782 1272 (65)
1810 1202 2022 1267 τούτοις

447 1296 536 1348 τὸν
580 1296 702 1348 νοῦν
749 1296 1118 1366 ἐπιστήσαντα
1156 1294 1409 1365 περὶτῆς
1438 1294 1784 1358 ἀναστάσεως
1825 1296 2021 1364 ἀγωνί-

449 1387 665 1451 σασθαι,
695 1388 865 1440 σῶσαί
891 1405 952 1438 τε
995 1387 1090 1439 καὶ
1132 1387 1228 1456 τὴν
1262 1385 1372 1439 τῶν
1411 1386 1653 1457 ἀρχαίων
1700 1388 2044 1459 παράδοσιν,

446 1481 539 1532 καὶ
605 1480 942 1547 φυλάξασθαι
1010 1480 1270 1548 ἐμπεσεῖν
1322 1479 1402 1540 εἰς
1463 1478 1728 1550 φλυαρίαν
1788 1479 2019 1550 πτωχῶν

438 1570 748 1637 νοημάτων,
777 1569 1055 1623 ἀδυνάτων
1077 1587 1134 1621 τε
1164 1569 1278 1639 ἅμα
1301 1570 1396 1621 καὶ
1417 1569 1551 1621 Θεοῦ
1577 1570 1828 1635 ἀναξίων.
1851 1572 2018 1625 Τοῦτο

443 1660 534 1716 οὖν
567 1667 645 1728 εἰς
695 1667 785 1718 τὸν
836 1665 999 1719 τόπον
1056 1664 1400 1734 διαληπτέον,
1442 1665 1522 1716 ὅτι
1558 1667 1664 1718 πᾶν
1709 1666 1868 1736 σῶμα
1914 1666 2017 1720 ὑπὸ

440 1756 659 1823 φύσεως
685 1757 1038 1826 συνεχόμενον
1079 1755 1179 1824 τῆς
1206 1755 1646 1827 καταταττούσης
1676 1757 1871 1823 ἔξωθέν
1897 1777 2015 1811 τινα

443 1847 596 1915 δίκην
641 1848 844 1916 τροφῆς
871 1848 950 1908 εἰς
997 1845 1147 1909 αὐτὸ,
1178 1845 1271 1898 καὶ
1315 1847 1718 1918 ἀποκρινούσης
1744 1848 1864 1901 ἀντὶ
1911 1850 2018 1903 τῶν

444 1938 881 2008 ἐπεισαγομένων
916 1937 1099 2008 ἕτερα,
1125 1936 1314 2008 ὥσπερ
1337 1937 1405 1990 τὰ
1438 1938 1545 1991 τῶν
1577 1939 1758 2007 φυτῶν
1793 1945 1883 1994 καὶ
1910 1941 2018 1994 τῶν

446 2028 618 2095 ζώων,
654 2029 712 2082 τὸ
755 2030 937 2082 ὑλικὸν
968 2028 1324 2100 ὑποκείμενον
1375 2029 1628 2083 οὐδέποτε
1669 2030 1780 2100 ἔχει
1803 2033 2016 2088 ταυτόν.

443 2121 639 2193 Διόπερ
665 2121 724 2173 ού
754 2122 940 2185 κακῶς
974 2123 1217 2194 ποταμὸς
1248 2121 1562 2192 ὠνόμασται
1590 2123 1651 2175 τὸ
1687 2124 1874 2194 σῶμα·
1910 2124 2018 2176 8L6-

441 2227 512 2274 τι,
559 2211 632 2274 ὡς
677 2211 812 2282 πρὸς
856 2211 918 2264 τὸ
972 2212 1194 2282 ἀκριϐὲς
1221 2213 1379 2283 τάχα,
1412 2213 1529 2265 οὐδὲ
1562 2213 1652 2266 δύο
1699 2215 1921 2286 ἡμερῶν
1957 2215 2017 2268 τὸ

440 2300 654 2372 πρῶτον
703 2303 1060 2374 ὑποκείμενον
1110 2304 1306 2356 ταυτόν
1358 2305 1506 2358 ἐστιν
1555 2306 1612 2358 ὲν
1671 2307 1746 2377 τῷ
1805 2308 2016 2378 σώματι

441 2393 628 2463 ἡμῶν·
663 2393 908 2462 καίτοιγε
962 2393 1054 2447 τοῦ
1086 2390 1196 2448 οἷον
1242 2395 1274 2466 ἢ
1321 2396 1550 2460 Παύλου,
1584 2399 1616 2469 ἢ
1652 2384 1879 2470 Πέτρου,
1930 2402 2015 2454 ἀεὶ

439 2486 532 2538 τοῦ
578 2487 743 2539 αὑτοῦ
790 2487 962 2552 ὄντος,
991 2488 1052 2538 οὑ
1097 2486 1190 2539 τοῦ
1242 2487 1386 2540 κατὰ
1429 2488 1603 2559 ψυχὴν
1641 2491 1821 2559 μόνου,
1873 2489 1940 2562 ἧς
1981 2495 2013 2564 ἡ

440 2577 596 2629 οὐσία
628 2577 749 2629 οὔτε
786 2580 870 2648 ῥεῖ
891 2577 1012 2630 καθ’
1039 2579 1206 2648 ἡμᾶς,
1227 2578 1337 2631 οὔτ’
1367 2580 1791 2650 ἐπεισαγόμενόν
1817 2601 1868 2634 τι
1904 2582 2014 2653 ἕχει

441 2666 593 2729 ποτὲ,
624 2665 727 2719 κᾶν
765 2668 962 2737 ρευστὴ
1009 2662 1076 2736 ἦν
1108 2668 1140 2737 ἡ
1183 2666 1342 2736 φύσις
1395 2667 1488 2720 τοῦ
1539 2668 1807 2739 σώματος,
1846 2671 1922 2742 τῷ
1954 2673 2015 2725 τὸ

439 2755 577 2822 εἶδος
607 2759 666 2812 τὸ
689 2759 1088 2830 χαρακτηρξζον
1111 2760 1171 2812 τὸ
1204 2759 1360 2830 σῶμα
1391 2762 1586 2814 ταυτὸν
1617 2757 1753 2814 εἶναι
1775 2781 1786 2792 '
1817 2763 1892 2826 ὡς
1921 2765 2014 2818 καὶ

436 2851 566 2914 τοὺς
611 2850 812 2914 τύπους
861 2851 1040 2920 μένειν
1071 2852 1195 2913 τοὺς
1241 2853 1455 2916 αὐτοὺς,
1497 2855 1575 2915 εἰς
1603 2853 1699 2924 τὴν
1743 2856 1852 2926 (Gri)
1896 2874 2015 2908 ποι-

435 2941 604 3008 ότητα
633 2943 838 3014 Πέτρου
881 2942 971 2994 καὶ
1005 2941 1216 2993 Παύλου
1248 2943 1345 3012 τὴν
1393 2946 1707 3014 σωματικὴν
1749 2947 2016 3017 παριστά-

439 3051 665 3097 νοντας·
719 3034 840 3086 καθ’
887 3035 953 3104 ἦν
1002 3035 1264 3104 ποιότητα
1326 3035 1418 3087 καὶ
1473 3036 1626 3088 οὐλαὶ
1693 3041 1754 3090 ἐκ
1807 3041 2013 3094 παίδων

436 3125 812 3195 παραμένουσι
841 3128 952 3188 τοῖς
981 3125 1217 3195 σώμασι,
1262 3129 1352 3179 καὶ
1380 3126 1515 3180 ἄλλα
1557 3128 1677 3180 τινὰ
1726 3129 2006 3200 ἰδιώματα,
2039 3153 2080 3209 C

437 3218 620 3285 φακοί.
657 3217 764 3269 Καὶ
809 3219 900 3270 ἐπὶ
933 3217 1142 3281 τούτοις
1177 3217 1228 3269 εἴ
1265 3235 1317 3270 τι
1365 3220 1510 3272 ἐστὶν
1548 3220 1727 3289 ὅμοιον
1760 3223 1916 3277 τοῦτο
1948 3225 2008 3278 τὸ

438 3304 596 3370 εἶδος,
626 3307 744 3360 καθ’
771 3306 799 3358 ὃ
824 3308 1165 3360 εἰδοποιεῑται
1198 3308 1226 3360 ὁ
1273 3308 1477 3379 Πέτρος
1505 3312 1595 3362 καὶ
1625 3311 1652 3361 ὁ
1685 3311 1918 3378 Παῦλος,
1949 3315 2010 3368 τὸ

434 3401 769 3469 σωματικὸν,
796 3400 823 3453 ὃ
857 3403 912 3453 ἐν
949 3403 1015 3471 τῇ
1053 3401 1346 3454 ἀναστάσει
1385 3403 1718 3474 περιτίθεται
1751 3407 1910 3460 πάλιν

383 3555 390 3564 _
437 3489 602 3561 ψυχῇ,
632 3491 724 3542 ἐπὶ
768 3490 828 3543 τὸ
875 3493 1119 3561 κρεῖττον
1165 3491 1518 3560 μεταϐάλλον,
1554 3495 1614 3546 ού
1649 3495 1866 3560 πάντως
1892 3499 2010 3554 τόδε

440 3581 521 3632 ἔτι
550 3582 940 3652 ὲντεταγμένον
974 3581 1034 3634 τὸ
1066 3582 1207 3636 κατὰ
1250 3583 1347 3654 τὴν
1381 3583 1606 3656 πρώτην
1633 3587 2006 3661 ὑποκείμενον.

437 3675 649 3746 Ὥσπερ
700 3674 810 3744 (65')
843 3675 899 3727 δὲ
931 3674 991 3727 τὸ
1040 3671 1176 3738 εἶδός
1209 3677 1325 3729 ἐστι
1380 3678 1540 3749 μέχρι
1590 3679 1683 3732 τοῦ
1742 3681 2007 3753 πέρατος,

436 3765 537 3819 κᾶν
569 3769 616 3818 οἱ
662 3765 1006 3836 χαρακτῆρες
1040 3765 1249 3818 δοκῶσι
1297 3767 1498 3838 πολλὴν
1549 3768 1693 3839 ἔχειν
1737 3772 2012 3844 παραλλα-

435 3855 570 3925 γήν·
621 3853 793 3915 οὕτως
847 3853 1063 3922 νοητέον
1100 3855 1193 3906 καὶ
1240 3856 1331 3906 ἐπὶ
1389 3855 1481 3907 τοῦ
1537 3858 1822 3927 παρόντος,
1873 3858 2011 3926 εἶδος

433 3946 628 3998 ταυτὸν
660 3943 795 3997 εἶναι
837 3943 913 4013 τῷ
961 3944 1228 4014 μέλλοντι,
1283 3946 1542 4018 πλείστης
1575 3950 1705 4018 ὅσης
1747 3951 2009 4024 ἐσομένης

435 4039 532 4107 τῆς
587 4037 678 4088 ἐπὶ
732 4035 948 4088 κάλλιον
1007 4035 1330 4105 μεταϐολῆς.
1389 4038 1706 4106 Ἀναγκαῖον
1757 4041 1864 4112 γὰρ
1911 4044 2009 4114 τὴν

432 4129 628 4199 ψυχὴν,
673 4131 728 4182 ἐν
774 4128 957 4190 τόποις
1003 4131 1336 4196 σωματικοῖς
1395 4128 1762 4199 ὑπάρχουσαν,
1805 4135 2010 4204 κεχρῆ-

436 4221 556 4273 σθαι
603 4219 814 4290 σώμασι
849 4217 1204 4288 καταλλήλοις
1256 4222 1366 4283 τοῖς
1406 4221 1612 4284 τόποις.
1669 4223 1778 4276 Καὶ
1821 4224 2009 4297 ὥσπερ

433 4315 490 4365 ὲν
526 4313 767 4385 θαλάσσῃ
796 4312 893 4384 ζῇν
924 4313 1075 4383 ἡμᾶς
1106 4310 1359 4382 ἐνύδρους
1390 4313 1710 4382 γενομένους
1741 4317 1789 4367 εἰ
1815 4318 2004 4387 ἐχρῆν,

433 4407 648 4470 πάντως
701 4406 766 4461 ἂν
810 4405 915 4458 ἔδει
957 4403 1341 4476 παραπλησίαν
1388 4405 1531 4474 ἔχειν
1570 4407 1662 4458 καὶ
1695 4407 1792 4480 τὴν
1840 4410 2004 4481 ἄλλην

436 4501 629 4571 ἰχθύων
681 4499 1036 4554 κατάστασιν·
1081 4497 1252 4560 οὕτως
1307 4497 1594 4567 μέλλοντας
1651 4500 2004 4572 κληρονομεῖν
2037 4486 2080 4540 D

434 4592 707 4662 βασιλείαν
743 4591 1006 4662 οὐρανῶν,
1048 4592 1142 4644 καὶ
1189 4591 1247 4643 ἐν
1277 4590 1836 4668 τόποιςίδιαφέρουσιν
1879 4596 2000 4648 ἔσε-

434 4682 576 4747 σθαι,
617 4683 910 4749 ἀναγκαῖον
939 4680 1172 4751 χρῆσθαι
1200 4679 1415 4750 σώμασι
1449 4685 1852 4755 πνευματικοῖς,
1883 4686 2002 4755 οὐχὶ

431 4775 524 4828 τοῦ
559 4773 732 4837 εἴδους
775 4773 867 4826 τοῦ
907 4773 1174 4844 προτέρου
1207 4753 1625 4842 ἀφανιζομένοῶ
1660 4772 1762 4825 κᾶν
1805 4775 1898 4829 ἐπὶ
1942 4780 2002 4833 τὸ

506 4869 526 4900 ⁸
558 4867 749 4920 Matth.
781 4882 897 4928 vni,
936 4869 1022 4919 Η.
1109 4866 1129 4896 ⁷
1157 4865 1349 4919 Matth.
1378 4881 1432 4932 κ,
1461 4864 1551 4918 28.

528 4957 618 5030 6'5)
646 4959 860 5030 Antor.
898 4957 1057 5030 Fo_rtc
1088 4958 1396 5030 legendum,
1438 4957 1636 5013 αὐτῶν.

508 5026 620 5099 (64)
655 5032 759 5093 Εἰς
789 5026 918 5092 τήν.
955 5027 1114 5099 Forte
1140 5029 1267 5099 τοὺς
1296 5029 1416 5099 τήν,
1447 5041 1553 5082 etc.

508 5033 597 5094 (64
655 5033 759 5093 Εἰς
789 5033 918 5092 τήν.
956 5033 1114 5080 Forte
1140 5033 1265 5090 τοὺς
1296 5033 1416 5099 τήν,
1447 5041 1553 5082 etc.

505 5033 620 5169 (65;
649 5101 892 5164 Ὥσπερ,
933 5109 1040 5169 etc.
1076 5096 1237 5169 Iiunc__
1260 5098 1432 5151 locum
1471 5100 1520 5151 in
1556 5098 1810 5168 Apologia
1845 5101 2004 5154 Pam-

433 5166 564 5236 pliili
592 5166 668 5223 Sic
701 5172 861 5219 vertit
895 5166 1123 5220 Rufinus
1153 5185 1174 5236 :7
1201 5166 1345 5218 Sicut
1382 5172 1516 5219 enim
1543 5169 1595 5219 in
1632 5166 1776 5223 nobis
1817 5175 1998 5225 cadent

433 5235 622 5305 species
654 5247 918 5304 permanet
980 5237 1043 5287 ab
1091 5235 1318 5303 infantia
1367 5254 1525 5301 usque
1555 5239 1623 5289 ad
1667 5255 1997 5306 senecmtem,

434 5312 551 5362 licet
597 5311 924 5359 characteres
984 5306 1200 5356 multam
1256 5307 1530 5358 rideantur
1584 5309 1997 5372 immutationem

437 5380 703 5440 recipere:
735 5376 810 5428 ita
863 5373 1252 5442 intelligendum
1300 5383 1377 5427 est
1427 5377 1561 5428 hanc
1607 5380 1827 5442 speciem
1885 5397 2000 5444 ante

434 5461 571 5501 nunc
606 5447 740 5500 inest
769 5445 935 5510 nobis,
961 5447 1126 5512 ipsam
1177 5460 1572 5510 permansurum
1626 5449 1781 5498 etiam
1825 5449 1875 5499 in
1908 5449 1998 5514 [u-

435 5531 582 5581 turo,
616 5517 840 5585 plurima
886 5524 1058 5585 tamen
1094 5515 1454 5585 immutatione
1505 5515 1558 5567 in
1593 5515 1774 5567 melius
1808 5528 1852 5567 et
1885 5519 1998 5585 glo-

436 5583 624 5638 riosius
663 5586 826 5648 facta.
887 5583 1107 5636 Necesse
1164 5595 1236 5634 est
1279 5584 1415 5635 enim
1469 5589 1699 5635 animum
1751 5587 1803 5637 in
1867 5583 1996 5639 locis

435 5660 694 5722 corporeis
717 5654 1035 5708 habitantem
1067 5653 1142 5704 uti
1165 5654 1469 5722 corporibus
1499 5654 1691 5705 talibus
1721 5672 1836 5717 amr
1874 5667 1997 5722 apta

435 5720 537 5775 sint
565 5725 643 5776 his
674 5725 884 5777 locisin
913 5724 1100 5790 quibus
1128 5723 1288 5791 degit.
1326 5720 1392 5774 Et
1435 5724 1591 5779 sicut.
1623 5727 1763 5775 verbi
1813 5720 1996 5780 call-8a.

437 5794 482 5847 si
513 5794 563 5848 in
593 5798 739 5866 aquis
772 5795 931 5848 maris
961 5811 1049 5846 nos
1077 5795 1340 5854 habitare,
1380 5791 1454 5844 vel
1503 5795 1684 5860 degere
1737 5806 1993 5858 posceret.

2139 565 2248 610 tum
2276 559 2423 623 vitm,
2453 568 2506 613 et
2541 574 2737 628 ponam
2768 563 2820 616 in
2851 565 3002 619 vobis
3031 582 3246 636 nervos,
3283 571 3616 630 et'inducam
3651 579 3704 630 in

2135 666 2228 703 vos
2254 668 2468 717 carnes,
2511 665 2560 708 et
2592 657 2880 709 extendam
2911 674 3076 728 super
3108 677 3204 716 vos
3233 675 3438 730 cutem,
3475 677 3530 723 et
3559 671 3703 726 dabo

2134 743 2382 809 spiritum
2443 761 2618 799 meum
2666 745 2718 802 in
2761 763 2876 808 vos,
2925 759 2980 803 et
3013 753 3224 808 vivetis.
3263 755 3329 808 Et
3357 773 3552 826 ponam
3606 777 3706 816 vos

2133 836 2185 889 in
2221 847 2365 890 terra
2399 849 2603 903 vestra,
2640 850 2695 894 et
2741 846 3081 911 cognoscetis
3132 847 3259 915 quia
3293 863 3392 918 ego
3439 865 3557 906 sum
3591 853 3702 908 Do-

2133 929 2333 982 minus.
2384 947 2402 980 ι
2461 929 2573 986 Hoc
2618 932 2784 1002 igitur
2829 935 3164 1002 probabilius
3196 941 3408 994 caeteris
3455 944 3704 999 testimo-

2131 1021 2279 1074 nium
2315 1030 2416 1086 est,
2445 1037 2564 1091 qua:
2608 1038 3037 1080 commemorare
3089 1029 3284 1094 solent,
3316 1043 3513 1098 prmter
3556 1037 3698 1104 quod

2131 1113 2392 1167 nonnulla
2422 1129 2486 1167 cx
2530 1114 2838 1186 Evangeliis
2888 1131 3215 1188 expromunt
3260 1139 3275 1175 :
3330 1122 3496 1188 velut,
3550 1143 3569 1177 ι
3623 1126 3700 1181 lbi

2129 1206 2231 1258 erit
2263 1203 2420 1258 ﬂetus
2440 1216 2493 1259 et
2523 1208 2722 1260 stridor
2746 1208 2988 1261 dentium
3020 1212 3060 1261 °.
3099 1228 3117 1261 ι
3148 1210 3559 1269 Ιίριηειτίῐηειο
3574 1230 3698 1270 eum

2128 1294 2216 1362 qui
2249 1303 2426 1362 potest
2457 1305 2510 1348 et
2557 1298 2792 1350 animum
2831 1308 2881 1350 et
2917 1314 3110 1366 corpus
3138 1303 3362 1370 perdere
3405 1304 3456 1358 in
3500 1307 3701 1375 gehen-

2129 1403 2253 1440 nam
2281 1387 2323 1440 ".
2359 1407 2376 1439 ›
2423 1387 2557 1440 Tum
2589 1389 2719 1442 illud
2751 1405 2818 1443 ex
2863 1389 3032 1444 Paulo
3061 1393 3082 1424 ⁸
3113 1410 3126 1446 :
3167 1412 3185 1444 ι
3228 1395 3698 1453 Vivilicabitmor-

2129 1478 2253 1530 talia
2312 1495 2540 1547 corpora
2577 1490 2778 1543 vestra,
2825 1480 2986 1554 534
3031 1494 3251 1554 propter
3300 1488 3696 1544 inbabitantem

2125 1569 2242 1636 ejus
2263 1569 2523 1639 Spiritum
2557 1572 2606 1624 in
2639 1573 2810 1625 vobis.
2844 1590 2862 1622 ι
2896 1574 3090 1627 Verum
3129 1592 3320 1632 onmes
3347 1595 3442 1634 cos
3469 1595 3698 1638 necesse

2124 1672 2228 1725 est,
2266 1660 2352 1728 qui
2383 1660 2628 1714 veritatis
2677 1663 2858 1715 studio
2894 1664 3190 1728 ducuntur,
3236 1683 3355 1720 cum
3389 1669 3456 1723 ad
3485 1685 3548 1724 ea
3577 1675 3695 1726 ani-

2127 1766 2271 1802 mum
2324 1745 2644 1820 adjecerint’,
2685 1757 2946 1808 adversus
2995 1756 3126 1808 istos
3177 1755 3242 1809 de
3293 1763 3696 1818 resurrectione

2052 1827 2092 1882 Β
2122 1843 2488 1908 contendere;
2545 1854 2602 1896 ut
2635 1853 2691 1897 et
2743 1859 2863 1913 quae
2903 1860 2931 1897 a
2983 1847 3256 1900 veteribus
3293 1852 3490 1905 tradita
3542 1866 3690 1917 sunt,

2124 1937 2497 2003 retineantur;
2540 1938 2704 2005 idque
2745 1954 3059 2006 caveamus,
3095 1955 3163 1995 ne
3197 1942 3250 1996 in
3288 1958 3544 2000 sensuum
3575 1949 3692 2002 ina-

2123 2029 2470 2082 nissimorum
2510 2030 2745 2097 ineptias
2775 2031 3168 2086 descendamus
3195 2051 3207 2100 ;
3241 2050 3429 2088 eorum
3454 2037 3690 2104 scilicet,

2121 2134 2238 2187 quin
2273 2135 2448 2187 neque
2483 2120 2594 2172 lieri
2629 2132 2874 2189 possunt,
2905 2131 2954 2176 et
2988 2124 3168 2178 divina
3225 2128 3511 2196 majestate
3565 2140 3691 2184 sunt

2122 2211 2359 2279 indigna.
2405 2210 2668 2275 Quocirca
2712 2211 2790 2264 sic
2846 2212 2914 2265 ad
2967 2227 3088 2266 eum
3144 2215 3323 2269 locum
3374 2219 3687 2273 ratiocinari

2113 2303 2369 2380 convenit
2405 2322 2415 2354 :
2449 2315 2648 2370 corpus
2677 2316 2856 2368 omne,
2905 2305 3045 2371 quod
3075 2306 3293 2374 quidem
3333 2316 3524 2361 natura
3555 2324 3689 2364 con-

2121 2391 2341 2456 tinetur,
2401 2407 2520 2460 quae
2567 2390 2907 2446 extrinsecus
2941 2394 3226 2463 aliquid-ei
3261 2398 3506 2453 alimenti
3545 2402 3688 2455 asci-

2119 2483 2241 2544 scit,
2272 2496 2478 2550 proque
2502 2481 2567 2536 iis
2598 2498 2717 2552 quae
2748 2483 3108 2549 sulﬁciuntur,
3142 2488 3386 2541 excernit
3409 2488 3512 2542 alia
3541 2508 3555 2543 :
3591 2505 3677 2544 cu-

2112 2569 2348 2637 jusmodi
2383 2580 2508 2624 sunt
2539 2571 2791 2641 stirpium
2827 2588 3082 2643 corpora,
3125 2585 3178 2630 et
3213 2578 3529 2632 animalium
3562 2596 3690 2648 pars

2119 2659 2205 2712 illa
2236 2675 2359 2714 cum
2395 2664 2620 2714 materia
2651 2672 2908 2716 concreta
2936 2677 2951 2728 ;
3005 2677 3281 2732 nunquam
3313 2681 3478 2719 unum
3516 2668 3690 2722 idem-

2117 2768 2223 2822 que
2251 2767 2556 2808 remanere.
2595 2753 2748 2808 Unde
2772 2769 2878 2808 non
2903 2754 3044 2808 male
3073 2754 3269 2810 ﬂuvius
3315 2759 3534 2828 quidam
3565 2777 3689 2816 cor-

2117 2859 2218 2911 pus
2269 2859 2390 2899 esse
2435 2844 2674 2897 dicitur:
2705 2845 2964 2912 quoniam
3011 2845 3055 2899 si
3089 2857 3342 2901 accurate
3374 2853 3688 2907 considere-

2117 2948 2257 2991 mus.
2288 2948 2356 2986 ne
2384 2934 2550 2987 biduo
2595 2934 2810 3002 quidem
2855 2933 3003 3004 prior
3031 2937 3252 2989 materia
3287 2939 3339 2991 in
3370 2942 3686 3008 corporibus

2119 3025 2318 3078 nostris
2365 3024 2554 3078 eadem
2598 3033 2969 3093 constansque
2999 3037 3314 3095 perseverat
3347 3048 3358 3082 :
3387 3045 3508 3084 cum
3545 3033 3689 3087 inte-

2119 3115 2220 3168 rim
2247 3113 2442 3168 Paulus
2477 3113 2708 3182 exempli
2739 3116 2935 3183 gratia,
2976 3117 3057 3170 vel
3102 3117 3289 3172 Petrus
3317 3119 3456 3174 idem
3490 3122 3688 3177 nihilo-

2116 3206 2292 3259 minus
2322 3205 2596 3274 persistat,
2629 3219 2732 3258 non
2765 3206 2920 3258 modo
2955 3205 2998 3259 si
3035 3205 3151 3273 ejus
3173 3207 3409 3262 animam
3447 3221 3683 3280 spectes,

2111 3297 2265 3365 cuius
2321 3296 2620 3350 substantia
2651 3311 2824 3365 neque
2866 3297 3009 3351 ﬂuxa
3054 3308 3137 3353 est
3190 3300 3242 3352 in
3299 3301 3476 3364 nobis,
3511 3317 3686 3372 neque

2111 3391 2408 3458 quidquam
2435 3390 2780 3444 extrinsecus
2834 3390 3105 3446 invectum
3149 3393 3378 3460 accipit;
3414 3393 3506 3448 sed
3531 3395 3598 3449 ob
3632 3397 3684 3449 td

2110 3493 2397 3550 praetcrea,
2431 3483 2574 3549 quod
2618 3483 2830 3537 tametsi
2867 3483 3013 3537 velut
3055 3486 3106 3538 in
3141 3495 3396 3553 perpetua
3447 3487 3685 3543 ﬂuxione

2112 3574 2179 3626 sit
2207 3583 2398 3626 natura
2439 3573 2704 3642 corporis,
2737 3573 2927 3627 eadem
2971 3573 3144 3629 forma
3189 3581 3529 3643 permaneat,
3565 3595 3685 3648 qua:

2111 3667 2356 3736 corporis
2383 3668 2551 3721 nostri
2579 3668 2732 3735 quasi
2766 3675 2894 3721 nota
2921 3669 3168 3736 quaedam
3199 3676 3282 3724 est
3305 3672 3542 3740 propria.
3567 3671 3683 3727 Non

2112 3759 2272 3812 aliter
2326 3769 2492 3828 atque
2541 3760 2742 3813 eardem
2803 3760 2988 3830 ﬁgura:
3041 3769 3307 3827 manent,
3366 3778 3486 3832 quae
3537 3761 3683 3819 Petri

2113 3852 2376 3921 Paulique
2406 3867 2696 3920 corporum
2752 3851 3072 3919 qualitatem
3123 3852 3500 3909 conﬁrmando
3529 3855 3686 3910 exhi—

2112 3943 2274 4010 bent;
2327 3957 2424 4012 per
2479 3957 2639 4012 quam
2689 3944 2852 3995 etiam
2907 3942 3226 4010 qualitatem
3262 3944 3482 4008 accidit,
3516 3954 3575 3998 ut
3631 3957 3685 4000 et

2112 4035 2399 4090 cicatrices
2439 4033 2550 4101 jam
2602 4043 2716 4086 tum
2748 4047 2776 4084 a
2812 4033 2995 4102 pueris
3022 4032 3073 4084 in
3109 4034 3430 4101 corporibus
3462 4051 3680 4104 perma-

2113 4135 2296 4189 ueaul,
2341 4124 2557 4192 aliaque
2592 4123 2878 4187 nonnulla,
2907 4137 3028 4191 qua:
3072 4122 3407 4191 singulorum
3463 4128 3678 4194 propria

2110 4229 2257 4284 sunt,
2291 4215 2594 4286 cujusmodi
2620 4223 2745 4268 sunt
2775 4213 3088 4282 lentigines.
3125 4216 3205 4270 Ad
3235 4215 3348 4269 lucc
3373 4215 3496 4271 licet
3527 4219 3681 4271 simi-

2113 4311 2180 4366 lis
2211 4310 2470 4376 corp'orea
2509 4306 2596 4360 illa
2633 4306 2802 4360 forma
2853 4308 2958 4373 sit,
2996 4322 3104 4376 qua
3147 4306 3343 4362 Petrus
3377 4307 3680 4377 Paulusque

2111 4403 2452 4474 potissimum
2500 4399 2870 4464 constituitur,
2909 4400 3071 4465 idque
3103 4401 3302 4470 ipsum,
3327 4403 3469 4471 quod
3499 4403 3552 4456 in
3587 4419 3676 4455 re-

2111 4495 2453 4553 sorrcctione
2499 4495 2696 4548 anima:
2727 4493 2905 4547 denuo
2955 4493 3230 4560 tribuitur,
3274 4496 3367 4549 sed
3401 4495 3454 4548 in
3488 4495 3679 4551 melius

2110 4607 2432 4650 conversum
2471 4611 2483 4643 ι
2515 4602 2617 4640 non
2649 4596 2824 4639 tamen
2856 4587 3042 4641 eadem
3068 4597 3150 4640 est
3186 4587 3272 4641 illa
3306 4588 3532 4643 materia
3557 4603 3678 4658 qua:

2110 4687 2322 4756 corpori
2364 4683 2596 4753 primum
2647 4679 2808 4734 insita
2857 4678 3054 4733 fuerat.
3105 4678 3182 4732 Ac
3219 4680 3675 4748 quemadmodum

2111 4783 2320 4851 species
2365 4778 2475 4845 ipsa
2514 4774 2580 4828 ad
2615 4772 2862 4826 ultimum
2918 4787 3088 4839 usque
3115 4773 3303 4826 eadem
3335 4781 3440 4840 est,
3462 4773 3563 4826 etsi
3598 4773 3679 4825 iii-

1629 4864 1650 4896 ⁸
1679 4865 1838 4920 Rom.
1873 4886 1987 4936 vm,
2015 4877 2101 4930 ll.

2101 4969 2212 5021 sine
2252 4963 2414 5014 dubio
2454 4977 2547 5028 pro
2573 4957 2862 5010 habitaculi
2884 4955 3138 5028 qualitate
3196 4956 3675 5028 necessariumri-

2103 5039 2314 5089 deretur
2340 5026 2528 5082 habere
2559 5031 2712 5079 ta.'em
2738 5027 2970 5094 corporis
3015 5034 3232 5088 statum,
3263 5038 3308 5078 et
3342 5026 3675 5092 compositio-

2101 5122 2237 5167 nem,
2269 5101 2473 5172 qualem
2504 5098 2689 5150 habent
2732 5097 2824 5148 illa
2842 5097 3128 5172 _animalia_
3146 5112 3261 5172 quia
3291 5097 3342 5172 in
3395 5099 3545 5163 aquis
3595 5099 3674 5172 ui-

2097 5165 2372 5235 t'untv;'ita
2404 5184 2561 5230 nunc,
2609 5183 2722 5219 cum
2759 5169 3002 5218 cwlorum
3039 5165 3400 5216 habitaculum
3452 5166 3674 5232 promit-

2099 5253 2267 5303 tatur,
2318 5241 2600 5292 secundum
2640 5239 2872 5288 laeui-um
2927 5235 3150 5302 gloriam
3206 5251 3524 5302 consequens
3591 5247 3666 5288 est

2101 5311 2366 5380 aptandas
2395 5323 2504 5361 esse
2531 5309 2686 5358 etiam
2722 5321 2998 5371 corporum
3054 5305 3364 5380 qualitates...
3394 5303 3520 5380 t\'ec_
3552 5305 3670 5380 ideo

2098 5372 2272 5435 tamen
2301 5380 2447 5440 prior
2472 5377 2580 5429 lucc
2614 5377 2810 5441 species
2842 5375 3302 5431 exterminabitur,
3329 5374 3442 5422 licet
3469 5372 3671 5440 επιστ-,ὀ-

2102 5454 2210 5507 sior
2230 5449 2342 5518 ejus
2372 5447 2654 5518 eﬁ'ecta_s_it
2681 5446 3014 5518 permutatio.
3037 5442 3188 5518 Sicut
3212 5442 3346 5493 enim
3365 5441 3530 5498 ipsius
3565 5441 3672 5518 Dp-

2103 5522 2231 5574 mini
2253 5511 2425 5572 'Jesu.
2450 5518 2526 5568 vel
2555 5514 2748 5584 Moysi,
2783 5513 2860 5565 rel
2891 5512 3025 5584 lilia:
3053 5514 3242 5576 species
3284 5527 3384 5561 non
3415 5522 3526 5562 erat
3560 5511 3669 5564 alia

2105 5593 2156 5644 in
2190 5581 2694 5658 transformalione',
2729 5599 2885 5658 quam
2921 5581 3089 5646 fuerat
3150 5591 3268 5631 ante
3319 5583 3671 5658 transieram:

2103 5662 2318 5719 tionem,
2341 5651 2433 5709 'ita
2466 5672 2568 5706 non
2597 5657 2692 5704 erit
2725 5654 2830 5706 alia
2863 5660 3166 5704 sanctorum
3200 5651 3418 5719 species,
3456 5651 3670 5704 etiamsi

2105 5732 2265 5782 multa
2297 5727 2572 5802 gloriosior
2598 5723 2712 5790 ﬁat.
