  <div class='ocr_page' id='page_1' title='image "/cluster/home/n/w/nwhite01/storage/ocr_20150623/12:no.2/coo.31924054873074/561.png"; bbox 0 0 4124 6416; ppageno 0'>
   <div class='ocr_carea' id='block_1_1' title="bbox 465 346 601 400">
    <p class='ocr_par' dir='ltr' id='par_1_1' title="bbox 465 346 601 400">
     <span class='ocr_line' id='line_1_1' title="bbox 465 346 601 400; baseline -0.007 0"><span class='ocrx_word' id='word_1_1' title='bbox 465 346 601 400; x_wconf 68' lang='grc' dir='ltr'>ιιιεπς</span> 
     </span>
    </p>
   </div>
   <div class='ocr_carea' id='block_1_2' title="bbox 1870 326 2301 386">
    <p class='ocr_par' dir='ltr' id='par_1_2' title="bbox 1870 326 2301 386">
     <span class='ocr_line' id='line_1_2' title="bbox 1870 326 2301 386; baseline -0.007 -1"><span class='ocrx_word' id='word_1_2' title='bbox 1870 330 1956 386; x_wconf 70' lang='lat' dir='ltr'><strong>EX</strong></span> <span class='ocrx_word' id='word_1_3' title='bbox 1999 326 2301 385; x_wconf 78' lang='lat' dir='ltr'><strong>ORIGENE</strong></span> 
     </span>
    </p>
   </div>
   <div class='ocr_carea' id='block_1_3' title="bbox 3583 331 3723 389">
    <p class='ocr_par' dir='ltr' id='par_1_3' title="bbox 3583 331 3723 389">
     <span class='ocr_line' id='line_1_3' title="bbox 3583 331 3723 389; baseline 0.029 -4"><span class='ocrx_word' id='word_1_4' title='bbox 3583 331 3723 389; x_wconf 79' lang='lat' dir='ltr'><strong>tu96</strong></span> 
     </span>
    </p>
   </div>
   <div class='ocr_carea' id='block_1_4' title="bbox 461 446 2029 534">
    <p class='ocr_par' dir='ltr' id='par_1_4' title="bbox 461 454 2029 534">
     <span class='ocr_line' id='line_1_4' title="bbox 461 454 2029 534; baseline -0.008 -18"><span class='ocrx_word' id='word_1_5' title='bbox 461 483 590 534; x_wconf 56' lang='lat' dir='ltr'><strong>gens</strong></span> <span class='ocrx_word' id='word_1_6' title='bbox 625 462 964 533; x_wconf 84' lang='lat' dir='ltr'><strong>propriarmn</strong></span> <span class='ocrx_word' id='word_1_7' title='bbox 1007 459 1327 520; x_wconf 75' lang='lat' dir='ltr'><strong>formarum,</strong></span> <span class='ocrx_word' id='word_1_8' title='bbox 1377 465 1739 521; x_wconf 65' lang='lat' dir='ltr'><strong>netarumque</strong></span> <span class='ocrx_word' id='word_1_9' title='bbox 1788 454 2029 504; x_wconf 62' lang='lat' dir='ltr'><strong>rideatur</strong></span> 
     </span>
    </p>
   </div>
   <div class='ocr_carea' id='block_1_5' title="bbox 2135 446 3724 534">
    <p class='ocr_par' dir='ltr' id='par_1_5' title="bbox 2139 446 3724 522">
     <span class='ocr_line' id='line_1_5' title="bbox 2139 446 3724 522; baseline -0.018 7"><span class='ocrx_word' id='word_1_10' title='bbox 2139 448 2475 516; x_wconf 60' lang='grc' dir='ltr'>ἐνδοξίλτερεν</span> <span class='ocrx_word' id='word_1_11' title='bbox 2523 448 2744 516; x_wconf 67' lang='grc' dir='ltr'>γένηται</span> <span class='ocrx_word' id='word_1_12' title='bbox 2787 447 2949 500; x_wconf 73' lang='grc' dir='ltr'>αὐτοῦ</span> <span class='ocrx_word' id='word_1_13' title='bbox 3002 446 3034 514; x_wconf 80' lang='grc' dir='ltr'><strong>ἡ</strong></span> <span class='ocrx_word' id='word_1_14' title='bbox 3084 449 3294 519; x_wconf 78' lang='grc' dir='ltr'><strong>τροπή·</strong></span> <span class='ocrx_word' id='word_1_15' title='bbox 3334 449 3516 522; x_wconf 69' lang='grc' dir='ltr'>ῶσπερ</span> <span class='ocrx_word' id='word_1_16' title='bbox 3566 447 3636 522; x_wconf 82' lang='grc' dir='ltr'>ἦν</span> <span class='ocrx_word' id='word_1_17' title='bbox 3665 453 3724 504; x_wconf 83' lang='grc' dir='ltr'><strong>τὸ</strong></span> 
     </span>
    </p>
   </div>
   <div class='ocr_carea' id='block_1_6' title="bbox 461 545 2034 615">
    <p class='ocr_par' dir='ltr' id='par_1_6' title="bbox 461 545 2034 615">
     <span class='ocr_line' id='line_1_6' title="bbox 461 545 2034 615; baseline -0.01 -4"><span class='ocrx_word' id='word_1_18' title='bbox 461 575 582 611; x_wconf 57' lang='lat' dir='ltr'><strong>esse</strong></span> <span class='ocrx_word' id='word_1_19' title='bbox 615 556 904 609; x_wconf 76' lang='lat' dir='ltr'><strong>diversitas</strong></span> <span class='ocrx_word' id='word_1_20' title='bbox 938 571 951 615; x_wconf 86' lang='lat'><strong>;</strong></span> <span class='ocrx_word' id='word_1_21' title='bbox 986 553 1056 604; x_wconf 92' lang='lat' dir='ltr'><strong>ita</strong></span> <span class='ocrx_word' id='word_1_22' title='bbox 1093 562 1147 604; x_wconf 89' lang='lat' dir='ltr'><strong>et</strong></span> <span class='ocrx_word' id='word_1_23' title='bbox 1177 553 1228 603; x_wconf 91' lang='lat' dir='ltr'><strong>in</strong></span> <span class='ocrx_word' id='word_1_24' title='bbox 1273 565 1338 603; x_wconf 89' lang='lat' dir='ltr'><strong>eo</strong></span> <span class='ocrx_word' id='word_1_25' title='bbox 1383 550 1448 603; x_wconf 91' lang='lat' dir='ltr'><strong>de</strong></span> <span class='ocrx_word' id='word_1_26' title='bbox 1485 563 1590 615; x_wconf 87' lang='lat' dir='ltr'><strong>quo</strong></span> <span class='ocrx_word' id='word_1_27' title='bbox 1617 548 1848 615; x_wconf 74' lang='lat' dir='ltr'><strong>agimus,</strong></span> <span class='ocrx_word' id='word_1_28' title='bbox 1877 545 2034 597; x_wconf 71' lang='lat' dir='ltr'><strong>inti-l-</strong></span> 
     </span>
    </p>
   </div>
   <div class='ocr_carea' id='block_1_7' title="bbox 463 636 2033 713">
    <p class='ocr_par' dir='ltr' id='par_1_7' title="bbox 463 636 2033 713">
     <span class='ocr_line' id='line_1_7' title="bbox 463 636 2033 713; baseline -0.009 -13"><span class='ocrx_word' id='word_1_29' title='bbox 463 649 732 713; x_wconf 70' lang='lat' dir='ltr'><strong>iigendum</strong></span> <span class='ocrx_word' id='word_1_30' title='bbox 763 656 842 698; x_wconf 86' lang='lat' dir='ltr'><strong>est</strong></span> <span class='ocrx_word' id='word_1_31' title='bbox 872 651 1197 713; x_wconf 56' lang='lat' dir='ltr'><strong>pravseutem</strong></span> <span class='ocrx_word' id='word_1_32' title='bbox 1229 641 1480 708; x_wconf 78' lang='lat' dir='ltr'><strong>carporis</strong></span> <span class='ocrx_word' id='word_1_33' title='bbox 1520 638 1757 705; x_wconf 82' lang='lat' dir='ltr'><strong>Speciem</strong></span> <span class='ocrx_word' id='word_1_34' title='bbox 1787 636 2033 689; x_wconf 81' lang='lat' dir='ltr'><strong>eamdem</strong></span> 
     </span>
    </p>
   </div>
   <div class='ocr_carea' id='block_1_8' title="bbox 461 727 2030 794">
    <p class='ocr_par' dir='ltr' id='par_1_8' title="bbox 461 727 2030 794">
     <span class='ocr_line' id='line_1_8' title="bbox 461 727 2030 794; baseline -0.011 0"><span class='ocrx_word' id='word_1_35' title='bbox 461 756 580 794; x_wconf 89' lang='lat' dir='ltr'><strong>esse</strong></span> <span class='ocrx_word' id='word_1_36' title='bbox 613 753 736 792; x_wconf 87' lang='lat' dir='ltr'><strong>eum</strong></span> <span class='ocrx_word' id='word_1_37' title='bbox 769 738 946 790; x_wconf 86' lang='lat' dir='ltr'><strong>futura</strong></span> <span class='ocrx_word' id='word_1_38' title='bbox 980 754 992 789; x_wconf 89' lang='lat'>:</span> <span class='ocrx_word' id='word_1_39' title='bbox 1029 750 1148 787; x_wconf 84' lang='lat' dir='ltr'><strong>eum</strong></span> <span class='ocrx_word' id='word_1_40' title='bbox 1181 747 1247 786; x_wconf 88' lang='lat' dir='ltr'><strong>eo</strong></span> <span class='ocrx_word' id='word_1_41' title='bbox 1291 742 1493 792; x_wconf 87' lang='lat' dir='ltr'><strong>tamen,</strong></span> <span class='ocrx_word' id='word_1_42' title='bbox 1527 740 1584 782; x_wconf 93' lang='lat' dir='ltr'><strong>ut</strong></span> <span class='ocrx_word' id='word_1_43' title='bbox 1613 727 1948 782; x_wconf 80' lang='lat' dir='ltr'><strong>incredibilis</strong></span> <span class='ocrx_word' id='word_1_44' title='bbox 1979 727 2030 778; x_wconf 91' lang='lat' dir='ltr'><strong>in</strong></span> 
     </span>
    </p>
   </div>
   <div class='ocr_carea' id='block_1_9' title="bbox 463 821 2034 887">
    <p class='ocr_par' dir='ltr' id='par_1_9' title="bbox 463 821 2034 887">
     <span class='ocr_line' id='line_1_9' title="bbox 463 821 2034 887; baseline -0.01 0"><span class='ocrx_word' id='word_1_45' title='bbox 463 832 656 887; x_wconf 84' lang='lat' dir='ltr'><strong>tneiins</strong></span> <span class='ocrx_word' id='word_1_46' title='bbox 689 833 759 884; x_wconf 88' lang='lat' dir='ltr'><strong>sit</strong></span> <span class='ocrx_word' id='word_1_47' title='bbox 794 830 972 882; x_wconf 80' lang='lat' dir='ltr'><strong>futura</strong></span> <span class='ocrx_word' id='word_1_48' title='bbox 1028 827 1277 881; x_wconf 89' lang='lat' dir='ltr'><strong>mutatio.</strong></span> <span class='ocrx_word' id='word_1_49' title='bbox 1335 824 1568 877; x_wconf 79' lang='lat' dir='ltr'><strong>Necesse</strong></span> <span class='ocrx_word' id='word_1_50' title='bbox 1612 831 1697 876; x_wconf 88' lang='lat' dir='ltr'><strong>est</strong></span> <span class='ocrx_word' id='word_1_51' title='bbox 1743 821 1885 874; x_wconf 88' lang='lat' dir='ltr'><strong>enim</strong></span> <span class='ocrx_word' id='word_1_52' title='bbox 1918 821 2034 872; x_wconf 89' lang='lat' dir='ltr'><strong>aui-</strong></span> 
     </span>
    </p>
   </div>
   <div class='ocr_carea' id='block_1_10' title="bbox 463 909 2037 984">
    <p class='ocr_par' dir='ltr' id='par_1_10' title="bbox 463 909 2037 984">
     <span class='ocr_line' id='line_1_10' title="bbox 463 909 2037 984; baseline -0.008 -11"><span class='ocrx_word' id='word_1_53' title='bbox 463 937 603 976; x_wconf 81' lang='lat' dir='ltr'><strong>tnant</strong></span> <span class='ocrx_word' id='word_1_54' title='bbox 676 920 960 984; x_wconf 88' lang='lat' dir='ltr'><strong>corporeis</strong></span> <span class='ocrx_word' id='word_1_55' title='bbox 1015 919 1068 970; x_wconf 89' lang='lat' dir='ltr'><strong>in</strong></span> <span class='ocrx_word' id='word_1_56' title='bbox 1132 917 1268 969; x_wconf 81' lang='lat' dir='ltr'><strong>locis</strong></span> <span class='ocrx_word' id='word_1_57' title='bbox 1313 916 1606 968; x_wconf 67' lang='lat' dir='ltr'><strong>merentem</strong></span> <span class='ocrx_word' id='word_1_58' title='bbox 1657 909 2037 966; x_wconf 86' lang='lat' dir='ltr'><strong>consentaneis</strong></span> 
     </span>
    </p>
   </div>
   <div class='ocr_carea' id='block_1_11' title="bbox 459 1001 2033 1079">
    <p class='ocr_par' dir='ltr' id='par_1_11' title="bbox 459 1001 2033 1079">
     <span class='ocr_line' id='line_1_11' title="bbox 459 1001 2033 1079; baseline -0.01 -13"><span class='ocrx_word' id='word_1_59' title='bbox 459 1013 561 1068; x_wconf 87' lang='lat' dir='ltr'><strong>sibi</strong></span> <span class='ocrx_word' id='word_1_60' title='bbox 623 1015 698 1066; x_wconf 92' lang='lat' dir='ltr'><strong>uti</strong></span> <span class='ocrx_word' id='word_1_61' title='bbox 765 1009 1107 1079; x_wconf 84' lang='lat' dir='ltr'><strong>corporibus.</strong></span> <span class='ocrx_word' id='word_1_62' title='bbox 1158 1009 1332 1075; x_wconf 82' lang='lat' dir='ltr'><strong>Atque</strong></span> <span class='ocrx_word' id='word_1_63' title='bbox 1393 1015 1446 1057; x_wconf 93' lang='lat' dir='ltr'><strong>ut</strong></span> <span class='ocrx_word' id='word_1_64' title='bbox 1510 1006 1553 1057; x_wconf 88' lang='lat' dir='ltr'><strong>si</strong></span> <span class='ocrx_word' id='word_1_65' title='bbox 1609 1004 1658 1055; x_wconf 93' lang='lat' dir='ltr'><strong>in</strong></span> <span class='ocrx_word' id='word_1_66' title='bbox 1713 1001 2033 1070; x_wconf 84' lang='lat' dir='ltr'><strong>aquatilium</strong></span> 
     </span>
    </p>
   </div>
   <div class='ocr_carea' id='block_1_12' title="bbox 459 1095 2036 1163">
    <p class='ocr_par' dir='ltr' id='par_1_12' title="bbox 459 1095 2036 1163">
     <span class='ocr_line' id='line_1_12' title="bbox 459 1095 2036 1163; baseline -0.007 -5"><span class='ocrx_word' id='word_1_67' title='bbox 459 1113 710 1158; x_wconf 85' lang='lat' dir='ltr'><strong>naturam</strong></span> <span class='ocrx_word' id='word_1_68' title='bbox 775 1115 1076 1155; x_wconf 84' lang='lat' dir='ltr'><strong>conversos</strong></span> <span class='ocrx_word' id='word_1_69' title='bbox 1139 1099 1301 1150; x_wconf 76' lang='lat' dir='ltr'><strong>vitam</strong></span> <span class='ocrx_word' id='word_1_70' title='bbox 1372 1097 1422 1148; x_wconf 92' lang='lat' dir='ltr'><strong>in</strong></span> <span class='ocrx_word' id='word_1_71' title='bbox 1489 1095 1624 1149; x_wconf 88' lang='lat' dir='ltr'><strong>mari</strong></span> <span class='ocrx_word' id='word_1_72' title='bbox 1690 1109 1790 1148; x_wconf 84' lang='lat' dir='ltr'><strong>nos</strong></span> <span class='ocrx_word' id='word_1_73' title='bbox 1843 1095 2036 1163; x_wconf 78' lang='lat' dir='ltr'><strong>degere</strong></span> 
     </span>
    </p>
   </div>
   <div class='ocr_carea' id='block_1_13' title="bbox 459 1189 2035 1266">
    <p class='ocr_par' dir='ltr' id='par_1_13' title="bbox 459 1189 2035 1266">
     <span class='ocr_line' id='line_1_13' title="bbox 459 1189 2035 1266; baseline -0.005 -17"><span class='ocrx_word' id='word_1_74' title='bbox 459 1204 788 1266; x_wconf 80' lang='lat' dir='ltr'><strong>oporteret,</strong></span> <span class='ocrx_word' id='word_1_75' title='bbox 846 1193 1213 1247; x_wconf 75' lang='lat' dir='ltr'><strong>necessarium</strong></span> <span class='ocrx_word' id='word_1_76' title='bbox 1289 1193 1428 1243; x_wconf 76' lang='lat' dir='ltr'><strong>foret</strong></span> <span class='ocrx_word' id='word_1_77' title='bbox 1503 1206 1602 1242; x_wconf 79' lang='lat' dir='ltr'><strong>nos</strong></span> <span class='ocrx_word' id='word_1_78' title='bbox 1669 1189 1771 1242; x_wconf 82' lang='lat' dir='ltr'><strong>alia</strong></span> <span class='ocrx_word' id='word_1_79' title='bbox 1842 1204 2035 1258; x_wconf 81' lang='lat' dir='ltr'><strong>corpo-</strong></span> 
     </span>
    </p>
   </div>
   <div class='ocr_carea' id='block_1_14' title="bbox 462 1283 2033 1352">
    <p class='ocr_par' dir='ltr' id='par_1_14' title="bbox 462 1283 2033 1352">
     <span class='ocr_line' id='line_1_14' title="bbox 462 1283 2033 1352; baseline -0.005 -12"><span class='ocrx_word' id='word_1_80' title='bbox 462 1305 578 1342; x_wconf 90' lang='lat' dir='ltr'><strong>rum</strong></span> <span class='ocrx_word' id='word_1_81' title='bbox 629 1287 1045 1343; x_wconf 77' lang='lat' dir='ltr'><strong>constitutione.</strong></span> <span class='ocrx_word' id='word_1_82' title='bbox 1110 1283 1452 1352; x_wconf 82' lang='lat' dir='ltr'><strong>pisciumque</strong></span> <span class='ocrx_word' id='word_1_83' title='bbox 1514 1283 1676 1333; x_wconf 85' lang='lat' dir='ltr'><strong>simili</strong></span> <span class='ocrx_word' id='word_1_84' title='bbox 1725 1296 1846 1336; x_wconf 68' lang='lat' dir='ltr'><strong>esse</strong></span> <span class='ocrx_word' id='word_1_85' title='bbox 1900 1294 2033 1348; x_wconf 79' lang='lat' dir='ltr'><strong>pra--</strong></span> 
     </span>
    </p>
   </div>
   <div class='ocr_carea' id='block_1_15' title="bbox 459 1369 2034 1442">
    <p class='ocr_par' dir='ltr' id='par_1_15' title="bbox 459 1369 2034 1442">
     <span class='ocr_line' id='line_1_15' title="bbox 459 1369 2034 1442; baseline -0.004 -16"><span class='ocrx_word' id='word_1_86' title='bbox 459 1376 600 1428; x_wconf 83' lang='lat' dir='ltr'><strong>ditos</strong></span> <span class='ocrx_word' id='word_1_87' title='bbox 632 1393 642 1427; x_wconf 93' lang='lat'>:</span> <span class='ocrx_word' id='word_1_88' title='bbox 674 1375 745 1427; x_wconf 89' lang='lat' dir='ltr'><strong>ita</strong></span> <span class='ocrx_word' id='word_1_89' title='bbox 807 1375 898 1442; x_wconf 85' lang='lat' dir='ltr'><strong>qui</strong></span> <span class='ocrx_word' id='word_1_90' title='bbox 960 1373 1223 1424; x_wconf 65' lang='lat' dir='ltr'><strong>t-ttrlorum</strong></span> <span class='ocrx_word' id='word_1_91' title='bbox 1279 1373 1422 1439; x_wconf 76' lang='lat' dir='ltr'><strong>regni</strong></span> <span class='ocrx_word' id='word_1_92' title='bbox 1477 1372 1840 1423; x_wconf 70' lang='lat' dir='ltr'><strong>bmreditatem</strong></span> <span class='ocrx_word' id='word_1_93' title='bbox 1875 1369 2034 1440; x_wconf 72' lang='lat'><strong>535</strong></span> 
     </span>
    </p>
   </div>
   <div class='ocr_carea' id='block_1_16' title="bbox 459 1461 2027 1527">
    <p class='ocr_par' dir='ltr' id='par_1_16' title="bbox 459 1461 2027 1527">
     <span class='ocr_line' id='line_1_16' title="bbox 459 1461 2027 1527; baseline -0.003 -9"><span class='ocrx_word' id='word_1_94' title='bbox 459 1466 655 1518; x_wconf 75' lang='lat' dir='ltr'><strong>adituri</strong></span> <span class='ocrx_word' id='word_1_95' title='bbox 719 1476 880 1527; x_wconf 90' lang='lat' dir='ltr'><strong>sunt,</strong></span> <span class='ocrx_word' id='word_1_96' title='bbox 932 1482 991 1515; x_wconf 67' lang='grc' dir='ltr'>ιιι·</span> <span class='ocrx_word' id='word_1_97' title='bbox 1038 1461 1263 1515; x_wconf 80' lang='lat' dir='ltr'><strong>diversis</strong></span> <span class='ocrx_word' id='word_1_98' title='bbox 1317 1462 1370 1514; x_wconf 93' lang='lat' dir='ltr'><strong>in</strong></span> <span class='ocrx_word' id='word_1_99' title='bbox 1428 1463 1648 1515; x_wconf 88' lang='lat' dir='ltr'><strong>sedilms</strong></span> <span class='ocrx_word' id='word_1_100' title='bbox 1710 1463 2027 1521; x_wconf 86' lang='lat' dir='ltr'><strong>habitaturi,</strong></span> 
     </span>
    </p>
   </div>
   <div class='ocr_carea' id='block_1_17' title="bbox 459 1553 2029 1626">
    <p class='ocr_par' dir='ltr' id='par_1_17' title="bbox 459 1553 2029 1626">
     <span class='ocr_line' id='line_1_17' title="bbox 459 1553 2029 1626; baseline -0.004 -13"><span class='ocrx_word' id='word_1_101' title='bbox 459 1558 726 1626; x_wconf 81' lang='lat' dir='ltr'><strong>Spiritalia</strong></span> <span class='ocrx_word' id='word_1_102' title='bbox 788 1571 1001 1625; x_wconf 86' lang='lat' dir='ltr'><strong>quoque</strong></span> <span class='ocrx_word' id='word_1_103' title='bbox 1054 1571 1285 1622; x_wconf 83' lang='lat' dir='ltr'><strong>corpora</strong></span> <span class='ocrx_word' id='word_1_104' title='bbox 1337 1553 1573 1606; x_wconf 76' lang='lat' dir='ltr'><strong>habeant</strong></span> <span class='ocrx_word' id='word_1_105' title='bbox 1631 1569 1850 1607; x_wconf 86' lang='lat' dir='ltr'><strong>necesse</strong></span> <span class='ocrx_word' id='word_1_106' title='bbox 1899 1564 2029 1607; x_wconf 87' lang='lat' dir='ltr'><strong>est:</strong></span> 
     </span>
    </p>
   </div>
   <div class='ocr_carea' id='block_1_18' title="bbox 460 1645 2032 1714">
    <p class='ocr_par' dir='ltr' id='par_1_18' title="bbox 460 1645 2032 1714">
     <span class='ocr_line' id='line_1_18' title="bbox 460 1645 2032 1714; baseline -0.001 -16"><span class='ocrx_word' id='word_1_107' title='bbox 460 1661 564 1698; x_wconf 87' lang='lat' dir='ltr'><strong>non</strong></span> <span class='ocrx_word' id='word_1_108' title='bbox 612 1647 753 1714; x_wconf 87' lang='lat' dir='ltr'><strong>quod</strong></span> <span class='ocrx_word' id='word_1_109' title='bbox 804 1648 954 1713; x_wconf 86' lang='lat' dir='ltr'><strong>prior</strong></span> <span class='ocrx_word' id='word_1_110' title='bbox 998 1645 1378 1711; x_wconf 70' lang='lat' dir='ltr'><strong>exstinguatur</strong></span> <span class='ocrx_word' id='word_1_111' title='bbox 1429 1645 1668 1710; x_wconf 73' lang='lat' dir='ltr'><strong>species,</strong></span> <span class='ocrx_word' id='word_1_112' title='bbox 1719 1647 1932 1698; x_wconf 78' lang='lat' dir='ltr'><strong>tametsi</strong></span> <span class='ocrx_word' id='word_1_113' title='bbox 1982 1645 2032 1697; x_wconf 91' lang='lat' dir='ltr'><strong>in</strong></span> 
     </span>
    </p>
   </div>
   <div class='ocr_carea' id='block_1_19' title="bbox 459 1723 2034 1804">
    <p class='ocr_par' dir='ltr' id='par_1_19' title="bbox 459 1723 2034 1804">
     <span class='ocr_line' id='line_1_19' title="bbox 459 1723 2034 1804; baseline 0 -14"><span class='ocrx_word' id='word_1_114' title='bbox 459 1738 724 1791; x_wconf 83' lang='lat' dir='ltr'><strong>illustrius</strong></span> <span class='ocrx_word' id='word_1_115' title='bbox 769 1738 1026 1804; x_wconf 82' lang='lat' dir='ltr'><strong>quiddam</strong></span> <span class='ocrx_word' id='word_1_116' title='bbox 1078 1736 1476 1802; x_wconf 69' lang='lat' dir='ltr'><strong>gloriosiusque</strong></span> <span class='ocrx_word' id='word_1_117' title='bbox 1515 1723 1776 1788; x_wconf 67' lang='lat' dir='ltr'><strong>intuetur.</strong></span> <span class='ocrx_word' id='word_1_118' title='bbox 1833 1738 2034 1803; x_wconf 82' lang='lat' dir='ltr'><strong>Quem-</strong></span> 
     </span>
    </p>
   </div>
   <div class='ocr_carea' id='block_1_20' title="bbox 2151 536 3724 615">
    <p class='ocr_par' dir='ltr' id='par_1_20' title="bbox 2151 536 3724 615">
     <span class='ocr_line' id='line_1_20' title="bbox 2151 536 3724 615; baseline 0.003 -24"><span class='ocrx_word' id='word_1_119' title='bbox 2151 539 2325 610; x_wconf 81' lang='grc' dir='ltr'><strong>Ἰησοῦ</strong></span> <span class='ocrx_word' id='word_1_120' title='bbox 2365 536 2524 602; x_wconf 78' lang='grc' dir='ltr'>εἶδος,</span> <span class='ocrx_word' id='word_1_121' title='bbox 2559 539 2651 590; x_wconf 82' lang='grc' dir='ltr'>καί</span> <span class='ocrx_word' id='word_1_122' title='bbox 2696 539 2992 602; x_wconf 81' lang='grc' dir='ltr'>Μωῦσέως,</span> <span class='ocrx_word' id='word_1_123' title='bbox 3025 540 3118 592; x_wconf 68' lang='grc' dir='ltr'><strong>καὶ</strong></span> <span class='ocrx_word' id='word_1_124' title='bbox 3165 540 3366 608; x_wconf 78' lang='grc' dir='ltr'>Ἡλίου,</span> <span class='ocrx_word' id='word_1_125' title='bbox 3402 543 3502 613; x_wconf 79' lang='grc' dir='ltr'><strong>οὐχ</strong></span> <span class='ocrx_word' id='word_1_126' title='bbox 3535 543 3724 615; x_wconf 73' lang='grc' dir='ltr'>ἕτερον</span> 
     </span>
    </p>
   </div>
   <div class='ocr_carea' id='block_1_21' title="bbox 2137 624 3726 702">
    <p class='ocr_par' dir='ltr' id='par_1_21' title="bbox 2137 624 3726 702">
     <span class='ocr_line' id='line_1_21' title="bbox 2137 624 3726 702; baseline 0.002 -22"><span class='ocrx_word' id='word_1_127' title='bbox 2137 631 2195 682; x_wconf 78' lang='grc' dir='ltr'><strong>ἐν</strong></span> <span class='ocrx_word' id='word_1_128' title='bbox 2233 632 2299 698; x_wconf 77' lang='grc' dir='ltr'>τῇ</span> <span class='ocrx_word' id='word_1_129' title='bbox 2337 627 2785 698; x_wconf 63' lang='grc' dir='ltr'>μεταμορφώσει,</span> <span class='ocrx_word' id='word_1_130' title='bbox 2817 629 2946 699; x_wconf 81' lang='grc' dir='ltr'>παρ’</span> <span class='ocrx_word' id='word_1_131' title='bbox 2973 629 3001 680; x_wconf 84' lang='grc' dir='ltr'>ὃ</span> <span class='ocrx_word' id='word_1_132' title='bbox 3033 624 3120 698; x_wconf 77' lang='grc' dir='ltr'>ἦν.</span> <span class='ocrx_word' id='word_1_133' title='bbox 3155 629 3246 700; x_wconf 80' lang='grc' dir='ltr'><strong>Μὴ</strong></span> <span class='ocrx_word' id='word_1_134' title='bbox 3281 631 3589 702; x_wconf 85' lang='grc' dir='ltr'>πρόσκοπτε</span> <span class='ocrx_word' id='word_1_135' title='bbox 3617 631 3726 685; x_wconf 84' lang='grc' dir='ltr'>τοί-</span> 
     </span>
    </p>
   </div>
   <div class='ocr_carea' id='block_1_22' title="bbox 2137 719 3769 793">
    <p class='ocr_par' dir='ltr' id='par_1_22' title="bbox 2137 719 3769 793">
     <span class='ocr_line' id='line_1_22' title="bbox 2137 719 3769 793; baseline 0.001 -19"><span class='ocrx_word' id='word_1_136' title='bbox 2137 739 2252 785; x_wconf 89' lang='grc' dir='ltr'>νυν,</span> <span class='ocrx_word' id='word_1_137' title='bbox 2301 723 2348 773; x_wconf 87' lang='grc' dir='ltr'><strong>εί</strong></span> <span class='ocrx_word' id='word_1_138' title='bbox 2402 724 2463 773; x_wconf 81' lang='grc' dir='ltr'><strong>τὸ</strong></span> <span class='ocrx_word' id='word_1_139' title='bbox 2516 719 2730 791; x_wconf 78' lang='grc' dir='ltr'>πρῶτον</span> <span class='ocrx_word' id='word_1_140' title='bbox 2788 719 3147 790; x_wconf 82' lang='grc' dir='ltr'>ὑποκείμενον</span> <span class='ocrx_word' id='word_1_141' title='bbox 3202 720 3268 774; x_wconf 81' lang='grc' dir='ltr'>ἄν</span> <span class='ocrx_word' id='word_1_142' title='bbox 3319 739 3402 784; x_wconf 90' lang='grc' dir='ltr'><strong>τις</strong></span> <span class='ocrx_word' id='word_1_143' title='bbox 3446 723 3594 790; x_wconf 87' lang='grc' dir='ltr'>λέγοι</span> <span class='ocrx_word' id='word_1_144' title='bbox 3645 721 3724 793; x_wconf 82' lang='grc' dir='ltr'>μὴ</span> <span class='ocrx_word' id='word_1_145' title='bbox 3756 746 3769 764; x_wconf 72' lang='grc' dir='ltr'><strong>ε</strong></span> 
     </span>
    </p>
   </div>
   <div class='ocr_carea' id='block_1_23' title="bbox 2137 812 3724 882">
    <p class='ocr_par' dir='ltr' id='par_1_23' title="bbox 2137 812 3724 882">
     <span class='ocr_line' id='line_1_23' title="bbox 2137 812 3724 882; baseline -0.001 -15"><span class='ocrx_word' id='word_1_146' title='bbox 2137 813 2354 867; x_wconf 81' lang='grc' dir='ltr'>ἔσεσθαι</span> <span class='ocrx_word' id='word_1_147' title='bbox 2398 814 2596 865; x_wconf 81' lang='grc' dir='ltr'>ταυτὸν</span> <span class='ocrx_word' id='word_1_148' title='bbox 2644 813 2787 874; x_wconf 81' lang='grc' dir='ltr'>τότε,</span> <span class='ocrx_word' id='word_1_149' title='bbox 2814 812 2947 863; x_wconf 78' lang='grc' dir='ltr'>ὅπου</span> <span class='ocrx_word' id='word_1_150' title='bbox 2980 813 3008 864; x_wconf 83' lang='grc' dir='ltr'>ὁ</span> <span class='ocrx_word' id='word_1_151' title='bbox 3050 813 3208 880; x_wconf 82' lang='grc' dir='ltr'>λόγος</span> <span class='ocrx_word' id='word_1_152' title='bbox 3258 816 3369 876; x_wconf 87' lang='grc' dir='ltr'>τοῖς</span> <span class='ocrx_word' id='word_1_153' title='bbox 3416 815 3724 882; x_wconf 79' lang='grc' dir='ltr'>ὲφιστάνειν</span> 
     </span>
    </p>
   </div>
   <div class='ocr_carea' id='block_1_24' title="bbox 2135 883 3724 976">
    <p class='ocr_par' dir='ltr' id='par_1_24' title="bbox 2135 901 3724 976">
     <span class='ocr_line' id='line_1_24' title="bbox 2135 901 3724 976; baseline 0 -18"><span class='ocrx_word' id='word_1_154' title='bbox 2135 905 2451 974; x_wconf 76' lang='grc' dir='ltr'><strong>δυναμένοις</strong></span> <span class='ocrx_word' id='word_1_155' title='bbox 2494 903 2786 964; x_wconf 87' lang='grc' dir='ltr'>δείκνυσιν,</span> <span class='ocrx_word' id='word_1_156' title='bbox 2821 903 2902 953; x_wconf 82' lang='grc' dir='ltr'>ὃτι</span> <span class='ocrx_word' id='word_1_157' title='bbox 2932 901 3053 953; x_wconf 76' lang='grc' dir='ltr'>οὐδὲ</span> <span class='ocrx_word' id='word_1_158' title='bbox 3085 901 3180 954; x_wconf 76' lang='grc' dir='ltr'>νῦν</span> <span class='ocrx_word' id='word_1_159' title='bbox 3213 903 3433 956; x_wconf 74' lang='grc' dir='ltr'>δύναται</span> <span class='ocrx_word' id='word_1_160' title='bbox 3464 903 3559 957; x_wconf 78' lang='grc' dir='ltr'>δύο</span> <span class='ocrx_word' id='word_1_161' title='bbox 3589 905 3724 976; x_wconf 73' lang='grc' dir='ltr'>ἡμε-</span> 
     </span>
    </p>
   </div>
   <div class='ocr_carea' id='block_1_25' title="bbox 2141 990 3725 1066">
    <p class='ocr_par' dir='ltr' id='par_1_25' title="bbox 2141 990 3725 1066">
     <span class='ocr_line' id='line_1_25' title="bbox 2141 990 3725 1066; baseline 0.001 -19"><span class='ocrx_word' id='word_1_162' title='bbox 2141 995 2247 1066; x_wconf 82' lang='grc' dir='ltr'><strong>ρῶν</strong></span> <span class='ocrx_word' id='word_1_163' title='bbox 2280 990 2417 1047; x_wconf 81' lang='grc' dir='ltr'>εἶναι</span> <span class='ocrx_word' id='word_1_164' title='bbox 2449 994 2510 1046; x_wconf 86' lang='grc' dir='ltr'><strong>τὸ</strong></span> <span class='ocrx_word' id='word_1_165' title='bbox 2540 991 2754 1065; x_wconf 76' lang='grc' dir='ltr'>πρῶτον</span> <span class='ocrx_word' id='word_1_166' title='bbox 2782 991 3157 1061; x_wconf 80' lang='grc' dir='ltr'>ὑποκείμενον.</span> <span class='ocrx_word' id='word_1_167' title='bbox 3191 993 3372 1056; x_wconf 76' lang='grc' dir='ltr'>’Ἄξιον</span> <span class='ocrx_word' id='word_1_168' title='bbox 3404 995 3461 1046; x_wconf 82' lang='grc' dir='ltr'><strong>δὲ</strong></span> <span class='ocrx_word' id='word_1_169' title='bbox 3501 996 3725 1066; x_wconf 77' lang='grc' dir='ltr'>ἐπιστῆ-</span> 
     </span>
    </p>
   </div>
   <div class='ocr_carea' id='block_1_26' title="bbox 2139 1086 3720 1158">
    <p class='ocr_par' dir='ltr' id='par_1_26' title="bbox 2139 1086 3720 1158">
     <span class='ocr_line' id='line_1_26' title="bbox 2139 1086 3720 1158; baseline -0.001 -16"><span class='ocrx_word' id='word_1_170' title='bbox 2139 1107 2228 1142; x_wconf 89' lang='grc' dir='ltr'><strong>σαι</strong></span> <span class='ocrx_word' id='word_1_171' title='bbox 2275 1089 2370 1140; x_wconf 70' lang='grc' dir='ltr'><strong>καὶ</strong></span> <span class='ocrx_word' id='word_1_172' title='bbox 2404 1087 2492 1149; x_wconf 83' lang='grc' dir='ltr'><strong>τὸ,</strong></span> <span class='ocrx_word' id='word_1_173' title='bbox 2542 1087 2780 1156; x_wconf 79' lang='grc' dir='ltr'>ἑτεροῖον</span> <span class='ocrx_word' id='word_1_174' title='bbox 2830 1087 2930 1156; x_wconf 80' lang='grc' dir='ltr'><strong>μὲν</strong></span> <span class='ocrx_word' id='word_1_175' title='bbox 2985 1086 3332 1156; x_wconf 83' lang='grc' dir='ltr'>σπείρεσθαι,</span> <span class='ocrx_word' id='word_1_176' title='bbox 3384 1087 3619 1158; x_wconf 77' lang='grc' dir='ltr'>ἑτεροῖον</span> <span class='ocrx_word' id='word_1_177' title='bbox 3664 1087 3720 1141; x_wconf 74' lang='grc' dir='ltr'><strong>δὲ</strong></span> 
     </span>
    </p>
   </div>
   <div class='ocr_carea' id='block_1_27' title="bbox 2137 1176 3719 1247">
    <p class='ocr_par' dir='ltr' id='par_1_27' title="bbox 2137 1176 3719 1247">
     <span class='ocr_line' id='line_1_27' title="bbox 2137 1176 3719 1247; baseline -0.002 -14"><span class='ocrx_word' id='word_1_178' title='bbox 2137 1177 2488 1233; x_wconf 75' lang='grc' dir='ltr'>ἀνίστασθαιο</span> <span class='ocrx_word' id='word_1_179' title='bbox 2530 1197 2547 1228; x_wconf 82' lang='grc' dir='ltr'>ι</span> <span class='ocrx_word' id='word_1_180' title='bbox 2576 1176 2865 1247; x_wconf 80' lang='grc' dir='ltr'>Σπείρεται</span> <span class='ocrx_word' id='word_1_181' title='bbox 2913 1177 3024 1247; x_wconf 79' lang='grc' dir='ltr'><strong>γὰρ</strong></span> <span class='ocrx_word' id='word_1_182' title='bbox 3073 1176 3234 1246; x_wconf 81' lang='grc' dir='ltr'>σῶμα</span> <span class='ocrx_word' id='word_1_183' title='bbox 3281 1176 3533 1246; x_wconf 75' lang='grc' dir='ltr'>ψυχικὸν,</span> <span class='ocrx_word' id='word_1_184' title='bbox 3575 1179 3719 1246; x_wconf 83' lang='grc' dir='ltr'>ἐγεί-</span> 
     </span>
    </p>
   </div>
   <div class='ocr_carea' id='block_1_28' title="bbox 2138 1267 3721 1341">
    <p class='ocr_par' dir='ltr' id='par_1_28' title="bbox 2138 1267 3721 1341">
     <span class='ocr_line' id='line_1_28' title="bbox 2138 1267 3721 1341; baseline 0 -19"><span class='ocrx_word' id='word_1_185' title='bbox 2138 1287 2290 1341; x_wconf 86' lang='grc' dir='ltr'>ρεται</span> <span class='ocrx_word' id='word_1_186' title='bbox 2343 1268 2502 1338; x_wconf 77' lang='grc' dir='ltr'>σῶμα</span> <span class='ocrx_word' id='word_1_187' title='bbox 2551 1267 2942 1336; x_wconf 85' lang='grc' dir='ltr'>πνευματικόν.</span> <span class='ocrx_word' id='word_1_188' title='bbox 2972 1286 2989 1317; x_wconf 74' lang='grc' dir='ltr'><strong>ι</strong></span> <span class='ocrx_word' id='word_1_189' title='bbox 3029 1269 3140 1320; x_wconf 74' lang='grc' dir='ltr'>Καὶ</span> <span class='ocrx_word' id='word_1_190' title='bbox 3196 1267 3447 1338; x_wconf 76' lang='grc' dir='ltr'><strong>ἐπιφέρει</strong></span> <span class='ocrx_word' id='word_1_191' title='bbox 3497 1270 3660 1322; x_wconf 78' lang='grc' dir='ltr'>πᾶσιν</span> <span class='ocrx_word' id='word_1_192' title='bbox 3691 1271 3721 1322; x_wconf 89' lang='grc' dir='ltr'>ὁ</span> 
     </span>
    </p>
   </div>
   <div class='ocr_carea' id='block_1_29' title="bbox 2150 1355 3717 1428">
    <p class='ocr_par' dir='ltr' id='par_1_29' title="bbox 2150 1355 3717 1428">
     <span class='ocr_line' id='line_1_29' title="bbox 2150 1355 3717 1428; baseline -0.002 -16"><span class='ocrx_word' id='word_1_193' title='bbox 2150 1359 2502 1420; x_wconf 82' lang='grc' dir='ltr'>Ἀπόστολος,</span> <span class='ocrx_word' id='word_1_194' title='bbox 2552 1356 2736 1427; x_wconf 87' lang='grc' dir='ltr'>σχεδὸν</span> <span class='ocrx_word' id='word_1_195' title='bbox 2770 1355 2867 1425; x_wconf 83' lang='grc' dir='ltr'><strong>τὴν</strong></span> <span class='ocrx_word' id='word_1_196' title='bbox 2899 1357 3095 1427; x_wconf 74' lang='grc' dir='ltr'>γηῖνην</span> <span class='ocrx_word' id='word_1_197' title='bbox 3132 1357 3395 1425; x_wconf 75' lang='grc' dir='ltr'>ποιότητα</span> <span class='ocrx_word' id='word_1_198' title='bbox 3441 1359 3589 1428; x_wconf 79' lang='grc' dir='ltr'>ἡμᾶς</span> <span class='ocrx_word' id='word_1_199' title='bbox 3637 1357 3717 1410; x_wconf 88' lang='grc' dir='ltr'><strong>δι-</strong></span> 
     </span>
    </p>
   </div>
   <div class='ocr_carea' id='block_1_30' title="bbox 2135 1447 3723 1519">
    <p class='ocr_par' dir='ltr' id='par_1_30' title="bbox 2135 1447 3723 1519">
     <span class='ocr_line' id='line_1_30' title="bbox 2135 1447 3723 1519; baseline -0.001 -16"><span class='ocrx_word' id='word_1_200' title='bbox 2135 1451 2350 1505; x_wconf 83' lang='grc' dir='ltr'>δάσκων</span> <span class='ocrx_word' id='word_1_201' title='bbox 2387 1447 2739 1502; x_wconf 83' lang='grc' dir='ltr'>ἀποτίθεσθαι</span> <span class='ocrx_word' id='word_1_202' title='bbox 2776 1448 2996 1518; x_wconf 82' lang='grc' dir='ltr'><strong>μέλλειν</strong></span> <span class='ocrx_word' id='word_1_203' title='bbox 3020 1449 3186 1519; x_wconf 74' lang='grc' dir='ltr'>ἡμᾶς,</span> <span class='ocrx_word' id='word_1_204' title='bbox 3217 1448 3309 1500; x_wconf 82' lang='grc' dir='ltr'><strong>τοῦ</strong></span> <span class='ocrx_word' id='word_1_205' title='bbox 3345 1448 3519 1512; x_wconf 76' lang='grc' dir='ltr'>εἴδους</span> <span class='ocrx_word' id='word_1_206' title='bbox 3555 1449 3723 1513; x_wconf 79' lang='grc' dir='ltr'>σωζο-</span> 
     </span>
    </p>
   </div>
   <div class='ocr_carea' id='block_1_31' title="bbox 2140 1541 3721 1616">
    <p class='ocr_par' dir='ltr' id='par_1_31' title="bbox 2140 1541 3721 1616">
     <span class='ocr_line' id='line_1_31' title="bbox 2140 1541 3721 1616; baseline -0.003 -18"><span class='ocrx_word' id='word_1_207' title='bbox 2140 1546 2299 1616; x_wconf 85' lang='grc' dir='ltr'>μένου</span> <span class='ocrx_word' id='word_1_208' title='bbox 2349 1543 2488 1597; x_wconf 82' lang='grc' dir='ltr'>κατὰ</span> <span class='ocrx_word' id='word_1_209' title='bbox 2524 1541 2622 1613; x_wconf 80' lang='grc' dir='ltr'>τὴν</span> <span class='ocrx_word' id='word_1_210' title='bbox 2653 1541 2978 1594; x_wconf 79' lang='grc' dir='ltr'>ἀνάστασιν·</span> <span class='ocrx_word' id='word_1_211' title='bbox 3019 1562 3036 1592; x_wconf 87' lang='grc' dir='ltr'>ι</span> <span class='ocrx_word' id='word_1_212' title='bbox 3068 1543 3109 1593; x_wconf 89' lang='grc' dir='ltr'>Τ</span> <span class='ocrx_word' id='word_1_213' title='bbox 3113 1541 3241 1594; x_wconf 79' lang='grc' dir='ltr'>οὖτο</span> <span class='ocrx_word' id='word_1_214' title='bbox 3273 1541 3329 1593; x_wconf 88' lang='grc' dir='ltr'>δέ</span> <span class='ocrx_word' id='word_1_215' title='bbox 3364 1559 3527 1613; x_wconf 66' lang='grc' dir='ltr'>φημι,</span> <span class='ocrx_word' id='word_1_216' title='bbox 3569 1541 3721 1594; x_wconf 80' lang='grc' dir='ltr'><strong>ἀδελ--</strong></span> 
     </span>
    </p>
   </div>
   <div class='ocr_carea' id='block_1_32' title="bbox 2137 1626 3719 1704">
    <p class='ocr_par' dir='ltr' id='par_1_32' title="bbox 2137 1626 3719 1704">
     <span class='ocr_line' id='line_1_32' title="bbox 2137 1626 3719 1704; baseline -0.004 -16"><span class='ocrx_word' id='word_1_217' title='bbox 2137 1638 2248 1704; x_wconf 62' lang='grc' dir='ltr'>φοι,</span> <span class='ocrx_word' id='word_1_218' title='bbox 2290 1635 2370 1687; x_wconf 80' lang='grc' dir='ltr'><strong>ὅτι</strong></span> <span class='ocrx_word' id='word_1_219' title='bbox 2406 1633 2542 1704; x_wconf 75' lang='grc' dir='ltr'>σὰρξ</span> <span class='ocrx_word' id='word_1_220' title='bbox 2574 1632 2666 1684; x_wconf 70' lang='grc' dir='ltr'>καὶ</span> <span class='ocrx_word' id='word_1_221' title='bbox 2700 1626 2839 1701; x_wconf 82' lang='grc' dir='ltr'>αἷμα</span> <span class='ocrx_word' id='word_1_222' title='bbox 2873 1630 3299 1698; x_wconf 76' lang='grc' dir='ltr'>βασιλείανθεοῦ</span> <span class='ocrx_word' id='word_1_223' title='bbox 3319 1631 3719 1702; x_wconf 80' lang='grc' dir='ltr'>κληρονομῆσαι</span> 
     </span>
    </p>
   </div>
   <div class='ocr_carea' id='block_1_33' title="bbox 2137 1723 3720 1793">
    <p class='ocr_par' dir='ltr' id='par_1_33' title="bbox 2137 1723 3720 1793">
     <span class='ocr_line' id='line_1_33' title="bbox 2137 1723 3720 1793; baseline -0.003 -15"><span class='ocrx_word' id='word_1_224' title='bbox 2137 1729 2198 1778; x_wconf 79' lang='grc' dir='ltr'><strong>οὐ</strong></span> <span class='ocrx_word' id='word_1_225' title='bbox 2241 1726 2494 1786; x_wconf 74' lang='grc' dir='ltr'>δύναται,</span> <span class='ocrx_word' id='word_1_226' title='bbox 2541 1723 2721 1792; x_wconf 77' lang='grc' dir='ltr'>οὺδὲή</span> <span class='ocrx_word' id='word_1_227' title='bbox 2769 1723 2946 1792; x_wconf 71' lang='grc' dir='ltr'>φθορὰ</span> <span class='ocrx_word' id='word_1_228' title='bbox 2991 1726 3092 1793; x_wconf 73' lang='grc' dir='ltr'>τὴν</span> <span class='ocrx_word' id='word_1_229' title='bbox 3144 1723 3471 1793; x_wconf 70' lang='grc' dir='ltr'>ἀφθαρσίαν.</span> <span class='ocrx_word' id='word_1_230' title='bbox 3499 1742 3515 1773; x_wconf 70' lang='grc' dir='ltr'>ι</span> <span class='ocrx_word' id='word_1_231' title='bbox 3560 1724 3720 1786; x_wconf 62' lang='grc' dir='ltr'><strong>’Ἰσωις⁹</strong></span> 
     </span>
    </p>
   </div>
   <div class='ocr_carea' id='block_1_34' title="bbox 458 1798 2029 1896">
    <p class='ocr_par' dir='ltr' id='par_1_34' title="bbox 458 1825 2028 1896">
     <span class='ocr_line' id='line_1_34' title="bbox 458 1825 2028 1896; baseline 0.004 -20"><span class='ocrx_word' id='word_1_232' title='bbox 458 1827 746 1880; x_wconf 89' lang='lat' dir='ltr'><strong>admodum</strong></span> <span class='ocrx_word' id='word_1_233' title='bbox 787 1825 913 1879; x_wconf 84' lang='lat' dir='ltr'><strong>Jesu</strong></span> <span class='ocrx_word' id='word_1_234' title='bbox 961 1844 1022 1877; x_wconf 84' lang='lat' dir='ltr'><strong>ar.</strong></span> <span class='ocrx_word' id='word_1_235' title='bbox 1055 1827 1250 1896; x_wconf 80' lang='lat' dir='ltr'><strong>Moysis</strong></span> <span class='ocrx_word' id='word_1_236' title='bbox 1295 1836 1349 1879; x_wconf 89' lang='lat' dir='ltr'><strong>et</strong></span> <span class='ocrx_word' id='word_1_237' title='bbox 1388 1827 1514 1878; x_wconf 69' lang='lat' dir='ltr'><strong>lilize</strong></span> <span class='ocrx_word' id='word_1_238' title='bbox 1543 1833 1752 1894; x_wconf 66' lang='lat' dir='ltr'><strong>species</strong></span> <span class='ocrx_word' id='word_1_239' title='bbox 1778 1830 1828 1880; x_wconf 90' lang='lat' dir='ltr'><strong>in</strong></span> <span class='ocrx_word' id='word_1_240' title='bbox 1861 1839 2028 1882; x_wconf 87' lang='lat' dir='ltr'><strong>trans-</strong></span> 
     </span>
    </p>
   </div>
   <div class='ocr_carea' id='block_1_35' title="bbox 2135 1798 3718 1896">
    <p class='ocr_par' dir='ltr' id='par_1_35' title="bbox 2138 1814 3718 1890">
     <span class='ocr_line' id='line_1_35' title="bbox 2138 1814 3718 1890; baseline -0.003 -19"><span class='ocrx_word' id='word_1_241' title='bbox 2138 1820 2236 1890; x_wconf 69' lang='grc' dir='ltr'><strong>μὲν</strong></span> <span class='ocrx_word' id='word_1_242' title='bbox 2281 1819 2389 1888; x_wconf 73' lang='grc' dir='ltr'><strong>γὰρ</strong></span> <span class='ocrx_word' id='word_1_243' title='bbox 2424 1818 2573 1869; x_wconf 81' lang='grc' dir='ltr'>ἔσται</span> <span class='ocrx_word' id='word_1_244' title='bbox 2610 1819 2738 1886; x_wconf 75' lang='grc' dir='ltr'>περὶ</span> <span class='ocrx_word' id='word_1_245' title='bbox 2786 1815 2879 1867; x_wconf 75' lang='grc' dir='ltr'>τοῦ</span> <span class='ocrx_word' id='word_1_246' title='bbox 2915 1815 3006 1868; x_wconf 74' lang='grc' dir='ltr'><strong>τὸν</strong></span> <span class='ocrx_word' id='word_1_247' title='bbox 3045 1816 3200 1883; x_wconf 72' lang='grc' dir='ltr'>ἅγιον</span> <span class='ocrx_word' id='word_1_248' title='bbox 3233 1814 3343 1884; x_wconf 79' lang='lat'><strong>(66)</strong></span> <span class='ocrx_word' id='word_1_249' title='bbox 3394 1814 3718 1886; x_wconf 71' lang='grc' dir='ltr'>διακρατου-</span> 
     </span>
    </p>
   </div>
   <div class='ocr_carea' id='block_1_36' title="bbox 460 1917 2029 1984">
    <p class='ocr_par' dir='ltr' id='par_1_36' title="bbox 460 1917 2029 1984">
     <span class='ocr_line' id='line_1_36' title="bbox 460 1917 2029 1984; baseline 0.001 -16"><span class='ocrx_word' id='word_1_250' title='bbox 460 1917 782 1969; x_wconf 78' lang='lat' dir='ltr'><strong>formatione</strong></span> <span class='ocrx_word' id='word_1_251' title='bbox 812 1933 917 1968; x_wconf 86' lang='lat' dir='ltr'><strong>non</strong></span> <span class='ocrx_word' id='word_1_252' title='bbox 965 1917 1091 1977; x_wconf 80' lang='lat' dir='ltr'><strong>alia,</strong></span> <span class='ocrx_word' id='word_1_253' title='bbox 1125 1933 1283 1983; x_wconf 84' lang='lat' dir='ltr'><strong>quam</strong></span> <span class='ocrx_word' id='word_1_254' title='bbox 1306 1933 1428 1984; x_wconf 79' lang='lat' dir='ltr'><strong>qme</strong></span> <span class='ocrx_word' id='word_1_255' title='bbox 1453 1917 1609 1968; x_wconf 85' lang='lat' dir='ltr'><strong>initio</strong></span> <span class='ocrx_word' id='word_1_256' title='bbox 1640 1928 1778 1980; x_wconf 87' lang='lat' dir='ltr'><strong>erat,</strong></span> <span class='ocrx_word' id='word_1_257' title='bbox 1802 1918 2029 1970; x_wconf 76' lang='lat' dir='ltr'><strong>exstitit.</strong></span> 
     </span>
    </p>
   </div>
   <div class='ocr_carea' id='block_1_37' title="bbox 460 2005 2028 2076">
    <p class='ocr_par' dir='ltr' id='par_1_37' title="bbox 460 2005 2028 2076">
     <span class='ocr_line' id='line_1_37' title="bbox 460 2005 2028 2076; baseline 0.001 -17"><span class='ocrx_word' id='word_1_258' title='bbox 460 2005 574 2059; x_wconf 84' lang='lat' dir='ltr'><strong>Non</strong></span> <span class='ocrx_word' id='word_1_259' title='bbox 607 2017 659 2058; x_wconf 91' lang='lat' dir='ltr'><strong>te</strong></span> <span class='ocrx_word' id='word_1_260' title='bbox 691 2007 859 2075; x_wconf 80' lang='lat' dir='ltr'><strong>igitur</strong></span> <span class='ocrx_word' id='word_1_261' title='bbox 909 2007 1170 2070; x_wconf 72' lang='lat' dir='ltr'><strong>ochntl-at,</strong></span> <span class='ocrx_word' id='word_1_262' title='bbox 1210 2007 1253 2059; x_wconf 89' lang='lat' dir='ltr'><strong>si</strong></span> <span class='ocrx_word' id='word_1_263' title='bbox 1287 2007 1408 2074; x_wconf 86' lang='lat' dir='ltr'><strong>quis</strong></span> <span class='ocrx_word' id='word_1_264' title='bbox 1448 2009 1680 2074; x_wconf 87' lang='lat' dir='ltr'><strong>primatu</strong></span> <span class='ocrx_word' id='word_1_265' title='bbox 1727 2009 2028 2076; x_wconf 82' lang='lat' dir='ltr'><strong>subjectam</strong></span> 
     </span>
    </p>
   </div>
   <div class='ocr_carea' id='block_1_38' title="bbox 457 2096 2028 2162">
    <p class='ocr_par' dir='ltr' id='par_1_38' title="bbox 457 2096 2028 2162">
     <span class='ocr_line' id='line_1_38' title="bbox 457 2096 2028 2162; baseline 0.003 -16"><span class='ocrx_word' id='word_1_266' title='bbox 457 2096 742 2148; x_wconf 88' lang='lat' dir='ltr'><strong>materiam</strong></span> <span class='ocrx_word' id='word_1_267' title='bbox 785 2113 890 2149; x_wconf 90' lang='lat' dir='ltr'><strong>non</strong></span> <span class='ocrx_word' id='word_1_268' title='bbox 926 2097 1174 2148; x_wconf 87' lang='lat' dir='ltr'><strong>eamdem</strong></span> <span class='ocrx_word' id='word_1_269' title='bbox 1207 2107 1340 2150; x_wconf 88' lang='lat' dir='ltr'><strong>tunc</strong></span> <span class='ocrx_word' id='word_1_270' title='bbox 1369 2097 1609 2149; x_wconf 72' lang='lat' dir='ltr'><strong>futuram</strong></span> <span class='ocrx_word' id='word_1_271' title='bbox 1639 2099 1838 2150; x_wconf 80' lang='lat' dir='ltr'><strong>dixerit</strong></span> <span class='ocrx_word' id='word_1_272' title='bbox 1865 2115 1879 2162; x_wconf 88' lang='lat'>;</span> <span class='ocrx_word' id='word_1_273' title='bbox 1909 2114 2028 2150; x_wconf 81' lang='lat' dir='ltr'><strong>cum</strong></span> 
     </span>
    </p>
   </div>
   <div class='ocr_carea' id='block_1_39' title="bbox 454 2185 2031 2254">
    <p class='ocr_par' dir='ltr' id='par_1_39' title="bbox 454 2185 2031 2254">
     <span class='ocr_line' id='line_1_39' title="bbox 454 2185 2031 2254; baseline 0.004 -21"><span class='ocrx_word' id='word_1_274' title='bbox 454 2200 522 2238; x_wconf 91' lang='lat' dir='ltr'><strong>ne</strong></span> <span class='ocrx_word' id='word_1_275' title='bbox 554 2186 717 2238; x_wconf 80' lang='lat' dir='ltr'><strong>biduo</strong></span> <span class='ocrx_word' id='word_1_276' title='bbox 763 2186 980 2253; x_wconf 86' lang='lat' dir='ltr'><strong>quidem</strong></span> <span class='ocrx_word' id='word_1_277' title='bbox 1027 2185 1189 2239; x_wconf 92' lang='lat' dir='ltr'><strong>modo</strong></span> <span class='ocrx_word' id='word_1_278' title='bbox 1220 2187 1468 2239; x_wconf 85' lang='lat' dir='ltr'><strong>eamdem</strong></span> <span class='ocrx_word' id='word_1_279' title='bbox 1521 2188 1664 2239; x_wconf 82' lang='lat' dir='ltr'><strong>illam</strong></span> <span class='ocrx_word' id='word_1_280' title='bbox 1706 2202 2031 2254; x_wconf 81' lang='lat' dir='ltr'><strong>permanere</strong></span> 
     </span>
    </p>
   </div>
   <div class='ocr_carea' id='block_1_40' title="bbox 456 2275 2030 2354">
    <p class='ocr_par' dir='ltr' id='par_1_40' title="bbox 456 2275 2030 2354">
     <span class='ocr_line' id='line_1_40' title="bbox 456 2275 2030 2354; baseline 0.001 -26"><span class='ocrx_word' id='word_1_281' title='bbox 456 2292 617 2341; x_wconf 65' lang='lat' dir='ltr'><strong>posse</strong></span> <span class='ocrx_word' id='word_1_282' title='bbox 649 2277 789 2354; x_wconf 80' lang='lat' dir='ltr'><strong>ratio</strong></span> <span class='ocrx_word' id='word_1_283' title='bbox 816 2277 934 2342; x_wconf 87' lang='lat' dir='ltr'><strong>ipsa</strong></span> <span class='ocrx_word' id='word_1_284' title='bbox 965 2277 1230 2340; x_wconf 81' lang='lat' dir='ltr'><strong>declaret,</strong></span> <span class='ocrx_word' id='word_1_285' title='bbox 1263 2275 1307 2329; x_wconf 90' lang='lat' dir='ltr'><strong>si</strong></span> <span class='ocrx_word' id='word_1_286' title='bbox 1335 2276 1457 2344; x_wconf 88' lang='lat' dir='ltr'><strong>quis</strong></span> <span class='ocrx_word' id='word_1_287' title='bbox 1487 2288 1722 2330; x_wconf 89' lang='lat' dir='ltr'><strong>mentem</strong></span> <span class='ocrx_word' id='word_1_288' title='bbox 1760 2277 1888 2331; x_wconf 81' lang='lat' dir='ltr'><strong>velit</strong></span> <span class='ocrx_word' id='word_1_289' title='bbox 1931 2277 2030 2330; x_wconf 84' lang='lat' dir='ltr'><strong>atl-</strong></span> 
     </span>
    </p>
   </div>
   <div class='ocr_carea' id='block_1_41' title="bbox 455 2368 2030 2437">
    <p class='ocr_par' dir='ltr' id='par_1_41' title="bbox 455 2368 2030 2437">
     <span class='ocr_line' id='line_1_41' title="bbox 455 2368 2030 2437; baseline 0.005 -21"><span class='ocrx_word' id='word_1_290' title='bbox 455 2379 690 2422; x_wconf 70' lang='lat' dir='ltr'><strong>vertere.</strong></span> <span class='ocrx_word' id='word_1_291' title='bbox 722 2368 1208 2421; x_wconf 78' lang='lat' dir='ltr'><strong>Animadversione</strong></span> <span class='ocrx_word' id='word_1_292' title='bbox 1251 2377 1516 2436; x_wconf 57' lang='lat' dir='ltr'><strong>praterea</strong></span> <span class='ocrx_word' id='word_1_293' title='bbox 1548 2369 1770 2437; x_wconf 84' lang='lat' dir='ltr'><strong>dignum</strong></span> <span class='ocrx_word' id='word_1_294' title='bbox 1803 2380 1858 2423; x_wconf 84' lang='lat' dir='ltr'><strong>et</strong></span> <span class='ocrx_word' id='word_1_295' title='bbox 1903 2369 2030 2424; x_wconf 90' lang='lat' dir='ltr'><strong>illud</strong></span> 
     </span>
    </p>
   </div>
   <div class='ocr_carea' id='block_1_42' title="bbox 454 2456 2033 2528">
    <p class='ocr_par' dir='ltr' id='par_1_42' title="bbox 454 2456 2033 2528">
     <span class='ocr_line' id='line_1_42' title="bbox 454 2456 2033 2528; baseline 0.004 -20"><span class='ocrx_word' id='word_1_296' title='bbox 454 2467 576 2510; x_wconf 73' lang='lat' dir='ltr'><strong>est:</strong></span> <span class='ocrx_word' id='word_1_297' title='bbox 614 2458 888 2511; x_wconf 74' lang='lat' dir='ltr'><strong>diversum</strong></span> <span class='ocrx_word' id='word_1_298' title='bbox 941 2456 1198 2510; x_wconf 84' lang='lat' dir='ltr'><strong>seminari</strong></span> <span class='ocrx_word' id='word_1_299' title='bbox 1250 2472 1473 2526; x_wconf 86' lang='lat' dir='ltr'><strong>corpus,</strong></span> <span class='ocrx_word' id='word_1_300' title='bbox 1521 2459 1901 2528; x_wconf 74' lang='lat' dir='ltr'><strong>diversumque</strong></span> <span class='ocrx_word' id='word_1_301' title='bbox 1947 2476 2033 2516; x_wconf 82' lang='lat' dir='ltr'><strong>re.-</strong></span> 
     </span>
    </p>
   </div>
   <div class='ocr_carea' id='block_1_43' title="bbox 453 2547 2029 2618">
    <p class='ocr_par' dir='ltr' id='par_1_43' title="bbox 453 2547 2029 2618">
     <span class='ocr_line' id='line_1_43' title="bbox 453 2547 2029 2618; baseline 0.004 -19"><span class='ocrx_word' id='word_1_302' title='bbox 453 2564 727 2617; x_wconf 78' lang='lat' dir='ltr'><strong>surgere:</strong></span> <span class='ocrx_word' id='word_1_303' title='bbox 776 2569 794 2599; x_wconf 87' lang='grc' dir='ltr'>ι</span> <span class='ocrx_word' id='word_1_304' title='bbox 847 2547 1162 2603; x_wconf 88' lang='lat' dir='ltr'><strong>Setninatur</strong></span> <span class='ocrx_word' id='word_1_305' title='bbox 1197 2550 1340 2603; x_wconf 91' lang='lat' dir='ltr'><strong>enim</strong></span> <span class='ocrx_word' id='word_1_306' title='bbox 1395 2566 1590 2618; x_wconf 84' lang='lat' dir='ltr'><strong>corpus</strong></span> <span class='ocrx_word' id='word_1_307' title='bbox 1639 2551 1892 2612; x_wconf 75' lang='lat' dir='ltr'><strong>animale.</strong></span> <span class='ocrx_word' id='word_1_308' title='bbox 1941 2564 2029 2605; x_wconf 86' lang='lat' dir='ltr'><strong>rc-</strong></span> 
     </span>
    </p>
   </div>
   <div class='ocr_carea' id='block_1_44' title="bbox 453 2641 2028 2711">
    <p class='ocr_par' dir='ltr' id='par_1_44' title="bbox 453 2641 2028 2711">
     <span class='ocr_line' id='line_1_44' title="bbox 453 2641 2028 2711; baseline 0.004 -19"><span class='ocrx_word' id='word_1_309' title='bbox 453 2652 642 2710; x_wconf 61' lang='grc' dir='ltr'>ειη-εει</span> <span class='ocrx_word' id='word_1_310' title='bbox 673 2656 870 2709; x_wconf 84' lang='lat' dir='ltr'><strong>corpus</strong></span> <span class='ocrx_word' id='word_1_311' title='bbox 901 2641 1147 2709; x_wconf 67' lang='lat' dir='ltr'><strong>spiritale</strong></span> <span class='ocrx_word' id='word_1_312' title='bbox 1167 2649 1211 2694; x_wconf 76' lang='grc' dir='ltr'>ο.</span> <span class='ocrx_word' id='word_1_313' title='bbox 1269 2662 1288 2693; x_wconf 69' lang='grc' dir='ltr'><strong>ι</strong></span> <span class='ocrx_word' id='word_1_314' title='bbox 1334 2643 1429 2696; x_wconf 87' lang='lat' dir='ltr'><strong>llis</strong></span> <span class='ocrx_word' id='word_1_315' title='bbox 1469 2644 1720 2696; x_wconf 79' lang='lat' dir='ltr'><strong>omnibus</strong></span> <span class='ocrx_word' id='word_1_316' title='bbox 1764 2644 2028 2711; x_wconf 77' lang='lat' dir='ltr'><strong>ejusmodi</strong></span> 
     </span>
    </p>
   </div>
   <div class='ocr_carea' id='block_1_45' title="bbox 454 2730 2028 2802">
    <p class='ocr_par' dir='ltr' id='par_1_45' title="bbox 454 2730 2028 2802">
     <span class='ocr_line' id='line_1_45' title="bbox 454 2730 2028 2802; baseline 0.005 -22"><span class='ocrx_word' id='word_1_317' title='bbox 454 2733 522 2782; x_wconf 84' lang='lat' dir='ltr'><strong>ab</strong></span> <span class='ocrx_word' id='word_1_318' title='bbox 571 2730 831 2798; x_wconf 77' lang='lat' dir='ltr'><strong>ApOstolo</strong></span> <span class='ocrx_word' id='word_1_319' title='bbox 882 2730 1284 2798; x_wconf 84' lang='lat' dir='ltr'><strong>subjiciuntur,</strong></span> <span class='ocrx_word' id='word_1_320' title='bbox 1337 2733 1536 2802; x_wconf 87' lang='lat' dir='ltr'><strong>quibus</strong></span> <span class='ocrx_word' id='word_1_321' title='bbox 1605 2749 1702 2787; x_wconf 90' lang='lat' dir='ltr'><strong>uos</strong></span> <span class='ocrx_word' id='word_1_322' title='bbox 1759 2743 2028 2788; x_wconf 86' lang='lat' dir='ltr'><strong>terrenam</strong></span> 
     </span>
    </p>
   </div>
   <div class='ocr_carea' id='block_1_46' title="bbox 453 2822 2031 2894">
    <p class='ocr_par' dir='ltr' id='par_1_46' title="bbox 453 2822 2031 2894">
     <span class='ocr_line' id='line_1_46' title="bbox 453 2822 2031 2894; baseline 0.009 -27"><span class='ocrx_word' id='word_1_323' title='bbox 453 2822 770 2889; x_wconf 53' lang='lat' dir='ltr'><strong>qualitatem</strong></span> <span class='ocrx_word' id='word_1_324' title='bbox 806 2823 885 2876; x_wconf 90' lang='lat' dir='ltr'><strong>sic</strong></span> <span class='ocrx_word' id='word_1_325' title='bbox 915 2836 1036 2875; x_wconf 87' lang='lat' dir='ltr'><strong>esse</strong></span> <span class='ocrx_word' id='word_1_326' title='bbox 1071 2822 1345 2889; x_wconf 83' lang='lat' dir='ltr'><strong>posituros</strong></span> <span class='ocrx_word' id='word_1_327' title='bbox 1384 2825 1560 2889; x_wconf 88' lang='lat' dir='ltr'><strong>docet,</strong></span> <span class='ocrx_word' id='word_1_328' title='bbox 1606 2837 1662 2878; x_wconf 91' lang='grc' dir='ltr'>ιιι</span> <span class='ocrx_word' id='word_1_329' title='bbox 1704 2825 1816 2894; x_wconf 78' lang='lat' dir='ltr'><strong>ipsa</strong></span> <span class='ocrx_word' id='word_1_330' title='bbox 1855 2826 1908 2880; x_wconf 89' lang='lat' dir='ltr'><strong>in</strong></span> <span class='ocrx_word' id='word_1_331' title='bbox 1945 2841 2031 2881; x_wconf 88' lang='lat' dir='ltr'><strong>re-</strong></span> 
     </span>
    </p>
   </div>
   <div class='ocr_carea' id='block_1_47' title="bbox 453 2916 2025 2987">
    <p class='ocr_par' dir='ltr' id='par_1_47' title="bbox 453 2916 2025 2987">
     <span class='ocr_line' id='line_1_47' title="bbox 453 2916 2025 2987; baseline 0.004 -22"><span class='ocrx_word' id='word_1_332' title='bbox 453 2916 796 2968; x_wconf 83' lang='lat' dir='ltr'><strong>surrectione</strong></span> <span class='ocrx_word' id='word_1_333' title='bbox 841 2919 1054 2986; x_wconf 75' lang='lat' dir='ltr'><strong>Species</strong></span> <span class='ocrx_word' id='word_1_334' title='bbox 1116 2921 1264 2973; x_wconf 78' lang='lat' dir='ltr'><strong>salva</strong></span> <span class='ocrx_word' id='word_1_335' title='bbox 1319 2922 1637 2987; x_wconf 84' lang='lat' dir='ltr'><strong>integraque</strong></span> <span class='ocrx_word' id='word_1_336' title='bbox 1683 2928 2025 2987; x_wconf 83' lang='lat' dir='ltr'><strong>permaneat.</strong></span> 
     </span>
    </p>
   </div>
   <div class='ocr_carea' id='block_1_48' title="bbox 460 3007 2028 3082">
    <p class='ocr_par' dir='ltr' id='par_1_48' title="bbox 460 3007 2028 3082">
     <span class='ocr_line' id='line_1_48' title="bbox 460 3007 2028 3082; baseline 0.007 -25"><span class='ocrx_word' id='word_1_337' title='bbox 460 3025 476 3057; x_wconf 87' lang='lat' dir='ltr'><strong>t</strong></span> <span class='ocrx_word' id='word_1_338' title='bbox 509 3007 620 3062; x_wconf 79' lang='lat' dir='ltr'><strong>Hoc</strong></span> <span class='ocrx_word' id='word_1_339' title='bbox 653 3020 834 3062; x_wconf 86' lang='lat' dir='ltr'><strong>autem</strong></span> <span class='ocrx_word' id='word_1_340' title='bbox 865 3011 1012 3076; x_wconf 84' lang='lat' dir='ltr'><strong>dico,</strong></span> <span class='ocrx_word' id='word_1_341' title='bbox 1033 3011 1254 3078; x_wconf 83' lang='lat' dir='ltr'><strong>fratres,</strong></span> <span class='ocrx_word' id='word_1_342' title='bbox 1279 3013 1541 3082; x_wconf 87' lang='lat' dir='ltr'><strong>quoniam</strong></span> <span class='ocrx_word' id='word_1_343' title='bbox 1566 3027 1694 3066; x_wconf 86' lang='lat' dir='ltr'><strong>caro</strong></span> <span class='ocrx_word' id='word_1_344' title='bbox 1721 3021 1776 3067; x_wconf 85' lang='lat' dir='ltr'><strong>et</strong></span> <span class='ocrx_word' id='word_1_345' title='bbox 1804 3013 2028 3082; x_wconf 77' lang='lat' dir='ltr'><strong>sanguis</strong></span> 
     </span>
    </p>
   </div>
   <div class='ocr_carea' id='block_1_49' title="bbox 2136 1907 3717 1981">
    <p class='ocr_par' dir='ltr' id='par_1_49' title="bbox 2136 1907 3717 1981">
     <span class='ocr_line' id='line_1_49' title="bbox 2136 1907 3717 1981; baseline -0.003 -17"><span class='ocrx_word' id='word_1_346' title='bbox 2136 1929 2316 1981; x_wconf 85' lang='grc' dir='ltr'>μενον,</span> <span class='ocrx_word' id='word_1_347' title='bbox 2356 1911 2461 1962; x_wconf 82' lang='grc' dir='ltr'><strong>ὑπὸ</strong></span> <span class='ocrx_word' id='word_1_348' title='bbox 2505 1909 2597 1961; x_wconf 73' lang='grc' dir='ltr'>τοῦ</span> <span class='ocrx_word' id='word_1_349' title='bbox 2631 1909 3011 1972; x_wconf 78' lang='grc' dir='ltr'>ίδιοποιοῦντός</span> <span class='ocrx_word' id='word_1_350' title='bbox 3045 1926 3173 1960; x_wconf 85' lang='grc' dir='ltr'>ποτε</span> <span class='ocrx_word' id='word_1_351' title='bbox 3205 1909 3301 1978; x_wconf 68' lang='grc' dir='ltr'>τὴν</span> <span class='ocrx_word' id='word_1_352' title='bbox 3339 1909 3546 1979; x_wconf 85' lang='grc' dir='ltr'>σάρκα·</span> <span class='ocrx_word' id='word_1_353' title='bbox 3583 1907 3717 1980; x_wconf 80' lang='grc' dir='ltr'>σὰρξ</span> 
     </span>
    </p>
   </div>
   <div class='ocr_carea' id='block_1_50' title="bbox 2132 1997 3716 2070">
    <p class='ocr_par' dir='ltr' id='par_1_50' title="bbox 2132 1997 3716 2070">
     <span class='ocr_line' id='line_1_50' title="bbox 2132 1997 3716 2070; baseline -0.001 -18"><span class='ocrx_word' id='word_1_354' title='bbox 2132 2001 2187 2054; x_wconf 73' lang='grc' dir='ltr'><strong>δὲ</strong></span> <span class='ocrx_word' id='word_1_355' title='bbox 2249 2001 2464 2060; x_wconf 76' lang='grc' dir='ltr'>οὐκέτι,</span> <span class='ocrx_word' id='word_1_356' title='bbox 2515 1999 2628 2052; x_wconf 82' lang='grc' dir='ltr'>ἀλλ’</span> <span class='ocrx_word' id='word_1_357' title='bbox 2676 2000 2813 2070; x_wconf 83' lang='grc' dir='ltr'>ὅπερ</span> <span class='ocrx_word' id='word_1_358' title='bbox 2869 1999 2998 2052; x_wconf 81' lang='grc' dir='ltr'>ποτὲ</span> <span class='ocrx_word' id='word_1_359' title='bbox 3053 1997 3520 2070; x_wconf 79' lang='grc' dir='ltr'>ἐχαρακτηρίζετο</span> <span class='ocrx_word' id='word_1_360' title='bbox 3561 2001 3619 2052; x_wconf 84' lang='grc' dir='ltr'><strong>ἐν</strong></span> <span class='ocrx_word' id='word_1_361' title='bbox 3650 2001 3716 2070; x_wconf 66' lang='grc' dir='ltr'>τῇ</span> 
     </span>
    </p>
   </div>
   <div class='ocr_carea' id='block_1_51' title="bbox 2135 2089 3718 2163">
    <p class='ocr_par' dir='ltr' id='par_1_51' title="bbox 2135 2089 3718 2163">
     <span class='ocr_line' id='line_1_51' title="bbox 2135 2089 3718 2163; baseline -0.004 -17"><span class='ocrx_word' id='word_1_362' title='bbox 2135 2095 2320 2163; x_wconf 75' lang='grc' dir='ltr'>σαρκὶ,</span> <span class='ocrx_word' id='word_1_363' title='bbox 2352 2092 2510 2145; x_wconf 74' lang='grc' dir='ltr'>τοῦτο</span> <span class='ocrx_word' id='word_1_364' title='bbox 2539 2089 3116 2162; x_wconf 74' lang='grc' dir='ltr'>χαρακτηρισθήσεται</span> <span class='ocrx_word' id='word_1_365' title='bbox 3165 2093 3223 2142; x_wconf 84' lang='grc' dir='ltr'><strong>ἐν</strong></span> <span class='ocrx_word' id='word_1_366' title='bbox 3253 2089 3332 2158; x_wconf 80' lang='grc' dir='ltr'>τῷ</span> <span class='ocrx_word' id='word_1_367' title='bbox 3363 2089 3718 2160; x_wconf 86' lang='grc' dir='ltr'>πνευματικῴ</span> 
     </span>
    </p>
   </div>
   <div class='ocr_carea' id='block_1_52' title="bbox 2135 2178 3719 2252">
    <p class='ocr_par' dir='ltr' id='par_1_52' title="bbox 2135 2178 3719 2252">
     <span class='ocr_line' id='line_1_52' title="bbox 2135 2178 3719 2252; baseline -0.001 -18"><span class='ocrx_word' id='word_1_368' title='bbox 2135 2182 2364 2252; x_wconf 82' lang='grc' dir='ltr'>σώματι.</span> <span class='ocrx_word' id='word_1_369' title='bbox 2413 2183 2521 2234; x_wconf 72' lang='grc' dir='ltr'>Καὶ</span> <span class='ocrx_word' id='word_1_370' title='bbox 2566 2181 2702 2251; x_wconf 77' lang='grc' dir='ltr'>πρὸς</span> <span class='ocrx_word' id='word_1_371' title='bbox 2754 2179 2822 2231; x_wconf 75' lang='grc' dir='ltr'>τὰ</span> <span class='ocrx_word' id='word_1_372' title='bbox 2871 2181 3089 2250; x_wconf 80' lang='grc' dir='ltr'>ῥήματα</span> <span class='ocrx_word' id='word_1_373' title='bbox 3138 2179 3194 2231; x_wconf 85' lang='grc' dir='ltr'><strong>δὲ</strong></span> <span class='ocrx_word' id='word_1_374' title='bbox 3239 2178 3348 2231; x_wconf 84' lang='grc' dir='ltr'>τῶν</span> <span class='ocrx_word' id='word_1_375' title='bbox 3393 2180 3648 2252; x_wconf 75' lang='grc' dir='ltr'>Γραφῶν,</span> <span class='ocrx_word' id='word_1_376' title='bbox 3682 2180 3719 2233; x_wconf 79' lang='grc' dir='ltr'>ἃ.</span> 
     </span>
    </p>
   </div>
   <div class='ocr_carea' id='block_1_53' title="bbox 2138 2269 3712 2344">
    <p class='ocr_par' dir='ltr' id='par_1_53' title="bbox 2138 2269 3712 2344">
     <span class='ocr_line' id='line_1_53' title="bbox 2138 2269 3712 2344; baseline -0.002 -18"><span class='ocrx_word' id='word_1_377' title='bbox 2138 2272 2528 2344; x_wconf 73' lang='grc' dir='ltr'>παρατίθενται</span> <span class='ocrx_word' id='word_1_378' title='bbox 2557 2273 2606 2324; x_wconf 87' lang='grc' dir='ltr'>οἱ</span> <span class='ocrx_word' id='word_1_379' title='bbox 2650 2271 2869 2338; x_wconf 73' lang='grc' dir='ltr'>ἀδελφοὶ</span> <span class='ocrx_word' id='word_1_380' title='bbox 2916 2269 3098 2341; x_wconf 79' lang='grc' dir='ltr'>ἡμῶν,</span> <span class='ocrx_word' id='word_1_381' title='bbox 3127 2269 3299 2323; x_wconf 77' lang='grc' dir='ltr'>ταῦτα</span> <span class='ocrx_word' id='word_1_382' title='bbox 3345 2271 3492 2323; x_wconf 79' lang='grc' dir='ltr'>ἔστιν</span> <span class='ocrx_word' id='word_1_383' title='bbox 3517 2273 3712 2332; x_wconf 74' lang='grc' dir='ltr'>εἰπεῖν,</span> 
     </span>
    </p>
   </div>
   <div class='ocr_carea' id='block_1_54' title="bbox 2138 2361 3713 2436">
    <p class='ocr_par' dir='ltr' id='par_1_54' title="bbox 2138 2361 3713 2436">
     <span class='ocr_line' id='line_1_54' title="bbox 2138 2361 3713 2436; baseline 0 -19"><span class='ocrx_word' id='word_1_384' title='bbox 2138 2367 2232 2418; x_wconf 81' lang='grc' dir='ltr'>καὶ</span> <span class='ocrx_word' id='word_1_385' title='bbox 2280 2364 2492 2436; x_wconf 83' lang='grc' dir='ltr'>πρῶτον</span> <span class='ocrx_word' id='word_1_386' title='bbox 2525 2368 2581 2417; x_wconf 82' lang='grc' dir='ltr'><strong>ἐν</strong></span> <span class='ocrx_word' id='word_1_387' title='bbox 2621 2362 2700 2433; x_wconf 83' lang='grc' dir='ltr'>τῷ</span> <span class='ocrx_word' id='word_1_388' title='bbox 2743 2361 3021 2432; x_wconf 78' lang='grc' dir='ltr'>Ἰεζεχιήλ.</span> <span class='ocrx_word' id='word_1_389' title='bbox 3063 2364 3185 2415; x_wconf 80' lang='grc' dir='ltr'><strong>Ἑπὶ</strong></span> <span class='ocrx_word' id='word_1_390' title='bbox 3219 2363 3279 2414; x_wconf 87' lang='grc' dir='ltr'><strong>τὸ</strong></span> <span class='ocrx_word' id='word_1_391' title='bbox 3307 2364 3429 2415; x_wconf 72' lang='grc' dir='ltr'>ὅσον</span> <span class='ocrx_word' id='word_1_392' title='bbox 3479 2363 3589 2433; x_wconf 82' lang='lat'><strong>(67)</strong></span> <span class='ocrx_word' id='word_1_393' title='bbox 3628 2365 3713 2434; x_wconf 73' lang='grc' dir='ltr'><strong>ἐφ’</strong></span> 
     </span>
    </p>
   </div>
   <div class='ocr_carea' id='block_1_55' title="bbox 2133 2453 3716 2527">
    <p class='ocr_par' dir='ltr' id='par_1_55' title="bbox 2133 2453 3716 2527">
     <span class='ocr_line' id='line_1_55' title="bbox 2133 2453 3716 2527; baseline 0 -17"><span class='ocrx_word' id='word_1_394' title='bbox 2133 2453 2212 2522; x_wconf 75' lang='grc' dir='ltr'>οἷς</span> <span class='ocrx_word' id='word_1_395' title='bbox 2246 2457 2524 2527; x_wconf 78' lang='grc' dir='ltr'>βούλονται</span> <span class='ocrx_word' id='word_1_396' title='bbox 2555 2459 2602 2510; x_wconf 80' lang='grc' dir='ltr'>οἱ</span> <span class='ocrx_word' id='word_1_397' title='bbox 2648 2455 3010 2525; x_wconf 78' lang='grc' dir='ltr'>ἁπλούστεροι</span> <span class='ocrx_word' id='word_1_398' title='bbox 3063 2454 3205 2507; x_wconf 76' lang='grc' dir='ltr'>κατὰ</span> <span class='ocrx_word' id='word_1_399' title='bbox 3234 2455 3333 2518; x_wconf 82' lang='grc' dir='ltr'>τὰς</span> <span class='ocrx_word' id='word_1_400' title='bbox 3371 2455 3543 2521; x_wconf 80' lang='grc' dir='ltr'>λέξεις</span> <span class='ocrx_word' id='word_1_401' title='bbox 3583 2456 3716 2510; x_wconf 78' lang='grc' dir='ltr'>ταύ-</span> 
     </span>
    </p>
   </div>
   <div class='ocr_carea' id='block_1_56' title="bbox 2133 2545 3708 2616">
    <p class='ocr_par' dir='ltr' id='par_1_56' title="bbox 2133 2545 3708 2616">
     <span class='ocr_line' id='line_1_56' title="bbox 2133 2545 3708 2616; baseline -0.001 -15"><span class='ocrx_word' id='word_1_402' title='bbox 2133 2566 2251 2612; x_wconf 88' lang='grc' dir='ltr'>τας,</span> <span class='ocrx_word' id='word_1_403' title='bbox 2278 2549 2396 2602; x_wconf 82' lang='grc' dir='ltr'>οὐδὲ</span> <span class='ocrx_word' id='word_1_404' title='bbox 2423 2547 2720 2609; x_wconf 86' lang='grc' dir='ltr'>ἀνάστασις</span> <span class='ocrx_word' id='word_1_405' title='bbox 2759 2545 2977 2615; x_wconf 82' lang='grc' dir='ltr'>σαρκῶν</span> <span class='ocrx_word' id='word_1_406' title='bbox 3012 2545 3186 2606; x_wconf 75' lang='grc' dir='ltr'>ἔσται,</span> <span class='ocrx_word' id='word_1_407' title='bbox 3217 2545 3352 2598; x_wconf 72' lang='grc' dir='ltr'>ἀλλὰ</span> <span class='ocrx_word' id='word_1_408' title='bbox 3385 2547 3588 2598; x_wconf 83' lang='grc' dir='ltr'>ὀστέων</span> <span class='ocrx_word' id='word_1_409' title='bbox 3620 2546 3708 2616; x_wconf 85' lang='grc' dir='ltr'><strong>μό-</strong></span> 
     </span>
    </p>
   </div>
   <div class='ocr_carea' id='block_1_57' title="bbox 2135 2637 3713 2712">
    <p class='ocr_par' dir='ltr' id='par_1_57' title="bbox 2135 2637 3713 2712">
     <span class='ocr_line' id='line_1_57' title="bbox 2135 2637 3713 2712; baseline -0.003 -17"><span class='ocrx_word' id='word_1_410' title='bbox 2135 2659 2245 2705; x_wconf 85' lang='grc' dir='ltr'>νον,</span> <span class='ocrx_word' id='word_1_411' title='bbox 2283 2642 2377 2694; x_wconf 74' lang='grc' dir='ltr'><strong>καὶ</strong></span> <span class='ocrx_word' id='word_1_412' title='bbox 2425 2640 2734 2712; x_wconf 79' lang='grc' dir='ltr'>δερμάτων,</span> <span class='ocrx_word' id='word_1_413' title='bbox 2763 2641 2857 2692; x_wconf 73' lang='grc' dir='ltr'>καὶ</span> <span class='ocrx_word' id='word_1_414' title='bbox 2895 2642 3122 2709; x_wconf 80' lang='grc' dir='ltr'>νεύρων.</span> <span class='ocrx_word' id='word_1_415' title='bbox 3157 2639 3305 2708; x_wconf 78' lang='grc' dir='ltr'>’Ἅμα</span> <span class='ocrx_word' id='word_1_416' title='bbox 3347 2637 3403 2690; x_wconf 81' lang='grc' dir='ltr'>δὲ</span> <span class='ocrx_word' id='word_1_417' title='bbox 3453 2639 3546 2691; x_wconf 77' lang='grc' dir='ltr'>καὶ</span> <span class='ocrx_word' id='word_1_418' title='bbox 3580 2640 3713 2692; x_wconf 66' lang='grc' dir='ltr'>ὑποι-</span> 
     </span>
    </p>
   </div>
   <div class='ocr_carea' id='block_1_58' title="bbox 2132 2729 3712 2802">
    <p class='ocr_par' dir='ltr' id='par_1_58' title="bbox 2132 2729 3712 2802">
     <span class='ocr_line' id='line_1_58' title="bbox 2132 2729 3712 2802; baseline -0.001 -17"><span class='ocrx_word' id='word_1_419' title='bbox 2132 2732 2370 2786; x_wconf 83' lang='grc' dir='ltr'>δεικτέον</span> <span class='ocrx_word' id='word_1_420' title='bbox 2417 2734 2637 2796; x_wconf 79' lang='grc' dir='ltr'>αὐτοῖς,</span> <span class='ocrx_word' id='word_1_421' title='bbox 2681 2733 2765 2784; x_wconf 81' lang='grc' dir='ltr'>ὃτι</span> <span class='ocrx_word' id='word_1_422' title='bbox 2817 2730 3274 2802; x_wconf 75' lang='grc' dir='ltr'>συναρπάζονται,</span> <span class='ocrx_word' id='word_1_423' title='bbox 3307 2730 3381 2793; x_wconf 77' lang='grc' dir='ltr'>ὡς</span> <span class='ocrx_word' id='word_1_424' title='bbox 3427 2729 3499 2801; x_wconf 80' lang='grc' dir='ltr'>μὴ</span> <span class='ocrx_word' id='word_1_425' title='bbox 3533 2747 3712 2800; x_wconf 85' lang='grc' dir='ltr'>νενοη-</span> 
     </span>
    </p>
   </div>
   <div class='ocr_carea' id='block_1_59' title="bbox 2137 2822 3710 2902">
    <p class='ocr_par' dir='ltr' id='par_1_59' title="bbox 2137 2822 3710 2902">
     <span class='ocr_line' id='line_1_59' title="bbox 2137 2822 3710 2902; baseline -0.002 -26"><span class='ocrx_word' id='word_1_426' title='bbox 2137 2825 2292 2902; x_wconf 76' lang='grc' dir='ltr'>κότες</span> <span class='ocrx_word' id='word_1_427' title='bbox 2323 2824 2384 2878; x_wconf 77' lang='grc' dir='ltr'><strong>τὸ</strong></span> <span class='ocrx_word' id='word_1_428' title='bbox 2414 2823 2820 2896; x_wconf 75' lang='grc' dir='ltr'>γεγραμμένον.</span> <span class='ocrx_word' id='word_1_429' title='bbox 2864 2825 2940 2877; x_wconf 76' lang='grc' dir='ltr'><strong>Οὐ</strong></span> <span class='ocrx_word' id='word_1_430' title='bbox 2969 2822 3097 2894; x_wconf 80' lang='grc' dir='ltr'>γὰρ,</span> <span class='ocrx_word' id='word_1_431' title='bbox 3127 2824 3175 2876; x_wconf 90' lang='grc' dir='ltr'>εἰ</span> <span class='ocrx_word' id='word_1_432' title='bbox 3207 2823 3338 2874; x_wconf 85' lang='grc' dir='ltr'>ὀστᾶ</span> <span class='ocrx_word' id='word_1_433' title='bbox 3367 2822 3710 2889; x_wconf 77' lang='grc' dir='ltr'>ὀνομάζεται,</span> 
     </span>
    </p>
   </div>
   <div class='ocr_carea' id='block_1_60' title="bbox 2133 2912 3717 2983">
    <p class='ocr_par' dir='ltr' id='par_1_60' title="bbox 2133 2912 3717 2983">
     <span class='ocr_line' id='line_1_60' title="bbox 2133 2912 3717 2983; baseline -0.002 -17"><span class='ocrx_word' id='word_1_434' title='bbox 2133 2913 2349 2976; x_wconf 84' lang='grc' dir='ltr'>πάντως</span> <span class='ocrx_word' id='word_1_435' title='bbox 2383 2914 2451 2966; x_wconf 76' lang='grc' dir='ltr'><strong>τὰ</strong></span> <span class='ocrx_word' id='word_1_436' title='bbox 2484 2915 2616 2967; x_wconf 87' lang='grc' dir='ltr'>ὀστᾶ</span> <span class='ocrx_word' id='word_1_437' title='bbox 2663 2913 2836 2966; x_wconf 80' lang='grc' dir='ltr'>ταῦτα</span> <span class='ocrx_word' id='word_1_438' title='bbox 2869 2914 3086 2983; x_wconf 76' lang='grc' dir='ltr'>νοητέον</span> <span class='ocrx_word' id='word_1_439' title='bbox 3107 2930 3119 2942; x_wconf 86' lang='grc'>⁶</span> <span class='ocrx_word' id='word_1_440' title='bbox 3163 2913 3351 2982; x_wconf 79' lang='grc' dir='ltr'>ὥσπερ</span> <span class='ocrx_word' id='word_1_441' title='bbox 3381 2912 3501 2964; x_wconf 73' lang='grc' dir='ltr'>οὐδὲ</span> <span class='ocrx_word' id='word_1_442' title='bbox 3531 2913 3587 2964; x_wconf 77' lang='grc' dir='ltr'><strong>ἐν</strong></span> <span class='ocrx_word' id='word_1_443' title='bbox 3615 2912 3717 2982; x_wconf 77' lang='grc' dir='ltr'><strong>τῷ,</strong></span> 
     </span>
    </p>
   </div>
   <div class='ocr_carea' id='block_1_61' title="bbox 2137 3003 3716 3076">
    <p class='ocr_par' dir='ltr' id='par_1_61' title="bbox 2137 3003 3716 3076">
     <span class='ocr_line' id='line_1_61' title="bbox 2137 3003 3716 3076; baseline 0 -20"><span class='ocrx_word' id='word_1_444' title='bbox 2137 3024 2156 3056; x_wconf 72' lang='grc' dir='ltr'>ι</span> <span class='ocrx_word' id='word_1_445' title='bbox 2183 3005 2584 3076; x_wconf 81' lang='grc' dir='ltr'>Διεσκορπίσθη</span> <span class='ocrx_word' id='word_1_446' title='bbox 2637 3006 2816 3058; x_wconf 88' lang='grc' dir='ltr'>πάντα</span> <span class='ocrx_word' id='word_1_447' title='bbox 2849 3006 2913 3058; x_wconf 75' lang='grc' dir='ltr'>τὰ</span> <span class='ocrx_word' id='word_1_448' title='bbox 2942 3006 3076 3058; x_wconf 80' lang='grc' dir='ltr'>ὀστᾶ</span> <span class='ocrx_word' id='word_1_449' title='bbox 3115 3022 3239 3076; x_wconf 92' lang='grc' dir='ltr'>μου.</span> <span class='ocrx_word' id='word_1_450' title='bbox 3265 3025 3281 3055; x_wconf 75' lang='grc' dir='ltr'>ι</span> <span class='ocrx_word' id='word_1_451' title='bbox 3321 3006 3451 3066; x_wconf 69' lang='grc' dir='ltr'>Καὶ,</span> <span class='ocrx_word' id='word_1_452' title='bbox 3491 3024 3508 3055; x_wconf 79' lang='grc' dir='ltr'>ι</span> <span class='ocrx_word' id='word_1_453' title='bbox 3538 3003 3716 3057; x_wconf 65' lang='lat' dir='ltr'><strong>&quot;lauat</strong></span> 
     </span>
    </p>
   </div>
   <div class='ocr_carea' id='block_1_62' title="bbox 452 3097 2029 3194">
    <p class='ocr_par' dir='ltr' id='par_1_62' title="bbox 452 3102 2026 3176">
     <span class='ocr_line' id='line_1_62' title="bbox 452 3102 2026 3176; baseline 0.006 -25"><span class='ocrx_word' id='word_1_454' title='bbox 452 3114 674 3169; x_wconf 75' lang='lat' dir='ltr'><strong>regnum</strong></span> <span class='ocrx_word' id='word_1_455' title='bbox 715 3102 805 3155; x_wconf 84' lang='lat' dir='ltr'><strong>Dei</strong></span> <span class='ocrx_word' id='word_1_456' title='bbox 855 3105 1137 3170; x_wconf 90' lang='lat' dir='ltr'><strong>possidere</strong></span> <span class='ocrx_word' id='word_1_457' title='bbox 1194 3113 1494 3174; x_wconf 86' lang='lat' dir='ltr'><strong>nequeunt,</strong></span> <span class='ocrx_word' id='word_1_458' title='bbox 1541 3119 1717 3174; x_wconf 89' lang='lat' dir='ltr'><strong>neque</strong></span> <span class='ocrx_word' id='word_1_459' title='bbox 1751 3106 2026 3176; x_wconf 81' lang='lat' dir='ltr'><strong>corruptio</strong></span> 
     </span>
    </p>
   </div>
   <div class='ocr_carea' id='block_1_63' title="bbox 2135 3097 3713 3194">
    <p class='ocr_par' dir='ltr' id='par_1_63' title="bbox 2135 3097 3713 3170">
     <span class='ocr_line' id='line_1_63' title="bbox 2135 3097 3713 3170; baseline 0 -20"><span class='ocrx_word' id='word_1_460' title='bbox 2135 3116 2222 3168; x_wconf 85' lang='grc' dir='ltr'><strong>με,</strong></span> <span class='ocrx_word' id='word_1_461' title='bbox 2246 3100 2325 3150; x_wconf 73' lang='grc' dir='ltr'><strong>ὅτι</strong></span> <span class='ocrx_word' id='word_1_462' title='bbox 2354 3099 2626 3170; x_wconf 72' lang='grc' dir='ltr'>ἐταράχθη</span> <span class='ocrx_word' id='word_1_463' title='bbox 2649 3099 2718 3151; x_wconf 67' lang='grc' dir='ltr'>τὰ</span> <span class='ocrx_word' id='word_1_464' title='bbox 2743 3101 2878 3152; x_wconf 80' lang='grc' dir='ltr'>ὀστᾶ</span> <span class='ocrx_word' id='word_1_465' title='bbox 2897 3117 3019 3168; x_wconf 84' lang='grc' dir='ltr'>μου,</span> <span class='ocrx_word' id='word_1_466' title='bbox 3036 3118 3052 3148; x_wconf 71' lang='grc' dir='ltr'>ι</span> <span class='ocrx_word' id='word_1_467' title='bbox 3077 3098 3312 3170; x_wconf 80' lang='grc' dir='ltr'>φανεροῦ</span> <span class='ocrx_word' id='word_1_468' title='bbox 3339 3098 3488 3162; x_wconf 76' lang='grc' dir='ltr'>ὄντος</span> <span class='ocrx_word' id='word_1_469' title='bbox 3519 3097 3610 3151; x_wconf 76' lang='grc' dir='ltr'>τοῦ</span> <span class='ocrx_word' id='word_1_470' title='bbox 3638 3097 3713 3168; x_wconf 84' lang='grc' dir='ltr'>μὴ</span> 
     </span>
    </p>
   </div>
   <div class='ocr_carea' id='block_1_64' title="bbox 451 3194 2024 3262">
    <p class='ocr_par' dir='ltr' id='par_1_64' title="bbox 451 3194 2024 3262">
     <span class='ocr_line' id='line_1_64' title="bbox 451 3194 2024 3262; baseline 0.004 -14"><span class='ocrx_word' id='word_1_471' title='bbox 451 3194 917 3262; x_wconf 87' lang='lat' dir='ltr'><strong>incorruptionem</strong></span> <span class='ocrx_word' id='word_1_472' title='bbox 950 3195 1016 3247; x_wconf 86' lang='grc'>¹⁰.</span> <span class='ocrx_word' id='word_1_473' title='bbox 1055 3214 1072 3248; x_wconf 72' lang='grc' dir='ltr'><strong>ι</strong></span> <span class='ocrx_word' id='word_1_474' title='bbox 1117 3195 1229 3250; x_wconf 87' lang='lat' dir='ltr'><strong>Etsi</strong></span> <span class='ocrx_word' id='word_1_475' title='bbox 1277 3197 1421 3250; x_wconf 88' lang='lat' dir='ltr'><strong>enim</strong></span> <span class='ocrx_word' id='word_1_476' title='bbox 1483 3197 1716 3252; x_wconf 80' lang='lat' dir='ltr'><strong>fortasse</strong></span> <span class='ocrx_word' id='word_1_477' title='bbox 1763 3199 2024 3253; x_wconf 76' lang='lat' dir='ltr'><strong>eximium</strong></span> 
     </span>
    </p>
   </div>
   <div class='ocr_carea' id='block_1_65' title="bbox 449 3287 2026 3357">
    <p class='ocr_par' dir='ltr' id='par_1_65' title="bbox 449 3287 2026 3357">
     <span class='ocr_line' id='line_1_65' title="bbox 449 3287 2026 3357; baseline 0.004 -19"><span class='ocrx_word' id='word_1_478' title='bbox 449 3287 707 3353; x_wconf 79' lang='lat' dir='ltr'><strong>quiddam</strong></span> <span class='ocrx_word' id='word_1_479' title='bbox 731 3296 1058 3341; x_wconf 81' lang='lat' dir='ltr'><strong>sanctorum</strong></span> <span class='ocrx_word' id='word_1_480' title='bbox 1083 3289 1306 3357; x_wconf 79' lang='lat' dir='ltr'><strong>corpori</strong></span> <span class='ocrx_word' id='word_1_481' title='bbox 1337 3288 1687 3343; x_wconf 87' lang='lat' dir='ltr'><strong>tribuendum</strong></span> <span class='ocrx_word' id='word_1_482' title='bbox 1717 3292 1846 3353; x_wconf 90' lang='lat' dir='ltr'><strong>erit,</strong></span> <span class='ocrx_word' id='word_1_483' title='bbox 1881 3301 1938 3344; x_wconf 93' lang='lat' dir='ltr'><strong>ut</strong></span> <span class='ocrx_word' id='word_1_484' title='bbox 1974 3291 2026 3344; x_wconf 87' lang='lat' dir='ltr'><strong>id</strong></span> 
     </span>
    </p>
   </div>
   <div class='ocr_carea' id='block_1_66' title="bbox 448 3377 2026 3448">
    <p class='ocr_par' dir='ltr' id='par_1_66' title="bbox 448 3377 2026 3448">
     <span class='ocr_line' id='line_1_66' title="bbox 448 3377 2026 3448; baseline 0.003 -17"><span class='ocrx_word' id='word_1_485' title='bbox 448 3377 634 3431; x_wconf 80' lang='lat' dir='ltr'><strong>Carnis</strong></span> <span class='ocrx_word' id='word_1_486' title='bbox 661 3377 776 3446; x_wconf 87' lang='lat' dir='ltr'><strong>ipsa</strong></span> <span class='ocrx_word' id='word_1_487' title='bbox 809 3379 1121 3448; x_wconf 83' lang='lat' dir='ltr'><strong>proprietas</strong></span> <span class='ocrx_word' id='word_1_488' title='bbox 1157 3389 1466 3447; x_wconf 79' lang='lat' dir='ltr'><strong>conservet,</strong></span> <span class='ocrx_word' id='word_1_489' title='bbox 1510 3396 1642 3435; x_wconf 91' lang='lat' dir='ltr'><strong>caro</strong></span> <span class='ocrx_word' id='word_1_490' title='bbox 1693 3391 1874 3436; x_wconf 87' lang='lat' dir='ltr'><strong>tamen</strong></span> <span class='ocrx_word' id='word_1_491' title='bbox 1907 3397 2026 3436; x_wconf 88' lang='lat' dir='ltr'><strong>am-</strong></span> 
     </span>
    </p>
   </div>
   <div class='ocr_carea' id='block_1_67' title="bbox 451 3469 2025 3542">
    <p class='ocr_par' dir='ltr' id='par_1_67' title="bbox 451 3469 2025 3542">
     <span class='ocr_line' id='line_1_67' title="bbox 451 3469 2025 3542; baseline 0.004 -23"><span class='ocrx_word' id='word_1_492' title='bbox 451 3469 595 3536; x_wconf 81' lang='lat' dir='ltr'><strong>plius</strong></span> <span class='ocrx_word' id='word_1_493' title='bbox 644 3485 752 3522; x_wconf 90' lang='lat' dir='ltr'><strong>non</strong></span> <span class='ocrx_word' id='word_1_494' title='bbox 790 3469 917 3533; x_wconf 88' lang='lat' dir='ltr'><strong>erit,</strong></span> <span class='ocrx_word' id='word_1_495' title='bbox 952 3469 1046 3524; x_wconf 86' lang='lat' dir='ltr'><strong>sed</strong></span> <span class='ocrx_word' id='word_1_496' title='bbox 1092 3471 1239 3539; x_wconf 86' lang='lat' dir='ltr'><strong>quod</strong></span> <span class='ocrx_word' id='word_1_497' title='bbox 1288 3471 1343 3524; x_wconf 91' lang='lat' dir='ltr'><strong>in</strong></span> <span class='ocrx_word' id='word_1_498' title='bbox 1388 3486 1556 3525; x_wconf 88' lang='lat' dir='ltr'><strong>carne</strong></span> <span class='ocrx_word' id='word_1_499' title='bbox 1607 3473 1754 3527; x_wconf 78' lang='lat' dir='ltr'><strong>velut</strong></span> <span class='ocrx_word' id='word_1_500' title='bbox 1806 3473 2025 3542; x_wconf 87' lang='lat' dir='ltr'><strong>propria</strong></span> 
     </span>
    </p>
   </div>
   <div class='ocr_carea' id='block_1_68' title="bbox 451 3562 2027 3636">
    <p class='ocr_par' dir='ltr' id='par_1_68' title="bbox 451 3562 2027 3636">
     <span class='ocr_line' id='line_1_68' title="bbox 451 3562 2027 3636; baseline 0.005 -24"><span class='ocrx_word' id='word_1_501' title='bbox 451 3562 696 3628; x_wconf 73' lang='lat' dir='ltr'><strong>qutedam</strong></span> <span class='ocrx_word' id='word_1_502' title='bbox 734 3571 855 3615; x_wconf 87' lang='lat' dir='ltr'><strong>nota</strong></span> <span class='ocrx_word' id='word_1_503' title='bbox 894 3571 1011 3615; x_wconf 88' lang='lat' dir='ltr'><strong>erat</strong></span> <span class='ocrx_word' id='word_1_504' title='bbox 1054 3563 1404 3630; x_wconf 82' lang='lat' dir='ltr'><strong>impressum,</strong></span> <span class='ocrx_word' id='word_1_505' title='bbox 1443 3564 1547 3618; x_wconf 87' lang='lat' dir='ltr'><strong>hoc</strong></span> <span class='ocrx_word' id='word_1_506' title='bbox 1588 3566 1728 3619; x_wconf 83' lang='lat' dir='ltr'><strong>idem</strong></span> <span class='ocrx_word' id='word_1_507' title='bbox 1773 3567 1824 3620; x_wconf 92' lang='lat' dir='ltr'><strong>in</strong></span> <span class='ocrx_word' id='word_1_508' title='bbox 1864 3568 2027 3636; x_wconf 77' lang='lat' dir='ltr'><strong>Spiri-</strong></span> 
     </span>
    </p>
   </div>
   <div class='ocr_carea' id='block_1_69' title="bbox 455 3653 2028 3721">
    <p class='ocr_par' dir='ltr' id='par_1_69' title="bbox 455 3653 2028 3721">
     <span class='ocr_line' id='line_1_69' title="bbox 455 3653 2028 3721; baseline 0.004 -17"><span class='ocrx_word' id='word_1_509' title='bbox 455 3653 548 3706; x_wconf 87' lang='lat' dir='ltr'><strong>tali</strong></span> <span class='ocrx_word' id='word_1_510' title='bbox 586 3668 820 3721; x_wconf 88' lang='lat' dir='ltr'><strong>corpore</strong></span> <span class='ocrx_word' id='word_1_511' title='bbox 858 3653 1296 3718; x_wconf 77' lang='lat' dir='ltr'><strong>consiguandum</strong></span> <span class='ocrx_word' id='word_1_512' title='bbox 1326 3654 1452 3709; x_wconf 89' lang='lat' dir='ltr'><strong>erit.</strong></span> <span class='ocrx_word' id='word_1_513' title='bbox 1480 3654 1638 3720; x_wconf 83' lang='lat' dir='ltr'><strong>Quod</strong></span> <span class='ocrx_word' id='word_1_514' title='bbox 1671 3670 1800 3710; x_wconf 83' lang='lat' dir='ltr'><strong>vero</strong></span> <span class='ocrx_word' id='word_1_515' title='bbox 1837 3657 1902 3710; x_wconf 83' lang='lat' dir='ltr'><strong>ad</strong></span> <span class='ocrx_word' id='word_1_516' title='bbox 1932 3671 2028 3711; x_wconf 86' lang='lat' dir='ltr'><strong>eos</strong></span> 
     </span>
    </p>
   </div>
   <div class='ocr_carea' id='block_1_70' title="bbox 452 3745 2028 3815">
    <p class='ocr_par' dir='ltr' id='par_1_70' title="bbox 452 3745 2028 3815">
     <span class='ocr_line' id='line_1_70' title="bbox 452 3745 2028 3815; baseline 0.004 -18"><span class='ocrx_word' id='word_1_517' title='bbox 452 3745 754 3813; x_wconf 72' lang='lat' dir='ltr'><strong>Scriptum</strong></span> <span class='ocrx_word' id='word_1_518' title='bbox 811 3745 958 3800; x_wconf 78' lang='lat' dir='ltr'><strong>locos</strong></span> <span class='ocrx_word' id='word_1_519' title='bbox 1008 3747 1230 3810; x_wconf 82' lang='lat' dir='ltr'><strong>attinet,</strong></span> <span class='ocrx_word' id='word_1_520' title='bbox 1275 3746 1368 3815; x_wconf 83' lang='lat' dir='ltr'><strong>qui</strong></span> <span class='ocrx_word' id='word_1_521' title='bbox 1421 3761 1454 3800; x_wconf 81' lang='lat' dir='ltr'><strong>a</strong></span> <span class='ocrx_word' id='word_1_522' title='bbox 1506 3748 1771 3803; x_wconf 73' lang='lat' dir='ltr'><strong>fratribus</strong></span> <span class='ocrx_word' id='word_1_523' title='bbox 1824 3749 2028 3804; x_wconf 86' lang='lat' dir='ltr'><strong>nostris</strong></span> 
     </span>
    </p>
   </div>
   <div class='ocr_carea' id='block_1_71' title="bbox 452 3837 2024 3908">
    <p class='ocr_par' dir='ltr' id='par_1_71' title="bbox 452 3837 2024 3908">
     <span class='ocr_line' id='line_1_71' title="bbox 452 3837 2024 3908; baseline 0.003 -18"><span class='ocrx_word' id='word_1_524' title='bbox 452 3837 830 3906; x_wconf 76' lang='lat' dir='ltr'><strong>objiciuntur,</strong></span> <span class='ocrx_word' id='word_1_525' title='bbox 891 3837 960 3890; x_wconf 92' lang='lat' dir='ltr'><strong>ita</strong></span> <span class='ocrx_word' id='word_1_526' title='bbox 1023 3837 1266 3891; x_wconf 83' lang='lat' dir='ltr'><strong>breviter</strong></span> <span class='ocrx_word' id='word_1_527' title='bbox 1319 3853 1616 3894; x_wconf 87' lang='lat' dir='ltr'><strong>occurrere</strong></span> <span class='ocrx_word' id='word_1_528' title='bbox 1687 3855 2024 3908; x_wconf 88' lang='lat' dir='ltr'><strong>possumus;</strong></span> 
     </span>
    </p>
   </div>
   <div class='ocr_carea' id='block_1_72' title="bbox 452 3930 2027 4002">
    <p class='ocr_par' dir='ltr' id='par_1_72' title="bbox 452 3930 2027 4002">
     <span class='ocr_line' id='line_1_72' title="bbox 452 3930 2027 4002; baseline 0.003 -18"><span class='ocrx_word' id='word_1_529' title='bbox 452 3941 618 4000; x_wconf 85' lang='lat' dir='ltr'><strong>atque</strong></span> <span class='ocrx_word' id='word_1_530' title='bbox 667 3930 914 3998; x_wconf 82' lang='lat' dir='ltr'><strong>inprimis</strong></span> <span class='ocrx_word' id='word_1_531' title='bbox 973 3930 1022 3984; x_wconf 87' lang='lat' dir='ltr'><strong>ei</strong></span> <span class='ocrx_word' id='word_1_532' title='bbox 1063 3945 1224 4000; x_wconf 87' lang='lat' dir='ltr'><strong>quem</strong></span> <span class='ocrx_word' id='word_1_533' title='bbox 1279 3947 1345 3986; x_wconf 89' lang='lat' dir='ltr'><strong>ex</strong></span> <span class='ocrx_word' id='word_1_534' title='bbox 1401 3933 1680 3987; x_wconf 81' lang='lat' dir='ltr'><strong>Ezechiele</strong></span> <span class='ocrx_word' id='word_1_535' title='bbox 1727 3933 2027 4002; x_wconf 76' lang='lat' dir='ltr'><strong>proferunt.</strong></span> 
     </span>
    </p>
   </div>
   <div class='ocr_carea' id='block_1_73' title="bbox 455 4021 2032 4095">
    <p class='ocr_par' dir='ltr' id='par_1_73' title="bbox 455 4021 2032 4095">
     <span class='ocr_line' id='line_1_73' title="bbox 455 4021 2032 4095; baseline 0.003 -20"><span class='ocrx_word' id='word_1_536' title='bbox 455 4021 666 4075; x_wconf 78' lang='lat' dir='ltr'><strong>Etenim</strong></span> <span class='ocrx_word' id='word_1_537' title='bbox 717 4022 761 4075; x_wconf 90' lang='lat' dir='ltr'><strong>si</strong></span> <span class='ocrx_word' id='word_1_538' title='bbox 813 4022 1092 4076; x_wconf 82' lang='lat' dir='ltr'><strong>mdiorum</strong></span> <span class='ocrx_word' id='word_1_539' title='bbox 1145 4035 1382 4079; x_wconf 84' lang='lat' dir='ltr'><strong>mentem</strong></span> <span class='ocrx_word' id='word_1_540' title='bbox 1425 4040 1492 4079; x_wconf 86' lang='lat' dir='ltr'><strong>ac</strong></span> <span class='ocrx_word' id='word_1_541' title='bbox 1537 4040 1758 4095; x_wconf 84' lang='lat' dir='ltr'><strong>scopum</strong></span> <span class='ocrx_word' id='word_1_542' title='bbox 1805 4026 2032 4080; x_wconf 71' lang='lat' dir='ltr'><strong>\‘C&#39;iil&#39;ntts</strong></span> 
     </span>
    </p>
   </div>
   <div class='ocr_carea' id='block_1_74' title="bbox 457 4113 2031 4185">
    <p class='ocr_par' dir='ltr' id='par_1_74' title="bbox 457 4113 2031 4185">
     <span class='ocr_line' id='line_1_74' title="bbox 457 4113 2031 4185; baseline 0.004 -21"><span class='ocrx_word' id='word_1_543' title='bbox 457 4113 757 4177; x_wconf 83' lang='lat' dir='ltr'><strong>attendere,</strong></span> <span class='ocrx_word' id='word_1_544' title='bbox 799 4127 957 4181; x_wconf 89' lang='lat' dir='ltr'><strong>quem</strong></span> <span class='ocrx_word' id='word_1_545' title='bbox 997 4114 1049 4166; x_wconf 90' lang='lat' dir='ltr'><strong>in</strong></span> <span class='ocrx_word' id='word_1_546' title='bbox 1084 4113 1190 4168; x_wconf 88' lang='lat' dir='ltr'><strong>illis</strong></span> <span class='ocrx_word' id='word_1_547' title='bbox 1223 4116 1504 4184; x_wconf 76' lang='lat' dir='ltr'><strong>propheta:</strong></span> <span class='ocrx_word' id='word_1_548' title='bbox 1536 4117 1717 4171; x_wconf 75' lang='lat' dir='ltr'><strong>rerbis</strong></span> <span class='ocrx_word' id='word_1_549' title='bbox 1757 4117 1860 4170; x_wconf 87' lang='lat' dir='ltr'><strong>sibi</strong></span> <span class='ocrx_word' id='word_1_550' title='bbox 1903 4132 2031 4185; x_wconf 89' lang='lat' dir='ltr'><strong>pro-</strong></span> 
     </span>
    </p>
   </div>
   <div class='ocr_carea' id='block_1_75' title="bbox 457 4209 2031 4279">
    <p class='ocr_par' dir='ltr' id='par_1_75' title="bbox 457 4209 2031 4279">
     <span class='ocr_line' id='line_1_75' title="bbox 457 4209 2031 4279; baseline 0.006 -22"><span class='ocrx_word' id='word_1_551' title='bbox 457 4214 784 4273; x_wconf 88' lang='lat' dir='ltr'><strong>posuerunt:</strong></span> <span class='ocrx_word' id='word_1_552' title='bbox 805 4220 1152 4274; x_wconf 83' lang='lat' dir='ltr'><strong>consequens</strong></span> <span class='ocrx_word' id='word_1_553' title='bbox 1175 4217 1278 4271; x_wconf 86' lang='lat' dir='ltr'><strong>est,</strong></span> <span class='ocrx_word' id='word_1_554' title='bbox 1310 4224 1375 4263; x_wconf 91' lang='lat' dir='ltr'><strong>ne</strong></span> <span class='ocrx_word' id='word_1_555' title='bbox 1399 4209 1561 4262; x_wconf 84' lang='lat' dir='ltr'><strong>ullam</strong></span> <span class='ocrx_word' id='word_1_556' title='bbox 1601 4210 1821 4279; x_wconf 79' lang='lat' dir='ltr'><strong>quidem</strong></span> <span class='ocrx_word' id='word_1_557' title='bbox 1849 4211 2031 4266; x_wconf 88' lang='lat' dir='ltr'><strong>carnis</strong></span> 
     </span>
    </p>
   </div>
   <div class='ocr_carea' id='block_1_76' title="bbox 457 4297 2031 4365">
    <p class='ocr_par' dir='ltr' id='par_1_76' title="bbox 457 4297 2031 4365">
     <span class='ocr_line' id='line_1_76' title="bbox 457 4297 2031 4365; baseline 0.006 -17"><span class='ocrx_word' id='word_1_558' title='bbox 457 4298 911 4352; x_wconf 88' lang='lat' dir='ltr'><strong>resurrectionem</strong></span> <span class='ocrx_word' id='word_1_559' title='bbox 939 4297 1159 4363; x_wconf 81' lang='lat' dir='ltr'><strong>videri;</strong></span> <span class='ocrx_word' id='word_1_560' title='bbox 1195 4299 1288 4353; x_wconf 82' lang='lat' dir='ltr'><strong>sed</strong></span> <span class='ocrx_word' id='word_1_561' title='bbox 1324 4299 1528 4354; x_wconf 80' lang='lat' dir='ltr'><strong>ossium</strong></span> <span class='ocrx_word' id='word_1_562' title='bbox 1556 4297 1846 4365; x_wconf 75' lang='lat' dir='ltr'><strong>duntaxat,</strong></span> <span class='ocrx_word' id='word_1_563' title='bbox 1891 4304 2031 4358; x_wconf 86' lang='lat' dir='ltr'><strong>cuti-</strong></span> 
     </span>
    </p>
   </div>
   <div class='ocr_carea' id='block_1_77' title="bbox 451 4389 2028 4457">
    <p class='ocr_par' dir='ltr' id='par_1_77' title="bbox 451 4389 2028 4457">
     <span class='ocr_line' id='line_1_77' title="bbox 451 4389 2028 4457; baseline 0.003 -15"><span class='ocrx_word' id='word_1_564' title='bbox 451 4389 702 4442; x_wconf 86' lang='lat' dir='ltr'><strong>cularttm</strong></span> <span class='ocrx_word' id='word_1_565' title='bbox 755 4398 919 4457; x_wconf 85' lang='lat' dir='ltr'><strong>atque</strong></span> <span class='ocrx_word' id='word_1_566' title='bbox 983 4403 1308 4444; x_wconf 67' lang='lat' dir='ltr'><strong>nervorum.</strong></span> <span class='ocrx_word' id='word_1_567' title='bbox 1361 4389 1468 4444; x_wconf 84' lang='lat' dir='ltr'><strong>Sed</strong></span> <span class='ocrx_word' id='word_1_568' title='bbox 1510 4401 1568 4445; x_wconf 90' lang='lat' dir='ltr'><strong>et</strong></span> <span class='ocrx_word' id='word_1_569' title='bbox 1623 4391 1751 4445; x_wconf 86' lang='lat' dir='ltr'><strong>illud</strong></span> <span class='ocrx_word' id='word_1_570' title='bbox 1801 4393 2028 4446; x_wconf 81' lang='lat' dir='ltr'><strong>demon-</strong></span> 
     </span>
    </p>
   </div>
   <div class='ocr_carea' id='block_1_78' title="bbox 2134 3189 3713 3264">
    <p class='ocr_par' dir='ltr' id='par_1_78' title="bbox 2134 3189 3713 3264">
     <span class='ocr_line' id='line_1_78' title="bbox 2134 3189 3713 3264; baseline -0.001 -20"><span class='ocrx_word' id='word_1_571' title='bbox 2134 3191 2387 3260; x_wconf 87' lang='grc' dir='ltr'>λέγεσθαι</span> <span class='ocrx_word' id='word_1_572' title='bbox 2425 3194 2493 3246; x_wconf 80' lang='grc' dir='ltr'>τὰ</span> <span class='ocrx_word' id='word_1_573' title='bbox 2531 3195 2663 3248; x_wconf 86' lang='grc' dir='ltr'>ὀστᾶ</span> <span class='ocrx_word' id='word_1_574' title='bbox 2703 3194 2844 3248; x_wconf 70' lang='grc' dir='ltr'>κατὰ</span> <span class='ocrx_word' id='word_1_575' title='bbox 2871 3194 2968 3264; x_wconf 78' lang='grc' dir='ltr'>τὴν</span> <span class='ocrx_word' id='word_1_576' title='bbox 2998 3191 3182 3263; x_wconf 85' lang='grc' dir='ltr'>κοινὴν</span> <span class='ocrx_word' id='word_1_577' title='bbox 3213 3192 3462 3262; x_wconf 79' lang='grc' dir='ltr'>ἐκδοχὴν.</span> <span class='ocrx_word' id='word_1_578' title='bbox 3502 3189 3713 3258; x_wconf 69' lang='grc' dir='ltr'>Ἐπιφέ-</span> 
     </span>
    </p>
   </div>
   <div class='ocr_carea' id='block_1_79' title="bbox 2129 3282 3715 3358">
    <p class='ocr_par' dir='ltr' id='par_1_79' title="bbox 2129 3282 3715 3358">
     <span class='ocr_line' id='line_1_79' title="bbox 2129 3282 3715 3358; baseline -0.002 -21"><span class='ocrx_word' id='word_1_579' title='bbox 2129 3302 2278 3356; x_wconf 89' lang='grc' dir='ltr'>ρεται</span> <span class='ocrx_word' id='word_1_580' title='bbox 2312 3286 2441 3355; x_wconf 82' lang='grc' dir='ltr'>γοῦν</span> <span class='ocrx_word' id='word_1_581' title='bbox 2477 3287 2554 3357; x_wconf 84' lang='grc' dir='ltr'>τῷ</span> <span class='ocrx_word' id='word_1_582' title='bbox 2581 3287 2726 3358; x_wconf 81' lang='grc' dir='ltr'>λόγῳ</span> <span class='ocrx_word' id='word_1_583' title='bbox 2746 3305 2760 3318; x_wconf 77' lang='grc' dir='ltr'><strong>ο</strong></span> <span class='ocrx_word' id='word_1_584' title='bbox 2782 3283 2930 3357; x_wconf 76' lang='grc' dir='ltr'>’Ἃρά</span> <span class='ocrx_word' id='word_1_585' title='bbox 2977 3302 3040 3354; x_wconf 91' lang='grc' dir='ltr'><strong>γε</strong></span> <span class='ocrx_word' id='word_1_586' title='bbox 3088 3283 3357 3352; x_wconf 88' lang='grc' dir='ltr'>λέγουσιν,</span> <span class='ocrx_word' id='word_1_587' title='bbox 3398 3304 3414 3334; x_wconf 83' lang='lat' dir='ltr'><strong>t</strong></span> <span class='ocrx_word' id='word_1_588' title='bbox 3437 3283 3586 3357; x_wconf 80' lang='grc' dir='ltr'><strong>Ξηρὰ</strong></span> <span class='ocrx_word' id='word_1_589' title='bbox 3629 3282 3715 3351; x_wconf 86' lang='grc' dir='ltr'>γέ-</span> 
     </span>
    </p>
   </div>
   <div class='ocr_carea' id='block_1_80' title="bbox 2127 3375 3718 3450">
    <p class='ocr_par' dir='ltr' id='par_1_80' title="bbox 2127 3375 3718 3450">
     <span class='ocr_line' id='line_1_80' title="bbox 2127 3375 3718 3450; baseline -0.001 -20"><span class='ocrx_word' id='word_1_590' title='bbox 2127 3393 2253 3445; x_wconf 79' lang='grc' dir='ltr'>γονε</span> <span class='ocrx_word' id='word_1_591' title='bbox 2277 3377 2345 3431; x_wconf 80' lang='grc' dir='ltr'>τὰ</span> <span class='ocrx_word' id='word_1_592' title='bbox 2376 3379 2539 3433; x_wconf 79' lang='grc' dir='ltr'>ὀστέα</span> <span class='ocrx_word' id='word_1_593' title='bbox 2564 3382 2595 3450; x_wconf 77' lang='grc' dir='ltr'>ἡ</span> <span class='ocrx_word' id='word_1_594' title='bbox 2606 3379 2742 3450; x_wconf 80' lang='grc' dir='ltr'>μῶν·</span> <span class='ocrx_word' id='word_1_595' title='bbox 2777 3399 2795 3431; x_wconf 66' lang='grc' dir='ltr'><strong>ι</strong></span> <span class='ocrx_word' id='word_1_596' title='bbox 2826 3379 2908 3431; x_wconf 85' lang='grc' dir='ltr'>ὃτι</span> <span class='ocrx_word' id='word_1_597' title='bbox 2942 3396 2962 3428; x_wconf 74' lang='grc' dir='ltr'>ι</span> <span class='ocrx_word' id='word_1_598' title='bbox 2992 3377 3144 3430; x_wconf 77' lang='grc' dir='ltr'>αὐτοὶ</span> <span class='ocrx_word' id='word_1_599' title='bbox 3167 3376 3436 3443; x_wconf 84' lang='grc' dir='ltr'>λέγουσιν,</span> <span class='ocrx_word' id='word_1_600' title='bbox 3465 3377 3546 3428; x_wconf 82' lang='grc' dir='ltr'><strong>ὅτι</strong></span> <span class='ocrx_word' id='word_1_601' title='bbox 3571 3375 3718 3446; x_wconf 75' lang='grc' dir='ltr'>Ξηρὰ</span> 
     </span>
    </p>
   </div>
   <div class='ocr_carea' id='block_1_81' title="bbox 2128 3469 3722 3543">
    <p class='ocr_par' dir='ltr' id='par_1_81' title="bbox 2128 3469 3722 3543">
     <span class='ocr_line' id='line_1_81' title="bbox 2128 3469 3722 3543; baseline -0.001 -19"><span class='ocrx_word' id='word_1_602' title='bbox 2128 3473 2320 3540; x_wconf 85' lang='grc' dir='ltr'>γέγονε</span> <span class='ocrx_word' id='word_1_603' title='bbox 2360 3475 2429 3527; x_wconf 83' lang='grc' dir='ltr'>τὰ</span> <span class='ocrx_word' id='word_1_604' title='bbox 2461 3473 2598 3526; x_wconf 78' lang='grc' dir='ltr'>ὀστᾶ</span> <span class='ocrx_word' id='word_1_605' title='bbox 2641 3473 2818 3543; x_wconf 78' lang='grc' dir='ltr'>ἡμῶν,</span> <span class='ocrx_word' id='word_1_606' title='bbox 2855 3491 2873 3522; x_wconf 70' lang='grc' dir='ltr'><strong>ι</strong></span> <span class='ocrx_word' id='word_1_607' title='bbox 2912 3471 3159 3531; x_wconf 83' lang='grc' dir='ltr'>θέλοντες</span> <span class='ocrx_word' id='word_1_608' title='bbox 3186 3469 3509 3522; x_wconf 81' lang='grc' dir='ltr'>ἀνίστασθαι</span> <span class='ocrx_word' id='word_1_609' title='bbox 3557 3485 3722 3522; x_wconf 90' lang='grc' dir='ltr'>συνα-</span> 
     </span>
    </p>
   </div>
   <div class='ocr_carea' id='block_1_82' title="bbox 2128 3559 3723 3640">
    <p class='ocr_par' dir='ltr' id='par_1_82' title="bbox 2128 3559 3723 3640">
     <span class='ocr_line' id='line_1_82' title="bbox 2128 3559 3723 3640; baseline -0.002 -22"><span class='ocrx_word' id='word_1_610' title='bbox 2128 3565 2353 3635; x_wconf 87' lang='grc' dir='ltr'>χθέντα;</span> <span class='ocrx_word' id='word_1_611' title='bbox 2397 3565 2556 3618; x_wconf 76' lang='grc' dir='ltr'>Ἀλλὰ</span> <span class='ocrx_word' id='word_1_612' title='bbox 2584 3564 2740 3618; x_wconf 82' lang='grc' dir='ltr'>τοῦτο</span> <span class='ocrx_word' id='word_1_613' title='bbox 2767 3565 3068 3633; x_wconf 82' lang='grc' dir='ltr'>ἀμήχανον.</span> <span class='ocrx_word' id='word_1_614' title='bbox 3105 3562 3330 3640; x_wconf 81' lang='grc' dir='ltr'>Λέγοιεν</span> <span class='ocrx_word' id='word_1_615' title='bbox 3375 3559 3420 3614; x_wconf 81' lang='grc' dir='ltr'>δ’</span> <span class='ocrx_word' id='word_1_616' title='bbox 3453 3562 3540 3625; x_wconf 86' lang='grc' dir='ltr'><strong>ἂν,</strong></span> <span class='ocrx_word' id='word_1_617' title='bbox 3577 3561 3723 3633; x_wconf 76' lang='grc' dir='ltr'><strong>ξηρὰ</strong></span> 
     </span>
    </p>
   </div>
   <div class='ocr_carea' id='block_1_83' title="bbox 2128 3653 3720 3728">
    <p class='ocr_par' dir='ltr' id='par_1_83' title="bbox 2128 3653 3720 3728">
     <span class='ocr_line' id='line_1_83' title="bbox 2128 3653 3720 3728; baseline -0.001 -17"><span class='ocrx_word' id='word_1_618' title='bbox 2128 3659 2318 3728; x_wconf 89' lang='grc' dir='ltr'>γέγονε</span> <span class='ocrx_word' id='word_1_619' title='bbox 2372 3657 2440 3711; x_wconf 75' lang='grc' dir='ltr'><strong>τὰ</strong></span> <span class='ocrx_word' id='word_1_620' title='bbox 2472 3657 2634 3711; x_wconf 81' lang='grc' dir='ltr'>ὀστέα</span> <span class='ocrx_word' id='word_1_621' title='bbox 2677 3656 2856 3727; x_wconf 81' lang='grc' dir='ltr'>ἡμῶν,</span> <span class='ocrx_word' id='word_1_622' title='bbox 2901 3659 2957 3709; x_wconf 86' lang='grc' dir='ltr'>ὲν</span> <span class='ocrx_word' id='word_1_623' title='bbox 2998 3654 3396 3726; x_wconf 80' lang='grc' dir='ltr'>αἰχμαλωσίαις</span> <span class='ocrx_word' id='word_1_624' title='bbox 3435 3653 3720 3724; x_wconf 87' lang='grc' dir='ltr'>γενόμενοι</span> 
     </span>
    </p>
   </div>
   <div class='ocr_carea' id='block_1_84' title="bbox 2130 3745 3716 3819">
    <p class='ocr_par' dir='ltr' id='par_1_84' title="bbox 2130 3745 3716 3819">
     <span class='ocr_line' id='line_1_84' title="bbox 2130 3745 3716 3819; baseline -0.003 -17"><span class='ocrx_word' id='word_1_625' title='bbox 2130 3751 2223 3802; x_wconf 75' lang='grc' dir='ltr'><strong>καὶ</strong></span> <span class='ocrx_word' id='word_1_626' title='bbox 2262 3751 2441 3802; x_wconf 80' lang='grc' dir='ltr'>πᾶσαν</span> <span class='ocrx_word' id='word_1_627' title='bbox 2488 3748 2724 3819; x_wconf 78' lang='grc' dir='ltr'><strong>ζωτικὴν</strong></span> <span class='ocrx_word' id='word_1_628' title='bbox 2755 3747 2936 3801; x_wconf 84' lang='grc' dir='ltr'>νοτίδα</span> <span class='ocrx_word' id='word_1_629' title='bbox 2989 3747 3449 3816; x_wconf 79' lang='grc' dir='ltr'>ἀποϐεϐληκότες.</span> <span class='ocrx_word' id='word_1_630' title='bbox 3493 3745 3716 3812; x_wconf 78' lang='grc' dir='ltr'>Ἐπιφέ-</span> 
     </span>
    </p>
   </div>
   <div class='ocr_carea' id='block_1_85' title="bbox 2133 3837 3688 3912">
    <p class='ocr_par' dir='ltr' id='par_1_85' title="bbox 2133 3837 3688 3912">
     <span class='ocr_line' id='line_1_85' title="bbox 2133 3837 3688 3912; baseline -0.003 -19"><span class='ocrx_word' id='word_1_631' title='bbox 2133 3857 2284 3912; x_wconf 87' lang='grc' dir='ltr'>ρουσι</span> <span class='ocrx_word' id='word_1_632' title='bbox 2327 3840 2458 3908; x_wconf 77' lang='grc' dir='ltr'>γοῦν</span> <span class='ocrx_word' id='word_1_633' title='bbox 2503 3841 2585 3904; x_wconf 86' lang='grc' dir='ltr'><strong>τὸ,</strong></span> <span class='ocrx_word' id='word_1_634' title='bbox 2627 3859 2645 3892; x_wconf 86' lang='grc'><em>‹</em></span> <span class='ocrx_word' id='word_1_635' title='bbox 2683 3841 2986 3894; x_wconf 78' lang='grc' dir='ltr'>Ἀπόλωλεν</span> <span class='ocrx_word' id='word_1_636' title='bbox 3024 3841 3058 3910; x_wconf 83' lang='grc' dir='ltr'>ἡ</span> <span class='ocrx_word' id='word_1_637' title='bbox 3109 3839 3264 3904; x_wconf 74' lang='grc' dir='ltr'>ἐλπὶς</span> <span class='ocrx_word' id='word_1_638' title='bbox 3308 3837 3497 3909; x_wconf 84' lang='grc' dir='ltr'>ἡμῶν·</span> <span class='ocrx_word' id='word_1_639' title='bbox 3528 3837 3688 3890; x_wconf 78' lang='grc' dir='ltr'>διαπε</span> 
     </span>
    </p>
   </div>
   <div class='ocr_carea' id='block_1_86' title="bbox 2133 3930 3715 4004">
    <p class='ocr_par' dir='ltr' id='par_1_86' title="bbox 2133 3930 3715 4004">
     <span class='ocr_line' id='line_1_86' title="bbox 2133 3930 3715 4004; baseline -0.003 -18"><span class='ocrx_word' id='word_1_640' title='bbox 2133 3933 2486 4004; x_wconf 81' lang='grc' dir='ltr'>φωνήκαμεν.</span> <span class='ocrx_word' id='word_1_641' title='bbox 2521 3953 2539 3983; x_wconf 74' lang='grc' dir='ltr'><strong>ι</strong></span> <span class='ocrx_word' id='word_1_642' title='bbox 2574 3933 2781 3986; x_wconf 79' lang='grc' dir='ltr'>Οὐκοῦν</span> <span class='ocrx_word' id='word_1_643' title='bbox 2818 3935 2850 4004; x_wconf 84' lang='grc' dir='ltr'>ἡ</span> <span class='ocrx_word' id='word_1_644' title='bbox 2885 3932 3188 4002; x_wconf 80' lang='grc' dir='ltr'>ἐπαγγελία</span> <span class='ocrx_word' id='word_1_645' title='bbox 3232 3931 3333 4001; x_wconf 81' lang='grc' dir='ltr'>τῆς</span> <span class='ocrx_word' id='word_1_646' title='bbox 3367 3930 3715 3993; x_wconf 70' lang='grc' dir='ltr'>ἀναστάσεως</span> 
     </span>
    </p>
   </div>
   <div class='ocr_carea' id='block_1_87' title="bbox 2130 4022 3719 4096">
    <p class='ocr_par' dir='ltr' id='par_1_87' title="bbox 2130 4022 3719 4096">
     <span class='ocr_line' id='line_1_87' title="bbox 2130 4022 3719 4096; baseline -0.003 -20"><span class='ocrx_word' id='word_1_647' title='bbox 2130 4023 2223 4076; x_wconf 77' lang='grc' dir='ltr'>τοῦ</span> <span class='ocrx_word' id='word_1_648' title='bbox 2253 4023 2382 4076; x_wconf 81' lang='grc' dir='ltr'>λαοῦ</span> <span class='ocrx_word' id='word_1_649' title='bbox 2427 4025 2574 4076; x_wconf 77' lang='grc' dir='ltr'>ἐστιν</span> <span class='ocrx_word' id='word_1_650' title='bbox 2618 4025 2726 4077; x_wconf 80' lang='grc' dir='ltr'>ἀπὸ</span> <span class='ocrx_word' id='word_1_651' title='bbox 2763 4025 2856 4077; x_wconf 85' lang='grc' dir='ltr'>τοῦ</span> <span class='ocrx_word' id='word_1_652' title='bbox 2905 4025 3220 4096; x_wconf 84' lang='grc' dir='ltr'>πτώματος,</span> <span class='ocrx_word' id='word_1_653' title='bbox 3257 4023 3353 4077; x_wconf 74' lang='grc' dir='ltr'>καὶ</span> <span class='ocrx_word' id='word_1_654' title='bbox 3401 4022 3502 4092; x_wconf 79' lang='grc' dir='ltr'>τῆς</span> <span class='ocrx_word' id='word_1_655' title='bbox 3559 4022 3719 4074; x_wconf 77' lang='grc' dir='ltr'>οἱονεὶ</span> 
     </span>
    </p>
   </div>
   <div class='ocr_carea' id='block_1_88' title="bbox 2134 4114 3718 4192">
    <p class='ocr_par' dir='ltr' id='par_1_88' title="bbox 2134 4114 3718 4192">
     <span class='ocr_line' id='line_1_88' title="bbox 2134 4114 3718 4192; baseline -0.002 -25"><span class='ocrx_word' id='word_1_656' title='bbox 2134 4116 2460 4192; x_wconf 77' lang='grc' dir='ltr'>νεκρότητος</span> <span class='ocrx_word' id='word_1_657' title='bbox 2484 4115 2551 4185; x_wconf 83' lang='grc' dir='ltr'><strong>ἣν</strong></span> <span class='ocrx_word' id='word_1_658' title='bbox 2585 4116 2966 4186; x_wconf 87' lang='grc' dir='ltr'>νενέκρωνται,</span> <span class='ocrx_word' id='word_1_659' title='bbox 2993 4115 3081 4168; x_wconf 85' lang='grc' dir='ltr'><strong>διὰ</strong></span> <span class='ocrx_word' id='word_1_660' title='bbox 3111 4115 3176 4168; x_wconf 80' lang='grc' dir='ltr'>τὰ</span> <span class='ocrx_word' id='word_1_661' title='bbox 3208 4114 3578 4184; x_wconf 83' lang='grc' dir='ltr'>ἁμαρτήματα</span> <span class='ocrx_word' id='word_1_662' title='bbox 3608 4114 3718 4174; x_wconf 80' lang='grc' dir='ltr'>τοῖς</span> 
     </span>
    </p>
   </div>
   <div class='ocr_carea' id='block_1_89' title="bbox 2133 4206 3718 4282">
    <p class='ocr_par' dir='ltr' id='par_1_89' title="bbox 2133 4206 3718 4282">
     <span class='ocr_line' id='line_1_89' title="bbox 2133 4206 3718 4282; baseline -0.003 -18"><span class='ocrx_word' id='word_1_663' title='bbox 2133 4211 2347 4282; x_wconf 79' lang='grc' dir='ltr'>ἐχθροῖς</span> <span class='ocrx_word' id='word_1_664' title='bbox 2398 4211 2814 4282; x_wconf 78' lang='grc' dir='ltr'>παραδοθέντες.</span> <span class='ocrx_word' id='word_1_665' title='bbox 2880 4212 2992 4265; x_wconf 74' lang='grc' dir='ltr'>Καὶ</span> <span class='ocrx_word' id='word_1_666' title='bbox 3041 4212 3090 4264; x_wconf 85' lang='grc' dir='ltr'>οἱ</span> <span class='ocrx_word' id='word_1_667' title='bbox 3148 4208 3462 4281; x_wconf 77' lang='grc' dir='ltr'>ἁμαρτωλοὶ</span> <span class='ocrx_word' id='word_1_668' title='bbox 3505 4208 3563 4260; x_wconf 79' lang='grc' dir='ltr'><strong>δὲ</strong></span> <span class='ocrx_word' id='word_1_669' title='bbox 3615 4206 3718 4260; x_wconf 83' lang='grc' dir='ltr'>ὑπὸ</span> 
     </span>
    </p>
   </div>
   <div class='ocr_carea' id='block_1_90' title="bbox 2130 4299 3715 4374">
    <p class='ocr_par' dir='ltr' id='par_1_90' title="bbox 2130 4299 3715 4374">
     <span class='ocr_line' id='line_1_90' title="bbox 2130 4299 3715 4374; baseline -0.003 -18"><span class='ocrx_word' id='word_1_670' title='bbox 2130 4303 2225 4356; x_wconf 81' lang='grc' dir='ltr'>τοῦ</span> <span class='ocrx_word' id='word_1_671' title='bbox 2260 4303 2511 4374; x_wconf 78' lang='grc' dir='ltr'>Σωτῆρος</span> <span class='ocrx_word' id='word_1_672' title='bbox 2537 4305 2787 4374; x_wconf 88' lang='grc' dir='ltr'>λέγονται</span> <span class='ocrx_word' id='word_1_673' title='bbox 2831 4302 2969 4360; x_wconf 80' lang='grc' dir='ltr'>εἶναι</span> <span class='ocrx_word' id='word_1_674' title='bbox 3011 4304 3172 4372; x_wconf 82' lang='grc' dir='ltr'>τάφοι</span> <span class='ocrx_word' id='word_1_675' title='bbox 3207 4303 3468 4372; x_wconf 79' lang='grc' dir='ltr'>γέμοντες</span> <span class='ocrx_word' id='word_1_676' title='bbox 3516 4299 3715 4353; x_wconf 77' lang='grc' dir='ltr'>ὀστέων</span> 
     </span>
    </p>
   </div>
   <div class='ocr_carea' id='block_1_91' title="bbox 2133 4390 3710 4468">
    <p class='ocr_par' dir='ltr' id='par_1_91' title="bbox 2133 4390 3710 4468">
     <span class='ocr_line' id='line_1_91' title="bbox 2133 4390 3710 4468; baseline -0.004 -20"><span class='ocrx_word' id='word_1_677' title='bbox 2133 4397 2228 4448; x_wconf 76' lang='grc' dir='ltr'><strong>καὶ</strong></span> <span class='ocrx_word' id='word_1_678' title='bbox 2259 4395 2438 4465; x_wconf 83' lang='grc' dir='ltr'>πάσης</span> <span class='ocrx_word' id='word_1_679' title='bbox 2483 4395 2846 4468; x_wconf 83' lang='grc' dir='ltr'>ἀκαθαρσίας.</span> <span class='ocrx_word' id='word_1_680' title='bbox 2878 4394 3084 4466; x_wconf 85' lang='grc' dir='ltr'>Πρέπει</span> <span class='ocrx_word' id='word_1_681' title='bbox 3115 4395 3171 4446; x_wconf 81' lang='grc' dir='ltr'><strong>δὲ</strong></span> <span class='ocrx_word' id='word_1_682' title='bbox 3221 4393 3297 4463; x_wconf 83' lang='grc' dir='ltr'>τῷ</span> <span class='ocrx_word' id='word_1_683' title='bbox 3331 4390 3452 4462; x_wconf 83' lang='grc' dir='ltr'><strong>Θεῷ</strong></span> <span class='ocrx_word' id='word_1_684' title='bbox 3481 4391 3710 4458; x_wconf 58' lang='grc' dir='ltr'>ἀνοίγειν</span> 
     </span>
    </p>
   </div>
   <div class='ocr_carea' id='block_1_92' title="bbox 451 4479 2029 4558">
    <p class='ocr_par' dir='ltr' id='par_1_92' title="bbox 451 4479 2026 4553">
     <span class='ocr_line' id='line_1_92' title="bbox 451 4479 2026 4553; baseline 0.003 -22"><span class='ocrx_word' id='word_1_685' title='bbox 451 4479 739 4532; x_wconf 75' lang='lat' dir='ltr'><strong>strantltrm</strong></span> <span class='ocrx_word' id='word_1_686' title='bbox 777 4480 912 4547; x_wconf 87' lang='lat' dir='ltr'><strong>ipsis</strong></span> <span class='ocrx_word' id='word_1_687' title='bbox 939 4491 1047 4543; x_wconf 82' lang='lat' dir='ltr'><strong>est,</strong></span> <span class='ocrx_word' id='word_1_688' title='bbox 1079 4491 1286 4537; x_wconf 77' lang='lat' dir='ltr'><strong>temone</strong></span> <span class='ocrx_word' id='word_1_689' title='bbox 1321 4482 1441 4536; x_wconf 76' lang='lat' dir='ltr'><strong>illos</strong></span> <span class='ocrx_word' id='word_1_690' title='bbox 1470 4483 1520 4536; x_wconf 92' lang='lat' dir='ltr'><strong>in</strong></span> <span class='ocrx_word' id='word_1_691' title='bbox 1549 4499 1794 4539; x_wconf 87' lang='lat' dir='ltr'><strong>errorem</strong></span> <span class='ocrx_word' id='word_1_692' title='bbox 1831 4485 2026 4553; x_wconf 90' lang='lat' dir='ltr'><strong>abripi,</strong></span> 
     </span>
    </p>
   </div>
   <div class='ocr_carea' id='block_1_93' title="bbox 2135 4479 3716 4558">
    <p class='ocr_par' dir='ltr' id='par_1_93' title="bbox 2135 4481 3716 4558">
     <span class='ocr_line' id='line_1_93' title="bbox 2135 4481 3716 4558; baseline -0.004 -19"><span class='ocrx_word' id='word_1_693' title='bbox 2135 4489 2202 4541; x_wconf 74' lang='grc' dir='ltr'>τὰ</span> <span class='ocrx_word' id='word_1_694' title='bbox 2245 4491 2484 4558; x_wconf 84' lang='grc' dir='ltr'>μνημεῖα</span> <span class='ocrx_word' id='word_1_695' title='bbox 2530 4489 2786 4551; x_wconf 79' lang='grc' dir='ltr'>ἑκάστου,</span> <span class='ocrx_word' id='word_1_696' title='bbox 2816 4488 2908 4540; x_wconf 80' lang='grc' dir='ltr'><strong>καὶ</strong></span> <span class='ocrx_word' id='word_1_697' title='bbox 2940 4486 3155 4555; x_wconf 75' lang='grc' dir='ltr'>ἐξάγειν</span> <span class='ocrx_word' id='word_1_698' title='bbox 3191 4487 3254 4538; x_wconf 72' lang='grc' dir='ltr'>ἐκ</span> <span class='ocrx_word' id='word_1_699' title='bbox 3288 4484 3396 4537; x_wconf 83' lang='grc' dir='ltr'><strong>τῶν</strong></span> <span class='ocrx_word' id='word_1_700' title='bbox 3435 4481 3716 4554; x_wconf 76' lang='grc' dir='ltr'>μνημείων</span> 
     </span>
    </p>
   </div>
   <div class='ocr_carea' id='block_1_94' title="bbox 456 4571 2026 4646">
    <p class='ocr_par' dir='ltr' id='par_1_94' title="bbox 456 4571 2026 4646">
     <span class='ocr_line' id='line_1_94' title="bbox 456 4571 2026 4646; baseline 0.004 -24"><span class='ocrx_word' id='word_1_701' title='bbox 456 4573 581 4624; x_wconf 80' lang='lat' dir='ltr'><strong>dum</strong></span> <span class='ocrx_word' id='word_1_702' title='bbox 633 4571 819 4640; x_wconf 87' lang='lat' dir='ltr'><strong>scripti</strong></span> <span class='ocrx_word' id='word_1_703' title='bbox 890 4575 1213 4628; x_wconf 84' lang='lat' dir='ltr'><strong>sententiam</strong></span> <span class='ocrx_word' id='word_1_704' title='bbox 1283 4590 1628 4646; x_wconf 73' lang='lat' dir='ltr'><strong>nequaquam</strong></span> <span class='ocrx_word' id='word_1_705' title='bbox 1696 4577 2026 4646; x_wconf 86' lang='lat' dir='ltr'><strong>percipiunt.</strong></span> 
     </span>
    </p>
   </div>
   <div class='ocr_carea' id='block_1_95' title="bbox 456 4658 2030 4736">
    <p class='ocr_par' dir='ltr' id='par_1_95' title="bbox 456 4658 2030 4736">
     <span class='ocr_line' id='line_1_95' title="bbox 456 4658 2030 4736; baseline 0.005 -24"><span class='ocrx_word' id='word_1_706' title='bbox 456 4658 641 4727; x_wconf 78' lang='lat' dir='ltr'><strong>Neque</strong></span> <span class='ocrx_word' id='word_1_707' title='bbox 674 4662 818 4714; x_wconf 79' lang='lat' dir='ltr'><strong>enim</strong></span> <span class='ocrx_word' id='word_1_708' title='bbox 847 4675 972 4715; x_wconf 89' lang='lat' dir='ltr'><strong>cum</strong></span> <span class='ocrx_word' id='word_1_709' title='bbox 1009 4679 1132 4718; x_wconf 86' lang='lat' dir='ltr'><strong>ossa</strong></span> <span class='ocrx_word' id='word_1_710' title='bbox 1171 4664 1548 4732; x_wconf 84' lang='lat' dir='ltr'><strong>nominantur,</strong></span> <span class='ocrx_word' id='word_1_711' title='bbox 1593 4666 1708 4720; x_wconf 69' lang='lat' dir='ltr'><strong>btec</strong></span> <span class='ocrx_word' id='word_1_712' title='bbox 1752 4667 1866 4736; x_wconf 91' lang='lat' dir='ltr'><strong>ipsa</strong></span> <span class='ocrx_word' id='word_1_713' title='bbox 1910 4682 2030 4735; x_wconf 83' lang='lat' dir='ltr'><strong>quae</strong></span> 
     </span>
    </p>
   </div>
   <div class='ocr_carea' id='block_1_96' title="bbox 457 4751 2031 4826">
    <p class='ocr_par' dir='ltr' id='par_1_96' title="bbox 457 4751 2031 4826">
     <span class='ocr_line' id='line_1_96' title="bbox 457 4751 2031 4826; baseline 0.004 -22"><span class='ocrx_word' id='word_1_714' title='bbox 457 4751 717 4804; x_wconf 77' lang='lat' dir='ltr'><strong>habemus</strong></span> <span class='ocrx_word' id='word_1_715' title='bbox 768 4765 892 4805; x_wconf 88' lang='lat' dir='ltr'><strong>ossa</strong></span> <span class='ocrx_word' id='word_1_716' title='bbox 950 4768 1046 4820; x_wconf 87' lang='lat' dir='ltr'><strong>par</strong></span> <span class='ocrx_word' id='word_1_717' title='bbox 1091 4763 1175 4808; x_wconf 91' lang='lat' dir='ltr'><strong>est</strong></span> <span class='ocrx_word' id='word_1_718' title='bbox 1235 4755 1407 4824; x_wconf 90' lang='lat' dir='ltr'><strong>accipi</strong></span> <span class='ocrx_word' id='word_1_719' title='bbox 1453 4771 1469 4822; x_wconf 87' lang='lat'><strong>;</strong></span> <span class='ocrx_word' id='word_1_720' title='bbox 1511 4757 1592 4809; x_wconf 91' lang='lat' dir='ltr'><strong>uti</strong></span> <span class='ocrx_word' id='word_1_721' title='bbox 1635 4771 1811 4826; x_wconf 80' lang='lat' dir='ltr'><strong>neque</strong></span> <span class='ocrx_word' id='word_1_722' title='bbox 1854 4757 1905 4809; x_wconf 92' lang='lat' dir='ltr'><strong>in</strong></span> <span class='ocrx_word' id='word_1_723' title='bbox 1948 4758 2031 4811; x_wconf 88' lang='lat' dir='ltr'><strong>bis</strong></span> 
     </span>
    </p>
   </div>
   <div class='ocr_carea' id='block_1_97' title="bbox 460 4843 2028 4916">
    <p class='ocr_par' dir='ltr' id='par_1_97' title="bbox 460 4843 2028 4916">
     <span class='ocr_line' id='line_1_97' title="bbox 460 4843 2028 4916; baseline 0.003 -20"><span class='ocrx_word' id='word_1_724' title='bbox 460 4844 619 4906; x_wconf 84' lang='lat' dir='ltr'><strong>locis,</strong></span> <span class='ocrx_word' id='word_1_725' title='bbox 651 4843 740 4896; x_wconf 77' lang='lat' dir='ltr'><strong>tibi</strong></span> <span class='ocrx_word' id='word_1_726' title='bbox 783 4847 1043 4913; x_wconf 84' lang='lat' dir='ltr'><strong>scriptum</strong></span> <span class='ocrx_word' id='word_1_727' title='bbox 1074 4856 1159 4900; x_wconf 89' lang='lat' dir='ltr'><strong>est</strong></span> <span class='ocrx_word' id='word_1_728' title='bbox 1183 4845 1222 4876; x_wconf 85' lang='lat'>“</span> <span class='ocrx_word' id='word_1_729' title='bbox 1271 4866 1283 4900; x_wconf 89' lang='lat'><strong>:</strong></span> <span class='ocrx_word' id='word_1_730' title='bbox 1339 4866 1356 4898; x_wconf 86' lang='lat' dir='ltr'><strong>t</strong></span> <span class='ocrx_word' id='word_1_731' title='bbox 1393 4847 1651 4916; x_wconf 83' lang='lat' dir='ltr'><strong>Dispersa</strong></span> <span class='ocrx_word' id='word_1_732' title='bbox 1689 4857 1813 4901; x_wconf 87' lang='lat' dir='ltr'><strong>sunt</strong></span> <span class='ocrx_word' id='word_1_733' title='bbox 1845 4849 2028 4902; x_wconf 87' lang='lat' dir='ltr'><strong>omnia</strong></span> 
     </span>
    </p>
   </div>
   <div class='ocr_carea' id='block_1_98' title="bbox 455 4938 2028 5008">
    <p class='ocr_par' dir='ltr' id='par_1_98' title="bbox 455 4938 2028 5008">
     <span class='ocr_line' id='line_1_98' title="bbox 455 4938 2028 5008; baseline 0.003 -18"><span class='ocrx_word' id='word_1_734' title='bbox 455 4953 580 4992; x_wconf 83' lang='lat' dir='ltr'><strong>ossa</strong></span> <span class='ocrx_word' id='word_1_735' title='bbox 620 4953 761 4991; x_wconf 83' lang='lat' dir='ltr'><strong>mea.</strong></span> <span class='ocrx_word' id='word_1_736' title='bbox 795 4957 813 4988; x_wconf 72' lang='grc' dir='ltr'>ι</span> <span class='ocrx_word' id='word_1_737' title='bbox 857 4938 992 4992; x_wconf 91' lang='lat' dir='ltr'><strong>Tum</strong></span> <span class='ocrx_word' id='word_1_738' title='bbox 1026 4939 1068 4970; x_wconf 76' lang='grc' dir='ltr'><strong>ι’</strong></span> <span class='ocrx_word' id='word_1_739' title='bbox 1104 4957 1116 4992; x_wconf 91' lang='lat'>:</span> <span class='ocrx_word' id='word_1_740' title='bbox 1178 4959 1195 4991; x_wconf 74' lang='grc' dir='ltr'>ι</span> <span class='ocrx_word' id='word_1_741' title='bbox 1229 4938 1376 4993; x_wconf 85' lang='lat' dir='ltr'><strong>Sana</strong></span> <span class='ocrx_word' id='word_1_742' title='bbox 1429 4955 1540 5004; x_wconf 91' lang='lat' dir='ltr'><strong>me,</strong></span> <span class='ocrx_word' id='word_1_743' title='bbox 1589 4941 1844 5008; x_wconf 78' lang='lat' dir='ltr'><strong>quoniam</strong></span> <span class='ocrx_word' id='word_1_744' title='bbox 1898 4957 2028 4996; x_wconf 89' lang='lat' dir='ltr'><strong>con-</strong></span> 
     </span>
    </p>
   </div>
   <div class='ocr_carea' id='block_1_99' title="bbox 459 5035 2028 5092">
    <p class='ocr_par' dir='ltr' id='par_1_99' title="bbox 459 5035 2028 5092">
     <span class='ocr_line' id='line_1_99' title="bbox 459 5035 2028 5092; baseline -0.001 -6"><span class='ocrx_word' id='word_1_745' title='bbox 459 5035 673 5087; x_wconf 89' lang='lat' dir='ltr'><strong>turbata</strong></span> <span class='ocrx_word' id='word_1_746' title='bbox 708 5045 831 5090; x_wconf 91' lang='lat' dir='ltr'><strong>sunt</strong></span> <span class='ocrx_word' id='word_1_747' title='bbox 858 5051 982 5090; x_wconf 88' lang='lat' dir='ltr'><strong>ossa</strong></span> <span class='ocrx_word' id='word_1_748' title='bbox 1021 5053 1138 5092; x_wconf 88' lang='lat' dir='ltr'><strong>mea</strong></span> <span class='ocrx_word' id='word_1_749' title='bbox 1167 5059 1181 5091; x_wconf 82' lang='lat'><strong>;</strong></span> <span class='ocrx_word' id='word_1_750' title='bbox 1221 5057 1240 5091; x_wconf 66' lang='grc' dir='ltr'><strong>ι</strong></span> <span class='ocrx_word' id='word_1_751' title='bbox 1277 5051 1400 5091; x_wconf 89' lang='lat' dir='ltr'><strong>cum</strong></span> <span class='ocrx_word' id='word_1_752' title='bbox 1442 5037 1512 5091; x_wconf 88' lang='lat' dir='ltr'><strong>sit</strong></span> <span class='ocrx_word' id='word_1_753' title='bbox 1541 5035 1891 5090; x_wconf 81' lang='lat' dir='ltr'><strong>manifestum</strong></span> <span class='ocrx_word' id='word_1_754' title='bbox 1922 5048 2028 5086; x_wconf 91' lang='lat' dir='ltr'><strong>non</strong></span> 
     </span>
    </p>
   </div>
   <div class='ocr_carea' id='block_1_100' title="bbox 459 5129 2030 5198">
    <p class='ocr_par' dir='ltr' id='par_1_100' title="bbox 459 5129 2030 5198">
     <span class='ocr_line' id='line_1_100' title="bbox 459 5129 2030 5198; baseline 0.001 -18"><span class='ocrx_word' id='word_1_755' title='bbox 459 5129 757 5181; x_wconf 75' lang='lat' dir='ltr'><strong>secundum</strong></span> <span class='ocrx_word' id='word_1_756' title='bbox 833 5130 1108 5198; x_wconf 76' lang='lat' dir='ltr'><strong>vulgarem</strong></span> <span class='ocrx_word' id='word_1_757' title='bbox 1191 5133 1474 5185; x_wconf 87' lang='lat' dir='ltr'><strong>notionem</strong></span> <span class='ocrx_word' id='word_1_758' title='bbox 1555 5129 1760 5183; x_wconf 88' lang='lat' dir='ltr'><strong>ossium</strong></span> <span class='ocrx_word' id='word_1_759' title='bbox 1839 5143 2030 5181; x_wconf 89' lang='lat' dir='ltr'><strong>nomen</strong></span> 
     </span>
    </p>
   </div>
   <div class='ocr_carea' id='block_1_101' title="bbox 460 5221 2030 5288">
    <p class='ocr_par' dir='ltr' id='par_1_101' title="bbox 460 5221 2030 5288">
     <span class='ocr_line' id='line_1_101' title="bbox 460 5221 2030 5288; baseline 0.001 -16"><span class='ocrx_word' id='word_1_760' title='bbox 460 5222 734 5288; x_wconf 82' lang='lat' dir='ltr'><strong>usurpari.</strong></span> <span class='ocrx_word' id='word_1_761' title='bbox 779 5221 1037 5278; x_wconf 74' lang='lat' dir='ltr'><strong>l’noinde</strong></span> <span class='ocrx_word' id='word_1_762' title='bbox 1065 5224 1248 5276; x_wconf 85' lang='lat' dir='ltr'><strong>statim</strong></span> <span class='ocrx_word' id='word_1_763' title='bbox 1279 5223 1472 5276; x_wconf 84' lang='lat' dir='ltr'><strong>eadem</strong></span> <span class='ocrx_word' id='word_1_764' title='bbox 1521 5222 1573 5275; x_wconf 89' lang='lat' dir='ltr'><strong>i-n</strong></span> <span class='ocrx_word' id='word_1_765' title='bbox 1609 5221 1854 5275; x_wconf 82' lang='lat' dir='ltr'><strong>oratione</strong></span> <span class='ocrx_word' id='word_1_766' title='bbox 1899 5221 2030 5275; x_wconf 87' lang='lat' dir='ltr'><strong>sub-</strong></span> 
     </span>
    </p>
   </div>
   <div class='ocr_carea' id='block_1_102' title="bbox 453 5310 2030 5382">
    <p class='ocr_par' dir='ltr' id='par_1_102' title="bbox 453 5310 2030 5382">
     <span class='ocr_line' id='line_1_102' title="bbox 453 5310 2030 5382; baseline 0.002 -21"><span class='ocrx_word' id='word_1_767' title='bbox 453 5310 696 5382; x_wconf 69' lang='lat' dir='ltr'><strong>iungitur</strong></span> <span class='ocrx_word' id='word_1_768' title='bbox 724 5313 770 5343; x_wconf 70' lang='grc'>’³</span> <span class='ocrx_word' id='word_1_769' title='bbox 802 5331 815 5367; x_wconf 89' lang='lat'>:</span> <span class='ocrx_word' id='word_1_770' title='bbox 855 5331 874 5363; x_wconf 78' lang='grc' dir='ltr'>ι</span> <span class='ocrx_word' id='word_1_771' title='bbox 906 5312 982 5366; x_wconf 90' lang='lat' dir='ltr'><strong>Eo</strong></span> <span class='ocrx_word' id='word_1_772' title='bbox 1013 5313 1156 5382; x_wconf 85' lang='lat' dir='ltr'><strong>quod</strong></span> <span class='ocrx_word' id='word_1_773' title='bbox 1189 5311 1290 5381; x_wconf 93' lang='lat' dir='ltr'><strong>ipsi</strong></span> <span class='ocrx_word' id='word_1_774' title='bbox 1322 5311 1550 5364; x_wconf 89' lang='lat' dir='ltr'><strong>dicunt:</strong></span> <span class='ocrx_word' id='word_1_775' title='bbox 1585 5311 1844 5379; x_wconf 88' lang='lat' dir='ltr'><strong>quoniam</strong></span> <span class='ocrx_word' id='word_1_776' title='bbox 1877 5311 2030 5364; x_wconf 83' lang='lat' dir='ltr'><strong>arida</strong></span> 
     </span>
    </p>
   </div>
   <div class='ocr_carea' id='block_1_103' title="bbox 459 5403 2026 5473">
    <p class='ocr_par' dir='ltr' id='par_1_103' title="bbox 459 5403 2026 5473">
     <span class='ocr_line' id='line_1_103' title="bbox 459 5403 2026 5473; baseline -0.003 -13"><span class='ocrx_word' id='word_1_777' title='bbox 459 5408 600 5460; x_wconf 72' lang='lat' dir='ltr'><strong>facta</strong></span> <span class='ocrx_word' id='word_1_778' title='bbox 642 5417 770 5460; x_wconf 90' lang='lat' dir='ltr'><strong>sunt</strong></span> <span class='ocrx_word' id='word_1_779' title='bbox 814 5424 936 5461; x_wconf 88' lang='lat' dir='ltr'><strong>ossa</strong></span> <span class='ocrx_word' id='word_1_780' title='bbox 987 5415 1194 5460; x_wconf 87' lang='lat' dir='ltr'><strong>nostra.</strong></span> <span class='ocrx_word' id='word_1_781' title='bbox 1231 5423 1250 5455; x_wconf 71' lang='grc' dir='ltr'><strong>ι</strong></span> <span class='ocrx_word' id='word_1_782' title='bbox 1283 5403 1419 5458; x_wconf 70' lang='lat' dir='ltr'><strong>Num</strong></span> <span class='ocrx_word' id='word_1_783' title='bbox 1456 5404 1558 5457; x_wconf 86' lang='lat' dir='ltr'><strong>hoc</strong></span> <span class='ocrx_word' id='word_1_784' title='bbox 1610 5404 1774 5473; x_wconf 83' lang='lat' dir='ltr'><strong>igitur</strong></span> <span class='ocrx_word' id='word_1_785' title='bbox 1817 5404 2026 5468; x_wconf 89' lang='lat' dir='ltr'><strong>dicunt,</strong></span> 
     </span>
    </p>
   </div>
   <div class='ocr_carea' id='block_1_104' title="bbox 465 5496 2024 5563">
    <p class='ocr_par' dir='ltr' id='par_1_104' title="bbox 465 5496 2024 5563">
     <span class='ocr_line' id='line_1_104' title="bbox 465 5496 2024 5563; baseline 0.001 -19"><span class='ocrx_word' id='word_1_786' title='bbox 465 5514 483 5544; x_wconf 73' lang='grc' dir='ltr'>ι</span> <span class='ocrx_word' id='word_1_787' title='bbox 511 5496 673 5551; x_wconf 75' lang='lat' dir='ltr'><strong>Arida</strong></span> <span class='ocrx_word' id='word_1_788' title='bbox 703 5501 842 5552; x_wconf 77' lang='lat' dir='ltr'><strong>l‘acta</strong></span> <span class='ocrx_word' id='word_1_789' title='bbox 887 5509 1014 5552; x_wconf 90' lang='lat' dir='ltr'><strong>sunt</strong></span> <span class='ocrx_word' id='word_1_790' title='bbox 1067 5513 1189 5551; x_wconf 88' lang='lat' dir='ltr'><strong>ossa</strong></span> <span class='ocrx_word' id='word_1_791' title='bbox 1241 5506 1448 5556; x_wconf 88' lang='lat' dir='ltr'><strong>nostra,</strong></span> <span class='ocrx_word' id='word_1_792' title='bbox 1487 5513 1508 5547; x_wconf 71' lang='grc' dir='ltr'>ι</span> <span class='ocrx_word' id='word_1_793' title='bbox 1562 5496 1703 5563; x_wconf 82' lang='lat' dir='ltr'><strong>quod</strong></span> <span class='ocrx_word' id='word_1_794' title='bbox 1738 5496 1928 5548; x_wconf 84' lang='lat' dir='ltr'><strong>eadem</strong></span> <span class='ocrx_word' id='word_1_795' title='bbox 1975 5496 2024 5548; x_wconf 92' lang='lat' dir='ltr'><strong>in</strong></span> 
     </span>
    </p>
   </div>
   <div class='ocr_carea' id='block_1_105' title="bbox 528 5589 1932 5657">
    <p class='ocr_par' dir='ltr' id='par_1_105' title="bbox 528 5589 1932 5657">
     <span class='ocr_line' id='line_1_105' title="bbox 528 5589 1932 5657; baseline 0 -12"><span class='ocrx_word' id='word_1_796' title='bbox 528 5599 549 5628; x_wconf 81' lang='grc' dir='ltr'>θ</span> <span class='ocrx_word' id='word_1_797' title='bbox 577 5593 592 5645; x_wconf 94' lang='lat' dir='ltr'><strong>l</strong></span> <span class='ocrx_word' id='word_1_798' title='bbox 621 5592 743 5654; x_wconf 78' lang='lat' dir='ltr'><strong>Cor.</strong></span> <span class='ocrx_word' id='word_1_799' title='bbox 771 5607 859 5657; x_wconf 82' lang='lat' dir='ltr'><strong>xv,</strong></span> <span class='ocrx_word' id='word_1_800' title='bbox 881 5592 968 5645; x_wconf 74' lang='grc' dir='ltr'><strong>ιι.</strong></span> <span class='ocrx_word' id='word_1_801' title='bbox 1047 5592 1090 5621; x_wconf 81' lang='grc'><strong>¹⁰</strong></span> <span class='ocrx_word' id='word_1_802' title='bbox 1118 5591 1243 5645; x_wconf 92' lang='lat' dir='ltr'><strong>ibid.</strong></span> <span class='ocrx_word' id='word_1_803' title='bbox 1275 5590 1365 5644; x_wconf 65' lang='grc' dir='ltr'><strong>ΞΟ.</strong></span> <span class='ocrx_word' id='word_1_804' title='bbox 1444 5590 1483 5621; x_wconf 89' lang='grc'>¹¹</span> <span class='ocrx_word' id='word_1_805' title='bbox 1510 5589 1653 5643; x_wconf 76' lang='lat' dir='ltr'><strong>Psal.</strong></span> <span class='ocrx_word' id='word_1_806' title='bbox 1689 5603 1808 5654; x_wconf 78' lang='lat' dir='ltr'><strong>xxt,</strong></span> <span class='ocrx_word' id='word_1_807' title='bbox 1846 5589 1932 5646; x_wconf 81' lang='grc'><strong>15.</strong></span> 
     </span>
    </p>
   </div>
   <div class='ocr_carea' id='block_1_106' title="bbox 2013 5592 2434 5658">
    <p class='ocr_par' dir='ltr' id='par_1_106' title="bbox 2013 5592 2434 5658">
     <span class='ocr_line' id='line_1_106' title="bbox 2013 5592 2434 5658; baseline 0.007 -12"><span class='ocrx_word' id='word_1_808' title='bbox 2013 5593 2054 5623; x_wconf 84' lang='grc'><strong>¹²</strong></span> <span class='ocrx_word' id='word_1_809' title='bbox 2092 5592 2236 5648; x_wconf 83' lang='lat' dir='ltr'><strong>Psal.</strong></span> <span class='ocrx_word' id='word_1_810' title='bbox 2270 5613 2345 5658; x_wconf 69' lang='grc' dir='ltr'><strong>γι,</strong></span> <span class='ocrx_word' id='word_1_811' title='bbox 2382 5597 2434 5651; x_wconf 82' lang='grc'>5.</span> 
     </span>
    </p>
   </div>
   <div class='ocr_carea' id='block_1_107' title="bbox 2139 4573 3714 4649">
    <p class='ocr_par' dir='ltr' id='par_1_107' title="bbox 2139 4573 3714 4649">
     <span class='ocr_line' id='line_1_107' title="bbox 2139 4573 3714 4649; baseline -0.006 -17"><span class='ocrx_word' id='word_1_812' title='bbox 2139 4579 2286 4648; x_wconf 78' lang='grc' dir='ltr'>ἡμᾶς</span> <span class='ocrx_word' id='word_1_813' title='bbox 2331 4579 2819 4649; x_wconf 79' lang='grc' dir='ltr'>ὲζωοποιημένους,</span> <span class='ocrx_word' id='word_1_814' title='bbox 2847 4578 3036 4649; x_wconf 83' lang='grc' dir='ltr'>ὥσπερ</span> <span class='ocrx_word' id='word_1_815' title='bbox 3071 4581 3099 4632; x_wconf 85' lang='grc' dir='ltr'>ὁ</span> <span class='ocrx_word' id='word_1_816' title='bbox 3130 4577 3318 4648; x_wconf 80' lang='grc' dir='ltr'>Σωτὴρ</span> <span class='ocrx_word' id='word_1_817' title='bbox 3353 4577 3443 4629; x_wconf 76' lang='grc' dir='ltr'>τὸν</span> <span class='ocrx_word' id='word_1_818' title='bbox 3468 4573 3714 4643; x_wconf 77' lang='grc' dir='ltr'>Λάζαρον</span> 
     </span>
    </p>
   </div>
   <div class='ocr_carea' id='block_1_108' title="bbox 2137 4663 3716 4738">
    <p class='ocr_par' dir='ltr' id='par_1_108' title="bbox 2137 4663 3716 4738">
     <span class='ocr_line' id='line_1_108' title="bbox 2137 4663 3716 4738; baseline -0.006 -15"><span class='ocrx_word' id='word_1_819' title='bbox 2137 4672 2385 4725; x_wconf 76' lang='grc' dir='ltr'>εἵλκυσεν</span> <span class='ocrx_word' id='word_1_820' title='bbox 2417 4673 2541 4738; x_wconf 79' lang='grc' dir='ltr'>ἔξω.</span> <span class='ocrx_word' id='word_1_821' title='bbox 2571 4671 2643 4724; x_wconf 75' lang='grc' dir='ltr'><strong>Τὸ</strong></span> <span class='ocrx_word' id='word_1_822' title='bbox 2671 4673 2752 4734; x_wconf 84' lang='grc' dir='ltr'><strong>δὲ,</strong></span> <span class='ocrx_word' id='word_1_823' title='bbox 2783 4690 2800 4721; x_wconf 83' lang='grc' dir='ltr'>ι</span> <span class='ocrx_word' id='word_1_824' title='bbox 2843 4672 2990 4723; x_wconf 84' lang='grc' dir='ltr'>Ἐκεῖ</span> <span class='ocrx_word' id='word_1_825' title='bbox 3019 4669 3172 4722; x_wconf 78' lang='grc' dir='ltr'>ἔσται</span> <span class='ocrx_word' id='word_1_826' title='bbox 3199 4670 3227 4721; x_wconf 84' lang='grc' dir='ltr'>ὁ</span> <span class='ocrx_word' id='word_1_827' title='bbox 3257 4667 3533 4738; x_wconf 80' lang='grc' dir='ltr'>κλαυθμὸς</span> <span class='ocrx_word' id='word_1_828' title='bbox 3561 4663 3652 4718; x_wconf 79' lang='grc' dir='ltr'><strong>καὶ</strong></span> <span class='ocrx_word' id='word_1_829' title='bbox 3685 4663 3716 4714; x_wconf 86' lang='grc' dir='ltr'>ὁ</span> 
     </span>
    </p>
   </div>
   <div class='ocr_carea' id='block_1_109' title="bbox 2141 4747 3718 4834">
    <p class='ocr_par' dir='ltr' id='par_1_109' title="bbox 2141 4747 3718 4834">
     <span class='ocr_line' id='line_1_109' title="bbox 2141 4747 3718 4834; baseline -0.005 -17"><span class='ocrx_word' id='word_1_830' title='bbox 2141 4762 2382 4834; x_wconf 81' lang='grc' dir='ltr'>βρυγμὸς</span> <span class='ocrx_word' id='word_1_831' title='bbox 2412 4747 2801 4826; x_wconf 66' lang='grc' dir='ltr'>τῶνὸδόντων,</span> <span class='ocrx_word' id='word_1_832' title='bbox 2831 4782 2848 4813; x_wconf 68' lang='grc' dir='ltr'>δ</span> <span class='ocrx_word' id='word_1_833' title='bbox 2883 4762 3020 4834; x_wconf 84' lang='grc' dir='ltr'>πρὸς</span> <span class='ocrx_word' id='word_1_834' title='bbox 3055 4763 3249 4824; x_wconf 73' lang='grc' dir='ltr'>αὐτοὺς</span> <span class='ocrx_word' id='word_1_835' title='bbox 3277 4759 3601 4830; x_wconf 84' lang='grc' dir='ltr'>ἁπορητέον,</span> <span class='ocrx_word' id='word_1_836' title='bbox 3636 4757 3718 4809; x_wconf 73' lang='grc' dir='ltr'><strong>ὅτι</strong></span> 
     </span>
    </p>
   </div>
   <div class='ocr_carea' id='block_1_110' title="bbox 2136 4850 3719 4927">
    <p class='ocr_par' dir='ltr' id='par_1_110' title="bbox 2136 4850 3719 4927">
     <span class='ocr_line' id='line_1_110' title="bbox 2136 4850 3719 4927; baseline -0.005 -17"><span class='ocrx_word' id='word_1_837' title='bbox 2136 4856 2211 4920; x_wconf 81' lang='grc' dir='ltr'><strong>ὡς</strong></span> <span class='ocrx_word' id='word_1_838' title='bbox 2240 4859 2298 4910; x_wconf 83' lang='grc' dir='ltr'>ὲν</span> <span class='ocrx_word' id='word_1_839' title='bbox 2343 4857 2518 4927; x_wconf 80' lang='grc' dir='ltr'>τούτῳ</span> <span class='ocrx_word' id='word_1_840' title='bbox 2551 4856 2628 4926; x_wconf 81' lang='grc' dir='ltr'><strong>τῷ</strong></span> <span class='ocrx_word' id='word_1_841' title='bbox 2682 4857 2780 4926; x_wconf 84' lang='grc' dir='ltr'><strong>βίῳ</strong></span> <span class='ocrx_word' id='word_1_842' title='bbox 2828 4857 2936 4908; x_wconf 81' lang='grc' dir='ltr'>πᾶν</span> <span class='ocrx_word' id='word_1_843' title='bbox 2991 4855 3148 4925; x_wconf 84' lang='grc' dir='ltr'>μέλος</span> <span class='ocrx_word' id='word_1_844' title='bbox 3189 4853 3267 4917; x_wconf 75' lang='grc' dir='ltr'>εἴς</span> <span class='ocrx_word' id='word_1_845' title='bbox 3299 4870 3419 4906; x_wconf 80' lang='grc' dir='ltr'>τινα</span> <span class='ocrx_word' id='word_1_846' title='bbox 3469 4851 3658 4922; x_wconf 81' lang='grc' dir='ltr'>χρείαν</span> <span class='ocrx_word' id='word_1_847' title='bbox 3690 4850 3719 4902; x_wconf 84' lang='grc' dir='ltr'><strong>ὁ</strong></span> 
     </span>
    </p>
   </div>
   <div class='ocr_carea' id='block_1_111' title="bbox 2139 4943 3721 5019">
    <p class='ocr_par' dir='ltr' id='par_1_111' title="bbox 2139 4943 3721 5019">
     <span class='ocr_line' id='line_1_111' title="bbox 2139 4943 3721 5019; baseline -0.004 -18"><span class='ocrx_word' id='word_1_848' title='bbox 2139 4950 2480 5019; x_wconf 76' lang='grc' dir='ltr'>Δημιουργὸς</span> <span class='ocrx_word' id='word_1_849' title='bbox 2533 4948 2969 5010; x_wconf 74' lang='grc' dir='ltr'>κατεσκεύασεν,</span> <span class='ocrx_word' id='word_1_850' title='bbox 3021 4947 3164 5000; x_wconf 76' lang='grc' dir='ltr'>οὕτω</span> <span class='ocrx_word' id='word_1_851' title='bbox 3208 4946 3458 5008; x_wconf 70' lang='grc' dir='ltr'>καὶτοὺς</span> <span class='ocrx_word' id='word_1_852' title='bbox 3503 4943 3721 5003; x_wconf 81' lang='grc' dir='ltr'>ὀδόντας</span> 
     </span>
    </p>
   </div>
   <div class='ocr_carea' id='block_1_112' title="bbox 2139 5029 3721 5110">
    <p class='ocr_par' dir='ltr' id='par_1_112' title="bbox 2139 5029 3721 5110">
     <span class='ocr_line' id='line_1_112' title="bbox 2139 5029 3721 5110; baseline -0.005 -18"><span class='ocrx_word' id='word_1_853' title='bbox 2139 5043 2219 5104; x_wconf 78' lang='grc' dir='ltr'>εἰς</span> <span class='ocrx_word' id='word_1_854' title='bbox 2267 5042 2324 5094; x_wconf 71' lang='grc' dir='ltr'>τὸ</span> <span class='ocrx_word' id='word_1_855' title='bbox 2373 5040 2758 5094; x_wconf 82' lang='grc' dir='ltr'>διακόπτεσθαι</span> <span class='ocrx_word' id='word_1_856' title='bbox 2799 5041 2898 5110; x_wconf 79' lang='grc' dir='ltr'><strong>τὴν</strong></span> <span class='ocrx_word' id='word_1_857' title='bbox 2944 5038 3170 5110; x_wconf 81' lang='grc' dir='ltr'>στερεὰν</span> <span class='ocrx_word' id='word_1_858' title='bbox 3212 5038 3437 5108; x_wconf 73' lang='grc' dir='ltr'>τροφήν.</span> <span class='ocrx_word' id='word_1_859' title='bbox 3482 5035 3579 5097; x_wconf 89' lang='grc' dir='ltr'><strong>Τίς</strong></span> <span class='ocrx_word' id='word_1_860' title='bbox 3626 5029 3721 5086; x_wconf 72' lang='grc' dir='ltr'><strong>οὖν</strong></span> 
     </span>
    </p>
   </div>
   <div class='ocr_carea' id='block_1_113' title="bbox 2141 5125 3722 5204">
    <p class='ocr_par' dir='ltr' id='par_1_113' title="bbox 2141 5125 3722 5204">
     <span class='ocr_line' id='line_1_113' title="bbox 2141 5125 3722 5204; baseline -0.004 -17"><span class='ocrx_word' id='word_1_861' title='bbox 2141 5135 2300 5204; x_wconf 80' lang='grc' dir='ltr'>χρεία</span> <span class='ocrx_word' id='word_1_862' title='bbox 2326 5137 2438 5197; x_wconf 82' lang='grc' dir='ltr'>τοῖς</span> <span class='ocrx_word' id='word_1_863' title='bbox 2483 5133 2868 5203; x_wconf 75' lang='grc' dir='ltr'>κολαζομένοις</span> <span class='ocrx_word' id='word_1_864' title='bbox 2923 5131 3187 5192; x_wconf 81' lang='grc' dir='ltr'>ὀδόντων;</span> <span class='ocrx_word' id='word_1_865' title='bbox 3231 5131 3293 5181; x_wconf 82' lang='grc' dir='ltr'><strong>οὐ</strong></span> <span class='ocrx_word' id='word_1_866' title='bbox 3339 5127 3447 5198; x_wconf 79' lang='grc' dir='ltr'><strong>γὰρ</strong></span> <span class='ocrx_word' id='word_1_867' title='bbox 3493 5127 3572 5188; x_wconf 85' lang='grc' dir='ltr'><strong>είς</strong></span> <span class='ocrx_word' id='word_1_868' title='bbox 3627 5125 3722 5193; x_wconf 78' lang='grc' dir='ltr'>τὴν</span> 
     </span>
    </p>
   </div>
   <div class='ocr_carea' id='block_1_114' title="bbox 2141 5217 3720 5292">
    <p class='ocr_par' dir='ltr' id='par_1_114' title="bbox 2141 5217 3720 5292">
     <span class='ocr_line' id='line_1_114' title="bbox 2141 5217 3720 5292; baseline -0.003 -17"><span class='ocrx_word' id='word_1_869' title='bbox 2141 5224 2362 5292; x_wconf 87' lang='grc' dir='ltr'>γέενναν</span> <span class='ocrx_word' id='word_1_870' title='bbox 2415 5224 2566 5286; x_wconf 72' lang='grc' dir='ltr'>ὄντες</span> <span class='ocrx_word' id='word_1_871' title='bbox 2607 5224 2726 5276; x_wconf 74' lang='grc' dir='ltr'>κατ’</span> <span class='ocrx_word' id='word_1_872' title='bbox 2757 5223 2953 5284; x_wconf 72' lang='grc' dir='ltr'>αὐτοὺς</span> <span class='ocrx_word' id='word_1_873' title='bbox 3001 5223 3282 5290; x_wconf 78' lang='grc' dir='ltr'>φάγονται.</span> <span class='ocrx_word' id='word_1_874' title='bbox 3320 5219 3428 5272; x_wconf 76' lang='grc' dir='ltr'>Καὶ</span> <span class='ocrx_word' id='word_1_875' title='bbox 3458 5217 3720 5278; x_wconf 85' lang='grc' dir='ltr'>δεικτέον,</span> 
     </span>
    </p>
   </div>
   <div class='ocr_carea' id='block_1_115' title="bbox 2139 5309 3722 5387">
    <p class='ocr_par' dir='ltr' id='par_1_115' title="bbox 2139 5309 3722 5387">
     <span class='ocr_line' id='line_1_115' title="bbox 2139 5309 3722 5387; baseline -0.004 -21"><span class='ocrx_word' id='word_1_876' title='bbox 2139 5315 2222 5366; x_wconf 77' lang='grc' dir='ltr'>ὅτι</span> <span class='ocrx_word' id='word_1_877' title='bbox 2263 5315 2324 5366; x_wconf 76' lang='grc' dir='ltr'><strong>οὐ</strong></span> <span class='ocrx_word' id='word_1_878' title='bbox 2372 5316 2548 5368; x_wconf 80' lang='grc' dir='ltr'>πάντα</span> <span class='ocrx_word' id='word_1_879' title='bbox 2589 5312 3110 5387; x_wconf 73' lang='grc' dir='ltr'>παραλαμϐάνεσθαι</span> <span class='ocrx_word' id='word_1_880' title='bbox 3161 5311 3239 5364; x_wconf 83' lang='grc' dir='ltr'><strong>δεῖ</strong></span> <span class='ocrx_word' id='word_1_881' title='bbox 3271 5310 3412 5362; x_wconf 73' lang='grc' dir='ltr'>κατὰ</span> <span class='ocrx_word' id='word_1_882' title='bbox 3444 5309 3506 5361; x_wconf 75' lang='grc' dir='ltr'><strong>τὸ</strong></span> <span class='ocrx_word' id='word_1_883' title='bbox 3538 5311 3722 5372; x_wconf 78' lang='grc' dir='ltr'>κείμιο</span> 
     </span>
    </p>
   </div>
   <div class='ocr_carea' id='block_1_116' title="bbox 2136 5403 3721 5479">
    <p class='ocr_par' dir='ltr' id='par_1_116' title="bbox 2136 5403 3721 5479">
     <span class='ocr_line' id='line_1_116' title="bbox 2136 5403 3721 5479; baseline -0.002 -20"><span class='ocrx_word' id='word_1_884' title='bbox 2136 5425 2244 5460; x_wconf 92' lang='grc' dir='ltr'>νον.</span> <span class='ocrx_word' id='word_1_885' title='bbox 2283 5426 2301 5458; x_wconf 85' lang='grc'><strong>‹</strong></span> <span class='ocrx_word' id='word_1_886' title='bbox 2339 5409 2585 5472; x_wconf 65' lang='lat' dir='ltr'><strong>eadm;</strong></span> <span class='ocrx_word' id='word_1_887' title='bbox 2617 5407 2747 5478; x_wconf 79' lang='grc' dir='ltr'>γοῦν</span> <span class='ocrx_word' id='word_1_888' title='bbox 2780 5406 3118 5479; x_wconf 81' lang='grc' dir='ltr'>ἁμαρτωλῶν</span> <span class='ocrx_word' id='word_1_889' title='bbox 3160 5403 3517 5476; x_wconf 60' lang='grc' dir='ltr'><strong>συνέτριψας⁹</strong></span> <span class='ocrx_word' id='word_1_890' title='bbox 3546 5421 3566 5456; x_wconf 68' lang='grc' dir='ltr'>ι</span> <span class='ocrx_word' id='word_1_891' title='bbox 3604 5407 3721 5465; x_wconf 65' lang='grc' dir='ltr'>καὶ,</span> 
     </span>
    </p>
   </div>
   <div class='ocr_carea' id='block_1_117' title="bbox 2141 5497 3712 5572">
    <p class='ocr_par' dir='ltr' id='par_1_117' title="bbox 2141 5497 3712 5572">
     <span class='ocr_line' id='line_1_117' title="bbox 2141 5497 3712 5572; baseline -0.003 -19"><span class='ocrx_word' id='word_1_892' title='bbox 2141 5519 2160 5551; x_wconf 70' lang='grc' dir='ltr'>ι</span> <span class='ocrx_word' id='word_1_893' title='bbox 2195 5501 2306 5566; x_wconf 79' lang='grc' dir='ltr'>Τὰς</span> <span class='ocrx_word' id='word_1_894' title='bbox 2351 5501 2521 5572; x_wconf 80' lang='grc' dir='ltr'>μύλας</span> <span class='ocrx_word' id='word_1_895' title='bbox 2575 5502 2684 5555; x_wconf 77' lang='grc' dir='ltr'>τῶν</span> <span class='ocrx_word' id='word_1_896' title='bbox 2727 5501 2957 5554; x_wconf 84' lang='grc' dir='ltr'>λεόντων</span> <span class='ocrx_word' id='word_1_897' title='bbox 3014 5497 3335 5552; x_wconf 85' lang='grc' dir='ltr'>συνέθλασεν</span> <span class='ocrx_word' id='word_1_898' title='bbox 3375 5500 3402 5550; x_wconf 91' lang='grc' dir='ltr'><strong>ὀ</strong></span> <span class='ocrx_word' id='word_1_899' title='bbox 3439 5497 3663 5566; x_wconf 75' lang='grc' dir='ltr'>Κύριος.</span> <span class='ocrx_word' id='word_1_900' title='bbox 3697 5521 3712 5548; x_wconf 76' lang='grc' dir='ltr'>ι</span> 
     </span>
    </p>
   </div>
   <div class='ocr_carea' id='block_1_118' title="bbox 2515 5593 3150 5660">
    <p class='ocr_par' dir='ltr' id='par_1_118' title="bbox 2515 5593 3150 5660">
     <span class='ocr_line' id='line_1_118' title="bbox 2515 5593 3150 5660; baseline -0.008 -10"><span class='ocrx_word' id='word_1_901' title='bbox 2515 5598 2562 5628; x_wconf 86' lang='grc'><strong>¹³</strong></span> <span class='ocrx_word' id='word_1_902' title='bbox 2589 5597 2782 5650; x_wconf 72' lang='grc' dir='ltr'>Ιῖιοοιι.</span> <span class='ocrx_word' id='word_1_903' title='bbox 2821 5610 3033 5660; x_wconf 79' lang='lat' dir='ltr'><strong>xx-xrtt,</strong></span> <span class='ocrx_word' id='word_1_904' title='bbox 3065 5593 3150 5646; x_wconf 81' lang='lat' dir='ltr'><strong>tl.</strong></span> 
     </span>
    </p>
   </div>
   <div class='ocr_carea' id='block_1_119' title="bbox 533 5703 2029 5776">
    <p class='ocr_par' dir='ltr' id='par_1_119' title="bbox 533 5703 2016 5776">
     <span class='ocr_line' id='line_1_119' title="bbox 533 5703 2016 5776; baseline 0 -20"><span class='ocrx_word' id='word_1_905' title='bbox 533 5705 644 5776; x_wconf 58' lang='lat' dir='ltr'><strong>(tib)</strong></span> <span class='ocrx_word' id='word_1_906' title='bbox 670 5704 809 5776; x_wconf 56' lang='lat' dir='ltr'><strong>IIein</strong></span> <span class='ocrx_word' id='word_1_907' title='bbox 831 5705 1072 5776; x_wconf 55' lang='grc' dir='ltr'>τοῦτὸν</span> <span class='ocrx_word' id='word_1_908' title='bbox 1103 5703 1292 5776; x_wconf 63' lang='grc' dir='ltr'>ἅγιον.</span> <span class='ocrx_word' id='word_1_909' title='bbox 1322 5703 1489 5776; x_wconf 72' lang='lat' dir='ltr'><strong>orte</strong></span> <span class='ocrx_word' id='word_1_910' title='bbox 1515 5703 1728 5771; x_wconf 79' lang='lat' dir='ltr'><strong>legend.</strong></span> <span class='ocrx_word' id='word_1_911' title='bbox 1763 5703 2016 5776; x_wconf 80' lang='grc' dir='ltr'>περιττὸν</span> 
     </span>
    </p>
   </div>
   <div class='ocr_carea' id='block_1_120' title="bbox 2135 5703 3364 5776">
    <p class='ocr_par' dir='ltr' id='par_1_120' title="bbox 2135 5708 3364 5776">
     <span class='ocr_line' id='line_1_120' title="bbox 2135 5708 3364 5776; baseline -0.002 -16"><span class='ocrx_word' id='word_1_912' title='bbox 2135 5708 2234 5760; x_wconf 80' lang='grc' dir='ltr'><strong>τῶν</strong></span> <span class='ocrx_word' id='word_1_913' title='bbox 2266 5710 2458 5776; x_wconf 81' lang='grc' dir='ltr'>ἁγίων.</span> <span class='ocrx_word' id='word_1_914' title='bbox 2495 5709 2600 5762; x_wconf 83' lang='lat' dir='ltr'><strong>Sed</strong></span> <span class='ocrx_word' id='word_1_915' title='bbox 2634 5709 2722 5762; x_wconf 84' lang='lat' dir='ltr'><strong>hic</strong></span> <span class='ocrx_word' id='word_1_916' title='bbox 2756 5710 2906 5763; x_wconf 85' lang='lat' dir='ltr'><strong>locus</strong></span> <span class='ocrx_word' id='word_1_917' title='bbox 2936 5717 3226 5776; x_wconf 80' lang='lat' dir='ltr'><strong>corruptus</strong></span> <span class='ocrx_word' id='word_1_918' title='bbox 3261 5717 3364 5760; x_wconf 86' lang='lat' dir='ltr'><strong>est.</strong></span> 
     </span>
    </p>
   </div>
   <div class='ocr_carea' id='block_1_121' title="bbox 535 5773 1678 5843">
    <p class='ocr_par' dir='ltr' id='par_1_121' title="bbox 535 5773 1678 5843">
     <span class='ocr_line' id='line_1_121' title="bbox 535 5773 1678 5843; baseline -0.003 -15"><span class='ocrx_word' id='word_1_919' title='bbox 535 5773 651 5843; x_wconf 78' lang='lat'><strong>(67)</strong></span> <span class='ocrx_word' id='word_1_920' title='bbox 695 5775 818 5827; x_wconf 76' lang='grc' dir='ltr'><strong>Ἐπὶ</strong></span> <span class='ocrx_word' id='word_1_921' title='bbox 843 5776 908 5826; x_wconf 84' lang='grc' dir='ltr'>τὸ</span> <span class='ocrx_word' id='word_1_922' title='bbox 931 5775 1096 5828; x_wconf 79' lang='grc' dir='ltr'>ὅσον.</span> <span class='ocrx_word' id='word_1_923' title='bbox 1137 5775 1317 5838; x_wconf 77' lang='lat' dir='ltr'><strong>Forte,</strong></span> <span class='ocrx_word' id='word_1_924' title='bbox 1353 5773 1504 5826; x_wconf 72' lang='grc' dir='ltr'>Ἐπεὶ</span> <span class='ocrx_word' id='word_1_925' title='bbox 1535 5775 1678 5827; x_wconf 78' lang='grc' dir='ltr'>ὅσον.</span> 
     </span>
    </p>
   </div>
  </div>
