4124 6430
446 346 580 402 i097

1435 343 1746 400 SELECTA
1780 342 1845 398 ΙΝ
1887 344 2225 401 BSALMOS.
2266 376 2335 384 —
2375 344 2570 399 PS.\L.
2607 344 2645 399 l.

3578 354 3714 407 1098

444 443 537 505 Τίς
574 442 629 495 δὲ
665 440 834 505 οὕτως
870 440 1094 511 ἠλίθιος,
1136 441 1212 503 ὡς
1242 441 1666 512 ὑπολαμϐάνειν,
1708 442 1808 505 ὅτι,
1844 440 2029 512 τηρῶν

2135 456 2300 495 unum
2365 441 2591 496 collecta
2680 437 2868 493 volunt
2948 441 3297 508 resurgere?
3360 442 3522 509 Atqui
3593 451 3711 501 iit‘t'i

439 534 508 590 τὰ
568 535 794 605 σώματα
845 534 951 587 τῶν
985 533 1323 605 ἁμαρτωλῶν
1357 536 1385 587 ὁ
1425 535 1585 598 Θεὸς,
1632 536 1757 597 τοὺς
1808 534 2025 595 ὀδόντας

438 626 619 680 αὐτῶν
674 624 947 697 συντρίϐει
984 624 1175 695 μόνον;
1218 626 1427 695 Ὥσπερ
1461 620 1553 678 οὖν
1599 625 1654 677 εἴ
1694 642 1812 689 τις,
1857 624 2025 677 θέλων

435 718 614 772 ταῦτα
644 716 814 780 οὕτως
863 717 1028 787 ἔχειν,
1060 716 1377 787 θλιϐόμενος
1421 718 1631 771 εἵλκετο
1680 716 1765 769 ἐπ’
1800 716 2028 786 ἀλληγο-

442 810 582 880 ρίαν,
608 808 781 872 οὕτως
813 809 1076 880 ζητητέον
1102 809 1209 863 τῶν
1244 810 1624 881 κολαζομένων
1658 810 1747 863 τὸν
1784 810 2027 881 βρυγμὺν

438 902 547 955 τῶν
588 902 837 965 ὀδόντων,
880 901 981 971 τῆς
1034 902 1214 972 ψυχῆς
1246 901 1475 973 δύναμιν
1528 902 1837 974 μασητικὴν
1870 903 2027 973 ἐχού-

439 1011 558 1062 σης,
592 994 716 1063 ἥτις
747 995 805 1045 ἐν
836 991 1012 1063 καιρῷ
1053 992 1147 1045 τοῦ
1196 992 1423 1062 ἐλέγχου
1459 995 1587 1065 περὶ
1618 994 1729 1047 τῶν
1779 996 2029 1067 ἁμαρτη-

443 1088 650 1157 μάτων,
702 1084 842 1137 κατὰ
897 1084 989 1139 τὸν
1039 1085 1420 1157 συγκρουσμὸν
1489 1085 1597 1138 τῶν
1655 1084 1906 1148 ὀδόντων,
1952 1084 2028 1150 ὡς

438 1178 726 1249 ἐφρόνησε,
776 1176 961 1248 βρύξει
1004 1177 1131 1240 τοὺς
1175 1176 1414 1240 ὀδόντας.
1468 1177 1542 1230 Τὸ
1574 1177 1652 1242 δὲ,
1699 1196 1717 1229 ι
1749 1177 2027 1249 Φοϐήθητε

438 1271 530 1323 τὺν
559 1268 858 1341 δυνάμενον
887 1269 980 1322 καὶ
1013 1268 1190 1340 ψυχὴν
1220 1268 1315 1321 καὶ
1356 1270 1420 1322 τὸ
1470 1270 1633 1342 σῶμα
1676 1268 1941 1323 ἀπολέσαι
1972 1271 2029 1323 ἐν

438 1362 651 1434 γεέννῃ,
679 1381 697 1413 ι
733 1363 872 1431 τάχα
902 1361 1000 1432 μὲν
1033 1360 1295 1425 διδάσκει,
1339 1363 1421 1414 ὅτι
1454 1361 1747 1433 ἀσώματος
1775 1364 1807 1433 ἡ
1853 1362 2025 1433 ψυχὴ,

439 1454 580 1525 τάχα
607 1455 666 1508 δὲ
702 1454 853 1525 δηλοί
902 1455 998 1507 κα)⁸
1030 1455 1113 1509 ὃτι
1158 1454 1327 1525 χωρὶς
1364 1452 1616 1523 σώματος
1667 1455 1727 1507 οὐ
1764 1454 2030 1521 κολασθή-

440 1562 626 1599 σεται·
660 1547 788 1616 περὶ
823 1537 885 1598 οὒ
928 1545 1378 1616 φυσιολογοῦντες
1422 1545 1489 1599 τά
1538 1547 1668 1616 περὶ
1718 1544 1813 1599 τοῦ
1858 1545 2032 1609 εἴδους

440 1638 536 1691 καὶ
580 1636 676 1691 τοῦ
728 1636 945 1709 πρώτου
998 1637 1363 1708 ὑποκειμένου
1431 1638 1755 1708 εἰρήκαμεν.
1808 1636 1917 1689 Καὶ
1971 1637 2033 1689 τὸ

440 1730 591 1803 παρὰ
637 1730 716 1801 τῷ
756 1731 1062 1800 Ἀποστόλῳ
1092 1731 1168 1795 δὲ,
1207 1749 1225 1780 ε
1257 1731 1596 1800 Ζωοποιήσει
1631 1730 1725 1782 καὶ⁹
1754 1730 1821 1782 τὰ
1861 1728 2031 1800 θνητὰ

2133 534 2277 587 istud
2336 550 2441 586 non
2509 542 2710 601 potest.
2761 531 2941 597 Quare
2992 532 3141 585 arida
3198 532 3316 586 ideo
3364 550 3459 588 sua
3527 538 3715 591 dicunt

2130 644 2276 693 ossa,
2325 627 2469 695 quod
2533 627 2585 679 in
2644 625 3055 695 captivitatibus
3118 627 3207 679 diu
3263 628 3432 683 habili
3489 630 3708 684 vitalem

2131 733 2349 772 onmem
2403 718 2682 771 humorem
2737 717 3041 771 amiserint.
3086 716 3241 773 Unde
3287 728 3344 774 et
3387 720 3520 776 illud
3574 722 3713 778 infe-

2133 818 2257 863 runt
2286 828 2299 865 :
2342 830 2360 862 ι
2392 810 2562 865 Periit
2586 824 2710 878 spes
2735 818 2923 863 nostra
2954 827 2966 861 :
3004 811 3227 865 abscissi
3258 826 3473 869 smnus.
3506 831 3525 866 ι
3559 815 3713 881 Quo-

2132 901 2280 955 circa
2319 902 2742 956 resurreetionis
2773 901 2859 954 illa
2894 901 3093 971 populo
3136 901 3273 955 facta
3303 905 3597 972 promissio
3642 907 3713 962 ab

2132 993 2222 1046 illa
2252 995 2434 1058 ruina,
2470 1009 2534 1048 ac
2574 992 2720 1048 velut
2766 994 3109 1057 enecatione,
3146 1010 3251 1063 qua
3288 994 3433 1050 velut
3457 998 3712 1052 exstincti

2130 1093 2280 1149 sunt,
2313 1084 2437 1137 dum
2468 1095 2691 1154 propter
2728 1082 2939 1138 scelera
2988 1083 3041 1136 in
3093 1084 3332 1138 hostium
3376 1096 3709 1154 potestatem

2133 1174 2315 1229 traditi
2335 1184 2482 1241 sunt,
2501 1176 2747 1246 quaedam
2775 1186 2858 1231 est
2878 1175 3136 1230 excitatio
3177 1175 3376 1230 futura.
3398 1177 3710 1244 Quinetiam

2132 1277 2449 1337 peccatores
2470 1285 2500 1323 a
2522 1269 2811 1325 Salvatore
2833 1268 2997 1340 536
3018 1268 3264 1337 sepulcra
3298 1285 3419 1326 esse
3454 1272 3713 1327 dicuntur

2132 1363 2369 1427 ossibus,
2425 1373 2588 1432 atque
2631 1363 2778 1417 omni
2830 1363 3170 1417 immunditia
3208 1364 3386 1431 plena.
3439 1367 3542 1420 Sed
3579 1367 3713 1421 illud

2134 1455 2328 1508 divina:
2358 1455 2628 1522 majestati
2673 1457 2951 1520 convenit,
2990 1465 3047 1509 ut
3076 1456 3417 1526 singulorum
3461 1459 3715 1528 sepulcra

2135 1546 2447 1614 patefaciat,
2502 1556 2558 1600 et
2610 1562 2708 1601 nos
2765 1548 2832 1601 ad
2883 1548 3047 1601 vitam
3098 1551 3433 1604 instauratos
3471 1566 3720 1606 emonu-

2133 1637 2333 1692 mentis
2386 1638 2603 1702 educat,
2652 1638 2876 1706 perinde
2903 1654 2965 1693 ac
2990 1639 3255 1693 Lazarum
3293 1640 3438 1697 foras
3464 1642 3717 1697 Salvator

2134 1731 2397 1785 extraxit.
2434 1729 2552 1784 Jam
2577 1746 2707 1785 vero
2737 1733 2879 1799 quod
2921 1733 3066 1787 hunc
3104 1735 3280 1789 locum
3321 1735 3592 1804 objiciunt
3626 1738 3713 1790 υτ

440 1823 597 1895 ἡμῶν
638 1821 887 1892 σώματα,
911 1840 929 1871 ο
972 1819 1168 1891 θνητοῦ
1212 1820 1369 1884 ὄντος
1398 1818 1492 1872 τοῦ
1524 1819 1795 1889 σώματος,
1826 1820 1919 1872 καὶ
1968 1819 2028 1871 οὐ

2138 1842 2157 1874 ι
2199 1822 2275 1877 lbi
2307 1822 2413 1876 erit
2441 1822 2601 1877 fletus
2631 1832 2686 1876 et
2714 1823 2922 1877 stridor
2958 1823 3229 1886 dentium,
3271 1845 3289 1877 ι
3345 1827 3424 1881 sic
3454 1829 3716 1881 adversus

444 1916 766 1987 μετέχοντος
806 1914 905 1983 τῆς
956 1912 1221 1984 ἀληθινῆς
1270 1911 1444 1983 ζωῆς,
1498 1911 1720 1966 δύναται
1774 1912 2032 1983 παριστά-

440 2026 571 2072 νειν,
615 2008 751 2060 ὅπου
794 2007 854 2059 τὸ
898 2006 1209 2077 σωματικὸν
1254 2000 1413 2069 εἶδος,
1449 2006 1579 2077 περὶ
1628 2000 1689 2059 οὗ
1727 2007 2029 2077 εἰρήκαμεν

440 2104 506 2172 τῇ
544 2101 704 2170 φύσει
763 2099 956 2171 θνητὸν
1007 2099 1089 2163 ὃν,
1125 2118 1143 2150 ‹
1192 2100 1322 2154 ὅταν
1372 2098 1608 2169 Χριστὸς
1658 2098 1945 2168 φανερωθῇ
1996 2099 2029 2168 ἡ

441 2192 557 2263 ζωὴ
617 2192 840 2264 ήμῶν,ι
893 2193 986 2245 καὶ
1026 2190 1159 2243 αὐτὸ
1215 2190 1541 2261 μεταϐάλλει
1598 2190 1707 2244 ἀπὸ
1752 2189 1847 2242 τοῦ
1890 2187 2030 2243 εἶναι

442 2286 602 2357 σῶμα
643 2286 876 2338 θανάτου
924 2278 1280 2356 ζὼοποιηθὲν,
1322 2284 1411 2337 διὰ
1441 2283 1504 2336 τὸ
1539 2283 1766 2354 Πνεῦμα
1801 2282 1862 2335 τὸ
1897 2281 2031 2347 ζωο-

442 2379 628 2433 ποιοῦν
660 2378 850 2433 ὲκ.τοῦ
891 2378 1209 2449 πνεύματος
1235 2376 1542 2446 γεγονέναι.
1568 2376 1680 2429 Καὶ
1707 2376 1789 2437 τὸ,
1830 2393 1847 2425 ι
1888 2375 2033 2444 Ἐρεῖ

437 2471 514 2536 δὲ,
554 2469 682 2533 Πῶς
726 2471 1030 2542 ἐγείρονται
1073 2469 1123 2522 οἱ
1165 2469 1382 2538 νεκροὶ,
1416 2466 1554 2537 ποίῳ
1597 2466 1654 2519 δὲ
1689 2465 1904 2536 σώματι
1941 2465 2031 2537 ἕρ-

440 2581 660 2635 χονται;
692 2582 711 2615 ι
749 2562 971 2634 γυμνῶς
1013 2561 1367 2633 παρίστησιν,
1403 2560 1484 2613 ὅτι
1524 2559 1586 2612 τὸ
1632 2558 1846 2629 πρῶτον
1895 2559 2030 2611 ὑπο-

441 2655 691 2725 κείμενον
736 2655 835 2708 οὐκ
876 2655 1265 2724 ἀναστήσεται.
1304 2655 1365 2705 Ei
1398 2652 1508 2723 γὰρ
1544 2651 1725 2715 καλῶς
1758 2650 2026 2720 ἐλάϐομεν

438 2746 501 2801 τὸ
552 2745 922 2817 παράδειγμα,
980 2745 1194 2815 ῥητέον,
1258 2745 1340 2797 ὅτι
1387 2746 1416 2797 ὀ
1456 2741 1831 2815 σπερματικὸς
1875 2742 2031 2808 λόγος

441 2842 498 2893 ὲν
528 2838 605 2909 τῷ
647 2838 830 2907 κόκκῳ
877 2836 972 2890 τοῦ
1020 2836 1170 2890 σίτου
1222 2836 1561 2907 δραξάμενος
1610 2834 1713 2904 τῆς
1762 2851 2032 2905 παρακει-

443 2932 611 3001 μένης
655 2929 809 3000 ῢλης,
846 2930 941 2982 καὶ
968 2928 1037 2980 δι’
1067 2929 1197 2999 ὅλης
1238 2928 1409 2997 αὐτῆς
1454 2928 1735 2997 χωρήσας,
1768 2924 2028 2996 περιδρα-

442 3023 674 3093 ξάμενος
733 3022 903 3092 αὐτῆς
951 3021 1045 3074 τοῦ
1108 3018 1273 3073 αὑτοῦ
1326 3018 1520 3081 εἴδους,
1572 3010 1646 3069 ὧν
1698 3016 1810 3087 ἔχει
1865 3016 2027 3068 δυνά⁹

446 3129 591 3181 μεων
630 3110 906 3179 ἐπιτίθησι
936 3112 1002 3179 τῇ
1042 3124 1172 3161 ποτε
1210 3110 1313 3176 γῇ,
1364 3106 1458 3159 καὶ¹
1493 3104 1683 3198 ὕδατι,
1730 3105 1825 3157 καὶ
1870 3104 2028 3175 ἀέρι,
2060 3140 2102 3198 C

441 3204 537 3256 καὶ
586 3203 750 3272 πυρὶ,
800 3201 1029 3270 νικήσας
1072 3198 1172 3261 τὰς
1215 3198 1441 3250 ἐκείνων
1487 3196 1797 3265 ποιότητας,
1859 3213 2025 3266 μετα-

440 3294 625 3347 ϐάλλει
659 3293 751 3344 ἐπὶ
773 3293 977 3361 ταύτην
1023 3286 1091 3361 ἧς
1119 3292 1266 3342 ἐστιν
1310 3288 1474 3351 αὐτὸς
1518 3287 1884 3357 δημιουργός·
1932 3289 2027 3341 καὶ

439 3384 613 3447 οὕτως
653 3382 1067 3454 σνμπληροῦται
1106 3382 1134 3433 ὁ
1178 3381 1379 3453 στάχυς
1426 3382 1507 3444 εἰς
1552 3380 1860 3451 ὑπερϐολὴν
1910 3382 2027 3434 δια-

442 3477 623 3548 φέρων
654 3475 748 3530 τοῦ
786 3474 846 3540 ἐξ
878 3474 1054 3547 ἀρχῆς
1090 3474 1312 3539 κόκκου,
1364 3473 1583 3545 μεγέθει
1631 3474 1721 3527 καὶ
1756 3476 2024 3546 σχήματι,

443 3572 536 3624 καὶ
575 3569 840 3641 ποικιλία.

444 3664 579 3729 lent,
619 3666 691 3717 ita
740 3671 852 3715 tum
916 3660 1168 3715 dentibus
1216 3656 1621 3729 quodammodo
1682 3658 1956 3713 stridebit.
2004 3659 2139 3713 Illud
2190 3674 2319 3714 vero
2364 3661 2403 3692 ”
2451 3678 2463 3714 :

2136 1913 2254 1967 illos
2280 1913 2668 1982 disputandum
2701 1910 2974 1967 est:Cum
3014 1911 3066 1964 in
3110 1912 3212 1966 hac
3252 1913 3357 1964 vita
3411 1914 3714 1966 membrum

2132 2018 2298 2058 omne
2343 2004 2408 2057 ad
2444 2018 2600 2056 usum
2659 2002 2897 2072 aliquem
2945 2017 2975 2056 a
3021 2018 3235 2057 summo
3282 2003 3372 2058 illo
3411 2004 3607 2074 epilice
3645 2005 3715 2060 sit

2134 2095 2435 2160 conditum,
2494 2104 2606 2147 tum
2663 2109 2793 2150 vero
2845 2096 3037 2148 dentes
3086 2095 3259 2149 solido
3318 2097 3440 2152 cibo
3488 2098 3717 2152 connni-

2136 2188 2351 2242 nuendo
2405 2196 2533 2241 sunt
2585 2186 2734 2240 facti.
2784 2188 2921 2253 Quid
2970 2188 3137 2255 igitur
3164 2188 3419 2243 dentibus
3441 2203 3576 2258 opus
3610 2189 3717 2244 illis

2134 2292 2237 2342 est,
2259 2281 2350 2350 qui
2372 2280 2510 2348 apud
2532 2277 2735 2333 inferos
2758 2281 3110 2336 cruciantur?
3139 2280 3281 2348 Non,
3301 2281 3469 2346 enim,
3496 2283 3714 2352 opinor,

2136 2375 2432 2445 quidquam
2465 2372 2574 2428 illic
2610 2373 3038 2430 manducaturos
3061 2388 3180 2430 esse
3203 2375 3463 2430 dixerint.
3493 2374 3573 2429 Ad
3603 2375 3717 2429 haee

2136 2463 2365 2519 docendi
2393 2473 2540 2530 sunt,
2573 2477 2680 2517 non
2716 2463 2902 2518 omnia
2943 2464 3171 2534 perinde
3204 2464 3519 2534 accipienda
3567 2480 3712 2528 esse,

2148 2572 2211 2610 ac
2241 2556 2444 2626 scripta
2489 2564 2637 2611 sunt.
2690 2556 2873 2621 Quare
2917 2556 3025 2611 alio
3075 2556 3191 2611 loco
3221 2557 3479 2627 scriptum
3508 2568 3591 2611 est
3623 2558 3666 2589 ¹⁵
3699 2575 3713 2613 :

2142 2667 2161 2699 ε
2198 2649 2399 2703 Dentes
2438 2659 2784 2716 peccatorum
2815 2649 3144 2704 contrivisti.
3184 2668 3203 2701 ι
3240 2648 3372 2706 Item
3411 2650 3492 2705 "z
3542 2668 3561 2699 ι
3600 2648 3717 2704 Mo-

2137 2738 2219 2793 las
2252 2738 2469 2794 leonum
2494 2738 2758 2808 confregit
2785 2739 3064 2794 Dominus.
3089 2758 3107 2790 ι
3128 2738 3262 2793 Nam
3292 2740 3417 2810 quis
3447 2742 3583 2794 adeo
3606 2750 3723 2796 sto-

2135 2830 2284 2886 lidus
2323 2839 2431 2894 est,
2466 2839 2525 2885 ut
2561 2830 2665 2885 sibi
2701 2830 3028 2899 persuadeat
3058 2829 3226 2886 Deum
3259 2832 3553 2886 reservatis
3584 2846 3717 2901 pec-

2139 2930 2388 2977 calorum
2451 2918 2773 2989 corporibus
2819 2918 2964 2973 solos
3021 2920 3213 2975 dentes
3258 2921 3598 2976 conterere?
3648 2920 3722 2976 Ut

2137 3013 2302 3083 igitur
2335 3012 2426 3081 qui
2471 3013 2585 3065 haec
2623 3011 2697 3064 ita
2750 3025 2812 3066 se
2868 3011 3076 3065 habere
3122 3012 3274 3077 velit,
3332 3012 3384 3066 in
3434 3015 3719 3083 angustias

2136 3104 2417 3174 conjectus
2450 3104 2515 3158 ad
2561 3102 2912 3169 allegoricum
2948 3119 3169 3160 sensum
3213 3104 3302 3159 vel
3354 3105 3555 3158 invitus
3598 3116 3715 3158 trav

2137 3198 2287 3253 hitur
2315 3216 2328 3252 :
2367 3198 2446 3253 sic
2476 3199 2541 3254 de
2571 3200 2806 3255 stridore
2836 3198 3102 3262 dentium,
3129 3198 3181 3252 in
3208 3198 3293 3252 his
3317 3198 3409 3268 qui
3434 3198 3717 3267 suppliciis

2137 3290 2485 3357 afﬁciuntur,
2547 3292 2827 3361 inquirere
2898 3292 3039 3345 idem
3107 3301 3325 3360 oportet
3375 3309 3388 3345 :
3448 3301 3718 3362 quatenus

2137 3383 2318 3437 anima
2377 3383 2791 3439 commandendi
2850 3384 3161 3439 nonnullam
3223 3385 3330 3439 vim
3384 3385 3567 3446 habet,
3612 3398 3718 3450 qua

2138 3475 2329 3531 ultimo
2407 3478 2499 3531 illo
2564 3479 2753 3549 judicii
2815 3488 3077 3548 tempore,
3143 3493 3265 3533 cum
3343 3478 3410 3534 de
3477 3480 3721 3547 peccatis

2136 3567 2367 3635 quaestio
2402 3569 2712 3633 habebitur,
2749 3571 2970 3638 perinde
3018 3579 3077 3624 ut
3131 3570 3312 3625 collidi
3382 3570 3576 3625 dentes
3624 3584 3718 3623 so-

2521 3678 2539 3712 ι
2587 3660 2795 3716 Timete
2849 3674 2973 3717 cum
3007 3662 3099 3732 qui
3155 3671 3333 3725 potest
3380 3663 3616 3718 animam
3663 3672 3721 3717 et

442 3770 643 3825 corpus
688 3753 919 3823 perdere
946 3752 999 3805 iu
1039 3752 1369 3819 gehennam,
1403 3767 1422 3801 ι
1469 3749 1608 3804 forte
1649 3748 1703 3802 id
1747 3765 1913 3803 unum
1973 3766 2070 3804 nos
2108 3750 2301 3813 docet,
2345 3760 2622 3819 expertem
2669 3766 2791 3807 esse
2838 3753 3085 3823 corporis
3121 3754 3356 3807 animam
3396 3771 3409 3818 ;
3452 3763 3545 3807 aut
3588 3753 3719 3807 illud

444 3849 695 3917 insuper,
749 3847 987 3900 animam
1040 3847 1161 3900 sine
1206 3859 1439 3913 corpore
1491 3844 1670 3898 nullas
1723 3859 1915 3914 poenas
1971 3859 2091 3899 esse
2138 3847 2563 3915 persoluturum.
2616 3848 2693 3902 De
2738 3864 2847 3918 quo
2884 3864 3114 3919 corpore
3156 3864 3276 3918 qua:
3325 3849 3390 3903 ad
3458 3849 3717 3918 speciem,

441 3958 506 3997 ac
545 3944 777 4012 primam
821 3941 1121 4010 subiectam
1162 3939 1451 3993 materiam
1493 3939 1821 4004 attinebant,
1872 3939 2033 4009 paulo
2085 3948 2212 3995 ante
2261 3941 2493 3994 naturali
2540 3942 2749 3999 ratione
2793 3943 3169 3999 disseruimus.
3215 3943 3286 3998 Δι
3338 3958 3466 3997 vero
3514 3942 3717 3997 dictum

442 4040 570 4094 illud
610 4038 851 4108 Apostoli
888 4038 933 4070 ¹⁸
967 4054 980 4091 :
1030 4055 1053 4089 ί
1100 4036 1412 4092 Viviticabit
1466 4045 1521 4091 et
1562 4035 1813 4090 mortalia
1869 4048 2057 4090 nostra
2109 4050 2381 4105 corpora;
2421 4056 2441 4089 ι
2495 4053 2621 4094 cum
2666 4048 2912 4094 nostrum
2962 4038 3194 4094 mortale
3231 4039 3304 4091 sit
3346 4053 3579 4106 corpus,
3616 4053 3720 4092 nec

440 4147 585 4186 verae
616 4132 742 4184 vita!
783 4129 1077 4200 particeps,
1113 4127 1257 4183 istud
1301 4127 1479 4197 ipsum
1532 4126 1814 4180 declarare
1860 4134 2083 4192 potest:
2138 4140 2461 4192 corpoream
2512 4128 2653 4181 hanc
2706 4126 2940 4195 Speciem
2985 4127 3052 4181 de
3094 4141 3201 4194 qua
3251 4138 3410 4179 antea
3456 4126 3716 4179 diximus.

442 4245 563 4300 quae
606 4236 797 4281 natura
844 4223 1090 4280 mortalis
1130 4232 1273 4277 est:
1322 4240 1343 4273 ι
1380 4221 1521 4275 Cum
1572 4220 1825 4276 Christus
1868 4221 2181 4290 apparuerit
2228 4222 2341 4276 vita
2399 4230 2584 4276 nostra
2636 4222 2712 4287 ¹⁰,
2752 4239 2772 4273 ι
2825 4232 2879 4276 et
2925 4220 3092 4289 ipsam
3160 4219 3229 4273 ab
3278 4231 3345 4272 eo
3398 4227 3564 4277 statu,
3609 4233 3715 4283 qua

444 4327 649 4397 peccati
695 4339 893 4395 corpus
926 4330 1064 4388 erat,
1098 4337 1217 4375 esse
1262 4320 1619 4384 mutandam;
1668 4327 2025 4388 posteaquam
2084 4318 2297 4374 scilicet
2341 4319 2410 4373 ab
2448 4318 2666 4373 vivifico
2708 4318 2911 4389 Spiritu
2940 4318 3010 4371 ad
3055 4318 3219 4370 vitam
3254 4316 3498 4370 restituta
3530 4313 3715 4372 fuerit,

445 4434 608 4493 atque
652 4422 704 4476 in
750 4419 1056 4491 Spiritalem
1111 4428 1360 4470 naturam
1414 4413 1711 4468 transierit.
1763 4412 2034 4467 Prmterea
2082 4413 2223 4469 istud
2267 4414 2439 4485 ipsum
2479 4414 2526 4448 ιθ
2565 4432 2578 4467 ;
2622 4432 2641 4465 ι
2688 4413 2794 4469 Sed
2825 4413 2969 4468 dicet.
3017 4409 3212 4480 aliquis
3250 4427 3266 4464 :
3302 4408 3584 4475 Quomodo
3630 4421 3716 4457 re-

442 4497 675 4591 sur‘gunt
708 4517 932 4581 mortui,
970 4526 1065 4569 aut
1097 4513 1241 4585 quali
1290 4527 1413 4566 cum
1449 4525 1676 4579 corpore
1719 4510 1986 4565 venient?
2030 4530 2050 4564 ι
2104 4511 2284 4582 palam
2334 4511 2464 4567 illud
2507 4512 2771 4577 ostendit,
2820 4510 3049 4581 primam
3083 4505 3383 4575 subiectam
3429 4501 3713 4556 materiam

420 4613 592 4670 .nullo
627 4612 789 4666 modo
817 4622 1123 4678 resurgere.
1154 4605 1287 4659 Nam
1317 4605 1361 4659 si
1404 4613 1554 4659 recte
1587 4603 1923 4673 propositum
1966 4604 2033 4658 ab
2079 4606 2341 4677 Apostolo
2378 4606 2686 4677 exemplum
2730 4604 3063 4675 accipimus,
3111 4599 3395 4655 dicendum
3441 4608 3525 4650 est
3562 4612 3575 4649 :
3620 4608 3714 4648 se-

444 4708 607 4763 minis
644 4714 919 4768 naturam,
954 4718 1075 4773 qua:
1108 4699 1365 4756 frumenti
1396 4715 1569 4770 grano
1604 4699 1761 4752 insita
1812 4711 1929 4764 est,
1965 4700 2141 4755 vicina
2179 4710 2429 4772 correpta
2479 4703 2733 4767 materia,
2784 4711 2952 4756 totam
2996 4696 3143 4751 illam
3186 4692 3501 4764 pervadere,
3552 4698 3715 4758 atque

443 4803 586 4856 illius
622 4802 825 4870 pariter
857 4808 1107 4865 correpta
1135 4797 1336 4865 specie.
1366 4796 1508 4849 vires
1538 4808 1665 4848 suas
1696 4794 1747 4848 in
1791 4795 1862 4857 id,
1895 4797 2037 4864 quod
2072 4806 2199 4851 ante
2241 4806 2409 4863 terra,
2434 4814 2598 4868 aqua,
2641 4814 2752 4864 aer,
2792 4796 3042 4867 ignisque
3072 4793 3271 4856 fuerat,
3310 4787 3712 4849 transfundere,

441 4907 738 4959 earumque
777 4891 1051 4959 superatis
1101 4888 1480 4959 qualitatibus,
1524 4889 1577 4942 in
1629 4887 1774 4941 illam
1821 4887 2018 4956 ipsam,
2053 4889 2206 4960 cujus
2244 4899 2329 4946 est
2368 4892 2590 4955 artifex,
2622 4900 2943 4946 convertere
2979 4908 2993 4943 :
3042 4900 3204 4957 atque
3243 4888 3345 4941 hoc
3395 4889 3553 4936 modo
3593 4895 3719 4948 per-

445 4990 532 5045 fici
566 4990 792 5059 spicam,
820 5002 939 5056 qum
970 5002 1000 5039 a
1042 4986 1230 5056 priore
1253 5000 1422 5055 grano
1447 4986 1643 5037 mirum
1695 4984 1746 5037 in
1780 4984 2021 5048 modum,
2055 4994 2108 5040 et
2138 4988 2532 5058 magnitudine,
2576 4997 2631 5043 et
2670 4988 2867 5057 figura,
2910 4997 2964 5041 et
3001 4985 3266 5040 varietate
3311 4980 3590 5037 dissideat.

514 5100 628 5155 Τοῦ
675 5097 883 5153 αὑτοῦ.
926 5096 1123 5167 Κρίσις
1159 5096 1275 5148 ἐστὶ
1309 5094 1420 5166 (68)
1464 5093 1691 5147 δικαίων
1727 5093 1823 5163 μὲν
1868 5093 2030 5163 qaut

2212 5100 2371 5171 537
2410 5100 2686 5165 Ejusdem.
2714 5098 2994 5157 Justorum
3037 5097 3256 5168 quidem
3293 5094 3555 5165 judicium
3579 5130 3596 5157 ,
3632 5097 3717 5145 est

442 5191 748 5264 πρακτικοῦ
795 5189 1049 5261 σώματος
1081 5188 1173 5241 ἐπὶ
1216 5186 1484 5256 ἁγγελικὰ
1520 5184 1850 5256 μετάϐασις·
1907 5186 2030 5238 άσε-

2140 5192 2403 5246 transitus
2430 5191 2498 5246 ab
2526 5206 2757 5262 operoso
2798 5204 3025 5260 corpore
3055 5189 3122 5243 ad
3154 5185 3397 5256 angelica
3441 5194 3669 5247 corpora
3696 5197 3712 5243 ;

442 5286 552 5338 ϐῶν
598 5285 655 5337 δὲ
695 5284 801 5337 ἀπὸ
844 5281 1148 5353 πρακτικοῦ
1196 5281 1449 5351 σώματος
1497 5278 1590 5330 ὲπὶ
1641 5275 1891 5329 σκοτεινὰ
1935 5277 2029 5330 κα)⁸

2136 5285 2425 5354 impiorum
2473 5300 2604 5341 vero
2637 5284 2906 5354 judicium
2938 5325 2953 5349 ,
2986 5290 3071 5336 est
3108 5280 3175 5334 ab
3212 5288 3443 5346 Operose
3483 5286 3713 5338 corpore

442 5376 649 5449 ζοφερὰ
700 5375 987 5447 μετάθεσις
1050 5373 1297 5443 σώματα.
1351 5370 1767 5443 Ἐγερθήσονται
1812 5368 1919 5438 γὰρ
1976 5371 2025 5421 οἱ

2139 5374 2192 5427 in
2228 5378 2510 5431 tenebrosa
2546 5385 2601 5431 et
2654 5377 2885 5431 obscura
2933 5386 3162 5442 corpora
3201 5366 3551 5439 permutatio.
3608 5362 3712 5412 lte-

1603 5537 1647 5569 ιο
1677 5527 1823 5583 Psal.
1851 5539 1981 5588 Lvu,
2006 5523 2059 5577 7.
2156 5526 2198 5558 "
2226 5526 2417 5584 Matth.
2443 5546 2500 5595 x,
2539 5529 2631 5586 28.
2711 5529 2754 5561 ⁸⁸
2782 5528 2940 5583 Rom.
2984 5540 3099 5589 vm,
3129 5525 3214 5579 Η.
3314 5523 3358 5555 "
3384 5523 3502 5577 Col.
3536 5540 3615 5583 ιιι,
3648 5527 3705 5579 4.

517 5540 562 5573 ¹⁸
597 5539 905 5598 Μοιιιωπιι,
950 5534 1037 5590 12.
1117 5534 1159 5566 ¹⁸
1186 5532 1329 5588 Psal.
1358 5546 1440 5599 ut,
1468 5531 1523 5586 8.

449 5608 493 5637 ¹⁰
524 5610 543 5665 ἰ
573 5614 700 5669 Cor.
736 5625 827 5675 xv,
856 5607 947 5662 55.

518 5737 632 5805 (68)
674 5734 882 5803 κρίσις
909 5714 1066 5795 ἐστι,
1111 5738 1215 5783 etc.
1261 5725 1543 5795 Descripta
1592 5730 1719 5777 sunt
1778 5736 1809 5774 e
1857 5716 2073 5775 schedia
2133 5716 2343 5772 Ernesti
2383 5716 2603 5781 Grabii,
2652 5724 2706 5769 et
2756 5710 3081 5774 Combeti~ii,
3138 5710 3438 5779 Lalinr‘que
3505 5714 3728 5760 exstant

451 5810 589 5877 apud
625 5807 942 5859 Barbarum.

774 5899 1047 5959 Ριτιιοι..
1088 5896 1205 5957 Gn.
1248 5894 1385 5953 ΧΗ.

3356 5859 3435 5919 35
