4124 6386
475 276 608 334 11199
1885 288 1973 343 EX
2013 289 2103 345 OH

2117 288 2316 347 IGENE
3591 318 3745 374 “00

465 405 690 463 surgent
722 393 864 449 enim
898 392 1097 468 impiit
1123 410 1226 449 non
1264 395 1317 449 in
1369 398 1564 466 priori,
1600 400 1694 454 sed
1727 401 1778 455 in
1810 405 2046 458 secundo
2080 420 2093 467 Α

2117 455 2121 466 ,
2151 407 2368 471 ἀσεϐεῖς
2401 409 2500 462 οὐκ
2533 412 2590 462 ἐν
2619 413 2682 482 τῇ
2727 414 2967 487 προτέρᾳ
3010 418 3186 490 κρίσει
3213 459 3226 482 ,
3258 419 3372 474 ἀλλ’
3420 425 3478 477 ἐν
3522 429 3590 498 τῇ
3623 429 3745 484 δευ-

459 487 683 557 judiciO.
2150 501 2306 572 τέρᾳ.

543 580 700 633 Vens.
735 580 787 634 6.
824 579 1086 643 Quoniam
1117 582 1254 634 novit
1295 581 1552 638 Dominus
1581 587 1719 640 viam
1747 588 2037 655 juslorum,

2221 594 2347 646 ’Ότι
2377 594 2651 662 γινώσκει
2683 599 2715 650 ό
2747 600 2965 666 Κύριος
2995 602 3138 655 ὁδὸν
3163 603 3429 673 δικαίων,
3470 610 3567 664 καὶ
3599 611 3740 680 ὁδὸς

458 684 507 728 et
543 675 643 727 iter
671 671 944 741 impiorum
985 675 1191 740 peribit.
1226 674 1424 730 Malum
1453 678 1657 731 nullum
1695 696 1722 733 a
1786 680 1914 744 Deo,
1947 685 2040 736 sed

2139 685 2374 739 ἀσεϐῶν
2407 689 2734 742 ἀπολεῖται.
2771 693 2934 745 Οὐδὲν
2970 695 3076 748 ὑπὸ
3107 696 3244 751 Θεοῦ
3273 671 3603 768 γινώσκεται
3623 671 3736 776 (691

454 766 728 835 jnstorum
780 767 862 818 via
895 768 1245 836 cognoscitur
1293 769 1360 820 πί.
1401 788 1420 820 ι
1449 768 1608 824 Novit
1636 790 1654 821 ι
1689 772 1834 825 enim
1875 792 1892 824 ι
1931 774 2034 829 Ι)οε

2140 775 2373 842 φαῦλον,
2430 778 2542 831 ἀλλ’
2589 780 2765 851 ήτῶν
2800 783 3022 838 δικαίων
3067 786 3201 850 ὁδός.
3260 766 3494 859 Nam
3551 813 3570 845 ι
3626 766 3735 867 kaq}

455 858 632 911 minus
672 858 762 926 qui
815 867 945 911 sunt
984 857 1119 924 ejus.
1161 877 1178 908 ι
1221 857 1500 914 .Iustorum
1537 877 1670 915 vero
1703 864 1784 915 via
1824 875 1906 918 est
1946 865 2035 921 ille

2143 866 2401 944 «Κύριος
2425 871 2549 932 τοὺς
2583 870 2745 936 ὄντας
2777 874 2964 928 αὑτοῦ.
3002 895 3021 927 ι
3068 877 3214 942 Ὁδὸς
3248 880 3303 933 δὲ
3345 857 3572 937 δικαίων
3603 857 3734 942 ὀνεί-

449 953 541 1022 qui
563 953 698 1006 dixit
717 953 796 1006 "z
827 972 846 1002 ‹
874 952 984 1021 Ego
1011 968 1126 1006 smn
1155 953 1264 1018 via,
1295 973 1314 1006 ι
1343 954 1409 1007 de
1432 969 1541 1022 quo
1565 957 1724 1010 etiam
1745 957 1941 1012 dicitur
1964 961 2028 1014 "z

2137 955 2285 1009 πών·
2344 977 2361 1008 ι
2421 957 2562 1028 Ἐγώ
2607 963 2723 1032 εἰμι
2775 965 2807 1034 ή
2863 964 3011 1029 ὁδὸς,
3061 986 3082 1017 ι
3137 971 3267 1039 περὶ
3321 964 3383 1023 οὗ
3439 971 3727 1030 λέλεκται·

453 1043 688 1100 «Videte
728 1059 850 1114 qua:
900 1047 973 1098 sit
1006 1046 1091 1098 via
1130 1045 1291 1099 bona.
1318 1065 1340 1097 ›
1393 1046 1687 1115 lmpiorum
1736 1059 1913 1104 autem
1945 1051 2030 1105 via

2145 1068 2162 1099 ι
2205 1049 2369 1103 Ἴδετε
2416 1051 2474 1104 δὲ
2514 1054 2642 1106 ποία
2670 1055 2817 1108 ἐστὶν
2859 1058 2892 1126 ή
2931 1056 3044 1120 ὁδὸς
3091 1061 3122 1129 ή
3170 1060 3372 1132 ἀγαθή.
3418 1082 3438 1115 ›
3490 1064 3639 1129 Ὁδὸς
3671 1067 3727 1120 δὲ

445 1149 532 1193 cst
571 1138 654 1192 illa
691 1141 742 1192 in
790 1155 893 1207 qua
931 1139 1212 1193 ambulant
1243 1139 1333 1208 qui
1368 1141 1434 1195 de
1467 1141 1907 1198 Creatoremale
1952 1144 2028 1198 lo-

2129 1140 2344 1194 ἀσεϐὦν
2377 1143 2445 1212 ἣν
2483 1143 2755 1200 ὁδεύουσιν
2792 1149 2839 1199 οἱ
2874 1149 3296 1219 κακολογοῦντες
3327 1155 3418 1209 τὸν
3446 1159 3721 1231 Δημιουρ-

442 1242 706 1298 qunntnr.
743 1231 956 1300 Ignorat
1014 1245 1112 1283 nec
1165 1233 1315 1285 novit
1363 1233 1547 1297 mala,
1583 1249 1692 1286 non
1733 1235 1876 1302 quod
1917 1250 2023 1288 non

2126 1235 2242 1302 γόν.
2292 1236 2502 1304 Ἀγνοεί
2525 1237 2580 1290 δὲ
2615 1240 2710 1292 καὶ
2736 1241 2796 1292 οὐ
2827 1241 3086 1308 γινώσκει
3114 1245 3182 1297 τὰ
3216 1249 3360 1301 κακὰ
3379 1290 3392 1314 ,
3425 1252 3488 1303 οὐ
3528 1251 3605 1322 τῷ
3633 1253 3725 1306 δύ-

441 1326 615 1388 possit
659 1324 842 1377 omnia
890 1324 1354 1392 comprehendere
1399 1334 1456 1380 et
1510 1325 1868 1395 intelligentia
1919 1342 2021 1382 sua

2127 1325 2318 1379 νασϐαι
2343 1329 2505 1380 αὑτὸν
2532 1330 2956 1401 περιδρὰξασοαι
2994 1336 3233 1402 πάντων,
3270 1347 3362 1395 καὶ
3395 1345 3719 1414 περιλαϐεῖν

441 1417 655 1484 assequi
689 1414 815 1487 (hoc
850 1416 993 1469 enim
1025 1416 1092 1470 de
1120 1415 1230 1470 Deo
1259 1417 1504 1485 cogitare
1531 1415 1728 1487 nefas).
1755 1417 1848 1473 sed
1875 1419 2018 1486 quod

2123 1419 2188 1486 τῇ
2219 1417 2429 1490 διανοίᾳ
2448 1420 2610 1474 αὐτοῦ
2652 1422 2828 1492 (τοῦτο
2860 1424 2970 1496 γὰρ
2992 1426 3251 1498 ἀθέμιτον
3283 1433 3376 1486 καὶ
3409 1433 3719 1504 λογίζεσθαι

439 1508 751 1575 cognitione
772 1507 888 1573 ejus
917 1507 1131 1575 indigna
1163 1508 1289 1562 sint.
1323 1509 1530 1564 Idcirco
1563 1508 1702 1564 forte
1734 1509 2020 1583 (audacter

2119 1509 2250 1578 περὶ
2278 1509 2474 1582 Θεοῦ
2506 1512 2641 1568 ἀλλὰ
2675 1514 2752 1585 τῷ
2785 1517 2981 1581 ἀνάξια
3015 1514 3156 1574 εἶναι
3199 1526 3298 1593 τῆς
3333 1524 3588 1592 γνώσεως
3620 1531 3720 1584 αὑ-

439 1598 585 1651 enim
613 1598 903 1651 dicendum
948 1596 1053 1670 est)
1083 1598 1376 1668 interrogat
1411 1599 1476 1654 de
1505 1599 1572 1656 iis
1623 1617 1742 1671 qua:
1773 1617 1878 1656 non
1918 1619 2016 1658 no-

2118 1602 2234 1657 τοῦ.
2263 1604 2418 1674 Τάχα
2444 1605 2530 1659 διὰ
2559 1607 2717 1660 τοῦτο
2746 1608 3168 1683 (τολμηρότερον
3189 1613 3245 1666 δέ
3275 1617 3409 1670 αὐτὸ
3441 1618 3604 1691 ἐρεῖὸ
3631 1623 3718 1675 λό-

434 1689 534 1741 τίι.
567 1685 669 1742 Ubi
708 1688 850 1742 enim
891 1686 1064 1742 Adam
1110 1689 1372 1757 peccavit,
1410 1706 1514 1744 non
1557 1693 1708 1747 novit
1739 1709 1884 1761 eum,
1917 1710 2016 1750 ne-

2115 1695 2234 1765 γος)
2263 1696 2589 1752 πυνθάνεται
2617 1701 2746 1772 περὶ
2782 1696 2856 1755 ὦν
2885 1703 2984 1756 οὐκ
3002 1700 3140 1758 οἶδεν
3160 1722 3173 1735 ·
3205 1707 3332 1761 ὅταν
3361 1685 3711 1785 γὰρ-ἁμάρτῃ

434 1795 540 1849 que
577 1781 750 1834 locum
789 1779 840 1832 in
872 1795 1033 1849 quem
1064 1781 1338 1835 ceciderat
1380 1782 1548 1836 Deum
1594 1782 1830 1854 fugiens.
1869 1788 2013 1853 Qua-
2047 1779 2062 1832 Ῑ

2085 1786 2087 1826 ε
2113 1786 2143 1836 ὁ
2180 1786 2350 1859 Ἀδὰμ
2371 1828 2386 1850 ,
2412 1790 2511 1843 οὐκ
2539 1786 2676 1844 οἶδεν
2705 1793 2866 1846 αὐτὸν
2889 1834 2907 1858 ,
2936 1795 3055 1848 οὐδὲ
3087 1796 3179 1849 τὸν
3209 1797 3376 1852 τόπον
3408 1779 3490 1865 είς
3534 1779 3594 1857 δν
3615 1779 3713 1856 ’ἐκζ

430 1882 652 1939 prepter
692 1871 766 1925 ait
793 1871 872 1924 ²¹⁸ι
915 1890 933 1922 ι
961 1872 1155 1937 Adam,
1193 1873 1281 1927 ubi
1333 1873 1432 1928 es?
1461 1893 1480 1926 ι
1515 1875 1607 1930 Sic
1649 1885 1702 1930 et
1739 1877 1791 1931 in
1832 1877 2014 1932 Evan-

2117 1877 2374 1966 πέπτωκε
2410 1882 2633 1950 φεύγων
2658 1884 2766 1937 ἀπὸ
2787 1885 2944 1939 Θεοῦ.
2969 1888 3062 1940 Διό
3089 1906 3274 1960 φησιν’
3314 1911 3336 1942 ‹
3380 1893 3572 1966 Ἀδὰμ,
3602 1897 3705 1949 ποῦ

427 1962 566 2030 gelio
603 1962 905 2030 interrogat
957 1962 1025 2017 de
1065 1963 1131 2017 iis
1159 1977 1282 2032 quae
1312 1979 1416 2020 non
1455 1964 1607 2018 novit
1646 1967 1789 2035 quod
1824 1969 2011 2037 cognio

2113 1964 2198 2032 ei;
2229 1988 2247 2020 ι
2297 1971 2527 2040 Ὁμοίως
2570 1975 2627 2027 δέ
2672 1975 2767 2028 καὶ
2807 1979 2865 2030 ἐν
2901 1977 2980 2049 τῷ
3019 1980 3336 2054 Εὐαγγελίῳ
3368 1985 3705 2042 πυνθάνεται

427 2055 578 2108 tione
606 2071 704 2110 sua
739 2056 960 2126 indigna
995 2057 1124 2111 sint.
1153 2057 1292 2124 Quia
1323 2057 1470 2112 enim
1499 2075 1608 2114 non
1644 2070 1867 2115 noverat
1902 2063 2007 2114 daa-

2112 2061 2240 2132 περὶ
2253 2057 2326 2116 ὧν
2342 2065 2440 2117 οὐκ
2453 2060 2614 2130 οἶδεν,
2631 2068 2731 2121 οὐκ
2751 2068 2918 2123 ὄντων
2941 2071 3107 2138 ἀξίων
3121 2073 3222 2143 τῆς
3242 2073 3496 2143 γνώσεως
3513 2080 3703 2135 αὐτοῦ.

421 2148 665 2202 moaium
692 2188 704 2211 ,
739 2163 920 2230 neque
973 2163 1168 2202 nomen
1204 2147 1341 2215 ejus,
1377 2151 1674 2218 interrogat
1720 2152 1863 2221 quod
1905 2167 2005 2206 no-

2122 2149 2275 2205 Ἐπεὶ
2295 2154 2403 2224 γὰρ
2417 2155 2516 2208 οὐκ
2535 2153 2641 2210 οἶδε
2671 2158 2732 2211 τὸ
2762 2159 3056 2232 δαιμόνιον,
3078 2164 3198 2217 οὐδὲ
3223 2165 3283 2219 τὸ
3312 2167 3481 2238 ὄνομα
3513 2171 3700 2236 αὑτοῦ,

423 2255 546 2293 men
571 2240 686 2308 ejus
714 2222 808 2306 sit,
833 2250 888 2295 et
916 2241 1070 2297 audit
1097 2243 1144 2273 ”
1169 2255 1184 2294 :
1224 2261 1240 2292 ι
1264 2239 1429 2313 Legio
1459 2244 1588 2298 mihi
1618 2259 1811 2299 nomen
1844 2255 1947 2299 est.
1979 2265 1999 2296 ι

2111 2239 2446 2296 πυνθάνεται
2474 2245 2526 2296 τί
2556 2245 2618 2298 τὸ
2646 2245 2816 2317 ὖνομα
2845 2249 3010 2302 αὐτοῦ
3035 2293 3050 2316 ,
3081 2252 3169 2304 ὅτε
3200 2254 3377 2308 ἐκεῖνο
3409 2257 3700 2329 ἀποκρίνε-

420 2331 489 2385 Et
521 2332 835 2402 priusquam
871 2333 1066 2388 mulier
1097 2334 1382 2403 sanguinis
1431 2335 1699 2406 proﬂuvio
1747 2337 2002 2392 laborans

2105 2347 2220 2394 ται,
2251 2332 2358 2400 ὅτι,
2397 2353 2415 2386 ι
2444 2336 2663 2406 Λεγεὼν
2689 2338 2860 2410 ὄνομά
2893 2359 3003 2411 μοι.
3043 2363 3061 2393 ι
3089 2345 3199 2398 Καὶ
3231 2346 3358 2416 πρὶν
3382 2347 3480 2419 τὴν
3503 2349 3697 2420 ἄφεσιν

421 2424 796 2476 reinissionem
847 2436 1193 2493 peccatorum
1242 2427 1489 2480 obtineat
1517 2466 1532 2491 ,
1587 2427 1885 2498 interrogat
1923 2431 2002 2483 di-

2103 2424 2201 2495 τὴν
2253 2429 2380 2498 περὶ
2421 2429 2523 2498 τῆς
2569 2433 2844 2503 σωτηρίας
2881 2433 3065 2488 λαϐεῖν
3113 2437 3210 2508 τὴν
3257 2441 3691 2512 αίμορροοῦσαν.

416 2529 548 2567 cens
571 2515 649 2568 ’δε
688 2533 706 2566 ι
738 2515 870 2581 Quis
903 2531 989 2570 me
1016 2517 1232 2588 tetigit?
1257 2537 1277 2570 ›
1314 2517 1464 2572 Viam
1496 2520 1661 2587 igitur
1687 2521 1997 2589 iniquorum

2104 2516 2429 2606 πυνθάνεται
2469 2521 2642 2590 λέγων
2675 2540 2689 2554 ⁸
2745 2545 2763 2575 ι
2804 2526 2900 2590 Τίς
2948 2545 3049 2598 μου
3093 2530 3306 2601 mare;
3347 2552 3365 2583 ι
3420 2535 3530 2606 Τὴν
3578 2537 3696 2590 όδδν

417 2605 630 2672 ignorat
665 2606 824 2667 Deus,
858 2607 1129 2673 iustorum
1166 2623 1296 2662 vero
1333 2610 1504 2663 novit.
1543 2609 1674 2676 Quis
1700 2621 1878 2664 autem
1913 2612 1995 2665 via

2101 2601 2192 2659 οὖν
2240 2610 2347 2660 τῶν
2377 2611 2576 2665 ἀδίκων
2619 2615 2646 2666 ὁ
2677 2615 2808 2678 Θεὸς
2856 2616 3057 2686 ἀγνοεῖ,
3095 2619 3192 2690 τὴν
3236 2621 3293 2674 δὲ
3329 2623 3436 2676 τῶν
3467 2625 3690 2678 δικαίων

409 2698 682 2765 jnstorum
713 2737 729 2762 ,
783 2699 884 2753 nisi
927 2700 1014 2755 ille
1067 2701 1158 2769 qui
1208 2703 1345 2757 dixit
1385 2720 1400 2756 :
1452 2721 1471 2755 ι
1504 2702 1617 2772 Ego
1669 2719 1785 2756 sum
1825 2705 1930 2769 via,
1973 2725 1990 2756 ι

2099 2699 2376 2765 γινώσκει.
2425 2703 2521 2766 Τίς
2556 2705 2613 2756 δὲ
2744 2706 2862 2770 ὀῶς
2909 2708 3017 2760 τῶν
3055 2711 3281 2766 δικαίων
3323 2713 3354 2785 ἢ
3408 2718 3436 2769 ὁ
3476 2716 3644 2769 εἰπών
3671 2735 3682 2748 ·

415 2803 579 2856 quem
620 2791 768 2842 novit
798 2788 998 2845 Pater?
1033 2809 1052 2840 ι
1082 2790 1254 2847 Nemo
1285 2793 1430 2846 enim
1463 2793 1613 2848 novit
1658 2793 1855 2848 Filium
1891 2795 1993 2850 nisi

2098 2807 2122 2839 ,ι
2161 2789 2298 2859 Ἐγώ
2329 2793 2444 2863 εἰμι
2477 2795 2509 2864 ή
2543 2795 2693 2860 ὁδὸς,
2742 2816 2759 2847 ι
2797 2798 2855 2850 ὃν
2887 2799 3145 2868 γινώσκει
3181 2805 3209 2855 ό
3253 2806 3482 2878 Πατήρ;
3524 2826 3542 2859 ι
3581 2809 3687 2861 Οὑ-

409 2883 572 2937 Pater
610 2884 674 2936 ⁵⁷.
716 2903 733 2935 ι
774 2884 1037 2938 Cmtertnn
1072 2885 1138 2939 ad
1186 2884 1277 2938 illa
1310 2900 1432 2953 quae
1465 2886 1533 2940 de
1569 2886 1882 2957 cognitione
1937 2895 1992 2942 et

2095 2879 2205 2972 δεὶς
2233 2884 2343 2954 γὰρ
2383 2885 2524 2953 ἔγνω
2568 2887 2658 2940 τὸν
2693 2889 2821 2942 Υίὸν
2851 2893 2899 2944 εἰ
2934 2894 3008 2964 μὴ
3034 2896 3064 2946 ὁ
3107 2896 3316 2967 Πατήρ.
3357 2917 3375 2950 ι
3427 2898 3685 2972 ’Δρμόσει

411 2975 712 3044 ignorantia
736 2975 829 3030 Dei
863 2975 1116 3041 dicimus,
1148 2977 1704 3034 accommodabuntur
1731 2980 1900 3035 etiam
1926 2995 1989 3035 ea

2093 2970 2150 3024 δὲ
2180 2976 2290 3036 τοῖς
2319 2976 2446 3046 περὶ
2479 2976 2736 3044 γνώσεως
2765 2982 2858 3034 καὶ
2887 2982 3161 3050 ἀγνωσίας
3183 2986 3317 3040 Θεοῦ
3344 2988 3412 3041 τὰ
3446 2970 3685 3061 σύνεχῶς

405 3081 525 3135 qua:
572 3067 772 3136 passim
822 3067 1092 3122 habentur
1137 3069 1190 3121 in
1237 3069 1512 3138 protihetis
1541 3071 1607 3125 de
1643 3073 1896 3126 memoria
1935 3082 2033 3149 et,

2049 3125 2057 3143 Ι
2093 3065 2322 3134 κείμενα
2349 3068 2406 3120 ἐν
2431 3071 2552 3133 ταῖς
2576 3074 2936 3144 προφητείαις
2953 3076 3214 3146 ὀνόματα,
3232 3079 3440 3149 μνήμη
3459 3082 3677 3149 καὶλή-

403 3158 662 3214 oblivioue
705 3161 820 3214 Dei.
854 3159 986 3214 Nam
1023 3175 1166 3230 sarpe
1197 3160 1340 3216 inter
1371 3162 1635 3216 orandum
1679 3163 1880 3218 dicitur
1905 3165 1982 3221 ἐς
2015 3156 2031 3180 “

2047 3159 2057 3178 ¹
2092 3158 2167 3222 θη
2191 3156 2348 3211 Θεοῦ.
2377 3160 2644 3227 Πολλάκις
2668 3163 2777 3236 γὰρ
2800 3167 2858 3219 ὲν
2881 3167 3067 3238 εὐχαῖς
3096 3169 3311 3242 εἴρηται
3347 3173 3433 3225 τό·
3479 3193 3497 3224 ι
3529 3176 3675 3246 Μνή-

405 3269 426 3301 ‹
453 3250 657 3305 Memor
684 3263 801 3308 esto
824 3253 949 3318 mei,
977 3271 996 3304 ›
1028 3261 1103 3320 et,
1127 3272 1145 3303 ι
1173 3251 1352 3319 Quare
1373 3254 1574 3309 oblitus
1603 3269 1662 3310 es
1697 3266 1985 3326 pauperta-

2093 3246 2250 3318 σθητί
2277 3267 2380 3320 μου
2406 3269 2420 3282 ·
2459 3272 2476 3304 ι
2510 3255 2625 3314 καὶ,
2657 3275 2676 3307 t
2714 3258 2830 3311 Ἵνα
2853 3259 2906 3311 τί
2926 3259 3258 3336 ἐπιλανθάνῃ
3284 3263 3382 3334 τῆς
3405 3266 3677 3336 πτωχείας

399 3349 472 3401 tis
520 3349 762 3403 uostrte?
795 3368 813 3400 ο
854 3347 924 3403 Ut
969 3349 1114 3403 enim
1155 3363 1185 3400 a
1233 3363 1328 3402 sua
1385 3350 1644 3404 memoria
1686 3362 1981 3419 peccantes

2089 3341 2287 3410 ήμῶν;
2321 3361 2339 3394 ι
2385 3345 2736 3418 ’Λπορρίπτει
2782 3349 2890 3422 γὰρ
2915 3353 3012 3422 τῆς
3056 3353 3251 3406 ἐαυτοῦ
3297 3357 3516 3427 μνήμης
3550 3358 3676 3421 τοὺς

397 3450 635 3508 amovet,
668 3442 747 3496 sic
775 3456 965 3496 rursus
991 3440 1318 3511 pmnitentes
1347 3442 1542 3511 recipit
1570 3453 1625 3498 et
1653 3457 1841 3498 eorum
1875 3459 1980 3499 me-

2088 3431 2535 3503 ἀμαρτάνοντας·
2577 3438 2769 3512 ὥσπερ
2816 3441 2976 3495 πάλιν
3015 3444 3296 3513 προσίεται
3339 3449 3466 3510 τοὺς
3508 3466 3674 3518 μετα-

398 3533 624 3587 moriam
658 3533 852 3588 item",
883 3533 1070 3588 sum".
2085 3523 2362 3590 νοοῦντας,
2392 3527 2487 3579 καὶ
2508 3528 2878 3600 ἀναλαμϐάνει
2901 3533 3104 3584 τούτων
3135 3533 3234 3602 τὴν
3271 3537 3511 3606 μνήμην.

966 3713 1291 3770 ΔΡΒΑῐλΜυὸ
1338 3716 1400 3772 11.

2671 3729 2962 3784 ΨΑΛΜΟΣ
2997 3733 3069 3787 B'.

465 3808 630 3862 Vsus.
666 3809 691 3862 1
729 3815 782 3861 et
809 3807 868 3862 9..
908 3807 1088 3872 Quare
1120 3807 1449 3876 fremuerunt
1487 3819 1663 3877 gentes
1696 3821 1746 3865 et
1789 3815 1968 3882 pepuli

2150 3819 2283 3873 "Ira
2317 3820 2373 3872 τί
2406 3821 2715 3888 ἐφρύαξαν
2755 3821 2901 3891 ἔθνη
2923 3864 2936 3886 ,
2962 3826 3064 3878 καὶ
3110 3828 3247 3882 λαοὶ
3289 3829 3667 3900 ἐμελέτησαν

391 3899 630 3952 meditati
685 3906 806 3952 sunt
856 3897 1048 3951 inania
1078 3899 1104 3952 Ρ
1146 3896 1439 3952 Aatiteruut
1495 3916 1640 3970 reges
1692 3912 1878 3966 terrm,
1917 3917 1964 3958 et

2077 3911 2261 3975 ward;
2299 3912 2701 3980 Παρέστησαν
2734 3918 2788 3968 οἱ
2820 3917 3108 3984 ,Βασιλεῖς
3137 3919 3247 3989 τῆς
3277 3896 3430 3990 γῆς,
3467 3896 3568 3976 καὶ
3604 3926 3664 3980 οἱ

386 3989 649 4056 principes
677 3995 1020 4042 convenerunt
1050 3986 1105 4039 in
1131 4003 1294 4040 unum
1325 3988 1578 4045 adversus
1603 3991 1889 4048 Dominum
1918 4004 1964 4048 et

2073 4003 2364 4071 ἄρχοντες
2392 4005 2796 4076 συνήχθησαν
2822 4009 2920 4062 ἐπὶ
2959 4012 3023 4063 τὸ
3048 3986 3203 4065 αὐτὸγ
3224 3986 3378 4067 κατεῖ
3413 4015 3519 4068 τοῦ
3543 4019 3661 4069 Κυ-

388 4082 639 4133 adversus
684 4079 950 4134 Christum
979 4081 1095 4150 ejus
1122 4121 1138 4146 ,
1193 4091 1301 4135 etc.
1353 4081 1490 4136 Cum
1526 4083 1578 4136 in
1629 4086 1963 4154 exemplaria

2063 4094 2202 4160 ρίου
2230 4095 2329 4149 καὶ
2365 4098 2516 4151 κατὰ
2556 4099 2662 4152 τοῦ
2697 4100 2956 4167 Χριστοῦ
2983 4103 3168 4158 αὐτοῦ
3191 4143 3206 4169 ,
3234 4121 3288 4159 κ.
3319 4123 3370 4160 τ.
3392 4107 3440 4160 ὲ.
3496 4107 3659 4161 Δυσὶν

386 4174 493 4226 duo
519 4172 782 4228 llebraica
813 4174 1217 4238 incidissemus,
1255 4174 1306 4228 in
1330 4189 1446 4230 uno
1478 4175 1699 4244 quidem
1735 4179 1961 4233 secundi

2069 4185 2384 4255 ἐντυχόντες
2418 4187 2530 4259 (70)
2568 4188 2877 4260 Ἑϐραϊκοῖς
2917 4193 3305 4265 ἀντιγράφοις,
3346 4196 3404 4249 ἐν
3441 4197 3540 4267 μὲν
3576 4197 3655 4268 τῷ

382 4265 575 4336 psalmi
624 4266 950 4335 principium
982 4265 1293 4321 invenimus
1341 4267 1454 4322 haec
1488 4267 1652 4338 538
1685 4283 1808 4324 esse
1831 4311 1847 4336 ,
1906 4271 1958 4323 in

2069 4274 2239 4346 ἐτέρῳ
2268 4275 2501 4348 εὕρομεν
2524 4279 2694 4350 ἀρχὴν
2720 4280 2974 4354 δευτέρου
3001 4283 3216 4355 ψαλμοῦ
3250 4265 3458 4340 ταῦταλ
3493 4289 3551 4340 ἐν
3593 4265 3652 4342 δέ

381 4357 560 4412 altero
587 4371 713 4412 vero
739 4372 862 4412 cum
894 4357 1077 4426 priore
1103 4355 1392 4425 conjuncta
1426 4368 1601 4414 erant.
1636 4359 1704 4414 Et
1732 4362 1784 4415 in
1814 4362 1961 4414 Acti-
1992 4361 2009 4415 l

2023 4365 2037 4411 l
2064 4365 2142 4436 τῷ
2165 4367 2336 4438 ἑτέρῳ
2363 4369 2664 4440 συνήπτετο
2687 4370 2763 4441 τῷ
2785 4371 3001 4443 πρώτῳ.
3024 4374 3133 4427 Καὶ
3158 4377 3215 4428 ἐν
3242 4379 3362 4440 ταῖς
3388 4377 3651 4445 Πράξεσι

381 4450 476 4504 bus
517 4449 882 4519 apostolorum
914 4451 1044 4506 illud
1074 4451 1153 4505 ’9;
1195 4467 1214 4501 ι
1239 4450 1412 4505 Filius
1447 4465 1602 4505 meus
1629 4466 1690 4506 es
1721 4461 1774 4506 tu
1795 4492 1810 4516 ,
1861 4467 1962 4522 ego

2059 4459 2118 4512 δὲ
2138 4460 2248 4514 τῶν
2272 4461 2582 4516 ἀποστόλων
2609 4461 2690 4528 τὸ,
2721 4482 2740 4514 t
2777 4464 2904 4528 Υἱός
2931 4482 3030 4535 μου
3062 4461 3115 4518 εἴ
3144 4467 3228 4532 σὺ,
3267 4467 3378 4538 ἐγὼ
3409 4472 3650 4542 σήμερον

379 4540 545 4595 hodie
573 4542 733 4609 genui
768 4552 842 4610 te,
875 4560 897 4592 θ
933 4555 963 4595 e
989 4543 1169 4610 primo
1199 4541 1411 4612 psalmo
1442 4541 1715 4596 laudatur.
1757 4563 1776 4595 ε
1808 4543 1961 4598 Sicut

2057 4550 2365 4621 γεγέννηκά
2379 4568 2458 4615 σε,
2471 4571 2490 4602 ι
2511 4551 2728 4620 ἐλέγετο
2749 4548 2890 4606 εἶναι
2910 4553 3003 4607 τοῦ
3027 4553 3243 4626 πρώτου
3271 4540 3508 4628 ψαλμοῦ.
3521 4578 3538 4608 ι
3557 4540 3651 4622 Ὧς

373 4632 639 4700 scriptum
672 4645 757 4687 εει
781 4673 794 4696 ,
826 4652 848 4685 ι
887 4633 1104 4701 inquit,
1145 4651 1165 4684 ι
1202 4632 1254 4686 in
1293 4633 1476 4701 primo
1509 4633 1723 4702 psalmo
1750 4672 1768 4698 ,
1814 4635 1957 4692 [ilius

2055 4640 2164 4711 γὰρ
2191 4642 2518 4713 γέγραπται,
2545 4661 2561 4694 t
2584 4643 2771 4714 φησὶν,
2797 4663 2814 4695 ι
2842 4646 2900 4698 ἐν
2923 4643 3125 4716 πρώτῳ
3147 4646 3365 4718 ψαλμῷ
3386 4649 3512 4711 Υἱός
3546 4657 3672 4720 μου·

377 4736 532 4778 meus
564 4738 624 4778 es
653 4733 728 4787 tu,
761 4739 862 4794 ego
895 4725 1058 4779 hodie
1089 4728 1250 4796 genui
1283 4737 1352 4782 te.
1378 4745 1405 4780 ι
1442 4726 1642 4781 Verum
1669 4730 1954 4798 exempla-

2054 4726 2107 4783 εἴ
2140 4731 2226 4795 σὺ,
2269 4730 2381 4800 ἐγὼ
2420 4733 2660 4804 σήμερον
2701 4733 3010 4804 γεγέννηκά
3053 4752 3133 4788 σε.
3176 4755 3194 4788 ι
3239 4737 3320 4790 Τὰ
3357 4738 3646 4809 Ἐλληνικᾶ

376 4813 456 4868 ria
482 4814 671 4870 Graeca
705 4815 850 4870 hunc
885 4817 1182 4871 secundum
1218 4831 1340 4872 esse
1379 4817 1637 4873 indicant.
1673 4818 1802 4876 Illud
1850 4836 1950 4875 au-

2057 4822 2241 4893 μέντοι
2257 4823 2566 4896 ἀντίγραφα
2582 4823 2835 4896 δεύτερον
2852 4820 2989 4878 εἶναι
3014 4826 3205 4883 τοῦτον
3233 4830 3444 4900 μηνύει.
3475 4831 3646 4885 Τοῦτο

375 4918 484 4962 tem
519 4920 625 4961 non
659 4905 1013 4971 ignorandum
1040 4915 1124 4962 est
1152 4907 1204 4961 in
1237 4906 1520 4964 Hebraicis
1549 4910 1950 4979 exemplaribus

2050 4914 2107 4968 δὲ
2134 4914 2234 4968 οὐκ
2257 4915 2570 4985 ἀγνοητέον,
2587 4916 2668 4970 ὅτι
2695 4918 2754 4969 ἐν
2773 4915 2852 4987 τῷ
2880 4916 3152 4990 Ἐϐραῖκῷ
3177 4921 3352 4974 οὐδενὶ
3373 4922 3482 4976 τῶν
3508 4923 3644 4992 ψαλ-

371 4998 502 5054 nulli
545 4996 752 5066 psalmo
789 5013 1077 5052 numerum
1121 4999 1362 5067 apponi,
1403 4999 1519 5055 sive
1565 4999 1792 5068 primus,
1833 5003 1948 5058 sive

2055 5005 2170 5074 μῶν
2205 5005 2436 5076 ἀριθμὸς
2466 5007 2833 5078 παράκειται,
2871 5009 3086 5079 πρῶτος
3114 5013 3163 5064 εί
3188 5011 3361 5082 τύχοι,
3389 5013 3420 5084 ἢ
3456 5014 3641 5069 δεύτε-

371 5091 643 5144 secundus
673 5128 687 5154 ,
742 5089 858 5143 sive
912 5089 1108 5144 tertius
1138 5089 1231 5143 sit.
1279 5089 1549 5144 Caeterum
1585 5105 1708 5160 qua:
1757 5091 1842 5147 hic
1883 5093 1949 5147 de

2055 5111 2168 5165 ρος,
2195 5095 2227 5164 ἢ
2251 5095 2453 5166 τρίτος.
2501 5097 2566 5149 Τί
2601 5095 2658 5150 δὲ
2683 5097 2745 5150 τὸ
2783 5098 2942 5167 λέγον
2968 5097 3033 5151 ἂν
3080 5099 3164 5171 εἴη
3191 5101 3482 5172 πρόσωπον
3507 5121 3641 5176 προ-

367 5182 586 5236 Christo
615 5194 848 5250 persona
888 5179 1257 5233 vaticinatur?
1297 5177 1388 5234 Vel
1427 5180 1672 5250 Spiritus
1717 5194 1944 5238 sanctus

2055 5184 2282 5255 φητείαν
2309 5185 2562 5256 περιέχον
2586 5185 2684 5258 τὴν
2724 5188 2856 5258 περὶ
2893 5189 3168 5258 Χριστοῦ;
3204 5191 3360 5244 Ἠτοι
3387 5193 3448 5246 τὸ
3475 5193 3639 5248 Πνεῦ-

438 5301 485 5379 ft
513 5297 550 5352 ll
577 5297 724 5379 _'l‘im.
769 5298 998 5379 n_,_l9.“
1031 5303 1074 5379 ff
1100 5298 1254 5379 Joan.
1286 5301 1480 5379 XIV,‘6_.
1559 5304 1603 5379 'A’
1635 5303 1838 5360 Jerem.
1871 5322 1946 5371 νι,
1979 5306 2066 5362 16.

2014 5308 2068 5362 6.
2147 5306 2195 5338 ’⁵
2217 5306 2417 5363 Genes.
2447 5323 2530 5376 ιιι,
2559 5309 2614 5364 9.
2686 5309 2736 5343 ³⁵
2762 5309 2932 5367 Marc.
2962 5325 3014 5376 ν,
3042 5311 3096 5366 9.
3174 5313 3220 5345 '°
3260 5311 3394 5369 Luc.
3425 5329 3510 5379 Ill,
3540 5315 3629 5372 £5.

366 5371 410 5402 ³⁷
439 5369 630 5423 Matth.
665 5384 746 5431 xl.
787 5369 877 5423 27.
954 5370 999 5401 ³⁸
1031 5370 1175 5426 Psal.
1219 5384 1374 5435 thn,
1403 5373 1494 5427 24.
1569 5376 1614 5412 π
1644 5379 1767 5430 Act.
1793 5392 1911 5443 xm,
1936 5369 2029 5433 33.

435 5462 546 5533 (69)
573 5459 789 5538 eam:
801 5461 920 5538 ὑπὸ
952 5463 1099 5518 Θεοῦ
1123 5465 1632 5538 γινώσκεται,ίθιο.
1675 5467 1717 5520 Ε
1745 5469 1935 5538 codice
2042 5487 2063 5538 π

982 5463 1099 5518 θεοῦ
1123 5465 1632 5538 γινώσκεται,ίθιο.
1675 5467 1717 5520 Ε
1745 5469 1935 5538 codice
2042 5470 2234 5538 psalm.
2263 5485 2302 5532 ι,
2335 5486 2486 5526 num.
2523 5472 2610 5528 19.

366 5527 713 5613 ραι-οόρξξιηρ.
751 5531 953 5610 Eadem
1013 5527 1187 5602 quoad
1248 5527 1667 5613 sensum-habet
1723 5537 1933 5613 Qatcua
2042 5527 2054 5538 ’
2112 5540 2224 5613 (7(1)
2254 5527 2444 5613 Δύσζν
2465 5527 3242 5613 ἐντύχόνζεςβῑᾱΕοοιίἰοο
3268 5543 3627 5613 Barocciauo,

363 5600 630 5676 Corderii.
663 5600 853 5676 Latine
877 5600 1092 5676 exstant
1125 5607 1263 5674 apud
1299 5607 1620 5668 Barbarum,
1655 5607 1934 5676 majorque
2041 5619 2095 5662 et
2119 5600 2341 5665 ‘sciied-is
2369 5600 2703 5666 Combeiisii.
2734 5600 2927 5666 Latine
2962 5623 3178 5666 exstant
3204 5615 3254 5668 in
3280 5615 3488 5669 Catena
3522 5600 3629 5669 υςὶὶ

363 5684 492 5760 pars
524 5669 730 5760 iilsldem.
753 5670 866 5752 fere
901 5675 1106 5760 verbis.
1129 5669 1580 5760 repejjtluraput'l
1617 5669 1930 5760 Eusebium.
2041 5680 2199 5760 pielis
2225 5680 2501 5760 Barbat‘i.‘
2532 5681 2589 5735 In
2638 5682 2848 5740 Catena
2900 5681 3144 5739 Corderti
3199 5698 3488 5760 perperam
3528 5689 3627 5743 tri-

365 5738 633 5794 ﬁonnulla
659 5739 822 5795 etiam
849 5741 974 5798 inde
1000 5738 1228 5814 arripuit
1253 5738 1515 5810 Hilarius,
1553 5743 1838 5814 lsxpluuut.
1878 5749 1933 5802 in
2041 5748 2282 5804 buuntur
2307 5750 2563 5821 Georgio.
