4124 6432
451 370 580 426 ιιυι

1437 350 1747 411 SEI.ECTA
1783 352 1849 409 IN
1887 349 2224 408 PSALMOS.
2262 380 2329 390 —
2367 349 2560 406 PSAL.
2603 344 2666 405 ll.

3571 351 3708 406 11οΞ

451 503 527 558 μα
549 483 610 535 τὸ
637 482 812 549 ἀγιον,
840 479 870 549 ἢ
900 477 1060 538 αὐτὸς
1100 477 1127 527 6
1167 473 1445 544 προφήτης
1472 470 1638 523 ἐστίν.
1679 469 1809 521 ’Λπὸ
1846 468 1904 520 δὲ
1931 466 2026 520 τοῦ

2146 475 2266 530 est,
2301 467 2382 518 vel
2435 467 2549 532 ipse
2595 466 2877 534 propheta.
2928 465 2970 518 A
3010 463 3373 533 Diapsalmate
3418 475 3597 520 autem
3652 467 3711 520 tit

447 575 826 646 Διαψάλματος
879 567 1146 640 μεταϐολὴ
1185 567 1394 634 γίνεται
1441 562 1537 616 τοῦ
1585 562 1834 630 λέγοντος
1858 577 1870 588 ·
1907 559 2023 612 ἔστι

447 666 556 736 γὰρ
605 666 635 717 6
671 659 930 731 Χριστὸς,
969 656 1044 719 ὡς
1085 656 1175 707 καὶ
1230 652 1389 706 τοῦτο
1445 652 1873 723 παραστήσομεν
1926 648 2026 710 τὰς

447 753 618 819 λέξεις
644 749 1006 817 ἐξετάζοντες.
1031 746 1141 798 Kal.
1168 745 1227 796 οὐ
1265 742 1577 812 θαυμαστὸν
1607 742 1656 793 εἰ
1696 741 1754 792 ὲν
1790 739 1869 790 ένὶ
1893 737 2028 806 ψαλ-

451 845 536 917 μῷ
567 844 688 914 οὐχ).
717 842 774 894 ἓν
808 837 1097 912 πρόσωπόν
1140 837 1253 886 ἐστι
1287 834 1348 886 τὸ
1383 833 1570 900 λέγονο
1607 829 1876 899 πολλαχοῦ
1919 828 2028 899 γὰρ

448 936 606 991 τοῦτο
638 935 782 987 ἔστιν
829 932 988 994 ἰδεῖν,
1025 929 1100 991 ὡς
1140 925 1417 996 προϊόντες
1457 922 1723 994 δείξομεν.
1763 923 1872 976 Kal.
1898 920 2028 975 ταῦ-

447 1045 516 1082 τα
565 1028 663 1098 μὲν
701 1025 808 1097 πρὸ
851 1021 945 1076 τοῦ
975 1019 1187 1090 ψαλμοῦ
1211 1057 1224 1082 ,
1269 1015 1692 1085 κατανοήσωμεν
1735 1013 1792 1066 δὲ
1819 1015 1916 1076 τὰς
1941 1012 2027 1064 λέ-

483 1136 580 1182 εις.

449 1121 635 1265 ξειιᾶδῦ
675 1205 882 1262 αὑτοῦ.
934 1203 1186 1271 Τέσσαρα
1223 1200 1354 1270 γένη
1407 1198 1515 1250 τῶν
1564 1196 1673 1266 (7i)
1724 1193 2027 1266 ἀνθρώπων

451 1302 615 1374 φησὶν
660 1303 689 1354 6
728 1300 883 1366 λόγος
926 1291 1344 1362 ὲπιϐεϐληκέναι
1383 1288 1628 1361 Χριστῷ·
1678 1286 1805 1358 ἔθνη
1860 1285 2028 1357 φρυά-

449 1395 615 1461 ξαντα
643 1391 762 1445 κατ’
786 1387 976 1449 αὐτοῦ,
1015 1385 1107 1439 καὶ
1135 1383 1300 1444 λαοὺς
1327 1381 1729 1452 μελετήσαντας
1755 1375 1904 1440 κενά,
1931 1374 2026 1428 καὶ

453 1486 688 1556 βασιλεῖς
733 1483 834 1552 τῆς
872 1481 976 1551 γῆς
1027 1476 1411 1548 παραστάντας
1446 1476 1561 1544 μετ’
1593 1471 1867 1542 ἀρχόντων
1905 1485 2031 1522 συν-

449 1578 720 1648 ἀχθέντων
752 1575 843 1627 ἐπὶ
863 1573 924 1625 τὸ
945 1571 1096 1625 αὐτό.
1122 1572 1231 1624 Καὶ
1255 1567 1538 1640 ἡγούμεθα
1569 1567 1665 1636 μὲν
1688 1564 1814 1633 ἔθνη
1846 1560 2030 1632 δηλοῦ-

451 1673 572 1724 σθαι
605 1671 732 1731 τοὺς
751 1665 1063 1736 ἀλλοτρίους
1084 1664 1183 1733 τῆς
1213 1661 1447 1723 πίστεως
1477 1655 1816 1728 ἀνθρώπους,
1841 1653 2028 1724 ὥσπερ

449 1764 573 1825 τοὺς
608 1758 943 1832 στρατιώτας
975 1759 1100 1819 τοὺς
1135 1754 1481 1827 φρυάξαντας
1521 1750 1639 1804 κατ’
1675 1748 1836 1803 αὑτοῦ
1862 1765 1873 1777 ·
1904 1746 2028 1810 τοὺς

447 1854 503 1907 δὲ
524 1853 684 1914 λαοὺς
710 1851 836 1912 τοὺς
861 1849 970 1902 ἀπὸ
989 1846 1097 1899 τῶν
1125 1844 1308 1914 φυλῶν
1333 1843 1428 1913 τῆς
1452 1839 1764 1909 κατατομῆς
1789 1836 1870 1907 (οὐ
1917 1834 2026 1906 γὰρ

448 1943 650 2016 κυρίως
675 1940 891 1994 λεκτέον
919 1935 1113 1998 αὐτοὺς
1145 1934 1234 1986 τὸν
1261 1931 1489 2002 Σωτῆρα
1525 1928 1598 2000 μὴ
1631 1924 2023 2016 προσιεμένους

449 2013 894 2102 εις-περιτομῆς),
927 2026 1122 2088 οἵτινες
1173 2021 1304 2077 κενά
1359 2017 1794 2090 μεμελετήκασι,
1837 2013 1928 2066 τὸν
1966 2013 2024 2063 ὲν

449 2129 558 2188 τοῖς
589 2121 980 2195 μελετωμένοις
1011 2117 1366 2190 προφητικοῖς
1396 2113 1573 2180 λόγοις
1601 2105 2026 2176 καταγγελλόμε-

450 2234 538 2270 νον
571 2213 804 2284 Χριστὸν
836 2210 896 2263 ού
933 2207 1266 2279 νενοηκότες.
1299 2203 1542 2265 Βασιλεῖς
1574 2201 1631 2254 δὲ
1671 2200 1768 2270 τῆς
1799 2197 1903 2267 γῆς
1932 2197 2024 2249 καὶ

449 2309 706 2378 ἄρχοντες
732 2301 977 2373 Ἡρώδης
1004 2317 1062 2353 τε
1090 2299 1184 2353 καὶ
1212 2297 1434 2358 Πόντιος
1455 2293 1706 2354 Πιλᾶτος,
1731 2290 1824 2342 καὶ
1857 2289 1908 2341 οἱ
1929 2286 2022 2339 τοῦ

464 2398 729 2451 Ἰουδαίων
763 2389 891 2448 λαοῦ
933 2391 1243 2462 ἡγούμενοι.
1273 2388 1487 2441 Τούτων
1520 2388 1629 2454 γὰρ
1657 2382 1750 2436 καὶ
1775 2384 1802 2434 ὁ
1830 2379 2025 2432 θεσπέ-

452 2507 564 2551 σιος
625 2487 826 2557 Πέτρος
883 2486 912 2536 ό
972 2482 1266 2544 ἀπόστολος
1306 2476 1787 2549 ἀπεμνημόνευσεν
1845 2469 2025 2533 temo;

449 2582 507 2631 ὲν
542 2581 660 2642 ταῖς
712 2575 973 2644 Πράξεσι
1015 2573 1123 2626 τῶν
1161 2569 1471 2625 ἀποστόλων
1512 2567 1610 2637 τὴν
1659 2562 2026 2636 προκειμένην

450 2671 642 2742 χρῆσιν
675 2664 1034 2739 παραγαγών.
1081 2665 1145 2718 Ei
1177 2663 1234 2715 δὲ
1267 2661 1360 2715 καὶ
1402 2660 1500 2723 τὰς
1533 2657 1796 2729 ἀοράτους
1835 2655 2026 2742 φήσεις

449 2741 738 2832 δυνάμεις,
783 2760 882 2812 οὐκ
924 2757 988 2812 ἂν
1028 2755 1312 2827 ἁμάρτοις.
1359 2751 1470 2806 Καὶ
1497 2751 1526 2803 6
1560 2747 1866 2818 σοφώτατος
1899 2741 2027 2814 γοῦν

462 2852 781 2913 Ἀπόστολος
802 2849 862 2902 οὐ
887 2846 1140 2901 τοσοῦτον
1161 2843 1466 2915 ἀνθρώποις
1489 2842 1735 2912 προσῆψε
1750 2839 1811 2892 τὺ
1831 2840 2026 2890 ἐσταυ-

453 2942 686 3013 ρωκέναι
716 2941 807 2994 τὸν
837 2938 1091 3008 Χριστὸν,
1128 2937 1203 2999 ὡς
1228 2935 1518 3004 δυνάμεσιν
1557 2931 1923 3003 ἀρχοντικαῖς,
1949 2926 2028 2978 λέ-

451 3049 562 3098 γων
582 3048 594 3060 ’
646 3047 666 3079 ι
699 3027 897 3096 Σοφίαν
928 3027 985 3078 δὲ
1015 3020 1282 3095 λαλοῦμεν
1311 3026 1369 3076 έν
1401 3026 1513 3084 τοῖς
1542 3021 1766 3083 τελείοις
1785 3037 1798 3049 ’
1836 3019 2029 3087 σοφίαν

451 3125 506 3178 δὲ
531 3123 591 3175 ού
618 3120 715 3174 τοῦ
743 3119 938 3181 αἰῶνος
968 3117 1182 3181 τούτου,
1200 3117 1321 3170 οὐδὲ
1349 3115 1456 3168 τῶν
1479 3114 1753 3185 ἀρχόντων
1775 3111 1869 3164 τοῦ
1900 3110 2030 3166 αἰῶ-

451 3233 540 3278 νος
567 3215 778 3276 τούτου,
811 3213 918 3266 τῶν
943 3210 1419 3283 καταργουμένωνο
1444 3207 1580 3260 ἀλλά
1608 3204 1872 3305 λαλοῦμεν
1893 3203 2028 3256 Θεοῦ
2057 3245 2102 3305 C

452 3306 643 3375 σοφίαν
677 3307 734 3358 έν
768 3303 1068 3375 μυστηρίῳ,
1104 3302 1201 3372 τὴν
1233 3297 1757 3371 ἀποκεκρυμμένην,
1795 3297 1860 3366 ἢν
1900 3312 2028 3366 προσ

449 3397 647 3468 ώρισεν
684 3399 712 3450 6
738 3395 870 3458 Θεὸς
901 3394 1008 3466 πρὸ
1037 3393 1145 3446 τῶν
1188 3391 1396 3446 αἰώνων
1435 3393 1515 3454 είς
1545 3387 1704 3452 δόξαν
1743 3385 1919 3458 ἡμῶν,
1964 3385 2030 3455 ἢν

451 3489 625 3552 οὐδεὶς
651 3487 759 3541 τῶν
790 3486 1066 3558 ἀρχόντων
1093 3479 1184 3537 τοῦ
1221 3481 1416 3546 αἰῶνος
1451 3481 1643 3534 τούτου
1673 3480 1939 3548 ἔγνωκενυ
1980 3481 2029 3531 εί

449 3580 558 3649 γὰρ
583 3577 844 3646 ἔγνωσαν,
879 3576 978 3629 οὐκ
1000 3574 1066 3629 ἂν
1091 3574 1182 3627 τὸν
1211 3573 1414 3644 Κύριον
1443 3572 1542 3641 τῆς
1568 3569 1726 3642 δόξης
1759 3568 2032 3640 ἐσταύρω-

450 3687 570 3725 σαν.
599 3689 616 3722 ι
655 3671 803 3723 Ποῖοι
826 3668 933 3738 γὰρ
962 3667 1219 3738 ἄρχοντες
1260 3663 1613 3735 ἐσταύρωσαν
1642 3662 1734 3715 τὸν
1775 3660 2028 3732 Χριστὸν,

448 3763 540 3816 τὸν
567 3757 667 3831 τ’ἧς
696 3759 853 3831 δόξης
889 3757 1113 3829 Κύριον,
1139 3759 1188 3809 οἱ
1215 3757 1290 3828 μὴ
1321 3754 1681 3823 γινώσκοντες
1714 3753 1812 3824 τὴν
1840 3751 2030 3820 σοφίαν

449 3849 540 3907 τοῦ
558 3852 715 3914 Θεοῦ,
737 3852 832 3904 κα)⁸
855 3848 1008 3901 αὐτοὶ
1028 3847 1218 3916 σοφίας
1239 3846 1390 3909 τινὰς
1412 3845 1554 3914 ἔχειν
1583 3842 2032 3912 ὑπολαμϐανόμε-

450 3961 550 4008 νοι,
569 3943 602 4012 ἢ
621 3943 668 3995 oi
684 3941 963 4013 λεγόμενοι
984 3941 1040 3990 ὲν
1049 3940 1169 4000 ταῖς
1190 3937 1546 4008 προφητείαις
1557 3935 1741 4006 ἄρχων
1758 3931 2031 4002 βασιλείας

453 4034 696 4106 Περσῶν,
729 4033 820 4085 καὶ
848 4030 1029 4101 ἄρχων
1061 4029 1335 4099 βασιλείας
1371 4026 1659 4096 Ἑλλήνων,
1683 4025 1773 4078 καὶ
1802 4023 1942 4077 κατά
1970 4022 2031 4074 τὸ

451 4128 744 4185 ἀκόλουθον
777 4129 824 4180 οἱ
853 4126 962 4179 τῶν
994 4125 1194 4179 λοιπῶν
1228 4123 1431 4184 ἐθνῶνς
1465 4141 1484 4172 ι
1520 4120 1602 4174 Τὰ
1631 4119 1756 4190 ἔθνη
1799 4137 1818 4170 ι
1850 4119 2029 4171 τοίνυν

458 4238 475 4268 ι
518 4218 812 4291 ἐφρύαξαν·
846 4236 864 4268 ι
898 4217 1036 4286 ὅπερ
1068 4214 1238 4278 ἐστὶν,
1273 4214 1346 4278 ὡς
1375 4214 1406 4265 6
1450 4212 1674 4274 Ἀκύλας
1699 4211 2029 4279 σαφέστερον

450 4313 827 4384 ήρμήνευσεν,
867 4327 884 4360 ι
921 4306 1356 4379 ἐθορυϐήθησαν.
1385 4324 1401 4356 ι
1438 4305 1594 4359 Ἐστι.
1631 4303 1688 4355 δὲ
1719 4305 1752 4373 ὴ
1781 4301 1922 4365 λέξις
1951 4302 1984 4371 ἡ
2012 4339 2027 4362 ,

458 4421 475 4453 ι
501 4399 800 4473 ἐφρύαξαν,
827 4420 845 4451 ι
895 4396 1468 4469 όνοματοπεποιημένη
1491 4436 1506 4460 ,
1552 4395 1646 4448 καὶ
1690 4393 2029 4465 ἐμφαίνουσα

449 4494 540 4548 τὸν
572 4495 784 4564 ἄσημον
813 4488 945 4562 ἦχον
982 4490 1088 4545 τῶν
1116 4488 1486 4560 θορυϐούντων
1508 4506 1520 4518 ·
1565 4485 1796 4540 τοιοῦτοι
1842 4485 1950 4556 γὰρ
1978 4485 2026 4536 oi

2133 572 2379 624 personm
2406 560 2666 612 mutatio:
2696 558 2944 612 Christus
2967 558 3110 611 enim
3141 567 3244 622 est,
3278 567 3335 612 ut
3365 557 3507 611 infra
3532 569 3710 612 osten-

2134 650 2314 715 detur,
2343 666 2464 704 cum
2492 649 2731 715 singulas
2763 662 2924 702 voces
2950 648 3336 716 expendemus.
3365 647 3476 703 Nec
3507 651 3705 704 mirum

2135 741 2180 796 si
2217 742 2269 794 in
2311 757 2418 794 uno
2457 741 2667 810 psalmo
2705 755 2809 794 non
2852 754 2957 792 una
2985 748 3068 793 est
3111 753 3340 808 persona
3373 755 3495 809 quae
3529 740 3709 810 loqui-

2139 843 2249 888 tur.
2288 832 2401 888 lloc
2435 836 2580 888 enim
2609 832 2858 901 pluribus
2888 832 2940 885 in
2972 832 3104 886 locis
3135 832 3320 886 videre
3345 843 3450 895 est,
3479 843 3536 886 ιιι
3569 835 3706 890 infra

2135 927 2509 979 ostendemus.
2549 924 2768 979 interim
2809 925 2922 978 lucc
2947 939 3044 994 pro
3073 925 3297 979 exordio
3338 927 3533 994 psalmi
3562 929 3706 984 dicta

2137 1017 2280 1083 sint,
2317 1032 2461 1070 nunc
2496 1017 2608 1084 ipsa
2640 1015 2802 1069 verba
2833 1016 3206 1070 discutiamus.

2203 1201 2476 1271 Ejusdem.
2510 1197 2760 1264 Quatuor
2792 1197 3068 1252 hominum
3102 1214 3301 1270 genera
3349 1199 3479 1254 dicit
3509 1201 3708 1256 adver-

2131 1310 2225 1350 sus
2251 1295 2526 1348 Christum
2563 1290 2925 1345 insurrexisse
2950 1331 2966 1354 ,
2993 1301 3180 1360 gentes
3213 1308 3336 1361 quae
3369 1291 3710 1348 fren'merunt

2131 1394 2324 1441 contra
2360 1385 2555 1452 ipsum,
2597 1383 2823 1451 populos
2846 1382 2940 1450 qui
2973 1384 3212 1438 meditati
3244 1395 3369 1438 sunt
3415 1385 3619 1449 inania,
3653 1396 3711 1439 et.

2129 1492 2284 1545 reges
2340 1486 2502 1530 terrae
2547 1476 2639 1544 qui
2699 1475 3028 1528 adstiterunt
3079 1491 3202 1530 cum
3260 1477 3600 1546 principibus
3653 1479 3704 1532 iu

2128 1585 2293 1626 unum
2337 1567 2700 1638 congregatis.
2757 1566 2824 1619 Et
2852 1567 3184 1622 arbitramur
3215 1570 3432 1637 quidem
3460 1571 3704 1639 gentium

2129 1661 2348 1715 nomine
2388 1659 2597 1713 alienos
2641 1673 2670 1711 a
2719 1657 2826 1711 ﬁde
2859 1658 3134 1728 designari
3181 1661 3472 1728 homines,
3517 1663 3710 1731 quales

2127 1760 2284 1807 erant
2319 1750 2520 1805 milites
2550 1749 2642 1818 qui
2673 1748 2937 1804 adversus
2962 1763 3088 1803 eum
3126 1750 3497 1818 fremuerunt;
3536 1769 3709 1823 popu—

2129 1843 2210 1896 los
2236 1855 2405 1906 vero,
2458 1840 2578 1896 illos
2611 1856 2676 1895 ex
2719 1839 2967 1895 tribubus
3016 1841 3120 1896 dici
3159 1841 3250 1912 qui
3293 1843 3498 1897 exsecti
3549 1855 3710 1897 erant

2132 1930 2331 2002 (neque
2354 1931 2498 1986 enim
2524 1933 2745 2002 prOprie
2771 1931 3058 1987 dicendum
3085 1943 3169 1988 est
3194 1948 3288 1989 eos
3314 1935 3403 2003 qui
3430 1933 3706 1989 Christum

2131 2038 2237 2077 non
2273 2033 2625 2092 receperunt,
2660 2039 2723 2080 ex
2769 2025 3185 2081 circumcisione
3218 2023 3429 2095 fuisse),
3457 2027 3546 2096 qui
3583 2027 3708 2096 qui-

2131 2114 2252 2170 dem
2288 2130 2424 2169 vana
2458 2116 2700 2170 meditati
2736 2127 2864 2171 sunt
2891 2132 3017 2171 cum
3052 2118 3104 2171 in
3149 2116 3408 2186 perlectis
3433 2132 3463 2171 a
3491 2132 3550 2172 se
3582 2133 3709 2189 pro-

2131 2206 2360 2273 pheticis
2392 2209 2734 2263 sermonibus
2774 2209 3156 2263 annuntiatum
3183 2209 3459 2264 Christum
3487 2223 3591 2264 non
3627 2209 3711 2262 iu-

2133 2298 2478 2354 tellexerunt.
2518 2300 2696 2371 Reges
2729 2309 2888 2356 terra:
2924 2311 2979 2357 et
3012 2303 3290 2372 principes
3321 2311 3481 2358 erunt
3535 2302 3712 2358 Hero»

2133 2389 2228 2442 des
2259 2400 2313 2442 et
2364 2390 2584 2446 Pontius
2615 2391 2841 2458 Pilatus,
2874 2401 2930 2447 et
2961 2392 3170 2448 Iudaici
3208 2393 3394 2464 populi
3426 2393 3709 2463 praesides.

2133 2478 2336 2534 Horum
2387 2482 2532 2536 enim
2577 2491 2632 2536 et
2665 2483 2823 2538 divus
2873 2481 3066 2538 Petrus
3107 2485 3390 2554 apostolus
3423 2485 3710 2554 speciatim

2135 2569 2380 2623 meminit
2425 2570 2477 2624 in
2529 2571 2744 2625 Actibus
2788 2573 3158 2642 apostolorum
3204 2574 3292 2629 ubi
3341 2575 3492 2629 hisce
3543 2576 3714 2630 utitur

2138 2660 2398 2714 verbis”.
2433 2659 2585 2727 Quod
2609 2663 2654 2716 si
2677 2672 2730 2718 et
2759 2663 3064 2720 invisibiles
3091 2681 3212 2722 esse
3235 2675 3530 2736 potestates
3559 2666 3714 2721 dixe-

2135 2751 2232 2815 ris,
2255 2767 2362 2805 non
2388 2753 2752 2810 aberraveris.
2783 2755 2946 2812 Certe
2965 2759 3399 2824 sapientissimus
3423 2758 3716 2828 Apostolus

2135 2842 2241 2895 illis
2293 2843 2462 2898 multo
2492 2844 2661 2916 magis
2707 2861 2870 2917 quam
2908 2849 3220 2904 hominibus
3245 2845 3456 2906 Christi
3495 2865 3712 2906 crucem

2135 2935 2388 2989 attribuit
2434 2936 2619 2992 dicens
2649 2938 2728 2992 ³¹ε
2768 2957 2787 2990 ι
2824 2940 3163 3008 Sapientiam
3217 2950 3397 2996 autem
3441 2940 3715 3011 loquimur

2137 3022 2280 3078 inter
2313 3024 2614 3094 perfectos:
2643 3031 2970 3098 sapientiam
3005 3033 3136 3085 vero
3173 3047 3280 3086 non
3311 3031 3468 3100 hujus
3495 3034 3712 3101 saeculi,

2137 3128 2313 3181 neque
2348 3114 2657 3186 principum
2727 3119 2888 3189 hujus
2928 3120 3112 3175 saeculi
3173 3122 3265 3191 qui
3315 3123 3712 3191 destruuntur;

2137 3204 2231 3257 sed
2263 3203 2536 3273 loquimur
2552 3206 2646 3261 Dei
2675 3209 2998 3279 sapientiam
3031 3211 3082 3266 in
3123 3214 3406 3282 mysterio,
3433 3228 3553 3283 quae
3581 3215 3712 3271 abs-

2134 3294 2350 3348 condita
2384 3304 2468 3352 est
2496 3335 2511 3362 ,
2549 3313 2710 3366 quam
2744 3301 3154 3370 prmdestinavit
3185 3302 3327 3359 Deus
3359 3313 3485 3360 ante
3512 3306 3710 3361 sarcula

2135 3383 2187 3438 in
2223 3385 2451 3454 gloriam
2488 3399 2732 3443 nostram
2759 3432 2774 3457 ,
2809 3406 2974 3460 quam
3018 3408 3174 3448 nemo
3205 3394 3512 3464 principum
3550 3397 3712 3466 hujus

2134 3477 2313 3532 srculi
2347 3480 2638 3548 cognovit:
2679 3482 2724 3536 si
2771 3484 2916 3537 enim
2967 3487 3398 3553 cognovissent,
3433 3502 3710 3558 nunquam

2135 3568 2417 3624 Dominum
2438 3572 2624 3642 gloria:
2639 3574 3057 3630 cruciﬁxissent.
3091 3597 3109 3629 ι
3133 3577 3363 3643 Quinam
3385 3582 3528 3634 enim
3548 3582 3707 3650 prin-

2133 3662 2280 3729 cipes
2310 3662 2584 3717 Christum
2621 3665 2808 3735 gloria:
2839 3667 3123 3722 Dominum
3155 3671 3575 3739 cruciﬁxerunt,
3610 3671 3704 3728 Dei

2133 3755 2453 3824 sapientiam
2505 3771 2611 3810 non
2648 3768 3006 3828 agnoscentes
3037 3768 3092 3815 et
3138 3777 3197 3817 se
3245 3777 3460 3832 quoque
3493 3764 3712 3833 sapien-

2136 3847 2264 3901 tiam
2299 3847 2587 3916 quamdam
2636 3849 2839 3906 habere
2878 3835 3267 3908 existimantes
3292 3892 3309 3920 ,
3361 3855 3462 3909 nisi
3497 3854 3573 3908 illi
3615 3857 3709 3925 qui

2136 3937 2188 3991 in
2220 3939 2499 4008 prophetis
2526 3953 3048 4009 commemorantur,
3085 3944 3336 4014 princeps
3370 3944 3533 4017 539
3558 3949 3712 4018 regni

2132 4026 2444 4093 Persarum,
2476 4038 2531 4084 et
2557 4029 2811 4100 princeps
2840 4032 2991 4099 regni
3029 4032 3344 4088 Graacorum
3373 4074 3388 4099 ,
3429 4045 3484 4090 et
3514 4051 3711 4092 conse-

2133 4124 2366 4182 quenter
2400 4117 2730 4185 reliquarum
2770 4122 3014 4188 gentium
3049 4123 3362 4193 principes?
3403 4143 3420 4176 ι
3449 4123 3654 4182 Gentes
3685 4150 3707 4182 ι

2133 4207 2314 4276 itaque
2347 4227 2365 4259 ι
2389 4207 2752 4274 fremuerunt,
2783 4231 2801 4262 ι
2847 4213 2899 4266 id
2925 4223 3044 4279 test,
3071 4225 3128 4268 ut
3152 4215 3348 4284 Aquila
3386 4218 3588 4273 clarius
3619 4221 3708 4276 in—

2135 4308 2458 4368 terpretatus
2507 4311 2628 4366 est,
2682 4319 2699 4352 ι
2745 4305 3124 4358 turbaverunt.
3170 4323 3189 4356 ι
3247 4308 3418 4364 Dictio
3472 4318 3654 4366 autem
3692 4351 3708 4379 ,

2138 4411 2157 4444 ι
2183 4392 2538 4460 fremuerunt,
2567 4412 2585 4446 ι
2627 4396 2958 4449 inconditum
2991 4408 3346 4466 repraesentat
3377 4403 3714 4458 tumultuan-

2135 4486 2266 4540 tium
2302 4486 2621 4555 strepitum,
2669 4486 2979 4556 cujusmodi
3029 4502 3156 4544 sunt
3187 4492 3222 4546 ii
3253 4494 3344 4561 qui
3398 4509 3463 4549 ex
3495 4497 3708 4554 insidiis

452 4585 806 4656 σεσοϐημένοι
859 4582 998 4637 κατὰ
1041 4584 1165 4645 τοὺς
1225 4583 1446 4652 καιροὺς
1500 4579 1595 4633 τοῦ
1659 4580 2028 4634 ἐπιϐουλεύειν

2134 4579 2402 4632 concitate
2440 4577 2689 4633 feruntur
2723 4581 2776 4633 in
2808 4581 3010 4636 hostes.
3046 4583 3199 4648 Quod
3240 4585 3284 4638 si
3315 4586 3504 4655 reliqui
3542 4589 3713 4643 inter-

451 4677 783 4748 ὑπάρχουσιν
819 4675 956 4728 κατὰ
993 4673 1100 4728 τῶν
1138 4673 1228 4726 ὑπ’
1257 4672 1433 4727 αὐτῶν
1463 4671 1897 4743 πολεμουμένων.
1919 4673 2026 4725 Kal.

451 4772 499 4823 εί
529 4770 603 4839 μὴ
632 4770 680 4821 οἱ
705 4767 882 4819 λοιποὶ
909 4765 1239 4836 ὲρμηνευταὶ
1265 4764 1513 4834 εἰρήκασι
1543 4763 1624 4826 τὸ,
1655 4782 1672 4812 ι
1698 4761 2029 4834 ἐθορυϐήθη-

455 4877 573 4923 σαν,
595 4878 612 4910 »
632 4859 744 4922 καὶ,
766 4876 784 4908 ι
804 4860 967 4927 κυκᾷ,
995 4877 1012 4907 ι
1032 4856 1107 4920 ὡς
1123 4857 1437 4927 Σύμμαχος,
1455 4851 1521 4926 ἦν
1543 4853 1790 4907 ἐκλαϐεῖν
1811 4854 1916 4906 ἀπὸ
1933 4853 2026 4906 τοῦ

458 4974 476 5004 ‹
504 4952 807 5026 ἐφρύαξαν,
843 4971 859 5001 ι
888 4953 971 5013 τὸ,
1009 4969 1026 5002 ι
1051 4949 1527 5020 ὲμεγαλαύχησανο
1553 4967 1572 5000 ι
1610 4946 1684 5011 ώς
1717 4948 1773 4999 ὲν
1805 4948 1882 4999 ἑνὶ
1919 4945 2026 5000 τῶν

453 5043 746 5118 προφητῶν
785 5039 1011 5112 οίόμεθα
1046 5039 1202 5094 τοῦτο
1235 5039 1424 5110 δηλοῦν
1470 5039 1570 5109 τὴν
1605 5039 1778 5105 λέξιν·
1819 5056 1837 5089 ι
1871 5038 2029 5093 Κατά

451 5139 520 5193 τὰ
548 5135 881 5208 φρυάγματα
896 5132 988 5186 τοῦ
1005 5131 1290 5203 Ἰορδάνου.
1305 5132 1441 5185 »Καὶ
1464 5131 1582 5184 ὲπεὶ
1603 5149 1622 5181 ι
1644 5133 1672 5184 ὁ
1699 5131 2028 5201 ἀρνούμενος

452 5231 541 5284 τὸν
569 5229 718 5292 Υῖὸν,
749 5227 870 5280 οὐδὲ
891 5225 980 5279 τὸν
1004 5223 1222 5293 Πατέρα
1253 5223 1387 5292 ἔχει,
1413 5221 1507 5274 καὶ
1531 5223 1559 5274 6
1581 5221 1867 5292 δεχόμενος
1895 5238 1912 5270 ι
1939 5219 2028 5272 τὸν

452 5319 706 5392 Χριστὸν,
727 5338 743 5368 ι
765 5318 978 5386 δέχεται
1000 5315 1088 5369 τὸν
1113 5312 1508 5368 ἀποστείλαντα
1525 5313 1706 5378 αὑτὸν,
1733 5331 1750 5362 ι
1772 5312 1859 5366 διὰ
1873 5312 2030 5366 τοῦτο

449 5417 479 5468 6
507 5410 647 5466 κατά
675 5408 910 5482 Χριστοῦ
951 5406 1374 5480 στρατευόμενος
1407 5406 1488 5468 είς
1518 5405 1608 5459 τὸν
1650 5406 1868 5476 Πατέρα
1899 5406 2029 5458 ἀσε-

522 5535 568 5567 ³⁰
598 5532 718 5587 Act.
748 5547 822 5586 IV.

521 5653 636 5725 (7|)
665 5651 940 5725 Τέσσαρα
980 5651 1122 5725 γένη
1160 5647 1299 5725 τῶις,
1324 5657 1427 5725 etc.
1458 5648 1500 5702 E
1522 5647 1710 5725 codice
1737 5649 2018 5725 garoccia-

452 5719 542 5786 no,
569 5733 624 5779 et
651 5721 866 5777 schedis
890 5722 1222 5776 Combeﬁsii.
1259 5720 1446 5774 Latine
1481 5719 1702 5773 exhibet
1742 5719 2017 5774 Barbarus

453 5799 505 5850 in
532 5796 756 5861 Catena,
785 5803 1113 5864 postremam
1139 5799 1320 5848 autem
1359 5789 1520 5856 hujus
1567 5788 1856 5859 fragmenti
1883 5805 2017 5860 par-

909 5531 950 5562 ³¹
978 5529 1146 5587 lCor.
1180 5544 1240 5595 ιι,
1272 5528 1305 5585 6
1339 5537 1392 5586 et
1420 5543 1578 5599 seqq.

1667 5529 1712 5560 ³²
1743 5527 1946 5588 Jerem.
1984 5545 2080 5595 ιιι,
2118 5529 2170 5585 5.
2207 5530 2374 5586 Zach.
2399 5546 2477 5597 xi,
2501 5531 2553 5585 5.
2633 5532 2719 5586 ³³1
2751 5531 2905 5588 Joan.
2945 5547 3009 5597 ιι,
3048 5529 3138 5585 25.

2136 4678 2318 4737 pretes
2348 4684 2454 4724 non
2487 4673 2802 4738 vertissent,
2841 4691 2860 4724 ι
2897 4675 3273 4740 turbaverunt,
3301 4695 3320 4728 ι
3353 4686 3428 4742 et,
3468 4698 3485 4730 ι
3515 4682 3714 4734 tinnul-

2137 4769 2377 4823 tuantur,
2408 4780 2427 4812 ι
2465 4770 2520 4816 ιιι
2552 4761 2929 4832 Symmachus,
2972 4781 3002 4818 a
3033 4766 3219 4832 verbo,
3259 4785 3277 4818 ι
3301 4767 3660 4837 fremuerunt,
3687 4791 3707 4823 ι

2135 4851 2316 4908 dicere
2362 4853 2588 4920 liceret,
2643 4874 2661 4907 ι
2692 4871 2814 4911 sese
2847 4857 3216 4926 jactaverunt,
3250 4878 3269 4912 ι
3323 4863 3464 4929 quod
3503 4863 3554 4915 in
3604 4879 3712 4916 uno

2135 4947 2522 5016 prophetarum
2568 4957 2820 5018 putamus
2856 4952 2940 5006 his
2971 4953 3198 5007 iudicari
3236 4955 3418 5008 verbis
3445 4955 3524 5008 3':
3563 4973 3582 5007 ι
3613 4956 3713 5011 Se-

2135 5038 2367 5092 cundum
2423 5041 2732 5110 superbiam
2781 5040 3056 5097 Jordanis.
3093 5063 3108 5094 ι
3151 5044 3216 5098 Et
3261 5045 3518 5115 quoniam
3571 5064 3592 5099 ι
3619 5050 3710 5117 ιιιιί

2138 5140 2294 5200 negat
2331 5131 2527 5187 Filium
2561 5171 2577 5199 ,
2628 5149 2730 5188 nec
2774 5133 2990 5190 Patrem
3042 5137 3206 5192 habet
3254 5137 3317 5203 ³³,
3355 5155 3375 5189 ι
3420 5148 3474 5194 et
3518 5141 3652 5210 «qui
3689 5159 3706 5190 ι

2136 5221 2413 5277 Christum
2443 5241 2462 5274 ι
2491 5224 2706 5294 recipit,
2734 5225 2932 5294 recipit
2961 5225 3110 5281 illum
3155 5229 3246 5296 qui
3274 5228 3418 5283 misit
3439 5247 3457 5280 ι
3493 5243 3615 5282 eum
3642 5230 3708 5289 ³⁸.

2138 5315 2259 5370 ideo
2295 5317 2388 5384 qui
2420 5317 2617 5372 militat
2661 5317 2922 5374 adversus
2951 5319 3228 5374 Christum
3261 5350 3301 5383 ,-
3329 5334 3456 5388 erga
3488 5318 3706 5373 Patrem

2138 5406 2336 5476 impius
2365 5417 2469 5462 est.
2517 5409 2622 5475 Qui
2669 5423 2800 5480 ergo
2831 5409 3202 5478 fremuerunt,
3239 5419 3291 5464 et
3323 5409 3504 5463 inania
3536 5412 3703 5466 medi-

3230 5529 3277 5562 ³⁸
3305 5529 3496 5586 Matth.
3529 5543 3586 5597 x,
3617 5530 3701 5585 40.

2130 5661 2286 5706 teme
2319 5653 2507 5708 codice
2531 5651 2700 5722 Regio
2731 5654 2888 5720 48l8,
2923 5654 2974 5707 in
3002 5655 3174 5706 lucem
3208 5651 3397 5707 (ἔναιρε
3427 5651 3594 5722 edidit
3624 5649 3709 5700 vir

2128 5723 2396 5777 clarissim
2409 5741 2470 5777 ns
2493 5720 2724 5778 domnus
2748 5723 2918 5777 Berna
2930 5724 3059 5778 rdus
3093 5720 3548 5778 Montefalcunius
3567 5735 3699 5791 ιιι-ω·

2128 5793 2304 5848 limin.
2339 5796 2406 5849 ad
2442 5793 2684 5865 Ilexapla
2705 5793 2978 5865 Origenis,
3012 5809 3131 5866 pag.
3166 5792 3261 5850 85.
