4124 6438
386 340 527 397 “03

1778 335 1869 390 EX
1905 334 2207 392 ORIGENE

2702 240 2735 283 ἢ

3524 351 3661 405 “(ll

387 460 484 514 tati
514 469 660 524 sunt,
688 466 740 511 et
771 457 1102 513 adstiterant
1130 459 1179 511 iu
1210 472 1374 511 unum
1408 470 1472 511 ac
1501 458 1814 527 congregati
1848 465 1973 511 sunt

2081 458 2179 512 δεῖ.
2228 461 2292 513 Οί
2337 459 2467 530 γοῦν
2503 461 2840 534 φρυάξαντες
2863 502 2877 526 ,
2924 465 3018 518 καὶ
3063 466 3194 521 κενὰ
3222 466 3660 540 μελετήσαντες,

387 550 573 613 simul,
611 548 793 618 specie
821 548 1041 618 quidem
1090 556 1283 601 contra
1329 546 1607 601 Christum
1646 547 1819 603 solum
1856 555 1971 600 tur-

388 640 487 694 bas
518 647 834 702 moverunt,
866 637 945 691 sie
978 646 1156 689 autem
1188 639 1331 706 quod
1376 639 1644 704 fecerunt,
1686 637 1795 692 illis
1821 651 1972 692 eom-

388 740 634 799 putatnm
685 737 789 794 est,
824 743 888 782 ac
934 729 977 782 si
1013 727 1228 783 Patrem
1263 731 1437 798 ipsum
1488 730 1732 800 aggressi
1764 741 1967 785 essent.

389 824 732 890 Quapropter
763 821 961 875 dicitur
989 821 1106 875 haec
1147 836 1243 876 eos
1290 823 1469 892 egisse
1508 839 1526 873 ι
1564 823 1829 877 adversus
1864 822 1971 878 Do-

390 915 592 967 minum
637 922 691 967 et
727 913 991 968 adversus
1024 912 1299 968 Christum
1332 914 1465 983 ejus.
1500 932 1518 966 ι
1562 914 1753 983 Opera:
1785 924 1967 971 autem

387 1005 621 1072 pretium
659 1013 741 1058 est
786 1003 929 1057 scire
960 1004 1012 1057 id
1048 1004 1191 1073 quod
1227 1006 1370 1073 apud
1403 1004 1625 1060 Graecos
1653 1006 1972 1059 enuntiatur

388 1112 521 1151 voce
564 1095 789 1166 Κύριος,
844 1095 894 1150 id
947 1105 1031 1151 est
1071 1115 1089 1146 ι
1122 1096 1415 1161 Dominus,
1464 1115 1482 1149 ι
1523 1097 1665 1165 apud
1716 1096 1971 1151 llebrrcos

386 1202 519 1243 vero
542 1202 675 1245 voce
707 1208 726 1240 ι
756 1188 993 1243 Adonai.
1030 1207 1048 1239 ›
1085 1188 1283 1243 Decem
1312 1190 1457 1243 enim
1494 1189 1800 1243 nominibus
1830 1192 1970 1258 apud

392 1283 649 1337 llehrmos
672 1283 814 1336 Deus
839 1281 1164 1351 appellatur,
1189 1296 1420 1351 quorum
1458 1294 1623 1334 unum
1657 1292 1734 1335 est
1774 1300 1791 1332 ι
1822 1282 1956 1334 Ado-

390 1377 509 1438 nai,
543 1394 560 1427 ι
600 1376 742 1442 quod
772 1376 1169 1444 interpretatur
1219 1393 1237 1424 ι
1286 1374 1564 1427 Dominus.
1592 1393 1609 1426 ι
1650 1374 1713 1428 Et
1758 1375 1969 1441 quoties

388 1466 528 1534 apud
581 1463 838 1519 llebrznos
872 1465 1071 1519 dicitur
1110 1465 1341 1527 Adonai,
1379 1464 1540 1519 totirs
1571 1465 1710 1532 apud
1748 1464 1970 1520 Grrcros

390 1559 624 1610 habetur
660 1574 677 1606 ι
716 1555 998 1620 Dominus,
1030 1573 1049 1606 ›
1086 1555 1379 1623 Scriptura:
1407 1555 1644 1609 dictione
1678 1556 1727 1609 id
1760 1556 1972 1625 signiti-

389 1654 567 1696 cante.
598 1642 832 1709 Quando
879 1653 1063 1695 autem
1114 1642 1355 1696 occurrit
1407 1641 1517 1707 lae,
1560 1644 1701 1713 apud
1752 1644 1971 1700 (ἔντοσθε

386 1734 715 1803 exprimitur
748 1732 1106 1801 appellatione
1154 1732 1380 1805 Κύριος,
1427 1753 1452 1783 τ
1484 1731 1769 1799 Dominus;
1820 1754 1837 1787 ι
1874 1735 1968 1789 sed

390 1840 495 1878 non
531 1826 657 1879 item
707 1825 850 1895 apud
904 1823 1162 1879 iiehrzeos
1188 1864 1201 1889 ,
1241 1834 1300 1879 ut
1351 1826 1402 1879 in
1436 1826 1528 1881 illo
1556 1826 1638 1880 ’δι
1677 1847 1693 1876 ι
1727 1826 1969 1881 Laudato

390 1918 701 1982 Dominum,
736 1916 996 1985 quoniam
1028 1915 1201 1968 bonus
1241 1924 1324 1970 est
1356 1916 1616 1983 psalmus.
1643 1935 1660 1968 ι
1707 1917 1970 1971 Dominus

387 2012 531 2066 enim
580 2008 684 2065 hoc
718 2009 837 2063 loco
885 2021 984 2076 pro
1012 2004 1108 2060 Iae
1138 2007 1340 2061 dicitur
1366 2047 1380 2070 ,
1420 2018 1475 2061 et
1521 2008 1729 2062 initium
1776 2009 1969 2079 psalmi

388 2104 531 2172 apud
561 2100 819 2157 Hebraeos
844 2110 927 2154 est
964 2114 985 2150 ι
1020 2097 1271 2153 Alleluia.
1307 2116 1325 2151 ι
1361 2099 1451 2153 Est
1478 2100 1643 2154 etiam
1676 2100 1818 2168 apud
1853 2099 1971 2154 illos

386 2195 664 2251 imitabile
687 2192 957 2263 quoddam
997 2205 1193 2246 nomen
1238 2201 1719 2261 tetragrammaton
1741 2233 1755 2257 ,
1789 2192 1969 2256 idest,

388 2299 625 2357 quatuor
650 2285 823 2341 literis
853 2294 1134 2349 constans,
1168 2284 1221 2338 in
1256 2298 1418 2337 aurea
1446 2283 1643 2338 sunnni
1669 2284 1974 2338 sacerdotis

388 2378 593 2431 lamina
633 2376 953 2443 inscriptum
979 2417 993 2440 ,
1029 2384 1084 2428 et
1114 2388 1246 2427 meo
1283 2393 1300 2423 ι
1325 2372 1532 2427 Adonai
1564 2393 1584 2425 ι
1615 2374 1963 2435 enuntiatur,

390 2471 517 2525 licet
555 2467 658 2523 hoc
690 2483 795 2522 non
824 2467 1089 2536 scriptum
1122 2466 1192 2520 sit
1222 2467 1275 2518 in
1305 2474 1763 2535 tetragrammato
1785 2511 1798 2534 ,
1831 2468 1973 2538 apud

388 2561 609 2616 Graecos
645 2575 775 2614 vero
804 2560 1131 2627 exprimitur
1180 2572 1314 2614 voce
1370 2578 1387 2609 ι
1428 2559 1710 2615 Dominus.
1746 2579 1764 2612 ι
1802 2564 1878 2616 Ae
1919 2564 1971 2617 in

390 2652 825 2709 accuratioribus
857 2650 1256 2720 exemplarilms
1306 2652 1407 2703 her
1462 2669 1659 2707 nomen
1709 2655 1971 2723 scriptum

389 2756 473 2802 est
500 2746 783 2800 Hebraicis
810 2744 1004 2810 literis,
1034 2744 1309 2799 hebraicis
1330 2746 1552 2813 quidem
1577 2746 1837 2814 antiquis,
1869 2761 1973 2800 non

390 2852 571 2895 autem
602 2838 897 2894 hod'iernis.
938 2836 1173 2891 Narrant
1205 2838 1350 2889 enim
1389 2837 1619 2891 Esdram
1658 2838 1709 2891 in
1742 2838 1977 2907 captivi-

392 2942 502 2986 tate
528 2931 666 2985 alios
697 2930 828 2998 ipsis
855 2929 1201 2983 characteres
1228 2929 1349 2983 loco
1380 2928 1624 2998 priorum
1658 2929 1972 2984 tradidisse.

391 3023 597 3079 Horum
648 3030 828 3075 autem
882 3020 1234 3075 meminimus
1292 3020 1418 3089 quia
1489 3028 1975 3088 tetragrammatou

390 3115 534 3185 quod
565 3123 651 3168 est
684 3132 701 3163 ι
729 3113 1012 3179 Dominus,
1040 3131 1058 3163 ι
1088 3112 1229 3181 jacet
1265 3112 1319 3165 in
1352 3112 1457 3166 hoc
1479 3110 1551 3165 ":
1592 3129 1610 3162 ι
1635 3110 1745 3165 Sed
1779 3112 1830 3164 in
1864 3110 1977 3179 lege

393 3206 639 3271 Domini;
678 3222 697 3257 ι
741 3213 794 3259 et
836 3205 888 3258 in
942 3206 1080 3258 hoc:
1139 3222 1156 3254 ι
1186 3203 1457 3268 Quoniam
1510 3202 1664 3256 novit
1718 3201 1975 3257 Dominus

390 3298 538 3352 viam
562 3295 869 3364 jusmrum;
898 3308 917 3347 ι
956 3304 1012 3348 et
1045 3309 1224 3347 nunc:
1263 3310 1280 3343 ι
1306 3293 1580 3347 Adversus
1612 3292 1894 3346 Dominum
1923 3301 1978 3347 et

393 3389 659 3442 adversus
679 3385 955 3441 Christum
988 3382 1129 3451 ejus.
1159 3403 1178 3435 ι
1214 3382 1347 3438 Illud
1369 3392 1555 3438 autem
1577 3384 1976 3439 observandum

393 3489 480 3536 est
521 3479 872 3551 Septuaginta
905 3488 962 3534 et
994 3479 1426 3534 Theodotionem
1470 3480 1652 3534 omnia
1686 3480 1739 3535 in
1784 3490 1978 3550 prmte—

394 3573 501 3625 rito
522 3569 865 3640 eXprimere;
902 3569 1151 3639 Aquilam
1198 3584 1329 3625 vero
1369 3570 1529 3625 modo
1552 3572 1609 3626 in
1659 3572 1936 3641 praeterito
1960 3611 1975 3635 ,

394 3665 556 3718 modo
586 3664 637 3717 in
664 3662 886 3729 futuro;
918 3662 1305 3732 Symmachum
1336 3672 1518 3718 autem
1542 3665 1727 3719 omnia
1761 3665 1812 3718 in
1842 3680 1980 3735 prae-

396 3756 535 3811 senti
571 3754 838 3825 prot‘erre.
873 3754 1065 3811 Solent
1096 3757 1299 3824 quippe
1320 3753 1701 3827 Septuaginta
1736 3771 1983 3827 strpcnu-

394 3862 549 3902 mero
578 3859 699 3915 quae
726 3845 888 3917 540
917 3846 981 3901 de
1009 3844 1233 3901 Christo
1265 3847 1520 3915 prmdicta
1548 3858 1696 3911 sunt,
1729 3862 1791 3901 ea
1824 3846 1979 3916 quasi

392 3939 506 4006 jam
547 3940 943 4009 contigissent,
978 3939 1291 4003 enuntiare,
1324 3945 1382 3991 ut
1410 3937 1462 3991 in
1496 3937 1586 3992 illo
1619 3938 1662 3969 ³⁷
1692 3956 1704 3992 :
1748 3956 1772 3989 ι
1804 3938 1980 3992 Dede-

400 4041 523 4085 runt
569 4032 623 4085 in
653 4045 834 4086 escam
890 4043 1071 4084 meam
1121 4029 1313 4093 lel,et
1350 4028 1405 4082 in
1458 4027 1549 4081 siti
1595 4041 1713 4081 mea
1755 4036 1982 4096 portave-

399 4133 526 4176 runt
558 4136 643 4177 me
699 4130 879 4176 aceto.
916 4120 1230 4175 Diviserunt
1285 4119 1388 4174 sibi
1443 4118 1765 4173 vestimenta
1819 4130 1935 4170 mea
1966 4155 1981 4181 ,

397 4225 454 4269 et
473 4230 633 4286 super
668 4224 875 4269 vestem
899 4228 1073 4268 meam
1112 4212 1379 4267 miserunt
1418 4220 1623 4265 sortem
1652 4209 1718 4263 ³⁸.
1755 4224 1776 4262 ι
1803 4208 1867 4263 Et
1888 4208 1932 4239 "
1966 4224 1981 4263 :

2074 554 2169 605 καὶ
2204 556 2585 626 παραστάντες
2618 558 2710 610 ἐπὶ
2747 557 2808 609 τὸ
2830 558 2981 621 αὐτὸ,
3018 559 3111 613 καὶ
3138 560 3495 631 συναχθέντες
3517 564 3660 634 ἅμα,

2074 645 2453 717 ὲνηργήθησαν
2488 648 2584 717 μὲν
2610 647 2688 718 τῷ
2717 648 2892 701 δοκεῖν
2925 649 3065 703 κατὰ
3086 650 3181 703 τοῦ
3210 652 3448 723 Χριστοῦ
3474 658 3660 726 μόνου,

2073 734 2381 805 λελόγισται
2418 738 2477 791 δὲ
2512 739 2697 803 αὐτοῖς
2744 740 2771 793 ὃ
2815 742 3148 812 πεποιήκασι
3186 743 3483 815 πρότερον,
3519 748 3662 801 κατὰ

2071 826 2167 880 τοῦ
2203 830 2439 901 Πατρός.
2494 830 2585 884 Διὸ
2616 830 2833 901 λέγεται
2868 832 3041 885 ταῦτα
3072 832 3270 897 αὐτοὺς
3298 839 3663 907 πεποιηκέναι

2077 939 2097 971 ι
2126 920 2267 974 κατὰ
2311 921 2405 974 τοῦ
2454 923 2657 995 Κυρίου
2704 923 2797 977 καὶ
2838 923 2981 978 κατὰ
3013 923 3105 977 τοῦ
3148 926 3385 996 Χριστοῦ
3417 927 3605 981 αὑτοῦ.
3639 950 3660 982 ι

2073 1014 2186 1067 Οὐκ
2214 1014 2505 1085 ἀγνοητέον
2534 1015 2590 1067 δὲ
2622 1015 2749 1087 περὶ
2790 1016 2882 1068 τοῦ
2921 1018 3333 1087 ὲκφωνουμένου
3374 1019 3527 1091 παρὰ
3565 1024 3665 1091 μὲν

2076 1103 2299 1174 Ἕλλησι
2330 1108 2393 1175 τῇ
2428 1123 2444 1155 ι
2468 1104 2671 1175 Κύριος
2694 1125 2711 1156 ι
2743 1108 3103 1178 προσηγορίᾳ,
3135 1107 3287 1178 παρὰ
3307 1108 3363 1161 δὲ
3391 1108 3665 1181 Ἑϐραίοις

2074 1196 2138 1265 τῇ
2176 1214 2193 1245 ι
2233 1194 2475 1249 ’Λδωναὶ
2511 1216 2528 1247 ›
2582 1196 2723 1248 Δέκα
2772 1197 2878 1268 γὰρ
2934 1197 3164 1267 ὀνόμασι
3206 1200 3338 1269 παρ’
3384 1199 3663 1272 Ἑϐραίοις

2072 1286 2395 1357 ὀνομάζεται
2425 1291 2452 1341 ὁ
2478 1288 2632 1351 Θεὸς,
2655 1282 2729 1341 ὧν
2758 1290 2905 1340 ἐστιν
2921 1288 2980 1341 ἒν
3011 1288 3072 1341 τὸ
3092 1308 3113 1340 ι
3138 1287 3417 1357 Ἀδωναῒ,›
3446 1293 3539 1345 καὶ
3569 1294 3662 1362 ἐρ-

2077 1381 2369 1449 μηνεύεται
2427 1379 2697 1451 «Κύριος.
2728 1404 2741 1429 ι
2789 1380 2901 1432 Καὶ
2951 1380 3098 1433 ἔστιν
3136 1381 3272 1434 ὅπου
3330 1380 3550 1450 λέγεται
3602 1385 3664 1437 τὸ

2079 1488 2097 1520 ι
2122 1468 2346 1523 Ἀδωναῖ
2386 1490 2405 1521 ι
2434 1472 2563 1539 παρ’
2602 1472 2909 1541 Ἑϐραίοις,
2956 1472 3046 1524 καὶ
3095 1473 3225 1542 παρ’
3248 1471 3475 1544 Ἕλλησι
3515 1492 3533 1523 ι
3558 1472 3671 1526 Κύ-

2074 1578 2207 1632 ριος,
2225 1582 2242 1615 ι
2264 1564 2360 1633 τῆς
2384 1562 2579 1628 λέξεως
2598 1564 2699 1635 τῆς
2718 1564 3112 1636 γεγραμμένης
3136 1565 3193 1617 ὲν
3209 1569 3273 1636 τῇ
3294 1561 3483 1638 Γραφῇ
3504 1567 3665 1620 τοῦτο

2072 1654 2542 1725 ἀπαγγελλούσης.
2585 1656 2739 1707 Ἔστι
2772 1655 2830 1707 δὲ
2862 1656 2951 1707 ὅτε
2978 1654 3038 1707 τὸ
3086 1655 3197 1725 Ἰαὴ
3230 1656 3440 1722 κεῖται,
3479 1659 3662 1725 ἐκφω-

2072 1743 2242 1794 νεῖται
2265 1741 2320 1795 δὲ
2354 1745 2419 1812 τῇ
2444 1760 2463 1791 ι
2486 1742 2687 1813 Κύριος
2710 1762 2727 1794 ι
2750 1744 3092 1816 προσηγορίᾳ
3120 1746 3248 1817 παρ’
3274 1743 3519 1818 Ἕλλησι,
3548 1748 3664 1799 ἀλλ’

2074 1833 2135 1884 οὐ
2177 1834 2307 1904 παρ’
2352 1833 2641 1904 Ἑϐραίοις,
2672 1836 2747 1897 ὡς
2778 1837 2838 1889 ἐν
2872 1836 2979 1907 τῷ·
3016 1855 3033 1887 ι
3063 1838 3271 1891 Αἰνεῖτε
3311 1838 3402 1893 τὸν
3434 1840 3662 1911 Κύριον,

2078 1922 2159 1975 ὅτι
2208 1922 2412 1991 ἀγαθὸς
2442 1924 2676 1996 ψαλμὸς.
2714 1943 2732 1977 ι
2765 1925 2985 1993 Κύριον
3026 1927 3133 1998 γὰρ
3166 1927 3357 1981 ἐνθάδε
3401 1930 3521 1983 ἀντὶ
3568 1932 3664 1983 τοῦ

2091 2010 2206 2080 Ἰαὴ
2236 2012 2474 2084 εἴρηκεν.
2518 2018 2627 2069 Καὶ
2674 2015 2821 2069 ἔστιν
2865 2018 2897 2086 ἡ
2938 2018 3080 2088 ἀρχὴ
3124 2018 3220 2072 τοῦ
3280 2019 3498 2091 ψαλμοῦ
3533 2026 3664 2093 παρ’

2091 2104 2367 2177 Ἑϐραίοις
2396 2105 2770 2178 ιἈλληλούῖα·
2801 2130 2819 2161 ι
2857 2111 2973 2164 ἔστι
3004 2111 3061 2164 δέ
3095 2122 3145 2164 τι
3174 2115 3669 2186 τετραγράμματον

2079 2196 2462 2269 ἁνεκφὼνητον
2492 2200 2619 2267 παρ’
2658 2200 2859 2267 αὐτοῖς,
2893 2202 3031 2274 ὅπερ
3060 2204 3154 2256 καὶ
3184 2205 3275 2257 ἐπὶ
3307 2205 3400 2258 τοῦ
3432 2208 3667 2262 πετάλου

2078 2288 2175 2342 τοῦ
2204 2288 2408 2359 χρυσοῦ
2443 2289 2537 2342 τοῦ
2577 2291 2881 2362 ἀρχιερέως
2916 2294 3349 2366 ἀναγέγραπται,
3386 2299 3479 2351 καὶ
3508 2299 3665 2368 λέγε-

2077 2397 2168 2433 ται
2204 2380 2299 2450 μὲν
2330 2383 2397 2452 τῇ
2438 2399 2456 2431 ι
2478 2381 2706 2435 Ἀδωναῒ
2735 2401 2751 2432 ι
2789 2384 3154 2455 προσηγορίᾳ,
3190 2386 3310 2457 οὐχὶ
3342 2386 3532 2440 τούτου
3570 2407 3663 2457 γε-

2080 2471 2398 2541 γραμμένου
2440 2472 2500 2523 ἐν
2534 2471 2611 2541 τῷ
2638 2474 3114 2545 τετραγραμμάτῳ
3134 2490 3148 2503 °
3178 2475 3326 2547 παρὰ
3350 2474 3407 2529 δὲ
3442 2475 3668 2547 Ἕλλησι

2079 2560 2149 2627 τῇ
2186 2576 2203 2607 ι
2230 2558 2433 2629 Κύριος
2465 2579 2481 2610 ι
2518 2562 2865 2628 ἐκφωνεῖται.
2901 2564 3009 2615 Καὶ
3033 2566 3089 2616 ὲν
3113 2568 3225 2629 τοῖς
3258 2566 3668 2640 ἀκριϐεστέροις

2081 2648 2137 2701 δὲ
2184 2648 2291 2701 τῶν
2336 2651 2684 2722 ἀντιγράφων
2722 2652 2995 2724 Ἑϐραίοις
3025 2658 3368 2729 χαρακτῆρσι
3400 2662 3573 2712 κεῖται
3604 2660 3666 2713 τὺ

2081 2740 2251 2810 ὄνομα
2272 2782 2286 2805 ,
2330 2743 2637 2813 Ἑϐραϊκοῖς
2660 2744 2715 2796 δὲ
2746 2747 2806 2798 οὑ
2838 2749 2949 2810 τοῖς
2982 2747 3099 2811 νῦν,
3138 2747 3277 2802 ἀλλὰ
3305 2753 3414 2813 τοῖς
3443 2752 3667 2822 ἀρχαιο-

2082 2833 2283 2897 τάτοις.
2317 2832 2455 2887 Φασὶ
2489 2835 2596 2906 γὰρ
2628 2837 2718 2890 τὸν
2745 2837 2980 2906 Ἕσδραν
3004 2841 3064 2891 ὲν
3091 2843 3157 2911 τῇ
3188 2841 3531 2913 αἰχμαλωσίᾳ
3552 2844 3669 2896 ἑτέ-

2085 2939 2212 2993 ρους
2246 2925 2427 2989 αὐτοῖς
2449 2928 2804 2999 χαρακτῆρας
2836 2930 2986 3001 παρὰ
3014 2933 3139 2995 τοὺς
3164 2935 3462 3005 προτέρους
3490 2948 3670 3007 παρα-

2082 3013 2390 3069 δεδωκέναι.
2421 3018 2638 3071 Ἰόύτων
2667 3020 2723 3072 δὲ
2758 3021 3207 3094 ὑπεμνήσθημεν,
3230 3028 3352 3079 ἐπεὶ
3382 3022 3443 3079 τὸ
3474 3044 3671 3098 τετραο

2083 3108 2410 3178 γράμςιατον
2431 3110 2508 3173 ὡς
2538 3132 2555 3160 ι
2582 3111 2788 3183 Κύριος
2816 3133 2833 3165 ι
2860 3118 3035 3168 κεῖται
3064 3115 3123 3170 ὲν
3157 3118 3234 3188 τῷ
3256 3136 3269 3151 ο
3306 3137 3324 3169 ι
3368 3118 3509 3173 Ἀλλ’
3539 3118 3570 3191 ἢ
3610 3123 3667 3174 ἐν

2078 3198 2228 3268 νόμῳ
2249 3199 2474 3271 Κυρίου·
2490 3219 2508 3251 ι
2532 3202 2625 3254 καὶ
2650 3203 2707 3255 ἐν
2732 3203 2861 3273 τῷσι
2877 3203 2999 3259 Ὅτι
3030 3207 3286 3275 γινώσκει
3323 3209 3525 3281 Κύριος
3551 3210 3668 3266 ὁδὸν

2078 3291 2355 3345 δικαίων»
2390 3293 2486 3345 καὶ
2520 3293 2635 3347 νῦν·
2676 3314 2693 3345 ι
2719 3295 2874 3349 Κατὰ
2907 3297 2999 3350 τοῦ
3031 3300 3237 3371 Κυρίου
3270 3302 3363 3354 καὶ
3402 3302 3541 3356 κατὰ
3573 3301 3671 3356 τοῦ

2079 3380 2316 3450 Χριστοῦ
2344 3382 2529 3435 αὐτοῦ.
2564 3401 2583 3433 ι
2620 3382 2791 3436 Τοῦτο
2814 3382 2869 3436 δὲ
2899 3388 3338 3457 παρατηρητέον,
3372 3391 3455 3442 ὅτι
3484 3392 3532 3443 oi
3571 3390 3671 3460 μὲν

2092 3471 2495 3544 Ἕϐδομήκοντα
2524 3474 2616 3526 καὶ
2642 3476 2668 3526 ὁ
2693 3472 2983 3528 Θεοδοτίων
3006 3476 3184 3529 πάντα
3209 3479 3287 3540 είς
3308 3479 3398 3531 τὸν
3430 3482 3674 3551 παρελη-

2080 3565 2279 3619 λυθότα
2309 3567 2519 3635 χρόνον,
2566 3566 2795 3629 Ἀκύλας
2826 3562 2881 3617 δὲ
2925 3566 2962 3620 ἃ
2999 3567 3099 3636 μὲν
3128 3569 3206 3630 είς
3239 3569 3330 3621 τὸν
3364 3571 3672 3640 παρεληλυ-

2082 3660 2232 3723 Οότα,
2268 3660 2304 3713 ἃ
2331 3661 2387 3712 δὲ
2425 3660 2504 3722 είς
2529 3660 2619 3712 τὸν
2660 3659 2940 3729 μέλλοντα,
2968 3660 3262 3731 Σύμμαχος
3295 3662 3352 3714 δὲ
3392 3662 3566 3715 πάντα
3591 3666 3671 3727 είς

2082 3757 2173 3808 τὸν
2194 3754 2523 3825 ἐνεστηκότα
2544 3753 2759 3820 ἔταξαν.
2784 3754 2943 3818 Ἔθος
2974 3754 3083 3826 γὰρ
3114 3758 3225 3818 τοῖς
3270 3752 3672 3829 Ἑϐδομήκοντα

2084 3844 2345 3908 πολλάκις
2377 3844 2477 3908 τὰς
2517 3846 2645 3916 περὶ
2681 3846 2918 3918 Χριστοῦ
2956 3848 3294 3919 προφητείας
3322 3850 3398 3913 ὡς
3431 3850 3530 3921 ήδη
3579 3867 3675 3919 γε-

2083 3930 2313 4000 νομένας
2338 3929 2699 3999 ἀπαγγέλλειν
2721 3947 2733 3960 ο
2763 3929 3014 4001 καθάπερ
3043 3933 3101 3983 ὲν
3120 3931 3199 4002 τῷ
3219 3948 3233 3963 ο
3271 3950 3290 3983 ι
3315 3934 3562 3987 ’Έδωκαν
3592 3938 3675 3998 είς

2083 4024 2145 4077 τὸ
2178 4022 2375 4094 βρῶμά
2401 4041 2502 4093 μου
2526 4023 2708 4093 χολὴν,
2734 4023 2827 4075 καὶ
2852 4025 2931 4086 εἰς
2960 4024 3058 4094 τὴν
3084 4023 3243 4093 δίψαν
3280 4041 3380 4095 μου
3414 4026 3673 4080 ὲπότισάν

2089 4134 2158 4187 με
2189 4116 2342 4181 ὅξος·
2386 4116 2765 4186 διεμερίσαντο
2812 4115 2881 4169 τὰ
2926 4115 3123 4187 ίμάτιά
3158 4134 3258 4187 μου
3298 4119 3544 4185 ὲαυτοῖς,
3578 4119 3676 4173 καὶ

2087 4210 2180 4263 ἐπὶ
2206 4209 2298 4262 τὸν
2318 4208 2611 4279 ἱματισμόν
2644 4225 2744 4279 μου
2778 4206 3378 4282 ἕϐαλονκλῆρον.›1(αί’
3406 4212 3579 4275 ιΛαὸς
3613 4211 3675 4264 ὃν

404 4326 423 4357 ι
453 4307 687 4376 Populus
719 4320 880 4375 quem
905 4320 1006 4360 non
1039 4305 1289 4374 cegnovi.
1312 4304 1540 4359 servivit
1570 4302 1729 4368 mihi,
1750 4303 1801 4356 in
1828 4301 1975 4355 audi«

2085 4301 2187 4353 οὐκ
2220 4299 2412 4369 ἔγνων,
2439 4296 2718 4352 ὲδού).ευσέ
2751 4314 2863 4369 μοι,
2906 4300 2986 4363 είς
3008 4301 3176 4371 ἀκοὴν
3208 4300 3368 4354 ὠτίου
3396 4300 3673 4373 ὑπήκουσέ

400 4411 457 4454 ιιι
505 4402 653 4455 auris
694 4400 934 4455 obedivit
982 4398 1139 4453 mihi.
1173 4418 1191 4448 ο
1244 4399 1597 4454 Arbitramur
1650 4406 1834 4453 autem
1888 4406 1975 4453 eos

2091 4409 2202 4464 μοι.
2238 4412 2256 4444 ›
2294 4390 2535 4462 Οἰόμεθα
2567 4391 2624 4443 δὲ
2660 4390 2877 4455 αὐτοὺς,
2918 4391 2996 4463 τῷ
3046 4392 3139 4446 τὸν
3192 4391 3327 4446 Θεὸν
3374 4394 3571 4447 εἰδέναι
3605 4394 3675 4448 τὰ

400 4494 524 4564 quia
559 4496 703 4549 Deus
752 4496 903 4549 novit
948 4494 1135 4549 omnia
1178 4504 1471 4563 antequam
1506 4492 1641 4547 {iam
1664 4532 1679 4557 ,
1716 4493 1836 4547 ideo
1865 4504 1975 4561 qua

2091 4485 2269 4539 πάντα
2302 4483 2431 4556 πρὶν
2461 4481 2729 4553 γενέσεως
2755 4483 2956 4546 αὐτῶν,
2983 4482 3077 4535 καὶ
3111 4481 3201 4535 τὸν
3230 4484 3462 4555 Χριστὸν
3483 4482 3674 4547 αὑτοῦ,

401 4587 468 4641 ad
497 4588 774 4642 Christum
810 4588 1088 4655 pertinent
1117 4596 1174 4640 et
1212 4600 1333 4655 qua:
1362 4585 1414 4638 in
1448 4585 1825 4639 incarnatione
1865 4582 1982 4650 ejus

402 4679 582 4733 futura
616 4688 807 4745 erant,
842 4679 1025 4733 dicere
1052 4717 1068 4744 ,
1100 4678 1243 4747 quod
1274 4685 1666 4747 reputarentur
1695 4676 1805 4745 jam
1839 4675 1984 4728 acci-

405 4771 548 4825 disse
579 4772 626 4824 ei
659 4771 749 4840 qui
777 4772 890 4825 hate
916 4772 997 4824 vel
1030 4771 1115 4826 illa
1149 4783 1410 4839 passurus
1438 4777 1579 4823 terat.
1620 4767 1795 4822 Simili
1826 4768 1985 4822 modo

402 4873 452 4915 et
483 4859 718 4931 Spiritus
755 4870 1001 4927 sanctus,
1034 4864 1077 4917 si
1113 4861 1241 4930 quid
1285 4860 1352 4914 de
1396 4859 1488 4912 illo
1534 4860 1857 4927 pronuntiat
1885 4899 1897 4919 ,
1933 4858 1982 4912 id

404 4962 661 5020 tanquam
688 4952 740 5006 in
765 4953 1019 5020 praesenti
1055 4950 1235 5005 effert.
1268 4949 1383 5003 Non
1415 4949 1519 5003 hoe
1538 4955 1723 5002 autem
1751 4948 1984 5003 dirimus

406 5043 560 5109 quasi
607 5055 874 5108 nusquam
905 5041 957 5094 lu
986 5040 1170 5095 futuro
1192 5050 1433 5109 tempore
1458 5038 1843 5108 exprimantur
1866 5051 1987 5107 qum

407 5134 473 5186 de
498 5146 562 5186 eo
585 5134 973 5201 prmdieu’ntur.
1012 5152 1035 5184 ι
1060 5128 1201 5188 Ecce
1227 5150 1245 5182 ι
1274 5131 1445 5197 enim,
1478 5130 1658 5200 inquit
1677 5129 1743 5197 ⁸ο,
1773 5150 1796 5181 ι
1829 5130 1988 5184 intel-

408 5222 536 5291 liget
560 5237 699 5292 puer
726 5237 915 5288 meus,
965 5233 1019 5276 et
1068 5222 1465 5290 gloriﬂeabitur
1492 5262 1505 5285 ,
1552 5228 1610 5275 et
1653 5218 1987 5275 exaltabitur

408 5314 584 5375 valde,
613 5333 633 5365 ι
666 5324 771 5369 etc.

485 5406 645 5462 Vsus.
677 5407 731 5463 5.
756 5407 1129 5477 Dirumpamus
1165 5406 1375 5461 vincula
1405 5421 1608 5471 eorum,
1645 5419 1751 5462 etc.
1791 5406 1991 5461 Viden-

410 5508 497 5551 tur
530 5502 660 5555 nihi
705 5500 903 5571 angeli,
941 5499 1031 5569 qui
1071 5513 1175 5553 una
1211 5514 1333 5553 cum
1372 5498 1656 5553 Salvatore
1692 5499 1991 5555 descende-

482 5636 526 5667 ³³
556 5634 698 5689 I’Sal.
728 5650 906 5699 CXLVI,
945 5633 994 5687 1.

2092 4579 2184 4634 καὶ
2215 4578 2284 4631 τὰ
2321 4581 2377 4631 ἐν
2410 4581 2475 4649 τῇ
2507 4578 2917 4649 ὲνανορωπήσει
2950 4576 3339 4648 συμϐησόμενα
3370 4576 3555 4648 αὐτῷ,
3588 4579 3675 4632 λέ-

2091 4689 2230 4741 γειν,
2264 4671 2343 4743 τῷ
2371 4670 2678 4739 λελογίσθαι
2713 4668 2851 4722 αὐτὰ
2879 4669 2978 4741 ῆδη
3013 4669 3294 4737 γεγονέναι
3322 4669 3398 4740 τῷ
3422 4670 3547 4724 τάδε
3579 4670 3678 4724 καὶ

2091 4765 2217 4819 τάδε
2275 4763 2584 4817 πεπονθότι.
2635 4762 2866 4833 Ὁμοίως
2905 4761 2964 4813 δὲ
3010 4762 3105 4814 καὶ
3160 4760 3209 4813 εί
3253 4762 3314 4815 τὸ
3362 4762 3587 4834 Πνεῦμα
3615 4763 3679 4816 τὸ

2094 4859 2246 4927 ἅγιον
2263 4858 2333 4911 τὰ
2352 4874 2419 4910 πε
2429 4858 2480 4929 pl.
2503 4855 2667 4909 αὐτοῦ
2682 4857 2942 4926 διηγοῖτο,
2974 4853 3163 4927 ὥσπερ
3180 4856 3272 4908 ἐπὶ
3295 4855 3388 4908 τοῦ
3414 4858 3679 4928 παρόντος

2091 4949 2223 5020 ἔχει.
2259 4951 2334 5002 Od
2367 4948 2526 5001 τοῦτο
2575 4948 2632 5000 δέ
2682 4963 2868 5018 φαμεν
2896 4948 2977 5010 ὡς
3006 4946 3265 5000 οὐδέποτε
3305 4949 3385 5011 είς
3414 4944 3678 5018 μέλλοντα

2090 5046 2282 5115 χρόνον
2329 5041 2721 5111 ἐκκλινομένων
2754 5040 2859 5094 τῶν
2894 5041 3383 5111 προφητευομένων
3413 5037 3521 5093 τῶν
3549 5041 3679 5111 περὶ

2093 5134 2291 5187 αὑτοῦ·
2328 5153 2353 5185 -ι
2390 5132 2559 5185 Ἰδοὺ»
2593 5148 2733 5204 γαρ,
2785 5133 2939 5203 φησὶ,
2982 5150 3005 5183 ι
3030 5134 3251 5201 συνήσει
3284 5134 3314 5185 ὁ
3360 5136 3488 5193 παῖς
3532 5150 3633 5202 μου
3664 5171 3678 5194 ,

2096 5229 2191 5281 καὶ
2226 5225 2631 5298 δοξασθήσεται,
2668 5226 2760 5279 καὶ
2793 5224 3136 5295 ὑψωθήσεται
3169 5224 3394 5296 σφόδρα,
3428 5243 3449 5276 ι
3478 5226 3573 5278 καὶ
3609 5223 3678 5276 τὰ

2102 5318 2251 5389 ἑξῆς.

2168 5405 2584 5477 Διαῤῥήξωμεν
2612 5407 2754 5473 τοὺς
2778 5405 3042 5473 δεσμοὺς
3056 5403 3279 5469 αὐτῶν,
3308 5419 3361 5459 κ.
3378 5422 3432 5459 τ.
3451 5406 3495 5458 ὲ.
3518 5407 3680 5458 Δοκεῖ

2102 5518 2191 5570 μοι
2241 5498 2352 5571 (72)
2399 5499 2525 5563 τοὺς
2578 5498 3029 5568 συγκαταὸἀντας
3061 5495 3139 5567 τῷ
3172 5496 3385 5571 Σωτῆρι
3415 5496 3680 5565 ἀγγέλους

1076 5634 1119 5665 ³⁶
1150 5632 1292 5687 Psal.
1320 5649 1359 5700 ι,
1392 5632 1445 5687 6.
1524 5632 1567 5664 ³⁷
1597 5631 1975 5702 Psal.t.xrm,‘

2141 5636 2188 5668 ³⁸
2220 5634 2366 5689 Psal.
2400 5650 2510 5701 xxi,
2539 5633 2625 5690 19.
2706 5635 2749 5668 ³⁹
2774 5633 2917 5689 Psal.
2945 5647 3075 5696 xvu,
3096 5632 3187 5688 '45.
3266 5632 3310 5665 ‘°
3334 5632 3440 5688 isa.
3468 5646 3564 5701 ιιι,
3590 5631 3679 5689 15.

490 5775 600 5845 (ἶὲ)
631 5774 796 5827 Δοκεῖ
813 5791 935 5844 μοι,
961 5783 1068 5829 etc.
1118 5772 1159 5825 E
1191 5773 1407 5830 sclmdis
1439 5772 1622 5827 Grabii
1672 5783 1720 5826 ct
1774 5772 1959 5828 codice
1991 5771 2344 5829 Coisliniauo.
