4124 6430
457 460 593 516 H05

1444 452 1752 509 SELECTA
1793 452 1858 508 IN
1900 451 2246 507 PSALMOS.
2283 480 2353 489 —-
2384 447 2577 503 PSAL.
2624 446 2686 501 ll.

3581 442 3719 499 “DG

454 581 896 651 ἀγανακτοῦντας
947 580 1041 633 ἐπὶ
1088 582 1153 651 τῇ
1209 579 1329 635 κατ’
1373 580 1541 635 αὐτοῦ
1570 578 1828 649 ἐπιϐουλῇ
1880 578 2032 647 βασι-

2143 584 2293 639 rant,
2336 571 2726 640 inilignalmndi
2764 571 2833 624 ob
2861 568 3214 624 invisibilinm
3251 584 3437 637 regum
3470 582 3532 621 ar.
3574 571 3721 637 priu-

455 674 592 725 λέων
615 675 707 726 καὶ
731 674 1009 744 ἀρχόντων
1046 672 1154 725 τῶν
1191 671 1441 743 ἀοράτων
1467 671 1744 743 εἰρηκέναι
1771 671 1895 733 τοὺς
1916 670 2037 721 τέσ-

456 779 631 831 σαρας
673 761 918 834 πρώτους
964 762 1213 832 στίχους,
1258 764 1373 832 ἅμα
1414 762 1505 817 καὶ
1543 761 1951 833 ἐπαποροῦντπς
1984 761 2035 813 τί

450 853 650 922 δήποτε
700 852 875 907 ταῦτα
917 852 1145 920 γίνεται.
1188 848 1297 905 Εἶτ’
1335 851 1565 921 ἐπείπερ
1600 850 1754 902 αὐτοὶ
1795 846 1935 920 ἦσαν
1987 852 2035 902 οἱ

452 944 578 1005 τοὺς
608 944 928 1013 ἀνθρώπους
958 944 1240 1013 δήσαντες,
1279 945 1373 998 καὶ
1400 942 1491 995 τὸν
1523 942 1729 999 ἑαυτῶν
1758 942 2036 1009 ἐπιθέντες

453 1031 636 1093 αὐτοῖς
662 1029 844 1097 ζυγὸν,
875 1032 1230 1101 ἀποκρίνεται
1261 1031 1398 1099 πρὸς
1426 1031 1551 1094 τοὺς
1582 1030 1887 1099 ἀγγέλουςὸ
1915 1031 2035 1095 Υἱὸς

452 1122 546 1173 τοῦ
572 1121 730 1187 Θεοῦ,
758 1124 1081 1194 προτρέπων
1114 1124 1310 1186 αὐτοὺς
1350 1124 1443 1176 ἐπὶ
1470 1123 1529 1175 τὸ
1562 1121 1904 1195 μιμήσασθαι
1934 1125 2033 1177 αύμ-

450 1214 542 1266 τὸν
600 1215 872 1285 ῥηγνύντα
920 1218 1047 1279 τοὺς
1088 1217 1321 1287 δεσμοὺς
1367 1215 1477 1271 τῶν
1523 1214 1885 1286 ἁμαρτωλῶν,
1940 1216 2034 1268 καὶ

450 1305 896 1375 ἀπορριπτοῦντα
928 1306 1020 1359 τὸν
1054 1304 1218 1374 ζυγὸν
1257 1306 1455 1361 αὐτῶν.
1500 1305 1891 1377 Διαρρὴξωμεν
1941 1307 2035 1360 καὶ

452 1395 611 1463 ἡμεῖς
639 1396 763 1459 τοὺς
792 1396 1023 1467 δεσμοὺς
1061 1392 1142 1459 οἷς
1179 1397 1438 1468 ὲδὲθημεν
1477 1398 1881 1467 ἁμαρτάνοντες
1905 1438 1918 1462 ,
1952 1398 2032 1449 ὅτι

452 1487 659 1555 σειραῖς
686 1485 793 1537 τῶν
826 1486 1017 1539 ἑαυτοῦ
1044 1486 1326 1558 ἁμαρτιῶν
1342 1487 1570 1551 ἕκαστος
1595 1487 1903 1556 σφίγγεται.
1926 1489 2037 1541 Καὶ

449 1574 592 1645 τάχα
623 1580 870 1649 κρεῖττον
898 1579 958 1630 τὸ
992 1578 1281 1651 διαρρῆξαι
1310 1580 1435 1642 τοὺς
1468 1579 1700 1650 δεσμοὺς
1724 1620 1739 1643 ,
1774 1580 1850 1643 ὼς
1884 1579 2032 1650 Σαμ-

448 1664 587 1733 ψὼν,
620 1666 715 1720 τοῦ
745 1667 904 1724 λῦσαι
936 1670 1156 1733 αὐτοὺς,
1187 1670 1262 1733 ὼς
1295 1671 1511 1724 λέλυται
1541 1670 1642 1741 τῆς
1678 1672 2033 1743 Ἰερουσαλὴμ

448 1759 479 1826 ἡ
515 1758 790 1831 ἁμαρτία·
822 1761 904 1817 ὅτι
934 1759 1149 1826 ἐδέξατο
1192 1765 1255 1816 ἐκ
1288 1764 1469 1834 χειρὸς
1515 1764 1721 1835 Κυρίου
1769 1763 1933 1818 διπλᾶ
1967 1764 2032 1817 τὰ

445 1850 821 1922 ἁμαρτήματα
850 1853 1041 1923 αὐτῆς.
1080 1853 1139 1905 Ὀ
1167 1853 1223 1906 δὲ
1253 1853 1562 1923 ἀπορρίψας
1594 1855 1686 1925 ἀφ’
1716 1855 1911 1909 ἑαυτοῦ
1939 1855 2029 1909 τὸν

446 1938 844 2007 προειρημένον
876 1939 1043 2008 ζυγὸν
1087 1940 1307 1996 δύναται
1362 1942 1598 2013 χρηστὸν
1649 1944 1822 2012 Ἰησοῦ
1870 1945 2031 2016 ζυγὸν
2064 1924 2119 1979 θ’

445 2020 595 2094 ἆραι,
628 2029 723 2081 καὶ
757 2029 944 2101 φέρειν
976 2031 1036 2084 τὸ
1069 2032 1303 2105 ἐλαφρὸν
1332 2034 1498 2088 αὑτοῦ
1533 2036 1774 2106 φορτίον,
1812 2039 1903 2091 καὶ
1939 2056 2031 2106 γε-

445 2115 632 2169 νέσθαι
664 2117 955 2186 ὑποζύγιον
984 2118 1151 2173 αύτοῦ
1170 2137 1181 2149 ·
1214 2121 1307 2177 καὶ
1338 2120 1559 2175 λύσουσι
1587 2121 1679 2175 τὸν
1715 2122 1911 2194 δεσμὸν
1937 2124 2033 2177 αύ-

444 2204 539 2258 τοῦ
564 2208 612 2259 oi
640 2207 899 2279 μαθηταί.

523 2299 661 2353 Τότε
694 2301 956 2369 λαλήσει
991 2302 1141 2371 πρὸς
1169 2304 1393 2371 αὐτοὺς
1423 2305 1494 2359 ἐν
1519 2304 1668 2375 ὀργῇ
1699 2306 1907 2373 αὐτοῦ,
1932 2306 2035 2361 καὶ

441 2389 514 2441 ἐν
562 2388 643 2454 τῷ
683 2391 848 2459 θυμῷ
883 2392 1071 2447 αὐτοῦ
1116 2394 1359 2462 ταράξει
1411 2398 1657 2463 αὐτούς,
1702 2415 1756 2450 κ.
1786 2415 1836 2451 τ.
1872 2398 1919 2449 ὲ.
1968 2400 2043 2451 0i-

444 2478 591 2547 λόγοι
630 2480 739 2533 τῶν
769 2482 1011 2538 ἀπειλῶν
1046 2484 1180 2555 (75),
1207 2486 1354 2556 λόγοι
1399 2488 1536 2541 εἰσιν
1566 2489 1624 2540 ὲν
1662 2489 1800 2559 ὀργῇ
1848 2491 2029 2558 ἀπαγ-

442 2570 778 2641 γελλόμενοι.
826 2574 1194 2644 ’Υπισχνεῖται
1224 2577 1279 2631 δὲ
1313 2579 1341 2630 6
1365 2578 1497 2642 Θεὸς
1531 2582 1883 2649 μετανοήσειν
1923 2582 2031 2635 ἀπὸ

442 2660 550 2715 τῶν
582 2662 768 2716 κακῶν
798 2658 873 2717 ὧν
902 2664 1053 2718 λαλεῖ
1079 2666 1173 2719 τοῦ
1204 2668 1460 2737 ποιῆσαι,
1493 2670 1589 2725 ἐὰν
1626 2672 2032 2742 μετανοήσωσιν

442 2754 491 2804 oi
523 2755 831 2819 ἀκούοντες.
873 2756 1133 2829 Ἐλάλησε
1161 2759 1216 2811 δὲ
1241 2762 1299 2813 ὲν
1330 2761 1468 2831 ὀργῇ
1492 2761 1655 2814 αὑτοῦ
1686 2762 1772 2815 διὰ
1814 2764 1967 2819 Ἰωνᾶ.
2002 2766 2031 2817 ὁ

441 2846 575 2907 θεὸς
611 2850 725 2910 τοῖς
764 2849 1098 2913 Νινευΐταις·
1125 2852 1218 2904 καὶ
1246 2853 1368 2907 ἐπεὶ
1399 2854 1459 2905 ἐν
1496 2853 1683 2923 σάκκῳ
1712 2855 1804 2906 καὶ¹
1846 2854 2031 2925 σποδῴ

445 2938 809 3008 μετενόησαν,
859 2940 1012 2993 οὐδὲν
1052 2942 1384 2995 πεπόνθασιν
1425 2937 1500 2999 ὧν
1548 2945 1837 3014 ἀκηκόασι.
1888 2947 2030 3016 Προ-

440 3026 707 3093 εγίνωσκέ
730 3045 790 3080 τε
820 3030 848 3081 ὁ
877 3030 1029 3093 Θεὸς,
1060 3031 1297 3101 πέμπων
1340 3034 1433 3087 τὸν
1475 3035 1678 3100 Ἰωνᾶν,
1704 3036 1801 3106 τὴν
1830 3037 2025 3107 ἐσομέ,

441 3130 538 3182 νην
584 3115 903 3183 μετάνοιαν·
937 3119 1030 3171 ἐπὶ
1064 3121 1311 3192 σωτηρίᾳ
1346 3123 1588 3191 δηλονότι
1615 3125 1777 3179 αὐτὸν
1813 3126 2028 3196 ἔπεμπε

440 3202 532 3256 τὸν
576 3205 783 3261 ἰωνᾶν.
822 3208 975 3278 Τάχα
1000 3210 1057 3262 δὲ
1082 3212 1175 3266 καὶ
1202 3211 1387 3266 ἐνθάδε
1412 3214 1504 3265 ἐπὶ
1536 3216 1781 3288 σωτηρίᾳ
1806 3217 2027 3287 λαλήσει

442 3296 579 3365 πρὸς
611 3298 809 3363 αὐτοὺς
838 3303 964 3365 τοὺς
993 3303 1427 3375 ἁμαρτάνοντας,
1469 3308 1527 3359 ὲν
1565 3306 1701 3379 ὀργῇ
1735 3308 1921 3366 αὑτοῦ.
1950 3310 2025 3363 Ού

440 3387 548 3460 γὰρ
596 3385 715 3443 εἷπε
741 3408 754 3423 ·
798 3393 1035 3447 Κολάσει
1071 3396 1267 3459 αὐτοὺς
1307 3397 1363 3450 ἐν
1397 3397 1533 3468 ὀργῇ
1575 3398 1740 3453 αὐτοῦ
1790 3402 1884 3455 καὶ
1923 3404 2030 3474 μὴν

443 3484 904 3555 μετανοήσαντας.

517 3574 627 3629 Τοῦ
679 3577 889 3633 αὐτοῦ.
933 3578 1189 3649 Διαφέρει
1233 3578 1291 3632 δὲ
1332 3578 1505 3650 θυμὸς
1552 3581 1725 3652 ὀργῆς
1758 3584 1867 3656 (74)
1900 3625 1915 3651 ,
1954 3587 2039 3651 ὥς

439 3680 570 3732 φασι
610 3665 706 3719 καὶ
738 3668 788 3719 οἱ
821 3667 949 3737 περὶ
984 3667 1053 3721 τὰ
1090 3668 1328 3738 ὀνόματα
1377 3669 1560 3735 δεινοὶ,
1609 3672 1687 3742 τῷ
1720 3672 1892 3744 θυμὸν
1932 3676 2031 3746 μὲν

438 3750 579 3808 εἶναι
624 3755 795 3826 ὀργὴν
844 3757 1306 3831 ἀναθυμιωμένην
1356 3762 1453 3814 καὶ
1505 3761 1584 3815 ἔτι
1627 3764 2028 3837 ἐκκαιομένην,

437 3845 609 3917 ὀργὴν
643 3845 699 3898 δὲ
727 3846 908 3917 ὄρεξιν
937 3848 1435 3920 άντιτιμωρὴσεως.
1494 3853 1668 3905 Οίονεὶ
1716 3850 1808 3907 οὖν
1847 3855 2031 3909 ἀτελέ-

440 3949 631 4003 στερος
682 3934 782 4005 τῆς
826 3936 1175 4006 ὀργῆςνὲστιν
1211 3938 1239 3990 6
1283 3939 1475 4010 θυμὸς,
1518 3942 1611 3994 καὶ
1653 3943 1753 4014 ἤδη
1796 3944 1933 4015 πρὸς
1968 3947 2030 3999 τὸ

438 4022 869 4095 ἀποτέλεσμάμτι
908 4027 1058 4082 ἐστὶν
1082 4031 1115 4099 ἡ
1139 4030 1298 4102 ὀργή.
1344 4031 1662 4084 Ἀκουστέον
1690 4032 1747 4084 δὲ
1792 4034 1890 4107 τῆς
1931 4037 2027 4089 ἀν-

439 4121 855 4190 τιτιμωρήσεως
885 4119 981 4175 νῦν
1000 4122 1077 4185 ὡς
1098 4123 1233 4195 πρὸς
1254 4122 1351 4194 τὴν
1380 4125 1657 4197 ἡμετέραν
1690 4128 1886 4198 χρῆσιν
1906 4129 2029 4185 ἀντὶ

438 4209 538 4281 τῆς
572 4211 846 4278 κολάσεως
888 4214 986 4284 τῆς
1027 4215 1120 4268 ἐπὶ
1163 4218 1278 4279 τοίς
1316 4217 1745 4289 ἡμαρτημένοις,
1782 4220 1877 4271 xui.
1925 4221 2027 4291 τῆς

438 4304 671 4376 ὀρέξεως
701 4306 819 4360 ἀντὶ
852 4306 950 4377 τῆς
981 4306 1271 4379 θελήσεως.
1310 4310 1432 4362 Ὅτι
1464 4310 1710 4382 μέντοιγε
1754 4312 1847 4365 καὶ
1883 4312 2026 4364 κατὰ

439 4396 539 4468 τὴν
562 4396 712 4450 θείαν
740 4398 961 4469 Γραφὴν
988 4398 1208 4453 ἔλαττόν
1233 4401 1284 4454 τί
1300 4402 1448 4454 ἐστιν
1470 4402 1501 4453 6
1522 4401 1694 4472 θυμὸς
1713 4403 1812 4476 τῆς
1832 4404 2025 4477 ὀργῆς,

438 4489 597 4561 δῆλον
632 4492 697 4544 ὲκ
731 4490 824 4543 τοῦ
865 4490 1120 4561 λέγεσθαι
1156 4491 1376 4564 ἔλεγχον
1411 4493 1509 4565 μὲν
1545 4493 1703 4567 θυμῷ
1737 4496 1984 4566 γίνεσθαι
2009 4539 2044 4566 ,.

441 4580 723 4637 παίδευσιν
766 4581 823 4634 δὲ
864 4582 1023 4654 ὀργῇ.
1080 4602 1097 4636 ι
1120 4582 1292 4656 Κύριε
1318 4602 1335 4635 ι
1374 4583 1483 4655 γὰρ
1506 4625 1520 4649 ,
1566 4587 1733 4657 φησὶ,
1789 4606 1807 4641 ι
1841 4588 1916 4661 μὴ
1949 4590 2028 4662 τῷ
2058 4614 2103 4671 D

441 4672 598 4743 θυμῷ
623 4690 717 4731 σου
756 4672 980 4745 ἐλέγξῃς
1008 4691 1098 4744 με,
1138 4673 1271 4745 μηδὲ
1318 4678 1384 4745 τῇ
1418 4677 1554 4747 ὀργῇ
1599 4694 1692 4733 σου
1728 4679 2031 4754 παιδεύσῃς

442 4782 531 4836 με.
564 4785 582 4819 ι
614 4764 924 4835 Ἑλὲγχεται
951 4765 1008 4817 δὲ
1031 4767 1059 4818 ὁ
1082 4763 1162 4817 ἔτι
1193 4763 1386 4818 ἐλπίδα
1422 4764 1562 4835 ἔχων
1593 4765 1892 4838 θεραπείας
1925 4770 2027 4841 τῆς

440 4858 604 4927 χωρὶς
636 4855 885 4925 βασάνων
915 4854 1005 4908 διὰ
1036 4854 1196 4924 λόγου
1228 4855 1641 4927 καθαπτομένου
1664 4874 1677 4886 ’
1710 4860 1738 4911 6
1768 4857 1824 4911 δὲ
1862 4858 2027 4930 μηδὲν

438 4950 533 5003 ἀπ’
573 4948 797 5018 ἐλέγχου
842 4948 1146 5019 ὠφεληθεὶς
1189 4948 1381 5019 χρῄζει
1426 4949 1761 5012 παιδεύσεως
1803 4952 1902 5021 τῆς
1939 4951 2027 5004 διὰ

442 5042 719 5111 μαστίγων
773 5039 866 5095 καὶ
906 5039 1142 5111 ῥάϐδων.
1192 5042 1350 5096 Πᾶσα
1383 5040 1490 5111 γὰρ
1531 5041 1744 5098 παιδεία
1784 5042 1919 5114 πρὸς
1962 5042 2023 5094 τὸ

442 5133 614 5203 παρὸν
648 5133 710 5185 οὐ
738 5131 884 5187 δοκεί
909 5132 1082 5201 χαρᾶς
1116 5127 1271 5195 εἶναι,
1312 5131 1449 5185 ἀλλὰ
1480 5131 1676 5203 λύπης·
1712 5132 1935 5203 ὕστερον
1962 5132 2019 5185 δὲ

440 5226 651 5295 καρπὸν
677 5224 950 5295 εἰρηνικὸν
974 5226 1087 5287 τοῖς
1117 5224 1183 5277 δι’
1206 5225 1373 5295 αὐτῆς
1392 5226 1863 5296 γεγυμνασμένοις
1886 5225 2021 5277 ἀπο-

439 5315 620 5369 δίδωσι
640 5314 1003 5385 δικαιοσύνης.
1038 5314 1277 5383 Λαλὴσει
1297 5315 1476 5369 τοίνυν
1506 5318 1535 5367 6
1563 5315 1696 5379 Θεὸς
1738 5317 1874 5387 πρὸς
1897 5316 2023 5379 τοὺς

440 5406 830 5478 ἡμαρτηκότας
860 5406 955 5469 οὒς
985 5406 1186 5477 ἐκγελᾷ
1230 5408 1325 5461 καὶ
1363 5408 1685 5481 μυκτηρίζει
1733 5408 1812 5461 ἔτι
1864 5408 2025 5473 ὄντας

442 5500 501 5553 ὲν
523 5500 635 5561 τοῖς
667 5496 1097 5567 παραπτώμασι,
1130 5498 1226 5551 καὶ
1255 5497 1324 5551 δι’
1352 5498 1705 5570 ἀναισθησίαν
1730 5498 1872 5569 μέγα
1896 5516 2029 5570 φρομ-

511 5633 555 5664 ⁸²
585 5633 710 5689 Jou.
739 5648 820 5688 In.
896 5632 942 5664 "
966 5631 1056 5690 Ps.
1090 5646 1163 5699 vt,
1200 5632 1250 5689 l.

512 5746 624 5819 (73)
668 5749 919 5819 Οἱλόποι
949 5750 1066 5805 τῶν
1093 5746 1379 5814 ἀπειλῶν,
1413 5757 1519 5819 etc.
1584 5747 1627 5802 E
1686 5748 1869 5804 codice
1922 5749 2018 5805 Ba-

442 5818 716 5881 roeciano,
751 5818 861 5874 ete
907 5821 1111 5880 Catena
1139 5820 1408 5878 Corderii.
1443 5818 1635 5877 Latine
1677 5828 1898 5877 exstant
1960 5822 2014 5877 iu

441 5890 641 5944 Catena
668 5888 909 5946 Barbari.
1462 5906 1465 5907 '

2141 668 2321 735 cipum
2369 676 2555 719 contra
2590 662 2869 717 Christum
2917 660 3165 724 insidias,
3197 661 3404 729 primos
3430 659 3561 713 istos
3586 676 3720 724 qua-

2142 768 2261 812 tuor
2294 756 2592 811 versiculos
2621 754 3031 825 pronuntiasse,
3066 763 3121 806 et
3150 752 3307 806 simul
3338 750 3718 805 Stlhdnbilztsse

2140 850 2206 903 ad
2234 850 2364 919 quid
2392 849 2491 901 ista
2526 847 2738 900 lierent.
2778 844 2978 898 Deinde
3009 843 3267 913 quoniam
3306 842 3404 910 ipsi
3436 850 3594 895 erant
3624 840 3713 909 qui

2140 940 2387 994 homines
2415 937 2674 1009 Iigabant,
2702 946 2757 991 et
2788 950 2944 990 suum
2972 933 3102 1002 ipsis
3122 933 3307 1000 jugum
3342 932 3712 1002 imponebaut,

2138 1032 2211 1085 ait
2235 1030 2301 1085 ad
2335 1030 2557 1099 angelos
2592 1044 2719 1083 suos
2747 1028 2918 1082 Filius
2949 1026 3066 1091 Dei,
3104 1027 3400 1079 adhortans
3431 1040 3543 1085 eos,
3572 1036 3631 1077 ut
3658 1039 3717 1077 se

2138 1122 2483 1177 imitarentur
2518 1120 2732 1175 vincula
2767 1128 3115 1189 peccatorum
3160 1117 3586 1185 disrumpeutem
3616 1156 3630 1179 ,
3661 1125 3717 1169 et

2132 1214 2317 1283 jugum
2355 1213 2594 1282 ipsorum
2642 1210 3045 1280 projicientem.
3083 1208 3467 1276 Dirumpamus
3514 1215 3567 1261 et
3619 1221 3718 1259 nos

2136 1304 2350 1358 vincula
2378 1341 2392 1365 ,
2436 1304 2634 1371 quibus
2674 1309 2965 1371 peccantes
3012 1299 3159 1370 ligati
3209 1315 3418 1365 Sumus,
3455 1298 3715 1367 quoniam

2138 1394 2358 1449 funibus
2390 1402 2739 1462 peccatorum
2774 1407 2995 1447 suorum
3032 1394 3263 1462 quisque
3304 1392 3714 1457 constringitur.

2140 1488 2204 1541 Et
2246 1487 2384 1541 forte
2416 1495 2639 1556 praestat
2694 1485 2979 1540 confestim
3031 1486 3245 1539 vincula
3284 1485 3623 1551 disrumpere
3658 1492 3715 1536 ut.

2137 1577 2387 1637 Samson,
2419 1591 2580 1645 quam
2612 1575 2931 1638 dissolvere,
2964 1574 3101 1627 sicut
3150 1583 3430 1647 peceatum
3464 1571 3719 1625 Hieroso-

2136 1669 2292 1739 lyma:
2321 1667 2555 1723 solutum
2590 1666 2728 1732 fuit;
2764 1666 3019 1736 quoniam
3056 1666 3260 1732 recepit
3296 1666 3363 1719 de
3409 1680 3573 1716 manu
3617 1664 3717 1716 Do-

2138 1760 2266 1817 mini
2301 1760 2536 1829 duplicia
2572 1767 2799 1829 peccata
2833 1774 2951 1812 sua.
2983 1757 3087 1823 Qui
3127 1772 3254 1812 vero
3281 1756 3596 1825 przedictum
3627 1756 3718 1824 ju-

2137 1870 2261 1924 gum
2296 1868 2325 1907 a
2354 1868 2412 1907 se
2441 1851 2676 1922 proiicit,
2712 1859 2889 1921 potest
2922 1864 3091 1905 suave
3123 1847 3245 1903 Jesu
3278 1848 3466 1917 jugqu
3506 1848 3712 1909 tollere,

2135 1955 2186 1998 et
2236 1945 2351 1998 leve
2393 1943 2561 2013 ipsius
2594 1958 2731 1997 onus
2770 1942 2943 2004 ferre,
2975 1951 3031 1995 et
3066 1941 3182 1994 fieri
3234 1939 3513 2009 subjugale
3554 1938 3711 2007 ejus:

2135 2035 2579 2106 atquediseipuli
2613 2034 2887 2089 vinculum
2922 2034 3090 2104 ipsius
3131 2032 3363 2086 solvent.

2206 2302 2369 2358 Vsus.
2411 2302 2464 2357 5.
2505 2302 2651 2354 Tum:
2684 2301 2926 2371 loquetur
2959 2301 3031 2353 ad
3059 2316 3145 2354 eos
3198 2300 3249 2352 in
3282 2299 3365 2351 ira
3404 2313 3501 2350 sua
3525 2337 3539 2361 ,
3582 2306 3631 2350 et
3662 2300 3717 2349 in

2135 2392 2315 2462 furore
2346 2408 2443 2445 suo
2487 2391 2823 2444 conturbabit
2849 2408 2972 2455 eos,
3006 2400 3111 2443 etc.
3152 2388 3448 2443 Sermones
3490 2387 3717 2441 commi-

2135 2481 2328 2534 natorii
2355 2490 2481 2533 sunt
2500 2494 2781 2533 sermones
2799 2479 2893 2550 qui
2926 2478 2975 2532 in
3003 2479 3079 2532 ira
3109 2475 3546 2547 pronuntiantur.
3580 2474 3717 2528 Mala

2133 2580 2313 2624 autem
2349 2584 2471 2639 qua:
2500 2570 2713 2623 dixerat
2748 2568 2890 2623 Deus
2927 2584 2985 2623 se
3021 2570 3418 2636 irrogaturum,
3450 2566 3720 2635 promittit

2132 2676 2191 2713 se
2226 2669 2671 2724 retractaturum,
2696 2658 2739 2713 si
2766 2660 3145 2728 ptenitentiam
3178 2658 3391 2729 egerint
3420 2658 3717 2711 auditores.

2132 2752 2373 2807 Locutus
2404 2762 2488 2807 est
2521 2753 2572 2806 in
2607 2752 2684 2805 ira
2720 2768 2816 2807 sua
2847 2753 2986 2807 Deus
3017 2768 3111 2822 per
3135 2750 3329 2805 Jonam
3362 2749 3620 2805 Ninivitis
3650 2749 3716 2814 ἠς

2132 2844 2464 2915 etquoniam
2491 2843 2544 2896 in
2572 2858 2734 2901 sacco
2778 2853 2831 2897 et
2860 2844 3043 2901 cinere
3067 2844 3446 2912 paenitentiam
3468 2849 3716 2911 egerunt,

2133 2936 2264 2989 nihil
2308 2935 2452 3005 passi
2486 2944 2613 2989 sunt
2648 2949 2835 2988 eorum
2869 2949 2988 3002 qua:
3021 2934 3368 2987 audiverant.
3418 2932 3715 2987 Prazscive-

2134 3037 2217 3089 rat
2245 3042 2437 3095 nempe
2462 3027 2622 3093 Deus,
2655 3043 2775 3083 cum
2805 3026 2998 3081 Jouam
3033 3026 3305 3090 mittebat,
3333 3027 3574 3080 facturos
3608 3040 3720 3093 pm-

2134 3117 2417 3175 nitentiam
2463 3116 2734 3186 siquidem
2800 3115 2994 3172 Jonam
3054 3115 3120 3171 iis
3195 3117 3339 3170 misit
3376 3118 3427 3170 in
3464 3116 3715 3171 salutem.

2135 3209 2297 3265 Forte
2328 3224 2461 3264 vero
2490 3208 2658 3262 etiam
2701 3209 2789 3262 hic
2823 3210 2887 3261 ad
2924 3208 3152 3263 salutem
3187 3208 3438 3278 loquetur
3467 3211 3532 3264 ad
3571 3212 3717 3280 ipsos

2135 3311 2454 3373 peccatores
2484 3302 2534 3353 in
2581 3301 2659 3353 ira
2700 3316 2818 3355 sua.
2847 3299 2961 3353 Non
3001 3300 3147 3355 enim
3182 3300 3356 3354 dixit:
3391 3301 3585 3356 Puniet
3621 3318 3717 3359 eos

2133 3394 2187 3447 in
2226 3394 2303 3449 ira
2341 3408 2460 3457 sua,
2498 3391 2716 3447 etiamsi
2750 3392 3127 3462 pteniteutiam
3161 3393 3394 3462 egerint.

2414 3573 2688 3644 Ejusdem.
2743 3573 3011 3628 Caeterum
3045 3573 3196 3627 furor
3226 3576 3308 3643 (ut
3353 3575 3505 3627 aiunt
3549 3576 3713 3643 periti

2134 3664 2437 3736 nominum)
2482 3665 2661 3723 diﬂ‘ert
2703 3668 2771 3721 ab
2810 3666 2914 3733 ira,
2947 3668 3090 3735 quod
3124 3665 3276 3720 furor
3309 3667 3387 3720 ira
3433 3667 3504 3721 sit
3550 3667 3715 3721 fumi-

2132 3773 2268 3827 gans
2289 3769 2344 3813 et
2375 3759 2554 3813 adlmc
2585 3774 2841 3823 accensa,
2874 3759 2952 3811 ira
2980 3774 3109 3812 vero
3137 3759 3401 3831 appetitio
3438 3758 3714 3814 vindictze.

2133 3848 2275 3916 Ergo
2315 3848 2484 3903 veluti
2531 3849 2903 3918 imperfectior
2938 3849 3015 3903 ira
3045 3857 3128 3903 est
3159 3848 3349 3914 furor,
3384 3847 3497 3916 jam
3532 3860 3715 3902 autem

2133 3940 2183 3992 in
2209 3940 2543 4012 perfectione
2572 3940 2807 4009 quadam
2836 3949 2921 3992 est
2960 3941 3067 3993 ira.
3121 3938 3273 3993 Nunc
3316 3940 3554 3994 vindicta
3594 3950 3715 3993 Ian-

2130 4046 2295 4100 quam
2334 4032 2386 4089 in
2417 4032 2708 4086 utilitatem
2767 4041 3014 4085 nostram
3064 4048 3168 4102 pro
3201 4034 3467 4102 supplicio
3502 4032 3717 4089 delictis

2130 4124 2335 4190 debito,
2390 4133 2444 4177 et
2489 4123 2751 4195 appetitio
2801 4139 2900 4192 pro
2940 4122 3221 4177 voluntate
3247 4125 3564 4194 accipienda
3608 4134 3713 4182 est.

2130 4214 2284 4281 Quod
2317 4223 2496 4268 autem
2524 4212 2675 4269 furor
2709 4213 2888 4267 minor
2918 4215 2989 4267 sit
3018 4214 3095 4266 ira
3137 4214 3306 4284 liquet
3335 4230 3400 4269 ex
3428 4215 3715 4285 Scriptura

2129 4306 2367 4372 dicente,
2403 4306 2889 4375 reprehensionem
2929 4309 2979 4359 iu
3036 4308 3219 4361 lurore
3244 4347 3259 4371 ,
3302 4308 3713 4376 castigationem

2132 4398 2186 4451 in
2223 4398 2301 4451 ira
2340 4399 2481 4453 ﬁeri.
2527 4399 2744 4455 Dicitur
2793 4401 2938 4455 enim
2968 4399 3010 4430 ⁸³
3046 4417 3059 4454 :
3097 4419 3113 4451 ι
3158 4399 3402 4463 Domine,
3438 4415 3502 4451 ne
3537 4401 3586 4451 in
3625 4398 3713 4450 fu.-

2130 4506 2255 4547 rore
2276 4499 2370 4547 tuo
2394 4506 2592 4562 arguas
2618 4508 2726 4557 me,
2751 4508 2923 4565 neque
2953 4492 3116 4547 iuira
3145 4502 3232 4545 tua
3264 4491 3531 4559 corripias
3562 4505 3701 4543 me.»

2132 4584 2396 4656 Arguitur
2436 4585 2484 4640 is
2523 4584 2613 4655 qui
2643 4586 2822 4639 adhuc
2856 4599 3007 4654 Spelit
3048 4584 3218 4638 habet
3248 4582 3363 4637 fore
3391 4592 3450 4637 ut
3487 4589 3714 4637 sanetur

2136 4675 2315 4733 verbis
2337 4675 2545 4749 absque
2570 4677 2857 4743 exatnine;
2890 4679 2979 4733 cui
3011 4685 3194 4731 autem
3226 4674 3576 4744 reprehensio
3605 4688 3711 4727 non

2134 4765 2356 4837 profuit,
2414 4768 2460 4824 is
2513 4768 2718 4839 indiget
2767 4771 3113 4841 correptione
3147 4781 3272 4837 quae
3307 4768 3363 4821 lit
3396 4765 3620 4837 ﬂagellis
3657 4772 3715 4819 et

2131 4861 2320 4931 virgis.
2344 4861 2638 4931 Correptio
2669 4871 2852 4919 autem
2885 4862 3071 4918 statim
3098 4861 3319 4930 quidem
3355 4874 3461 4912 non
3500 4858 3714 4911 videtur

2125 4950 2369 5019 jucunda
2402 4961 2457 5008 et
2484 4952 2623 5008 citra
2657 4953 2992 5017 molestiam,
3035 4961 3227 5021 postea
3262 4966 3395 5005 vero
3422 4950 3735 5021 pacilicum‘

2130 5044 2355 5112 iustitia:
2384 5046 2619 5105 fructum
2652 5046 2815 5103 affert
2848 5046 2916 5102 iis
2948 5044 3039 5114 qui
3063 5046 3114 5098 in
3142 5060 3202 5098 ea
3227 5042 3450 5098 exerciti
3486 5042 3710 5097 fuerint.

2126 5136 2206 5191 Ad
2246 5147 2562 5209 peccatores
2600 5138 2763 5211 igitur
2785 5153 2933 5213 quos
2965 5138 3155 5195 irridet
3179 5148 3231 5191 et
3254 5138 3556 5192 subsannat
3583 5135 3711 5188 dum

2127 5229 2304 5292 adhuc
2330 5230 2380 5283 in
2415 5232 2659 5300 peccatis
2694 5240 2841 5294 sunt,
2880 5238 2935 5285 et
2964 5245 3076 5305 prae
3105 5229 3433 5285 hebetudine
3455 5240 3710 5281 sensuum

2129 5320 2196 5375 de
2229 5321 2468 5395 propriis
2495 5322 2654 5378 malis
2709 5333 2963 5391 tanquam
3014 5322 3170 5377 bouis
3229 5336 3349 5376 sese
3384 5317 3614 5373 ell‘erunt
3643 5331 3708 5368 ac

2129 5411 2454 5487 gloriantur,
2472 5414 2727 5484 loquetur
2753 5414 2897 5477 Deus
2925 5415 2978 5469 in
3008 5414 3085 5473 ira
3113 5428 3233 5476 sua,
3263 5425 3318 5467 et
3344 5411 3461 5464 illos
3487 5417 3709 5463 ostenso

2135 5503 2321 5561 furore
2346 5507 2722 5564 conturbabit.
2764 5507 2899 5563 Cum
2923 5507 3071 5565 enim
3101 5518 3282 5560 sermo
3315 5503 3497 5556 furore
3514 5500 3709 5570 plenus

2201 5751 2313 5823 (74)
2337 5752 2605 5822 Διαφέρει
2629 5753 2697 5807 δὲ
2724 5753 2910 5822 θυμὸς
2935 5752 3138 5823 ὀργῆς,
3175 5752 3346 5823 ele.E
3381 5754 3570 5809 codice
3603 5750 3713 5809 Ba-

2128 5822 2400 5880 rocciano.
2432 5824 2622 5881 Latine
2650 5824 2916 5880 habentur
2946 5822 3238 5880 inCatena
3264 5822 3508 5881 Barbari.
