4124 6402
466 433 606 488 ilo?

1844 445 1933 499 EX
1969 444 2266 502 OllIGENE

3579 459 3715 515 “03

465 550 545 601 eis
581 549 777 604 timore
806 560 967 619 queat
995 553 1378 620 pmnitentiam
1421 558 1629 624 indere,
1675 578 1777 614 non
1810 572 1992 631 repettl

2094 573 2107 622 ι
2138 564 2359 629 νοῦντας
2393 568 2467 631 ὼς
2501 570 2591 622 ἐπὶ
2616 570 2837 639 ἀγαθοῖς
2862 575 2971 637 τοῖς
3000 574 3149 637 ἰδίοις
3167 576 3374 637 κακοῖς,
3400 573 3459 627 ἐν
3481 575 3546 645 τῇ
3576 576 3712 646 ὀργῇ

462 642 621 692 infert
672 641 936 710 supplicia
991 654 1045 697 et
1077 647 1351 700 cruciatus
1397 650 1714 720 priusquam
1747 655 2034 722 rejecerint

458 750 573 785 eam
610 750 728 800 qua:
770 734 1064 789 lenioribus
1116 738 1369 793 remediis
1405 744 1744 809 pr0ponitur,
1790 749 2031 800 curatio-

458 838 602 876 nem.
638 826 981 894 Quapropter
1011 828 1203 883 beatus
1247 829 1445 886 Paulus
1483 835 1549 885 ad
1578 834 2031 892 Thessalonicen-

457 929 543 967 scs
575 917 824 971 scribens
859 919 924 971 dc
956 918 1157 973 Juda-is
1181 921 1272 988 qui
1306 923 1588 978 Dominum
1616 930 2026 997 crncilixerunt,

456 1007 529 1059 ait
552 1006 638 1062 “z
677 1026 693 1056 ι
733 1007 1000 1062 Prmvenit
1037 1026 1199 1079 super
1226 1015 1349 1067 illos
1380 1015 1456 1068 ira
1496 1032 1669 1086 usque
1707 1020 1756 1073 in
1783 1020 1963 1075 linem.
2003 1044 2021 1075 ι

2138 655 2332 721 αὐτοῦ,
2368 658 2460 711 καὶ
2492 660 2738 730 ἐμφήνας
2770 662 2828 715 τὸ
2866 662 3189 731 θυμοῦσθαι,
3229 662 3452 734 ταράξει
3491 664 3708 726 αὐτούς.

2134 744 2208 797 Οὐ
2238 745 2347 815 γὰρ
2380 746 2592 818 ἀθρόως
2624 751 2839 818 ἐπάγει,
2876 752 3405 823 προεπιστρεπτικοῦ
3432 752 3590 821 λόγου
3626 770 3713 805 τε-

2134 833 2458 904 θυμωμένου
2493 837 2641 909 φόϐῳ
2679 842 2966 909 μετάνοιαν
2997 843 3179 905 αὐτοῖς
3216 843 3516 913 ἐμποιῆσαι
3548 843 3710 897 δυνα-

2134 926 2316 995 μένου,
2349 927 2612 996 βασάνους
2646 933 2738 985 καὶ
2766 932 3013 996 κολάσεις
3046 934 3176 1004 πρὶν
3210 934 3465 988 ἀπειπεῖν
3508 935 3709 999 αὐτοὺς

2129 1017 2226 1087 τὴν
2264 1016 2350 1071 διὰ
2392 1018 2499 1072 τῶν
2537 1020 3054 1092 φιλανθρωποτέρων
3090 1022 3405 1093 θεραπείαν·
3438 1024 3707 1077 Θεσσαλο-

450 1099 532 1149 An
587 1114 692 1150 non
745 1102 1104 1167 prmnuntiata
1150 1118 1245 1171 per
1294 1108 1589 1176 prophetas
1633 1110 1710 1163 ira
1770 1116 1992 1181 przeveni

2127 1110 2334 1163 νικεῦσι
2352 1111 2481 1178 γοῦν
2499 1113 2723 1183 γράφων
2740 1115 2767 1165 ό
2786 1115 3052 1185 μακάριος
3070 1115 3278 1179 Παῦλος
3294 1116 3420 1187 περὶ
3437 1116 3706 1171 Ἰουδαίων

450 1204 614 1256 super
645 1189 765 1244 illos
800 1191 888 1259 qui
925 1193 1248 1261 gravissima
1295 1212 1523 1268 qumque
1574 1211 1627 1254 et
1671 1204 2023 1260 acerbissima

447 1294 476 1330 a
515 1279 774 1334 Romanis
797 1282 1037 1351 perpessi
1078 1287 1253 1338 sunt?

522 1551 681 1606 Vens.
720 1553 772 1609 8.
799 1554 1019 1609 Postulo
1044 1576 1073 1610 a
1112 1575 1210 1619 me,
1239 1571 1285 1613 et
1309 1563 1443 1615 dabo
1477 1564 1572 1616 tibi
1595 1575 1769 1634 gentes
1793 1567 2016 1622 [neredi-

447 1651 605 1695 tatem
647 1655 812 1707 luant,
860 1659 905 1699 et
940 1652 1320 1715 possessionem
1364 1664 1505 1706 tuam
1548 1658 1799 1711 terminos
1831 1668 2007 1723 terru',

441 1742 548 1787 etc.
588 1734 928 1792 Constitntus
977 1742 1119 1793 enim
1173 1753 1276 1809 est,
1316 1756 1583 1813 quatenus
1609 1748 1791 1814 homo,
1840 1753 2011 1808 lueres

437 1828 678 1883 omnium
711 1845 807 1899 per
835 1833 1323 1903 dispensationem,
1359 1845 1419 1892 ut
1446 1838 1722 1907 deinceps,
1753 1850 2007 1911 tanquam

437 1922 505 1976 ad
535 1938 593 1979 se
618 1936 954 1995 spectantem
991 1938 1043 1983 et
1087 1930 1361 1998 propriam
1404 1948 1558 1987 suam
1596 1933 1967 1991 haereditatem
1990 1979 2004 2003 ,
2040 1903 2083 1962 Β

433 2026 785 2072 conservaret
817 2034 912 2075 eos
939 2022 1031 2091 qui
1058 2022 1111 2075 in
1139 2031 1282 2077 terra
1307 2023 1570 2093 sacrilege
1591 2025 1819 2094 dispersi
1851 2038 2009 2083 erant

432 2118 461 2157 a
492 2106 732 2174 diabolo,
765 2110 1037 2180 sociisque
1070 2111 1188 2181 ejus
1220 2114 1515 2170 virtutibus
1556 2117 1831 2185 malignis.
1866 2120 2004 2186 Quin

431 2201 485 2245 et
517 2205 734 2261 peracta
766 2196 877 2264 jam
906 2199 1334 2269 dispensatione,
1374 2203 1444 2258 de
1475 2206 1633 2259 nobis
1681 2208 1746 2259 ad
1789 2206 2003 2262 Patrem

432 2297 591 2338 suum
644 2286 777 2341 dicit
800 2287 890 2341 “z
927 2308 945 2341 ι
990 2290 1135 2357 Quos
1187 2292 1379 2347 dedisti
1420 2295 1550 2349 mihi
1580 2296 1645 2350 de
1673 2299 1895 2362 mundo,
1926 2300 2003 2354 tni

430 2383 613 2439 erant,
644 2385 699 2431 et
745 2379 877 2432 mihi
920 2394 1015 2435 eos
1048 2381 1262 2436 dedisti.
1298 2403 1316 2435 ι
1353 2384 1648 2441 Considera
1694 2403 1823 2444 vero
1867 2405 2002 2459 quo-

429 2467 589 2524 modo
612 2470 680 2525 ad
705 2470 921 2527 divitias
944 2473 1045 2528 sibi
1069 2475 1363 2530 secundum
1394 2494 1612 2535 carnem
1633 2493 2002 2551 competentes

431 2561 1008 2618 ascendatetiamcum
1039 2580 1226 2620 carne.
1251 2567 1306 2622 Si
1331 2569 1475 2623 enim
1510 2569 1566 2636 ii,
1603 2573 1691 2639 qui
1716 2573 1768 2626 in
1802 2575 2002 2629 mundo

427 2659 607 2713 erant,
633 2649 811 2707 Patris
838 2664 1015 2721 erant,
1049 2657 1237 2727 utique
1278 2659 1503 2731 intelligi
1554 2674 1781 2731 possunt
1830 2668 1995 2721 etiam

427 2753 550 2793 esse
580 2740 763 2811 aliquo
805 2745 962 2800 modo
994 2746 1171 2813 Verbi,
1207 2748 1362 2817 cujus
1386 2752 1618 2806 consilio
1662 2764 1857 2809 cuncta
1903 2772 1999 2825 ge-

427 2830 532 2897 rit;
567 2832 834 2904 siquidem
862 2838 1023 2893 etiam
1051 2839 1283 2894 dixit”:
1314 2860 1330 2893 ι
1356 2842 1546 2898 Omnia
1577 2861 1693 2900 mea
1722 2854 1809 2901 tua
1848 2858 1994 2914 sunt,

423 2932 476 2976 et
512 2933 600 2978 tua
632 2941 773 2992 mea,
808 2938 864 2983 et
915 2929 1247 2989 clariﬁcatus
1284 2951 1403 2991 sum
1439 2936 1490 2990 in
1523 2937 1621 2990 eis.
1660 2955 1678 2989 ›
1715 2937 1997 3005 Quomodo

424 3014 594 3082 igitur
618 3019 893 3085 postulare
915 3022 1158 3093 jnbetur,
1193 3034 1247 3080 et
1275 3026 1475 3096 accipit
1506 3028 1723 3096 quidem
1749 3029 1802 3082 in
1831 3030 1996 3084 hzrre-

426 3099 647 3155 ditatem
689 3114 905 3175 gentes,
946 3111 1346 3179 possessionem
1384 3129 1516 3169 vero
1552 3114 1684 3171 facit
1732 3120 1992 3175 terminos

431 3194 625 3247 terrm?
661 3195 864 3268 Nempe
909 3215 1028 3254 cum
1057 3202 1332 3258 hominem
1358 3221 1385 3259 a
1419 3207 1600 3261 divino
1623 3210 1845 3264 servitio
1874 3212 1990 3265 ina-

419 3281 562 3336 niter
591 3285 922 3342 resilientem
980 3291 1176 3345 salvari
1210 3293 1368 3371 542
1408 3297 1587 3364 vellet,
1640 3299 1867 3355 Genitor
1924 3318 1989 3358 ac

417 3370 579 3428 Pater
608 3377 845 3432 Verbum
879 3381 1213 3451 unigenitum
1248 3370 1298 3439 in
1329 3388 1586 3444 mundum
1641 3395 1785 3446 hunc
1816 3393 1984 3460 misit,

416 3469 475 3515 ut
523 3478 651 3519 caro
704 3466 927 3533 factum,
960 3479 1013 3523 et
1046 3476 1526 3546 comprehensum,
1561 3489 1614 3535 et
1650 3493 1842 3537 natura
1878 3499 1984 3540 non

414 3563 699 3620 mutatum,
718 3561 1038 3628 praedicaret
1065 3566 1293 3636 captivis
1319 3570 1726 3644 indulgentiam,
1755 3588 1810 3632 et
1830 3579 1986 3635 ca’cis

414 3643 611 3698 visum.
646 3645 831 3718 Itaque
863 3654 1111 3720 quamvis
1141 3659 1211 3712 ob
1244 3660 1633 3720 humanitatem
1657 3668 1870 3722 dicatur
1893 3685 1984 3724 ac-

413 3739 616 3807 cipere,
654 3750 710 3795 et
764 3743 939 3799 literes
987 3750 1316 3809 constitutus
1349 3771 1494 3823 esse,
1537 3775 1642 3814 non
1673 3761 1983 3831 ignoremus

408 3828 891 3897 dispensationem.

479 3919 761 3991 Ejusdem.
787 3926 891 3982 Per
916 3929 1286 3989 limrcditatem
1315 3936 1562 4008 intelligit
1588 3943 1816 3998 rationis
1837 3957 1983 3999 com-

407 4020 587 4080 potem
612 4025 889 4085 naturam,
923 4036 1040 4090 quae
1070 4025 1185 4094 ipsa
1232 4027 1538 4097 haereditat,
1586 4033 1726 4087 sicut
1765 4035 1980 4104 sapien-

408 4102 563 4168 tiam,
589 4105 661 4157 ita
709 4116 763 4159 et
798 4110 1110 4179 scientiam,
1158 4125 1212 4169 et
1245 4118 1554 4185 veritatem,
1597 4129 1649 4175 et
1680 4102 1972 4189 justitiam.

401 4193 498 4249 Est
523 4206 704 4253 autem
736 4200 1032 4259 haereditas
1078 4217 1286 4261 natura:
1337 4210 1682 4268 rationabilis
1729 4226 1975 4271 contem-

399 4286 567 4355 platio
594 4304 980 4361 corporearum
1013 4305 1067 4351 et
1090 4297 1537 4371 incorporearum
1567 4319 1771 4373 rerum,
1801 4316 1856 4364 et
1878 4308 1974 4366 Dei

398 4378 488 4445 qui
518 4382 761 4451 omnium
799 4400 960 4441 causa
995 4397 1098 4445 est.

475 4469 634 4527 Vens.
670 4476 722 4530 9.
754 4472 949 4532 Pasces
980 4496 1066 4533 eos
1096 4482 1147 4534 in
1176 4482 1319 4553 virga
1344 4483 1539 4553 ferrea,
1572 4498 1819 4559 tanquam
1848 4511 1971 4550 vasa

2124 1201 2231 1254 τῶν
2268 1203 2696 1273 σταυρωσάντων
2725 1205 2816 1257 τὸν
2857 1205 3060 1275 Κύριον
3084 1244 3098 1269 ,
3135 1206 3330 1275 φησιν’
3367 1224 3384 1256 ι
3428 1205 3705 1274 Ἐφθασεν

2125 1295 2210 1347 ἐπ’
2241 1293 2435 1358 αὐτοὺς
2467 1297 2500 1366 ἡ
2540 1295 2677 1367 ὀργὴ
2715 1296 2797 1357 εἰς
2830 1295 2999 1359 τέλος.
3028 1315 3047 1348 ι
3090 1298 3160 1348 Ἢ
3198 1296 3299 1348 οὐκ
3338 1295 3571 1365 ἔφθασεν
3612 1297 3701 1349 ἐπ’

2122 1386 2316 1449 αὐτοὺς
2349 1387 2435 1439 διὰ
2474 1389 2755 1458 προφήτας
2795 1388 2827 1456 ἡ
2868 1387 3390 1458 προαναφωνηθεῖσα
3423 1387 3561 1459 ὀργὴ
3596 1404 3701 1440 πα.-

2121 1477 2309 1539 θόντας
2340 1478 2445 1530 ὑπὸ
2481 1477 2764 1547 Ῥωμαίων
2793 1478 2966 1531 πάντα
3000 1477 3149 1530 δεινά
3179 1479 3273 1531 καὶ
3300 1478 3607 1547 ἀνήκεστας

2189 1569 2440 1636 Αἴτησαι
2499 1571 2636 1637 παρ’
2664 1570 2832 1639 ἐμοῦ,
2892 1570 2989 1623 καὶ
3042 1570 3213 1624 δώσω
3257 1587 3354 1623 σοι
3386 1572 3531 1639 ἔθνη
3582 1572 3699 1641 τὴν

2118 1661 2525 1730 κληρονομίαν
2575 1677 2722 1725 σου,
2766 1661 2862 1716 καί
2897 1661 3013 1728 τὴν
3056 1660 3429 1730 κατάσχεσιν
3456 1678 3572 1715 σου
3623 1662 3698 1718 τὰ

2115 1752 2339 1820 πέρατα
2377 1751 2487 1819 τῆς
2516 1750 2650 1820 γῆς,
2684 1769 2736 1804 κ.
2776 1771 2825 1805 τ.
2860 1755 2907 1807 ἐ.
2944 1752 3192 1805 Τέθειται
3230 1750 3339 1822 γὰρ
3373 1753 3447 1815 ὡς
3478 1753 3688 1825 ἀνθρω-

2115 1860 2213 1906 πος
2252 1841 2583 1913 κληρονόμος
2614 1842 2832 1897 πάντων
2860 1842 3240 1913 οἰκονομικῶς,
3285 1844 3374 1898 ἵνα
3408 1844 3593 1897 λοιπὸν
3616 1845 3693 1909 ὡς

2113 1932 2261 2003 αὐτῷ
2290 1933 2635 2005 προσήκοντά
2664 1950 2723 1986 τε
2756 1934 2848 1987 καὶ
2889 1933 3016 1986 ἴδιον
3053 1933 3306 2005 ἀνασώσῃ
3334 1933 3534 2005 κλῆρον
3566 1937 3692 1998 τοὺς

2112 2022 2202 2074 ἐπὶ
2230 2022 2329 2092 τῆς
2360 2023 2464 2091 γῆς
2493 2024 2723 2086 ἀνοσίως
2754 2024 3181 2094 διεσπαρμένους
3217 2023 3322 2076 ὑπὸ
3350 2040 3409 2075 τε
3445 2023 3537 2077 τοῦ
3571 2024 3688 2077 δια-

2112 2113 2266 2166 ϐόλου
2289 2115 2381 2166 καὶ
2399 2113 2506 2167 τῶν
2533 2116 2629 2167 σὺν
2651 2114 2800 2185 αὑτῴ
2818 2114 3096 2185 δυνάμεων
3115 2112 3365 2184 πονηρῶν
3383 2129 3395 2142 °
3421 2105 3479 2166 οῦ
3499 2113 3590 2165 καὶ
3607 2113 3688 2177 εἰς

2111 2209 2283 2280 πέρας
2320 2208 2700 2279 ἐνηνεγμένου,
2737 2208 2873 2281 πρὸς
2906 2208 2996 2261 τὸν
3044 2206 3235 2259 ἐαυτοῦ
3275 2206 3492 2278 Πατέρα
3552 2206 3705 2282 φησὶ.

2108 2301 2234 2370 περὶ
2266 2300 2451 2370 ἠμῶνο
2493 2320 2510 2350 ‹
2542 2299 2647 2363 Οὒς
2695 2299 2931 2362 δέδωκάς
2968 2316 3053 2369 μοι
3097 2300 3159 2350 ἐκ
3199 2297 3291 2350 τοῦ
3339 2297 3566 2366 κόσμου,
3602 2298 3684 2350 σοὶ

2104 2385 2279 2459 ἦσαν,
2308 2390 2402 2442 καὶ
2442 2389 2566 2459 ἐμοὶ
2625 2388 2821 2451 αὐτοὺς
2868 2386 3126 2448 δέδωκας.
3156 2404 3176 2437 ι
3229 2384 3418 2454 Ἀθρει
3471 2384 3535 2455 δὴ
3589 2379 3682 2437 οὖν

2104 2483 2251 2545 ὅπως
2280 2483 2359 2545 είς
2396 2481 2487 2535 τὸν
2520 2481 2836 2552 ὑπάρχοντα
2867 2479 3018 2549 αὐτῷ
3064 2476 3291 2532 πλοῦτον
3339 2476 3483 2529 κατά
3523 2476 3682 2545 φύσιν

2104 2573 2275 2626 ἄνεισι
2322 2573 2414 2625 καὶ
2469 2572 2606 2643 μετὰ
2648 2573 2869 2643 σαρκός.
2901 2572 2963 2623 Εί
2994 2570 3101 2639 γὰρ
3127 2565 3268 2640 ἦσαν
3307 2571 3357 2621 oi.
3394 2570 3451 2621 ἐν
3493 2570 3682 2638 κόσμῳ

2101 2664 2197 2716 τοῦ
2228 2664 2461 2733 Πατρὸς,
2491 2662 2635 2716 κατά
2666 2680 2790 2717 τινα
2820 2662 3019 2731 τρόπον
3047 2660 3286 2731 νοηθεῖεν
3317 2659 3382 2713 ἂν
3409 2658 3502 2712 τοῦ
3537 2676 3677 2728 συμ-

2102 2755 2443 2819 ϐουλεύοντος
2496 2755 2645 2825 αὐτῷ
2700 2755 2904 2823 Λόγου·
2956 2754 3229 2824 τοιγάρτοι
3289 2753 3383 2807 καὶ
3439 2751 3671 2820 ἔφασκε·

2106 2867 2124 2898 ι
2152 2847 2335 2900 Πάντα
2367 2846 2435 2899 τά
2474 2846 2584 2917 ἐμά
2623 2846 2692 2899 σά
2728 2848 2864 2911 ἐστι,
2907 2848 3002 2899 καὶ
3030 2847 3099 2897 τά
3131 2844 3198 2897 σὰ
3232 2843 3372 2914 ἐμά’
3410 2844 3503 2895 καὶ
3531 2841 3674 2895 6366-

2100 2937 2301 3007 ξασμαι
2333 2938 2390 2991 ἐν
2430 2938 2631 3001 αὐτοῖς.
2660 2957 2677 2989 ›
2725 2937 2850 3001 Πῶς
2895 2934 2987 2991 οῦν
3027 2938 3197 2989 αἰτεῖν
3242 2935 3670 3007 προστάττεται,

2097 3029 2189 3081 καὶ
2213 3027 2425 3097 δέχεται
2459 3028 2557 3097 μὲν
2588 3030 2667 3090 είς
2696 3028 3062 3099 κληρονομίαν
3092 3028 3241 3097 ἐθνη,
3260 3027 3589 3095 κατάσχεσιν
3614 3024 3673 3078 δὲ

2097 3123 2326 3173 ποιεῖται
2360 3120 2429 3173 τὰ
2464 3121 2675 3191 πέρατα
2703 3121 2805 3191 τῆς
2841 3122 2970 3190 γῆς;
3028 3121 3535 3190 Ἀποσκιρτήσαντα
3563 3116 3670 3188 γὰρ

2017 3252 2057 3309 C
2096 3211 2353 3283 ἐξιτήλως
2380 3212 2472 3265 τὸν
2497 3213 2783 3284 ἄνθρωπον
2808 3212 3050 3274 δουλείας
3082 3210 3188 3309 τῆς
3220 3210 3323 3309 ὑπὸ
3338 3207 3512 3309 ’(ῗεοῦ,
3556 3206 3669 3309 δια-ν

2096 3302 2265 3354 σῶσαι
2309 3301 2478 3355 θέλων
2520 3303 2708 3355 τοῦτον
2754 3300 3137 3373 Γενεσιουργὸς
3190 3301 3284 3353 καὶ
3337 3300 3527 3371 Πατὴρ
3570 3297 3668 3349 πέ-

2090 3411 2305 3465 πομφεν
2343 3394 2421 3457 εἰς
2461 3394 2614 3447 τόνδε
2660 3394 2751 3447 τὸν
2790 3393 3117 3464 ἐνεστηκότα
3148 3394 3349 3463 κόσμον
3380 3392 3472 3445 τὸν
3515 3407 3670 3462 μονο-

2088 3485 2221 3555 γενῆ
2248 3485 2439 3553 Λόγον,
2477 3486 2563 3538 ἵνα
2590 3485 2879 3553 γενόμενος
2915 3482 3070 3553 σὰρξ,
3105 3484 3200 3535 καὶ
3251 3483 3542 3553 χωρηθεὶς,
3575 3483 3669 3535 καὶ

2088 3577 2248 3645 φύσει
2298 3578 2619 3647 ἀστραφὴς,
2658 3574 2868 3646 κηρύξῃ
2904 3573 3269 3643 αἰχμαλώτοις
3309 3573 3523 3641 ἄφεσιν,
3570 3574 3668 3625 καὶ

2085 3666 2305 3733 τυφλοῖς
2332 3663 2641 3733 ἀνάϐλεψιν.
2675 3662 2883 3715 Οὐκοῦν
2912 3662 3017 3715 κᾶν
3039 3663 3086 3713 εί
3107 3660 3318 3729 λέγοιτο
3345 3660 3546 3723 λαϐεῖν,
3570 3662 3666 3712 καὶ

2083 3754 2353 3808 τεθεῖσθαι
2384 3754 2717 3825 κληρονόμος
2747 3752 2835 3806 διὰ
2862 3752 2923 3806 τὸ
2950 3751 3309 3822 ἀνθρώπινον,
3337 3751 3435 3804 οὑκ
3463 3751 3660 3820 ἀγνοή-

2085 3863 2265 3918 σωμεν
2293 3847 2391 3918 τὴν
2423 3847 2752 3916 οἰκονομίαν.

2160 3960 2270 4014 Τοῦ
2311 3960 2515 4016 αὐτοῦ.
2562 3958 2671 4031 Τὴν
2706 3957 3066 4030 κληρονομίαν
3105 3954 3216 4027 (75)
3254 3955 3401 4023 λέγει
3444 3953 3541 4024 τὴν
3570 3953 3659 4005 λο-

2080 4051 2240 4122 γικὴν
2269 4050 2447 4120 φύσιν,
2474 4051 2507 4121 ἢ
2530 4051 2622 4103 καὶ
2655 4048 2793 4120 αὑτὴ
2824 4047 3149 4120 κληρονομεῖ
3173 4047 3250 4110 ὡς
3273 4045 3483 4115 σοφίαν,
3518 4045 3660 4098 οὕτω

2080 4143 2174 4197 καὶ⁴
2207 4141 2428 4212 γνῶσιν,
2460 4143 2552 4194 καὶ
2576 4142 2852 4212 ἀλήθειαν,
2886 4141 2978 4193 καὶ
3007 4138 3373 4210 δικαιοσύνην.
3407 4138 3563 4191 Ἔστι
3599 4136 3657 4189 δὲ

2077 4238 2109 4309 ἡ
2141 4233 2477 4306 κληρονομία
2526 4234 2626 4305 τῆς
2657 4234 2883 4304 λογικῆς
2923 4233 3137 4303 φύσεως
3166 4232 3366 4302 θεωρία
3401 4229 3509 4282 τῶν
3553 4246 3657 4282 σω-

2080 4323 2321 4396 ματικῶν
2376 4323 2471 4376 καὶ
2518 4323 2626 4377 τῶν
2672 4323 2977 4395 ἀσωμάτων
2998 4362 3011 4388 ,
3043 4322 3137 4375 καὶ
3164 4321 3367 4373 τούτων
3399 4319 3655 4373 ἀπάντων

2075 4415 2249 4469 αἰτίου
2276 4415 2432 4469 Θεοῦ.

2142 4509 2459 4578 Ποιμανεῖς
2496 4508 2719 4575 αὐτοὺς
2751 4507 2820 4561 ἐν
2841 4505 3042 4574 ῥάϐδῳ
3068 4502 3315 4573 σιδηρᾷ·
3348 4504 3428 4568 ὡς
3462 4502 3651 4567 σκεύη

394 4562 545 4631 ﬁguli
572 4565 869 4637 confringes
912 4585 1021 4635 eos,
1070 4580 1178 4627 etc.
1228 4574 1319 4627 Sic
1378 4586 1431 4631 et
1466 4582 1606 4648 apud
1653 4584 1969 4652 Apostolum

2094 4562 2374 4670 ιεραιὶέως
2415 4562 2768 4669 άωςτρίψέις
2809 4562 3063 4663 αῦτούςζ,
3094 4612 3150 4649 κ.
3267 4596 3311 4647 ὲ.
3348 4595 3457 4648 Καὶ
3499 4592 3651 4662 παρά

396 4655 640 4710 severior
670 4657 953 4727 disciplina
983 4675 1089 4731 qua
1114 4665 1356 4735 indigent
1394 4683 1713 4737 peccatores
1740 4685 1791 4731 et
1822 4678 1970 4732 infir-

393 4743 594 4799 mio'res
629 4745 681 4801 in
719 4747 844 4813 (ide,
872 4749 1023 4820 virga
1053 4755 1385 4824 nominatur,
1409 4774 1530 4814 cum
1557 4762 1633 4815 ait
1656 4762 1703 4794 “
1730 4782 1743 4818 :
1775 4782 1794 4817 ι
1829 4767 1966 4833 Quid

393 4833 603 4889 vultis?
638 4836 692 4891 in
727 4837 880 4909 virga
915 4842 1129 4896 veniam
1171 4845 1238 4899 ad
1274 4860 1391 4913 vos,
1422 4864 1488 4903 an
1516 4850 1567 4904 in
1603 4852 1873 4911 charitate
1911 4868 1966 4913 et

392 4927 588 4999 Spiritu
617 4934 1093 4990 mansuetudinis?
1128 4955 1146 4989 ι
1177 4937 1239 4992 Ει
1271 4940 1449 4997 adhuc
1470 4944 1623 5013 prius
1660 4949 1800 5016 apud
1826 4949 1960 5005 Pro-

392 5019 609 5089 phetam
666 5026 1047 5092 peccatoribus
1084 5028 1300 5087 divinus
1330 5048 1513 5090 sermo
1568 5038 1808 5095 minatur
1849 5044 1959 5097 vir-

390 5126 516 5181 gam
552 5124 605 5169 et
628 5114 861 5185 ﬂagella,
892 5134 957 5175 eo
989 5122 1132 5193 quod
1161 5123 1595 5183 misericordiam
1624 5147 1731 5187 non
1778 5148 1959 5190 remo-

389 5212 545 5258 turus
580 5205 654 5260 sit
682 5208 751 5263 ab
794 5223 981 5265 eorum
1028 5213 1211 5281 Patre,
1259 5217 1363 5274 hoc
1396 5228 1511 5286 est,
1542 5221 1781 5277 Christo.
1821 5222 1956 5277 Nam

384 5293 648 5363 ejusmodi
682 5300 966 5358 curatione
992 5304 1259 5377 indigent.
1296 5326 1315 5360 ‹
1346 5308 1592 5367 Visitabo
1619 5332 1638 5365 ›
1683 5314 1848 5380 enim,
1877 5315 1957 5367 in-

382 5386 502 5454 quit
523 5385 591 5453 ",
630 5406 650 5440 ι
687 5390 741 5444 in
772 5390 925 5463 virga
956 5394 1269 5468 iniquitates
1296 5415 1509 5467 eorum,
1546 5415 1598 5457 ct
1628 5404 1680 5458 in
1710 5405 1954 5459 verberi-

380 5476 480 5529 bus
505 5490 723 5546 peccata
746 5498 959 5551 eorum,
992 5489 1424 5545 misericordiam
1444 5503 1624 5548 autem
1648 5510 1819 5549 meam
1848 5513 1950 5553 nos

2077 4685 2153 4757 τῷ
2209 4688 2514 4758 Ἀποστόλῳ
2567 4687 2676 4758 (76)
2731 4689 2763 4757 ή
2819 4684 3310 4757 ἐκπληκτικωτέρα
3342 4684 3557 4754 ἀγωγὴ,
3584 4677 3652 4752 ἧς

2072 4779 2281 4833 δέονται
2327 4780 2378 4832 οἱ
2424 4778 2829 4849 ἁμαρτάνοντες
2888 4778 2981 4830 καὶ
3030 4778 3077 4829 οί
3132 4775 3509 4846 ἀσθενέστεροι
3542 4773 3650 4827 τῶν

2073 4868 2487 4922 πεπιστευκέναι
2522 4866 2908 4938 νομιζομένων,
2948 4868 3138 4938 ῥάϐδος
3188 4865 3528 4938 ὀνομάζεται,
3563 4866 3649 4921 λέ-

2071 4977 2239 5028 γοντι·
2284 4979 2301 5011 ι
2336 4959 2400 5011 Τί
2436 4958 2649 5023 οέλετε;
2695 4959 2753 5011 ἐν
2783 4958 2962 5029 ῥάϐδῳ
2992 4958 3129 5012 ἐλθω
3159 4960 3295 5031 πρὸς
3328 4960 3492 5029 ὑμᾶς,
3524 4959 3555 5026 ἥ
3589 4960 3647 5009 ἐν

2067 5052 2276 5121 ἀγάπῃ,
2314 5051 2583 5122 πνεύματί
2620 5072 2679 5106 τε
2721 5055 3055 5126 πραότητος;
3094 5074 3113 5105 ›
3151 5055 3261 5107 Καὶ
3280 5053 3359 5104 ἐτι
3382 5051 3647 5121 πρότερον

2068 5145 2219 5215 παρά
2248 5145 2325 5214 τῷ
2358 5146 2619 5218 Προφήτῃ
2658 5150 2771 5210 τοῖς
2796 5147 3196 5217 ἁμαρτάνουσιν
3240 5146 3269 5197 ὁ
3307 5144 3447 5205 θεῖος
3489 5142 3644 5209 λόγος

2066 5235 2277 5288 ἀπειλεῖ
2311 5236 2502 5307 ῥάϐδον
2540 5238 2631 5290 καὶ
2676 5238 2963 5308 μάστιγας,
3008 5239 3100 5291 ἐπὶ
3129 5238 3207 5307 τῷ
3236 5237 3329 5289 τὸν
3378 5235 3524 5288 ἔλεον
3567 5233 3640 5304 μὴ

2063 5326 2368 5397 ἀποστῆσαι
2428 5328 2536 5381 ἀπὸ
2596 5329 2692 5382 τοῦ
2747 5329 2959 5400 Πατρὸς
3006 5329 3212 5393 αὐτῶν,
3259 5326 3503 5382 τουτέστι
3545 5326 3637 5377 τοῦ

2062 5417 2323 5486 Χριστοῦ,
2358 5418 2612 5489 τοιαύτης
2659 5418 2951 5489 θεραπείας
2996 5419 3281 5489 δεομένων.
3322 5436 3340 5467 ε
3389 5414 3639 5468 Ἐπισκέ-

2061 5512 2233 5581 ψομαι
2260 5530 2278 5562 ›
2316 5510 2445 5582 γάρ,
2476 5512 2668 5582 φησὶν,
2708 5532 2723 5562 ε
2750 5514 2806 5564 ἐν
2838 5513 3016 5583 ῥάϐδῳ
3044 5512 3143 5574 τὰς
3177 5509 3404 5578 ἀνομίας
3434 5508 3635 5572 αὐτῶν,

450 5614 536 5669 "l
573 5618 762 5678 Thess.
795 5640 855 5689 η,
889 5627 976 5681 16.
1052 5627 1099 5661 ⁸⁸
1132 5626 1290 5683 Joan.
1318 5646 1450 5699 xvn,
1484 5634 1538 5688 6.
1614 5633 1659 5666 ⁸⁵
1699 5635 1829 5691 ibid.
1878 5638 1965 5697 to.

2114 5643 2131 5697 Ι
2164 5644 2290 5699 Cor.
2326 5660 2403 5709 tv,
2438 5646 2526 5699 21.
2604 5646 2647 5678 ⁸⁷
2680 5646 2768 5701 Ps.
2796 5664 3060 5713 Lxxxvttt,
3091 5650 3179 5713 3'3,
3204 5650 3290 5703 54.

738 5770 1162 5840 κληρονομίαν,
1188 5785 1293 5826 clc.
1333 5778 1375 5830 E
1399 5780 1612 5833 schedis
1646 5780 1852 5837 Gralvii.

449 5832 560 5899 (76)
593 5833 703 5888 Καὶ
734 5832 891 5904 παρὰ
926 5832 1013 5906 ni;
1044 5832 1399 5911 Ἀττξστόλῳ,
1428 5832 1533 5904 etc.
1563 5832 1607 5905 Ε

2056 5788 2408 5909 ὖυιεῖιίοηοωι
2441 5790 2657 5847 scltcdis
2681 5792 3011 5852 Coxnbelisii.
3036 5794 3219 5852 Latine
3245 5805 3464 5853 exstant
3491 5799 3630 5865 apud

2103 5874 2159 5909 δι’
2186 5874 2377 5909 ιίιιλιιηι.

2103 5878 2125 5908 .i
2139 5874 2225 5909 I'I'il
2238 5874 2350 5910 Hllli
2363 5896 2377 5909 .
