4124 6434
476 427 502 482 ι
515 425 612 483 ἱθθ

1497 419 1811 478 SELECTA
1851 420 1917 476 IN
1947 413 2283 475 PSALMOS.
2318 449 2385 465 -
2416 417 2612 476 PSAL.
2645 417 2713 474 ll.

3613 415 3752 472 Ηεῢ

477 551 570 604 καὶ
603 551 659 601 ἐν
693 547 910 618 μάστιξι
940 547 1037 611 τὰς
1067 546 1340 617 ἁμαρτίας
1371 547 1574 599 αὐτῶν
1605 544 1668 598 τὸ
1695 547 1751 600 δὲ
1781 547 1928 608 ἔλεός
1962 564 2046 616 μοι

2173 545 2488 614 dispergam
2538 543 2606 596 ab
2646 556 2731 596 eo.
2770 559 2787 590 ι
2822 537 3003 606 Quare
3055 546 3108 592 et
3151 538 3264 606 ipse
3293 535 3548 592 Christus
3602 537 3755 605 virga

473 641 536 694 ού
565 639 638 710 μὴ
666 639 1001 692 διασκεδάσω
1045 639 1138 691 ἀπ’
1173 636 1360 689 αὑτοῦ.
1397 656 1414 687 ι
1452 637 1548 689 Διὰ
1587 636 1746 688 τοῦτο
1779 637 1873 690 καὶ
1904 636 2064 700 αὐτὸς

472 733 503 786 6
559 732 790 793 Χριστὸς
845 729 1037 801 ῥάϐδος
1097 725 1237 782 εἶναι
1290 728 1442 800 παρὰ
1478 727 1555 799 τῷ
1591 727 1791 798 Ἡσαΐᾳ
1823 727 2063 794 λέγεται.

485 820 626 873 Ἀλλ’
660 821 781 874 ἐπεί
826 838 972 883 τινες
1004 821 1063 874 ού
1101 820 1307 872 δέονται
1334 821 1430 890 τῆς
1462 821 1518 871 ὲν
1549 819 1874 890 σκληρότητι
1921 820 2067 887 ἀγω-

473 909 578 980 γῆς
604 912 830 975 ἑαυτοὺς
863 912 1198 983 παρέχοντες
1223 911 1407 976 ἀξίους
1432 911 1532 981 τῆς
1555 911 1923 982 χρηστότητος
1954 909 2065 962 τῶν

474 995 848 1072 θεωρημάτων
905 1002 997 1054 τοῦ
1047 1002 1241 1071 λόγου,
1279 1003 1374 1054 καὶ
1415 1001 1574 1065 ἄνθος
1621 1002 1773 1074 παρὰ
1801 1001 1879 1072 τῷ
1917 993 2069 1068 αὐτῷ

473 1095 731 1166 προφήτῃ
763 1095 1118 1165 ὀνομάζεται·
1167 1113 1186 1146 ι
1236 1092 1608 1158 Ἐ’ξελεύσεται
1684 1093 1831 1164 γὰρ,
1889 1093 2061 1162 φησι,

473 1183 671 1257 ῥάϐδος
702 1189 765 1242 ὲκ
797 1189 897 1260 τῆς
963 1185 1120 1258 ῥίζης
1155 1187 1374 1252 Ἰεσσαῖ,
1401 1172 1673 1249 καίᾶνθος
1701 1187 1764 1238 ὲκ
1783 1185 1883 1256 τῆς
1909 1186 2063 1256 ῥίζης

474 1276 827 1348 ἀναϐήσεται,
864 1278 958 1331 καὶ
989 1277 1362 1330 ἀναπαύσεται
1394 1279 1480 1330 ἐπ’
1503 1277 1662 1330 αὐτὸν
1702 1277 1928 1347 Πνεῦμα
1969 1279 2062 1331 τοῦ

470 1368 628 1432 Θεοῦ,
665 1368 879 1442 πνεῦμα
913 1371 1102 1440 σοφίας
1141 1372 1235 1424 καὶ
1280 1370 1580 1433 συνέσεως,
1620 1369 1835 1441 πνεῦμα
1869 1368 2063 1443 βουλῆς

471 1460 568 1514 καὶ
618 1460 834 1532 ἰσχύος,
878 1463 1095 1534 πνεῦμα
1147 1463 1403 1532 γνώσεως
1461 1464 1554 1516 καὶ
1604 1463 1907 1527 εὐσεϐείας,
1967 1465 2062 1517 καὶ

470 1553 739 1624 ἐμπλήσει
761 1554 922 1608 αὑτὸν
949 1554 1166 1626 πνεῦμα
1197 1555 1367 1623 φόϐου
1403 1553 1557 1607 Θεοῦ.
1585 1554 1849 1607 ι’Ῥάὸδου
1878 1556 2062 1609 τοίνυν

467 1643 678 1698 δέονται
709 1647 1100 1719 ποιμαινούσης
1116 1650 1163 1701 οἱ
1180 1647 1606 1719 κτηνωδέστεροι
1633 1647 1738 1700 τῶν
1754 1647 1961 1718 τῷΘεῷ
1977 1649 2062 1702 διὰ

472 1737 711 1808 Χριστοῦ
757 1740 1232 1810 προσερχομένων.
1281 1739 1594 1808 Ἀναγκαῖον
1645 1739 1700 1792 δέ
1751 1739 2061 1804 ἀκολούθως

473 1827 644 1880 σῶσαι
676 1828 793 1892 πῶς
822 1832 849 1882 6
878 1831 1068 1902 Πατὴρ
1097 1830 1174 1902 τῷ
1209 1831 1323 1902 Υἰῷ
1356 1849 1518 1902 φησιν
1543 1834 1569 1884 ό
1593 1832 1714 1895 δοὺς
1743 1833 1891 1903 αὐτῷ
1925 1832 2058 1904 κλη-

470 1911 726 1990 ρονομίαν
782 1921 850 1974 τὰ
884 1921 1043 1992 ἔθνη,
1095 1924 1188 1976 καὶ
1224 1925 1551 1995 κατάσχεσιν
1592 1924 1660 1977 τά
1707 1925 1922 1995 πέρατα
1958 1925 2056 1995 τῆς

466 2007 591 2076 γῆς·
623 2027 640 2059 ι
665 2007 752 2072 Ὦς
789 2009 984 2074 σκεῦος
1016 2013 1301 2083 κεραμέως
1331 2015 1641 2086 συντρίψεις
1666 2015 1882 2078 αύτούς.
1905 2036 1921 2068 ι
1961 2019 2056 2080 Τίς

465 2100 576 2170 γὰρ
609 2101 790 2154 δίδωσι
835 2103 1199 2175 κληρονομίαν
1242 2106 1342 2158 ἐπὶ
1378 2106 1456 2176 τῷ
1501 2107 1852 2178 συντριϐῆναι
1888 2108 2056 2180 αὐτὴν

465 2193 572 2245 ὑπὸ
595 2193 688 2246 τοῦ
712 2194 1208 2266 κλήρονομοῦντος;
1244 2198 1494 2252 Δεικτέον
1524 2195 1616 2254 οῦν
1636 2201 1744 2254 ἀπὸ
1773 2201 1882 2254 τῶν
1914 2204 2054 2273 Γρα-

465 2285 581 2353 φῶν
614 2287 712 2357 τὴν
743 2288 1035 2359 συντριϐήν
1063 2307 1223 2343 τινων
1269 2291 1481 2345 κεῖσθαι
1532 2293 1620 2345 ἐπ’
1663 2295 1920 2366 ὠφελείᾳ.
1954 2296 2056 2349 Eff-

467 2396 630 2450 ρομεν
681 2379 745 2450 δὴ
808 2380 868 2433 ὲν
899 2381 977 2453 τῷ
1036 2383 1390 2454 πεντηκοστῷ
1440 2385 1644 2457 ψαλμῷ
1680 2389 1769 2452 τὸ,
1831 2407 1848 2438 ι
1885 2389 2056 2443 Θυσίά

464 2469 542 2540 τῷ
592 2471 713 2542 Θεῷ
762 2473 983 2544 πνεῦμα
1030 2477 1530 2547 συντετριμμένον
1592 2479 1823 2550 καρδίαν
1866 2488 2053 2535 συντεέ

464 2564 771 2636 τριμμένην
811 2566 904 2618 καὶ
955 2569 1435 2640 τεταπεινωμένην
1479 2571 1507 2622 ό
1550 2571 1686 2634 Θεὸς
1746 2572 1844 2625 οὐκ
1904 2575 2055 2639 ἐξου-

459 2654 709 2710 δενώσει·
753 2676 770 2707 ι
838 2658 932 2710 καὶ¹
992 2659 1050 2711 ὲν
1102 2660 1273 2731 ἑτέρῳ
1323 2663 1580 2736 προφήτῃ
1635 2667 2054 2736 προστακτικῶς

459 2747 750 2820 λεγόμενον
782 2750 953 2816 τὸ,“γ‹
1000 2753 1130 2805 Ἀπὸ
1185 2754 1477 2826 συντριϐἧς
1533 2757 1843 2827 πνεύματος
1900 2761 2052 2830 ὑμῶν

459 2838 757 2906 ὀλολύξετε.
790 2861 809 2892 ι
871 2841 1080 2897 Οὐκοῦν
1130 2844 1350 2916 πνεῦμά
1400 2848 1547 2901 ἐστιν
1586 2849 1644 2900 ὲν
1679 2851 1808 2920 ἡμῖν
1848 2851 1877 2904 ὃ
1930 2869 2054 2904 συν-

459 2929 644 2999 τρίψαι
697 2931 797 2996 δεῖ,
843 2932 929 2985 ἵνα
982 2933 1264 3004 συντριόὲν
1311 2935 1532 3006 γένηται
1581 2938 1742 2992 θυσία
1784 2941 1861 3011 τῷ
1910 2943 2046 3013 Θεῷ,

459 3017 570 3072 Καὶ
618 3021 670 3072 τί
708 3020 774 3074 ἂν
815 3021 942 3076 ἄλλο
1003 3023 1158 3076 τοῦτο
1203 3025 1288 3094 εἴη
1319 3025 1352 3096 ἢ
1402 3027 1464 3078 τὸ
1494 3031 1695 3100 χεῖρον,
1731 3032 1865 3102 ὅπερ
1901 3033 2052 3101 ὑγιὲς

461 3111 564 3181 μὲν
614 3108 751 3167 εἶναι
812 3114 961 3167 δοκεῖ
1030 3116 1119 3168 ὅτε
1184 3118 1434 3189 ἐνεργεῖο
1505 3122 1884 3194 συντέτριπται
1946 3126 2002 3180 δὲ
2024 3146 2046 3193 ·,

2168 637 2368 691 dicitur
2400 637 2468 690 ab
2492 635 2662 699 Isaia;
2693 635 2789 688 sed
2815 633 3072 703 quoniam
3103 639 3230 684 sunt
3256 630 3500 684 nonnulli
3529 629 3620 699 qui
3649 645 3754 684 non

2171 727 2416 796 indigent
2444 727 2710 796 aspcriori
2735 723 3043 793 disciplina,
3070 739 3193 778 cum
3222 723 3433 790 seipsos
3461 723 3757 778 exhibeant

2171 821 2363 889 dignos
2399 819 2735 888 benignitate
2783 825 3176 887 praeceptorum
3217 817 3401 882 verbi,
3442 814 3542 869 flos
3585 817 3753 870 etiam

2169 913 2238 965 ah
2264 913 2455 966 eodem
2484 912 2754 980 propheta
2793 909 3130 962 nominatur.
3161 927 3182 958 ι
3221 908 3539 976 Egredietur
3571 909 3746 972 enim,

2168 1004 2346 1073 inquit
2379 1004 2450 1066 "",
2486 1004 2637 1072 virga
2687 1003 2751 1056 de
2808 1001 2989 1055 radice
3027 999 3200 1063 J'esse,
3233 1012 3287 1055 et
3329 999 3426 1054 ﬂos
3455 1002 3521 1054 de
3561 1001 3749 1054 radice

2167 1097 2454 1158 ascendet,
2499 1105 2555 1149 et
2593 1095 2898 1164 requiescet
2939 1108 3105 1160 super
3149 1109 3273 1147 cum
3323 1093 3562 1161 Spiritus
3612 1091 3744 1158 Dei,

2166 1186 2392 1255 Spiritus
2418 1186 2699 1255 sapientiae
2730 1197 2785 1239 et
2819 1185 3154 1251 intellectus,
3188 1185 3416 1253 spiritus
3445 1186 3662 1241 consilii
3693 1196 3752 1241 et

2166 1277 2528 1342 fer-titudinis,
2559 1279 2785 1346 spiritus
2823 1279 3067 1332 scientiae
3108 1279 3437 1346 et'pietatis,
3487 1289 3540 1331 et
3572 1277 3751 1348 reple-

2167 1371 2243 1426 bit
2273 1386 2395 1426 enm
2435 1371 2662 1440 spiritus
2689 1371 2902 1426 timoris
2928 1370 3045 1424 Dei.
3092 1389 3110 1422 ι
3148 1369 3399 1441 Indigent
3437 1386 3569 1440 ergo
3599 1373 3749 1440 virga

2166 1471 2424 1532 pascente
2460 1471 2738 1531 quotquot
2789 1477 2856 1516 ex
2890 1462 2957 1516 iis
2988 1463 3081 1532 qui
3153 1463 3221 1516 ad
3257 1464 3424 1516 Deum
3467 1477 3565 1532 per
3593 1461 3752 1517 Chri-

2163 1567 2309 1610 surm
2343 1556 2632 1618 accedunt,
2679 1555 2944 1625 pecudum
3002 1571 3178 1609 more-
3215 1556 3425 1609 vivunt.
3482 1555 3752 1610 Caeterum

2165 1647 2518 1702 considerare
2540 1663 2674 1716 opus
2699 1656 2782 1701 est
2814 1647 3089 1716 quomodo
3115 1646 3274 1700 Pater
3303 1649 3394 1716 qui
3430 1647 3578 1701 dedit
3612 1645 3754 1700 Filio

2163 1751 2351 1811 gentes
2382 1743 2432 1794 in
2481 1741 2883 1802 hmreditatent,
2925 1749 2979 1792 ct
3025 1741 3077 1792 in
3117 1740 3524 1808 possessionem
3560 1741 3752 1793 termi-

2165 1848 2263 1887 nos
2293 1843 2478 1891 terrae.
2509 1832 2734 1885 ei‘dicat
2763 1852 2774 1885 :
2805 1849 2824 1881 ι
2860 1829 3144 1897 Tanquam
3180 1844 3274 1883 ras
3317 1829 3465 1900 ﬁguli
3503 1830 3752 1884 confrin-

2096 1897 2135 1951 Β
2165 1939 2259 1992 ges
2295 1923 2586 1989 eos.iQ‘uis
2617 1923 2760 1976 enim
2789 1921 2881 1974 dat
2905 1921 3307 1983 haereditatem,
3352 1897 3410 1974 nt
3433 1932 3752 1974 conteratur

2163 2017 2229 2069 ab
2254 2017 2490 2070 barrede?
2511 2015 2917 2070 Ostendcndum
2947 2014 3112 2084 igitur
3125 2022 3206 2067 est
3234 2029 3263 2066 e
3286 2013 3586 2082 Seripturis
3613 2029 3751 2083 quo—

2161 2110 2407 2162 rumdam
2439 2109 2827 2163 contritionem
2858 2109 2980 2176 poni
3004 2119 3262 2176 tanquam
3291 2107 3499 2160 utilem.
3529 2107 3750 2160 Inveni-

2161 2218 2280 2258 mus
2305 2205 2500 2272 qnippe
2535 2203 2587 2256 in
2615 2201 3067 2272 quinquagesimo
3095 2201 3305 2270 psalmo
3334 2201 3462 2254 illud
3483 2200 3562 2255 "z
3592 2220 3610 2252 ι
3645 2199 3748 2255 Sa-

2159 2295 2426 2350 criticium
2447 2295 2555 2349 Deo
2575 2296 2804 2365 spiritus
2822 2293 3240 2356 contribulatus.
3258 2308 3354 2347 cor
3376 2293 3672 2347 contritum
3692 2300 3750 2346 et

2160 2387 2502 2441 lnnniliatum
2528 2386 2668 2442 Deus
2695 2401 2798 2440 non
2819 2385 3104 2454 despiciet.
3129 2405 3148 2438 ι
3174 2385 3236 2438 Et
3261 2385 3330 2438 ab
3357 2385 3462 2438 alio
3485 2383 3746 2454 propheta

2157 2480 2524 2549 pra'cipiendo
2556 2479 2755 2534 dicitur
2779 2479 2911 2532 illud
2933 2477 3012 2529 "z
3041 2495 3059 2528 ι
3089 2477 3205 2530 Prae
3233 2477 3563 2530 contritione
3581 2475 3749 2544 spiri—

2160 2582 2248 2627 tus
2274 2573 2440 2626 vestri
2471 2572 2774 2627 ululabitis.
2791 2570 3059 2641 iSpiritus
3077 2584 3207 2638 ergo
3227 2569 3278 2622 in
3299 2569 3453 2622 nobis
3475 2577 3560 2622 est
3583 2582 3746 2637 quem

2158 2663 2317 2736 5E3
2348 2673 2907 2733 conterere'oportet,
2957 2671 3017 2718 ιιι
3064 2661 3336 2717 contritus
3388 2661 3482 2714 fiat
3527 2657 3746 2714 sacriﬁ-

2157 2756 2300 2809 cium
2348 2755 2482 2809 Deo.
2535 2755 2604 2809 Et
2641 2755 2766 2824 quis
2801 2755 2939 2809 alios
2981 2759 3085 2809 iste
3119 2753 3283 2808 fuerit
3313 2767 3476 2822 quam
3506 2751 3747 2806 deterior

2155 2849 2246 2916 qni
2313 2863 2477 2902 sanus
2515 2849 2733 2918 quidem
2783 2863 2904 2902 esse
2959 2847 3212 2912 videtur,
3275 2861 3399 2899 cum
3443 2853 3739 2912 operatur;

2157 2940 2464 2995 conteritur
2511 2950 2716 3006 autem,
2752 2955 2875 2992 cum
2912 2939 3081 2992 verbo
3132 2937 3225 2991 Dei
3268 2936 3414 2990 vires
3446 2935 3563 3004 ejus
3606 2950 3742 2989 con-

2157 3031 2440 3100 fregimus.
2476 3029 2680 3084 Verum
2735 3038 2790 3082 et
2844 3031 2896 3083 in
2947 3028 3104 3083 nobis
3153 3041 3248 3080 cor
3297 3026 3568 3095 quoddam
3626 3034 3741 3092 est,

2155 3123 2298 3193 quod
2329 3122 2648 3191 aliquando,
2680 3121 2895 3176 cum-oh
2925 3134 3182 3189 perversa
3213 3119 3468 3187 dogmata
3500 3117 3552 3170 in
3569 3132 3740 3170 unum

457 3204 547 3256 ὅτε
579 3203 724 3276 λόγῳ
755 3206 891 3259 Θεοῦ
937 3207 1036 3272 τὰς
1079 3208 1339 3280 δυνάμεις
1370 3212 1536 3265 αὑτοῦ
1574 3215 2044 3289 συνεθραύσαμεν.

2156 3215 2324 3269 veluti
2390 3213 2615 3266 noxium
2666 3226 2868 3280 corpus
2919 3219 3305 3280 coagmentata
3357 3206 3639 3262 efferimur
3685 3217 3743 3261 et

472 3295 633 3350 Ἀλλὰ
665 3297 761 3352 καὶ
791 3298 989 3370 καρδία
1038 3317 1122 3363 τις
1161 3303 1220 3354 ὲν
1261 3305 1395 3374 ήμῖν
1443 3303 1678 3377 ὑπάρχει
1724 3308 1852 3361 ποτὲ
1903 3311 2046 3381 μέγα

458 3387 749 3460 φρονοῦσιν
781 3391 875 3444 ἐπὶ
907 3392 1205 3464 μοχθηροῖς
1243 3395 1475 3467 δόγμασι
1524 3404 2047 3475 σεσωματοποιημέ-

454 3497 567 3544 νοις
599 3485 683 3544 είς
713 3482 940 3552 ἑνότητα
980 3485 1174 3556 είρμοῦ
1211 3487 1478 3561 ἑπιϐλάόη
1509 3489 1802 3562 ὁλόκληρος
1833 3497 2046 3567 νομιζο-

457 3571 591 3644 μένη
618 3574 712 3628 καὶ
745 3575 1037 3649 μετέωρος,
1073 3577 1140 3648 ἢν
1165 3579 1465 3648 ἀναγκαῖον
1506 3586 1793 3656 συντρίψαι
1827 3589 1919 3641 καὶ
1948 3608 2045 3645 τα-

453 3659 737 3732 πεινῶσαι,
773 3669 859 3729 ἵν’,
890 3668 1062 3733 οὕτως
1087 3671 1402 3744 ἀποθεμένη
1431 3675 1492 3728 τὸ
1521 3677 1615 3731 τοῦ
1648 3677 2042 3744 ἐξουθενεῖσθαι

453 3757 559 3809 ὑπὸ
584 3756 719 3846 Θεοῦ
748 3755 890 3814 εἶναι
913 3760 1060 3824 ἀξία,
1088 3763 1312 3835 γένηται
1337 3769 1394 3819 ὲν
1425 3776 1760 3844 προσαγωγῇ
1790 3773 1941 3845 παρά
1964 3775 2042 3846 τῷ

449 3845 798 3919 ἀμειδομένῳ
827 3849 955 3914 τοὺς
1003 3852 1362 3925 αἰσθομένους
1389 3859 1618 3925 ἑαυτῶν,
1662 3863 1754 3914 καὶ
1787 3845 2044 3928 κακίζονέ

451 3953 548 4000 τας
585 3937 682 4008 μὲν
721 3939 818 4010 τήν
863 3942 1110 4013 πονηρὰν
1143 3945 1323 3998 αὐτῶν
1363 3947 1623 4014 διάθεσιν,
1669 3956 2041 4026 προσφεύγον-

447 4045 549 4092 τας
570 4029 626 4082 δὲ
657 4033 722 4102 τῇ
755 4034 1083 4105 χρηστότητι
1116 4037 1210 4090 τοῦ
1248 4039 1412 4109 μόνου
1448 4043 1808 4116 εὐεργετῆσαι
1841 4049 2041 4114 αὐτοὺς

447 4118 745 4192 δυναμένου
782 4123 940 4177 Θεοῦ.
969 4127 1146 4197 Σαφὲς
1177 4129 1232 4182 δὲ
1268 4130 1362 4184 καὶ
1390 4133 1457 4184 ἐκ
1485 4134 1593 4187 τῶν
1625 4139 2039 4210 προειρημένων

450 4213 542 4266 καὶ
554 4212 634 4280 τὸ,
659 4233 678 4266 t
723 4216 854 4270 Ἀπὸ
872 4221 1160 4292 συντριϐῆς
1181 4222 1490 4293 πνεύματος
1509 4227 1662 4298 ὑμῶν
1677 4229 1976 4297 όλολύξετε.
2014 4251 2032 4284 ι

449 4303 657 4379 Ὂνπερ
671 4301 763 4361 οὖν
779 4309 980 4380 τρόπον
997 4311 1216 4384 πνεῦμα
1229 4319 1686 4388 συντετριμμένον
1701 4321 1860 4375 θυσία
1877 4341 2039 4395 προσ-

446 4397 638 4450 ακτέον
697 4399 774 4471 τῷ
819 4400 958 4472 Θεῷ,
1007 4403 1101 4456 καὶ
1150 4404 1376 4476 καρδίαν
1422 4411 1889 4483 συντετριμμένην
1943 4415 2038 4469 καὶ¹

443 4491 923 4563 τεταπεινωμένην
951 4493 1030 4565 τῷ
1063 4495 1244 4560 καλῶς
1292 4498 1465 4570 αὐτὴν
1510 4502 1568 4554 ἐν
1614 4501 1825 4568 τούτοις
1871 4523 2033 4577 γεγο-

2155 3307 2450 3379 magniﬁce
2478 3304 2772 3369 sentimus,
2805 3303 3078 3374 integrum
3111 3300 3429 3357 et'suhlime
3454 3299 3740 3354 existima-

2155 3407 2266 3453 tur.
2329 3397 2462 3452 lllud
2493 3395 2888 3452 conterendum
2939 3401 3022 3447 est
3055 3401 3114 3447 ut
3141 3391 3392 3462 deposito
3420 3406 3485 3445 eo
3511 3399 3740 3460 pr0pter

2149 3491 2293 3561 quod
2325 3507 2356 3546 a
2415 3490 2524 3544 Deo
2564 3487 2995 3558 despiciebatur,
3050 3488 3280 3541 accedat
3327 3486 3395 3539 ad
3447 3483 3598 3537 illum
3643 3483 3739 3552 qui

2149 3593 2465 3638 retnuncrat
2493 3597 2587 3639 eos
2619 3583 2712 3652 qui
2743 3582 2825 3636 sui
2861 3596 3083 3636 sensum
3118 3581 3350 3642 habent,
3385 3579 3739 3650 qtiithpra-

2148 3694 2244 3733 vos
2277 3691 2405 3733 suos
2438 3677 2754 3748 improbant
2787 3675 3034 3741 habitus,
3066 3673 3474 3744 et'confuginnl
3518 3675 3584 3727 ad
3635 3673 3733 3727 Dei

2148 3773 2451 3827 bonitatem
2501 3771 2596 3841 qui
2650 3770 2797 3825 solus
2836 3779 3022 3841 potest
3055 3768 3135 3824 eis
3172 3769 3516 3822 benefacere.
3559 3765 3736 3821 Mani:-

2147 3863 2345 3918 festum
2401 3872 2484 3918 est
2535 3862 2702 3918 etiam
2728 3872 2802 3912 ex-
2829 3860 3110 3930 prtedictis
3146 3859 3278 3914 illud
3317 3879 3329 3913 :
3374 3879 3392 3909 ι
3453 3860 3568 3913 Prae
3603 3873 3734 3912 con-

2146 3954 2382 4008 tritione
2414 3953 2638 4023 spiritus
2656 3951 2823 4007 vestri
2847 3951 3146 4004 ululabilis.
3190 3969 3208 4001 ι
3259 3950 3736 4017 Quemadmodum

2146 4043 2315 4114 igitur
2344 4044 2570 4110 spiritus
2598 4042 2868 4097 contritus
2901 4041 3216 4094 onerandus
3261 4049 3347 4094 est
3394 4039 3502 4094 Deo
3555 4040 3607 4094 in
3641 4056 3733 4094 sa-

2140 4135 2434 4200 crificium,
2488 4144 2543 4188 et
2583 4150 2680 4189 cor
2735 4133 3035 4188 contritum
3071 4141 3126 4185 ct
3178 4133 3524 4186 lnnniliatum
3581 4135 3731 4202 quod

2141 4227 2370 4298 pulchre
2407 4243 2468 4282 se
2511 4227 2563 4280 in
2602 4227 2685 4280 h‘is
2723 4223 2978 4294 gesserit,
3026 4237 3134 4277 non
3186 4223 3422 4292 deSpicit
3479 4225 3638 4290 Dens,
3674 4235 3732 4282 et

2141 4303 2404 4372 uldlatum
2445 4332 2570 4387 ιιι-αι’
2599 4317 2932 4372 contritione
2974 4317 3200 4384 spiritus
3250 4318 3514 4371 emissum
3559 4334 3731 4373 exau-

2139 4411 2248 4476 dit;
2299 4411 2381 4467 sic
2411 4411 2667 4466 contritio
2699 4409 2947 4479 quzedam
2988 4409 3341 4480 intelligenda
3389 4413 3518 4476 erit,
3558 4427 3728 4480 quam

2138 4516 2399 4577 operatur
2431 4504 2686 4559 Christus
2715 4501 2807 4571 qui
2840 4512 2899 4556 ut
2945 4501 3169 4556 obeitiat
3198 4500 3345 4555 Patri
3377 4517 3405 4556 a
3437 4517 3543 4572 quo
3568 4517 3728 4558 acce-

441 4579 593 4632 νέναι
627 4581 728 4633 οὐκ
756 4580 1026 4644 ὲξουθενεῖ
1056 4587 1084 4638 6
1116 4585 1269 4651 Θεὸς,
1307 4586 1403 4640 καὶ
1434 4587 1731 4662 ὀλολυγμὸν
1768 4595 1876 4648 ἀπὸ
1910 4615 2032 4652 συν-

2150 4599 2210 4667 riit
2245 4604 2438 4668 gentes
2471 4594 2525 4647 in
2559 4593 2959 4654 hzcreditatem,
2991 4600 3048 4646 et
3087 4592 3138 4645 in
3182 4593 3579 4662 possessionem
3615 4603 3726 4647 ter-

443 4671 637 4742 τριὸἧς
669 4673 982 4744 πνεύματος
1019 4676 1478 4750 ἀναπεμπόμενον
1512 4684 1826 4754 προσίεται’
1860 4689 2033 4755 οὕτως

443 4764 736 4836 ωντριὸήν
782 4784 906 4823 τινα
956 4773 1222 4842 νοήσομεν
1269 4773 1334 4842 ἢν
1384 4773 1677 4844 ἐργάζεται
1729 4780 1758 4831 ὁ
1799 4781 2033 4852 Χριστὸς

442 4855 762 4926 πειθόμενος
795 4860 874 4930 τῷ
903 4861 1045 4916 δόντι
1074 4865 1224 4935 αύτῷ
1248 4865 1318 4919 τὰ
1346 4865 1473 4940 ἔθνη
1507 4868 1896 4944 κληρονομίαν,
1937 4878 2033 4930 καὶ

440 4945 539 5016 τὴν
583 4949 910 5020 κατάσχεσιν
943 4953 1012 5006 τὰ
1051 4955 1266 5026 πέρατα
1311 4959 1410 5028 τῆς
1451 4961 1576 5030 γῆς,
1608 4963 1668 5015 τὸ
1704 4965 1906 5033 γεῶδες
1935 4971 2032 5022 καὶ

439 5037 623 5092 ὑλικὸν
639 5041 748 5095 ἀπὸ
767 5043 875 5097 τῶν
902 5045 1092 5102 παθῶν
1111 5048 1206 5100 καὶ
1231 5049 1341 5103 τῶν
1361 5051 1460 5121 τῆς
1488 5055 1686 5119 κακίας
1718 5057 2025 5130 ἰδιωμάτων

437 5133 874 5205 προσγενόμενον
913 5140 977 5209 τῇ
1010 5138 1154 5211 ψυχῇ
1192 5141 1530 5214 συνθραύων,
1567 5147 1690 5201 καθ’
1739 5149 1768 5202 6
1809 5151 2026 5206 εἰδωλορ

439 5221 631 5316 λάτραι
659 5221 800 5294 ἦσαν
824 5229 918 5281 καὶ
942 5230 1150 5302 πόρνοι.
1181 5233 1291 5287 Καὶ
1320 5234 1429 5306 γὰρ
1455 5236 1671 5306 λέγεται
1705 5242 1762 5294 ἐν
1791 5243 2024 5316 ἑϐδομη-

437 5313 614 5384 κοστῷ
659 5315 873 5389 ἑϐδόμῳ
924 5319 1157 5393 ψαλμῷ·
1198 5343 1218 5375 ι
1260 5326 1390 5379 Ὅτε
1433 5329 1756 5388 ἀπέκτεινεν
1800 5313 2020 5403 αὐτοὺς,

433 5403 555 5498 τότε
600 5407 826 5498 ἐζήτουν
877 5411 1061 5477 αὐτὸν,
1111 5415 1205 5467 καὶ¹
1238 5418 1573 5490 ἐπέστρεφον
1621 5423 1714 5476 καὶ
1755 5425 2022 5498 ὤρθριζον

433 5494 574 5591 πρὸς
609 5496 698 5591 τὸν
729 5498 882 5568 Θεὸν,
918 5503 1013 5556 καὶ
1059 5506 1429 5577 ἐμνήσθησαν,
1469 5513 1550 5565 ὅτι
1583 5515 1611 5566 6
1645 5514 1778 5580 Θεὸς
1807 5494 2022 5591 -βοηθὸς

432 5585 615 5678 αὐτῶν
654 5590 791 5656 ἐστι,
823 5593 917 5646 καὶ
959 5596 988 5647 6
1035 5597 1168 5661 Θεὸς
1199 5600 1228 5651 ό
1263 5599 1485 5669 ὕψιστος
1519 5604 1800 5678 λυτρωτὴς
1830 5585 2020 5667 *αὐτῶν

432 5677 594 5733 ἐστιν.
645 5699 663 5731 ι
701 5682 814 5736 Οὐκ
837 5685 1036 5740 ἄτοπον
1061 5689 1242 5745 τοίνυν
1273 5691 1334 5744 τὸ
1363 5693 1537 5759 οὕτως
1567 5698 2010 5773 ἀποκτίννυσθαι,

2134 4689 2316 4743 minos
2369 4700 2567 4750 terra},
2605 4694 2882 4738 terrenum
2933 4691 3000 4736 ρι’
3038 4683 3320 4737 materiale
3369 4698 3528 4738 onme
3577 4686 3725 4752 quod

2131 4779 2314 4832 anima
2343 4782 2700 4831 contraxerat
2723 4788 2790 4827 ex
2821 4771 3110 4828 affectibus
3137 4784 3188 4828 et
3224 4774 3446 4828 malitiae
3480 4778 3729 4845 prepric-

2132 4872 2356 4934 tatibus,
2375 4869 2628 4939 quodque
2658 4881 2753 4923 eos
2783 4865 3097 4920 idololatras
3125 4876 3179 4921 et
3199 4866 3562 4923 fornicatores
3587 4867 3722 4923 effe-

2129 4973 2280 5018 cerat
2315 4961 2634 5030 confringit.
2679 4960 2883 5013 Dicitur
2912 4960 3062 5012 enim
3101 4960 3154 5014 in
3187 4962 3590 5031 septuagesimo
3632 4979 3723 5018 se-

2134 5056 2305 5125 ptimo
2338 5055 2545 5124 psalmo
2568 5052 2661 5104 In‘:
2702 5067 2720 5101 ι
2757 5050 2894 5104 Cum
2926 5050 3208 5106 occideret
3236 5064 3352 5116 eos,
3398 5051 3722 5120 quaerebant.

2132 5162 2282 5212 eum,
2331 5157 2386 5202 et
2440 5151 2879 5220 revertebantur,
2927 5160 2985 5207 et
3023 5151 3262 5206 diluculo
3314 5153 3608 5206 veniebant
3651 5155 3718 5206 ad

2133 5241 2326 5310 Deum,
2353 5253 2409 5299 et
2441 5249 2785 5302 rememorati
2817 5258 2944 5303 sunt
2999 5253 3143 5320 quod
3181 5252 3320 5308 Deus
3354 5251 3571 5319 adjutor
3622 5266 3720 5306 eo-

2133 5350 2253 5388 rum
2304 5346 2410 5402 est,
2437 5348 2494 5392 et
2525 5338 2664 5394 Deus
2704 5341 2954 5396 excelsus
2987 5345 3299 5414 redemptor
3321 5360 3510 5399 eorum
3538 5353 3640 5398 est.
3691 5361 3713 5396 ι
3796 5365 3809 5382 ι

2129 5424 2248 5480 Non
2293 5427 2462 5498 igitur
2493 5432 2789 5486 absurdum
2827 5445 2911 5488 est
2955 5436 3026 5488 ita
3071 5438 3267 5498 occidi,
3326 5447 3494 5505 atque
3535 5447 3593 5489 ut
3621 5452 3719 5492 vas

2131 5519 2278 5589 figuli
2315 5524 2544 5576 conteri.
2583 5525 2719 5578 Nam
2750 5540 3073 5595 peccatores
3097 5567 3112 5592 ,
3145 5536 3417 5596 quatenus
3460 5538 3715 5598 peccato-

2127 5626 2237 5673 res.
2266 5622 2324 5665 ut
2367 5614 2442 5666 ait
2475 5617 2743 5684 propheta
2774 5615 3044 5672 Jcretnias
3085 5619 3154 5683 ⁸¹,
3187 5634 3286 5673 ceu
3319 5635 3446 5674 vasa
3474 5630 3714 5678 testacea

2125 5721 2293 5776 opera
2337 5723 2593 5763 manuum
2641 5708 2788 5778 ﬁguli
2826 5713 3231 5782 rcpntatisunt.

503 5855 548 5943 ‘_'
575 5857 700 5916 lsai.
735 5878 808 5935 χι,
842 5865 856 5918 l
887 5875 937 5921 ct
973 5883 1125 5939 seqq.
1205 5872 1247 5903 δί’
1280 5871 1364 5930 Ps.
1401 5891 1449 5939 L,
1489 5875 1567 5931 I9.
1647 5878 1692 5910 ⁸ο
1718 5878 1842 5935 lsai.
1884 5898 2007 5951 ιμ’,
2040 5885 2046 5938 1

2205 5886 2246 5920 ⁵³
2288 5885 2374 5943 Ps.
2423 5903 2628 5955 ιλιι-ιι,
2659 5887 2747 5942 ει.
2829 5889 3097 5947 “.Icrcm.
3134 5897 3203 5959 ιν,
3233 5891 3288 5950 2.
