4124 6440
401 377 532 436 Mil

1793 398 1886 453 EX
1923 400 2224 459 ORICENE

3522 402 3666 456 illi

402 502 435 571 ἢ
473 502 548 565 ὡς
592 501 784 567 σκεῦος
832 506 1117 576 κεραμέως
1166 509 1582 581 συντρίϐεσθαι·
1631 514 1724 566 καὶ
1763 514 1870 584 γὰρ
1919 518 1968 569 ei
2004 518 2345 590 ἁμαρτωλοὶ,
2401 520 2523 572 ὅσον
2586 519 2721 572 εἰσὶν
2762 518 3101 591 ἁμαρτωλοὶ,
3155 516 3545 587 ἐλογίσθησαν,
3589 517 3666 577 ὥς

399 611 562 664 φησιν
593 595 622 648 6
654 596 937 666 προφήτης
985 597 1272 670 Ἱερεμίας,
1320 603 1400 665 είς
1426 603 1624 672 ἀγγεῖα
1653 605 1967 677 ὀστράκινα,
2010 607 2146 678 ἔργα
2175 609 2373 680 χειρῶν
2398 608 2700 679 κεραμέως.

473 686 752 756 Ejusdem.
803 689 858 742 Si
893 691 1032 761 regit
1064 695 1366 749 secundum
1395 700 1815 766 promissionem
1858 701 1974 766 Dei,

2159 702 2269 756 T013
2311 703 2518 758 αὑτοῦ.
2571 703 2634 755 Εἰ
2681 701 2955 773 ποιμαίνει
3000 701 3112 772 (77)
3161 699 3281 753 κατ’
3331 697 3668 768 ἐπαγγελίαν

400 793 530 848 ergo
585 795 678 832 rex
730 790 814 835 est
868 780 1137 838 Christus.
1179 785 1294 840 Rex
1345 799 1528 844 autem
1575 801 1660 846 est
1695 807 1888 862 regens
1923 794 1976 848 in

402 872 553 940 virga
585 871 788 936 ferrea,
818 883 873 928 et
898 885 1087 944 pastor
1119 878 1314 934 bonus.

470 962 753 1030 Ejusdem.
782 962 945 1036 Virga
993 965 1112 1035 Dei,
1144 978 1227 1023 est
1257 980 1502 1040 potestas
1548 973 1664 1041 ejus
1691 984 1745 1028 et
1774 976 1980 1047 suppli-

398 1052 542 1106 cium
576 1054 901 1123 inﬁdelium,
935 1057 1040 1112 hoc
1075 1067 1182 1124 est,
1226 1059 1279 1115 in
1323 1077 1521 1130 cruce;
1571 1067 1728 1137 cujus
1759 1070 1976 1138 quidem

400 1146 630 1201 materia
665 1146 843 1218 lignea
878 1157 983 1215 est,
1019 1151 1101 1208 vis
1126 1163 1306 1209 autem
1348 1157 1550 1213 ferrea.

470 1235 636 1293 Vens.
677 1240 762 1295 10.
805 1241 875 1295 Et
921 1259 1084 1308 nunc,
1127 1261 1294 1316 reges,
1331 1249 1633 1319 intelligile,
1674 1254 1976 1323 erudimini,

404 1344 584 1384 omnes
633 1331 725 1402 qui
765 1331 1030 1402 iudicatis
1063 1344 1279 1401 terram,
1331 1349 1441 1394 etc.
1493 1341 1608 1396 Non
1660 1345 1891 1401 alienum
1948 1364 1977 1402 a

401 1421 711 1478 Salvatoris
739 1425 986 1482 bonitate
1016 1437 1098 1484 est
1121 1430 1458 1501 principibus
1480 1445 1538 1490 et
1563 1438 1783 1508 regibus
1819 1452 1978 1497 terra:

400 1517 494 1585 qui
534 1519 792 1577 adversus
823 1523 969 1578 illum
1003 1527 1352 1597 adsﬁterunt,
1387 1532 1568 1588 dicere
1602 1552 1617 1588 :
1659 1553 1678 1586 ι
1717 1535 1785 1591 Et
1808 1553 1976 1606 nunc,

404 1623 585 1678 reges,
626 1610 933 1684 intelligite.
993 1635 1012 1662 ι
1069 1618 1183 1673 Etsi
1233 1631 1390 1675 antea
1437 1624 1806 1692 imprudentes
1846 1631 1976 1685 mihi

406 1698 630 1754 insidias
655 1705 913 1770 parastis,
940 1715 995 1758 at
1020 1723 1162 1762 nunc
1193 1710 1484 1778 prudentes
1508 1715 1832 1785 resipiscite.
1864 1719 1978 1776 Cte-

404 1798 576 1876 terum
605 1791 730 1860 quia
763 1809 866 1848 vox
891 1795 994 1850 ista
1025 1813 1045 1848 ι
1079 1808 1237 1854 terrae
1273 1819 1294 1854 ι
1333 1802 1510 1871 alteri,
1552 1825 1570 1857 ‹
1606 1821 1780 1876 reges,
1830 1831 1849 1864 ι
1891 1813 1980 1866 ad-

400 1875 510 1972 dita
545 1893 652 1932 non
691 1888 793 1944 est,
823 1880 963 1937 forte
992 1899 1177 1955 regum
1206 1890 1425 1946 nomine
1452 1898 1974 1972 sanctosintelligit.

399 1964 533 2020 Nam
563 1970 779 2040 proprie
806 1987 900 2027 rex
925 1977 1124 2044 estqui
1156 1978 1475 2038 innocenter
1500 1985 1768 2055 imperare
1791 1964 1964 2045 novit.

2081 793 2237 860 Θεοῦ,
2266 795 2468 866 ποιμὴν
2499 790 2590 848 οῦν
2625 797 2653 848 6
2682 793 2934 865 Χριστός.
2969 793 3184 862 Ποιμήν
3205 791 3262 844 δέ
3295 792 3411 845 ἐστι
3443 788 3666 862 ποιμαί-

2080 903 2185 938 νων
2213 887 2270 939 ἐν
2301 886 2480 957 ῥάϐδῳ
2511 886 2728 956 σιδηρᾷ,
2759 885 2853 938 καὶ
2884 885 3086 956 ποιμὴν
3117 882 3300 948 καλός.

2157 975 2271 1029 Τοῦ
2298 974 2503 1030 αὐτοῦ.
2548 975 2768 1038 Ῥάὸδος
2797 972 2931 1028 Θεοῦ
2973 976 3007 1044 ή
3041 973 3277 1038 ἐξουσία,
3315 974 3348 1044 ἡ
3392 971 3533 1026 κατά
3554 972 3667 1026 τῶν

2081 1063 2448 1118 ἀπειθούντων
2486 1064 2745 1136 τιμωρία,
2791 1063 3068 1117 τουτέστιν
3109 1065 3166 1115 ἐν
3217 1062 3295 1134 τῷ
3338 1062 3577 1135 σταυρῷ·
3625 1064 3661 1134 ἡ

2085 1156 2183 1225 μὲν
2211 1155 2320 1227 γὰρ
2354 1156 2453 1226 ὕλη
2487 1155 2664 1220 ξύλου,
2693 1159 2726 1227 ή
2758 1156 2814 1209 δὲ
2854 1157 3005 1226 ἰσχὺς
3041 1155 3256 1226 σιδηρᾶ.

2150 1248 2259 1302 Καὶ
2294 1248 2428 1314 νῦν,
2456 1246 2756 1315 βασιλεῖς,
2790 1249 3025 1313 σύνετε,
3058 1245 3664 1314 παιδεύθητε,πάντες

2080 1344 2134 1395 οἱ
2151 1341 2460 1409 κρίνοντες
2482 1340 2597 1408 τὴν
2619 1340 2754 1412 γῆν,
2777 1357 2831 1392 κ.
2854 1357 2904 1393 τ.
2930 1340 2976 1392 ἐ.
2997 1338 3112 1393 Οὐκ
3131 1337 3409 1410 ἀλλότριον
3430 1337 3528 1408 μὲν
3548 1337 3660 1408 (78)

2081 1433 2177 1503 τῆς
2225 1432 2592 1504 χρηστότητος
2649 1431 2741 1484 τοῦ
2785 1429 3038 1502 Σωτῆρος
3084 1430 3145 1482 τὸ
3186 1433 3298 1494 τοῖς
3345 1429 3662 1500 παραστᾶσι

2083 1524 2362 1596 βασιλεῦσι
2381 1525 2481 1596 τῆς
2505 1525 2607 1596 γῆς
2639 1522 2777 1595 μετά
2797 1522 2904 1576 τῶν
2929 1522 3208 1595 ἀρχόντων
3229 1521 3337 1575 τῶν
3369 1519 3664 1592 συναχθέν-

2080 1635 2186 1672 των
2217 1618 2335 1672 κατ⁹
2366 1616 2529 1672 αὑτοῦ
2558 1615 2734 1685 λέγειν
2765 1616 2850 1679 τὸ,
2891 1635 2909 1667 ι
2941 1615 3054 1670 Καὶ
3078 1613 3194 1678 νῦν,
3234 1613 3492 1684 βασιλεῖς,
3531 1612 3661 1667 σύν-

2083 1726 2170 1764 ετε
2191 1727 2204 1740 ·
2242 1728 2268 1780 ι»
2300 1710 2348 1762 εί
2387 1707 2496 1778 γὰρ
2518 1708 2612 1760 καὶ
2640 1707 2917 1779 πρότερον·
2939 1707 3303 1776 ἀγνοήσαντες
3329 1703 3661 1759 ἐπεϐουλεύ-

2085 1818 2235 1867 σατε,
2282 1799 2418 1854 ἀλλά
2466 1798 2562 1852 νῦν
2605 1798 2858 1860 συνέντες
2903 1797 3293 1868 μετανοήσατε.
3349 1795 3440 1864 Τῳ
3479 1794 3537 1846 δὲ
3587 1790 3663 1866 μὴ

2085 1890 2440 1965 προσκεῖσθαι
2468 1890 2529 1943 τὸ
2568 1908 2585 1941 ι
2639 1887 2739 1959 τῆς
2779 1887 2920 1958 γῆς,
2975 1906 2993 1938 ι
3052 1888 3261 1957 μήποτε
3300 1902 3318 1936 ι
3360 1883 3598 1955 βασιλεῖς
3634 1899 3656 1936 ι

2082 1986 2208 2048 τοὺς
2252 1984 2442 2052 ἁγίους
2484 1981 2682 2053 φησίν·
2725 1979 2929 2052 κυρίως
2960 1977 3069 2049 γάρ
3113 1976 3364 2049 βασιλεὺς
3401 1977 3429 2030 6
3476 1975 3666 2046 ἄρχειν

401 2058 684 2150 Quomodo
711 2073 892 2118 autem
921 2081 1015 2121 rex
1045 2083 1151 2124 non
1176 2072 1306 2138 erit,
1336 2075 1427 2144 qui
1456 2091 1684 2146 regnum
1708 2081 1970 2137 cmlorum

2080 2079 2440 2150 ἐπιστάμενος
2489 2072 2896 2138 ἀνυπευθύνως.
2944 2073 3068 2136 Πῶς
3116 2072 3174 2126 δὲ
3230 2072 3290 2123 οὐ
3337 2069 3588 2140 βασιλεὺς
3635 2069 3664 2122 ὁ

404 2149 768 2242 hazreditabil,
789 2153 953 2228 544
973 2158 1177 2228 quique
1211 2161 1424 2221 futurus
1447 2179 1530 2223 est
1557 2169 1609 2224 in
1648 2187 1818 2242 regno
1842 2173 1975 2230 Dei?

399 2240 628 2312 Oportet
661 2255 843 2302 autem
880 2259 940 2304 ut
969 2253 1053 2307 vir
1092 2265 1338 2323 sanctus,
1370 2262 1459 2330 qui
1499 2240 1769 2333 imperare
1800 2282 1969 2322 cona-

402 2343 511 2402 tur,
548 2351 577 2391 a
628 2338 810 2409 seipso
856 2346 1202 2418 propriisque
1244 2350 1526 2410 aifectibus
1576 2355 1821 2427 incipiat.
1879 2359 1976 2416 llis

400 2427 543 2481 enim
598 2431 870 2501 imperare
894 2451 1016 2492 eum
1046 2453 1186 2510 opus
1219 2452 1321 2508 est,
1352 2458 1454 2500 nec
1485 2447 1719 2516 amplius
1753 2460 1976 2520 peccato

402 2520 548 2575 vinci
579 2523 724 2592 quod
753 2526 807 2579 in
845 2541 1040 2586 nostro
1073 2533 1286 2588 mortali
1333 2549 1564 2606 corpore
1593 2554 1822 2610 regnare
1851 2542 1978 2596 niti-

403 2623 510 2667 tur.
559 2614 783 2673 Videtur
827 2636 954 2676 vero
1000 2626 1256 2693 Verbum,
1291 2629 1714 2703 ἐπιστημώθητε
1759 2653 1777 2686 ι
1829 2635 1976 2691 edis-

403 2705 534 2773 cite,
577 2727 598 2760 ι
635 2720 691 2763 ut
716 2712 912 2780 Aquila
942 2717 1128 2782 vertit,
1161 2719 1419 2786 majorem
1457 2724 1759 2792 emphasim
1819 2725 1980 2782 hahe-

403 2813 483 2864 re,
514 2815 675 2870 quam
701 2803 848 2870 illud,
877 2806 1064 2863 σύνετε
1097 2830 1115 2863 ι
1155 2811 1457 2884 intelligite.
1493 2836 1512 2869 ›
1545 2817 1798 2888 Praecipit
1829 2820 1976 2874 enim

404 2899 463 2943 ut
487 2892 720 2948 scientia
752 2898 967 2968 regibus
997 2902 1132 2959 solis
1175 2907 1390 2974 propria
1421 2909 1752 2979 accipiatur.
1789 2930 1806 2963 ι
1845 2912 1978 2966 Eru-

401 2981 816 3046 dimini,omnes
846 2989 935 3058 qui
975 2990 1237 3059 judicatis
1268 3003 1464 3050 terram
1495 3039 1506 3052 .
1547 3017 1564 3050 ι
1606 2998 1976 3066 Quemadmo-

399 3068 531 3162 dum
565 3072 766 3144 duplici
801 3079 961 3135 modo
994 3096 1151 3152 reges
1178 3088 1508 3155 accepimus,
1553 3091 1636 3146 sic
1656 3099 1709 3145 et
1735 3106 1830 3147 eos
1880 3091 1973 3162 qui

394 3159 644 3229 judicant
691 3176 894 3223 terram
939 3171 1244 3244 intelligere
1305 3193 1615 3248 possumus.
1680 3181 1774 3238 Vel
1827 3159 1975 3239 enim

409 3255 681 3327 principes
709 3264 1026 3334 congregati
1076 3265 1128 3320 in
1187 3282 1352 3322 unum
1383 3270 1648 3330 adversus
1685 3274 1974 3331 Dominum

399 3363 456 3407 et
486 3353 752 3413 adversus
787 3359 1067 3416 Christum
1097 3362 1236 3433 ejus,
1265 3366 1514 3423 dicentur
1541 3369 1577 3424 ii
1601 3371 1693 3442 qui
1722 3370 1977 3440 judicant

405 3452 633 3514 terram,
671 3463 796 3503 cum
853 3453 1157 3524 principum
1200 3460 1481 3530 proprium
1527 3477 1664 3532 opus
1711 3465 1783 3520 sit
1828 3463 1976 3532 judi-

401 3549 531 3590 care
568 3554 583 3602 ;
619 3539 702 3594 vel
757 3542 849 3611 qui
887 3542 1137 3611 judicant
1183 3557 1418 3617 terram,
1466 3555 1644 3609 sancti
1689 3564 1873 3622 erunt,
1921 3565 1980 3612 ut

399 3629 772 3689 ostendemus.
803 3634 935 3692 lllud
964 3649 1168 3707 autem,
1215 3658 1235 3693 ι
1285 3644 1601 3710 erudimini,
1639 3665 1658 3698 ι
1698 3646 1782 3702 vel
1810 3647 1980 3716 signi-

400 3722 530 3778 ﬁcat
569 3723 712 3780 istud
749 3744 762 3780 :
807 3729 1003 3787 tradite
1068 3748 1163 3790 vos
1213 3737 1541 3806 correptioni
1589 3747 1647 3793 et
1692 3739 1978 3806 doctrinae,

400 3814 489 3870 vel
537 3817 714 3885 ptenis
747 3833 868 3889 qua:
892 3823 1152 3880 erudiunt
1175 3841 1271 3882 eos
1297 3827 1393 3897 qui
1417 3829 1685 3898 ejusmodi
1722 3833 1980 3890 remediis

400 3907 674 3978 indigent.
703 3909 921 3977 Quaeret
966 3916 1201 3974 fortasse
1229 3920 1506 3990 quispiam
1540 3935 1607 3976 an
1646 3923 1802 3993 juxta
1858 3939 1977 3980 eam

400 4013 522 4067 quae
573 3998 628 4055 in
663 4003 844 4071 pinnis
871 4013 974 4062 est.
1008 4008 1354 4079 disciplinam
1395 4010 1652 4081 jubeatur
1695 4015 1815 4086 quis
1848 4030 1976 4071 eru-

401 4090 528 4158 diri,
555 4104 611 4147 et
643 4093 877 4152 libenter
902 4098 1140 4170 seipsum
1162 4102 1211 4156 ei
1245 4101 1488 4158 tradere.
1519 4103 1976 4176 ReSpondendum

398 4190 483 4236 est
511 4182 640 4240 huic
675 4187 960 4254 quaestioni
1009 4193 1074 4245 de
1107 4205 1215 4260 qna
1251 4192 1438 4249 multis
1472 4195 1640 4253 haeret
1665 4213 1828 4268 aqua,
1855 4214 1978 4256 esse

397 4271 542 4330 forte
577 4277 868 4346 quosdam,
918 4279 1033 4350 qui,
1067 4283 1210 4351 quod
1249 4283 1487 4343 infantes
1535 4288 1668 4358 sint,
1704 4291 1862 4347 inviti
1889 4291 1975 4348 ‘ad

396 4365 539 4423 hanc
568 4368 918 4439 disciplinam
959 4375 1270 4430 trahuntur.
1303 4377 1370 4433 Et
1415 4378 1469 4433 hi
1512 4389 1641 4435 sunt
1673 4381 1740 4437 de
1781 4383 1978 4452 quibus

395 4458 668 4532 Propheta
699 4461 833 4518 dicit
863 4464 908 4496 ⁸³
943 4481 958 4520 :
995 4485 1013 4518 ι
1051 4464 1108 4521 Si
1143 4468 1542 4538 dercliqucrint
1585 4472 1682 4527 lilii
1733 4474 1851 4544 ejus
1901 4473 1978 4530 le—

396 4567 518 4622 gem
565 4569 765 4620 meam,
799 4567 854 4612 et
883 4557 935 4612 in
983 4558 1208 4627 iudiciis
1246 4562 1383 4616 meis
1415 4579 1522 4618 non
1550 4564 1975 4635 ambulaverint,

391 4646 438 4698 sl
480 4641 721 4710 justitias
761 4662 913 4704 meas
971 4651 1399 4719 profanaverint,
1449 4665 1506 4711 et
1545 4657 1800 4712 mandata
1856 4675 1974 4715 mea

2081 2168 2435 2243 κληρονομῶν
2489 2165 2767 2237 βασιλείαν
2821 2162 3088 2236 οὐρανῶν,
3155 2163 3250 2216 καὶ
3301 2162 3559 2232 ἐσόμενος
3604 2160 3664 2214 ἐν

2083 2263 2328 2337 βασιλείᾳ,
2363 2261 2455 2315 τοῦ
2491 2259 2666 2325 Θεοῦ;
2701 2258 2811 2312 Καὶ
2858 2256 2939 2310 δεῖ
2970 2273 3034 2326 γε
3064 2255 3155 2310 τὸν
3191 2254 3366 2324 ἅγιον,
3404 2251 3666 2322 ἀγωνιζό-

2085 2375 2242 2430 μενον
2271 2352 2600 2428 βασιλεύειν,
2633 2350 2900 2424 ἄρξασθαι
2934 2350 3026 2420 ἀφ’
3057 2347 3223 2404 αὑτοῦ
3252 2345 3481 2402 καὶτῶν
3519 2345 3662 2399 ἰδίων

2081 2449 2418 2520 κινημάτων.
2455 2446 2672 2499 Τούτων
2723 2443 2832 2515 γὰρ
2882 2441 3146 2515 πρότερον
3196 2437 3510 2510 βασιλεῦσαι
3563 2436 3662 2501 δεῖ,

2085 2540 2281 2613 μηκέτι
2315 2537 2730 2610 βασιλευόμενον
2747 2535 2852 2589 ὑπὸ
2875 2533 2976 2606 τῆς
2995 2531 3268 2605 ἁμαρτίας
3300 2530 3404 2602 τῆς
3435 2529 3664 2602 μεμελε-

2079 2631 2308 2704 τηκυίας
2341 2629 2643 2702 βασιλεύειν
2668 2629 2727 2682 ἐν
2747 2627 2825 2699 τῷ
2852 2625 3030 2697 θνητῷ
3056 2624 3213 2696 ἡμῶν
3240 2623 3472 2694 σώματι.
3504 2622 3665 2674 Δοκεῖ

2081 2724 2237 2789 δὲτὸ,
2279 2742 2296 2774 ι
2327 2719 2770 2794 ἐπιστημώθητε,
2797 2739 2814 2772 ι
2840 2719 2913 2784 ὡς
2944 2718 3178 2780 Ἀκύλας
3210 2715 3526 2777 ἐκδέδωκεν,
3558 2714 3658 2783 ἐμ-

2083 2815 2454 2887 φατικώτερον
2485 2807 2624 2867 εἶναι
2664 2812 2756 2866 τοῦ
2790 2829 2807 2863 ι
2856 2810 3066 2875 σύνετε,
3104 2827 3124 2861 ›
3170 2805 3509 2876 προστάσσον
3542 2802 3661 2854 ἐπι-

2084 2911 2182 2980 στή
2192 2924 2297 2980 μην
2338 2904 2625 2960 ἀναλαϐεῖν
2651 2903 2856 2958 οἰκείαν
2883 2897 3048 2956 οὖσαν
3070 2900 3172 2954 ούκ
3205 2898 3349 2968 ἄλλῳ
3375 2913 3453 2967 τῳ
3485 2893 3519 2966 ἢ
3549 2895 3664 2958 τοῖς

2083 2999 2384 3071 βασιλεῦσιο
2439 3017 2457 3049 ι
2517 2992 3099 3067 Παιδεύθητε,πάντες
3142 2991 3193 3044 οἱ
3239 2990 3516 3062 κρίνοντες
3564 2984 3666 3055 τὴν

2081 3093 2205 3164 γῆν.
2244 3110 2263 3143 ι
2301 3093 2398 3144 Ὃν
2426 3090 2626 3162 τρόπον
2657 3085 2820 3159 διχῶς
2848 3083 3213 3156 ἐξεδεξάμεθα
3244 3082 3371 3145 τοὺς
3401 3078 3662 3150 βασιλεῖς,

2081 3185 2253 3249 οὕτως
2281 3185 2514 3248 καὶτοὺς
2545 3182 2828 3254 κρίνοντας
2855 3179 2952 3250 τὴν
2977 3177 3081 3249 γῆν
3111 3175 3300 3247 νοῆσαι
3326 3173 3476 3244 ἡμᾶς
3501 3171 3660 3224 δυνα-

2082 3276 2192 3332 τόν.
2232 3275 2305 3330 ’Ἡ
2339 3276 2446 3346 γὰρ
2473 3276 2521 3328 oi
2555 3275 2816 3344 ἄρχοντες
2853 3270 2903 3324 οί
2933 3269 3289 3340 συναχθέντες
3315 3265 3407 3319 ἐπὶ
3447 3263 3508 3317 τὸ
3534 3259 3663 3316 αὐτὸ

2085 3366 2226 3422 κατὰ
2251 3365 2343 3420 τοῦ
2369 3366 2575 3438 Κυρίου
2597 3363 2691 3417 καὶ
2720 3362 2861 3416 κατά
2885 3360 2979 3414 τοῦ
3005 3358 3240 3431 Χριστοῦ
3269 3356 3434 3410 αὐτοῦ
3455 3354 3668 3428 κρίνον-

2079 3478 2170 3525 τες
2199 3457 2440 3529 λέγοιντο
2460 3455 2524 3510 ἃν
2557 3456 2655 3526 τὴν
2681 3455 2803 3525 γῆν,
2835 3452 3037 3506 οἰκείου
3065 3452 3178 3514 τοῖς
3213 3449 3470 3520 ἄρχουσιν
3500 3447 3664 3518 ἔργου

2079 3551 2434 3624 τυγχάνοντος
2455 3549 2548 3602 τοῦ
2564 3546 2770 3619 κρίνειν
2791 3563 2802 3574 ·
2829 3545 2862 3616 ἢ
2887 3544 3162 3614 κρίνοντες
3185 3543 3283 3613 τὴν
3308 3542 3410 3612 γῆν
3426 3544 3474 3593 οἱ
3497 3541 3662 3608 ἅγιοι,

2079 3647 2154 3710 ὡς
2196 3641 2463 3713 δείξομεν.
2493 3641 2567 3694 Τὸ
2611 3639 2687 3704 δὲ,
2739 3657 2757 3689 ι
2793 3635 3140 3707 παιδεύθητε,
3184 3653 3202 3688 ι
3243 3635 3362 3704 ’ήτοι
3394 3633 3543 3704 δηλοῖ
3578 3631 3661 3694 τὸ,

2079 3739 2145 3808 τῇ
2174 3734 2393 3806 παιδείᾳ
2422 3733 2516 3788 καὶ
2547 3730 2867 3801 διδασκαλίᾳ
2898 3728 3128 3791 ἐαυτοὺς
3159 3724 3450 3796 παράδοτε,
3485 3721 3517 3792 ἢ
3551 3722 3665 3784 τοῖς

2080 3827 2459 3898 κολαστηρίοις
2494 3828 2608 3890 τοῖς
2642 3822 2957 3878 παιδεύουσι
2996 3820 3124 3885 τοὺς
3150 3817 3405 3874 τοιούτων
3438 3814 3664 3887 φαρμά-

2080 3937 2190 3974 κων
2229 3915 2601 3990 δεδεημένους.
2634 3915 2796 3978 Είκὺς
2820 3914 2896 3981 δὲ,
2937 3911 3165 3984 ζητήσει
3191 3927 3274 3974 τις
3318 3910 3366 3962 εί
3397 3907 3539 3961 κατά
3567 3904 3664 3977 τὴν

2079 4013 2136 4066 ἐν
2167 4011 2420 4066 κολάσεσι
2459 4007 2708 4065 παιδείαν
2743 4001 3145 4080 προστάσσεταί
3173 4019 3256 4066 τις
3280 3998 3663 4068 παιδευθῆναι,

2079 4103 2172 4159 καὶ
2196 4101 2457 4166 ἑκουσίως
2491 4099 2680 4155 ἐαυτὸν
2712 4097 2887 4169 ταύτῃ
2914 4092 3268 4167 παραδοῦναι.
3312 4087 3661 4160 Ἀποκριτέον

2077 4198 2133 4252 δὲ
2160 4196 2295 4268 πρὸς
2336 4195 2432 4266 τὴν
2466 4193 2693 4266 ζήτησιν
2733 4189 2997 4244 πλειόνων
3027 4186 3170 4242 κατά
3207 4185 3299 4238 τὸν
3328 4183 3490 4236 τόπον
3525 4181 3663 4234 ἀπο-

2081 4289 2380 4361 ρουμένων,
2414 4286 2498 4340 ὅτι
2539 4284 2681 4356 τάχα
2715 4281 2813 4355 μέν
2843 4299 3010 4346 τινες,
3054 4278 3131 4351 τῷ
3163 4273 3302 4332 εῖναι
3331 4276 3535 4348 νήπιοι,
3571 4273 3664 4326 καὶ

2079 4381 2304 4442 ἄκοντες
2347 4377 2440 4431 ἐπὶ
2485 4375 2583 4448 τὴν
2630 4373 2884 4444 τοιαύτην
2938 4371 3216 4425 παίδευσιν
3269 4367 3534 4422 ἕλκονταιο
3570 4363 3664 4418 καὶ¹

2077 4463 2220 4523 οὗτοί
2240 4485 2304 4537 γε
2331 4467 2458 4538 περὶ
2486 4459 2560 4519 ὧν
2581 4467 2610 4519 ὁ
2648 4464 2940 4537 Προφήτης
2969 4460 3132 4533 φησίν
3151 4475 3165 4491 ο
3203 4479 3221 4511 ι
3272 4458 3400 4512 Ἐὰν
3429 4458 3665 4525 ἐγκατα-

2078 4559 2336 4613 λείπωσιν
2368 4557 2419 4611 oi
2465 4557 2573 4610 uici.
2615 4555 2779 4610 αὐτοῦ
2808 4555 2899 4608 τὸν
2943 4553 3108 4624 νόμον
3154 4569 3276 4623 μου,
3321 4551 3416 4602 καὶ
3463 4549 3521 4600 ἐν
3553 4547 3664 4608 τοῖς

2080 4650 2310 4724 κρίμασι
2372 4666 2472 4721 μου
2519 4648 2593 4720 μὴ
2644 4644 3010 4718 πορευθῶσιν·
3064 4642 3159 4698 ἐὰν
3205 4641 3276 4696 τὰ
3321 4636 3666 4710 δικαιώματά

393 4749 500 4788 non
534 4737 916 4807 custodierint,
939 4741 1170 4799 visitabo
1191 4745 1244 4799 in
1266 4745 1412 4816 virga
1431 4745 1745 4815 iniquitates
1760 4765 1974 4817 eorum,

2086 4761 2187 4816 μου
2223 4740 2624 4814 βεϐηλώσωσιν,
2656 4738 2749 4792 καὶ
2786 4738 2884 4802 τὰς
2913 4734 3134 4799 ἐντολάς
3178 4752 3277 4805 μου
3313 4732 3386 4806 μὴ
3416 4729 3663 4801 φυλάξω·-

394 4836 451 4878 ct
479 4826 530 4880 in
559 4829 879 4886 verberibus
914 4843 1136 4901 peccata
1164 4849 1373 4905 eorum,
1416 4839 1841 4898 misericordiam
1875 4859 1975 4899 au-

395 4921 506 4966 tem
535 4930 712 4974 meam
758 4935 863 4976 non
901 4922 1204 4996 diSpergam
1240 4929 1306 4982 ah
1329 4943 1414 4984 eo.
1463 4947 1482 4982 ι
1521 4928 1686 4987 Forte
1720 4933 1888 4988 etiam
1919 4935 1971 4991 in

395 5011 785 5067 conscientiam
838 5017 1184 5084 propriorum
1239 5020 1486 5090 lapsuum
1519 5023 1799 5082 venientes
1843 5029 1968 5096 qui-

397 5107 545 5172 dam,
573 5103 804 5172 seipsos,
843 5108 1042 5178 quippe
1079 5110 1195 5180 qui,
1229 5123 1282 5166 nt
1311 5123 1598 5181 curentur,
1635 5117 1880 5188 indigent
1903 5134 1969 5173 eo

394 5195 489 5266 qui
541 5198 772 5253 curandi
827 5203 1034 5269 peritus
1084 5214 1187 5271 e5t,
1231 5207 1448 5261 tradunt
1480 5209 1820 5280 aSperrimis,
1852 5225 1975 5280 quae

390 5306 487 5346 eos
532 5290 786 5347 meliores
833 5293 1061 5348 reddere
1101 5305 1326 5363 queunt,
1375 5299 1810 5355 medicamentis.
1845 5300 1974 5369 Opi-

392 5399 492 5437 nor
523 5393 702 5438 autem
743 5400 806 5440 ex
843 5386 946 5442 hoc
976 5403 1202 5443 numero
1236 5405 1356 5445 esse
1385 5405 1480 5447 eos
1516 5393 1582 5448 de
1611 5393 1812 5461 quibus
1831 5392 1971 5463 apud

462 5544 509 5577 ⁸³
533 5543 626 5600 Ps.
654 5513 920 5615 Lxxxvnl,
945 5550 1035 5616 51,
1067 5550 1155 5614 52,
1182 5551 1272 5618 55,
1298 5551 1389 5606 54.

471 5678 580 5797 $77)
617 5684 685 5733 El
712 5682 1031 5751 ποιμαίνει,
1068 5693 1174 5739 etc.
1225 5685 1268 5738 E
1302 5685 1519 5738 schcdis
1555 5683 1761 5745 Grahii,
1811 5688 1973 5756 atque

397 5747 468 5796 im
496 5748 634 5797 idem
655 5751 1024 5797 donrmnnlnm
1049 5762 1134 5797 est.
1158 5770 1388 5797 ennium:
1412 5753 1794 5797 fragmentum-
1815 5747 1973 5797 Ῥάϐ-

496 5747 1025 5824 i‘19"1dt‘liro'mptum
1049 5762 1134 5808 est
1157 5770 1388 5823 sequens
1411 5753 1796 5824 fragmentum,
1815 5747 1973 5804 Ῥάϐ-

396 5817 484 5878 δλς
513 5815 669 5885 Θεοῦ,
707 5829 812 5873 CIC.

2081 4855 2184 4900 σιν,
2221 4833 2589 4904 ἐπισκέψομαι
2618 4833 2675 4885 ἐν
2712 4829 2892 4901 ῥάϐδῳ
2919 4827 3020 4892 τὰς
3059 4826 3288 4897 ἀνομίας
3324 4824 3523 4888 αὐτῶν,
3568 4819 3664 4875 καὶ

2077 4929 2134 4983 ἐν
2173 4925 2390 5000 μάστιξι
2416 4925 2515 4988 τὰς
2546 4923 2822 4994 ἁμαρτίας
2853 4920 3053 4984 αὐτῶν,
3087 4919 3147 4971 τὸ
3175 4919 3232 4972 δέ
3267 4917 3412 4981 ἔλεός
3455 4933 3556 4988 μου
3586 4914 3662 4986 μὴ

2075 5017 2412 5074 διασκεδάσω
2439 5015 2535 5069 ἀπ’
2557 5013 2744 5068 αὐτοῦ.
2777 5033 2795 5064 ›
2825 5013 2977 5084 Τάχα
3005 5012 3063 5064 δὲ
3091 5012 3184 5066 καὶ
3205 5013 3284 5074 εἰς
3310 5005 3661 5078 συναίσθησιν

2081 5111 2325 5174 ἐλθόντες
2362 5108 2472 5162 τῶν
2518 5107 2663 5159 ἰδίων
2697 5104 3054 5176 πταισμάτων
3095 5101 3239 5164 τινὲς
3275 5097 3660 5172 παραδιδόασιν

2079 5204 2331 5265 ἑαυτοὺς,
2361 5199 2435 5263 ὡς
2462 5199 2554 5251 ἐπὶ
2587 5196 2854 5269 θεραπείᾳ
2891 5195 3131 5266 δεόμενοι
3173 5192 3265 5245 τοῦ
3292 5191 3388 5263 τὴν
3430 5187 3659 5259 ἐπιστή-

2083 5314 2190 5368 μην
2216 5293 2417 5365 ταύτην
2451 5291 2686 5362 ἔχοντος,
2719 5291 2831 5353 τοῖς
2860 5286 3283 5349 ἐπιπονωτάτοις
3311 5283 3405 5336 καὶ
3440 5277 3660 5352 βελτιῶ-

2081 5405 2170 5442 σαι
2198 5385 2534 5456 δυναμένοις.
2571 5379 2738 5454 Οἶμαι
2770 5379 2828 5434 δέ
2857 5379 3062 5434 τούτων
3092 5373 3228 5430 εἶναι
3260 5377 3386 5440 τοὺς
3410 5372 3560 5445 παρά
3581 5372 3660 5442 τῷ

2153 5676 2263 5756 (78)
2299 5678 2434 5756 Οὐκ.
2457 5675 2779 5756 ἀλέότριογ
2805 5672 2951 5756 μένι
2974 5681 3078 5756 etc.
3113 5669 3389 5756 E'scjtcdis
3421 5668 3649 5756 Cernite.

2081 5739 2212 5870 gsiil,
2234 5739 2300 5826 et.
2315 5747 2503 5802 codice
2532 5739 2890 5802 Barocciano.
2930 5741 3123 5798 Latine
3155 5739 3321 5796 habes
3355 5739 3407 5796 in
3448 5740 3653 5797 Catena

2130 5834 2183 5870 λι·
2207 5832 2322 5870 Ian.
