4124 6424
433 429 571 486 1115

434 650 659 688 καυστοι
682 649 696 663 ο
739 652 757 683 ι
797 631 1040 694 καὶτοὺς
1063 630 1389 701 εὐχομένους
1413 631 1552 685 κατά
1585 631 1676 684 τὸν
1723 630 2013 703 Ἰερεμίαν,

435 725 530 777 καὶ
577 723 863 792 λέγοντας·
925 740 944 771 ι
991 720 1288 773 Παίδευσον
1325 721 1494 792 ἡμᾶς,
1545 720 1739 790 Κύριε,
1774 719 1911 790 πλὴν
1959 721 2016 773 ἐν

434 817 634 888 κρίσει,
668 815 760 868 καὶ
798 813 871 886 μὴ
903 817 960 869 ὲν
992 812 1171 883 θυμῷ,
1203 813 1290 866 ἵνα
1320 812 1394 884 μὴ
1435 813 1648 880 ὀλίγους
1674 813 1825 883 ἡμᾶς
1867 812 2017 881 ποιή-

436 926 554 982 σῃς.
589 928 608 960 ι
637 908 717 961 Τά
742 907 848 979 γάρ
875 907 1107 961 ἐπίπονα
1137 906 1229 962 καὶ
1253 905 1323 959 τά
1355 905 1685 978 σφοδρότεροι
1716 904 2015 978 παραιτού-

438 1015 608 1068 μενοι,
644 997 743 1061 τὰς
776 998 1027 1060 κολάσεις
1069 997 1131 1050 οὐ
1180 995 1359 1068 πάντη
1403 995 1796 1067 παραιτοῦνται
1842 995 1910 1048 δι’
1942 987 2016 1047 ὧν

436 1090 702 1158 λέγουσιν.
745 1090 1161 1161 Ἐπιστήσωμεν
1188 1088 1244 1140 δὲ
1274 1089 1322 1140 εί
1370 1088 1444 1160 μὴ
1478 1087 1586 1141 τῶν
1617 1087 1880 1150 ἑκουσίως
1923 1103 2016 1139 κο-

433 1180 747 1252 λαζομένων
788 1181 937 1233 ἐστὶν
976 1183 1008 1252 ἡ
1039 1179 1272 1249 λέγουσα
1299 1180 1450 1250 φωνή
1475 1196 1487 1209 ·
1526 1197 1545 1230 ι
1587 1177 1786 1250 Ὀργὴν
1810 1176 2016 1248 Κυρίου

433 1274 662 1339 ύποίσω,
693 1275 774 1328 ὅτι
807 1273 1054 1348 ἥμαρτον
1089 1272 1257 1344 αύτῷ,
1292 1272 1399 1336 ἓως
1422 1271 1513 1325 τοῦ
1542 1271 1831 1324 δικαιῶσαι
1856 1269 2018 1323 αὐτὸν

434 1363 530 1433 τήν
559 1364 713 1435 δίκην
744 1380 866 1435 μου.
907 1383 925 1416 ι
969 1364 1121 1433 Τάχα
1155 1360 1246 1417 οὖν
1273 1365 1366 1416 xai.
1401 1365 1448 1416 οί
1479 1363 1756 1434 κρίνοντες
1789 1361 1886 1433 τὴν
1915 1360 2020 1429 γῆν

433 1457 494 1508 οὐ
531 1455 1004 1526 παιδευθήσονται,
1047 1454 1142 1509 ἐὰν
1184 1455 1259 1526 μὴ
1291 1455 1518 1518 ἑαυτοὺς
1544 1453 1620 1524 τῷ
1672 1451 2018 1508 παιδεύεσθαι

435 1547 768 1619 παραδῶσιν.
840 1546 1058 1618 Ἐπειδὴ
1109 1548 1164 1601 δὲ
1219 1547 1417 1620 μᾶλλον
1469 1543 1898 1617 προσετιθὲμεθα
1941 1541 2021 1613 τῷ

436 1639 678 1709 βασιλεῖς
727 1635 866 1693 εἶναι
921 1640 1047 1703 τοὺς
1095 1641 1186 1692 ἐπὶ
1241 1641 1342 1712 τὴν
1385 1638 1602 1693 σύνεσιν
1653 1637 2022 1708 καλουμένους

434 1731 641 1799 ἁγίους,
679 1731 811 1802 φέρε
834 1730 1230 1802 παραπλησίως
1253 1729 1451 1800 ἴδωμεν
1471 1729 1563 1782 καλ¹
1585 1729 1712 1790 τοὺς
1737 1729 2021 1799 κρίνοντας

434 1825 533 1895 τὴν
563 1824 686 1894 γῆν.
719 1823 877 1876 Ἰδιον
900 1821 956 1874 δὲ
985 1820 1144 1874 τοῦτο
1164 1821 1272 1873 τῶν
1311 1820 1480 1890 ἀγίων
1512 1820 1862 1892 εὑρίσκομεν,
1896 1820 2018 1890 κρί-

435 1931 546 1967 νειν
567 1913 632 1966 δι’
666 1905 741 1966 ὧν
779 1908 838 1966 εὖ
875 1912 1231 1984 πεποιήκασι,
1282 1914 1408 1976 τοὺς
1449 1913 1524 1984 μὴ
1571 1912 1638 1966 τά
1683 1912 1844 1983 ὃμοια
1891 1910 2016 1984 ἐζη-

433 2003 694 2068 λωκότας.
731 2023 748 2055 ι
791 2004 1015 2075 Ἀνδρες
1055 2023 1074 2055 ι
1115 2003 1222 2075 γάρ
1255 2023 1272 2055 ι
1297 2004 1579 2057 Νινευῖται
1619 2004 2016 2074 ἀναστήσονται

434 2095 494 2147 ἐν
534 2097 599 2165 τῇ
637 2094 816 2166 κρίσει
852 2096 946 2149 καὶ
987 2094 1375 2166 κατακρινοῦσι
1405 2097 1532 2159 τοὺς
1573 2094 1891 2166 ἀνθρώπους
1919 2093 2017 2164 τῆς

435 2189 628 2252 γενεᾶς
643 2185 868 2258 ταύτης,
889 2188 971 2240 ὅτι
998 2186 1329 2258 μετενόησαν
1347 2189 1426 2250 εἰς
1450 2187 1510 2239 τὸ
1539 2188 1801 2258 κήρυγμα
1840 2187 2014 2250 Ἰωνᾶ,

437 2275 532 2328 καὶ
571 2276 678 2330 ἰδοὺ
716 2276 899 2329 πλεῖον
939 2278 1094 2332 Ἰωνᾶ
1116 2271 1240 2344 ὧδε,
1281 2298 1297 2329 ι
1343 2279 1507 2351 φησὶν
1537 2281 1564 2333 6
1594 2279 1804 2350 Σωτήρ.
1860 2276 2018 2330 ’Λλλά

437 2366 530 2418 καὶ
567 2383 584 2417 ι
613 2365 900 2436 βασίλισσα
937 2368 1091 2421 νότου
1133 2369 1493 2440 ἐγερθήσεται
1527 2371 1584 2422 ὲν
1608 2371 1673 2441 τῇ
1702 2369 1901 2441 κρίσει,
1925 2368 2020 2422 καὶ

436 2463 760 2529 κατακρινεῖ
785 2461 913 2526 τοὺς
944 2461 1266 2535 ἀνθρώπους
1302 2463 1400 2535 τῆς
1430 2464 1624 2531 γενεᾶς
1663 2462 1887 2532 ταύτης,
1935 2462 2017 2515 ὅτι

433 2549 596 2625 ἢλθεν
632 2554 740 2608 ἀπὸ
783 2554 893 2610 τῶν
934 2556 1186 2628 περάτων
1229 2555 1326 2625 τῆς
1369 2555 1474 2625 γῆς
1517 2553 1746 2608 ἀκοῦσαι
1790 2554 1887 2624 τῆς
1928 2570 2018 2606 σο-

437 2646 566 2713 φίας
591 2646 956 2717 Σολομῶντος,
990 2648 1084 2701 ttat
1117 2647 1225 2700 ἰδοὺ
1263 2646 1447 2698 πλεῖον
1472 2645 1816 2716 Σολομῶντος
1839 2639 1962 2698 ὦδε.
1993 2663 2014 2697 ι

437 2735 648 2790 Οὐκοῦν
686 2738 966 2791 Νινευῖται
1001 2739 1093 2791 καὶ
1134 2741 1166 2808 ὴ
1211 2736 1498 2807 βασίλισσα
1541 2737 1692 2790 νότου
1736 2736 1845 2789 τῶν
1897 2753 2020 2807 κρι-

438 2824 636 2879 νόντων
677 2826 784 2880 εἰσὶ
818 2828 946 2890 τοὺς
979 2826 1073 2880 τοῦ
1117 2826 1372 2898 Σωτῆρος
1419 2826 1780 2890 ἀκούσαντας,
1812 2825 1907 2879 καὶ
1944 2825 2019 2896 μὴ

442 2916 863 2986 μεταϐαλόντας,
894 2919 989 2971 καὶ
1025 2918 1151 2981 τοὺς
1183 2919 1701 2989 καταφρονήσαντας
1736 2918 1834 2987 τῆς
1874 2916 2018 2968 διδα-

440 3006 669 3072 σκαλίας
713 3007 908 3078 Ἰησοῦ.
945 3008 1100 3078 Τάχα
1142 3009 1198 3062 δὲ
1226 3009 1397 3073 οὕτως
1440 3009 1532 3060 καὶ
1561 3010 1609 3060 οἱ
1646 3007 1742 3060 τοῦ
1783 3004 2020 3076 Χριστοῦ

438 3098 727 3152 ἀπόστολοι
773 3100 1016 3171 κρινοῦσι
1057 3101 1156 3163 τὰς
1192 3100 1400 3152 δώδεκα
1439 3099 1611 3168 φυλὰς
1656 3097 1751 3152 τοῦ
1807 3097 2021 3168 Ἰσραὴλ

1456 422 1767 480 SELECTA
1805 423 1868 479 IN
1904 420 2244 480 PSALMOS.
2283 456 2350 464 —
2376 425 2571 482 PSAL.
2609 425 2670 480 ll.

443 542 647 612 Ἡσαΐᾳ
675 531 999 610 λεγομένους
1017 554 1030 568 ο
1067 557 1084 588 ι
1123 537 1472 609 Θελήσουσιν,
1498 541 1546 592 εί
1574 541 1821 608 ἐγένοντο
1852 538 2014 610 πυρί-

2124 538 2317 594 Isaiam
2371 541 2575 595 dicitur
2603 542 2650 573 '“'

3561 425 3697 482 ll”

2690 559 2704 594 :
2757 560 2774 592 ι
2810 540 3028 607 Volcnt,
3059 542 3101 596 si
3139 541 3260 613 igne
3290 541 3555 597 combusti
3581 542 3700 597 fne-

2119 631 2254 696 rinl,
2317 651 2336 684 »
2386 642 2441 686 ct
2493 633 2613 688 illos
2661 635 2753 703 qui
2819 635 3110 688 secundum
3168 634 3452 690 Jeremiam
3496 645 3693 696 orant,

2118 733 2171 778 et
2210 725 2398 779 dicunt
2433 726 2478 756 ⁵³
2509 741 2523 778 2
2569 745 2586 775 ‹
2621 725 2848 796 Corripe
2876 741 2993 794 nos,
3028 727 3272 790 Domine,
3307 736 3693 780 verumtamen

2121 815 2170 869 in
2203 815 2436 886 judicio,
2465 828 2519 871 et
2551 833 2655 870 non
2715 819 2766 871 in
2826 817 3034 882 furore,
3066 828 3123 872 ut
3156 835 3264 872 non
3297 833 3496 886 paucos
3527 818 3697 871 facias

2119 923 2238 962 nos.
2282 926 2299 956 δ
2339 907 2491 963 Licet
2519 908 2664 962 enim
2691 909 3093 963 vehementiam
3138 918 3194 964 et
3223 909 3575 964 acerbitatem
3606 910 3695 962 ni-

2121 1000 2284 1053 miam
2343 1015 2625 1070 poenarum
2681 1008 2957 1065 recusent,
3004 1015 3193 1072 poenas
3249 1010 3427 1054 tamen
3474 1001 3696 1054 omnino

2125 1107 2236 1145 non
2273 1099 2551 1146 τρςυεθιιι.
2595 1092 3012 1147 Consideremus
3064 1102 3241 1147 autem
3287 1109 3464 1147 annon
3510 1108 3696 1147 COI‘lllll

2120 1183 2215 1251 qni
2259 1193 2451 1254 sponte
2481 1184 2799 1254 puniuntur,
2835 1184 2907 1240 sit
2941 1185 3056 1240 haec
3079 1201 3180 1239 vox
3219 1186 3266 1217 ⁸⁸
3299 1204 3314 1242 :
3349 1205 3369 1238 ι
3413 1186 3552 1240 Iram
3590 1187 3697 1238 Do-

2121 1274 2251 1327 mini
2290 1275 2539 1343 portabo,
2577 1276 2833 1344 quoniam
2888 1277 3103 1346 peccavi
3150 1276 3221 1339 ei,
3261 1279 3432 1332 donec
3478 1293 3698 1331 causam

2121 1380 2294 1419 meam
2344 1365 2569 1434 jndicet.
2615 1385 2634 1418 ι
2672 1366 2947 1422 Fortassis
3006 1368 3170 1438 igitur
3212 1377 3264 1423 et
3312 1369 3404 1437 qui
3457 1369 3700 1437 judieant

2122 1463 2343 1518 terram,
2379 1469 2483 1507 non
2511 1455 2851 1519 erudientur,
2881 1456 2986 1510 nisi
3019 1457 3226 1526 seipsos
3251 1457 3550 1527 disciplinae
3592 1466 3700 1511 tra-

2123 1545 2378 1600 diderint.
2412 1544 2680 1612 Quoniam
2713 1561 2844 1600 vero
2871 1547 3025 1601 nobis
3059 1549 3228 1616 magis
3258 1547 3509 1616 placebat
3549 1563 3702 1618 reges

2121 1650 2239 1694 esse
2261 1643 2481 1690 sanctos
2505 1635 2597 1704 qui
2640 1635 2706 1690 ad
2744 1635 3092 1704 prudentiam
3133 1638 3459 1703 invitantur,
3489 1652 3609 1707 age,
3636 1639 3703 1692 si-

2124 1726 2234 1781 mili
2254 1726 2413 1782 modo
2439 1728 2850 1783 consideremus
2875 1729 3038 1782 etiam
3069 1744 3165 1785 eos
3195 1729 3284 1796 qui
3326 1729 3571 1798 judicant
3592 1739 3703 1786 tero

2125 1818 2378 1874 ram.Hoc
2396 1829 2575 1875 autem
2598 1820 2904 1873 invenimus
2921 1820 3197 1889 proprium
3216 1836 3336 1874 esse
3359 1828 3703 1885 sanctorum,

2122 1918 2180 1963 ut
2219 1923 2313 1977 per
2357 1924 2451 1964 sua
2487 1918 2635 1964 recte
2681 1909 2821 1964 facta
2854 1909 3100 1977 judicent
3125 1925 3218 1965 eos
3249 1911 3339 1982 qui
3369 1910 3556 1966 eadem
3593 1927 3700 1966 non

2117 2009 2240 2054 811111.
2262 2001 2516 2057 aemulati.
2547 1998 2678 2053 Nam
2704 2017 2723 2050 ι
2744 1998 2842 2052 viri
2868 1998 3121 2055 Ninivitze
3147 2010 3375 2071 surgent
3397 2002 3447 2055 in
3473 2000 3699 2069 judicio,

2117 2107 2164 2148 et
2197 2091 2810 2164 condemnabunt5ﬂ5
2842 2094 3088 2148 homines
3132 2096 3496 2164 generationis
3518 2095 3699 2164 hujus,

2118 2185 2243 2254 quia
2282 2185 2655 2254 pmnitenliam
2701 2195 2929 2255 egerunt
2977 2185 3029 2239 in
3095 2186 3471 2253 prmdicatione
3520 2187 3701 2253 Jonae,

2119 2285 2171 2331 et
2201 2291 2326 2330 ecce
2347 2275 2468 2346 plus
2495 2291 2655 2346 quam
2684 2275 2850 2332 Jonas
2881 2277 2992 2341 hic,
3027 2297 3044 2329 ι
3084 2277 3260 2346 inquit
3285 2275 3558 2332 Salvator.
3591 2277 3699 2334 Sed

2119 2372 2172 2417 et
2211 2380 2229 2414 ι
2265 2364 2451 2432 regina
2490 2364 2662 2418 austri
2705 2374 2892 2434 surget
2920 2367 2972 2419 in
2996 2365 3222 2433 judicio,
3240 2375 3292 2421 et
3311 2367 3700 2422 condemnabit

2123 2456 2369 2510 homines
2385 2457 2747 2526 generationis
2763 2458 2943 2528 hujus,
2960 2459 3086 2527 quia
3106 2460 3254 2513 venit
3275 2475 3304 2512 a
3325 2459 3518 2513 ﬁnibus
3542 2468 3702 2516 terra:

2121 2549 2309 2602 audire
2356 2549 2683 2618 sapientiam
2732 2549 3077 2617 Salomonis,
3107 2561 3163 2605 et
3205 2566 3334 2606 ecce
3378 2551 3494 2622 plus
3536 2569 3699 2622 qnam

2123 2638 2375 2694 Salomon
2409 2641 2573 2696 hic".
2615 2659 2632 2692 ι
2663 2641 2914 2695 Ninivita:
2937 2642 3103 2712 igitur
3140 2652 3192 2696 et
3217 2644 3399 2712 regina
3433 2644 3606 2698 austri
3635 2660 3700 2698 ex

2122 2743 2309 2785 eorum
2335 2747 2565 2787 numero
2597 2741 2724 2787 sunt
2766 2733 2857 2801 qui
2889 2731 3216 2800 indicabunt
3245 2747 3342 2787 cos
3384 2733 3472 2802 qui
3519 2735 3704 2789 audito

2124 2820 2409 2876 Salvatore
2444 2823 2510 2876 ad
2541 2823 2819 2878 meliorem
2863 2824 3069 2894 frugem
3107 2840 3214 2878 non
3244 2839 3303 2879 se
3356 2835 3699 2896 receperunt,

2123 2914 2214 2968 sed
2253 2915 2560 2968 doctrinam
2591 2914 2716 2970 Jesu
2743 2926 3209 2985 contempserunt.
3237 2917 3326 2971 Sic
3348 2919 3511 2972 etiam
3564 2917 3707 2973 forte

2123 3005 2322 3060 Christi
2358 3005 2587 3074 apostoli
2623 3006 2942 3074 judicahnnt
2975 3006 3258 3061 duodecim
3304 3009 3478 3062 tribus
3515 3007 3702 3075 israel,

2123 3110 2242 3163 quae
2273 3110 2375 3147 non
2409 3095 2461 3147 in
2492 3110 2614 3148 eum
2659 3094 3029 3148 crediderunt.
3065 3095 3129 3148 Et
3176 3097 3227 3148 in
3265 3096 3519 3151 universa
3555 3106 3698 3151 terra

443 3189 518 3260 μὴ
550 3188 909 3254 πιστευούσας
949 3190 1028 3254 είς
1069 3191 1161 3243 τὸν
1194 3191 1452 3260 Χριστόν.
1490 3190 1601 3243 Καὶ
1635 3191 1814 3243 πᾶσαν
1839 3189 2018 3260 δὲτὴν

2126 3185 2360 3254 dispersi
2413 3199 2510 3254 per
2557 3185 2748 3240 orbem
2787 3185 3115 3240 universum
3165 3185 3350 3241 fideles
3399 3187 3593 3255 singuli
3645 3189 3702 3242 in

439 3281 543 3350 γῆν
566 3280 615 3332 oi
649 3280 706 3333 ὲν
740 3279 889 3352 πάσῃ
923 3282 988 3351 τῇ
1019 3283 1090 3352 γῇ
1127 3279 1548 3344 πεπιστευκότες
1580 3278 1869 3350 κρινοῦσιν
1891 3277 2019 3330 ἕκα-

441 3388 555 3425 στοι
594 3371 699 3426 τῶν
743 3373 800 3426 ὲν
848 3371 1003 3443 μέρει
1041 3371 1169 3437 τοὺς
1227 3372 1344 3424 ἐκεῖ
1389 3371 1672 3435 ἀπίστους.
1707 3369 2024 3443 Παρακαλεῖ

440 3463 620 3517 τοίνυν
651 3464 680 3516 6
711 3463 871 3533 λόγος
898 3465 1026 3527 τοὺς
1060 3464 1350 3534 κρίνοντας
1394 3464 1490 3536 τὴν
1521 3465 1625 3535 γῆν
1661 3463 1753 3516 ἐπὶ
1777 3463 1874 3535 τὴν
1907 3462 2027 3518 παί-

439 3554 620 3609 δευσιν
669 3553 767 3626 τὴν
813 3555 955 3610 κατά
997 3555 1296 3628 παράδοσιν
1343 3557 1676 3628 ἐπιστήμης,
1734 3554 1810 3618 ὡς
1853 3555 1948 3608 καὶ
1997 3555 2026 3607 6

441 3645 692 3718 Σολομῶν
743 3648 802 3700 ὲν
846 3651 968 3713 ταῖς
1005 3649 1354 3722 Παροιμίαις
1380 3649 1472 3702 ἐπὶ
1521 3649 1582 3701 τὸ
1631 3647 1763 3701 αὐτὸ
1811 3646 2022 3715 λέγων’

448 3755 466 3787 ι
493 3738 700 3793 Λάϐετε
722 3739 989 3805 παιδείαν,
1014 3742 1109 3794 καὶ
1132 3741 1208 3813 μὴ
1228 3741 1510 3813 ἀργύριον,
1533 3741 1627 3796 καὶ
1654 3741 1854 3810 γνῶσιν
1883 3738 2024 3810 ὑπὲρ

442 3830 662 3901 χρυσίον
685 3831 1165 3902 δεδοκιμασμένον.
1205 3851 1224 3884 ι

519 3946 631 4000 Τοῦ
673 3946 882 4000 αὐτοῦ.
920 3947 990 3999 Ἦ
1032 3946 1188 3999 καλεῖ
1224 3946 1423 4009 αὐτοὺς
1450 3948 1530 4010 εἰς
1579 3946 1884 4017 μετάνοιαν,
1933 3942 2028 3997 καῖ

444 4037 682 4103 βασιλεῖς
724 4035 901 4100 καλεῖ,
932 4038 1031 4100 ἐίς
1077 4037 1214 4108 ὅπερ
1243 4032 1392 4108 εἶχον
1442 4035 1662 4106 ἀξίωμα
1709 4034 2028 4105 ἀνατρέχειν

443 4128 667 4181 πείθων.
711 4126 908 4180 Σύνετε
941 4123 1054 4193 οὖν,
1087 4120 1132 4180 ὧ
1169 4127 1427 4197 βασιλεῖς,
1469 4125 1558 4179 διά
1591 4125 1646 4178 τί
1691 4143 1781 4196 μοι
1820 4124 2026 4179 δέδοται

444 4223 512 4276 τὰ
536 4220 664 4291 ἔθνη
697 4219 1047 4292 κληρονομία.

514 4417 893 4473 Δουλεύσατε
920 4415 1000 4481 τῷ
1022 4415 1218 4486 Κυρίῳ
1239 4415 1308 4468 ἐν
1328 4416 1508 4484 φόϐῳ,
1533 4414 1630 4470 καὶ
1649 4415 2023 4486 ἀγαλλιᾶσθε

443 4506 602 4572 αὐτῷ
630 4508 699 4562 ἐν
730 4510 942 4580 τρόμῳ,
981 4526 1033 4563 κ.
1058 4525 1109 4562 τ.
1145 4509 1191 4560 ὲ.
1224 4505 1374 4572 Δόξει
1413 4507 1511 4579 μέν
1542 4525 1682 4562 τισιν
1710 4509 1817 4579 (79)
1849 4511 1876 4562 6
1903 4509 2022 4563 δου-

443 4600 612 4655 λεύων
642 4601 863 4664 πάντως
887 4600 1072 4664 δοῦλος
1099 4596 1258 4665 εἶναι,
1295 4601 1387 4653 καὶ
1423 4599 1656 4672 μάλιστα
1687 4601 1872 4654 ἐνθάδε
1899 4601 2022 4654 ἐπεὶ

442 4691 760 4762 πρόσκειται
785 4691 876 4756 τὸ,
922 4711 940 4744 ι
982 4693 1040 4745 ἐν
1087 4692 1256 4765 φόϐῳ,
1304 4713 1322 4745 ι
1362 4691 1456 4745 τοῦ
1489 4692 1770 4764 εἰληφότος
1808 4692 2024 4764 πνεῦμα

439 4781 682 4846 δουλείας
709 4783 861 4846 ὄντος
914 4802 932 4835 ι
970 4784 1027 4836 ὲν
1074 4783 1243 4856 φόϐῳ.
1275 4803 1292 4834 ι
1319 4784 1430 4838 Καὶ
1456 4784 1513 4837 ού
1541 4783 1751 4853 ψευδῶς
1770 4801 1832 4852 γε
1860 4784 2020 4849 δόξει.

440 4872 672 4928 Δύναται
711 4873 768 4926 δὲ
816 4875 910 4928 καὶ
951 4875 980 4928 6
1029 4875 1140 4936 υίὸς
1181 4873 1472 4930 δουλεύειν.
1523 4876 1633 4931 Καὶ
1680 4876 1740 4929 οὐ
1790 4875 1950 4946 μόνος
1995 4877 2023 4934 ὀ

440 4964 604 5033 φόϐος
626 4963 797 5028 αἴτιος
819 4963 912 5017 τοῦ
939 4964 1209 5018 δουλεύειν
1231 4967 1507 5037 τυγχάνει,
1533 4966 1666 5022 ἀλλά
1693 4967 1788 5019 καὶ
1809 4967 2018 5038 ἀγάπη.

439 5054 538 5107 Διά
563 5055 659 5126 τῆς
689 5053 908 5126 ἀγάπης
926 5055 1058 5123 γοῦν
1084 5057 1112 5109 6
1145 5056 1464 5119 Ἀπόστολος
1487 5057 1727 5110 διδάσκει
1752 5057 2020 5112 δουλεύειν

437 5143 586 5211 ἡμᾶς
617 5142 886 5212 ἀλλήλοις.
927 5143 1086 5197 Ἀλλά
1114 5145 1208 5197 καὶ
1233 5147 1391 5210 αὐτὸς
1417 5149 1445 5200 6
1481 5148 1670 5218 Σωτὴρ
1693 5147 1784 5202 καὶ
1814 5126 2017 5218 Κύρίος

439 5231 596 5302 ήμῶν
637 5232 862 5302 γέγονεν
904 5238 961 5288 ὲν
1001 5237 1150 5308 μέσῳ
1181 5239 1286 5290 τῶν
1321 5239 1578 5310 μαθητῶν
1613 5241 1776 5294 αὑτοῦ
1819 5243 1916 5312 οὐχ
1944 5242 2020 5305 ὡς

437 5323 812 5394 ἀνακείμενος,
849 5327 963 5381 ἀλλ’
994 5331 1069 5390 ὡς
1115 5331 1142 5382 6
1176 5329 1458 5393 διακονῶν,
1499 5331 1764 5386 δουλεύων
1809 5333 1903 5386 καὶ
1936 5333 2012 5386 νί-

440 5427 590 5466 πτων
622 5415 748 5476 τοὺς
792 5415 959 5480 πόδας
997 5415 1196 5471 αὐτῶν.
1233 5419 1344 5471 Καὶ
1388 5419 1616 5473 οὐδέπου
1662 5419 1832 5473 ταῦτα
1869 5422 2019 5493 φόϐῳ

438 5501 658 5573 θεμιτὸν
697 5505 861 5560 αὑτὸν
889 5509 1280 5580 πεποιηκέναι·
1324 5511 1492 5579 σαφὲς
1537 5511 1666 5582 γὰρ,
1709 5513 1789 5566 δτι
1825 5514 2015 5586 ἀγάπῃ

2131 3276 2352 3345 regione
2383 3291 2482 3331 sua
2515 3276 2842 3345 judicabunt
2891 3291 2984 3330 eos
3015 3278 3106 3346 qui
3153 3277 3263 3334 illic
3307 3292 3413 3331 non
3454 3279 3703 3335 credunt.

2131 3366 2239 3420 Eos
2267 3367 2434 3437 igitur
2466 3367 2558 3436 qui
2597 3376 2794 3422 terram
2817 3366 3092 3436 iudicant,
3120 3369 3377 3423 hortatur
3409 3384 3590 3425 sermo
3634 3373 3703 3427 ad

2127 3460 2467 3529 disciplinam
2491 3474 2610 3532 quae
2644 3459 2885 3515 scientiae
2919 3460 3208 3515 traditione
3235 3471 3469 3526 constat,
3505 3477 3700 3531 quem-

2125 3552 2414 3606 admodum
2453 3552 2708 3607 Salomon
2761 3551 2813 3606 in
2877 3549 3175 3605 Proverbiis
3226 3553 3280 3606 in
3339 3550 3484 3607 hunc
3527 3553 3706 3620 ipsum

2129 3658 2345 3698 sensum
2388 3645 2464 3698 ait
2497 3643 2544 3676 ⁸³
2581 3665 2592 3699 :
2635 3661 2654 3695 ι
2699 3644 2950 3714 Acetpite
2983 3643 3348 3713 disciplinam,
3380 3653 3434 3698 et
3478 3659 3583 3698 non
3614 3661 3700 3698 ar-

2130 3746 2350 3805 gcntnm
2377 3774 2394 3802 ,
2431 3744 2487 3791 et
2521 3735 2805 3791 scientiam
2843 3735 3014 3806 magis
3064 3750 3228 3808 quam
3267 3751 3461 3790 aurum
3506 3737 3704 3807 proba-

2138 3836 2274 3880 111111.
2299 3846 2318 3879 Ι

2209 3939 2487 4010 Ejusdem.
2519 3939 2617 3996 Vel
2661 3939 2853 3994 invitat
2898 3940 3045 4008 ipsos
3089 3942 3155 3994 ad
3201 3940 3603 4008 pmnitentiam,
3653 3943 3708 3996 et

2131 4044 2288 4100 rcges
2338 4039 2521 4095 vocat,
2570 4031 2806 4086 suadens
2854 4042 2912 4085 ut
2967 4040 3312 4085 revertantur
3365 4033 3432 4084 ad
3475 4031 3707 4103 dignita-

2131 4131 2237 4175 tem
2289 4135 2453 4192 quam
2534 4121 2862 4178 habuerunt.
2920 4120 3207 4191 lntelligite
3273 4121 3473 4190 igitur,
3532 4137 3565 4175 ο
3622 4139 3703 4176 re-

2130 4226 2257 4280 ges,
2305 4212 2369 4267 ad
2411 4212 2542 4281 quid
2590 4211 2719 4266 milli
2768 4212 2906 4267 datae
2939 4212 3051 4268 sint
3090 4219 3280 4282 gentes
3305 4212 3357 4269 in
3415 4212 3704 4268 [neredita-

2132 4315 2259 4358 lelll.

2207 4417 2373 4472 Vens.
2405 4415 2489 4470 11.
2539 4414 2742 4470 Servile
2776 4414 3000 4470 Domino
3035 4416 3090 4470 in
3132 4416 3340 4482 timore,
3365 4426 3414 4472 et
3447 4417 3703 4474 casullatc

2127 4509 2176 4563 ei
2230 4525 2346 4565 cum
2394 4519 2639 4570 tremore,
2682 4517 2788 4562 etc.
2826 4506 3104 4562 Videbitur
3145 4508 3473 4576 quibusdam
3520 4509 3564 4563 is
3601 4509 3695 4578 qui

2126 4603 2293 4656 servit
2318 4600 2541 4654 omnino
2568 4614 2760 4654 servus
2789 4614 2931 4664 esse,
2959 4609 3014 4653 et
3040 4601 3272 4652 ttiaxime
3318 4599 3368 4652 in
3421 4599 3520 4654 hoc
3548 4599 3694 4666 loco,

2127 4691 2216 4749 ubi
2253 4691 2418 4748 etiam
2452 4689 2673 4744 additur
2723 4706 2742 4742 ι
2802 4690 2854 4744 in
2888 4691 3100 4754 timore,
3144 4708 3176 4741 ,ι
3214 4704 3337 4742 nam
3374 4690 3462 4760 qui
3498 4693 3708 4758 accepit

2127 4782 2382 4850 spiritum
2412 4781 2715 4845 servitutis,
2747 4790 2831 4834 est
2861 4798 2880 4833 ι
2914 4780 2965 4834 in
3001 4779 3216 4836 timore.
3265 4799 3282 4830 ι
3321 4779 3431 4835 Nec
3463 4781 3599 4836 falso
3629 4783 3702 4838 ita

2127 4873 2425 4928 videbitur.
2461 4871 2651 4927 Potest
2681 4873 2844 4926 etiam
2881 4871 3026 4925 ﬁlius
3052 4873 3282 4929 servire.
3331 4871 3440 4926 Nec
3464 4872 3612 4927 solus
3637 4874 3705 4926 ti-

2130 4980 2271 5031 mor,
2291 4965 2385 5020 sed
2412 4974 2465 5020 et
2501 4964 2749 5018 charitas
2776 4964 3059 5019 servitutis
3087 4974 3166 5019 est
3193 4980 3376 5021 causa.
3405 4963 3706 5020 Dilectione

2126 5055 2287 5125 igitur
2314 5056 2544 5110 invicem
2578 5055 2788 5110 servire
2821 5055 2978 5110 docet
3012 5056 3326 5124 Apostolus.
3349 5055 3486 5121 Quin
3512 5065 3565 5109 et
3589 5055 3706 5122 ipso

2124 5143 2377 5200 Salvator
2414 5155 2468 5200 et
2497 5146 2764 5202 Dominus
2803 5154 2997 5200 noster
3035 5145 3138 5200 fuit
3169 5146 3220 5199 in
3269 5147 3444 5200 medio
3470 5147 3705 5216 discipu-

2124 5237 2294 5291 lorum
2336 5254 2579 5302 suorum,
2633 5253 2739 5294 non
2793 5248 2851 5292 ut
2906 5237 2999 5307 qui
3053 5238 3342 5302 recumbit,
3393 5238 3488 5292 sed
3520 5249 3574 5292 ut
3607 5240 3702 5307 qui

2125 5331 2414 5393 ministrat,
2475 5331 2720 5387 serviens
2770 5341 2824 5386 et
2873 5331 3039 5401 pedes
3084 5346 3274 5386 eorum
3326 5331 3535 5386 lavans.
3592 5328 3712 5392 Nec.

2122 5438 2254 5478 sane
2280 5423 2362 5476 fas
2394 5431 2474 5478 est
2509 5439 2631 5478 eum
2668 5425 2863 5478 timore
2899 5424 3014 5479 haec
3039 5424 3238 5478 fecisse
3265 5417 3468 5478 dicere.
3501 5421 3709 5490 Liquet.

2121 5518 2264 5570 enim
2307 5517 2424 5572 hzec
2455 5517 2522 5574 ab
2571 5517 2685 5586 ipso
2723 5515 2969 5592 perfecta
3023 5516 3294 5573 charitate
3323 5515 3467 5574 facta
3497 5517 3697 5578 fuisse.

507 5685 556 5720 “
591 5685 716 5742 lsai.
750 5704 828 5757 Ix,
857 5688 910 5744 5.
985 5690 1033 5722 "
1060 5687 1261 5749 Jerem.
1291 5709 1344 5760 Χ,
1376 5691 1467 5748 24.
1545 5693 1590 5725 ⁵⁸
1614 5693 1775 5752 Mich.
1796 5712 1892 5760 vn,
1917 5698 1971 5754 9.
2049 5701 2090 5733 ⁵⁷
2115 5701 2306 5758 Matth.
2335 5716 2432 5768 xu,
2459 5701 2544 5768 41,
2569 5711 2622 5756 ct
2653 5717 2801 5774 seqq.
2880 5699 2924 5731 "
2954 5698 3114 5756 Prov.
3143 5713 3264 5768 vtlt,
3295 5697 3382 5760 10.

507 5843 622 5918 (79)
646 5846 812 5916 Δόξει
833 5849 952 5921 μέν
979 5867 1157 5920 τισιν,
1187 5863 1291 5907 ctc.
1333 5851 1531 5908 Ibidem
1573 5853 1686 5910 haec
1733 5857 2097 5928 reperiuntur.
