4124 6436
408 475 542 530 liiS

1798 469 1886 522 ΕΧ
1929 468 2230 524 ORlGENE

3541 469 3682 525 “[6

400 589 456 648 Si
484 610 614 664 ergo
661 593 752 664 qui
791 602 950 648 antea
984 607 1139 664 reges
1171 601 1333 649 terrae
1362 591 1621 662 appellati
1659 601 1804 655 sunt,
1836 605 1980 645 nunc

2086 588 2268 659 τελεία
2293 589 2467 642 ταῦτα
2504 588 2654 660 αὐτῷ
2695 589 3025 662 πέπρακται.
3070 590 3131 644 Εἰ
3174 591 3273 661 μὲν
3307 585 3399 644 οὖν
3440 591 3679 662 βασιλεῖς

399 687 564 740 etiam
607 701 763 755 reges
800 685 1080 752 dicuntur,
1135 687 1358 756 praecipi
1408 686 1490 741 eis
1545 694 1724 754 potest
1765 695 1824 738 ut
1869 701 1986 739 ser-

401 779 550 829 viant
597 777 825 830 Domino
855 776 908 830 in
940 778 1158 844 timore,
1195 787 1453 847 tanquam
1497 777 1643 832 servi
1687 777 1757 831 ab
1805 777 1986 842 initio,

399 869 488 934 qui
541 869 789 937 spiritum
819 870 1133 939 adoptionis
1170 868 1412 924 ﬁliorum
1447 869 1700 938 accipere
1743 883 1846 922 non
1887 883 1990 937 po-

409 971 650 1014 luerunt.
695 962 871 1030 Atque
908 963 959 1015 in
1008 962 1090 1016 his
1130 962 1533 1016 observandum
1565 970 1649 1016 est
1681 960 1834 1026 illud,
1869 977 1889 1011 ι
1934 959 1988 1013 in

402 1051 624 1115 timore,
666 1070 682 1104 ι
714 1067 875 1121 quem
911 1053 1002 1122 qui
1032 1067 1226 1121 pmuas
1256 1053 1469 1119 metuit,
1506 1068 1613 1107 non
1662 1051 1849 1115 habet,
1891 1066 1990 1105 ne-

398 1158 508 1209 que
557 1141 833 1211 perfectus
882 1153 990 1199 est.
1040 1144 1108 1198 Et
1153 1160 1273 1215 qua:
1320 1154 1650 1214 sequuntur,
1705 1135 1986 1208 nimirum,

405 1250 424 1284 ι
480 1234 764 1289 Exsultate
812 1235 859 1290 ei
889 1252 1013 1291 cum
1070 1247 1334 1304 tremore,
1379 1258 1396 1290 ι
1431 1236 1784 1306 intelligenda
1837 1243 1985 1290 sunt.

400 1323 553 1388 Quod
585 1325 630 1379 si
665 1340 842 1393 reges,
872 1326 1049 1380 sancti
1081 1336 1228 1387 sunt,
1275 1336 1327 1382 et
1355 1328 1448 1396 qui
1483 1325 1733 1394 judicant
1762 1335 1984 1388 terram,

403 1411 440 1463 ii
471 1423 596 1466 sunt
631 1429 769 1482 quos
804 1430 969 1484 supra
997 1431 1118 1470 esse
1161 1416 1467 1480 docuimus,
1501 1433 1623 1470 cum
1650 1415 1743 1469 lilii
1773 1428 1988 1485 quoque

402 1505 610 1560 servire
641 1505 871 1563 Domino
915 1509 1147 1578 possint,
1189 1510 1353 1563 timor
1397 1510 1745 1579 accipiendus
1775 1518 1857 1566 est
1891 1524 1988 1580 pro

400 1607 462 1646 ea
505 1609 626 1662 quae
669 1597 809 1665 apud
843 1598 1107 1666 quosdam
1144 1597 1447 1667 appellatur
1492 1599 1819 1664 reverentia,
1866 1615 1987 1668 qua:

403 1700 678 1754 nunquam
723 1703 939 1756 pmnam
975 1689 1157 1744 habet.
1195 1689 1348 1756 Quod
1383 1697 1565 1744 autem
1618 1690 1781 1745 timor
1822 1691 1987 1764 546

401 1783 495 1852 qui
526 1798 742 1852 poenam
775 1799 881 1837 non
919 1784 1102 1849 habet,
1142 1784 1444 1853 appellatur
1469 1784 1522 1838 in
1558 1784 1841 1855 Scriptura
1863 1802 1986 1856 per-

400 1873 526 1929 fecti
558 1875 658 1928 viri
707 1874 945 1936 facinus.
995 1875 1167 1943 liquet
1216 1891 1279 1931 ex
1315 1890 1422 1929 eo:
1463 1894 1481 1926 ι
1529 1874 1646 1930 Non
1675 1886 1760 1931 est
1803 1877 1984 1947 inopia

398 1968 715 2022 timentibus
739 1982 884 2022 eum.
919 1986 937 2018 ι
959 1965 1277 2021 Videbimur
1307 1968 1414 2021 vim
1457 1967 1752 2040 Scripturae
1777 1970 1983 2038 facere,

396 2058 617 2112 additur
662 2058 852 2113 enim:
891 2077 910 2109 ι
962 2072 1081 2113 cum
1129 2066 1389 2114 tremore.
1436 2079 1454 2110 ι
1494 2059 1602 2115 Sed
1647 2063 1770 2116 vide
1803 2077 1985 2116 annon

395 2148 619 2219 perfecti
659 2165 815 2221 reges
850 2150 980 2217 sint,
1030 2158 1084 2203 et
1139 2151 1229 2219 qui
1265 2153 1464 2206 timore
1503 2154 1847 2220 erudiuntur,
1892 2153 1985 2223 ju-

395 2241 545 2296 dices
577 2251 758 2306 terrae,
802 2241 1002 2309 quibus
1037 2242 1281 2311 praecipit
1327 2242 1582 2297 Salvator
1629 2253 1684 2298 ut
1731 2262 1836 2300 non
1871 2247 1986 2301 disc

397 2333 574 2388 solute
607 2349 782 2402 neque
811 2334 1037 2388 remisse
1069 2334 1361 2398 exsultent,
1395 2351 1462 2390 ne
1499 2335 1666 2390 inﬂati
1703 2339 1899 2392 cadant
1928 2339 1984 2392 in

397 2426 744 2496 superbiam,
796 2427 892 2482 sed
935 2443 952 2477 t
1000 2441 1121 2481 cum
1166 2435 1427 2494 tremore,
1480 2449 1498 2483 ι
1537 2441 1593 2485 et
1632 2432 1796 2486 veluti
1847 2449 1984 2487 con-

399 2530 591 2586 Iracle,
622 2521 782 2576 simul
809 2521 1210 2576 considerando
1242 2523 1556 2590 possibilem
1585 2540 1705 2580 esse
1741 2525 1976 2595 lapsum,

396 2611 444 2664 si
477 2610 658 2665 divina
695 2627 823 2666 cura
867 2612 1220 2682 dereliquerit
1244 2629 1367 2668 eum
1409 2615 1500 2684 qui
1539 2616 1757 2671 deditus
1788 2627 1868 2672 est
1905 2618 1979 2678 rei

395 2702 632 2771 cuipiam
664 2702 839 2773 dignae
875 2719 994 2773 qua:
1027 2707 1227 2759 merito
1257 2705 1504 2762 laudibus
1540 2705 1824 2762 eﬂ‘eratur.
1865 2709 1983 2764 Ca2-

402 2803 587 2848 terum
622 2795 864 2859 verbum,
895 2813 912 2846 ι
942 2795 1244 2862 exsultare,
1279 2815 1298 2849 ι
1335 2798 1388 2852 in
1421 2815 1522 2852 usu
1547 2810 1631 2854 est
1659 2800 1978 2871 Scripturae,

404 2900 513 2955 quo
561 2886 856 2956 signiﬁcari
912 2895 1166 2957 putamus
1220 2890 1479 2960 gaudium
1518 2891 1570 2946 in
1621 2903 1800 2949 mente
1835 2895 1981 2964 quod

396 2978 450 3032 in
511 2979 695 3033 anima
766 2979 930 3035 habet
991 2981 1467 3049 participationem
1520 2983 1756 3054 Spiritus
1805 2986 1982 3044 sancti

392 3070 790 3140 congaudentis
817 3071 865 3126 ei
892 3071 986 3142 qui
1020 3081 1239 3126 sanctus
1267 3082 1373 3127 est.

464 3160 628 3217 Vens.
650 3162 735 3216 12.
755 3161 1138 3232 Apprehendite
1163 3165 1527 3235 disciplinam,
1545 3184 1607 3222 ne
1629 3168 1841 3235 quando
1867 3169 1981 3224 ἱνα-ι

2091 682 2140 733 οἱ
2166 682 2226 733 ὲν
2260 683 2371 745 τοῖς
2402 681 2508 752 πρδ
2535 681 2741 734 τούτων
2779 681 3018 752 βασιλεῖς
3045 683 3150 752 γῆς
3180 683 3560 754 ὠνομασμένοι
3589 687 3682 739 καὶ

2091 771 2186 826 νῦν
2217 772 2491 841 λέγονται,
2529 775 2714 837 αὐτοῖς
2747 774 3179 846 προστάττεσθαι
3204 774 3428 828 δύναται
3465 775 3526 827 τδ
3557 776 3680 829 δου-

2089 864 2280 918 λεῦσαι
2315 864 2394 936 τῷ
2441 866 2634 938 Κυρίῳ
2674 867 2733 919 ὲν
2771 865 2941 937 φόϐῳ,
2979 866 3056 930 ὡς
3093 865 3300 930 δούλοις
3340 865 3580 937 ἀρχῆθεν
3617 869 3678 920 οὐ

2089 957 2410 1028 δυναμένοις
2450 959 2697 1031 χωρῆσαι
2736 959 2798 1012 τὸ
2827 958 3043 1030 πνεῦμα
3080 959 3179 1028 τῆς
3221 959 3515 1023 υἱοθεσίας.
3571 961 3682 1013 Καὶ

2089 1050 2352 1122 τηρητέον
2381 1051 2466 1102 ἐπ’
2497 1050 2676 1104 αὐτῶν
2698 1051 2776 1116 τὸ,
2811 1070 2829 1102 ι
2860 1052 2917 1105 ὲν
2949 1051 3119 1121 φόϐῳ,
3153 1071 3171 1102 ι
3205 1051 3262 1106 ὃν
3293 1053 3324 1103 ό
3347 1051 3680 1121 φοϐούμενος

2089 1142 2310 1196 κόλασιν
2345 1143 2445 1196 οὐκ
2476 1141 2611 1213 ἔχει,
2659 1144 2754 1197 καὶ
2797 1144 2858 1196 οὐ
2898 1143 3262 1197 τετελείωται.
3289 1144 3402 1196 Καὶ
3439 1143 3508 1196 τὰ
3549 1143 3679 1197 ἀκό-

2089 1235 2253 1289 λουθα
2282 1235 2340 1288 δὲ
2380 1236 2507 1306 περὶ
2535 1234 2652 1299 τοῦ,
2687 1255 2705 1287 ι
2739 1234 3091 1304 Ἀγαλλιᾶσθε
3119 1234 3270 1306 αὐτῷ
3309 1236 3368 1288 ἐν
3403 1235 3611 1306 τρόμῳ,
3653 1254 3672 1286 ι

2087 1329 2327 1400 νοητέον.
2373 1328 2435 1380 Εἰ
2469 1326 2526 1379 δὲ
2570 1326 2812 1397 βασιλεῖς
2849 1328 2897 1380 οἱ
2936 1327 3081 1395 ἆγιοι
3120 1329 3214 1381 καὶ
3257 1327 3534 1401 κρίνοντες
3579 1329 3676 1398 τὴν

2087 1419 2192 1489 γῆν
2218 1420 2268 1471 οἱ
2301 1419 2441 1472 κατὰ
2468 1418 2566 1489 τὴν
2592 1417 2844 1488 διήγησιν
2872 1414 3318 1487 ὲρμηνευθέντες,
3359 1417 3676 1488 δυναμένων

2086 1511 2360 1566 δουλεύειν
2399 1510 2494 1564 καὶ⁴
2526 1509 2633 1564 τῶν
2665 1508 2796 1562 υἱῶν
2827 1508 2906 1580 τῷ
2934 1510 3146 1581 Κυρίῳ,
3177 1509 3269 1561 τὸν
3298 1509 3464 1578 φόϐον
3507 1527 3674 1580 μετα-

2087 1605 2318 1675 ληπτέον
2347 1607 2428 1668 είς
2460 1602 2558 1676 τὴν
2586 1603 2737 1674 παρά
2760 1619 2902 1656 τισιν
2941 1601 3225 1656 εὐλάϐειαν
3251 1601 3676 1675 ὠνομασμένην,

2086 1694 2208 1764 ἥτις
2257 1691 2508 1761 οὐδαμῶς
2539 1691 2759 1744 κόλασιν
2793 1690 2927 1761 ἔχει.
2967 1691 3088 1743 Ὅτι
3124 1690 3181 1744 δὲ
3211 1691 3376 1759 φόϐος
3414 1692 3442 1743 ὁ
3478 1692 3556 1763 μὴ
3586 1694 3677 1745 κό-

2086 1786 2240 1842 λασιν
2274 1784 2410 1855 ἕχων
2445 1783 2759 1854 ὠνόμασται
2792 1785 2849 1835 ὲν
2889 1785 2958 1853 τῇ
3005 1783 3198 1854 Γραφῇ
3224 1783 3432 1836 τελείου
3478 1785 3677 1855 κατόρ-

2092 1877 2252 1948 θωμα
2286 1877 2590 1947 τυγχάνων,
2641 1876 2811 1945 σαφὲς
2851 1876 2914 1928 ὲκ
2956 1874 3081 1927 τοῦ·
3124 1894 3141 1926 t
3183 1876 3296 1928 Οὐκ
3337 1875 3483 1928 ἔστιν
3516 1878 3676 1930 ὑστέ-

2093 1987 2244 2042 ρημα
2273 1971 2384 2033 τοῖς
2415 1968 2769 2039 φοϐουμένοις
2800 1967 2980 2021 αὐτόν,
3035 1987 3053 2018 ι
3104 1968 3338 2039 Δόξομεν
3385 1969 3443 2022 δὲ
3488 1969 3678 2040 βιάζε-

2089 2063 2235 2128 σθαι,
2271 2061 2358 2115 διὰ
2405 2062 2464 2114 τὸ
2511 2061 2868 2134 ἐπιφέρεσθαι
2914 2062 2975 2113 τὸ
3024 2081 3041 2110 ι
3099 2063 3156 2113 ὲν
3197 2061 3404 2133 τρόμῳ.
3451 2081 3468 2112 ι
3516 2062 3676 2116 Ἀλλὰ

2092 2155 2300 2225 μήποτε
2347 2155 2395 2206 οἱ
2449 2154 2547 2224 μὲν
2595 2153 2792 2206 τέλειοι
2840 2151 3077 2222 βασιλεῖς
3115 2153 3495 2221 τυγχάνουσιν,
3538 2155 3586 2205 οἱ
3617 2155 3674 2207 δὲ

2087 2245 2190 2301 κᾶν
2233 2245 2310 2318 τῷ
2350 2246 2498 2317 φόϐῳ
2540 2245 3044 2315 παιδαγωγούμενοι
3086 2245 3270 2316 κριταὶ
3317 2244 3457 2314 γῆς,
3486 2247 3544 2299 ἐν
3594 2241 3676 2310 οἷς

2087 2336 2417 2408 προστάσσει
2463 2338 2492 2388 ὁ
2525 2335 2716 2407 Σωτὴρ
2759 2332 3024 2404 ἁγαλλιᾷν
3069 2333 3152 2404 μὴ,
3177 2334 3498 2404 ἀνειμένως,
3539 2335 3675 2405 μηδὲ

2084 2425 2528 2496 ἀπολελυμένως,
2559 2423 2647 2479 ἵνα
2693 2424 2768 2496 μὴ
2803 2425 3110 2478 ἐκπέσωσιν
3149 2425 3227 2487 είς
3267 2423 3540 2494 χαύνωσιν
3579 2426 3672 2477 καὶ

2084 2518 2285 2588 οἴησιν,
2312 2516 2426 2570 ἀλλ’
2461 2536 2478 2568 ι
2510 2518 2566 2570 ἐν
2595 2517 2804 2588 τρόμῳ,
2844 2535 2863 2567 ι
2894 2518 2986 2570 καὶ
3010 2516 3175 2569 οἱονεὶ
3201 2516 3670 2588 συνεσταλμένως,

2089 2609 2229 2679 μετὰ
2255 2607 2349 2661 τοῦ
2385 2611 2609 2662 σκοπεῖν
2641 2608 2702 2662 τδ
2733 2609 2993 2662 δύνασθαι
3030 2611 3236 2674 πεσεῖν,
3272 2610 3320 2662 εί
3352 2609 3670 2662 καταλείποι

2085 2705 2118 2774 ἡ
2166 2704 2449 2775 ὲπισκοπὴ
2495 2704 2589 2758 τὸν
2636 2705 2928 2774 γενόμενον
2975 2704 3032 2757 ἕν
3089 2722 3194 2758 τινι
3225 2703 3360 2776 ἀξίῳ
3390 2705 3483 2758 τοῦ
3514 2706 3668 2759 εὐλό-

2084 2813 2197 2865 γως
2231 2795 2572 2866 ἐπαίρεσθαι.
2599 2797 2748 2850 Tatae
2781 2816 2798 2849 ι
2835 2797 3194 2866 ἀγαλλιᾶσθαι
3234 2819 3252 2850 ι
3287 2799 3393 2852 ἀπὸ
3417 2799 3514 2868 τῆς
3545 2815 3670 2851 συν-

2083 2889 2274 2960 ηθείας
2307 2890 2422 2942 ἐστὶ
2460 2888 2558 2961 τὴς
2585 2890 2839 2961 Γραφῆς·
2883 2891 3020 2961 ὅπερ
3058 2890 3282 2962 οἰόμεθα
3319 2883 3456 2944 εἶναι
3493 2890 3666 2960 χαρὰν

2082 2981 2139 3031 ὲν
2180 2981 2245 3050 τῇ
2295 2979 2531 3050 ἐπινοίᾳ,
2583 2978 2814 3050 ἔχουσαν
2862 2980 2959 3051 τὴν
3005 2980 3100 3034 τοῦ
3147 2981 3303 3048 ἁγίου
3352 2979 3668 3050 Πνεύματος

2083 3073 2163 3136 είς
2193 3073 2292 3144 τὴν
2320 3071 2496 3144 ψυχὴν
2532 3071 2814 3126 κοινωνίαν
2848 3073 3234 3145 συγχαίροντος
3373 3073 3536 3143 ἁγίῳ.

2151 3164 2460 3232 Δράξασθε
2498 3165 2800 3232 παιδείας,
2844 3167 3082 3236 μήποτε
3137 3166 3389 3236 tim-(0'07?
3430 3167 3665 3234 Ktiptogt,

389 3266 571 3309 scatur
611 3255 892 3324 Dominus,
933 3268 982 3313 et
1008 3260 1235 3328 pereatis
1266 3261 1331 3312 de
1361 3261 1441 3315 via
1481 3262 1658 3330 jusla,
1683 3271 1790 3319 etc.
1836 3265 1974 3320 Pro-

2084 3257 2182 3311 καὶ
2205 3257 2531 3325 ἀπολεῖσθε
2567 3257 2637 3322 ἐξ
2681 3256 2826 3312 ὀδοῦ
2869 3257 3212 3323 δικαίας,.κ.
3241 3274 3290 3311 τ.
3329 3257 3519 3328 ὲ.Τὴν
3569 3256 3665 3328 μιν

393 3346 595 3403 fectum
645 3349 867 3420 quidem
918 3364 1036 3420 per,
1082 3369 1101 3403 ι
1163 3352 1478 3417 erudimini,
1513 3373 1531 3405 ι
1580 3355 1975 3423 perfectionem

392 3454 522 3493 vero
564 3441 818 3510 preponit
868 3456 986 3510 per,
1042 3459 1062 3494 ι
1113 3443 1506 3512 appreltendile
1549 3444 1912 3514 disciplinam.
1952 3467 1970 3500 ι

395 3529 690 3600 Diligenter
731 3541 910 3585 autem
951 3532 1322 3586 consideranti
1377 3531 1552 3600 liquet
1597 3533 1976 3603 imperfectum

398 3622 450 3675 in
475 3621 786 3691 disciplina,
817 3632 869 3676 et
893 3623 1495 3695 nogprogredienlem,
1535 3625 1713 3679 adhuc
1745 3627 1839 3680 ira:
1864 3626 1974 3678 Do-

394 3713 527 3768 mini
562 3728 687 3768 esse
728 3714 1048 3779 obnoxium,
1094 3714 1396 3782 perfectum
1431 3731 1559 3771 vero
1589 3731 1708 3770 eam
1740 3719 1979 3788 experiri

393 3819 499 3858 non
535 3817 713 3872 posse.
746 3805 802 3858 Si
841 3805 988 3858 enim
1014 3803 1239 3873 jubctur
1285 3808 1409 3876 quis
1447 3809 1860 3878 apprehendere
1895 3811 1980 3864 di-

391 3896 701 3966 seiplinam,
735 3905 792 3950 ut
841 3911 946 3952 non
994 3897 1264 3952 irascatur
1313 3901 1364 3955 ei
1404 3901 1685 3967 Dominus,
1730 3901 1826 3956 ira:
1872 3901 1984 3970 erit

397 3988 686 4057 particeps,
717 3988 956 4043 nondum
990 3991 1328 4059 apprehensa
1371 3991 1659 4064 disciplina
1687 3994 1739 4048 in
1767 4009 1870 4063 qua
1905 4003 1981 4048 ta-

395 4095 518 4134 men
567 4097 884 4151 pregressus
930 4083 1139 4150 aliquot
1192 4082 1323 4138 fecit
1365 4103 1380 4140 :
1432 4084 1500 4139 ab
1553 4086 1619 4140 iis
1651 4085 1743 4156 qui
1790 4101 1857 4140 ex
1893 4086 1974 4141 ira

389 4173 647 4225 oriuntur
670 4170 958 4228 affectibus
977 4170 1217 4242 perfecte
1247 4173 1514 4240 liberapte
1539 4175 1978 4244 apprehensione

391 4262 721 4329 dlsciplinae,
776 4279 880 4318 non
912 4280 1046 4320 vero
1075 4265 1377 4337 disciplina:
1415 4267 1570 4322 initio
1602 4277 1658 4322 et
1709 4268 1775 4323 ad
1827 4269 1974 4323 illam

391 4351 796 4408 introductione
834 4373 848 4411 :
881 4356 1105 4410 omnino
1154 4356 1303 4410 enim
1342 4357 1434 4427 qui
1482 4357 1666 4412 adhuc
1697 4360 1976 4425 eruditur,

393 4444 747 4513 imperfectus
772 4455 878 4513 est,
922 4445 1276 4516 imperfectus
1305 4457 1486 4502 autem
1522 4448 1658 4502 iram
1687 4447 1781 4503 Dei
1812 4465 1979 4519 expe-

396 4535 490 4588 riri
523 4545 721 4605 potest.
753 4536 860 4592 Sed
893 4537 1152 4607 quoniam
1185 4552 1361 4606 neque
1394 4538 1447 4592 in
1478 4535 1771 4601 Ilebraico,
1801 4554 1978 4608 neque

2084 3351 2368 3422 προκοπὴν
2405 3350 2514 3420 (80)
2560 3350 2648 3402 διὰ
2694 3350 2811 3413 τοῦ,
2853 3368 2870 3400 ι
2921 3349 3272 3419 παιδεύθητε,
3329 3367 3348 3399 ›
3401 3349 3666 3420 παριστᾷ,

2079 3442 2180 3511 τὴν
2225 3441 2281 3493 δὲ
2323 3439 2602 3494 τελείωσιν
2638 3440 2728 3492 διὰ
2771 3438 2890 3502 τοῦ,
2932 3458 2950 3488 ι
3007 3437 3283 3508 δράξασθε
3329 3439 3608 3502 παιδείας..
3643 3457 3660 3488 ι

2082 3529 2172 3598 Τῷ
2214 3530 2271 3581 δὲ
2305 3529 2579 3600 ἐπιμελῶς
2611 3528 3016 3599 παρατηροῦντι
3053 3529 3221 3596 σαφές
3255 3531 3424 3590 ἐστιν,
3459 3531 3542 3581 ὅτι
3579 3530 3669 3580 ὲν-

2081 3619 2294 3688 δέχεται
2323 3620 2414 3672 τὸν
2435 3620 2598 3689 ἀτελῆ
2626 3621 2684 3670 ὲν
2716 3617 2932 3689 παιδείᾳ
2953 3620 3050 3671 καὶ
3073 3620 3159 3688 μὴ,
3182 3620 3561 3688 προκόπτοντα
3589 3620 3672 3672 ἔτι

2081 3709 2249 3781 ὀργῆς
2280 3711 2484 3781 Κυρίου
2522 3708 2983 3780 μεταλαμϐάνειν,
3019 3708 3109 3760 τὸν
3143 3709 3201 3762 δὲ
3235 3707 3438 3761 τέλειον
3472 3707 3669 3761 ἀδύνα-

2082 3819 2174 3855 τον
2203 3802 2406 3874 ταύτης
2441 3804 2710 3873 μετέχειν.
2748 3804 2810 3856 Εἰ
2840 3803 2949 3874 γὰρ
2987 3800 3285 3873 δράξασθαί
3313 3819 3396 3863 τις
3424 3800 3674 3864 παιδείας

2083 3895 2362 3948 κελεύεται
2390 3896 2530 3966 ὑπὲρ
2555 3895 2646 3948 τοῦ
2683 3896 2756 3967 μὴ
2784 3893 3102 3965 ὀργισθῆναι
3137 3892 3284 3963 αὐτῷ
3310 3893 3400 3946 τὸν
3442 3891 3669 3964 Κύριον,

2083 3988 2184 4042 κᾶν
2222 3987 2482 4058 μετάσχοι
2509 3989 2609 4057 τῆς
2635 3986 2805 4059 ὀργῆς
2829 3986 2904 4057 μὴ
2924 3984 3258 4058 δραξάμενος
3285 3987 3381 4055 τῆς
3405 3985 3666 4050 παιδείας·

2081 4084 2139 4135 ὲν
2173 4083 2422 4152 προκοπῇ
2462 4081 2711 4150 μέντοιγε
2745 4079 2845 4149 τῆς
2878 4077 3128 4141 παιδείας
3166 4077 3262 4142 ὢν,
3295 4078 3478 4131 τέλεον
3518 4077 3671 4132 ὲλευ-

2083 4173 2347 4245 θερούσης
2372 4171 2480 4224 ἀπὸ
2508 4170 2618 4223 τῶν
2651 4172 2712 4222 ἐκ
2741 4170 2839 4242 τῆς
2869 4169 3038 4241 ὀργῆς
3069 4170 3454 4240 ἐπερχομένων
3489 4170 3670 4240 παθη-

2085 4267 2269 4338 μάτων
2312 4265 2411 4335 τῆς
2458 4261 2828 4334 περιδρόιξεως
2870 4263 2969 4332 τῆς
3010 4260 3277 4325 παιδείας,
3319 4263 3441 4333 οὐχὶ
3478 4261 3546 4332 δὲ,
3570 4263 3670 4334 τῆς

2081 4357 2375 4427 ἐπαγωγῆς
2407 4355 2610 4424 καὶτῆς
2632 4354 2808 4425 ἀρχῆς
2823 4354 2919 4425 τῆς
2937 4352 3078 4406 κατὰ
3097 4354 3196 4426 τὴν
3218 4353 3466 4407 παιδείαν
3487 4371 3499 4385 ⁸
3530 4356 3667 4408 πάν-

2081 4469 2188 4514 τως
2216 4449 2372 4518 γὰρὸ
2401 4448 2481 4501 ἔτι
2518 4447 2904 4516 παιδευόμενος
2931 4445 3125 4516 ἀτελής
3169 4447 3337 4509 ἐστιν,
3373 4445 3570 4516 ἀτελὴς
3613 4447 3669 4499 δὲ

2082 4542 2160 4595 ῶν
2197 4541 2368 4611 ὀργῆς
2417 4539 2640 4594 δύναται
2691 4541 2886 4608 πεῖραν
2931 4536 3116 4589 λαϐεῖν
3161 4535 3319 4589 Θεοῦ.
3368 4537 3505 4588 Ἀλλ’
3548 4536 3670 4588 ἐπεὶ

401 4628 455 4680 in
505 4627 634 4682 aliis
690 4627 1246 4698 interpretationibus
1278 4629 1512 4683 habetur
1542 4645 1648 4684 vox
1686 4647 1705 4681 ι
1743 4629 1914 4699 justa,
1958 4653 1975 4685 ι

2088 4633 2212 4688 οὕτε
2246 4634 2304 4686 ὲν
2337 4631 2413 4702 τῷ
2451 4628 2724 4702 Ἐϐραῖκῷ
2754 4628 3098 4700 πρόσκειται,
3143 4625 3267 4678 οὕτε
3298 4629 3356 4680 ὲν
3397 4630 3520 4690 ταῖς
3561 4627 3671 4680 λοι-

394 4721 739 4787 suspicamur
784 4735 850 4775 ne
891 4719 1032 4774 forte
1088 4720 1173 4775 vel
1219 4736 1316 4790 per
1365 4721 1828 4790 dispensationem
1879 4724 1982 4780 hoc

395 4812 792 4881 apposuerint,
846 4813 932 4868 vel
982 4827 1140 4867 error
1189 4813 1259 4867 sit
1299 4813 1351 4866 in
1403 4813 1833 4883 exemplaribus.
1877 4817 1982 4872 Per

392 4904 850 4974 dispensationem
870 4905 1087 4976 quidem
1113 4913 1170 4959 ut
1193 4906 1266 4959 sit
1293 4920 1520 4960 sensus:
1542 4905 1654 4961 Nisi
1679 4909 1982 4978 apprehen-

393 4994 588 5050 deritis
617 4995 992 5067 disciplinam,
1024 4997 1274 5068 peribitis
1314 4997 1379 5053 de
1406 4999 1490 5053 via
1537 4999 1710 5069 justa,
1743 5010 1799 5056 et
1825 5005 1972 5057 exci-

393 5088 535 5142 detis
557 5094 627 5144 ab
665 5103 756 5155 ea,
791 5089 1022 5146 Domino
1049 5091 1204 5146 vobis
1246 5091 1544 5147 irascente.
1583 5093 1783 5148 Verum
1817 5110 1979 5150 aecu-

394 5189 515 5233 rate
543 5195 654 5235 rem
694 5182 1113 5252 perpendamus,
1140 5199 1262 5238 cum
1295 5186 1371 5238 ira
1404 5183 1498 5239 Dei
1529 5186 1836 5254 corrigendi
1865 5185 1976 5241 vim

391 5271 613 5338 habeat,
675 5274 950 5343 quomodo
1007 5291 1103 5344 per
1138 5276 1242 5330 hoc
1289 5277 1434 5344 quod
1490 5276 1634 5331 Deus
1681 5276 1973 5343 irascatur,

392 5374 579 5433 pereat
611 5367 734 5436 quis
757 5367 824 5422 de
846 5367 932 5421 via
961 5365 1108 5435 justa
1137 5367 1162 5422 ?
1200 5367 1398 5438 Utique
1425 5369 1842 5438 haudquaquam
1868 5385 1978 5422 om-

393 5456 524 5510 nino
559 5467 783 5528 propter
817 5459 953 5513 iram
987 5459 1239 5528 peribitis
1288 5461 1354 5515 de
1392 5461 1476 5513 via
1517 5461 1688 5528 justo,
1725 5461 1821 5516 sed
1874 5461 1976 5515 hoc

395 5547 550 5603 vobis
600 5560 825 5621 propter
853 5560 1077 5620 peccata
1125 5561 1304 5607 vestra
1337 5553 1572 5606 eveniet.
1605 5553 1758 5618 Quod
1786 5553 1830 5608 si
1867 5568 1972 5607 non

391 5639 557 5692 fuerit
587 5644 834 5710 apposita
881 5659 982 5698 vox
1029 5662 1047 5695 ι
1096 5642 1266 5712 justa,
1317 5662 1335 5694 ›
1373 5659 1494 5697 cum
1547 5643 1584 5696 ii
1614 5645 1703 5712 qui
1745 5660 1849 5699 non
1882 5660 1976 5713 ap-

389 5729 736 5798 prehendunt
784 5737 1155 5809 disciplinaut,
1202 5736 1426 5792 omnino
1467 5736 1578 5790 sint
1626 5738 1681 5790 itt
1727 5738 1809 5792 via
1866 5755 1970 5793 non

2087 4729 2216 4790 παῖς
2249 4723 2565 4797 ἑρμηνείαις
2593 4723 2676 4786 τὸ,
2715 4739 2732 4771 ι
2769 4719 3006 4783 δικαίας,
3060 4739 3076 4770 ι
3133 4719 3516 4789 ὑποπτεύομεν
3564 4721 3669 4790 μή-

2084 4834 2216 4872 ποτε
2273 4817 2306 4888 ἢ
2358 4817 2476 4870 κατ’
2519 4813 2832 4883 οἰκονομίαν
2892 4810 3238 4882 προσέθηκαν
3281 4810 3462 4874 τοῦτο,
3515 4811 3549 4882 ἦ
3599 4810 3668 4862 τὰ

2085 4912 2394 4982 ἀντίγραφα
2454 4907 2789 4980 ἡμάρτηται.
2845 4905 2981 4957 Κατ’
3045 4903 3356 4975 οἰκονημίαν
3423 4905 3542 4974 μὲν,
3599 4903 3666 4955 ἵν’

2081 5005 2255 5066 οὕτως
2279 5003 2579 5073 νοήσωμεν⁹
2640 4997 2766 5050 Ἐὰν
2812 4997 2885 5068 μὴ
2926 4995 3195 5068 δράξησθε
3224 4995 3488 5060 παιδείας,
3534 4997 3669 5048 ἀπο-

2077 5096 2256 5152 λεῖσθε
2324 5095 2382 5159 ἐξ
2439 5091 2560 5145 ὁδοῦ
2621 5091 2858 5154 δικαίας,
2936 5089 3030 5142 καὶ
3114 5088 3432 5141 ἐκπεσεῖσθε
3469 5090 3664 5158 αὐτῆς,

2077 5187 2425 5259 ὀργισθέντος
2476 5185 2606 5254 ὑμῖν
2659 5182 2752 5234 τοῦ
2806 5181 3035 5252 Κυρίου·
3107 5180 3219 5234 ἀλλ’
3275 5182 3350 5245 ὡς
3412 5182 3550 5252 πρὸς
3608 5181 3667 5234 τὸ

2076 5278 2323 5351 ἀκριϐὲς,
2392 5277 2440 5328 εί
2510 5274 2830 5344 παιδευτική
2892 5276 3039 5326 ἐστιν
3084 5275 3114 5344 ἡ
3169 5273 3305 5344 ὀργὴ
3360 5271 3452 5324 τοῦ
3505 5271 3663 5338 Θεοῦ,

2080 5371 2216 5434 πῶς,
2255 5369 2344 5422 διὰ
2369 5368 2431 5421 τὸ
2458 5366 2726 5439 ὠργίσθαι
2752 5366 2981 5437 Κύριον,
3018 5365 3305 5425 ἀπολεῖταί
3332 5381 3416 5429 τις
3450 5364 3508 5430 ἐξ
3543 5364 3664 5416 ὁδοῦ

2077 5464 2327 5528 δικαίας;
2363 5462 2436 5515 Οὐ
2473 5461 2688 5524 πάντως
2719 5460 2777 5513 δὲ
2819 5459 2907 5512 ﬁuit
2938 5460 3034 5530 τὴν
3082 5458 3249 5530 ὀργὴν
3281 5457 3570 5512 ἀπολεῖσθε
3605 5457 3666 5523 ἐξ

2077 5555 2197 5610 ὁδοῦ
2226 5555 2459 5619 δικαίας,
2490 5555 2627 5608 ἀλλὰ
2665 5554 2822 5608 τοῦτο
2860 5554 3048 5622 ἕψεται
3085 5555 3212 5624 ὑμῖν
3254 5554 3342 5607 διὰ
3375 5552 3442 5605 τὰ
3481 5553 3662 5624 ἁμαρ-

2078 5650 2317 5718 τήματα.
2359 5648 2486 5701 Ἐὰν
2521 5647 2595 5718 μὴ
2701 5646 2952 5716 κείμενον
2972 5645 3090 5712 τὸ,‹
3140 5645 3374 5709 δικαίας,
3403 5665 3420 5696 ι
3462 5644 3584 5698 ἐπεὶ
3614 5644 3664 5697 oi

2083 5738 2158 5810 μὴ
2201 5737 2527 5810 δραξάμενοι
2567 5737 2811 5800 παιδείας
2856 5735 3073 5800 πάντως
3119 5737 3255 5790 εἰσιν
3298 5737 3357 5788 ἐν
3407 5735 3514 5806 ὁδῷ
3561 5737 3662 5790 οὐκ

467 5890 583 5959 (80)
617 5891 862 5962 Τὶινμὲν
904 5889 1242 5960 προκοπήν,
1279 5899 1382 5947 etc.
1417 5890 1458 5946 Ε
1489 5892 1608 5948 cod.
1638 5892 1980 5962 Uat'oceiano,

2110 5895 2311 5952 Catena
2335 5895 2601 5951 Curdcrii.
2641 5892 2832 5949 Latine
2864 5903 3039 5948 exstat
3069 5892 3207 5963 apud
3237 5892 3553 5949 Barbarum.
