4124 6424
425 481 566 537 1117

1433 479 1743 534 SELECTA
1784 478 1849 532 IN
1890 469 2230 531 PSALMOS.
2272 503 2342 513 —-
2373 472 2573 528 PSAL.
2610 472 2700 526 111.

3563 466 3702 522 1113

426 604 630 675 ἀγαθῇ,
661 603 880 656 δύναται
910 599 1210 670 λεληθότως
1247 597 1522 666 λέγεσθαι,
1558 599 1638 650 ὅτι
1681 598 1754 667 μὴ
1783 597 2006 667 δρασσο-

2128 595 2304 656 bona;
2360 601 2539 662 potest
2583 592 2822 645 latenter
2871 587 2978 643 dici
3008 629 3024 657 ,
3061 585 3317 657 quoniam
3345 568 3697 638 vobis'disci-

431 696 609 766 μένων
640 693 792 765 ὑμῶν
847 691 1093 755 παιδείας
1135 690 1519 762 ὀργισθήσεται
1561 689 1783 760 Κύριος,
1820 691 1882 739 ὲκ
1915 686 2009 739 τοῦ

425 786 722 840 ἀπολέσθαι
768 785 914 856 ὑμᾶς
959 785 1023 836 ὲκ
1059 785 1157 855 τῆς
1200 782 1321 838 ὀδοῦ
1370 786 1428 836 ἐν
1547 781 1876 852 διατρίϐετε,
1924 781 2011 832 ἵνα

431 878 628 952 μηκέτι
657 877 942 948 ὑπάρχητε
969 878 1026 929 ὲν
1053 877 1210 946 αὐτῇ.

500 1065 686 1120 Ὅταν
725 1059 990 1130 ἐκκαυθῇ
1031 1060 1102 1114 ἐν
1143 1059 1308 1129 τάχει
1353 1063 1386 1113 ό
1431 1057 1617 1128 θυμὸς
1655 1056 1862 1120 αὐτοῦ,
1893 1071 2008 1125 μα-

426 1153 617 1223 κάριοι
665 1152 888 1219 πάντες
915 1155 970 1206 οὶ
1014 1154 1361 1216 πεποιθότες
1412 1150 1504 1203 ἐπ’
1541 1148 1722 1214 αὐτῷ,
1773 1165 1826 1201 κ.
1861 1165 1912 1204 1.
1960 1150 2006 1200 ὲ.

423 1247 487 1300 Εἰ
524 1248 618 1300 καὶ
656 1245 906 1317 δεύτερον
945 1244 1055 1317 (81)
1086 1244 1300 1312 λέγεται
1349 1244 1378 1296 6
1425 1242 1596 1313 θυμὸς
1658 1242 1760 1312 τῆς
1818 1241 2007 1312 ὀργῆς,

425 1337 565 1390 ἀλλά
596 1337 673 1408 τῷ
693 1336 952 1408 τηροῦντι
981 1336 1079 1407 τὴν
1110 1335 1422 1406 σύμφρασιν
1470 1333 1572 1404 τῆς
1621 1333 1866 1403 Γραφῆς,
1909 1351 2010 1402 φα-

426 1430 580 1500 νερὸν
612 1429 693 1483 ὅτι
716 1427 997 1482 ὲκκαίεται
1047 1427 1263 1498 πρῶτον
1293 1429 1320 1480 6
1348 1426 1550 1497 θυμὸς,
1587 1427 1682 1479 καὶ
1730 1425 2010 1497 ὀργισθέν-

423 1539 514 1584 τος
543 1520 636 1574 τοῦ
669 1521 806 1575 Θεοῦ
841 1520 1139 1575 ἀπόλλυταί
1163 1538 1247 1584 τις
1293 1520 1402 1572 ἀπὸ
1444 1520 1542 1590 τῆς
1573 1518 1715 1574 ὁδοῦ.
1742 1518 1815 1571 T6
1848 1519 1906 1572 δὲ
1951 1520 2009 1572 ὲν

423 1611 579 1681 τάχει
620 1611 874 1665 καίεσθαι
919 1611 1012 1663 τὸν
1055 1609 1317 1680 θυμὸν,ῆ
1367 1611 1483 1679 μετ’
1533 1609 1731 1677 ὀλίγον,
1779 1608 1811 1678 ἢ
1871 1607 2009 1679 μετά

425 1700 598 1771 βραχὺ
645 1699 1022 1754 ἀναπαύεσθαι
1057 1699 1240 1764 αὐτὸν,
1287 1698 1524 1752 διδάσκει
1574 1699 1670 1769 τὴν
1723 1699 1862 1769 μετά
1912 1697 2010 1768 τὴν

423 1789 600 1857 ἔξοδον
625 1791 720 1844 τοῦ
753 1791 869 1862 βίου
903 1790 1148 1846 κόλασιν.

491 1883 780 1953 Μακάριοι
805 1883 1027 1950 πάντες
1043 1885 1095 1936 οἱ
1111 1883 1459 1948 πεποιθότες
1487 1882 1580 1935 ἐπ’
1609 1881 1790 1948 αὐτῷ,
1808 1901 1860 1936 κ.
1882 1901 1931 1936 τ.
1958 1881 2004 1935 ἐ.

2119 691 2321 760 pliuam
2367 706 2472 744 non
2518 686 3058 758 apprchendcntibus
3106 685 3376 738 irascetur
3415 677 3696 737 Dominus,

2119 798 2183 836 co
2215 783 2361 851 quod
2404 780 2642 847 pereatis
2686 779 2753 833 de
2785 778 2893 842 via,
2925 776 2978 830 in
3003 789 3110 845 qua
3140 771 3456 835 versamini,
3494 777 3553 822 ut
3588 780 3696 819 non

2120 872 2349 939 amplius
2379 871 2499 925 sitis
2543 870 2596 924 in
2629 884 2716 925 ea.

2189 1046 2354 1101 Vens.
2391 1047 2477 1100 15.
2524 1045 2654 1099 Cum
2686 1045 2946 1100 exarserit
2980 1044 3033 1097 in
3084 1041 3224 1096 breui
3266 1041 3346 1094 ira
3385 1041 3522 1108 ejus,
3565 1037 3703 1090 beati

2119 1154 2298 1192 omnes
2334 1136 2500 1209 547
2526 1138 2615 1206 qui
2647 1137 2920 1206 conﬁdunt
2951 1137 3007 1189 in
3037 1150 3122 1199 eo,
3170 1144 3278 1188 etc.
3327 1130 3582 1197 Quamvis
3623 1126 3702 1180 ira

2119 1231 2269 1300 prior
2324 1230 2536 1283 dicatur
2582 1244 2744 1298 quam
2803 1227 2977 1292 furor,
3035 1236 3214 1280 tamen
3255 1224 3344 1293 qui
3400 1222 3697 1288 Scriptura:

2119 1321 2533 1376 consensionem
2571 1319 3044 1385 animadverterit,
3069 1317 3304 1372 furorem
3337 1315 3573 1384 priorem
3610 1326 3692 1364 ac-

2118 1413 2296 1479 cemli,
2331 1424 2384 1467 et
2423 1413 2562 1466 irato
2593 1411 2703 1466 Deo
2735 1411 2972 1480 aliquem
3019 1425 3051 1465 e
3093 1409 3178 1463 via
3227 1409 3408 1479 perire
3437 1405 3695 1475 reperiet.

2118 1504 2270 1571 Quod
2323 1519 2452 1557 vero
2491 1504 2645 1559 furor
2680 1505 2734 1558 in
2773 1503 2926 1558 brevi
2967 1501 3218 1566 exardct,
3250 1500 3333 1554 vel
3367 1507 3490 1568 post
3520 1496 3695 1551 modi-

2118 1609 2241 1648 cum
2279 1594 2361 1648 vel
2415 1605 2541 1664 post
2586 1593 2752 1647 breve
2801 1603 3015 1662 tempus
3053 1593 3300 1658 sedatur,
3340 1590 3522 1644 futura
3572 1595 3695 1656 post

2117 1687 2322 1741 exitum
2345 1686 2469 1741 vita:
2497 1684 2760 1756 supplicia
2791 1685 3073 1756 exprimit.

2189 1890 2342 1946 Beati
2371 1893 2550 1946 omnes
2574 1892 2662 1962 qui
2684 1891 2953 1960 conﬁdunt
2980 1890 3034 1942 in
3054 1903 3134 1952 eo,
3153 1894 3258 1941 etc.
3295 1883 3698 1939 Attendendunt

422 1977 837 2029 Κατακουστὲον
862 1975 979 2039 τοῦ,
1021 1994 1040 2026 ι
1078 1973 1418 2037 πεποιθότες,
1455 1993 1472 2026 ι
1507 1974 1690 2026 πίστιν
1724 1975 2006 2044 ἐμφαίνον-

2115 1994 2196 2040 est
2232 1987 2297 2039 ad
2335 1986 2464 2040 illud
2491 2004 2503 2040 :
2539 2005 2556 2038 ι
2587 1986 2689 2052 Qui
2716 1985 3030 2050 conﬁdunt,
3059 2003 3077 2037 ιι
3107 1983 3248 2052 quod
3274 1981 3512 2035 declarat
3541 1979 3698 2033 tidem

420 2083 512 2130 τος
545 2066 660 2137 μετ’
688 2066 900 2130 ὲὶσείδος
927 2067 1237 2120 ἀνυπόπτου
1264 2066 1639 2138 βεϐαιοτάτην,
1660 2068 1751 2120 καὶ
1766 2068 2007 2138 ἑδραίαν,

421 2156 514 2209 καὶ
552 2157 816 2221 ἄσειστον,
851 2157 972 2210 οὐδὲ
1007 2159 1064 2211 ὲν
1084 2161 1195 2222 τοῖς
1217 2158 1431 2211 δοκοῦσι
1458 2158 1864 2228 χαλεπωτάτοις
1888 2177 2011 2213 και-

421 2250 535 2316 ροῖς
563 2247 656 2301 τοῦ
692 2247 1015 2312 πεποιθότος
1048 2249 1520 2318 ἀπογινώσκοντος
1548 2250 1647 2322 τὴν
1668 2249 1761 2303 τοῦ
1798 2251 2006 2322 Κυρίου

417 2340 498 2403 είς
530 2339 693 2394 αὐτὸν
716 2342 1037 2412 παρουσίαν,
1058 2341 1272 2404 οὐδενὸς
1301 2341 1666 2411 παρέλκοντος
1699 2341 1880 2395 αὐτόν.

1009 2638 1302 2692 ΨΑΛΜΟΣ
1331 2639 1410 2695 Γ’.

490 2730 738 2799 Ψαλμὸς
785 2729 868 2796 τῷ
921 2730 1123 2794 Δαυῒδ,
1183 2732 1362 2785 ὁπότε
1400 2731 1848 2800 ἀπεδίδρασκεν
1887 2733 2009 2788 ἀπὸ

413 2822 740 2892 προσώπου
786 2821 1168 2891 Ἀϐεσσαλὼμ
1209 2820 1319 2876 τοῦ
1362 2821 1498 2876 υἱοῦ
1525 2823 1734 2886 αὐτοῦ,
1767 2841 1821 2876 κ.
1854 2841 1904 2876 τ.
1955 2825 2004 2878 ὲ.

412 2919 571 2970 Δοκεί
599 2918 630 2970 6
651 2914 862 2986 ψαλμὺς
895 2914 1003 2986 (8ἳ)
1031 2913 1284 2986 εἰρῆσθαι
1309 2913 1387 2984 τῷ
1409 2914 1592 2981 Δαυῖδ,
1624 2915 1787 2969 ὁπότε
1823 2916 2008 2968 ἀπεδί-

412 2998 648 3080 δρασκεν
675 3008 781 3060 ἀπὸ
816 3004 1110 3078 προσώπου
1151 3004 1508 3076 Ἀϐεσσαλὼμ
1538 3005 1632 3058 τοῦ
1664 3007 1783 3059 υἱοῦ
1816 3006 2004 3062 αὐτοῦ.

415 3100 552 3153 Ὄλα
583 3099 640 3151 δὲ
672 3097 741 3152 τά
771 3099 829 3150 ἐν
860 3095 937 3167 τῷ
956 3095 1156 3166 ψαλμῷ
1179 3094 1351 3149 σῶσαι
1380 3097 1518 3166 πρὸς
1545 3095 1644 3168 τὴν
1672 3096 1911 3168 ἱστορίαν
1949 3098 2010 3150 οὐ

412 3190 658 3244 δυνατόν·
703 3189 754 3242 τί
781 3188 890 3258 γὰρ
931 3185 1300 3258 συμϐάλλεται
1347 3186 1485 3258 πρὸς
1529 3186 1591 3239 16
1625 3187 2007 3258 προκείμενον·

2118 2089 2238 2129 cum
2311 2092 2429 2147 spe,
2457 2093 2578 2146 quae
2633 2076 2942 2145 suspicione
2990 2083 3179 2130 careat
3227 2071 3702 2133 lirmissimam,et

2116 2169 2405 2237 Stabilem,
2442 2179 2496 2224 et
2529 2170 2948 2234 inconcussam;
2999 2182 3124 2222 cum
3161 2179 3334 2234 neque
3373 2161 3702 2218 dillicillimis

2117 2259 2282 2314 etiam
2341 2261 2674 2330 temporibus
2731 2259 2777 2315 is
2824 2259 2916 2328 qui
2965 2256 3230 2321 conlidit,
3276 2253 3488 2310 Domini
3543 2254 3594 2307 in
3642 2266 3703 2306 se

2117 2352 2464 2418 praesentiam
2518 2351 2803 2422 desperet,
2850 2333 3370 2420 neque'quisquam
3417 2345 3571 2401 illum
3616 2344 3700 2399 di-

2116 2449 2321 2497 vertat.

2694 2640 3014 2697 PSALMUS
3054 2639 3142 2695 111.

2194 2736 2357 2791 Vens.
2397 2737 2450 2791 1.
2491 2734 2738 2790 Psalmus
2769 2735 2958 2800 David,
2997 2735 3207 2804 quando
3235 2733 3465 2802 fugiebat
3507 2749 3537 2784 a
3566 2731 3704 2800 [acie

2114 2828 2361 2899 Absalom
2387 2827 2488 2896 ﬁlii
2520 2829 2627 2892 sui,
2654 2837 2762 2881 etc.
2797 2827 3025 2880 Videtur
3059 2825 3148 2878 hic
3175 2825 3415 2894 psalmus
3449 2841 3476 2877 a
3504 2824 3704 2877 Davide

2113 2920 2291 2973 dictus
2335 2934 2455 2972 esse
2485 2919 2702 2988 quando
2754 2917 2994 2987 fugiebat
3050 2932 3081 2969 a
3122 2915 3264 2970 facie
3293 2916 3552 2969 Absalom
3604 2916 3698 2969 lilii

2118 3009 2225 3062 sui.
2263 3007 2460 3062 Omnia
2492 3015 2672 3060 autem
2698 3021 2820 3075 quae
2855 3004 3094 3074 psalmus
3135 3005 3402 3069 continet,
3435 3006 3502 3056 ad
3531 3005 3703 3058 histo—

2121 3100 2259 3153 riam
2302 3097 2498 3152 rel'erri
2546 3112 2654 3152 non
2698 3104 2946 3165 possunt.
2985 3095 3124 3160 Quid
3163 3095 3306 3149 enim
3348 3095 3414 3148 ad
3453 3097 3702 3164 prOpOsi-

2123 3200 2233 3244 tum
2269 3189 2547 3260 pertinet:
2580 3204 2599 3238 ι
2633 3187 2747 3256 Ego
2795 3185 3052 3249 dormivi,
3106 3193 3161 3239 et
3207 3195 3493 3253 soporatus
3542 3201 3696 3248 sum,

418 3300 439 3334 ε
495 3279 636 3350 Ἐγὼ
664 3277 986 3350 ὲκοιμήθην,
1020 3278 1115 3331 καὶ
1149 3276 1399 3340 ὖπνωσα,
1427 3276 1753 3350 ὲξηγέρθην,
1788 3281 1871 3333 ὅτι
1905 3279 2006 3333 Κύ-

2121 3279 2432 3342 exsurrexi,
2496 3277 2624 3346 quia
2652 3275 2918 3331 Dominus
2965 3275 3228 3344 suscipiet
3258 3289 3343 3328 me
3365 3274 3493 3327 "‘3:
3546 3274 3700 3341 Quod

415 3389 529 3443 ριος
557 3367 907 3440 ἀντιλήψεται
941 3384 1078 3438 μους
1122 3387 1140 3418 ι
1180 3368 1292 3421 Kal.
1323 3369 1369 3420 εί
1410 3367 1649 3439 βούλοιτο
1681 3369 1738 3422 δέ
1767 3387 1848 3435 τις
1881 3371 2006 3424 δου-

410 3461 588 3515 λεύειν
612 3463 679 3534 τῇ
709 3459 874 3527 λέξει,
913 3459 1075 3513 πλέον
1103 3459 1276 3530 αὐτῆς
1309 3459 1475 3531 μηδὲν
1500 3460 1796 3535 ἐπιζητῶν,
1830 3481 2008 3535 παρα-

413 3553 665 3626 στησάτω
688 3551 804 3616 πῶς
819 3551 1072 3622 ἀληθεύει
1091 3550 1264 3620 λέγων
1287 3551 1316 3602 6
1344 3551 1659 3624 Προφήτης·
1695 3571 1713 3604 ι
1759 3553 2008 3618 Ὀδόντας

409 3645 751 3718 ἁμαρτωλῶν
813 3643 1159 3715 συνέτριψας.
1201 3663 1220 3695 ι
1272 3645 1364 3696 Δεῖ
1417 3644 1476 3698 δὲ
1540 3644 1774 3716 ζητῆσαι
1838 3646 1923 3710 τίς
1978 3647 2007 3699 6

409 3736 593 3802 Δαυτδ,
629 3737 723 3791 καί
747 3737 830 3801 τίς
862 3739 890 3790 6
931 3733 1308 3805 Ἀϐεσσαλὼμ,
1332 3737 1426 3788 καὶ¹
1451 3737 1483 3806 ἡ
1505 3737 1748 3801 ἐπίθεσις
1779 3738 1942 3791 αὑτοῦ
1971 3741 2003 3811 ἡ

412 3827 552 3884 κατά
583 3829 675 3882 τοῦ
711 3829 938 3899 πατρὸς,
963 3830 998 3900 ἤ
1028 3846 1088 3881 τε
1111 3831 1256 3900 φυγὴ
1272 3828 1366 3881 τοῦ
1399 3827 1663 3898 βασιλέως
1690 3830 1880 3901 πράως
1911 3831 2006 3899 φέ-

414 3939 595 3994 ροντος
617 3921 714 3993 τὴν
746 3922 1110 3976 ἐπανάστασιν
1131 3920 1225 3973 τοῦ
1254 3921 1354 3991 τῆς
1385 3919 1664 3989 βασιλείας
1687 3921 1852 3974 αὐτοῦ
1882 3923 2005 3975 ἐπι-

410 4011 754 4084 θυμήσαντος
788 4011 927 4078 υἱοῦ,
975 4014 1069 4066 καὶ
1102 4011 1483 4082 ἐντελλομὲνου
1529 4015 1643 4074 τοῖς
1694 4013 1788 4065 ὑπ’
1837 4015 2003 4067 αὐτὸν

411 4101 699 4172 φείσασθαι
729 4099 822 4154 τοῦ
853 4101 1138 4173 παιδαρίου
1185 4100 1558 4170 Ἀϐεσσαλώμ.
1590 4099 1868 4171 Πολλαχοῦ
1902 4103 2004 4174 τῆς

410 4183 636 4264 Γραφῆς
669 4192 904 4264 εὕρομεν
943 4191 1105 4244 Δαυῒδ
1135 4186 1279 4246 εἶναι
1321 4192 1413 4245 τὸν
1441 4191 1696 4263 Χριστὸν,
1729 4191 1919 4266 ῶσπερ
1943 4195 2002 4248 ἐν

409 4285 488 4356 τῷ
516 4283 860 4357 ὀγδοηκοστῷ
875 4285 1047 4355 ὀγδόῳ
1074 4283 1292 4355 ψαλμῷ·
1326 4303 1344 4335 ι
1380 4278 1552 4356 Εὗρον
1576 4283 1739 4338 Δαυῒδ
1771 4284 1862 4339 τὸν
1889 4284 2004 4338 δοῦ-

411 4376 501 4430 λόν
541 4394 663 4448 μου’
693 4378 751 4430 ἐν
783 4375 948 4446 ἐλαίῳ
974 4375 1116 4448 ἁγίῳ
1144 4375 1336 4448 ἔχρισα
1357 4376 1538 4429 αὐτόν·
1568 4377 1601 4446 ἡ
1623 4376 1733 4447 γὰρ
1756 4377 1879 4448 χείρ
1899 4395 1999 4448 μου

410 4460 761 4540 ἀντιλήψεται
791 4466 960 4539 αὐτῷ,
991 4469 1086 4521 καὶ
1111 4471 1138 4522 6
1161 4467 1401 4538 βραχίων
1435 4486 1538 4538 μου
1570 4468 1883 4538 ἀντισχύσει
1913 4471 2004 4523 αὑ-

410 4560 520 4613 τόν.
547 4561 659 4614 Οὐκ
690 4559 961 4631 ὠφελήσει
991 4559 1183 4632 ἐχθρὸς
1204 4561 1261 4614 ὲν
1292 4559 1462 4631 αὐτῷ,
1498 4562 1590 4614 καὶ
1620 4561 1734 4624 υίὸς
1767 4563 2000 4633 ἀνομίας

2113 3371 2159 3425 si
2197 3369 2320 3440 quis
2364 3367 2599 3423 voluerit
2660 3367 2858 3420 littera:
2904 3365 3151 3430 servire,
3208 3363 3448 3431 nihilque
3500 3372 3700 3431 praeter

2113 3477 2230 3516 eam
2253 3474 2521 3531 qnairere,
2551 3458 2803 3514 ostendat
2841 3453 3116 3524 quomodo
3153 3468 3339 3507 verum
3383 3454 3528 3507 dicat
3562 3453 3698 3506 Pro—

2113 3555 2294 3624 pheta,
2319 3567 2442 3608 cum
2472 3553 2550 3605 ait
2570 3552 2647 3605 ⁶⁰;
2673 3568 2692 3602 ι
2723 3549 2920 3603 Dentes
2950 3554 3297 3615 peccatorum
3330 3545 3692 3598 contrivisti.»

2113 3645 2480 3714 Quaerendum
2516 3651 2598 3698 est
2627 3642 2750 3714 quis
2782 3641 2970 3705 David,
3017 3639 3140 3710 quis
3165 3639 3442 3702 Absalom,
3484 3648 3538 3692 et
3573 3639 3696 3705 qui-

2113 3756 2237 3795 nam
2282 3739 2446 3793 l'uerit
2478 3737 2597 3806 ejus
2647 3737 2912 3790 adversus
2949 3742 3159 3801 patrem
3206 3733 3459 3802 impetus,
3493 3743 3546 3786 et
3578 3748 3698 3800 quae

2113 3833 2238 3902 fuga
2275 3831 2437 3902 regis,
2471 3831 2560 3901 qui
2597 3830 2829 3899 benigne
2859 3827 2965 3881 fert
3001 3825 3094 3878 lilii
3139 3840 3366 3894 regnum
3411 3823 3528 3890 ejus
3575 3821 3701 3878 alle-

2112 3925 2331 3987 ctantis,
2373 3922 2762 3982 rebellionem,
2820 3929 2875 3974 et
2923 3919 3158 3973 subditis
3211 3917 3326 3971 suis
3371 3917 3601 3985 imperat
3641 3924 3702 3969 ut

2112 4024 2342 4082 pareant
2399 4013 2510 4068 lilio
2565 4012 2842 4066 Ahsalom.
2906 4008 3161 4063 Pluribus
3210 4022 3344 4061 sane
3395 4007 3696 4076 Scriptura:

2112 4104 2248 4160 locis
2291 4104 2602 4158 invenimus
2627 4103 2887 4156 Davidcm
2925 4115 3047 4156 esse
3074 4100 3378 4163 Christum,
3431 4098 3697 4167 quemad-

2113 4198 2334 4252 modum
2386 4197 2438 4250 in
2489 4195 2822 4266 octogesimo
2860 4203 3054 4248 octavo
3090 4193 3295 4263 psalmo
3316 4192 3402 4246 “z
3452 4209 3470 4243 ι
3502 4191 3689 4244 Inveni

2115 4289 2283 4342 David
2321 4302 2540 4344 servum
2583 4301 2784 4349 meum,
2823 4285 2944 4340 oleo
2987 4294 3180 4340 sancto
3221 4284 3350 4337 unxi
3388 4298 3532 4346 eum,
3577 4297 3694 4333 ma-

2111 4397 2212 4438 nus
2253 4382 2399 4436 enim
2448 4395 2564 4434 mea
2607 4379 2964 4434 auxiliabitur
2991 4378 3062 4442 ei,
3097 4386 3152 4432 et
3182 4377 3465 4431 brachium
3517 4389 3694 4427 mcum

2111 4473 2438 4530 confortabit
2465 4487 2612 4530 cum.
2660 4471 2802 4524 Nihil
2840 4470 3091 4540 proﬁciet
3124 4469 3378 4522 inimicus
3420 4468 3470 4521 in
3510 4481 3594 4530 eo,
3640 4475 3696 4518 ct

2113 4565 2254 4619 ﬁlius
2302 4563 2607 4633 iniquitatis
2654 4577 2758 4615 non
2797 4572 3034 4630 apponet
3071 4575 3271 4614 nocere
3306 4560 3378 4624 ei,
3415 4569 3468 4612 ct
3507 4557 3695 4612 conci-

410 4649 472 4701 οὐ
509 4648 807 4719 προσθήσει
842 4648 938 4703 τοῦ
977 4649 1228 4704 κακῶσαι
1257 4649 1439 4703 αὐτόν.
1471 4650 1579 4704 Καὶ
1615 4649 1872 4719 συγκόψω
1894 4652 2002 4705 ἀπὸ

2112 4656 2232 4709 dam
2275 4669 2304 4706 a
2340 4653 2479 4706 facie
2525 4652 2695 4722 ipsius
2737 4653 2989 4706 inimicos
3030 4651 3167 4721 ejus,
3204 4659 3258 4704 et
3293 4649 3538 4703 odientes
3567 4663 3692 4701 eum

413 4739 703 4812 προσώπου
724 4740 888 4794 αὐτοῦ
910 4741 1036 4804 τοὺς
1054 4740 1282 4812 ἐχθροὺς
1315 4740 1502 4807 αὐτοῦ,
1521 4741 1759 4805 καὶτοὺς
1781 4741 2000 4812 μισοῦν-

410 4848 509 4894 τας
535 4830 702 4886 αὐτὸν
745 4831 1121 4904 τροπώσομαι.
1170 4833 1281 4886 Καὶ
1315 4834 1346 4902 ἡ
1377 4832 1604 4904 ἀλήθειά
1650 4849 1751 4902 μου
1809 4833 1903 4885 καὶ
1937 4832 1998 4885 τὸ

411 4923 558 4988 ἕλεός
587 4940 687 4994 μου
725 4926 840 4994 μετ’
864 4924 1049 4977 αὐτοῦ·
1087 4925 1181 4978 καὶ
1207 4927 1264 4977 ὲν
1297 4925 1374 4996 τῷ
1395 4924 1618 4996 ὀνόματί
1649 4942 1749 4995 μου
1782 4924 2002 4996 ὑψωθή-

414 5030 564 5068 σεται
604 5014 665 5067 τὺ
696 5013 863 5086 κέρας
890 5012 1077 5077 αὑτοῦ,
1111 5015 1205 5068 καὶ
1231 5013 1470 5086 θήσομαι
1503 5017 1560 5068 ὲν
1578 5015 1819 5086 θαλάσσῃ
1838 5018 1998 5085 χεῖρα

412 5105 598 5169 αὐτοῦ,
626 5106 720 5158 καὶ
745 5107 802 5158 ὲν
835 5107 1098 5176 ποταμοῖς
1122 5105 1301 5171 δεξιὰν
1332 5105 1513 5160 αὐτοῦ.
1547 5105 1718 5167 Αὐτὸς
1743 5104 1997 5158 ἐπικαλέ-

412 5197 564 5248 σεταί
596 5213 681 5266 με·
712 5198 903 5269 Πατήρ
935 5214 1035 5267 μου
1067 5191 1116 5250 εἷ
1148 5199 1234 5262 σὺ,
1274 5197 1430 5266 κάγὼ
1458 5197 1802 5268 πρωτότοκον
1834 5197 1995 5268 θήσο-

413 5305 511 5358 μαι
534 5287 718 5352 αὐτδν,
742 5289 946 5360 ὑψηλὸν
981 5289 1132 5360 παρά
1164 5293 1276 5355 τοῖς
1304 5289 1580 5360 βασιλεῦσι
1607 5292 1708 5361 τῆς
1745 5292 1873 5361 γῆς.
1904 5292 2001 5354 Εἰς

408 5381 498 5437 τὸν
530 5379 701 5434 αἰῶνα
732 5380 951 5451 φυλάξω
973 5381 1125 5452 αὐτῷ
1153 5380 1214 5434 16
1242 5381 1388 5446 ἔλεός
1423 5400 1546 5454 μου,
1583 5386 1676 5436 καὶ
1706 5387 1738 5454 ἡ
1770 5383 1998 5453 διαθήκη

413 5489 514 5540 μου
574 5472 740 5543 πιστὴ
783 5472 952 5542 αὐτῷ.
1000 5473 1112 5526 Καὶ
1156 5473 1394 5544 θήσομαι
1453 5476 1534 5536 εἰς
1576 5473 1667 5526 τὸν
1701 5474 1875 5527 αἰῶνα
1905 5472 2000 5526 τοῦ

409 5563 604 5627 αἰῶνος
629 5564 689 5616 τὸ
711 5564 932 5634 σπέρμα
959 5563 1147 5629 αὐτοῦ,
1171 5565 1263 5617 καὶ
1287 5566 1380 5618 τὸν
1411 5565 1598 5635 θρόνον
1624 5565 1790 5619 αὐτοῦ
1814 5567 1889 5629 ώς
1905 5567 2002 5630 τὰς

410 5655 618 5726 ἡμέρας
658 5655 753 5709 τοῦ
805 5655 1055 5726 οὐρανοῦ.
1105 5677 1122 5708 ι
1163 5657 1274 5709 Καὶ
1313 5659 1371 5710 ἐν
1401 5656 1478 5728 τῷ
1525 5657 1723 5728 Ἡσαΐᾳ
1771 5657 2000 5726 λέγοντι·

481 5775 524 5804 δν
559 5774 643 5826 l‘s.
677 5791 760 5839 l'l,
787 5774 838 5829 6.
918 5774 963 5806 °°
1002 5773 1130 5828 ibid.
1161 5775 1217 5830 8.
1294 5776 1335 5806 ⁸³
1367 5775 1456 5828 Ps.
1487 5791 1750 5840 Lxxxvnt,
1777 5776 1838 5828 ’21
1867 5787 1921 5830 et
1950 5790 2103 5846 seqq.

2109 4745 2161 4800 in
2204 4745 2381 4814 fugam
2433 4753 2776 4798 convertam.
2822 4742 2892 4796 Et
2944 4743 3151 4796 veritas
3195 4758 3335 4808 mea,
3380 4751 3436 4796 ct
3477 4739 3734 4795 miseri-'

2106 4837 2287 4891 cordia
2325 4852 2440 4891 mea
2477 4851 2598 4889 cum
2643 4835 2760 4904 ipso
2801 4855 2817 4890 -.
2871 4844 2926 4887 et
2965 4834 3016 4888 in
3059 4835 3278 4888 nomine
3324 4848 3444 4887 meo
3481 4832 3692 4887 exalta-

2105 4929 2251 4982 bitur
2289 4943 2461 4982 cornu
2509 4927 2646 4996 ejus,
2679 4936 2734 4980 et
2777 4941 2973 4994 ponam
3017 4926 3070 4979 in
3114 4925 3250 4978 mari
3295 4941 3512 4979 manum
3551 4925 3687 4991 ejus,

2102 5029 2154 5073 et
2183 5020 2232 5072 in
2268 5019 2578 5072 ﬂuniinibus
2605 5019 2884 5071 dexteram
2917 5015 3053 5084 ejus.
3093 5017 3213 5088 Ipse
3249 5017 3522 5072 invocabit
3554 5033 3640 5070 me
3671 5034 3685 5069 :

2102 5109 2262 5163 Pater
2290 5126 2439 5164 meus
2466 5127 2524 5164 es
2554 5121 2629 5174 tn,
2660 5119 2713 5162 et
2743 5127 2842 5179 ego
2871 5110 3286 5178 primogenitum
3317 5126 3511 5178 ponam
3539 5110 3686 5162 illum

2101 5188 2376 5256 cicelsum
2421 5219 2532 5271 pra:
2575 5203 2794 5272 regibus
2847 5213 3026 5256 terra}.
3067 5203 3119 5256 In
3153 5211 3412 5256 mternum
3458 5201 3688 5255 servabo

2104 5295 2178 5348 illi
2233 5295 2664 5348 misericordiam
2704 5311 2914 5358 meam,
2967 5304 3022 5348 et
3070 5303 3452 5348 testamentum
3507 5308 3683 5344 meum

2105 5387 2262 5440 lidcle
2297 5385 2421 5454 ipsi.
2474 5386 2539 5440 Et
2563 5385 2729 5457 548
2755 5402 2950 5456 ponam
2990 5386 3041 5439 in
3082 5386 3335 5440 saeculum
3378 5384 3556 5438 sazculi
3600 5399 3684 5435 se-
3728 5447 3734 5461 ⁴

2107 5495 2227 5532 Inen
2258 5478 2398 5546 ejus,
2428 5489 2482 5532 et
2513 5478 2767 5532 tlu'onum
2801 5479 2915 5545 ejus
2946 5478 3087 5531 sicut
3120 5479 3236 5531 dies
3269 5475 3411 5530 coeli.
3442 5493 3460 5525 ι
3520 5475 3582 5528 Et
3629 5477 3682 5530 in
3731 5535 3733 5538 ,

2106 5564 2244 5621 Isaia
2293 5567 2510 5622 dicente
2531 5567 2666 5620 “:t
2698 5569 2762 5622 Et
2815 5568 3078 5637 dirigetur
3125 5583 3244 5619 cum
3311 5567 3682 5620 misericordia

2110 5661 2358 5720 thronus,
2399 5667 2449 5711 et
2478 5659 2691 5713 sedebit
2732 5657 2784 5712 in
2817 5673 2880 5713 eo
2913 5672 3033 5710 cunt
3071 5655 3297 5711 veritate
3338 5656 3388 5709 in
3425 5655 3682 5713 taberna-

2193 5776 2236 5807 ⁶²
2272 5775 2395 5830 lsai.
2441 5791 2546 5842 xvi,
2574 5776 2626 5830 5.

482 5870 592 5933 (8|)
632 5872 695 5922 El
731 5870 826 5922 καὶ
860 5869 1156 5935 δεύτερον,
1190 5880 1296 5924 etc.
1322 5871 1496 5924 Ctnlex
1557 5869 1666 5923 lim:
1693 5871 1745 5933 ι,
1794 5871 1974 5923 Daniel
2013 5870 2307 5924 Barbarus.

483 5937 597 6010 (8').)
617 5941 784 5997 Δοκεῖ
815 5944 846 5996 ό
903 5943 1170 6012 ψιι.’ίμός,
1214 5951 1320 5997 etc.
1375 5943 1551 5998 Uotch
1603 5940 1985 6010 Barac-cianus,

2112 5945 2339 6011 I‘dcrius,
2380 5943 2673 5998 Batbaru...
