4124 6438
420 460 558 518 illi)

1832 467 1924 522 ΕΧ
1964 467 2266 527 ORIGENE

3549 478 3694 538 “9.0

413 576 542 628 culo
576 577 740 630 David
779 576 1034 644 judicans
1073 586 1126 634 et
1167 595 1420 649 quzereus
1455 581 1747 651 judicium,
1790 596 1843 641 et
1884 588 1995 643 cito

2104 607 2123 640 ι
2166 589 2274 641 Καὶ
2300 588 2720 660 διορθωθήσεται
2751 592 2868 662 μετ’
2899 593 3080 660 ἐλέους
3108 595 3315 666 θρόνος,
3346 597 3440 655 καί
3475 599 3688 654 καθιεῖ-

415 665 650 724 reddens
689 665 974 733 justitiam.
1009 687 1028 719 ι
1077 668 1212 724 Cum
1249 678 1428 723 autem
1468 681 1628 725 tetate
1665 673 1800 728 Isaia
1841 674 1997 743 longe

413 758 690 826 antiquior
725 759 796 813 sit
823 760 989 813 David
1021 761 1206 825 homo,
1244 779 1348 817 non
1383 764 1473 818 hic
1507 767 1820 833 praadicitur
1850 768 1997 833 judi-

411 858 660 912 caturus,
709 852 803 905 sed
854 851 1122 917 Christus,
1153 854 1235 906 cui
1266 854 1414 909 dedit
1465 855 1626 910 Pater
1683 857 1994 928 «judicium

413 937 597 994 facere
627 958 751 1009 quia
779 941 949 997 Filius
975 945 1210 999 hominis
1247 957 1332 1002 est
1353 948 1416 1001 ⁸³.
1450 966 1468 998 ι
1518 949 1583 1002 Ει
1629 950 1678 1002 in
1710 950 1996 1006 Ezechiele

416 1041 604 1100 aperte
638 1033 892 1088 Christus
932 1037 1104 1092 David
1151 1053 1273 1094 esse
1314 1041 1512 1096 dicitur
1559 1041 1613 1094 in
1644 1041 1852 1098 visione
1896 1057 1994 1112 pa-

411 1134 620 1178 storum
672 1125 766 1193 qui
824 1127 1121 1194 culpantur
1180 1131 1324 1198 quod
1384 1147 1492 1190 non
1551 1145 1696 1188 recte
1748 1135 1994 1190 curarint

411 1229 543 1269 oves
566 1215 630 1270 “.
668 1217 930 1287 Deinceps
979 1219 1260 1281 videamus
1292 1226 1416 1293 quis
1462 1226 1532 1280 sit
1561 1225 1814 1282 Ahsalom
1851 1223 1994 1283 filius

415 1307 609 1362 David.
641 1308 819 1376 Atque
850 1311 940 1366 alii
972 1314 1196 1383 quidem
1230 1317 1405 1384 ipsum
1443 1317 1838 1373 existimabunt
1874 1331 1992 1371 esse

417 1398 647 1466 figuram
685 1399 836 1454 Juda:
889 1405 1202 1473 proditoris,
1242 1407 1332 1460 alii
1379 1423 1510 1462 vero
1541 1407 1763 1464 diaholi.
1814 1405 1994 1460 Melito

413 1489 690 1546 Asiaticus
733 1495 809 1549 ait
855 1497 1030 1564 ipsum
1068 1512 1200 1554 esse
1236 1498 1461 1565 ﬁgurant
1500 1497 1721 1561 diaboli,
1759 1498 1849 1564 qui
1897 1496 1992 1551 ad-

417 1593 609 1636 versus
634 1582 838 1640 Christi
880 1602 1104 1656 regnum
1137 1587 1438 1648 rebellavit,
1475 1587 1662 1644 sed-id
1692 1585 1864 1641 solum
1907 1587 1993 1642 in-

417 1670 580 1736 dicat,
610 1690 710 1728 nec
744 1675 860 1730 fuse
892 1679 1262 1746 persequitur.

2104 695 2194 730 ται
2215 680 2299 731 ἐπ’
2329 679 2494 734 αὐτοῦ
2528 682 2666 751 μετὰ
2695 682 2952 752 ἀληθείας
2980 687 3039 738 ἐν
3079 691 3252 758 σκηνῇ
3285 688 3446 742 Δαυῒδ
3482 690 3686 760 κρίνων

2105 771 2200 824 καὶ
2234 772 2477 842 ἐκζητῶν
2495 779 2668 847 κρῖμα
2689 777 2782 830 καὶ
2807 778 3050 837 σπεύδων
3064 779 3428 852 δικαιοσύνην.
3459 801 3476 832 ι
3504 783 3686 854 Πρεσ-

2103 862 2327 949 ϐύτερος
2371 865 2427 916 δὲ
2466 867 2645 938 πολλῷ
2701 869 2989 940 γενόμενος
3038 871 3117 940 τῷ
3168 872 3346 949 χρόνῳ
3413 873 3610 943 Ἡσαΐᾳ
3657 876 3686 930 6

2103 948 2264 1001 Δαυῒδ
2294 951 2321 1001 6
2366 950 2670 1022 ἄνθρωπος,
2701 955 2823 1025 οὐχὶ
2868 955 3268 1027 προφητεύεται
3301 948 3506 1029 κρίνειν
3557 959 3686 1029 μὲλ-

2103 1037 2231 1101 λων,
2279 1039 2393 1092 ἀλλ’
2427 1043 2456 1093 ὁ
2514 1041 2749 1114 Χριστὸς
2797 1037 2843 1111 ᾧ
2897 1044 3094 1098 ἔδωκεν
3132 1051 3161 1100 6
3205 1047 3398 1119 Πατὴρ
3440 1066 3458 1101 ι
3503 1050 3686 1120 κρίσιν

2101 1133 2294 1196 ποιεῖν,
2328 1132 2410 1184 ὃτι
2443 1132 2571 1196 Υἱὸς
2600 1133 2890 1206 ἀνθρώπου
2922 1137 3058 1190 ἐστί.
3104 1158 3123 1189 ι
3158 1140 3270 1198 Καὶ
3300 1142 3357 1198 ἐν
3386 1141 3465 1212 τῷ
3523 1143 3684 1206 Ἰεζε-

2099 1221 2224 1292 κιὴλ
2245 1221 2430 1290 σαφῶς
2458 1224 2486 1274 6
2509 1225 2742 1294 Χριστὸς
2763 1225 2926 1280 Δαυῒδ
2957 1223 3096 1282 εἶναι
3129 1228 3345 1298 λέγεται
3371 1234 3430 1284 ἐν
3453 1235 3522 1303 τῇ
3556 1235 3688 1304 ὁρά-

2101 1327 2182 1364 σει
2212 1313 2278 1382 τῇ
2309 1311 2446 1383 πρὸς
2473 1315 2599 1376 τοὺς
2635 1316 2901 1385 ποιμένας
2939 1318 3031 1382 οὓς
3051 1320 3207 1389 ψέγει
3233 1322 3262 1372 6
3292 1321 3445 1389 λόγος
3479 1323 3571 1374 ἐπὶ
3607 1322 3690 1393 τῷ

2102 1402 2177 1474 μὴ
2207 1402 2384 1467 καλῶς
2399 1403 2812 1478 ᾠκονομηκέναι
2828 1409 2897 1462 τὰ
2923 1411 3190 1482 πρόϐατα.
3227 1412 3384 1483 Ἑξῆς
3406 1413 3464 1466 δὲ
3487 1414 3684 1485 ἴδωμεν

2096 1494 2181 1557 τίς
2209 1497 2237 1547 6
2279 1496 2631 1569 ’Δϐεσσαλὼμ
2657 1502 2685 1554 6
2726 1502 2839 1565 υἱὸς
2865 1504 2958 1557 τοῦ
2989 1506 3169 1560 Δαυῖδ.
3210 1508 3319 1560 Καὶ
3347 1508 3395 1560 οἱ
3441 1509 3539 1578 μὲν
3569 1510 3685 1581 οἰή-

2099 1602 2282 1641 σονται
2310 1589 2473 1645 αὑτὸν
2504 1586 2642 1646 εἶναι
2675 1595 2860 1649 εἰκόνα
2891 1598 2982 1650 τοῦ
3019 1599 3278 1670 προδότου
3318 1601 3509 1664 Ἰούδα,
3542 1604 3590 1655 οἱ
3627 1602 3685 1654 δὲ

2097 1679 2190 1732 τοῦ
2223 1681 2755 1740 διαϐόλου.Μελίτων
2784 1687 2913 1756 γοῦν
2947 1691 2976 1742 6
3001 1692 3056 1744 ἐν
3091 1693 3159 1761 τῇ
3206 1693 3358 1763 Ἀσίᾳ
3392 1693 3555 1764 φησὶν
3583 1695 3683 1747 αύ-

415 1765 506 1821 τδν
536 1765 670 1824 εἶναι
710 1771 879 1826 τύπον
913 1775 1006 1827 τοῦ
1047 1775 1294 1829 διαϐόλου
1326 1777 1730 1841 ἐπαναστάντος
1754 1778 1820 1847 τῇ
1856 1774 2090 1846 Χριστοῦ
2123 1777 2386 1853 βασιλείᾳ,
2429 1783 2522 1836 καὶ
2549 1784 2736 1837 τούτου
2770 1785 2930 1855 μόνου
2969 1785 3224 1857 μνησθεὶς
3249 1787 3350 1840 οὐκ
3379 1788 3682 1859 ἐπεξηργά-

417 1872 545 1912 σατο
573 1860 663 1914 τὸν
692 1863 876 1920 τόπον.

491 1950 654 2011 Vitas.
682 1954 738 2021 2,
768 1955 822 2009 5.
870 1926 1126 2023 Dom-ine,
1173 1958 1301 2030 quid
1357 1957 1692 2030 multiplicati
1731 1969 1850 2012 sunt
1903 1960 1992 2028 qui

2164 1956 2362 2025 Κύριε,
2377 1956 2435 2008 τί
2449 1955 2921 2028 ἐπληθύνθησαν
2935 1961 2987 2012 oi
3003 1961 3310 2029 θλίϐοντές
3320 1981 3396 2032 με
3413 1981 3431 2027 ;
3456 1966 3681 2022 Πολλοὶ

413 2043 668 2098 tribu/aut
710 2062 808 2112 me,
843 2050 999 2104 multi
1041 2051 1319 2120 insurgunt
1361 2051 1643 2108 adversum
1685 2057 1808 2112 me?
1840 2050 1995 2105 Multi

2095 2049 2525 2104 ἐπανίστανται
2557 2049 2650 2101 ἐπ’
2681 2049 2806 2121 ἐμὲ,
2843 2053 3060 2106 πολλοὶ
3102 2052 3352 2123 λέγουσι
3389 2055 3464 2124 τῇ
3511 2058 3683 2128 ψυχῇ

411 2135 596 2190 dicunt
656 2139 846 2192 anima:
904 2157 1032 2196 mea:
1077 2161 1096 2199 :
1144 2143 1270 2198 Non
1321 2153 1396 2198 est
1439 2141 1584 2198 salus
1641 2144 1741 2214 ipsi
1801 2143 1855 2196 in
1893 2140 1996 2193 Deo

2103 2157 2230 2207 μου·
2287 2143 2409 2194 Οὑιι
2451 2141 2584 2195 ἔστι
2643 2143 2905 2210 σωτηρία
2952 2143 3112 2211 αὐτῷ
3164 2145 3234 2199 ἐν
3282 2145 3361 2211 τῷ
3414 2148 3536 2214 Θεῷ
3579 2152 3685 2203 αὺ-

412 2227 554 2294 eius,
582 2237 690 2286 etc.
731 2229 1008 2298 Quantum
1050 2235 1114 2290 ad
1162 2233 1399 2292 litteram
1447 2235 1658 2300 attinet,
1687 2235 1802 2289 tunc
1835 2250 1862 2286 a
1885 2232 1992 2286 Da-

415 2322 541 2376 vide
585 2323 844 2380 dicuntur
888 2325 1128 2397 fugiente
1152 2329 1408 2384 Absalom
1442 2331 1531 2400 qui
1567 2331 1829 2386 adversus
1870 2344 1994 2383 eum

417 2415 710 2470 rebellarat
739 2419 823 2472 πε
869 2421 1085 2487 quando
1131 2417 1361 2491 profecti
1414 2431 1536 2476 sunt
1583 2437 1706 2475 cmn
1740 2421 1994 2475 Ahsalmn

415 2506 635 2560 ducenti
673 2524 734 2562 ex
762 2507 1062 2564 Jerusalem
1089 2513 1293 2576 vocati,
1330 2522 1523 2566 euntes
1567 2512 1618 2566 in
1650 2511 1998 2580 simplicitate

413 2610 540 2659 sua,
567 2598 659 2666 qui
703 2598 836 2652 nihil
870 2615 1056 2654 eorum
1093 2617 1214 2672 qua:
1241 2602 1479 2667 fiebant,
1521 2603 1910 2672 agnoscebant,
1943 2609 1999 2654 et

419 2695 594 2742 tamen
624 2705 813 2746 omnes
853 2691 1162 2762 allligebant
1201 2696 1480 2751 Davidem.
1521 2695 1691 2765 Magis
1721 2703 1900 2748 autem
1930 2710 1997 2746 ex

415 2795 649 2848 persona
692 2786 911 2840 Davidis
949 2789 1063 2843 haec
1104 2790 1376 2844 enuntiari
1421 2790 1757 2858 accepimus,
1804 2798 1859 2840 ut
1901 2789 1996 2839 ad-

419 2875 727 2930 notavimus
777 2878 829 2931 in
875 2880 1038 2950 hujus
1081 2881 1274 2948 psalmi
1320 2881 1554 2936 titulum.
1598 2880 1663 2933 Et
1698 2881 1995 2933 secundum

419 2967 703 3022 historiam
754 2973 971 3040 quidem
1030 2972 1344 3043 afﬂigebant
1379 2974 1663 3039 Davidem,
1709 2971 1798 3040 qui
1852 2967 1998 3022 aucti

418 3075 644 3115 numero
675 3061 989 3132 frequentes
1027 3067 1381 3122 adluerebant
1413 3065 1728 3120 Absalomo.
1764 3065 1865 3131 Qui
1901 3080 1999 3116 au-

419 3160 527 3206 tem
565 3154 920 3222 insargehant
960 3159 1252 3214 adversum
1293 3175 1442 3222 eum,
1487 3167 1644 3216 erant
1670 3155 1997 3226 Achitophel

421 3253 478 3300 et
501 3245 679 3302 Semei
710 3257 764 3303 et
792 3248 1030 3314 Thecon,
1070 3260 1122 3305 et
1152 3250 1194 3304 si
1233 3251 1356 3319 quis
1394 3251 1534 3306 alius
1575 3266 1639 3304 ex
1673 3249 1997 3320 potentiori-

417 3337 540 3392 hus.
577 3341 646 3392 At
681 3341 772 3408 qui
824 3358 1074 3396 nonessc
1127 3343 1199 3396 illi
1254 3343 1487 3396 salutem
1544 3343 1596 3397 in
1643 3343 1754 3395 Deo
1789 3340 1995 3403 dicunt,

418 3429 512 3484 alii
545 3442 744 3500 praeter
790 3434 1112 3488 tribulantes
1153 3443 1209 3489 et
1245 3435 1617 3504 insurgentes,
1659 3443 1712 3487 et
1738 3432 1996 3486 Absalom

421 3523 645 3577 minime
684 3534 922 3590 secutos,
969 3540 1090 3580 esse
1141 3535 1366 3595 possunt
1402 3527 1515 3598 qui,
1559 3542 1680 3582 cmn
1718 3523 1884 3578 David
1917 3524 1997 3578 vi-

419 3625 568 3670 ctum
595 3616 917 3678 sensissent.
945 3619 1058 3673 hazc
1088 3619 1364 3674 dicebant.
1397 3618 1597 3674 Verum
1626 3619 1716 3690 qui
1745 3617 1996 3673 Salvato-

422 3725 538 3764 rcm
590 3708 919 3764 tribularunt
976 3712 1274 3766 secundum
1325 3725 1582 3777 carnem,
1627 3709 1799 3766 Judaei
1852 3715 2000 3766 fuere

420 3802 514 3870 qui
563 3799 914 3856 clamarunt:
963 3803 1193 3870 «Tolle,
1257 3803 1381 3858 tolle
1434 3803 1576 3857 hunc
1627 3817 1657 3855 e
1693 3803 1930 3859 terra“.
1975 3823 1994 3858 ι

422 3892 841 3947 lnsurrexerunt
885 3909 1014 3948 vero
1076 3895 1128 3948 in
1181 3895 1356 3963 ipsum
1411 3893 1581 3950 Judas
1638 3896 1884 3964 proditor
1944 3904 2000 3949 ct

421 3984 682 4054 Caiphas.
723 3983 825 4050 Qui
872 3994 1049 4039 autem
1095 3985 1285 4039 dicunt
1329 3987 1524 4041 anima:
1565 3985 1683 4056 ejus
1725 4000 1831 4040 non
1877 3999 1999 4039 esse

420 4077 676 4142 salutem,
709 4077 782 4130 illi
815 4089 938 4132 sunt
966 4077 1056 4147 qui
1088 4088 1334 4147 tempore
1359 4077 1629 4148 passionis
1665 4091 1999 4148 maneretm-

423 4177 506 4224 tes
541 4169 832 4224 dicebant:
864 4189 882 4222 ι
913 4169 1218 4225 Descendat
1261 4170 1327 4223 de
1369 4185 1554 4237 cruce,
1605 4178 1660 4223 et
1713 4168 2001 4224 credamus

422 4263 492 4316 ci.
529 4280 546 4312 ι
619 4259 886 4315 Przeterea
945 4261 1343 4328 insurgentium
1399 4271 1455 4316 et
1513 4259 1912 4324 tribulantium,
1947 4266 2004 4312 et.

422 4353 653 4410 salutem
687 4353 758 4407 illi
803 4354 856 4408 iu
890 4353 999 4410 Deo
1034 4369 1156 4409 esse
1194 4353 1512 4421 negantium
1555 4351 1868 4406 discrimina
1923 4349 2002 4403 al-

422 4446 530 4505 tius
569 4446 881 4517 perspicere
931 4445 1062 4500 licet
1090 4444 1191 4499 hoc
1225 4445 1382 4499 modo
1423 4463 1435 4498 :
1476 4459 1665 4497 omnes
1715 4443 1997 4512 pnesides,

420 4546 476 4594 et
519 4552 834 4592 sermonum
883 4536 972 4606 qui
1026 4553 1054 4591 a
1094 4537 1329 4593 decretis
1385 4534 1590 4590 Christi
1639 4533 1801 4587 alieni
1849 4542 1996 4600 sunt,

2097 2233 2222 2298 τοῦ,
2247 2252 2299 2290 κ.
2339 2252 2391 2292 τ.
2429 2235 2476 2289 ἐ.
2528 2235 2690 2288 Ὅσον
2721 2236 2813 2288 ἐπί
2843 2238 2910 2308 τῇ
2945 2235 3086 2302 λέξει
3125 2237 3233 2308 (85)
3257 2239 3428 2293 ταῦτα
3462 2241 3680 2310 λέγεται

2099 2327 2201 2379 ὑπὸ
2218 2324 2311 2379 τοῦ
2329 2325 2490 2381 Δαυῒδ
2506 2326 2990 2398 ἀποδιδράσκοντος
3007 2330 3097 2382 τὸν
3113 2330 3467 2404 Ἀϐεσσαλὼμ
3485 2336 3682 2389 ἐπανα-

2101 2417 2300 2469 στάντα
2328 2414 2496 2486 αὐτῷ·
2525 2418 2610 2469 ὅτε
2639 2419 3011 2491 ἐπορεύθησαν
3043 2420 3183 2490 μετὰ
3208 2421 3301 2474 τοῦ
3328 2421 3685 2494 Ἀϐεσσαλὼμ

2097 2506 2357 2559 διακόσιοι
2384 2508 2573 2578 ἄνδρες
2596 2509 2654 2576 ἐξ
2701 2511 3056 2582 Ἰερουσαλὴμ
3082 2511 3292 2582 κλητοὶ,
3325 2515 3686 2584 πορευόμενοι

2099 2603 2164 2670 τῇ
2205 2599 2466 2670 ἁπλότητι
2522 2602 2721 2666 αὐτῶν,
2775 2603 2822 2655 οἳ
2870 2604 2969 2657 οὐκ
3014 2604 3259 2672 ἔγνωσαν
3295 2607 3401 2658 πᾶν
3434 2606 3603 2676 ῥῆμα,
3632 2605 3683 2658 οἶ

2101 2687 2299 2752 πάντες
2332 2688 2539 2744 ἐθλιϐον
2587 2692 2677 2744 τὸν
2723 2694 2902 2748 Δαυῖδ.
2961 2694 3177 2748 Μᾶλλον
3207 2695 3262 2747 δέ.
3291 2698 3355 2748 ἐκ
3385 2696 3678 2767 προσώπου

2099 2780 2192 2833 τοῦ
2228 2780 2390 2834 Δαυῒδ
2432 2783 2867 2852 ἀπαγγέλλεσθαι
2898 2784 3038 2838 αὐτὰ
3063 2783 3443 2858 ἐξεδεξάμεθα,
3475 2787 3549 2851 ὡς
3592 2789 3685 2841 καὶ

2102 2873 2158 2924 ἐν
2191 2874 2302 2935 τοῖς
2334 2874 2414 2937 είς
2441 2873 2539 2945 τὴν
2573 2876 2887 2948 ἐπιγραφὴν
2917 2879 3364 2950 παρεστήσαμεν.
3415 2880 3524 2932 Καὶ
3561 2880 3687 2933 ὅσον

2087 2965 2203 3035 ,μὲν
2232 2966 2324 3019 ἐπὶ
2359 2969 2424 3039 τῇ
2471 2968 2682 3041 ἱστορίᾳ
2728 2969 2936 3026 genam;
2970 2971 3068 3042 μὲν
3102 2972 3192 3025 τὸν
3222 2971 3386 3026 Δαυῒδ
3418 2973 3684 3044 πληθυνό-

2106 3060 2325 3127 μενοιοί
2361 3061 2777 3133 προστιθέμενοι
2805 3062 2988 3116 πολλοὶ
3017 3063 3094 3134 τῷ
3134 3063 3507 3134 Ἀϐεσσαλὼμ⁹
3541 3066 3588 3117 οἱ
3629 3065 3686 3117 δέ

2103 3148 2450 3221 ἐπιστάμενοι
2475 3152 2623 3224 αύτῷ
2652 3153 2954 3224 Ἀχιτόφελ,
2977 3155 3071 3208 καὶ
3105 3155 3317 3227 Σεμεεὶ,
3354 3157 3448 3212 καὶ
3476 3154 3684 3220 Θεκὼν,

2105 3242 2198 3296 καὶ
2249 3243 2300 3296 ετ
2335 3261 2418 3307 τις
2451 3244 2637 3318 ἕτερος
2665 3245 2772 3299 τῶν
2807 3246 3016 3318 μεγάλα
3050 3247 3382 3318 δυναμένων.
3416 3249 3478 3301 Οἱ
3507 3247 3562 3299 δέ
3603 3247 3691 3299 λέ-

2102 3351 2289 3403 γοντες
2315 3336 2388 3408 μὴ
2415 3332 2555 3390 εἶναι
2589 3338 2860 3411 σωτηρίαν
2890 3339 3037 3408 αὐτῷ
3063 3340 3119 3390 ἐν
3149 3339 3226 3408 τῷ
3265 3339 3403 3410 Θεῷ,
3434 3339 3688 3392 δύνανται

2102 3428 2276 3500 ἕτεροι
2310 3428 2419 3482 τῶν
2449 3428 2738 3483 θλιϐόντων
2785 3430 2879 3481 καὶ
2927 3429 3375 3499 ἐπανισταμένων
3406 3425 3567 3492 εἶναι,
3597 3430 3692 3482 καὶ

2105 3519 2368 3591 μηδαμῶς
2399 3519 2877 3590 ἀκολουθησάντων
2906 3518 2982 3588 τῷ
3023 3517 3396 3588 Ἀϐεσσαλὼμ,
3437 3519 3688 3587 ἀπεγνω-

2101 3611 2256 3673 κότες
2287 3611 2377 3662 τὸν
2415 3609 2578 3662 Δαυῒδ
2622 3609 2699 3672 ὡς
2747 3607 3099 3678 νενικημένον
3121 3649 3135 3673 ,
3167 3607 3339 3660 ταῦτα
3384 3608 3684 3679 εἰρηκέναι.

2101 3704 2162 3756 Oi
2193 3703 2249 3754 δὲ
2284 3701 2375 3754 τὸν
2408 3701 2639 3772 Σωτῆρα
2668 3699 2946 3763 θλίϐοντες
2977 3701 3247 3771 σαρκίνως
3277 3703 3324 3754 oi
3371 3701 3610 3756 Ἰουδαῖοι
3641 3702 3702 3753 οἱ·

2100 3792 2452 3864 κεκραγότες⁸
2498 3811 2516 3842 ‹
2549 3788 2706 3864 Αἶρε,
2728 3788 2849 3864 αἶρε
2867 3792 2957 3845 τὸν
2983 3792 3223 3846 τοιοῦτον
3245 3794 3351 3846 διπῦ
3378 3794 3475 3864 τῆς
3504 3794 3630 3864 γῆς.
3666 3813 3685 3843 ι

2113 3882 2519 3953 Ἐπανέστησαν
2552 3882 2607 3936 δέ
2639 3882 2788 3954 αὐτῷ
2824 3882 3024 3946 Ἰούδας
3047 3883 3074 3934 6
3103 3882 3369 3954 προδότης
3395 3883 3489 3936 καὶ
3517 3883 3692 3936 Καῖὰ-

2102 3987 2225 4038 φας.
2247 3971 2309 4023 Oi
2321 3970 2377 4022 δέ
2387 3970 2638 4040 λέγοντες
2652 3974 2718 4042 τῇ
2735 3972 2881 4043 ψυχῇ
2896 3971 3068 4026 αὐτοῦ·
3086 3971 3160 4043 μὴ
3173 3966 3311 4026 εἶναι
3332 3972 3623 4047 σωτηρίαν,
3639 3973 3690 4026 οἱ

2103 4061 2607 4134 παραπορευόμενοι
2634 4058 2775 4133 ἦσαν
2805 4065 2862 4116 ἐν
2884 4063 2964 4133 τῷ
2998 4063 3175 4136 καιρῷ
3208 4063 3302 4118 τοῦ
3336 4064 3565 4128 πάθους,
3605 4065 3693 4117 λέ-

2100 4169 2286 4222 γοντες
2299 4155 2381 4218 τὸ,
2418 4173 2436 4205 ι
2472 4155 2783 4212 Καταϐἀτω
2800 4156 2910 4209 ἀπὸ
2935 4155 3030 4210 τοῦ
3052 4156 3308 4226 σταυροῦ,
3341 4157 3437 4210 καὶ
3469 4157 3697 4210 πιστεύ-

2103 4264 2283 4318 σωμεν
2313 4247 2480 4319 αὐτῷ.
2522 4267 2540 4300 ι
2588 4247 2945 4321 ’Υψηλότερον
2979 4248 3036 4301 δέ
3083 4248 3273 4320 νοῆσαι
3305 4248 3449 4301 ἔστιν
3483 4248 3698 4318 ἀνθρώ-⁹

2101 4356 2218 4393 πων
2258 4340 2539 4412 διαφορὰς,
2593 4339 2886 4393 θλιϐόντων
2933 4340 3028 4393 καὶ
3077 4340 3547 4410 ἐπανισταμένων,
3594 4340 3693 4395 καὶ

2101 4436 2585 4505 ἀπογινωσκόντων
2643 4437 2700 4488 ἐν
2752 4434 2900 4506 αὐτῷ
2931 4430 3075 4489 εῖναι
3141 4435 3439 4506 σωτηρίαν,
3493 4434 3687 4498 οὕτως·

2103 4530 2300 4594 πάντες
2336 4531 2436 4602 μὲν
2474 4532 2523 4584 oi
2560 4530 2862 4603 προστάται
2896 4531 2991 4584 καὶ
3029 4529 3340 4583 διδάσκαλοι
3371 4529 3545 4597 λόγων
3576 4529 3692 4582 ἐτέ-

423 4630 714 4694 doctores,
757 4637 947 4682 contra
998 4629 1173 4697 ipsum
1227 4628 1536 4698 insurgunt.
1585 4626 1689 4693 Qui
1723 4641 1853 4680 vero
1895 4625 1997 4680 illis

2111 4635 2218 4690 ρων
2262 4618 2414 4692 παρὰ
2447 4621 2512 4674 τὰ
2538 4620 2630 4674 τοῦ
2665 4618 2901 4692 Χριστοῦ
2933 4619 3179 4690 δόγματα
3208 4614 3316 4671 εἷεν
3347 4618 3412 4672 ἂν
3433 4619 3482 4672 οἱ
3504 4622 3693 4672 ἐπανι-

424 4722 700 4783 ςιόιιειιτοιιι
734 4730 788 4774 et
828 4735 1017 4774 eorum
1058 4721 1360 4776 doctrinam
1405 4728 1734 4789 sequuntur,
1781 4718 1832 4772 hi
1877 4728 2004 4771 sunt

422 4812 516 4881 qtti
555 4827 678 4865 eum
731 4811 1014 4866 tribulant.
1061 4811 1289 4866 Demum
1343 4811 1434 4880 qui
1495 4825 1674 4880 neque
1728 4809 2004 4863 contraria

428 4903 593 4975 549
625 4903 907 4967 docentes,
958 4917 1131 4972 neque
1175 4901 1325 4956 falsis
1375 4901 1590 4965 imbuti,
1626 4901 1859 4955 credunt
1909 4899 2007 4952 (lo—-

425 4997 616 5049 ctrina:
668 4995 869 5050 Christi
921 4994 1119 5049 nullam
1169 4995 1348 5049 inesse
1389 4993 1757 5057 divinitatem,
1814 4992 2004 5046 dicunt

425 5088 620 5142 οηίιιιω
647 5088 764 5156 ejus
797 5085 998 5139 nullam
1046 5101 1167 5140 esse
1219 5085 1318 5155 ipsi
1368 5086 1420 5139 in
1453 5086 1564 5140 Deo
1605 5084 1873 5149 salutem;
1920 5083 2004 5137 vel

426 5180 531 5251 ipsi
567 5179 863 5233 secundmn
910 5177 1196 5232 historiam
1251 5191 1370 5244 quae
1421 5175 1667 5245 prodigia
1709 5184 1893 5227 narrat
1941 5178 2005 5227 de

428 5276 662 5328 adventu
699 5273 859 5342 ejus;
895 5272 983 5325 vel
1024 5274 1076 5326 iu
1123 5285 1380 5325 sermone
1423 5271 1688 5324 doctrina:
1728 5267 1843 5336 ejus
1897 5284 2001 5320 nun

425 5383 545 5422 esse
578 5381 700 5421 eam
737 5381 901 5436 quam
932 5364 1218 5434 pollicetur
1252 5363 1505 5417 salutem.
1545 5361 1741 5416 Verum
1792 5369 1848 5415 et
1898 5360 2006 5411 alio

428 5461 589 5518 modo
621 5458 944 5513 tribulantes
990 5470 1113 5508 esse
1151 5461 1380 5521 possunt
1424 5467 1616 5504 onmes
1663 5460 2000 5518 peccatores.

426 5553 563 5610 Nam
595 5550 1054 5624 quemadmodum
1107 5546 1391 5614 improbus
1439 5543 1602 5608 filius,
1649 5543 1748 5596 etsi
1801 5557 2001 5611 propo—

431 5648 592 5699 sitnm
619 5661 725 5698 non
755 5644 955 5698 habeat
980 5639 1227 5693 molestia
1258 5647 1472 5706 patrem
1511 5635 1797 5698 alliciendi,
1829 5634 2000 5701 ipsum

498 5761 543 5790 ⁸³
573 5759 730 5813 Joan.
764 5776 814 5824 v,
840 5760 932 5814 27.
1011 5756 1253 5812 “Jcrcm
1304 5773 1460 5823 χχιιι,
1484 5757 1537 5812 4.

1617 5756 1660 5787 ⁵⁵
1690 5757 1726 5809 ll
1762 5757 1893 5825 Reg.
1924 5769 2019 5819 xv,
2051 5752 2137 5806 ll.

2111 4710 2366 4780 στάμενοι
2411 4712 2578 4783 αὐτῷ·
2613 4713 2663 4765 oi
2697 4712 2752 4765 δέ
2788 4710 3234 4776 συνευδοκοῦντες
3262 4713 3356 4764 καὶ
3394 4710 3693 4782 μαθητευό-

2111 4820 2258 4874 μενοι
2283 4806 2348 4874 τῇ
2375 4804 2576 4856 τούτων
2608 4803 2926 4874 διδασκαλίᾳ
2949 4804 2998 4854 oi
3030 4801 3299 4866 θλίϐοντες
3337 4802 3519 4855 αὐτόν.
3556 4804 3615 4854 υἱ
3638 4801 3696 4854 δὲ

2107 4895 2486 4960 ἀπιστοῦντες,
2515 4897 2634 4967 οὐχὶ
2665 4895 2803 4968 μετὰ
2829 4895 2920 4949 τοῦ
2956 4896 3225 4948 διδάσκειν
3255 4894 3325 4948 τὰ
3349 4894 3589 4956 ἐναντία,
3610 4895 3695 4946 ού-

2108 4987 2164 5040 δέ
2223 4988 2360 5059 μετὰ
2408 4987 2504 5040 τοῦ
2533 4991 2642 5052 τοῖς
2680 4987 2930 5057 ψεύδεσιν
2960 4987 3383 5058 μαθητεύεσθαι,
3422 4988 3551 5059 περὶ
3599 4986 3694 5039 τοῦ

2107 5077 2246 5134 εἶναι
2279 5083 2376 5152 τὴν
2403 5081 2632 5152 θεότητα
2664 5083 2721 5135 ἐν
2755 5084 2820 5154 τῇ
2847 5080 3166 5152 διδασκαλίᾳ¹
3193 5079 3285 5134 τοῦ
3313 5079 3572 5151 Χριστοῦ,
3609 5079 3696 5131 λέ-

2108 5177 2273 5245 γοιντ*
2307 5175 2373 5229 ἂν
2403 5169 2546 5229 οὗτοι
2583 5174 2809 5244 φάσκειν
2837 5176 2902 5245 τῇ
2936 5173 3079 5245 ψυχῇ
3113 5173 3275 5226 αὑτοῦ
3321 5172 3395 5244 μὴ
3424 5168 3561 5224 εἶναι
3595 5189 3697 5224 σω-

2108 5265 2302 5334 τηρίαν
2346 5263 2493 5334 αὐτῷ
2525 5265 2584 5317 ἐν
2623 5262 2699 5334 τῷ
2733 5262 2874 5334 Θεῷ,
2923 5263 3040 5333 ἦτοι
3075 5262 3224 5333 αὐτῷ
3259 5263 3396 5317 κατὰ
3425 5263 3523 5332 τὴν
3554 5264 3698 5314 ἱστο-

2114 5355 2230 5427 ρίαν
2263 5354 2359 5426 τὴν
2391 5355 2460 5408 τὰ
2496 5356 2755 5427 τεράστια
2785 5355 3236 5425 ἀπαγγέλλουσαν
3278 5355 3406 5424 περὶ
3439 5354 3538 5423 τῆς
3573 5355 3695 5406 ἐπι-

2112 5447 2310 5518 δημίας
2339 5445 2526 5511 αὐτοῦ,
2559 5447 2591 5517 ἢ
2640 5449 2697 5499 ἐν
2728 5445 2805 5516 τῷ
2839 5445 2982 5514 λόγῳ
3010 5446 3110 5517 τῆς
3144 5445 3487 5507 διδασκαλίας
3529 5443 3696 5498 αὑτοῦ

2120 5537 2196 5609 μὴ
2220 5533 2357 5591 εἶναι
2389 5539 2521 5592 καθὸ
2552 5539 2944 5608 ἐπαγγέλλεται
2975 5538 3266 5609 σωτηρίαν.
3289 5537 3548 5592 Δύνανται
3575 5537 3698 5608 μέν-

2115 5647 2264 5699 τοιγε
2298 5633 2389 5685 καὶ
2435 5633 2640 5704 ἑτέρως
2673 5632 2943 5697 θλίϐοντες
2972 5625 3107 5685 εἶναι
3137 5631 3336 5696 πάντες
3360 5632 3409 5685 οἱ
3445 5627 3700 5704 ἁμαρτά-

2214 5754 2436 5811 ⁶⁶.10;ιη.
2470 5771 2580 5822 xu,
2619 5754 2704 5808 15.

503 5923 614 5994 (85)
649 5922 829 5976 Ὅσον
871 5923 970 5975 ἐπὶ
1003 5921 1073 5991 τῇ
1101 5922 1285 5990 λέξει,
1317 5933 1418 5977 etc.
1451 5923 1581 5978 Cod.
1616 5919 1850 5991 Anglic”
1879 5917 1988 5976 [loc

2103 5917 2479 5982 Coisliniauus,
2511 5915 2803 5971 Barbarus.
