4124 6420
413 336 545 393 1121

1448 328 1760 384 SELECTA
1788 327 1855 383 IN
1891 330 2228 390 PSALMOS.
2259 365 2324 374 -
2364 330 2559 388 PSAL.
2605 330 2692 384 111.

3555 349 3698 404 11ἳὲ

405 469 610 514 νοντες.
655 449 765 503 Καὶ
811 448 1001 520 ὥσπερ
1035 463 1097 515 γε
1131 447 1193 500 οὐ
1239 445 1380 498 κατὰ
1424 447 1679 518 πρόθεσιν
1713 447 1807 500 τοῦ
1837 466 2001 502 κακο-

2109 459 2285 504 tamen
2317 449 2530 520 alllig-it,
2563 449 2665 504 hoc
2705 450 2850 504 cnim
2889 465 2954 505 ex
3005 455 3175 521 patris
3212 459 3263 512 in
3298 459 3469 515 lilium
3503 480 3694 522 amore

409 546 584 597 ποιεῖν
605 543 695 596 τὸν
728 540 942 610 πατέρα
974 538 1149 591 θλίϐει
1178 537 1450 610 μοχθηρὸς
1489 539 1604 601 υίὸς
1631 539 1722 590 τὸν
1745 556 2006 610 γεγεννη-

407 638 563 699 κότα,
610 633 747 688 ἀλλά
797 633 885 687 διὰ
939 633 1034 704 τὴν
1079 633 1292 685 ἐκείνου
1349 632 1586 704 στοργήν
1623 631 1909 684 ἀκολουθεῖ
1945 633 2006 685 τὸ

409 729 626 790 πάντως
671 725 948 779 θλίϐεσθαι
998 725 1160 778 αὐτὸν
1205 724 1299 776 ἐπὶ
1341 727 1454 787 τοῖς
1493 724 1856 796 ἁμαρτήμασι
1909 723 2005 777 τοῦ

409 819 551 874 υἱοῦ·
597 819 686 873 τὸν
731 818 894 872 αὑτὸν
933 817 997 889 δὴ
1030 817 1231 887 τρόπον
1265 818 1360 870 καὶ
1409 818 1442 888 ἡ
1478 816 1602 880 ἐνὸς
1636 818 1869 871 ἑκάστου
1899 817 2006 871 τῶν

409 913 831 986 ἁμαρτανόντων
866 912 1032 965 κακία
1059 911 1231 964 θλίϐει
1261 911 1352 964 τὸν
1380 911 1510 964 Υἱὸν
1537 909 1630 962 τοῦ
1667 911 1822 965 Θεοῦ.
1857 913 2006 981 Ὅσῳ

402 1005 462 1058 δέ
493 1023 576 1068 τις
604 1006 661 1056 ὲν
689 1004 932 1058 πλείοσιν
967 1002 1191 1071 ἀγαθοῖς
1237 1000 1422 1073 ἔργοις
1451 1001 1666 1070 γίνεται
1698 1004 1794 1056 καὶ
1824 1003 2004 1071 ύγιέσι

409 1100 697 1170 δόγμασιν,
729 1100 806 1161 ὡς
835 1097 1034 1170 μείζων
1069 1097 1172 1150 ὑπὸ
1203 1097 1465 1150 πλειόνων
1501 1095 1766 1161 θλίϐεται,
1800 1097 2006 1150 πολλῶν

410 1192 861 1263 ἐπανισταμένων
895 1191 1066 1263 αὐτῷ,
1099 1191 1230 1244 ὥστ’
1255 1189 1320 1244 ἂν
1355 1189 1583 1255 πολλοὺς
1619 1189 1782 1244 πάλιν
1811 1191 2002 1254 εἰπεῖν,

413 1302 433 1334 ι
468 1284 582 1336 Οὐκ
616 1281 728 1334 ἔστι
759 1282 1004 1352 σωτηρία
1040 1280 1188 1352 αὐτῷ
1218 1281 1277 1333 ὲν
1311 1279 1388 1350 τῷ
1420 1279 1561 1350 Θεῷ,
1606 1297 1624 1330 ι
1668 1278 2004 1347 ἀπογνόντας

407 1375 477 1428 τὰ
507 1374 627 1427 κατ’
645 1373 826 1440 αὑτὸν,
844 1374 893 1426 εί
925 1373 1030 1427 ὑπὸ
1062 1372 1286 1444 μηδενὸς
1310 1372 1419 1425 τῶν
1445 1371 1701 1426 τοιούτων
1723 1373 1801 1434 είς
1831 1388 2006 1440 σωτη-

397 1465 534 1535 ρίαν
569 1465 918 1537 βλαϐήσεται.
968 1463 1188 1536 Ἀρίησι
1223 1463 1279 1516 δὲ
1319 1465 1348 1516 6
1379 1462 1510 1526 Θεὸς
1545 1463 1772 1526 πολλοὺς
1805 1461 2004 1514 θλίϐειν

408 1557 499 1609 τὸν
525 1557 750 1621 δίκαιον,
777 1558 953 1621 διδοὺς
985 1556 1135 1627 αὐτῷ
1175 1554 1429 1627 ἀφορμὴν
1461 1555 1661 1626 βάρους
1690 1554 1848 1624 δόξης
1897 1553 2007 1605 ἀπὸ

409 1648 518 1702 τῶν
538 1649 990 1722 ύπερϐαλλουσῶν
1009 1648 1242 1718 θλίψεων
1270 1647 1664 1719 ὑφισταμένης.
1683 1647 1791 1700 Καὶ
1821 1644 2005 1696 εἴποτε

404 1740 438 1792 ὁ
464 1740 669 1806 δίκαιος
685 1741 978 1813 έπαπορῶν
999 1741 1147 1808 λέγοι
1171 1739 1249 1810 τῷ
1277 1739 1413 1810 Θεῷ·
1442 1758 1460 1790 ι
1501 1739 1565 1792 Τί
1591 1737 2005 1808 ἐπληθύνθησαν

2109 543 2379 609 sequitur,
2415 553 2472 593 ιιι
2501 542 2614 608 ipse
2644 543 2886 608 peccatis
2917 545 3011 598 lilii
3045 545 3375 619 otfendatur,
3409 557 3482 610 ita
3518 569 3573 611 ei
3597 578 3695 613 ne.

2108 636 2281 704 quitia
2340 635 2770 704 uniuscujusque
2825 647 3168 705 peccatorum
3223 645 3448 701 tribulat
3489 650 3691 707 Filium

2107 727 2223 782 Dei.
2251 729 2322 782 At
2347 740 2558 797 quanto
2590 731 2714 799 quis
2737 731 2988 800 pluribus
3015 733 3272 800 operibus
3295 735 3454 793 bonis
3478 741 3694 796 deditus

2108 827 2211 885 est,
2249 828 2303 874 et
2325 821 2479 874 sanis
2506 821 2872 890 dogmatibus,
2907 832 2964 876 ut
2997 827 3346 892 praestantior
3374 843 3404 883 a
3445 829 3691 899 pluribus

2110 910 2420 976 tribulatur,
2471 913 2660 968 multis
2713 913 3126 982 insurgentibus
3176 916 3231 970 in
3287 932 3448 985 eum,
3504 922 3576 974 ita
3635 934 3694 978 ut

2109 1001 2261 1054 multi
2301 1016 2492 1056 rursus
2515 1002 2739 1057 dicant:
2779 1021 2797 1055 ι
2839 1002 2958 1058 Non
2999 1013 3085 1060 est
3109 1005 3256 1062 salus
3288 1008 3388 1078 ipsi
3416 1011 3469 1063 in
3502 1011 3633 1078 Deo,
3662 1035 3681 1066 ι

2108 1092 2463 1160 desperantes
2495 1093 2561 1148 de
2603 1093 2764 1149 rebus
2791 1096 2981 1163 ipsius,
3019 1097 3064 1152 si
3097 1111 3128 1151 a
3158 1098 3304 1154 nullo
3334 1101 3600 1168 ejusmodi
3637 1108 3693 1159 in

2107 1183 2284 1236 salute
2308 1185 2690 1252 consequenda
2729 1186 2984 1240 laedatur.
3017 1186 3294 1244 Permittit
3325 1204 3507 1247 autem
3550 1196 3694 1251 Deus

2103 1272 2310 1342 justum
2345 1287 2372 1326 a
2402 1273 2646 1342 pluribus
2677 1273 2865 1346 allligi,
2899 1287 2958 1331 ut
2986 1277 3034 1332 ei
3060 1279 3316 1348 penderis
3342 1282 3531 1353 gloria
3571 1299 3694 1355 quia

2109 1367 2522 1422 tribulationum
2557 1370 2930 1439 magnitudine
2949 1385 3317 1444 comparatur,
3343 1380 3692 1434 occasionem

2109 1460 2368 1529 praebeat.
2404 1460 2558 1526 Quod
2591 1462 2635 1516 si
2663 1461 2845 1530 justus
2882 1464 3159 1521 interdum
3193 1481 3392 1538 anceps
3435 1484 3497 1524 ac
3530 1471 3692 1524 haesi-

2110 1562 2234 1608 tans
2278 1554 2424 1608 dicat
2456 1555 2590 1621 Deo,
2633 1571 2652 1606 ι
2683 1556 2823 1622 Quid
2855 1557 3200 1628 multiplicati
3243 1573 3371 1615 sunt
3401 1564 3491 1631 qui
3521 1564 3694 1618 tribu-

2108 1646 2219 1700 laut
2266 1647 2399 1701 me?
2445 1647 2624 1701 adhuc
2668 1662 2736 1702 eo
2787 1649 3054 1719 loquente.
3090 1653 3261 1708 dicit:
3294 1655 3430 1710 Ecce
3476 1659 3690 1724 adsum,

2111 1745 2170 1790 ut
2202 1748 2583 1793 momentanea
2620 1737 2904 1796 tribulatio
2930 1742 3251 1797 immensmn
3278 1745 3462 1812 glorias
3483 1749 3692 1814 pondus

398 1831 458 1882 ιοί
505 1830 778 1896 θλίϐοντές
830 1849 928 1903 με;
991 1831 1070 1884 ἔτι
1125 1829 1289 1884 αὑτοῦ
1333 1828 1624 1894 λαλοῦντος
1677 1830 1814 1900 ὲρεῖ·
1865 1827 1995 1880 Ἰδοὺ

2109 1828 2196 1883 tibi
2230 1839 2527 1900 comparet.
2571 1851 2592 1885 ι
2618 1833 2962 1903 Quapropter
3017 1851 3036 1884 ι
3088 1835 3268 1889 multa:
3301 1849 3430 1891 sunt
3466 1839 3690 1892 tribula-

402 1924 662 1995 πάρειμι,
682 1925 768 1977 ἵνα
803 1924 967 1995 βάρος
982 1924 1139 1994 δόξης
1169 1923 1470 1995 ἐργάσηταί
1492 1939 1575 1975 σοι
1595 1923 1655 1975 τὸ
1682 1920 1999 1992 παραυτίκα

399 2011 644 2082 ,ἐλαφρὸν
666 2012 763 2082 τῆς
795 2012 1024 2082 θλίψεως
1047 2013 1166 2066 καθ’
1198 2012 1558 2085 ὑπερϐολήν·›
1597 2012 1676 2065 διὸ
1707 2013 1801 2065 καὶ
1828 2030 1845 2060 ‹
1876 2010 2000 2064 πολ-

2109 1921 2287 1976 tiones
2323 1922 2684 1991 iustorum".
2723 1943 2741 1976 ι
2795 1923 2854 1979 Si
2898 1925 3045 1980 salus
3093 1937 3198 1990 est,
3249 1943 3358 1982 non
3408 1939 3591 1984 autem
3637 1932 3688 1986 in

2108 2011 2237 2074 Deo,
2270 2015 2466 2070 merito
2495 2017 2716 2071 additur
2737 2016 2893 2084 illud,
2925 2035 2944 2068 ι
2981 2018 3034 2071 in
3065 2017 3195 2073 Deo.
3239 2038 3259 2070 ι

405 2103 498 2155 -λαὶ
533 2103 587 2156 αἱ
623 2103 832 2173 θλίψεις
861 2104 969 2158 τῶν
1001 2104 1244 2159 δικαίων.
1281 2125 1300 2157 ι
1340 2106 1403 2158 Εἰ
1440 2104 1556 2158 ἔστι
1605 2103 1850 2174 σωτηρία
1886 2103 2006 2174 μὲν,
2060 2103 2160 2158 ούκ
2199 2105 2258 2158 ἐν
2309 2106 2388 2178 τῷ
2425 2107 2544 2180 Θεῷ
2579 2109 2658 2174 δὲ,
2696 2109 2921 2174 δικαίως
2958 2111 3275 2183 πρόσκειται
3323 2113 3402 2176 τὸ,
3443 2132 3460 2164 ι
3507 2115 3566 2168 ὲν
3613 2115 3694 2185 τῷ

399 2190 548 2243 Θεῷ.
597 2209 615 2242 ι

480 2286 564 2339 Σὺ
599 2285 687 2350 δὲ,
722 2288 916 2355 Κύριε,
946 2287 1323 2356 ἀντιλήπτωρ
1340 2306 1460 2358 μου
1489 2285 1561 2355 εΤ,
1594 2287 1744 2352 δόξα
1763 2305 1883 2357 μου
1901 2286 1998 2340 καὶ

405 2375 585 2445 ὑψῶν
610 2375 727 2445 τὴν
759 2377 1033 2448 κεφαλήν
1060 2382 1206 2448 μου,
1238 2396 1292 2431 κ.
1325 2395 1374 2430 τ.
1414 2378 1458 2430 έ.
1501 2378 1626 2432 Ἐὰν
1655 2379 1752 2449 μὲν
1780 2377 1808 2428 6
1836 2375 2000 2429 Δαυῒδ

402 2467 690 2542 λέγῃ(84),
712 2471 996 2542 πρέπουσα
1021 2474 1085 2542 τῇ
1113 2471 1293 2524 πίστει
1323 2471 1416 2524 τοῦ
1441 2470 1728 2543 Προφήτου
1756 2473 1789 2542 ή
1824 2468 1996 2541 φωνή,

411 2563 676 2626 ἀσείστως
709 2563 964 2635 φέροντος
996 2563 1094 2627 τὰς
1123 2563 1457 2636 τηλικαύτας
1483 2565 1854 2636 περιστάσεις,
1905 2563 1999 2616 καὶ

412 2653 754 2717 πεποιθότος,
796 2655 877 2707 ὅτι
922 2654 1020 2707 οὐκ
1070 2656 1650 2727 ὲγκαταλειφθήσεται,
1690 2655 1827 2709 ἀλλὰ
1862 2654 2000 2725 πρὸς

408 2743 492 2818 ’τῷ
519 2742 829 2816 βοηθεῖσθαι
862 2745 955 2798 καὶ
987 2745 1043 2798 ὲν
1071 2743 1191 2814 Θεῷ
1219 2743 1614 2815 δοξασθήσεται
1646 2744 1740 2796 καὶ
1779 2741 2002 2812 ὑψωθή-

408 2829 568 2888 σεται
612 2835 1118 2906 ἀποκαθιστάμενος
1155 2837 1235 2899 είς
1271 2836 1368 2907 τὴν
1417 2835 1716 2905 βασιλείαν’
1757 2835 1850 2888 ἐὰν
1879 2834 1935 2886 δὲ
1975 2835 2005 2886 6

414 2927 650 2999 Χριστὸς
698 2929 727 2980 6
767 2927 938 2997 λέγων
969 2929 1328 3002 τυγχάνῃ.....
1369 2930 1661 2983 πεπεῖσθαι
1691 2928 1866 2991 οὕτως
1911 2929 2004 2981 καὶ

413 3019 543 3088 περὶ
579 3017 672 3070 τοῦ
719 3019 1121 3090 ἀναστήσεσθαι
1164 3020 1258 3071 καὶ
1301 3020 1462 3073 πάλιν
1495 3021 1569 3081 ὡς
1604 3020 1731 3090 περὶ
1761 3019 1854 3072 τοῦ
1887 3019 2006 3070 ἐπι-

2187 2292 2345 2340 VEns.
2390 2284 2446 2339 4.
2493 2283 2569 2338 Tu
2609 2297 2809 2357 autem,
2847 2285 3092 2351 Domine,
3119 2298 3392 2356 susceptor
3429 2305 3575 2344 mem
3611 2309 3691 2356 rs,

2108 2376 2278 2447 gloria
2303 2393 2416 2429 mea
2454 2385 2504 2429 et
2549 2377 2794 2432 exultans
2822 2386 2979 2444 caput
3021 2393 3214 2443 meum,
3262 2388 3366 2432 etc.
3420 2379 3476 2434 Si
3517 2381 3692 2436 David

2111 2468 2199 2522 hic
2229 2467 2493 2536 loquitur,
2545 2475 2914 2522 consentanea
2951 2477 3040 2521 est
3083 2482 3186 2522 vox
3225 2468 3507 2540 Propheta:
3541 2471 3694 2534 ﬁdei,

2107 2560 2337 2614 viriliter
2369 2568 2448 2613 tot
2475 2558 2858 2614 tribulatioues
2885 2558 3233 2629 perferentis,
3264 2571 3321 2614 et
3364 2577 3424 2616 se
3459 2579 3566 2616 non
3600 2564 3694 2618 dc-

2109 2653 2358 2707 relictum
2386 2653 2475 2718 iri,
2497 2653 2590 2708 sed
2615 2660 2815 2722 praeter
2843 2654 3105 2707 auxilium
3133 2654 3273 2724 quod
3296 2665 3502 2722 sperat,
3523 2657 3689 2710 etiam

2105 2743 2314 2814 ingenti
2349 2743 2400 2796 in
2435 2741 2549 2797 Deo
2587 2742 2767 2814 gloria
2796 2756 3120 2812 summoque
3149 2746 3354 2798 honore
3378 2746 3430 2798 in
3464 2761 3689 2816 regnum

2105 2836 2418 2890 restitutum
2465 2834 2531 2886 iri
2571 2832 2932 2887 conﬁdentis.
2987 2834 3041 2886 Si
3097 2844 3277 2889 autem
3314 2836 3568 2890 Christus
3613 2838 3689 2891 lo-

2103 2926 2311 2992 quitur,
2364 2925 2478 2978 htec
2526 2925 2662 2978 dicit
2695 2931 2887 2992 utpote
2921 2925 3011 2992 qui
3042 2925 3282 2978 conﬁdat
3329 2940 3388 2980 se
3431 2929 3689 2982 omnibus

2104 3017 2487 3070 insidiatorum
2513 3015 3054 3084 consiliisdissipatis
3086 3017 3138 3069 in
3175 3018 3342 3071 vitam
3367 3029 3688 3073 revocatum

412 3108 873 3180 ϐουλευθήσεσθαι
897 3111 1001 3164 ὑπὸ
1021 3111 1344 3182 ἀνθρώπων,
1377 3112 1472 3164 καὶ
1508 3111 1637 3183 περὶ
1667 3111 1760 3164 τοῦ
1800 3110 1874 3182 μὴ
1907 3112 2002 3179 ἐγ-

2111 3110 2216 3174 iri,
2251 3109 2582 3177 suscipiente
2611 3109 2762 3163 illum
2791 3108 2974 3174 Patre,
3009 3118 3058 3164 el
3098 3109 3147 3161 in
3185 3110 3476 3177 pristinum
3509 3110 3698 3181 gloria:

415 3201 966 3273 καταλειφθήσεσθαι,
1003 3202 1428 3274 ἀντιληψομένου
1467 3203 1629 3256 αὑτὸν
1661 3202 1755 3256 τοῦ
1793 3203 2005 3273 Πατρὸς

415 3281 508 3347 καὶ
541 3295 1084 3366 ἀποκαταστήσοντος
1102 3295 1260 3348 αὐτὸν
1293 3295 1384 3347 ἐπὶ
1417 3295 1515 3366 τὴν
1545 3295 1605 3360 ἐξ
1626 3296 1805 3367 ἀρχῆς
1824 3295 2000 3361 δόξαν,

417 3385 730 3455 ὑψώσαντός
750 3403 810 3438 τε
826 3386 1010 3450 αὑτὸν,
1043 3387 1074 3457 ἢ
1108 3388 1202 3440 καὶ
1229 3385 1684 3458 ὑπερυψώσαντος
1700 3387 1820 3440 καθ’
1850 3387 1886 3440 ἃ
1911 3389 2005 3441 καὶ

415 3478 444 3529 6
491 3477 807 3541 Ἀπόστολός
834 3495 1014 3547 φησιν·
1041 3495 1060 3528 ι
1087 3478 1184 3531 Διὰ
1217 3477 1377 3531 τοῦτο
1407 3482 1435 3532 6
1461 3479 1594 3541 Θεὸς
1636 3478 1796 3532 αὑτὸν
1844 3480 2007 3550 ὑπερ-

416 3568 596 3637 ύεξντωσε
634 3569 727 3622 καὶ
759 3571 1052 3641 ἐχαρίσατο
1084 3571 1233 3641 αὐτῷ
1279 3571 1448 3641 ὄνομα
1488 3571 1548 3624 τὸ
1581 3572 1720 3642 ὑπὲρ
1751 3573 1858 3624 πᾶν
1891 3571 2007 3625 δνο-

418 3679 513 3732 μα,
542 3663 629 3715 ἵνα
658 3664 715 3717 ὲν
740 3663 818 3734 τῷ
839 3663 1067 3733 ὀνόματι
1106 3663 1282 3733 Ἰησοῦ
1315 3664 1423 3716 πᾶν
1454 3663 1583 3732 γόνυ
1616 3662 1810 3735 κάμψῃ
1841 3665 2004 3715 ἐπου-

417 3755 637 3824 ρανίων,
675 3754 768 3806 καὶ
802 3754 1081 3822 ἐπιγείων,
1123 3755 1217 3808 καὶ
1265 3753 1659 3825 καταχθονίων.
1694 3755 1805 3808 Καὶ
1855 3756 2004 3809 πᾶσα

416 3846 636 3915 γλῶσσα
665 3845 1136 3918 ἐξομολογήσεται,
1173 3848 1254 3901 ὅτι
1288 3847 1490 3918 Κύριος
1538 3845 1746 3917 Ἰησοῦς
1769 3847 2005 3919 Χριστὸς

417 3939 496 4000 εἰς
530 3935 686 4000 δόξαν
719 3936 855 3989 Θεοῦ
908 3938 1141 4009 Πατρός.
1181 3956 1200 3990 ι
1239 3937 1394 3991 Ἔστι
1426 3937 1482 3990 δὲ
1512 3935 1772 4009 διάφορος
1807 3939 1840 4008 ή
1876 3937 2003 4001 δόξα

417 4028 526 4082 τῶν
553 4027 813 4099 οἰομένων
842 4022 980 4082 εἶναι
1012 4031 1069 4083 ἐν
1101 4029 1259 4100 αὐτῇο
1298 4029 1399 4082 καί
1418 4029 1446 4080 6
1471 4028 1572 4099 μέν
1595 4044 1678 4091 τις
1709 4027 1868 4092 δόξαν
1898 4029 2002 4100 φή-

419 4139 508 4175 σαι
553 4122 620 4176 ἀν
653 4119 792 4178 εἷναι
835 4121 1001 4176 αὐτοῦ
1036 4122 1132 4193 τὴν
1176 4119 1432 4194 πατρίδα·
1464 4122 1492 4173 ό
1525 4120 1581 4174 δέ
1614 4137 1698 4184 τις
1735 4119 1794 4174 τὸ
1823 4121 2001 4188 γένος,

417 4214 576 4278 ἀλλος
601 4213 658 4267 δέ
689 4232 772 4279 τις
797 4213 858 4268 τὸ
880 4212 1091 4276 κάλλοςυ
1125 4212 1231 4266 εἰσὶ
1255 4212 1311 4265 δὲ
1334 4210 1382 4264 οἳ
1415 4210 1516 4281 τὴν
1547 4208 1739 4281 ῥώμην
1769 4210 1864 4263 τοῦ
1901 4209 2006 4263 σώ-

422 4325 612 4379 ματος,
635 4309 730 4362 καὶ¹
749 4307 849 4380 τὴν
880 4309 936 4361 ἐν
967 4305 1045 4378 τῷ
1067 4303 1427 4374 ἀγωνίζεσθαι
1455 4303 1783 4374 σωματικῶς
1808 4303 2006 4375 τέχνην

419 4401 576 4468 δόξαν
603 4402 738 4456 ίδίαν
768 4393 906 4456 εἶναι
937 4399 1274 4471 νενομίκασι,
1299 4397 1439 4469 μέγα
1461 4394 1784 4468 φρονοῦντες
1811 4397 1904 4449 ἐπὶ
1928 4396 2005 4468 τῷ

419 4493 671 4549 τοσούσδε
722 4491 1280 4549 καταπεπαλαικέναι.
1327 4491 1437 4544 Καὶ
1478 4490 1531 4544 τί
1573 4492 1655 4546 δεῖ
1682 4489 2001 4559 καταλέγειν

418 4587 487 4641 τὰ
533 4588 617 4658 ἐφ’
644 4583 724 4651 οἷς
756 4585 1109 4658 σεμνύνονται
1133 4584 1181 4636 οἱ
1214 4582 1325 4637 θεοὶ
1358 4581 1682 4651 ἀγνοοῦντες
1713 4601 1732 4634 ι
1768 4575 1843 4636 ὧν
1870 4580 2000 4635 πολ-

418 4678 577 4743 λάκις
600 4678 776 4750 ἡδόξα
801 4679 858 4731 ὲν
874 4679 938 4748 τῇ
963 4675 1192 4747 αἰσχύνῃ
1213 4693 1231 4726 ι
1261 4673 1517 4744 τυγχάνει
1547 4672 1691 4726 κατά
1720 4673 1810 4727 τὸν
1845 4671 2004 4726 Ἀπό-

423 4771 638 4836 στολον;
672 4768 779 4823 Τοῦ
811 4768 868 4822 δὲ
895 4767 1048 4838 ἀγίου
1065 4765 1192 4832 δόξα
1218 4765 1370 4830 Θεὸς,
1390 4758 1435 4834 ᾧ
1451 4763 1697 4830 πέποιθε,
1722 4764 1998 4835 τυγχάνευ

422 4865 518 4918 καὶ
543 4864 640 4934 οὐχ
671 4862 746 4925 ὡς
775 4860 930 4931 ἔτυχε
965 4857 1392 4930 πεπιστευμένη,
1424 4857 1560 4910 ἀλλὰ
1578 4855 1758 4909 πίστει
1790 4854 2004 4924 λογιζο-

427 4955 562 5028 μένῃ
588 4957 668 5019 είς
699 4951 1064 5023 δικαιοσύνην,
1085 4950 1150 5004 δι’
1181 4949 1248 5021 ἢν
1281 4949 1373 5002 καὶ
1404 4947 1602 5021 σημεῖα
1625 4946 1764 5002 Θεοῦ
1799 4963 2006 5020 παρουά

425 5049 546 5112 σίας
605 5046 699 5102 καὶ
737 5043 838 5117 τῆς
887 5043 1168 5116 δυνάμεως
1204 5039 1368 5096 αὑτοῦ
1411 5039 1696 5104 κοινωνίας
1733 5039 2011 5112 θεωρῆσαι

423 5139 648 5194 δυνατόν
680 5139 846 5193 ἐστιν·
890 5128 999 5191 οἷον
1031 5135 1157 5201 δόξα
1188 5133 1470 5198 Μωῦσέως
1502 5134 1531 5187 6
1556 5133 1689 5196 Θεὸς
1722 5131 1816 5186 καὶ
1849 5131 2011 5203 μέχρι

425 5230 715 5304 προσώπου
749 5227 912 5284 αὐτοῦ
963 5225 1257 5300 μαρτυρῶν
1301 5227 1368 5298 τῇ
1413 5226 1565 5298 φιλίᾳ
1607 5225 1702 5279 τοῦ
1729 5226 2011 5298 προφήτου

424 5323 520 5377 καὶ
566 5323 660 5375 ἐπὶ
717 5322 916 5384 παντὸς
965 5319 1059 5373 τοῦ
1104 5315 1370 5390 Ἐϐραίων
1401 5317 1532 5372 λαοῦ
1557 5319 1652 5372 καὶ
1695 5316 2011 5386 Αἰγυπτίων

426 5413 705 5486 ἐμφανῶς.
745 5412 882 5479 Δόξα
912 5411 970 5466 δὲ
1019 5411 1198 5464 Ἠλίου
1228 5407 1321 5463 τοῦ
1365 5411 1648 5482 προφήτου
1693 5410 1720 5462 6
1747 5408 1882 5472 Θεὸς
1918 5405 2008 5480 ἦν,

425 5506 749 5571 ἀνιστῶντος
778 5504 870 5559 τὸν
908 5503 1008 5574 τῆς
1035 5505 1211 5575 χήρας
1244 5503 1378 5568 υἱὸν,
1415 5505 1510 5557 καὶ
1547 5503 1842 5575 εὐχομένου
1884 5505 2012 5575 περὶ

499 5651 543 5682 ⁸⁷
573 5648 712 5704 Psul.
746 5647 1057 5712 annuit).
1133 5647 1178 5678 ⁸⁸
1208 5645 1446 5718 Philipp.
1481 5663 1540 5710 tt,
1580 5647 1634 5702 9.
1714 5647 1758 5680 ⁸³
1793 5646 1991 5719 Philip.
2029 5663 2114 5716 ιιι,
2152 5648 2238 5704 19.

2107 3201 2452 3270 splendorem
2503 3201 2854 3266 restituente,
2892 3211 3053 3270 atque
3085 3201 3362 3255 exultante
3394 3202 3477 3256 vel
3519 3202 3688 3257 etiam

2107 3291 2549 3363 superexaltante
2616 3291 2807 3357 illum,
2888 3291 3342 3361 quemadmodum
3404 3292 3480 3345 ait
3543 3295 3695 3362 Apo-

2105 3388 2277 3441 stolus
2304 3387 2386 3440 '3:
2426 3403 2448 3436 ι
2482 3384 2780 3453 Propterea
2819 3385 2960 3437 Deus
2982 3384 3246 3438 exaltavit
3291 3382 3464 3448 illum,
3510 3392 3566 3438 et
3599 3385 3698 3437 do.

2117 3478 2268 3533 navit
2289 3475 2364 3532 illi
2389 3489 2590 3530 nomen
2615 3471 2759 3542 quod
2791 3479 2876 3524 est
2902 3485 3066 3539 super
3091 3483 3252 3523 omne
3280 3486 3503 3538 nomen,
3539 3482 3601 3528 ut
3641 3475 3696 3528 in

2121 3569 2344 3624 nomine
2370 3566 2500 3622 Jesu
2526 3578 2687 3619 omne
2711 3576 2852 3633 genu
2877 3560 3142 3626 ﬂectatur,
3170 3560 3494 3626 caelestium,
3525 3571 3702 3618 terre-

2106 3663 2325 3724 strium,
2369 3670 2425 3712 et
2458 3659 2821 3727 inferuerunt,
2850 3668 2904 3714 et
2946 3659 3126 3714 omnis
3155 3659 3338 3728 lingua
3369 3658 3699 3712 conﬁteatur

2105 3756 2233 3825 quia
2295 3751 2554 3809 Dominus
2613 3749 2778 3808 Jesus
2831 3752 3089 3807 Christus
3141 3751 3195 3806 in
3241 3751 3411 3822 gloria
3464 3758 3548 3806 est
3597 3751 3693 3805 Dei

2104 3847 2308 3903 Patris.
2341 3867 2360 3900 ι
2388 3845 2663 3905 Ceterum
2691 3847 2745 3900 in
2777 3845 2944 3900 variis
2973 3844 3222 3900 homines
3264 3844 3492 3913 gloriam
3538 3858 3689 3897 suam

2108 3949 2340 4009 ponunt,
2373 3939 2509 3996 alius
2531 3941 2584 3995 in
2615 3941 2813 4010 patria,
2848 3939 2986 3995 alius
3014 3927 3067 3993 in
3102 3953 3327 4010 genere,
3357 3938 3497 3992 alius
3527 3935 3696 4008 550

2107 4029 2160 4082 in
2188 4030 2611 4099 pulchritudine,
2641 4031 2734 4083 alii
2754 4030 2806 4084 in
2831 4031 3076 4098 corporis
3106 4029 3322 4093 robore,
3344 4039 3396 4082 et
3421 4029 3472 4082 iu
3498 4030 3691 4096 peritia

2106 4121 2422 4176 decertandi
2476 4125 2528 4176 in
2571 4137 2764 4192 agone,
2807 4122 3034 4176 multum
3089 4122 3220 4176 elati
3272 4122 3417 4191 quod
3459 4121 3562 4175 hos
3607 4121 3694 4175 Vel

2107 4213 2229 4267 illos
2267 4212 2526 4268 luctando
2555 4213 2813 4268 vicerint.
2853 4213 2920 4268 Et
2948 4213 3080 4282 quid
3111 4226 3329 4268 necesse
3374 4222 3454 4267 est
3503 4226 3696 4266 recen-

2107 4319 2226 4360 sere
2250 4319 2314 4361 ea
2351 4307 2420 4361 de
2449 4306 2648 4375 quibus
2685 4305 2995 4375 gloriantur
3023 4305 3096 4359 dii
3134 4304 3476 4375 ignorantes,
3520 4319 3692 4372 tqtmo

2109 4411 2230 4451 rum
2261 4412 2406 4467 saepe
2434 4397 2608 4469 gloria
2655 4399 2710 4451 in
2763 4396 3087 4452 confusione
3125 4404 3226 4460 est,
3267 4415 3286 4448 ι
3328 4403 3387 4450 ut
3431 4395 3510 4450 ait
3549 4392 3698 4460 Apo'.

2109 4489 2282 4545 stolus
2311 4486 2390 4541 "‘l
2413 4489 2603 4545 Sancti
2630 4498 2812 4545 autem
2838 4488 3008 4560 gloria
3043 4488 3189 4542 Deus
3217 4497 3302 4542 est
3330 4488 3415 4542 cui
3443 4487 3696 4552 conlidit,

2111 4582 2304 4653 gloria,
2338 4583 2582 4654 inquam,
2623 4597 2739 4638 ‘non
2784 4591 2990 4636 temere
3039 4581 3273 4645 credita,
3303 4581 3402 4635 sed
3440 4580 3546 4634 ﬁde
3577 4594 3698 4650 quae

2113 4685 2400 4745 reputatur
2447 4676 2513 4730 ad
2561 4674 2865 4746 justitiam,
2909 4687 3006 4744 per
3045 4689 3207 4744 quam
3249 4683 3302 4728 et
3355 4676 3507 4744 signa
3553 4689 3696 4744 pric—

2111 4767 2300 4823 sentite
2328 4765 2424 4822 Dei
2451 4775 2505 4822 et
2537 4765 2940 4822 communionis
2963 4767 3185 4822 virtutis
3205 4766 3322 4835 ejus
3353 4768 3545 4823 videre
3585 4775 3696 4822 est.

2114 4857 2207 4914 Sic
2253 4857 2457 4930 Moysis
2508 4859 2680 4927 gloria
2717 4866 2839 4914 erat
2876 4857 3020 4912 Deus
3048 4859 3137 4927 qui
3179 4869 3442 4928 quantum
3485 4868 3698 4914 amaret

2113 4949 2458 5020 prophetam,
2494 4951 2660 5004 etiam
2690 4964 2862 5020 usque
2893 4949 2961 5003 ad
2996 4948 3154 5004 faciei
3191 4964 3302 5004 suae
3329 4951 3696 5007 ostensioui-m

2116 5043 2414 5098 declaravit
2452 5052 2508 5096 et
2555 5057 2740 5097 coram
2790 5041 2940 5097 omni
2994 5041 3348 5098 llebraaorum
3391 5041 3589 5114 populo
3640 5051 3698 5097 et

2114 5149 2300 5190 coram
2357 5133 2651 5205 Egyptiis.
2717 5133 2850 5188 Erat
2897 5133 3064 5188 etiam
3120 5132 3263 5188 Deus
3332 5133 3506 5204 gloria
3566 5133 3698 5186 Elim

2119 5225 2399 5295 propheta:
2436 5227 2526 5295 qui
2559 5227 2731 5278 vidua.-
2765 5224 2932 5278 filium
2979 5227 3283 5292 suscitavit,
3319 5235 3374 5280 et
3411 5225 3590 5280 oravit
3623 5224 3693 5278 ad

2117 5318 2471 5375 obtinendam
2503 5318 2762 5386 pluviam,
2801 5326 2858 5374 et
2901 5317 3162 5372 continuo
3195 5316 3484 5372 exauditus
3509 5323 3596 5368 est
3627 5312 3697 5366 ⁷⁸.

2123 5409 2296 5465 Verax
2333 5425 2463 5481 ergo
2493 5407 2659 5473 Deus,
2693 5425 2818 5462 cum
2853 5408 2928 5462 ait
2957 5429 2970 5464 :
3011 5425 3033 5460 ι
3072 5406 3454 5462 Glorilicantes
3475 5417 3560 5458 me
3579 5401 3701 5472 glo-

2120 5503 2364 5558 riﬁcabo.
2403 5520 2422 5555 ι
2459 5501 2577 5556 Νοιι
2615 5500 2796 5556 minus
2819 5508 3002 5555 autem
3033 5513 3196 5569 quam
3225 5499 3440 5553 illorum
3473 5495 3564 5567 qui
3599 5494 3702 5550 ini-

2317 5647 2360 5678 7°
2392 5645 2412 5699 1
2450 5646 2584 5716 Reg.
2614 5660 2673 5711 ιι,
2706 5643 2794 5699 50.

503 5784 614 5857 (84)
653 5784 970 5854 Ἐὰνμὲνό
1007 5779 1191 5837 Δαυῒδ
1218 5781 1389 5855 λέγῃ,
1432 5789 1538 5840 etc.
1575 5779 1757 5840 Codex
1804 5781 2004 5841 Barocc

2113 5800 2176 5840 us
2231 5791 2286 5840 et
2317 5779 2508 5836 Daniel
2537 5778 2831 5835 Barbarus.
