4124 6416
439 319 581 373 1125

1833 317 1920 371 EX
1959 317 2267 373 ORIGENH

3569 338 3710 392 “’2!

436 435 619 488 tacula
669 433 858 494 edunt,
913 431 1201 484 manifeste
1244 431 1415 501 gloria
1473 443 1556 485 est
1608 432 1785 492 Dens.
1838 435 1988 485 etian‘

2109 433 2202 486 τοῦ
2244 436 2423 499 ὑετοῦ,
2470 440 2562 492 καὶ
2619 442 2736 511 ἅμα
2787 442 2864 513 τῷ
2903 445 3076 498 αἰτεῖν
3122 447 3376 516 τυχόντος
3408 447 3709 515 ἀξιώσεως.

436 527 604 595 gloria
637 542 821 581 cormn
850 525 1075 593 intelligi
1101 534 1273 593 poteSI
1300 527 1392 593 qui
1417 527 1614 580 virtute
1641 527 2008 588 illustrantur,

434 635 594 686 quam
631 633 732 670 non
772 618 910 670 alius
934 633 1096 684 quam
1133 617 1293 669 Pater
1345 617 1448 669 illis
1495 617 1710 680 inserit,
1759 616 1848 685 qui
1891 630 2011 669 sese

434 711 499 760 ad
537 711 706 776 ipsum
740 707 939 762 animis
973 709 1383 776 Suscipit-udum
1422 709 1787 760 tradiderunt.

2131 528 2409 615 39.110565:
2442 530 2536 586 οὖν
2565 535 2592 585 6
2624 538 2849 604 φάσκων
2877 538 3027 602 Θεός·
3078 559 3095 590 ‹
3128 543 3266 604 Τοὺς
3295 541 3618 608 δοξάζοντας
3645 561 3712 615 με

2116 613 2344 678 δοξάσω.
2397 639 2416 671 ι
2449 622 2561 673 Οὐκ
2610 623 2831 677 ἔλαττον
2860 625 2916 678 δὲ
2959 627 3054 680 τοῦ
3088 628 3246 695 δόξαν
3279 625 3417 682 εἶναι
3451 632 3713 700 ἐμφανῶς

2120 704 2208 757 τὸν
2236 708 2367 762 Θεὸν
2395 712 2502 764 τῶν
2541 715 2640 778 τὰς
2666 718 2984 786 τεραστίους
3015 719 3274 790 δυνάμεις
3300 721 3707 789 διακονούντων,

432 805 546 856 ἔστι
578 801 765 871 νοῆσαι
797 802 889 855 καὶ
923 803 1015 855 ἐπὶ
1046 803 1152 854 τῶν
1185 803 1250 855 δι’
1288 803 1486 874 ἀρετὴν
1513 802 1884 872 δοξαζομένων
1904 816 1916 830 ·
1950 799 2014 868 ἣν
2039 798 2139 850 οὐκ
2166 802 2322 868 ἄλλος
2348 808 2378 876 ἢ
2410 809 2438 859 ό
2462 809 2649 881 Πατὴρ
2680 813 2736 864 ὲν
2767 815 2886 876 ταῖς
2923 813 3120 884 ψυχαῖς
3151 815 3257 869 τῶν
3285 819 3710 889 παρεστηκότων

427 897 626 960 αὐτοὺς
653 901 716 968 τῇ
751 898 984 968 ὑποδοχῇ
1019 897 1182 950 αὑτοῦ
1209 899 1557 968 γεγέννηκεν.

505 988 671 1042 Vens.
713 989 767 1043 5.
832 988 968 1042 Voce
1019 1006 1133 1042 mea
1183 990 1250 1042 ad
1307 989 1587 1042 Dominum
1643 987 1909 1049 clamavi,
1961 994 2010 1037 et

430 1082 701 1135 exaudivit
738 1098 818 1136 me
849 1083 912 1135 de
941 1093 1114 1135 monte
1145 1092 1330 1135 sancto
1365 1083 1503 1151 ejus,
1536 1092 1647 1135 etc.
1674 1079 1864 1150 Opera:
1889 1095 2012 1149 pre-

430 1172 562 1223 tium
613 1181 696 1224 est
741 1187 1006 1242 quzerere,
1040 1183 1320 1227 curantea
1365 1171 1527 1227 dictis
1571 1187 1677 1227 non
1733 1169 2008 1241 prmpositi

427 1263 539 1317 sint
570 1263 623 1316 Ιιὶ
655 1265 760 1318 duo
789 1264 1203 1319 semivcrsiculi.
1244 1264 1414 1319 Valde
1470 1265 1615 1319 cnim
1664 1278 2005 1332 consequens

429 1363 547 1408 erat
621 1367 679 1408 ut
737 1365 865 1410 ante
911 1356 1209 1425 gratiarum
1273 1373 1370 1426 pro
1431 1357 1675 1425 acceptis
1729 1356 2005 1410 beneﬁciis

436 1444 734 1510 actionem,
765 1446 942 1500 oratio
975 1456 1288 1515 poneretur.
1327 1448 1415 1502 Sic
1457 1457 1640 1500 autem
1678 1446 1880 1502 solutio
1911 1446 2006 1499 atl-

428 1536 662 1590 bibenda
691 1546 773 1590 est
805 1558 815 1592 :
853 1539 968 1590 Non
997 1538 1170 1592 oratio
1203 1548 1284 1592 est
1317 1539 1458 1606 quod
1495 1538 1582 1592 hic
1632 1537 1850 1602 dicitur,
1899 1537 1994 1592 sed

429 1627 739 1682 declaratur
770 1629 1072 1682 orationem
1107 1628 1304 1681 factam
1355 1644 1500 1683 esse.
1539 1629 1809 1695 Quoniam
1856 1629 2003 1684 enim

425 1717 603 1770 oratio
630 1727 839 1772 secreto
865 1718 1008 1772 facta
1037 1729 1177 1784 erat,
1231 1730 1280 1774 ct
1329 1722 1491 1773 sintul
1520 1730 1681 1791 atque
1728 1722 1872 1776 facta
1897 1732 2001 1788 est,

2192 986 2365 1054 Φωνῇ
2383 1005 2500 1056 μου
2517 991 2668 1057 πρὸς
2693 992 2911 1058 Κύριον
2927 992 3238 1062 ἐκέκραξα
3268 996 3363 1049 καὶ
3398 997 3708 1064 ἐπήκουσέ

2111 1095 2230 1145 μου
2264 1078 2333 1141 ἐξ
2380 1079 2556 1147 ὅρους
2587 1081 2759 1151 ἁγίου
2814 1085 3022 1149 αὐτοῦ,
3063 1103 3116 1139 κ.
3152 1105 3201 1139 τ.
3244 1089 3291 1140 ἐ.
3328 1088 3512 1154 ’Ἄξιον
3545 1089 3708 1161 ζητῆ-

2119 1187 2206 1222 σαι
2238 1169 2351 1240 (85)
2385 1172 2436 1224 τί
2469 1173 2667 1243 δήποτε
2703 1174 2776 1245 μὴ
2799 1177 3162 1246 προτέτακται
3197 1180 3263 1232 τὰ
3295 1180 3387 1233 δύο
3419 1182 3704 1252 ήμιστίχια

2113 1262 2221 1318 τῶν
2254 1267 2687 1337 προειρημένωνο
2720 1268 2922 1338 σφόδρα
2945 1271 3053 1342 γὰρ
3073 1273 3365 1327 ἀκόλουθον
3399 1275 3459 1328 τὸ
3488 1275 3587 1347 τὴν
3611 1277 3702 1328 εὑ-

2111 1355 2211 1424 χὴν
2264 1357 2629 1428 προτετάχθαι
2664 1359 2764 1428 τῆς
2803 1362 2896 1414 ἐπὶ
2936 1364 3056 1425 ταῖς
3099 1363 3439 1434 εὐεργεσίαις
3483 1365 3707 1436 εὐχαρι-

2112 1446 2285 1510 στίας.
2321 1448 2522 1502 Λυτέον
2554 1450 2611 1502 δὲ
2643 1450 2818 1515 οὕτως
2856 1454 3199 1525 ἁποῤῥηθένο
3244 1455 3377 1526 Οὐχὶ
3410 1457 3542 1527 εὐχή
3586 1458 3705 1510 ἐστι

2109 1541 2172 1593 τὸ
2205 1541 2494 1613 λεγόμενον
2534 1544 2743 1608 ἐνθάδε,
2793 1545 2906 1598 ἀλλ’
2949 1547 3260 1615 ἀπαγγελία
3302 1549 3428 1619 περὶ
3476 1549 3569 1602 τοῦ
3604 1549 3704 1621 τὴν

2111 1633 2276 1705 εὐχὴν
2307 1635 2606 1702 γεγονέναι.
2653 1636 2803 1688 Ἐπεὶ
2831 1637 2937 1706 γὰρ
2977 1637 3108 1709 εὐχὴ
3140 1638 3280 1692 κατὰ
3315 1639 3376 1692 τὸ
3410 1639 3704 1710 σιωπώμε-

2113 1739 2201 1776 νον
2234 1723 2446 1791 γέγονε,
2494 1727 2586 1778 καὶ
2615 1726 2732 1796 ἅμα
2759 1725 2836 1796 τῷ
2877 1725 3135 1792 εὔξασθαι
3169 1731 3418 1800 ἐπέτυχε,
3448 1731 3631 1786 λαϐὼν
3670 1728 3700 1782 ὃ

423 1809 681 1861 exaudita
723 1818 824 1870 est,
881 1810 990 1863 voti
1046 1826 1265 1881 compos
1307 1811 1483 1868 lactus
1520 1816 1612 1883 qui
1656 1829 1846 1882 preces
1894 1815 1988 1868 Dec

2111 1814 2360 1868 ἐϐούλετο
2387 1817 2416 1868 6
2447 1815 2543 1886 τὴν
2575 1817 2812 1883 ἔντευξιν
2842 1816 2920 1889 τῷ
2950 1817 3069 1887 Θεῷ
3104 1821 3491 1890 προσαγαγὼν,
3519 1823 3704 1886 καλῶς

423 1899 658 1966 fuderat,
688 1902 931 1969 apprime
970 1904 1080 1958 Deo
1103 1920 1202 1974 pro
1225 1906 1466 1976 acceptis
1490 1908 1773 1963 beneﬁciis
1797 1909 2002 1977 gratias

420 1991 652 2058 primum
727 1993 876 2062 agit,
953 2004 1063 2048 tum
1127 1998 1323 2052 deinde
1391 1999 1704 2054 hominibus
1762 2000 1997 2056 declarat

421 2097 670 2148 quamam
720 2086 978 2138 0r:I\'et'll.
1031 2085 1233 2152 Quodsi
1285 2088 1401 2144 vice
1451 2105 1608 2144 versa
1661 2091 1896 2160 egisset,
1949 2099 2003 2144 et

419 2173 577 2226 simul
630 2184 794 2244 atque
834 2177 1069 2230 obtinuit
1101 2179 1244 2247 quod
1280 2181 1527 2248 petierat,
1572 2181 1905 2236 declarasset
1942 2198 2001 2237 se

419 2275 698 2333 precatum
749 2283 889 2332 esse,
940 2283 1003 2323 ac
1055 2269 1252 2324 deinde
1299 2271 1504 2341 gratias
1561 2273 1797 2342 egisset,
1849 2287 1999 2329 certe

419 2358 720 2424 gratiarum
751 2359 986 2412 actionis
1019 2375 1140 2428 qua:
1170 2361 1282 2414 cito
1317 2362 1430 2415 ﬁeri
1460 2361 1713 2425 debebat,
1745 2364 1997 2418 meritum

423 2450 776 2512 intirmassel,
816 2466 881 2505 eo
923 2451 1069 2521 quod
1113 2451 1264 2519 prius
1296 2455 1678 2509 annuntiasset
1722 2457 1876 2510 nobis
1924 2457 2000 2510 lc—

430 2539 686 2607 gcutibns
714 2555 772 2594 se
797 2557 1004 2596 orasse.
1034 2541 1222 2596 Melius
1248 2558 1378 2597 vero
1411 2544 1464 2597 id
1498 2545 1564 2597 de
1584 2561 1692 2614 quo
1715 2548 1994 2614 quaeritur,

419 2635 499 2686 sic
533 2633 821 2686 solvetur:
865 2633 1062 2687 l’salnti
1124 2635 1448 2704 principium
1507 2637 1754 2690 centiuet
1811 2655 1999 2705 preca-

417 2725 641 2778 tionem.
713 2726 917 2779 Deinde
974 2735 1096 2795 post
1147 2729 1516 2795 precationem
1569 2744 1596 2781 a
1641 2731 1998 2799 diapsalmate

414 2824 500 2869 est
540 2814 840 2885 gratiarum
882 2817 1024 2869 actio
1068 2817 1210 2883 quod
1241 2817 1538 2871 obtinuerit
1589 2834 1708 2888 qum
1741 2821 1993 2887 petierat.

417 2905 660 2962 Tandem
704 2908 948 2961 abSolnta
982 2909 1281 2977 gratiarum
1313 2913 1549 2976 actione,
1578 2911 1772 2966 faciem
1801 2915 1866 2965 ad
1897 2930 1993 2968 nos

418 3000 690 3052 convertit
719 2998 1014 3066 Propheta,
1053 3011 1107 3053 et
1134 3003 1587 3068 quemadmodum
1619 3019 1782 3058 orans
1816 3017 1995 3074 postu-

416 3093 522 3145 lata
550 3092 868 3154 obtinuerit,
895 3103 1104 3145 narrat.
1127 3092 1547 3151 Consideremus
1577 3112 1708 3151 vero
1730 3109 1989 3166 quantum

2114 1907 2405 1977 προτάσσει
2440 1907 2713 1977 ἐπιτυχὼν
2755 1907 2850 1978 τὴν
2887 1907 3023 1976 πρὸς
3057 1907 3188 1961 Θεὸν
3225 1910 3574 1981 εὐχαριστίαν
3603 1913 3702 1982 τῆς

2113 1999 2250 2069 πρὸς
2283 1998 2606 2070 ἀνθρώπους
2629 1999 2933 2070 διηγήσεως
2959 2003 3087 2073 περὶ
3115 2001 3206 2054 τοῦ
3234 2001 3354 2054 τίνα
3381 2001 3605 2072 ηὔξατο.
3638 2005 3701 2058 Ei

2137 2090 2162 2142 ὲ
2193 2091 2457 2144 ἀνάπαλιν
2489 2091 2751 2160 ἐγεγόνει,
2797 2093 2890 2146 καὶ
2925 2093 3041 2163 ἅμα
3078 2093 3154 2164 τῷ
3185 2097 3365 2164 τυχεῖν
3391 2087 3468 2148 ὧν
3505 2096 3701 2166 ᾔτησε,

2107 2181 2510 2253 διηγησάμενος
2556 2178 2624 2254 ἦν
2657 2183 2732 2246 ὡς
2763 2182 2986 2253 ηὔξατο,
3023 2181 3140 2237 εἶτα
3184 2184 3323 2255 μετὰ
3351 2184 3511 2238 τοῦτο
3537 2188 3705 2257 εὐχα-

2111 2273 2387 2342 ριστήσας,
2431 2268 2722 2336 ὑπεξέλυεν
2754 2273 2819 2326 ἂν
2847 2272 2945 2344 τὴν
2979 2272 3329 2345 ὀφειλομένην
3362 2275 3420 2326 ὲν
3454 2278 3520 2344 τῇ
3541 2277 3703 2345 εὐχα-

2109 2363 2291 2433 ριστίᾳ
2328 2362 2468 2433 μετὰ
2487 2363 2686 2434 τάχους
2714 2363 2953 2430 ἔντευξιν
2977 2363 3064 2417 διὰ
3089 2361 3182 2416 τοῦ
3223 2364 3490 2435 πρότερον
3513 2366 3701 2437 ἀπηγ-

2105 2454 2358 2521 γελκέναι
2392 2457 2502 2518 τοῖς
2535 2455 2938 2526 ἐντευξομένοις
2965 2457 3098 2526 ἡμῖν
3123 2455 3198 2517 ὡς
3223 2453 3442 2526 ηὔξατο.
3480 2457 3702 2511 Βέλτιον

2104 2547 2158 2598 δὲ
2191 2546 2333 2599 οὕτω
2360 2546 2521 2599 λῦσαι
2564 2545 2624 2599 τὸ
2673 2546 3040 2618 ἠπορημένονο
3086 2546 3149 2598 Ἡ
3179 2546 3320 2618 ἀρχὴ
3348 2546 3444 2600 τοῦ
3478 2547 3699 2619 ψαλμοῦ

2106 2638 2351 2708 περιέχει
2379 2639 2562 2708 εὐχήν.
2590 2633 2723 2690 Εἶτα
2753 2636 2890 2708 μετὰ
2918 2637 3016 2708 τὴν
3049 2636 3211 2706 εὐχὴν
3235 2635 3342 2690 ἀπὸ
3365 2636 3459 2689 τοῦ
3478 2637 3701 2706 διαψάλ-

2107 2729 2276 2798 ματός
2307 2731 2454 2782 ἐστιν
2474 2729 2814 2798 εὐχαριστία,
2849 2729 2942 2780 ἐπὶ
2967 2729 3044 2799 τῷ
3070 2727 3378 2797 τετευχέναι
3399 2719 3474 2780 ὧν
3499 2727 3692 2799 ᾔτησε.

2104 2821 2462 2890 Τελεσθείσης
2493 2822 2549 2873 δὲ
2578 2821 2678 2891 τῆς
2711 2821 3062 2892 εὐχαριστίας
3091 2821 3225 2890 πρὸς
3257 2820 3404 2890 ἡμᾶς
3428 2821 3693 2892 ἀποστρέ·

2103 2932 2192 2984 φει
2234 2914 2294 2967 τὸ
2339 2914 2629 2986 πρόσωπον
2671 2915 2700 2965 6
2761 2912 3077 2983 Προφήτης,
3115 2912 3206 2964 καὶ
3251 2911 3518 2981 διηγεῖται
3569 2912 3695 2964 τίνα

2100 3008 2299 3076 τρόπον
2363 3006 2656 3077 εὐξάμενος
2719 3004 3056 3076 ὲπηκούσθη.
3125 3005 3570 3074 Κατανοήσωμεν
3638 3002 3698 3058 δὲ

2101 3097 2240 3169 πρὸς
2273 3097 2416 3160 λέξιν
2444 3095 2524 3158 τὸ,
2567 3113 2584 3146 ι
2616 3097 2772 3165 Φωνῇ
2807 3111 2907 3163 μου
2941 3092 3078 3163 πρὸς
3108 3091 3312 3162 Κύριον
3343 3091 3639 3163 ἐκέκραξα,
3673 3113 3690 3142 ι

409 3185 477 3239 ad
526 3185 761 3238 litteram
792 3186 1006 3248 attinet,
1035 3185 1162 3238 illud
1193 3203 1204 3239 :
1237 3204 1254 3235 ι
1294 3187 1435 3241 Voce
1466 3204 1586 3242 mea
1611 3189 1676 3242 ad
1707 3191 1988 3242 Dominum

2099 3192 2193 3242 καὶ
2227 3188 2285 3241 τὸ
2321 3187 2448 3256 ἑξῆς
2477 3185 2616 3239 κατὰ
2642 3185 2739 3256 τὴν
2776 3184 3063 3254 συνήθειαν
3094 3185 3190 3253 τῆς
3217 3183 3467 3253 Γραφῆς,
3513 3183 3608 3236 καὶ
3643 3183 3694 3236 τί

408 3277 658 3342 clamavi,
694 3296 712 3327 ι
752 3287 805 3330 et
851 3278 993 3346 quod
1035 3279 1290 3347 sequitur
1316 3295 1380 3332 ex
1405 3283 1802 3336 consuetudine
1834 3284 1987 3337 Scri-

408 3378 584 3437 pturte
641 3370 919 3438 positum,
978 3380 1034 3424 et
1082 3385 1179 3421 cur
1228 3371 1329 3423 viri
1389 3374 1566 3427 sancti
1617 3388 1990 3442 saepenumero

408 3467 683 3530 precando
724 3463 790 3515 ad
842 3463 1004 3515 Deum
1048 3462 1427 3518 clamaverint.
1464 3465 1791 3519 Attendatur
1824 3469 1987 3520 etiam

407 3555 475 3606 ad
505 3553 634 3606 illud
677 3555 822 3623 quod
872 3555 1133 3622 scriptum
1166 3565 1249 3608 est
1281 3566 1509 3611 stantem
1556 3556 1739 3611 Jesum
1787 3559 1989 3612 clama-

410 3643 554 3696 risse
587 3655 641 3696 et
681 3644 883 3697 dixisse
911 3645 952 3675 '“
986 3663 998 3699 :
1039 3663 1057 3695 ι
1096 3646 1152 3699 Si
1205 3647 1329 3714 quis
1361 3645 1516 3716 551
1544 3648 1681 3714 sitit,
1709 3652 1891 3703 veniat
1921 3652 1985 3704 ad

407 3749 494 3788 me
511 3742 563 3788 ct
583 3734 752 3788 bibat.
777 3753 795 3785 ι
820 3734 987 3790 Nobis
1004 3738 1221 3805 quidem
1247 3739 1540 3806 Apostolus
1568 3755 1690 3791 cum
1717 3741 1792 3793 ait
1827 3741 1988 3808 spiri-

409 3839 522 3880 tum
557 3826 940 3880 uuivcrsaliter
987 3829 1038 3881 in
1069 3829 1329 3882 cordibus
1373 3839 1685 3883 sanctorum
1722 3831 1980 3894 clamare,

419 3939 436 3970 ι
472 3919 623 3974 Abba
662 3919 822 3974 Pater
854 3921 920 3985 ⁷²,
955 3939 972 3972 ι
1009 3921 1347 3992 intelligendi
1397 3922 1739 3976 occasionem
1784 3926 1986 3991 praebet

403 4013 704 4082 spiritalem
749 4028 868 4068 esse
917 4013 1210 4067 clamorem
1257 4015 1346 4082 qui
1397 4015 1718 4080 intenditur,
1774 4018 1976 4084 quique

401 4117 486 4160 est
525 4106 721 4158 anima:
770 4121 894 4171 vox,
945 4120 1047 4174 qua
1105 4106 1272 4157 utitur
1333 4104 1579 4170 deposito
1631 4119 1837 4174 organo
1887 4122 1984 4173 per

401 4197 542 4265 quod
581 4195 705 4248 talia
738 4195 1032 4264 eloquitur.
1085 4195 1148 4248 Et
1197 4206 1452 4264 putamus
1505 4196 1822 4250 rationalem
1871 4197 1983 4252 dis-

398 4301 618 4341 cursum
671 4286 762 4355 qui
815 4287 867 4340 in
924 4286 1204 4340 intellectu
1265 4287 1565 4355 peragitur,
1622 4287 1818 4341 anian
1859 4302 1980 4342 esse

397 4391 610 4442 vocem,
639 4393 783 4447 qum,
819 4379 862 4432 si
901 4377 1063 4430 fuerit
1089 4376 1343 4430 solertior
1363 4387 1418 4430 et
1443 4378 1508 4431 de
1528 4379 1691 4431 rebus
1718 4389 1981 4446 praestan-

399 4472 659 4534 tioribus,
698 4484 970 4538 non_vero
1001 4468 1229 4535 objectis
1271 4483 1330 4520 et
1378 4457 1676 4522 humilibus
1722 4469 1975 4533 disserat,

2096 3281 2155 3332 τὸ
2206 3278 2465 3340 πολλάκις
2519 3276 2801 3344 γεγονέναι
2851 3277 2965 3336 τοῖς
3019 3273 3192 3340 ἁγίοις
3241 3273 3380 3343 πρὸς
3433 3271 3527 3325 τὸν
3560 3273 3694 3324 Θεὸν

2094 3369 2257 3440 εὐχὴν
2326 3369 2465 3440 μετὰ
2525 3367 2794 3439 κραυγῆς.
2867 3362 3246 3431 Ἐπιστησάτω
3307 3362 3366 3415 δέ
3425 3380 3514 3426 τις
3566 3365 3692 3417 κατ’

2093 3461 2223 3514 αὐτὸ
2255 3461 2350 3512 καὶ
2408 3456 2658 3530 περὶτοῦ
2694 3454 2902 3509 ἑστῶτα
2942 3452 3271 3522 κεκραγέναι
3318 3454 3412 3508 τὸν
3456 3455 3690 3526 Ἰησοῦν,

2091 3554 2183 3605 καὶ
2233 3552 2429 3619 λέγειν·
2496 3569 2514 3600 ι
2586 3547 2710 3601 Ἐάν
2773 3561 2854 3606 τις
2908 3541 3053 3612 διψᾷ,
3115 3541 3360 3612 ἐρχέσθω
3413 3545 3552 3612 πρὸς
3621 3547 3695 3618 μὲ

2091 3645 2185 3698 καὶ
2237 3644 2456 3697 πινέτω.
2511 3661 2528 3692 ι
2588 3639 2780 3692 Δίδωσι
2840 3635 3017 3688 τοίνυν
3079 3635 3208 3703 ἡμῖν
3267 3635 3296 3686 6
3361 3634 3692 3700 Ἀπόστολος

2089 3739 2366 3810 ἀφορμὰς,
2399 3735 2570 3792 εἰπὼν
2615 3734 2675 3786 τὸ
2709 3730 2929 3800 πνεῦμα
2959 3725 3259 3789 καθολικῶς
3299 3729 3356 3780 ὲν
3397 3730 3516 3792 ταῖς
3546 3747 3689 3802 καρη-

2085 3834 2226 3898 δίαις
2253 3833 2360 3887 τῶν
2389 3831 2559 3899 ἁγίων
2587 3825 2834 3897 κράζειν,
2867 3842 2885 3873 ι
2912 3818 3078 3872 Ἀὗὸᾶ
3102 3820 3129 3870 6
3155 3817 3368 3890 Πατὴρ,
3410 3839 3428 3870 ι
3465 3820 3540 3883 ὼς
3569 3820 3690 3876 ἔστι

2086 3927 2250 3998 νοητὴ
2270 3922 2487 3996 κραυγὴ
2510 3915 2899 3986 ἐπιτεταμένην
2923 3910 3043 3980 ἥτις
3073 3907 3134 3978 δή
3158 3909 3274 3960 ἐστι
3299 3909 3453 3998 φωνὴ
3476 3909 3684 3980 ψυχῆς,

2085 4015 2118 4092 ᾗ
2151 3997 2289 4089 τάχα
2323 4017 2521 4089 χρῆται
2572 4005 2885 4076 ἀποθεμένη
2915 4003 2975 4055 τὸ
3007 4002 3235 4092 ὄργανον
3358 3997 3424 4092 οὗ
3455 4002 3685 4056 τοιαῦτα

2086 4089 2271 4178 φωνεῖ.
2307 4109 2418 4161 Καὶ
2454 4101 2678 4175 οίόμεθά
2709 4116 2772 4167 γε
2809 4095 2906 4166 τὴν
2952 4091 3170 4161 λογικὴν
3205 4089 3438 4154 διέξοδον
3474 4092 3575 4164 τὴν
3621 4095 3682 4146 ἐν

2083 4199 2160 4268 at?)
2204 4194 2515 4268 ἡγεμονικῷ
2559 4191 2678 4245 κατ’
2717 4186 2847 4240 αὐτὸ
2894 4180 3184 4252 γινομένην
3215 4180 3312 4251 τὴν
3365 4181 3466 4250 τῆς
3497 4180 3681 4252 ψυχῆς

2083 4282 2220 4338 εἶναι
2248 4285 2459 4354 φωνήν·
2493 4282 2526 4351 ἣ
2561 4280 2656 4332 ἐὰν
2685 4277 2741 4329 δὲ
2846 4269 3369 4344 πραγματικωτέρα,
3407 4269 3501 4322 καὶ
3547 4271 3678 4342 περὶ

2086 4374 2346 4444 μειζόνων
2378 4369 2540 4424 τινῶν
2565 4367 2659 4420 καὶ
2693 4366 2768 4436 μὴ
2800 4364 2950 4416 κάτω
2977 4358 3246 4428 κειμένων
3278 4358 3372 4410 καὶ
3402 4359 3677 4412 ταπεινῶν

2081 4463 2474 4532 δ;εξοδεύουσα,
2525 4461 2558 4530 ἡ
2594 4457 2756 4527 νοητὴ
2794 4454 2859 4507 ἂν
2910 4451 2994 4522 εἴη
3031 4450 3268 4523 κραυγή.
3313 4449 3530 4519 Ταύτην
3578 4447 3675 4513 οὖν

395 4562 659 4631 Spiritalis
685 4563 794 4616 erit
825 4562 1050 4615 clamor.
1090 4560 1242 4615 llunc
1278 4560 1368 4628 qui
1402 4561 1469 4614 ad
1506 4561 1674 4614 Deum
1707 4563 1974 4615 emittunt

2098 4563 2178 4629 τὴν
2211 4555 2458 4628 κραυγὴν
2499 4554 2548 4604 οἱ
2576 4547 2913 4620 κεκραγότες
2948 4542 3084 4613 πρὸς
3116 4541 3248 4593 Θεὸν
3282 4541 3667 4605 ἐπακούονται,

397 4655 719 4716 clamorem,
744 4653 1141 4716 exaudiuntur,
1177 4653 1280 4705 nisi
1313 4650 1452 4705 forte
1483 4663 1539 4705 ut
1562 4653 1974 4722 praestantiorcs

397 4761 629 4800 coronas
703 4747 756 4799 in
827 4744 1124 4812 majoribus
1205 4745 1598 4800 certaminibus
1662 4747 1974 4817 accipiant,

395 4837 576 4890 divina
625 4837 1029 4907 dispensatione
1073 4838 1552 4907 derelinquantur,
1606 4840 1966 4908 quemadmo-

393 4929 520 4979 dum
552 4926 602 4980 in
639 4927 890 4984 llabacuc
923 4931 1186 5000 scriptum
1220 4941 1306 4985 est
1341 4931 1428 4983 7’:
1474 4949 1491 4981 ι
1527 4929 1842 5000 Usquequo,
1873 4932 1970 4985 Do-

394 5017 562 5081 mine,
611 5018 876 5084 c-lamabo,
922 5031 976 5074 et
1017 5037 1122 5076 non
1157 5021 1459 5077 exaudies?
1495 5022 1854 5078 Vociferabor
1897 5025 1964 5079 ad

392 5120 446 5162 te
475 5110 579 5162 vim
616 5112 850 5179 patiens,
901 5121 957 5166 et
1007 5129 1111 5167 non
1167 5113 1408 5168 Salvabis
1452 5115 1575 5168 me?
1618 5114 1726 5168 Cur
1773 5124 1963 5170 osten-

389 5205 517 5258 disti
569 5205 702 5258 mibi
753 5205 1031 5261 molestias
1078 5216 1132 5261 et
1183 5207 1422 5273 labores,
1467 5218 1526 5262 ut
1582 5209 1861 5263 miseriam
1912 5220 1966 5263 et

389 5296 720 5366 impietatem
763 5299 1167 5367 aspicerem?»
1210 5297 1366 5354 Hunc
1406 5301 1704 5355 clamorem
1745 5303 1797 5354 in
1841 5318 1959 5354 ma-

385 5389 504 5458 gnis
529 5391 762 5445 decretis
791 5407 1007 5461 semper
1033 5392 1194 5446 etiam
1231 5393 1431 5446 emittit
1466 5395 1736 5448 Salvator.
1774 5394 1865 5449 Sic
1907 5407 1960 5450 et

455 5550 496 5581 '"
528 5547 686 5604 Joan.
720 5565 820 5613 vn,
846 5550 936 5604 '57.
1013 5551 1057 5581 ⁷⁸
1091 5550 1248 5606 Rom.
1285 5569 1402 5620 vm,
1439 5554 1524 5612 15.

2082 4652 2220 4721 πλὴν
2255 4650 2302 4700 εἰ
2345 4647 2418 4718 μὴ
2457 4644 2574 4698 κατ’
2609 4637 2920 4708 οἰκονομίαν
2954 4633 3365 4687 καταλείποιντο
3406 4632 3546 4704 ὑπὲρ
3575 4632 3670 4685 τοῦ

2083 4743 2334 4814 μείζονας
2375 4734 2672 4805 στεφάνους
2721 4732 2777 4783 ὲν
2817 4724 3058 4798 μείζοσιν
3107 4722 3312 4791 ἀγῶσιν
3357 4723 3668 4790 ἀπενέγκα-

2081 4836 2229 4896 σθαι,
2259 4833 2450 4900 ὣσπερ
2480 4831 2538 4881 ὲν
2562 4825 2639 4896 τῷ
2668 4819 2992 4893 Ἀμὸακοὺμ
3025 4815 3259 4887 εἴρηται·
3285 4834 3302 4866 ι
3333 4817 3476 4878 Ἕως
3500 4815 3664 4879 τίνος,

2077 4927 2271 5000 Κύριε,
2308 4921 2668 4994 κεκράξομαι,
2706 4914 2799 4968 καὶ
2830 4913 2890 4966 οὐ
2929 4910 3003 4982 μὴ
3034 4906 3358 5000 εἰσακούσῃ;
3383 4909 3666 5000 Βοήσομαι

2075 4997 2213 5092 πρός
2243 5017 2302 5070 σὲ
2348 5009 2723 5080 ἀδικούμενος,
2761 5005 2857 5059 καὶ
2893 5002 2954 5056 οὑ
2995 4998 3188 5062 σώσεις
3220 5015 3318 5070 με;
3365 4999 3484 5052 Ἵνα
3514 4997 3566 5050 τί
3606 4997 3668 5051 δέ

2077 5133 2165 5186 μοι
2203 5110 2409 5173 ἔδειξας
2441 5107 2644 5167 κόπους
2683 5100 2778 5156 καὶ
2819 5097 3034 5160 πόνους,
3072 5094 3385 5147 ἐπιϐλέπειν
3433 5095 3526 5146 ἐπὶ
3563 5109 3664 5146 τα-

2072 5185 2376 5275 λαιπωρίαν
2410 5201 2500 5254 καὶ
2527 5195 2810 5258 ἁσέϐειαν;
2863 5211 2883 5244 ι
2924 5188 3141 5257 Ταύτην
3172 5187 3229 5240 δὲ
3263 5186 3361 5257 τὴν
3411 5185 3663 5256 κραυγὴν

2073 5303 2131 5354 ὲν
2166 5296 2421 5367 μεγάλοις
2466 5291 2732 5359 δόγμασιν
2777 5282 2865 5337 ἀεὶ
2895 5278 3184 5344 διεξοδεύει
3231 5281 3322 5330 καὶ
3366 5279 3394 5330 6
3429 5277 3658 5367 Σωτήρο

2071 5366 2218 5448 οὕτω
2241 5390 2298 5443 δὲ
2326 5388 2555 5455 ἕστηκεν
2587 5382 2616 5434 6
2646 5379 2818 5448 Λόγος
2846 5373 2939 5428 τοῦ
2969 5369 3104 5426 Θεοῦ
3131 5371 3215 5424 ἀεὶ
3247 5367 3556 5440 κεκραγὼς,
3581 5366 3660 5431 ὡς

1601 5555 1646 5586 ⁷³
1672 5556 1878 5610 llabac.
1909 5573 1948 5625 I,
1974 5557 2029 5621 2,
2058 5567 2110 5611 ct
2138 5571 2295 5625 seqq.

458 5683 569 5753 (85)
603 5686 798 5750 Ἄξιον
841 5683 1110 5756 ζητῆσαι,
1172 5699 1278 5744 ctc.
1329 5687 1506 5744 Codex
1564 5689 1949 5755 Baroccianus,
2005 5691 2317 5758 partimque
2369 5681 2686 5741 Corderius.
2744 5673 2938 5730 Latine
2989 5676 3212 5726 exstant
3268 5665 3407 5737 apud
3452 5661 3652 5719 Barba-

391 5766 448 5802 rtt
463 5769 535 5808 lli.
