4124 6430
453 329 600 384 “‘25

1455 325 1762 379 SEI.ECT.-\
1805 325 1867 378 IN
1909 325 2246 383 PSALMOS.
2284 360 2350 367 ———
2385 328 2578 384 ΡΒΑΙ..
2619 331 2704 385 III.

3573 335 3708 389 “‘26

451 453 546 503 καὶ
574 449 722 518 παρὰ
755 445 831 518 τῷ
857 445 1160 516 Σολομῶντι
1189 446 1220 515 ἡ
1253 444 1432 512 σοφία,
1465 446 1586 515 ἥτις
1616 447 1647 514 ἡ
1686 445 1824 516 αὑτὴ
1861 447 2008 518 ὑπάρ

2145 458 2296 503 stans
2335 450 2423 502 Dei
2479 450 2708 505 Verbum
2751 466 2965 521 semper
2995 453 3215 519 clamat,
3262 458 3720 525 quemadmodum

453 559 536 611 χει
564 539 638 609 τῷ
663 539 819 610 Λόγῳ
851 538 944 590 τοῦ
973 537 1106 588 Θεοῦ
1137 537 1276 589 κατὰ
1305 536 1404 606 τὴν
1435 536 1756 597 ὑπόστασιν,
1795 537 2034 590 καλοῦσα

457 633 594 702 μετὰ
639 631 842 700 ὑψηλοῦ
893 630 1248 700 κηρύγματος
1295 630 1388 681 ἐπὶ
1436 629 1709 700 κρατῆρα,
1765 629 2029 698 λέγουσαο

459 742 476 772 ι
525 723 622 785 ’⁷ος
653 723 799 773 ἐστιν
835 720 989 789 ὑμῶν
1035 720 1245 790 ἄφρων,
1287 719 1589 772 ἐκκλινάτω
1632 719 1767 791 πρὸς
1815 720 1913 789 μέ⁶
1948 720 2034 773 ἐν-

451 812 597 863 δεέσι
630 811 684 862 δὲ
740 808 950 881 φρενῶν
998 808 1440 880 παρακελεύομαι
1478 809 1745 877 λέγουσα’
1788 809 2028 874 Ἔλθετε,

451 903 650 970 φάγετε
677 901 784 953 τῶν
812 901 958 970 ὲμῶν
986 902 1184 972 ἄρτων,
1209 901 1301 954 καὶ
1332 902 1481 954 πίετε
1505 897 1646 954 οἶνον
1669 902 1726 954 ὃν
1752 903 2030 974 κεκέρακα

449 995 598 1063 ὑμῖν.
640 1011 657 1043 ι
706 993 770 1044 Ἡ
801 990 952 1062 φωνὴ
978 991 1264 1062 τοιγαροῦν
1294 991 1388 1044 τοῦ
1421 992 1561 1045 κατὰ
1593 991 1682 1046 τὸν
1709 991 1921 1062 ψαλμὸν
1942 994 2028 1046 λέ-

447 1101 634 1152 γοντος
657 1082 1020 1152 ὲπιτεταμένη
1043 1082 1176 1152 πρὸς
1205 1082 1408 1154 Κύριον
1440 1083 1791 1147 ὲπακούεται,
1813 1084 1913 1137 οὑκ
1939 1083 2030 1138 άλ-

447 1176 598 1230 λοθέν
637 1177 799 1230 ποθεν
833 1175 866 1246 ἢ
901 1178 966 1228 ὲκ
999 1175 1090 1228 τοῦ
1124 1175 1284 1245 ὅρους
1314 1175 1407 1229 τοῦ
1450 1177 1627 1245 ἁγίου,
1659 1178 1935 1230 τουτέστιν
1969 1176 2028 1241 ἐξ

441 1269 698 1342 ούρανοῦ,
731 1270 851 1322 ἐπεὶ
883 1270 975 1323 καὶ
1011 1271 1066 1322 ἐν
1098 1270 1276 1334 ἄλλοις
1310 1270 1546 1338 λέγεταιο
1577 1291 1594 1321 ι
1634 1271 2026 1324 Ἐπακούσεται

447 1363 610 1417 αὑτοῦ
635 1362 694 1426 ἐξ
722 1361 950 1434 οὐρανοῦ
977 1363 1130 1432 ἁγίου
1152 1362 1335 1416 αὑτοῦ.
1372 1382 1388 1412 ι
1415 1364 1524 1416 Καὶ
1545 1363 1602 1428 ἐξ
1627 1362 1792 1432 ὕψους
1815 1363 2022 1427 ἀκούει,

438 1455 569 1506 ,ἐπεὶ
599 1453 930 1525 γέγραπται·
974 1472 994 1504 ι
1047 1452 1435 1506 Ἐπακούσεται
1466 1453 1626 1506 αὑτοῦ
1654 1453 1713 1518 ἐξ
1739 1453 1905 1524 ὕψους
1933 1456 2025 1508 καὶ

437 1546 508 1598 ἐκ
539 1545 666 1599 ναοῦ
695 1546 850 1614 ἁγίου
884 1544 1068 1598 αὑτοῦ.
1115 1565 1133 1596 ι

524 1637 673 1707 Ἐγὼ
711 1637 1057 1706 ἐκοιμήθην,
1091 1638 1188 1690 καὶ
1227 1636 1479 1690 ὕπνωσα
1502 1655 1514 1667 ·
1553 1637 1902 1707 ἐξηγέρθην,
1935 1638 2022 1692 ὅτι

440 1732 656 1797 Κύριος
680 1729 1075 1798 ἀντιλήψεται
1097 1746 1236 1797 μου,
1262 1746 1314 1781 κ.
1347 1747 1393 1784 τ.
1430 1731 1475 1782 ἐ.
1515 1730 1703 1800 Ἡμεῖς
1731 1732 1828 1800 μὲν
1859 1731 2022 1803 ἡγού-

2143 551 2198 594 ct
2251 544 2389 610 apud
2438 542 2784 597 Salomoncm
2826 546 3084 613 sapientia
3118 564 3239 617 qua:
3282 550 3579 603 secundum
3618 553 3716 622 by-

2141 630 2400 698 postasim
2431 633 2620 684 eadem
2657 642 2741 687 est
2786 648 2848 688 ac
2896 635 3130 689 Verbum
3167 639 3282 702 Dei,
3319 639 3559 694 inritans
3587 657 3713 695 cum

2143 735 2340 787 magno
2374 719 2612 774 clamore
2639 723 2707 776 ad
2741 724 3013 791 poculum,
3053 727 3183 780 dicit
3205 727 3252 757 "
3281 747 3292 780 :
3336 749 3353 778 ι
3393 729 3448 783 Si
3487 732 3609 797 quis
3634 742 3717 786 est

2142 808 2423 878 insipiens,
2477 810 2718 865 declinet
2753 814 2819 866 ad
2859 827 2964 879 me,
3013 825 3068 869 et
3115 816 3296 870 stultis
3329 819 3586 888 praecipio
3627 822 3713 872 di-

2137 916 2321 955 cens:
2372 903 2591 967 Venite,
2650 906 2920 960 comedite
2979 922 3147 976 panes
3202 924 3372 974 meos,
3426 919 3478 962 ct
3540 911 3718 967 bibito

2137 994 2320 1046 vinum
2358 995 2500 1062 quod
2537 996 2726 1049 miscui
2761 997 2934 1053 vobis.
2980 1017 2997 1049 ι
3042 999 3226 1068 Itaque
3263 1001 3354 1068 qui
3404 1001 3455 1053 in
3501 1002 3714 1068 ps'almo

2138 1086 2203 1138 ad
2260 1087 2426 1139 Deum
2484 1101 2671 1140 vocem
2727 1087 2982 1155 intendit,
3035 1106 3139 1144 non
3187 1091 3403 1146 aliunde
3463 1107 3624 1160 quam
3677 1107 3713 1153 ι

2136 1192 2320 1235 monte
2355 1190 2571 1245 sancto,
2606 1183 2708 1236 hoc
2742 1193 2823 1237 cst
2855 1198 2884 1237 e
2915 1185 3068 1247 cmlo,
3105 1187 3420 1251 exauditur,
3459 1188 3709 1256 quamle-

2135 1274 2350 1342 quidem
2382 1274 2510 1328 alibi
2549 1291 2765 1344 quoque
2806 1276 3008 1330 dicitur
3051 1280 3097 1310 "'
3143 1298 3155 1334 :
3197 1298 3215 1331 ι
3249 1281 3510 1335 Exaudiet
3552 1279 3706 1334 illum

2133 1366 2198 1417 de
2225 1365 2364 1419 malo
2393 1375 2582 1421 sancto
2610 1382 2727 1422 suo.
2763 1389 2781 1420 ι
2820 1370 2896 1424 Ex
2923 1372 3139 1425 sublimi
3177 1388 3395 1443 quoque
3435 1373 3704 1427 exaudit:

2133 1472 2256 1510 nam
2294 1458 2557 1525 scriptum
2599 1469 2722 1515 est:
2759 1479 2776 1512 ι
2818 1461 3081 1518 Exaudict
3127 1464 3299 1534 ipsmn
3337 1465 3403 1519 ab
3437 1465 3548 1520 alto
3587 1474 3642 1520 et
3674 1479 3706 1519 a

2135 1549 2338 1616 templo
2369 1557 2562 1603 sancto
2596 1566 2714 1604 suo.
2755 1571 2774 1602 ι

2205 1639 2362 1694 Vens.
2397 1640 2448 1694 6.
2481 1640 2592 1710 Ego
2619 1642 2846 1696 dormivi
2866 1653 2915 1697 et
2937 1655 3218 1712 soporatus
3236 1664 3375 1712 sum,
3401 1651 3705 1717 exsurrexi,

2129 1733 2252 1802 quia
2289 1731 2544 1785 Dominus
2576 1734 2826 1802 suscipiet
2867 1750 2969 1800 me,
3004 1746 3111 1789 etc.
3162 1736 3269 1791 Nos
3297 1740 3514 1806 quidem
3559 1743 3706 1794 arbi-

432 1821 586 1892 ,μεθα
617 1820 724 1893 (86)
761 1821 923 1891 μηδὲν
956 1821 1294 1891 ἀνθρώπινον
1330 1820 1470 1892 ἔχειν
1500 1820 1568 1873 τὰ
1598 1821 1867 1890 λεγόμενα
1897 1825 2009 1878 ἁκά

2129 1833 2337 1876 tramur
2368 1821 2504 1874 nih'rl
2543 1822 2660 1876 lucc
2691 1822 2893 1876 habere
2932 1823 3230 1877 humanum
3259 1829 3401 1893 quod
3435 1840 3704 1896 congruat

441 1914 629 1966 λουθον
662 1917 728 1984 τῇ
760 1913 887 1984 περὶ
919 1912 1008 1964 τὸν
1037 1912 1218 1977 Δαυῒδ,
1250 1914 1337 1966 ὅτε
1367 1913 1563 1982 ἔφυγεν
1588 1914 1698 1967 άπὸ
1732 1914 2022 1985 προσώπου

454 2005 826 2076 Ἀϐεσσαλὼμ,
879 2005 1105 2078 ἱστορίᾳ,
1159 2007 1206 2058 εί
1251 2004 1498 2076 θέλοιμεν
1545 2007 1779 2076 τηρῆσαι
1827 2006 1914 2061 διὰ
1962 2008 2022 2061 τὸ

432 2098 604 2168 ,ῥητὸν
637 2098 694 2150 τὸ
723 2099 818 2151 τοῦ
857 2100 1020 2153 Δαυῒδ
1045 2099 1354 2170 πρόσωπον,
1381 2099 1474 2152 καὶ
1504 2099 1591 2153 διὰ
1616 2100 1774 2152 τοῦτό
1805 2118 1868 2169 γε
1898 2101 2023 2154 δυσ-

436 2191 765 2260 ωπὴσαιμεν
799 2189 864 2243 ἂν
899 2192 993 2244 καὶ
1023 2193 1148 2254 τοὺς
1188 2191 1262 2262 μὴ
1299 2189 1653 2262 βουλομένους
1687 2193 2022 2261 ἀναγκάζον-

438 2295 530 2344 τες
558 2281 777 2350 ἀνάγειν
811 2283 908 2355 τὴν
945 2285 1182 2355 ἱστορίαν
1223 2285 1316 2337 καὶ
1349 2284 1668 2356 προσίεσθαι
1705 2285 1922 2349 πάντως
1956 2288 2020 2340 ὲκ

433 2370 729 2442 ,προσώπου
747 2373 984 2445 Χριστοῦ
1001 2371 1138 2428 εἶναι
1158 2373 1226 2427 τὰ
1247 2374 1709 2445 ἐπαγγελλόμενα.
1731 2377 1844 2428 Ἵνα
1860 2376 1915 2428 δὲ
1944 2376 2017 2448 μὴ

436 2461 680 2531 δοκῶμεν
714 2463 1017 2534 προδιδόναι
1045 2464 1134 2517 τὸν
1165 2464 1322 2534 λόγον
1351 2464 1440 2518 τὸν
1469 2465 1610 2518 κατὰ
1637 2466 1697 2518 τὸ
1730 2465 1890 2537 ῥητὸν
1926 2464 2018 2517 δυ-

435 2553 665 2624 νάμενον
701 2553 989 2620 σώζεσθαι,
1024 2557 1115 2610 καὶ
1142 2556 1316 2610 ταῦτα
1347 2557 1563 2610 λεκτέον
1583 2575 1596 2587 ·
1626 2558 1809 2628 Φαμὲν
1839 2556 2016 2610 τοίνυν

432 2647 600 2701 αὑτοῦ
643 2649 1049 2720 κατηγοροῦντα
1093 2650 1182 2702 τὸν
1222 2649 1381 2704 Δαυῒδ
1422 2649 1597 2705 ταῦτα
1643 2650 1873 2720 φάσκειν
1925 2651 2017 2703 ἐπὶ

433 2739 510 2810 τῷ
539 2741 614 2812 μὴ
640 2742 997 2813 ἐγρηγορέναι
1041 2742 1201 2794 αὑτὸν
1242 2742 1374 2815 περὶ
1413 2743 1513 2812 τῆς
1545 2742 1841 2812 βασιλείας,
1883 2743 2016 2814 μηδὲ

431 2833 706 2905 προσοχὴν
739 2835 834 2905 τὴν
873 2834 1096 2888 δέουσαν
1125 2836 1456 2903 εἰσαγαγεῖν,
1487 2834 1624 2887 ὥστε
1654 2835 1841 2906 καιρὸν
1873 2835 2015 2905 ἔχειν

433 2925 718 2979 ἐπιθέσθαι
763 2927 883 2996 μὲν,
911 2927 1038 2979 τάδε
1080 2927 1404 2980 πεπονθέναι
1435 2926 1597 2978 αὐτὸν
1642 2927 1731 2979 διὰ
1758 2926 1858 2996 τῆς
1892 2929 2014 2979 ἐπι-

437 3015 639 3079 θέσεως
695 3015 786 3068 τοῦ
850 3015 1221 3086 ’Λῦεσσαλώμ.
1281 3016 1445 3087 Ἐμοῦ
1489 3015 1600 3086 γὰρ
1645 3017 2010 3086 κοιμωμένου,

430 3106 586 3176 φησὶ,
618 3106 712 3157 καὶ
737 3104 1028 3168 ὑπνοῦντος
1051 3105 1176 3158 τάδε
1198 3104 1318 3157 τινὰ
1354 3103 1665 3176 συμϐέϐηκέ
1698 3120 1806 3174 μοι.
1851 3102 2009 3156 Ἀλλὰ

427 3197 733 3266 διανέστην,
769 3197 890 3248 ἐπεὶ
920 3194 1122 3268 Κύριος
1151 3195 1498 3267 ἀντιλήψεταί
1541 3213 1662 3265 μου,
1706 3195 1798 3248 καὶ
1829 3195 2010 3249 διανα-

430 3288 561 3351 στὰς
587 3287 862 3361 μυριάδων
888 3286 1017 3340 λαοῦ
1043 3286 1380 3358 ἐπιθεμένων
1407 3305 1496 3358 μοι
1516 3287 1576 3340 οὐ
1605 3285 2005 3358 φοϐηθήσομαι.

428 3381 539 3434 Καὶ
583 3379 856 3441 άῦιάστως
899 3378 967 3431 τὰ
1013 3379 1139 3448 ἑξῆς
1186 3379 1325 3445 δόξει
1361 3378 1662 3444 σώζεσθαι·
1706 3381 1800 3433 καὶ
1835 3381 2008 3435 ταῦτα

429 3474 528 3544 μὲν
576 3471 858 3544 ἡγούμεθα
914 3471 989 3534 ὡς
1040 3470 1174 3542 πρὸς
1229 3471 1326 3542 τὴν
1375 3470 1521 3535 λέξιν
1585 3472 2007 3543 ἑρμηνεύεσθαι,

427 3562 562 3633 πρὸς
584 3562 642 3614 δὲ
668 3560 978 3630 ἀναγωγὴν,
1006 3559 1082 3622 ὡς
1113 3561 1542 3631 προειρήκαμεν,
1574 3561 1682 3613 ἀπὸ
1714 3560 2005 3633 προσώπου

425 3655 628 3726 Κυρίου
660 3652 831 3708 ταῦτα
857 3652 1292 3722 ἀπαγγέλλεσθαι
1321 3652 1418 3724 τὴν
1458 3652 1591 3706 ἰδίαν
1621 3655 1872 3725 κοίμησιν
1911 3654 2006 3708 νῦν

422 3746 799 3817 διηγουμένου,
830 3746 923 3798 καὶ
948 3745 1112 3798 ὕπνον
1135 3745 1227 3798 τὸν
1251 3743 1394 3798 κατὰ
1421 3745 1480 3797 τὸ
1509 3745 1700 3808 πάθος.
1754 3746 2007 3799 Ἐπισκε-

421 3837 654 3907 ψώμεθα
681 3836 746 3907 δὴ
780 3836 1043 3906 πρότερον
1079 3834 1342 3905 διαφορὰν
1377 3835 1685 3906 κοιμήσεως
1710 3836 1803 3889 καὶ
1834 3837 2001 3890 ὕπνου

422 3927 777 3998 νομιζομένου
808 3928 882 3990 ὡς
914 3927 1050 3998 πρὸς
1079 3926 1174 3997 τὴν
1206 3925 1380 3990 λέξιν’
1422 3927 1680 3998 κοίμησιν
1728 3929 1826 3998 μὲν
1860 3925 2002 3981 εἶναι

421 4019 497 4082 ὡς
522 4019 657 4090 πρὸς
683 4019 782 4090 τὴν
811 4017 1063 4089 ἡσυχίαν,
1112 4019 1240 4089 περὶ
1277 4011 1344 4088 ἧς
1379 4019 1472 4071 καὶ
1515 4020 1543 4070 ὁ
1583 4017 1797 4081 Παῦλός
1831 4036 1996 4088 φησι·

427 4130 445 4163 ι
501 4111 707 4174 Πάντες
757 4108 1225 4180 κοιμηθησόμεθα,
1268 4109 1328 4160 οὐ
1373 4110 1571 4173 πάντες
1604 4109 1660 4162 δὲ
1693 4109 1999 4181 ἀλλαγησό-

422 4204 591 4276 μεθα·
635 4224 651 4255 ι
688 4202 854 4256 ὕπνον
889 4202 945 4254 δὲ
974 4202 1158 4255 ἄνεσιν
1189 4201 1290 4270 τῆς
1324 4201 1500 4272 ψυχῆς
1529 4201 1848 4274 χαλωμένης
1890 4204 1999 4257 ἀπὸ

425 4295 512 4348 τοῦ
546 4292 796 4364 σώματος
826 4293 918 4345 καὶ
944 4291 1042 4362 τὴν
1071 4291 1227 4344 τάσιν
1258 4291 1652 4362 ὑπεκλυούσης,
1681 4291 1759 4361 τῷ
1795 4291 1870 4363 μὴ
1905 4293 1999 4360 φέ-

425 4404 535 4456 ρειν
566 4385 908 4438 ἀδιάλειπτον
937 4383 1028 4435 τὸν
1053 4383 1223 4435 τόνον.
1279 4382 1366 4434 Ἐν
1396 4382 1452 4434 δὲ
1484 4381 1560 4452 τῷ
1605 4380 1722 4434 Ἰὼϐ
1763 4382 1996 4453 μάλιστα

421 4479 515 4550 τὴν
547 4477 805 4548 διαφορὰν
851 4474 1216 4547 παρίστασθαι
1254 4473 1705 4545 ὑπολαμϐάνομεν
1749 4474 1836 4527 διὰ
1873 4473 1994 4526 τού-

418 4583 556 4619 των·
599 4584 618 4616 ‹
654 4564 768 4618 Νῦν
810 4564 874 4618 ἂν
916 4563 1197 4634 κοιμηθεὶς
1230 4562 1508 4634 ἡσύχασα·
1547 4561 1802 4626 ὑπνώσας
1829 4563 1886 4615 δὲ
1927 4562 1992 4618 ἂν

417 4656 742 4726 ἐπαυσάμην
784 4653 920 4725 μετὰ
947 4650 1229 4722 βασιλέων,
1261 4651 1560 4722 βουλευτῶν
1585 4651 1706 4722 γῆς.
1745 4670 1763 4702 ι
1810 4651 1994 4721 Ἐδεὴ-

417 4747 588 4818 θημεν
617 4748 672 4801 δὲ
705 4748 803 4818 τῆς
834 4747 1094 4818 διαφορᾶς
1125 4744 1219 4797 τοῦ
1253 4743 1579 4815 κοιμηθῆναι
1616 4744 1708 4798 καὶ
1749 4743 1994 4797 ὑπνῶσαι

414 4839 554 4910 ὑπὲρ
591 4837 684 4891 τοῦ
720 4838 954 4890 συνιέναι
985 4837 1102 4900 πῶς
1130 4836 1194 4890 ἂν
1223 4836 1312 4890 ἐπὶ
1339 4836 1430 4889 τοῦ
1462 4835 1715 4905 Σωτῆρος
1742 4834 1880 4905 αὕτη
1904 4834 1997 4906 δη-

411 4933 575 4984 λοίτο.
605 4927 840 4999 Σύνηθες
871 4926 969 4998 μὲν
995 4926 1104 4997 γὰρ
1127 4925 1226 4994 τὴν
1259 4925 1367 4978 ἀπὸ
1389 4924 1484 4978 τοῦ
1517 4923 1633 4993 βίου
1658 4923 1848 4978 τούτου
1878 4923 1995 4990 ἔξο-

411 5020 500 5074 δον
536 5021 791 5091 κοίμησιν
817 5015 1091 5085 λέγεσθαι,
1127 5015 1236 5068 ἔσθ’
1265 5016 1353 5068 ὅτε
1379 5016 1435 5069 δὲ
1459 5017 1553 5069 καὶ¹
1585 5013 1752 5068 ὕπνον
1779 5016 1990 5086 μεμνή-

416 5111 554 5183 μεθα
583 5109 958 5180 ὀνομάζεσθαι.
1000 5127 1018 5160 ι
1056 5107 1350 5179 Ἐκοιμήθη
1399 5129 1417 5160 ›
1452 5107 1582 5180 γὰρ,
1611 5108 1762 5179 φησὶ,
1798 5126 1816 5158 ι
1856 5106 1992 5178 μετὰ

410 5202 522 5257 τῶν
554 5203 805 5275 πατέρων
831 5201 1023 5256 αὑτοῦ·
1069 5220 1086 5252 ι
1122 5202 1236 5265 καὶ,
1267 5219 1284 5251 ι
1316 5201 1491 5255 Πολλὰ
1522 5203 1752 5272 σώματα
1773 5199 1879 5252 τῶν
1905 5214 1996 5252 κε-

411 5295 763 5366 κοιμημένων
794 5294 964 5363 ἁγίων
990 5295 1300 5367 ἠγέρθησαν
1352 5296 1432 5359 είς
1473 5295 1572 5365 τὴν
1601 5293 1763 5361 ἁγίαν
1804 5292 1981 5355 πόλιν,

410 5387 506 5442 καὶ
539 5385 968 5456 ἐνεφανίσθησαν
1015 5385 1262 5450 πολλοῖς’
1309 5405 1327 5438 ι
1370 5387 1487 5449 καὶ,
1527 5405 1545 5438 ι
1599 5385 1736 5438 Νυνὶ
1765 5384 1822 5438 δὲ
1855 5384 1985 5454 ἐγή-

408 5495 604 5550 γερται
637 5477 870 5548 Χριστὸς
907 5479 971 5531 ὲκ
995 5477 1223 5548 νεκρῶν,
1263 5478 1484 5551 ἀπαρχὴ
1509 5479 1616 5532 τῶν
1651 5477 1985 5550 κεκοιμημέ-

2035 3147 2082 3209 C

2126 1929 2248 1967 cmn
2302 1912 2520 1967 Davidis
2581 1913 2808 1968 historia
2862 1915 3116 1983 fugientis
3154 1932 3184 1970 a
3234 1916 3371 1972 facie
3419 1919 3700 1982 Absalom,

2123 2007 2170 2060 si
2227 2005 2565 2060 voluerimus
2622 2015 2848 2076 propter
2901 2006 3138 2059 litteram
3207 2021 3431 2061 servare
3483 2008 3701 2064 Davidis

2122 2111 2412 2167 personam
2439 2137 2455 2162 ,
2507 2106 2564 2152 ct
2609 2111 2894 2168 propterea
2948 2098 3138 2166 pudori
3194 2099 3348 2154 nobis
3392 2101 3464 2156 sit
3504 2116 3702 2172 cogere

2123 2189 2326 2244 invitos
2371 2191 2513 2245 hanc
2552 2190 2836 2246 historiam
2872 2190 2936 2244 ad
2960 2191 3259 2259 spiritalem
3291 2207 3512 2247 sensum
3539 2210 3700 2248 revo-

2122 2293 2280 2344 care,
2339 2290 2394 2334 et
2448 2282 2673 2335 omnino
2735 2283 2888 2336 fateri
2941 2284 3055 2338 haec
3100 2299 3166 2337 ex
3218 2298 3447 2353 persona
3494 2285 3698 2339 Christi

2122 2371 2264 2425 dicta
2299 2386 2438 2427 esse.
2473 2372 2551 2427 Ne
2597 2383 2775 2428 tamen
2827 2374 3114 2429 videamur
3167 2389 3476 2430 sermonem
3533 2377 3700 2430 dere-

2121 2461 2368 2531 linquere
2395 2464 2486 2533 qui
2519 2466 2822 2519 secundum
2851 2463 3088 2519 litteram
3121 2468 3328 2521 schari
3356 2476 3554 2536 potest,
3583 2467 3698 2520 haec

2120 2573 2336 2627 quoque
2380 2557 2603 2612 dicenda
2639 2567 2766 2612 sunt
2794 2577 2806 2612 :
2843 2557 3046 2628 Nempe
3078 2560 3427 2627 semetipsum
3459 2559 3542 2612 his
3573 2573 3696 2612 vcr-

2121 2649 2202 2703 bis
2232 2665 2494 2706 accusare
2525 2649 2805 2715 Davidem,
2853 2663 2918 2703 co
2969 2651 3115 2720 quod
3161 2651 3314 2721 regni
3356 2665 3542 2704 curam
3586 2664 3694 2701 non

2120 2739 2402 2802 habuerit,
2447 2749 2500 2792 et
2535 2739 2605 2792 ita
2647 2737 2810 2792 ofﬁcii
2855 2739 3130 2808 negligens
3183 2740 3366 2806 fuerit,
3417 2751 3475 2794 ut
3521 2738 3695 2794 rebel-

2119 2827 2264 2881 landi
2309 2829 2646 2884 occasionem
2695 2836 2886 2881 nactus
2925 2829 2997 2881 sit
3041 2830 3319 2892 Absalom,
3357 2839 3408 2884 et
3440 2830 3563 2884 inde
3593 2830 3696 2885 has

2116 2919 2165 2972 ei
2227 2919 2502 2972 molestias
2553 2918 2826 2986 pariendi.
2879 2919 3008 2972 Mihi
3067 2920 3236 2983 enim,
3303 2922 3499 2988 inquit,
3567 2922 3693 2978 dor-

2117 3010 2307 3062 mienti
2357 3017 2412 3062 et
2461 3019 2716 3075 soporato
2760 3009 2872 3061 lucc
2915 3010 3286 3077 contigerunt.
3329 3012 3433 3065 Sed
3473 3023 3691 3067 erectus

2115 3112 2258 3157 sum.
2285 3099 2410 3166 quia
2448 3097 2706 3150 Dominus
2751 3097 3011 3165 suscipiet
3063 3113 3168 3163 me,
3221 3110 3274 3153 et
3318 3109 3534 3155 erectus
3580 3119 3687 3157 non

2113 3188 2276 3258 552
2315 3189 2540 3251 timebo,
2577 3187 2792 3242 etiamsi
2827 3187 3016 3240 decem
3066 3188 3231 3242 millia
3280 3191 3458 3258 populi
3511 3191 3690 3245 insur-

2113 3290 2238 3349 gant
2277 3279 2564 3333 adversum
2601 3294 2706 3332 me.
2746 3279 2838 3333 Sic
2867 3280 2986 3333 sine
3017 3278 3122 3332 ulla
3165 3281 3239 3344 vi,
3290 3295 3410 3350 qua?
3450 3297 3689 3354 sequun-

2116 3380 2207 3426 tur
2237 3370 2571 3425 videbuntur
2596 3371 2804 3426 servari
2833 3387 2848 3434 ;
2900 3380 2954 3424 et
2991 3369 3105 3424 haec
3153 3372 3393 3440 quidem,
3424 3384 3686 3443 quantum

2111 3465 2175 3518 ad
2214 3465 2446 3520 litteram
2487 3466 2704 3532 attinet,
2754 3465 3087 3518 arbitramur
3132 3467 3412 3534 explicari,
3459 3468 3550 3522 sed
3598 3483 3688 3522 se-

2111 3556 2348 3610 cundum
2402 3557 2703 3626 spiritalem
2757 3572 2975 3612 sensum
3033 3573 3099 3613 ex
3163 3573 3396 3629 persona
3467 3559 3683 3614 Domini

2108 3648 2240 3713 dici,
2274 3649 2367 3719 qui
2402 3648 2681 3720 propriam
2726 3664 2878 3704 suam
2933 3651 3323 3706 dormitionem
3375 3659 3582 3714 narrat,
3631 3657 3688 3705 et

2107 3756 2359 3796 somnum
2393 3756 2553 3810 quem
2608 3748 2853 3809 tempore
2889 3741 3162 3806 passionis
3212 3741 3423 3795 habuit.
3463 3740 3684 3810 Expen-

2105 3833 2302 3887 damus
2321 3841 2505 3887 autem
2539 3832 2690 3902 prius
2725 3833 3074 3888 dormitionis
3101 3832 3394 3888 discrimen
3423 3841 3479 3887 et
3503 3834 3680 3887 somni

2104 3925 2402 3979 secundum
2439 3923 2675 3978 litteram
2703 3925 2933 3993 accepti.
2982 3923 3245 3978 Dormitio
3276 3934 3357 3978 est
3385 3939 3484 3978 ceu
3512 3923 3682 3980 silen-

2106 4017 2238 4070 tium
2295 4017 2361 4070 de
2407 4031 2514 4084 quo
2559 4015 2758 4069 Paulus
2797 4016 2871 4068 ait
2901 4016 2983 4068 ⁷⁶ι
3025 4033 3043 4064 ι
3080 4014 3281 4070 Omnes
3321 4014 3688 4080 dormiemus,

2103 4109 2195 4164 sed
2227 4106 3009 4171 nonomnesimmutabimur;
3049 4125 3069 4159 ι
3106 4121 3330 4162 somnus
3366 4115 3449 4160 est
3480 4107 3680 4162 animas

2109 4196 2357 4250 remissio
2390 4211 2418 4249 a
2450 4210 2683 4265 corpore
2711 4195 2986 4260 relaxatae,
3027 4204 3080 4250 et
3113 4197 3471 4250 intensionem
3499 4197 3677 4252 seclu-

2103 4286 2303 4351 dentis,
2347 4287 2490 4356 quod
2523 4285 2920 4342 iudesinentem
2954 4297 3200 4342 tenorem
3237 4302 3343 4341 non
3374 4286 3536 4342 ferat.
3561 4287 3676 4343 Hoc

2099 4376 2391 4430 discrimen
2445 4377 2496 4429 in
2545 4375 2646 4432 Job
2701 4386 2955 4446 putamus
3007 4379 3148 4432 tradi
3200 4378 3284 4431 his
3333 4377 3514 4432 verbis
3565 4378 3610 4408 "
3654 4393 3672 4432 :

2107 4484 2125 4516 ι
2158 4465 2309 4520 Nunc
2351 4467 2537 4533 utique
2573 4468 2846 4524 dormiens
2894 4469 3257 4538 quiescerem,
3312 4475 3367 4522 et
3419 4481 3670 4522 somnum

2099 4559 2320 4627 capiens
2379 4558 2789 4627 requiescerent
2838 4575 2962 4614 cum
3026 4563 3286 4626 regibus,
3345 4559 3674 4614 consiliariis

2097 4661 2276 4706 terrae.
2309 4670 2328 4704 ι
2379 4649 2524 4721 Opus
2583 4663 2764 4706 autem
2818 4653 2973 4708 nobis
3024 4651 3127 4706 fuit
3158 4652 3474 4706 discrimine
3519 4652 3665 4721 quod

2092 4750 2176 4794 est
2211 4741 2374 4805 inter,
2423 4761 2440 4792 ι
2475 4743 2736 4806 dormire,
2775 4761 2792 4793 ι
2822 4752 2895 4810 et,
2927 4761 2946 4793 ι
2983 4757 3232 4795 somnum
3285 4756 3510 4811 capere,
3547 4759 3568 4795 ι
3609 4752 3671 4796 ut

2095 4831 2464 4902 intelligamus
2523 4833 2796 4904 quomodo
2855 4835 2905 4888 id
2969 4835 3021 4888 in
3093 4832 3378 4889 Salvatore
3452 4835 3667 4889 ostendi

2094 4927 2278 4988 queat.
2332 4919 2480 4974 Solet
2532 4923 2678 4975 enim
2746 4921 2816 4976 ab
2870 4922 2975 4976 hac
3025 4922 3135 4976 vita
3187 4923 3367 4977 exitus
3416 4921 3671 4978 dormitio

2093 5013 2222 5078 dici,
2259 5012 2554 5082 aliquando
2586 5013 2750 5067 etiam
2802 5027 3058 5068 somnum
3108 5013 3370 5082 appellari
3420 5013 3673 5066 memini-

2096 5121 2236 5161 mus.
2271 5124 2288 5157 ι
2326 5104 2593 5159 Dormivit
2623 5123 2641 5156 ι
2673 5104 2842 5169 enim,
2894 5104 3067 5173 inquit
3097 5104 3164 5167 ⁷⁸,
3204 5123 3222 5154 ι
3248 5119 3369 5158 cum
3425 5102 3672 5173 patribus

2096 5197 2244 5263 suis;
2284 5216 2302 5248 ι
2339 5205 2394 5252 et
2426 5198 2470 5230 "
2501 5213 2517 5253 :
2558 5214 2576 5247 ι
2612 5196 2779 5251 Multa
2816 5210 3045 5266 corpora
3074 5204 3387 5250 sanctorum
3416 5195 3508 5263 qui
3541 5193 3670 5247 dor-

2093 5290 2344 5356 mierant,
2397 5298 2814 5346 resurrexerunt
2866 5289 2919 5343 in
2963 5297 3208 5343 sanctam
3263 5287 3560 5350 civitatem,
3612 5292 3667 5337 et

2092 5395 2462 5452 apparuerunt
2500 5383 2706 5441 multis.
2745 5402 2764 5436 ι
2801 5383 2909 5437 Et:
2955 5401 2973 5434 ι
3005 5378 3326 5436 Resurrexit
3354 5376 3600 5429 Christus
3633 5389 3666 5427 a

2093 5473 2346 5540 mortuis,
2388 5474 2640 5543 primitia:
2671 5473 3101 5537 dormientium;
3145 5487 3165 5522 ι
3213 5475 3268 5522 et
3317 5465 3364 5497 "’
3390 5484 3434 5523 ει
3456 5463 3660 5519 Omnes

478 5595 525 5626 "
550 5593 792 5655 Provnx,
817 5593 869 5647 4.
943 5594 989 5626 ⁷⁸
1019 5593 1161 5649 Psal.
1195 5609 1310 5658 xix,
1334 5594 1387 5648 7.
1458 5595 1503 5626 ⁷⁸
1524 5593 1542 5649 1
1564 5594 1692 5649 Cor.
1718 5609 1810 5660 xv,
1833 5593 1926 5661 ‘20,
1957 5591 2047 5648 5i.
2125 5591 2170 5625 ⁷⁷
2193 5589 2314 5648 Job.
2341 5607 2422 5648 tu.
2500 5594 2546 5627 τε
2572 5592 2708 5652 Gen.
2741 5607 2910 5658 XLVII,
2937 5588 3027 5644 '50.
3086 5580 3339 5638 "Matth.
3366 5591 3538 5646 urit,
3565 5576 3659 5638 51

411 5666 456 5697 ⁸⁰
485 5667 504 5718 1
531 5666 656 5719 Cor.
695 5681 782 5727 xv,
806 5664 896 5718 ‘20.

431 5749 434 5751 ’
479 5775 590 5846 (86)
627 5774 816 5845 Ἡμεῖς
844 5773 960 5846 μὲν
991 5774 1311 5846 ἡγούμεθα,
1343 5781 1450 5831 etc.
1484 5771 1744 5830 Indidem.
