4124 6430
423 359 566 417 1127

426 571 643 639 quidem
701 569 837 621 idem
901 574 984 619 est
1044 564 1308 628 dormire,
1364 576 1428 613 ac
1481 575 1731 613 somnum
1782 571 2000 624 capere.

429 683 448 714 ι
485 660 640 714 Mulli
682 659 748 712 dc
777 657 862 711 his
903 656 994 725 qui
1041 671 1293 710 somnum
1327 653 1551 721 capiunt
1594 652 1644 704 in
1696 661 1855 702 terrae
1886 647 2006 717 pul-

423 764 574 812 vero,
608 746 1042 817 evigilabunt".
1085 764 1102 797 ι
1153 743 1254 810 Qui
1305 743 1459 797 locus
1511 738 1873 796 conlerendus
1921 745 2006 792 est

425 860 548 898 cum
599 843 667 897 iis
717 857 838 911 quae
891 840 1032 894 dicta
1064 847 1192 892 sunt
1236 839 1302 891 de
1337 834 1546 891 sanctis
1585 833 2002 889 dormientibus.

423 935 628 989 Przeter
655 935 859 989 exitum
897 946 961 985 ex
997 932 1100 986 hac
1123 931 1256 992 vita,
1289 927 1557 999 signiﬁcat
1579 925 1741 980 etiam
1783 937 2007 978 somnus

432 1039 705 1095 torporem
746 1026 959 1088 auium,
997 1037 1118 1075 cum
1167 1019 1400 1072 attentio
1448 1017 1726 1087 vigilantia
1771 1016 2004 1070 dicatur.

412 1096 636 1170 i'Volens
691 1116 835 1166 enim
881 1128 978 1166 nos
1025 1111 1242 1164 divinus
1265 1123 1444 1164 sermo
1485 1121 1513 1160 a
1542 1117 1760 1176 torpore
1794 1121 2005 1172 arcere,

433 1212 508 1264 ait
535 1209 582 1240 "
613 1225 626 1262 :
681 1228 698 1258 ι
736 1205 814 1262 Ne
842 1206 939 1258 des
967 1202 1144 1257 oculis
1188 1199 1296 1256 tuis
1345 1213 1619 1264 somnum,
1651 1205 1706 1252 et
1735 1197 2008 1267 palpebris

432 1301 542 1353 tuis
566 1296 1030 1357 dorntitationem,
1063 1302 1121 1346 ut
1159 1301 1418 1359 tauquam
1457 1287 1676 1342 damula
1710 1289 1946 1342 scrveris
1977 1303 2005 1342 a

427 1389 662 1460 laqueis,
715 1399 769 1441 et
815 1396 1075 1454 tanquam
1125 1382 1242 1434 avis
1273 1395 1302 1434 a
1340 1390 1473 1435 rete.
1517 1398 1536 1431 ›
1595 1379 1664 1432 Ει
1719 1379 2009 1432 ostendere

426 1486 622 1539 volens
651 1481 925 1550 Propheta
961 1487 1232 1546 torporem
1256 1482 1310 1527 et
1339 1473 1627 1540 segnitiem
1659 1481 2004 1542 peccatorum

429 1577 506 1631 ait
531 1574 578 1605 ⁸³
615 1592 628 1627 :
686 1590 704 1623 ι
756 1571 1106 1625 Dormierunt
1140 1582 1394 1623 somnum
1429 1579 1609 1626 suum,
1663 1571 1720 1615 et
1764 1561 1896 1615 nihil
1929 1561 2005 1613 in-

425 1672 714 1719 venerunt.
767 1681 784 1712 ι
836 1660 904 1714 Ει
954 1659 1082 1714 illud
1121 1659 1190 1724 ⁸⁸,
1240 1677 1260 1710 ι
1317 1658 1493 1727 Surge
1537 1654 1630 1724 qui
1682 1652 1912 1714 dormis,
1955 1660 2009 1706 et

426 1769 655 1824 exsurge
706 1768 734 1806 a
783 1753 1035 1818 mortuis,
1080 1759 1133 1806 et
1189 1751 1468 1805 illucescet
1509 1747 1605 1801 tibi
1659 1744 1930 1798 Christus.
1979 1762 2002 1794 ι

424 1843 563 1899 Huic
607 1859 797 1899 somno
827 1843 918 1911 qui
957 1841 1089 1896 nihil
1120 1841 1267 1895 aliud
1310 1849 1393 1895 est
1436 1854 1597 1908 quam
1631 1848 1838 1906 torpor,
1877 1850 2008 1889 ana-

423 1937 563 2005 logia
608 1935 840 2006 quadam
884 1935 1176 2003 respondet
1225 1931 1538 1987 dormitatio
1599 1930 1798 1983 animae
1846 1941 2007 1996 quam

424 2027 673 2099 prohibet
729 2025 988 2080 Salomon
1019 2063 1036 2089 ,
1089 2024 1292 2079 docens
1337 2037 1444 2078 non
1510 2037 1763 2078 somnum
1832 2019 2007 2076 solum

427 2119 721 2173 arcendum
746 2132 868 2172 esse
890 2117 959 2170 ab
985 2115 1185 2180 oculis,
1210 2115 1306 2170 sed
1339 2115 1505 2168 ctiam
1546 2113 2006 2168 dormitatiouetn.

425 2211 565 2276 Quin
596 2220 653 2263 et
671 2207 959 2263 Psalmista
1013 2208 1065 2261 in
1111 2207 1445 2273 vituperiunt
1491 2205 1773 2274 accipiens
1809 2204 2012 2260 dormi-

426 2303 649 2357 tationis
696 2315 915 2364 nomen,
970 2300 1047 2353 ait
1081 2299 1128 2331 “'
1169 2314 1184 2353 :
1239 2317 1257 2350 ι
1304 2297 1758 2353 Dortnitaverunt
1815 2311 2007 2353 omnes

424 2395 514 2462 qui
544 2392 916 2445 ascenderunt
947 2406 1137 2460 equos.
1164 2410 1188 2444 ι
1229 2391 1472 2444 Dicimus
1504 2403 1634 2460 ergo
1663 2389 2002 2446 Salvatorem

422 2494 666 2539 rostrum
698 2481 880 2538 Jesnm
907 2483 1204 2546 Christum,
1233 2481 1453 2552 quando
1485 2494 1830 2536 communem
1860 2494 2008 2534 mor-

423 2587 532 2632 tetn
560 2592 663 2646 pro
696 2576 855 2630 nobis
881 2574 1310 2639 sustinuit,tunc
1342 2574 1653 2638 dormiisse,
1685 2582 1998 2642 soporatum

418 2681 552 2722 vero
581 2666 770 2729 fuisse,
801 2681 922 2720 cum
949 2667 1128 2718 anima
1166 2665 1286 2734 ejus
1313 2681 1340 2716 a
1371 2679 1598 2733 corpore
1625 2675 1873 2732 separata
1902 2671 2005 2717 est.

426 2759 888 2829 Quemadmodum
941 2757 1086 2812 enim
1113 2757 1206 2826 qui
1236 2771 1486 2811 somnum
1515 2756 1760 2824 capiunt,
1791 2754 2009 2822 jacentc

423 2865 658 2921 corpore
691 2861 984 2919 operantur
1024 2850 1321 2904 secundum
1370 2856 1626 2913 mentem,
1664 2846 2009 2917 imaginatio-

425 2943 586 2998 nibus
625 2944 948 3012 quibusdam
993 2943 1411 2997 occursantibus
1444 2941 1718 3006 obsecuti,
1752 2951 1807 2995 et
1842 2949 2010 3008 agunt

423 3033 624 3104 aliquid
660 3034 866 3102 absque
892 3033 1003 3088 ullo
1025 3033 1271 3102 corporis
1299 3033 1622 3098 ministerio,
1645 3047 1754 3103 quo
1787 3048 1892 3088 non
1923 3034 2006 3086 in-

1805 347 1894 401 EX
1930 342 2234 401 ORIGENE

428 478 780 533 dortnietnus.
823 496 841 527 ι
893 473 1129 528 Somnus
1174 471 1338 525 ctiam
1378 469 1714 539 appellatur,
1754 467 1997 535 quamlu-

2112 483 2240 518 νων’
2283 486 2301 516 ι
2343 469 2454 530 καὶ,
2503 490 2518 518 ι
2564 468 2766 531 Πάντες

3561 355 3700 409 “‘28

2809 469 3289 540 κοιμηθησόμεθα·
3357 490 3373 517 ι
3413 469 3585 523 ὕπνον
3619 472 3702 535 δὲ,

2107 556 2293 628 ἐπειδὴ
2326 560 2522 612 ταυτόν
2555 562 2671 613 ἐστι
2705 563 2767 614 τὸ
2803 562 3086 614 καθεύδειν
3119 561 3197 632 τῷ
3234 560 3456 614 ύπνοῦν·
3503 581 3521 612 ι
3564 563 3702 617 Πολ-

2105 648 2187 702 λοὶ
2213 649 2322 702 τῶν
2348 650 2718 705 καθευδόντων
2752 654 2810 705 ἐν
2838 651 2942 723 γῆς
2972 654 3188 724 χώματι
3220 654 3640 724 ἀναστήσονται.
3673 673 3697 706 ι

2106 741 2433 812 Συγκριτέον
2459 742 2515 795 δὲ
2547 745 2660 807 τοῖς
2692 744 3005 816 λεγομένοις
3048 746 3471 817 κεκοιμημένων
3505 746 3700 814 ἁγίων.

2109 832 2372 903 Σημαίνει
2411 833 2660 904 μέντοιγε
2698 836 2791 890 καὶ
2826 837 2855 890 6
2884 835 3050 900 ὕπνος
3084 837 3255 908 χωρίς
3292 838 3392 907 τῆς
3433 837 3576 892 κατά
3601 837 3704 910 τὴν

2108 925 2284 989 ἔξοδον
2309 925 2403 977 τοῦ
2430 923 2547 995 βίου
2572 925 2669 997 τὴν
2691 927 3023 997 ἀπροσεξίαν
3052 927 3153 997 τῆς
3170 919 3348 998 ψυχῆς
3364 943 3378 958 ⁸
3409 928 3505 998 τῆς
3531 943 3704 998 προσ-

2107 1017 2240 1088 οχῆς
2290 1018 2714 1089 έγρηγορήσεως
2764 1020 3126 1090 καλουμένης.
3175 1019 3543 1073 Φυλάττεσθαι
3591 1019 3702 1090 γὰρ

2107 1110 2256 1180 ἡμᾶς
2287 1108 2385 1178 τὴν
2415 1107 2743 1178 ἀπροσεξίαν
2775 1107 3099 1180 βουλόμενος
3124 1111 3152 1162 6
3179 1109 3322 1173 θεῖος
3352 1109 3510 1177 λόγος
3542 1111 3698 1180 φησι·

2115 1221 2134 1252 ι
2179 1202 2269 1273 Μὴ
2300 1201 2404 1272 δῷς
2439 1201 2607 1255 ὕπνον
2643 1204 2756 1265 σοῖς
2784 1202 3016 1273 ὄμμασι,
3056 1202 3192 1274 μηδὲ
3232 1202 3542 1272 νυσταγμὺν
3586 1204 3700 1264 σοῖς

2111 1293 2419 1364 βλεφάροις,
2449 1294 2536 1346 ἵνα
2586 1292 2733 1367 σώζῃ
2765 1293 2954 1366 ῶσπερ
2982 1294 3182 1364 δορκάς
3223 1295 3289 1347 ὲκ
3329 1293 3571 1366 βρόχων,
3603 1292 3700 1346 xa'l.

2109 1386 2299 1459 ὥσπερ
2329 1388 2514 1458 ὄρνεον
2545 1388 2610 1438 ἐκ
2652 1386 2898 1454 παγίδος.
2950 1405 2968 1437 ι
3007 1389 3119 1440 Καὶ
3157 1386 3480 1456 βουλόμενος
3515 1401 3697 1457 παρα-

2112 1480 2309 1550 στῆσαι
2353 1479 2414 1531 τὸ
2454 1476 2652 1549 χαῦνον
2702 1480 2798 1532 καὶ
2831 1477 3114 1549 ἀνειμένον
3159 1478 3270 1531 τῶν
3301 1476 3643 1547 ἁμαρτωλῶν
3671 1479 3701 1530 6

2111 1572 2406 1643 Προφήτης
2440 1569 2625 1641 φησίν·
2657 1587 2673 1618 ι
2709 1568 3004 1621 ’Ύπνωσαν
3039 1567 3204 1620 ὕπνον
3227 1566 3429 1631 αὐτῶν,
3468 1568 3560 1619 καὶ
3600 1566 3700 1636 οὐχ

2112 1657 2267 1733 εὕρον
2312 1661 2462 1714 οὐδέν
2487 1678 2500 1691 ·
2554 1681 2572 1713 ι
2613 1662 2706 1715 καὶ
2749 1661 2830 1723 τὸ,
2886 1680 2904 1712 ι
2951 1660 3175 1731 Ἔγειρε
3207 1663 3234 1712 6
3266 1658 3571 1721 καθεύδων,
3604 1657 3700 1712 καὶ

2113 1755 2319 1808 ἀνάστα
2361 1755 2424 1806 ἐκ
2467 1753 2576 1807 τῶν
2626 1753 2858 1824 νεκρῶν,
2907 1755 3000 1807 καὶ
3044 1751 3335 1821 ἐπιφαύσει
3371 1768 3452 1804 σοι
3499 1753 3527 1804 6
3560 1752 3701 1821 Χρι-

2115 1846 2256 1908 στός.
2309 1863 2329 1897 ι
2385 1845 2669 1912 Ἀνάλογον
2709 1845 2766 1898 δὲ
2793 1843 2870 1914 τῷ
2902 1843 3055 1914 ὕπνῳ
3084 1841 3162 1914 τῷ
3191 1841 3334 1895 κατά
3365 1841 3465 1911 τῆν
3498 1842 3701 1911 ἀπροσ-

2109 1935 2258 2000 εξίαν
2309 1937 2424 1990 ἐστὶ
2453 1936 2762 2008 νυσταγμδς
2799 1935 2977 2005 ψυχῆς
3013 1933 3072 1987 ὃν
3113 1934 3444 2006 ἀπαγορεύει
3476 1934 3504 1986 6
3537 1931 3695 1984 Σολο-

2114 2031 2254 2099 μῶν,
2284 2029 2343 2082 ού
2379 2029 2537 2099 μόνον
2571 2029 2738 2083 ὕπνον
2768 2028 3033 2081 διδάσκων
3065 2026 3214 2097 ἡμᾶς
3249 2025 3325 2096 μὴ
3350 2025 3552 2078 διδόναι
3585 2026 3698 2086 τοῖς

2107 2119 2374 2190 ὄμμασιν,
2402 2119 2546 2172 ἀλλά
2575 2119 2671 2172 καὶ
2697 2117 3027 2188 νυσταγμόν.
3059 2117 3166 2168 Καὶ
3194 2115 3352 2178 αὐτὸς
3367 2117 3464 2174 δὲὸ
3492 2121 3700 2185 Ὕμνῳ-

2111 2209 2220 2272 δὸς,
2239 2211 2330 2262 ἐπὶ
2351 2209 2520 2280 ψόγου
2539 2209 2752 2263 τάσσων
2766 2210 2826 2262 τὸ
2851 2209 2941 2262 τοῦ
2962 2206 3271 2279 νυσταγμοῦ
3287 2206 3479 2276 ὄνομα,
3507 2205 3692 2274 φησίν⁹

2117 2321 2135 2352 ι
2190 2300 2517 2368 Ἐνύσταξαν
2551 2301 2750 2364 πάντες
2775 2303 2822 2353 οἱ
2851 2298 3236 2370 ἐπιόεόηκότες
3265 2298 3392 2360 τοὺς
3416 2298 3635 2360 ἵππους.
3670 2316 3690 2346 ι

2108 2395 2290 2466 Φαμὲν
2323 2395 2500 2448 τοίνυν
2530 2395 2622 2447 τὸν
2672 2395 2850 2448 κοινὸν
2884 2393 3113 2446 θάνατον
3145 2392 3202 2445 ὃν
3251 2391 3520 2444 ἀπέθανεν
3554 2390 3698 2460 ὑπὲρ

2109 2487 2266 2559 ἡμῶν
2299 2486 2629 2557 κοιμηθῆναι
2650 2485 2740 2539 τὸν
2770 2486 2997 2556 Σωτῆρα
3019 2485 3174 2556 ήμῶν
3210 2483 3414 2555 Ἰησοῦν
3447 2481 3537 2535 τὸν
3563 2483 3700 2553 Χρι-

2113 2579 2258 2647 στὸν,
2303 2576 2549 2632 ὑπνῶσαι
2583 2578 2660 2642 δὲ,
2697 2577 3060 2649 χωρισθείσης
3088 2577 3186 2647 τῆς
3225 2575 3406 2646 ψυχῆς
3453 2574 3561 2628 ἀπὸ
3600 2574 3696 2627 τοῦ

2111 2665 2384 2738 σώματος.
2422 2665 2689 2737 Καθάπερ
2728 2665 2837 2735 γὰρ
2872 2668 2921 2718 οἱ
2965 2664 3258 2729 ὑπνοῦντες
3299 2665 3552 2735 κειμένου
3597 2663 3696 2716 τοῦ

2113 2758 2364 2830 σώματος
2380 2758 2658 2832 ἐνεργοῦσι
2686 2758 2825 2812 κατὰ
2841 2757 3038 2828 ψυχὴν,
3064 2758 3387 2826 φαντασίαις
3405 2758 3515 2810 τισὶ
3530 2775 3698 2829 προσ-

2109 2851 2441 2916 πιπτούσαις
2481 2852 2767 2922 ἑπόμενοι,
2814 2851 2911 2904 καὶ
2955 2850 3256 2921 πράττουσί
3295 2867 3345 2902 τι
3393 2850 3512 2903 κατ’
3545 2850 3696 2903 οὐδὲν

2108 2947 2201 3002 τοῦ
2251 2947 2502 3019 σώματος
2556 2947 2830 3018 δεόμενοιο
2879 2945 2970 2999 τὸν
3016 2944 3178 2998 αὑτὸν
3225 2943 3422 3016 τρόπον
3470 2943 3570 2997 οὐκ
3615 2946 3697 3007 εἰς

2111 3041 2288 3094 πάντα
2314 3040 2412 3110 τῆς
2449 3039 2654 3101 εἰκόνος
2685 3035 3110 3108 ὲξομοιουμένης
3143 3035 3318 3106 τούτῳ
3349 3030 3411 3088 οῦ
3441 3036 3586 3088 ἐστιν
3621 3037 3695 3087 εἰ·

423 3129 639 3199 digent;
671 3123 830 3197 553
865 3127 961 3191 sic,
1006 3126 1129 3182 licet
1179 3128 1231 3181 in
1263 3128 1518 3182 omnibus
1550 3142 1655 3180 non
1710 3127 1906 3181 similis
1930 3126 2004 3181 sit

2112 3132 2240 3197 κὼν,
2277 3130 2390 3184 ἀλλ’
2425 3131 2512 3182 ἵνα
2543 3129 2756 3200 δηλωθῇ
2803 3131 2836 3199 ή
2877 3126 3123 3200 ἐνέργεια
3223 3127 3390 3198 χωρὶς
3423 3125 3687 3198 σώματος,

425 3217 603 3285 imago
635 3219 681 3270 ei
711 3217 868 3282 cujus
891 3225 974 3270 est
1006 3217 1203 3284 imago,
1240 3225 1613 3270 verumtamen
1647 3225 1703 3268 ut
1738 3219 1854 3269 sine
1879 3229 2004 3268 cor-

423 3321 553 3378 pore
585 3308 763 3360 anima
799 3322 916 3374 quae
956 3308 1022 3361 ab
1061 3307 1178 3375 ipso
1224 3317 1478 3375 separata
1508 3315 1615 3371 est,
1653 3315 1707 3358 et
1761 3319 2008 3359 somnum

426 3401 591 3470 capit,
634 3399 954 3454 ostendatur
1000 3399 1239 3466 operari,
1279 3410 1565 3468 postquam
1618 3399 1826 3453 dictum
1875 3408 2005 3452 cst:

428 3510 450 3544 ι
501 3491 612 3561 Ego
647 3489 902 3553 dormivi,
942 3507 960 3542 ι
986 3491 1223 3552 additur,
1256 3507 1274 3540 ι
1311 3499 1364 3543 et
1393 3498 1682 3558 soporatus
1715 3504 1854 3543 sum.
1885 3507 1904 3539 ι
1947 3488 2012 3543 Et

425 3581 555 3650 quid
591 3580 787 3634 mirum
841 3581 885 3634 si
915 3577 1178 3646 ejusmodi
1224 3593 1446 3634 somnus
1487 3581 1542 3633 in
1577 3578 1860 3633 Salvatore
1903 3595 2006 3633 non

429 3671 654 3726 omnino
687 3672 882 3724 animm
915 3671 1084 3724 otium
1121 3671 1244 3733 fuit,
1283 3670 1376 3725 sed
1403 3671 1635 3726 cessatio
1663 3670 1906 3738 quaedam
1943 3672 2010 3727 ab

424 3777 527 3816 usu
566 3761 820 3831 corporei
863 3761 1389 3831 instrumenti‘Hpsa
1434 3761 1633 3816 etenitn
1675 3777 1770 3829 per
1807 3775 1868 3815 se
1911 3775 2009 3815 sua

424 3868 652 3908 munera
704 3853 842 3919 obit,
895 3852 1334 3922 quandoquidem
1390 3853 1588 3908 idem:
1636 3849 1772 3907 Jobo
1803 3852 2006 3906 dictum

423 3945 750 4000 ostenditur.
776 3963 794 3996 ι
818 3943 996 4012 Quare
1019 3962 1036 3995 ι
1056 3945 1222 4008 enint,
1245 3943 1500 4013 inquit“,
1525 3960 1543 3994 ι
1564 3957 1668 3997 ηοη
1688 3957 1752 3998 ex
1772 3952 1926 3997 utero
1955 3943 2006 3996 itt

425 4047 836 4092 monumentum
872 4039 979 4092 abii
1004 4036 1199 4093 ?Nu-tc
1229 4039 1416 4106 utique
1441 4039 1716 4091 dormiens
1753 4037 2008 4106 quiesce-

424 4143 562 4192 rem,
598 4141 847 4183 somnum
873 4138 1054 4182 autem
1089 4129 1312 4196 capiens
1342 4128 1744 4198 requiescerem
1772 4141 1894 4181 cum
1923 4138 2009 4178 ne-

425 4224 615 4292 gibus,
652 4221 986 4278 consiliariis
1021 4233 1212 4288 terrae,
1251 4221 1342 4291 qui
1388 4220 1766 4290 gloriabantur
1795 4219 1847 4272 in
1883 4217 2006 4288 εἰει-

425 4314 551 4377 diis,
581 4323 674 4367 aut
717 4328 837 4368 cum
884 4313 1221 4384 principibus
1249 4313 1448 4384 quibus
1492 4313 1719 4367 multtun
1761 4310 1862 4365 l‘uit
1908 4325 2007 4363 au-

425 4422 568 4459 rum.
609 4425 627 4457 ι
657 4405 771 4462 Nisi
818 4407 964 4461 enim
1000 4407 1236 4476 aliquam
1273 4407 1470 4460 anima:
1521 4404 1890 4473 operationem
1925 4403 2008 4456 in-

428 4497 696 4566 telligeret
737 4499 789 4551 in
837 4511 943 4566 qua
992 4497 1261 4552 bonorum
1321 4494 1681 4564 quorumdam
1732 4492 2005 4561 particeps
2039 4489 2086 4546 D

428 4587 623 4642 eli‘ecta
654 4630 670 4654 ,
705 4603 831 4642 cum
869 4589 1017 4644 hisce
1063 4588 1453 4657 requiesceret,
1495 4601 1600 4640 non
1632 4585 1821 4654 utique
1859 4585 2006 4639 dice-

432 4691 512 4735 ret
545 4697 602 4732 ει
647 4680 910 4734 Somnum
938 4681 1155 4750 capiens
1183 4681 1577 4746 requiescerent
1611 4693 1734 4732 cum
1767 4675 2003 4747 regibus.

431 4773 759 4828 censiliariis
792 4783 971 4837 terrae,
1009 4772 1099 4842 qui
1147 4771 1518 4842 gloriabantur
1551 4770 1601 4823 itt
1638 4769 1850 4839 gladiis.
1889 4788 1907 4820 ι
1942 4766 2006 4822 lli

432 4873 616 4918 autem
645 4865 815 4917 sancti
845 4862 1045 4916 fuerint
1075 4861 1290 4931 pietatis
1320 4861 1518 4914 milites
1547 4861 1637 4930 qui
1671 4861 1836 4913 verbo
1860 4859 2006 4914 omni

431 4959 613 5028 gladio
654 4959 872 5028 ancipiti
900 4959 1146 5013 acutiore
1194 4966 1418 5010 utuntur
1455 4964 1644 5009 contra
1675 4969 1892 5009 omnem
1924 4968 2009 5008 ve-

432 5053 612 5106 ritatis
654 5050 1048 5106 adversarimn.
1091 5048 1374 5120 Principes
1421 5049 1616 5118 quibus
1666 5051 1894 5102 multum
1925 5058 2009 5104 est

431 5159 642 5211 aurum,
680 5145 715 5198 ii
740 5154 901 5198 erunt
924 5144 1016 5214 qui
1046 5143 1229 5198 multis
1256 5143 1593 5212 praecellunt,
1622 5151 1679 5197 et
1717 5141 1832 5196 idco
1861 5145 2009 5212 prin-

429 5237 578 5307 cipes
617 5239 816 5303 vocati,
860 5235 911 5290 in
953 5235 1506 5305 contetnplationilnts
1547 5243 1599 5288 et
1637 5232 2008 5300 speculationi-

430 5329 530 5381 bus
566 5327 818 5382 veritatis
848 5328 1046 5382 divites
1079 5337 1231 5382 suut.
1270 5325 1416 5381 Nihil
1442 5342 1571 5396 ergo
1603 5328 1797 5380 mirum
1827 5324 2011 5379 Salva-

429 5425 599 5470 toretn
625 5418 806 5472 dicere
838 5436 851 5473 :
892 5436 910 5469 ι
946 5415 1178 5472 1)οι·ιιιὶνί
1202 5426 1255 5471 et
1287 5425 1570 5486 soporatus
1601 5427 1740 5481 Sum,
1773 5434 1789 5467 ι
1813 5417 2010 5485 quippe

432 5508 527 5577 qui
559 5511 623 5560 ad
674 5510 981 5563 animarum
1019 5508 1246 5564 salutem
1283 5509 1433 5578 plura
1468 5507 1637 5576 egerit
1671 5521 1734 5560 eo
1768 5516 2010 5575 tempore

429 5613 537 5667 quo
564 5615 591 5652 a
632 5615 860 5670 corpore
905 5609 1187 5672 separatus
1210 5612 1317 5665 cst,
1347 5599 1802 5670 quemadmodum
1839 5601 1889 5652 itt
1927 5615 2010 5653 ca-

504 5716 548 5748 "
579 5717 712 5770 Itan.
747 5735 850 5785 χιι,
879 5719 934 5774 2.

1023 5721 1069 5754 ⁸⁸
1095 5719 1256 5777 Prov.
1289 5735 1363 5786 νι,
1397 5720 1449 5775 4.

437 5784 523 5852 t3,
577 5787 659 5851 ιι,
693 5789 771 5842 l5.

1552 5719 1600 5751 ”
1630 5717 1773 5776 Psal.
1807 5733 1970 5786 Lxxv,
2001 5718 2053 5774 6.
2130 5719 2175 5750 ⁸⁸
2205 5716 2398 5786 Epltes.
2425 5729 2478 5780 ν,
2505 5712 2591 5768 14.
2668 5711 2712 5744 ⁸⁵
2736 5709 2879 5765 Psal.
2922 5723 3047 5776 Lt'u,
3083 5707 3136 5762 5.

2111 3225 2210 3296 τῆς
2255 3223 2433 3294 ψυχῆς
2483 3223 2583 3292 τῆς
2642 3219 3057 3292 κεχωρισμένης
3119 3219 3304 3284 αὑτοῦ,
3370 3219 3464 3272 καὶ
3520 3216 3690 3286 τούτῳ

2114 3316 2448 3378 ὑπνωκυίας,
2513 3313 2731 3381 λέγεται
2791 3312 2931 3383 μετά
2975 3310 3055 3376 τὸ,
3105 3329 3124 3363 ι
3159 3311 3478 3384 ὲκοιμήθην,
3529 3330 3553 3361 ο
3605 3309 3686 3370 τὸ,

2119 3425 2137 3458 ι
2182 3407 2428 3460 ὕπνωσα.
2471 3425 2488 3456 ι
2518 3404 2629 3456 Καὶ
2650 3405 2702 3456 τί
2721 3401 3036 3474 θαυμαστὸν
3063 3405 3112 3456 εἰ
3142 3402 3234 3456 ἐπὶ
3260 3402 3353 3456 τοῦ
3387 3402 3640 3473 Σωτῆρος
3667 3403 3696 3454 6

2109 3500 2350 3561 τοιοῦτος
2374 3497 2540 3560 ὕπνος
2563 3497 2622 3550 οὐ
2651 3496 2829 3565 πάντη
2855 3491 3004 3548 ἐστὶν
3029 3494 3197 3566 ἀργία
3221 3495 3320 3564 τῆς
3344 3493 3544 3564 ψυχῆς,
3577 3494 3696 3546 ἀλλ’

2111 3593 2278 3664 ἀργία
2309 3591 2384 3654 ὡς
2414 3591 2552 3661 πρὸς
2583 3589 2643 3643 τὸ
2669 3589 2885 3661 ὀργάνῳ
2910 3588 2987 3659 τῷ
3019 3587 3227 3658 σώματι
3261 3586 3526 3658 χρῆσθαι;
3565 3587 3694 3639 ’ἰδία

2113 3682 2360 3754 μέντοιγε
2400 3682 2494 3734 καὶ
2524 3679 2644 3734 καθ’
2676 3680 2875 3750 ἑαυτὴν
2903 3681 3134 3751 ὲνεργεί,
3162 3679 3297 3732 ὅπου
3335 3679 3430 3730 καὶ
3463 3675 3567 3729 ὑπὸ
3594 3675 3694 3732 τοῦ

2123 3775 2242 3828 Ἰὼϐ
2268 3776 2328 3828 τὸ
2353 3773 2484 3828 αὐτὸ
2509 3774 2799 3844 λεγόμενον
2820 3772 3093 3844 δηλοῦται.
3127 3791 3145 3824 ι
3179 3771 3276 3826 Διά
3299 3771 3349 3825 τί
3383 3791 3401 3824 ›
3428 3769 3557 3842 γὰρ,
3583 3789 3694 3841 φη»
3770 3794 3774 3796 ·

2111 3867 2217 3932 σὶν,
2265 3885 2284 3918 ι
2332 3868 2396 3920 ὲκ
2426 3866 2663 3937 γαστρὸς
2701 3866 2780 3928 εἰς
2812 3865 3004 3935 μνῆμα
3045 3865 3145 3918 οὐκ
3178 3865 3529 3936 ἀπηλλάγηνς
3576 3863 3695 3917 Νῦν

2109 3959 2176 4012 ἀν
2223 3957 2508 4028 κοιμηθεὶς
2563 3956 2836 4027 ήσύχασα,
2891 3955 3147 4020 ὑπνώσας
3192 3955 3250 4009 δὲ
3299 3955 3694 4026 ἀνεπαυσάμην

2114 4051 2251 4122 μετά
2299 4049 2562 4120 βασιλέων
2613 4047 2913 4118 βουλευτῶν
2956 4046 3081 4118 γῆς,
3128 4048 3177 4100 οἳ
3227 4046 3560 4119 ὲγαυριῶντο
3600 4045 3695 4099 ἐπὶ

2111 4138 2309 4208 ξίφεσι,
2336 4137 2430 4190 καὶ
2475 4135 2610 4208 μετά
2634 4137 2910 4208 ἀρχόντων
2939 4129 3013 4189 ὧν
3045 4136 3212 4201 πολὺς
3241 4139 3270 4190 6
3311 4136 3530 4207 χρυσός.
3576 4155 3594 4187 ι
3628 4137 3692 4190 El

2110 4231 2220 4303 γὰρ
2249 4231 2324 4303 μὴ
2354 4231 2493 4285 ἐνόει
2527 4229 2806 4302 ὲνέργειάν
2835 4247 2957 4283 Ιτινα
2987 4224 3125 4283 εἶναι
3156 4230 3281 4302 περὶ
3309 4230 3404 4301 τὴν
3431 4230 3608 4301 ψυχὴν
3633 4232 3692 4284 ὲν

2110 4317 2144 4398 ᾖ
2176 4323 2453 4377 ἐπαύσατο
2475 4321 2818 4392 τυγχάνουσα
2845 4319 3064 4390 ἀγαθῶν
3092 4337 3255 4373 τινων
3286 4319 3422 4390 μετά
3449 4319 3690 4382 τοιῶνδε,

2110 4414 2209 4466 οὐκ
2244 4413 2309 4468 ἂν
2348 4413 2563 4480 ἔλεγεν*
2603 4429 2625 4464 ‹
2681 4408 2969 4472 ’Υπνώσας
3004 4408 3400 4480 ἀνεπαυσάμην
3431 4408 3569 4479 μετὰ
3597 4407 3695 4478 βα-

2113 4503 2303 4556 σιλέων
2344 4499 2641 4572 βουλευτῶν
2673 4498 2799 4568 γῆς,
2825 4498 2874 4552 οἳ
2906 4497 3238 4568 ὲγαυριῶντο
3270 4498 3364 4550 ἐπὶ
3394 4498 3619 4566 ξίφεσιν.
3669 4517 3688 4548 ι

2113 4592 2236 4651 Εἶεν
2275 4596 2318 4648 δ’
2351 4595 2416 4648 ἂν
2461 4588 2605 4648 οὕτοι
2652 4594 2792 4662 ἀγιοι
2837 4591 3162 4663 στρατιῶται
3203 4592 3510 4655 θεοσεϐείας
3548 4592 3692 4661 λόγῳ

2113 4687 2192 4760 τῷ
2222 4685 2517 4758 τομωτέρῳ
2545 4685 2726 4754 πάσης
2758 4683 2858 4753 τῆς
2891 4684 3161 4752 μαχαίρας
3186 4682 3440 4754 διστόμου
3473 4681 3691 4754 χρώμε-

2115 4798 2195 4834 νοι
2226 4777 2366 4832 κατὰ
2411 4775 2611 4837 παντὸς
2646 4773 2740 4826 τοῦ
2785 4772 3029 4825 ἐναντίου
3069 4771 3170 4841 τῆς
3212 4771 3469 4842 ἀληθείας
3510 4771 3692 4840 λόγου.

2119 4868 2413 4943 ’Λρχοντές
2449 4885 2509 4920 τε
2550 4857 2624 4918 ὧν
2672 4864 2838 4927 πολὺς
2866 4864 2894 4915 6
2937 4862 3160 4934 χρυσὸς.
3199 4864 3587 4934 έρμηνεύοιντο
3630 4864 3697 4918 ἂν

2115 4965 2162 5016 οἱ
2185 4962 2290 5014 τῶν
2321 4957 2526 5012 πολλῶν
2550 4955 2920 5026 διαφέροντες,
2947 4953 3041 5008 καὶ
3058 4953 3199 5006 κατὰ
3228 4953 3386 5006 τοῦτο
3411 4955 3696 5026 ἄρχοντες,

2117 5038 2568 5123 χρηματίζοντες,
2606 5045 2964 5108 πλουτοῦντες
2988 5047 3046 5098 ἐν
3077 5041 3402 5114 διανοήμασι
3451 5044 3544 5097 καὶ
3587 5048 3699 5110 τοῖς

2116 5143 2246 5214 ’περι¹
2274 5138 2528 5200 ἀληθείας
2557 5136 2895 5207 θεωρήμασι.
2934 5135 3098 5188 Οὐδὲν
3127 5130 3220 5188 οὖν
3258 5134 3574 5205 θαυμαστὸν
3604 5135 3700 5188 καὶ

2115 5235 2205 5288 τὸν
2251 5230 2481 5301 Σωτῆρα
2516 5229 2727 5296 λέγειν·
2771 5245 2788 5278 ι
2845 5226 3199 5298 Ἐκοιμήθην,
3246 5227 3341 5279 καὶ
3375 5225 3622 5290 ὕπνωσα,
3669 5244 3692 5278 ι

2118 5324 2298 5394 πολλῷ
2329 5321 2492 5374 πλέον
2518 5321 2888 5392 ὲνεργήσαντα
2924 5319 3050 5391 περὶ
3085 5319 3358 5389 σωτηρίας
3385 5319 3572 5388 ψυχῶν
3603 5317 3700 5370 καὶ

2119 5417 2269 5490 παρά
2297 5415 2385 5467 τὸν
2408 5412 2596 5483 καιρὸν
2629 5409 2721 5464 τοῦ
2744 5409 3023 5481 χωρισμοῦ
3057 5410 3150 5462 τοῦ
3182 5409 3291 5462 ἀπὸ
3318 5409 3411 5462 τοῦ
3447 5408 3700 5480 σώματος

2119 5508 2260 5562 κατά
2289 5507 2356 5559 τά
2377 5503 2642 5575 λεγόμενα
2668 5503 2726 5554 ὲν
2753 5503 2820 5572 τῇ
2837 5501 3113 5572 Καθολικῇ
3143 5499 3427 5572 Ἐπιστολῇ
3451 5499 3699 5572 παρὰ·τῷ

2119 5601 2311 5673 Πέτρῳ
2331 5617 2343 5629 ’
2380 5617 2400 5651 ι
2447 5599 2533 5650 Ἐν
2558 5590 2602 5666 ᾧ
2626 5596 2720 5650 καὶ
2746 5598 2857 5658 τοῖς
2884 5597 2941 5648 ὲν
2967 5595 3181 5666 φυλακῇ
3213 5594 3485 5665 πνεύμασι
3508 5609 3703 5663 πορευ-

3245 5707 3290 5740 ⁸⁶
3323 5704 3441 5761 Job.
3489 5717 3572 5769 ιιι,
3607 5701 3697 5765 ll,
