4124 6386
451 281 599 341 "H31

1882 287 1971 342 EX
2006 288 2306 345 ORICEXE

3615 314 3753 386 usa

475 401 825 474 mermoriam
861 412 943 456 est
996 416 1062 455 an
1107 401 1211 455 sint
1261 400 1430 471 aliqui
1464 406 1556 474 qui
1599 403 1814 458 oderint
1865 405 2030 460 Deum

2162 409 2419 478 ςητητέον
2445 410 2497 462 εἴ
2515 410 2620 464 εἰσί
2645 429 2787 477 τινες
2812 407 3098 484 μισοῦντες
3125 416 3215 473 τὸν
3250 420 3379 477 θεόν
3406 451 3410 454 ν
3445 427 3618 484 οὐδεὶς
3644 434 3751 485 trito

3079 469 3094 482 Ρ
3135 469 3206 473 ⁷-⁷
3257 469 3374 477 ""'
3446 469 3614 493 Vvku‘

467 495 660 549 Nullus
688 495 831 548 enim
867 495 949 546 vel
999 508 1184 546 eorum
1218 494 1308 560 qui
1357 497 1584 548 omnino
1621 495 1804 565 injusti
1843 507 1965 551 sunt
1999 506 2052 550 et

468 588 633 650 atltei,
667 585 807 640 istud
840 585 1113 640 fatebitur.
1137 585 1366 651 Quinam
1394 602 1521 655 ergo
1545 597 1668 641 sunt
1699 588 1787 656 qui
1819 589 2052 641 oderunt

460 679 682 734 Deum?
729 676 1002 744 Quosuam
1046 677 1100 730 in
1146 679 1397 733 confesso
1438 692 1523 733 est
1571 681 1753 733 odisse
1786 678 1968 734 Jesnrn
1997 688 2050 732 et

462 773 930 826 anathetnatizarc
969 769 1153 836 ἳριιιιι
1194 782 1382 822 contra
1437 771 1583 824 illum
1639 771 1798 834 ﬁunt,
1827 772 2049 826 omnino

463 863 527 914 ad
570 863 787 916 Patrem
849 860 1185 915 referunt-ur.
1226 861 1289 913 lit.
1323 862 1505 916 omnis
1553 864 1640 930 qui
1688 873 1898 931 peccat,
1937 863 2050 917 odit

464 955 650 1014 Deum,
688 953 774 1006 vel
826 953 1151 1022 sapientiam
1192 962 1566 1018 contemnens,
1607 955 1708 1008 hoc
1746 965 1847 1019 est,
1887 955 2047 1008 Chri-

460 1055 630 1108 slum,
657 1043 1031 1112 veljnstitiam
1080 1044 1206 1098 odio
1246 1045 1456 1100 habens
1491 1058 1544 1100 et
1583 1062 1818 1116 operans
1851 1048 2049 1116 iniqui-

465 1148 652 1191 tatem.
682 1137 744 1191 Et
788 1138 1044 1206 quoniam
1087 1135 1300 1205 iustitia
1335 1147 1417 1193 est
1468 1141 1743 1200 Cbritus,
1797 1139 1888 1208 qui
1933 1142 2049 1194 odit

459 1230 738 1284 Christum
767 1227 1059 1295 justitiam,
1107 1226 1223 1280 odit
1266 1238 1318 1280 et
1371 1228 1559 1282 Deum.
1591 1227 1727 1282 Cum
1760 1239 1939 1282 autem
1988 1229 2051 1282 li-

458 1330 622 1391 queat
651 1321 776 1390 quis
805 1320 982 1374 oderit
1008 1321 1198 1383 Deum,
1233 1319 1334 1374 nisi
1368 1319 1654 1388 diligenter
1676 1320 2049 1390 expendamus

457 1415 588 1483 quid
631 1413 704 1467 sit
737 1412 914 1467 illud:
959 1431 976 1462 ι
1019 1411 1208 1466 Nonne
1253 1415 1342 1481 qui
1397 1411 1630 1465 oderunt
1679 1421 1763 1474 te,
1801 1411 2042 1476 Doxuine,

457 1507 718 1562 oderam?
740 1526 757 1559 ι
781 1521 970 1561 omnes
996 1504 1266 1568 homines,
1288 1505 1474 1573 paucis
1502 1504 1768 1571 exceptis,
1796 1504 1920 1556 odio
1953 1506 2047 1558 ha-

459 1601 870 1661 bebimus,cum
901 1598 1055 1650 valde
1085 1600 1238 1666 pauci
1266 1599 1376 1650 sint
1409 1597 1497 1665 qui
1532 1598 1785 1664 eperihus
1813 1598 2048 1666 probent

455 1707 513 1744 se
568 1704 755 1744 amare
794 1687 985 1742 Deum.
1037 1689 1176 1754 Quid
1231 1703 1364 1741 vero
1413 1689 1706 1742 absurdius
1764 1691 1832 1742 sit
1883 1705 2042 1757 quam

2158 499 2225 552 ἂν
2267 501 2422 553 τοῦτο
2461 504 2846 576 ὁμολογήσειεν
2890 508 3009 562 οὐδὲ
3043 510 3152 564 τῶν
3192 514 3387 578 τελέως
3430 518 3630 574 ἀδίκων
3657 499 3750 577 καί

2159 593 2356 647 ἀθέων.
2392 596 2549 660 Τίνες
2580 593 2672 650 οὖν
2700 601 2839 652 εἰσιν
2865 603 2914 654 οἱ
2951 605 3238 674 μισοῦντες
3262 608 3353 661 τὸν
3387 610 3590 680 Κύριον
3615 631 3628 679 ;
3658 616 3749 668 Τί-

2159 693 2249 747 νες
2276 684 2720 758 ὁμολογουμένως
2752 691 2966 760 μισοῦσι
2995 693 3084 746 τὸν
3127 696 3352 766 Ἰησοῦν,
3389 704 3482 753 καὶ
3514 720 3748 757 κατανα‹

2159 775 2542 847 θεματίζουσιν
2582 781 2777 845 αὑτόν;
2813 782 2894 835 Τὰ
2923 783 2978 836 δὲ
3009 787 3265 856 γινόμενα
3298 791 3378 854 εἰς
3415 793 3578 846 αὐτὸν
3612 797 3747 850 πάν-

2156 885 2264 930 τως
2295 869 2372 930 εἰς
2406 869 2496 920 τὸν
2531 869 2749 940 Πατέρα
2795 873 3146 946 ἀναφέρεται.
3182 880 3290 931 Καὶ
3335 883 3444 945 πᾶς
3490 883 3544 936 δὲ
3575 885 3750 958 ἀμαρ-

2155 959 2330 1010 τάνων
2379 962 2527 1028 μισεῖ
2569 961 2657 1012 τὸν
2704 961 2856 1026 Θεὸν,
2902 963 2934 1034 ἢ
2978 965 3078 1035 τὴν
3128 969 3320 1036 σοφίαν
3371 972 3743 1039 ἐξευτελίζων,

2155 1049 2406 1100 τουτέστι
2442 1048 2532 1101 τὸν
2574 1051 2829 1121 Χριστὸν,
2862 1051 2894 1124 ἢ
2926 1055 3026 1123 τὴν
3067 1055 3408 1129 δικαιοσύνην
3445 1064 3618 1132 μισῶν
3651 1069 3748 1121 καὶ

2157 1138 2521 1209 ἐργαζόμενος
2553 1138 2648 1210 τὴν
2675 1141 2924 1211 ἀνομίαν.
2959 1144 3069 1198 Καὶ
3105 1147 3225 1199 ἐπεὶ
3253 1148 3566 1224 δικαιοσύνη
3595 1157 3743 1209 ἐστὶν

2154 1232 2184 1283 ό
2210 1230 2462 1302 Χριστὸς,
2491 1233 2518 1284 ὁ
2549 1231 2722 1303 μισῶν
2744 1233 2834 1286 τὸν
2871 1236 3106 1307 Χριστὸν
3135 1238 3234 1309 τὴν
3261 1239 3626 1315 δικαιοσύνην,
3655 1264 3742 1315 μι-

2156 1327 2240 1376 σεῖ
2269 1324 2358 1376 τὸν
2393 1323 2546 1377 Θεόν.
2579 1326 2820 1398 Φανεροῦ
2853 1327 2909 1380 δὲ
2943 1330 3235 1400 γενομένου
3267 1334 3351 1398 τίς
3382 1335 3411 1386 ὁ
3450 1336 3621 1405 μισῶν
3653 1337 3745 1391 τὸν

2153 1412 2307 1478 Θεὸν,
2327 1413 2420 1466 ἐὰν
2447 1414 2520 1484 μὴ
2550 1415 2947 1486 ἀκριϐώσωμεν
2971 1419 3022 1470 τί
3048 1420 3267 1486 ὲστιτὸ,
3293 1442 3310 1472 ι
3337 1423 3472 1494 Οὐχὶ
3504 1425 3632 1488 τοὺς
3659 1444 3744 1496 μι-

2157 1504 2383 1568 σοῦντάς
2409 1522 2485 1562 σε,
2515 1506 2707 1577 Κύριε,
2737 1509 2975 1581 ἐμίσησα
2997 1529 3010 1576 ;
3038 1531 3058 1562 ›
3084 1513 3292 1578 πάντας
3317 1514 3638 1587 ἀνθρώπους
3662 1535 3745 1588 μι-

2155 1596 2392 1666 σήσομεν
2413 1597 2585 1668 παρὲξ
2606 1599 2821 1666 ὀλίγων·
2850 1601 3053 1671 σφόδρα
3076 1604 3317 1656 σπανίων
3339 1605 3509 1659 ὄντων
3529 1607 3638 1659 τῶν
3653 1607 3742 1660 διὰ

2152 1686 2261 1738 τῶν
2287 1686 2461 1758 ἔργων
2484 1689 3044 1761 χαρακτηριζομένων
3071 1693 3290 1765 ἀγαπᾷν
3316 1695 3407 1748 τὸν
3430 1695 3586 1749 Θεόν.
3614 1697 3744 1749 Tatio

453 1782 692 1836 aversari
715 1790 962 1843 cunctos,
984 1781 1114 1844 imo,
1130 1790 1183 1835 et
1207 1782 1249 1833 si
1275 1779 1462 1835 dicere
1488 1797 1620 1850 opus
1642 1792 1745 1845 est,
1767 1782 2041 1850 seipsum?

2149 1795 2237 1830 του
2260 1779 2316 1832 δὲ
2336 1780 2386 1831 τί
2405 1779 2532 1832 ἄλλο
2551 1782 2634 1851 εἴη
2653 1781 2996 1854 ἀτοπώτερον
3012 1785 3102 1837 τοῦ
3119 1784 3495 1856 ἀπεστράφθαι
3511 1788 3736 1852 πάντας,

455 1871 509 1924 Si
535 1872 657 1941 quis
684 1871 836 1925 enim
878 1869 958 1923 sui
994 1870 1163 1940 ipsius
1195 1873 1448 1925 sincerus
1489 1880 1543 1925 et
1579 1872 1849 1926 candidus
1888 1873 2038 1927 ξιξειὶ-

452 1976 630 2020 mator
657 1963 839 2028 fuerit,
873 1963 982 2018 sibi
1010 1963 1135 2018 odio
1159 1978 1281 2018 esse
1320 1965 1486 2018 Deum
1514 1964 1906 2032 deprehendet.
1943 1966 2042 2019 Ne-

450 2071 722 2127 quaquam
752 2055 920 2122 igitur
951 2053 1031 2108 sic
1054 2055 1359 2121 putandum
1380 2063 1461 2107 est
1489 2069 1606 2120 qua:
1631 2053 2039 2124 odernnt555

455 2151 644 2212 Deum,
677 2149 770 2203 sed
822 2161 943 2216 quae
997 2145 1210 2198 ratione
1267 2146 1511 2215 pratditis
1561 2145 1817 2199 accidunt
1875 2148 2038 2200 mala.

451 2241 614 2299 Verbi
642 2241 814 2309 gratia
864 2236 1125 2304 iniustitia
1164 2237 1279 2289 odit
1314 2236 1504 2300 Deum,
1528 2245 1586 2289 et
1632 2235 1870 2306 injustus
1901 2252 2039 2305 qna-

453 2345 612 2388 tenus
643 2333 878 2400 iniu-tus
901 2337 1008 2393 est,
1036 2327 1149 2380 odit
1176 2327 1366 2392 Deum,
1402 2327 1667 2395 iniustitia
1698 2342 1819 2396 qua'
1847 2328 1900 2382 in
1926 2329 2042 2396 ipso

385 2427 387 2434 “
451 2436 534 2480 est
577 2426 677 2478 hoc
708 2422 964 2476 faciente.
1007 2419 1235 2487 Oportet
1278 2418 1446 2487 igitur
1483 2432 1580 2471 nos
1608 2417 1914 2486 hujusrnodi
1945 2435 2038 2472 ac-

451 2516 684 2571 cidentia
724 2513 883 2578 mala,
919 2522 970 2566 et
997 2527 1117 2580 qua:
1144 2510 1299 2563 nobis
1334 2509 1606 2580 imprimis
1638 2509 1857 2563 inimica
1893 2519 2039 2573 sunt,

451 2610 697 2680 perfecto
731 2606 879 2669 odio,
923 2606 1026 2660 hoc
1056 2613 1162 2666 cst,
1203 2601 1346 2672 quod
1383 2617 1411 2654 a
1454 2601 1794 2671 perfectione
1827 2600 2040 2668 proﬁt-i-

451 2701 649 2766 scitur,
700 2701 906 2754 odisse.
941 2697 1076 2752 Nam
1115 2695 1574 2765 quemadmodum
1625 2709 1654 2746 a
1707 2692 2041 2762 perit-ctione

447 2793 659 2860 justitia
699 2802 864 2861 atque
893 2792 1178 2860 prudentia
1229 2796 1471 2849 manant,
1518 2787 1596 2841 sic
1626 2795 1680 2840 et
1726 2785 2036 2854 hujusmodi

449 2889 654 2942 odium.
683 2885 806 2940 llam
831 2896 1009 2940 autem
1050 2900 1077 2938 a
1127 2884 1283 2938 nobis
1322 2883 1463 2936 dicta
1499 2890 1649 2944 sunt,
1684 2880 2040 2949 expendeuti-

450 2985 550 3038 hus
593 2981 724 3037 illud
761 2996 776 3034 :
840 2999 856 3032 ι
903 2977 1225 3033 Percussisti
1269 2989 1460 3028 omnes
1506 2977 1856 3026 adversantes
1909 2972 2038 3024 mihi

449 3079 568 3133 sine
624 3090 809 3139 causa,
849 3093 866 3126 ι
920 3089 1040 3127 cum
1081 3086 1272 3126 omnes
1311 3068 1402 3136 qui
1450 3066 1613 3121 alicui
1652 3067 2034 3125 adversantur,

2147 1870 2263 1934 καὶ,
2283 1872 2329 1923 εἰ
2347 1870 2427 1922 δεῖ
2449 1871 2623 1935 οὕτως
2645 1874 2841 1938 εἰπεῖν,
2863 1874 2957 1926 καὶ
2980 1875 3204 1938 ὲαυτὸν;
3230 1877 3608 1948 Εὑγνωμόνως
3632 1878 3742 1950 γὰρ

2148 1962 2354 2025 ὲτάζων
2373 1962 2441 2014 τὰ
2466 1963 2594 2033 περὶ
2615 1963 2780 2017 αὑτοῦ
2802 1965 3052 2028 ἕκαστος,
3076 1966 3429 2038 εὑρεθήσεται
3456 1967 3629 2038 μισῶν
3649 1970 3742 2022 τὸν

2147 2049 2300 2104 Θεόν.
2319 2053 2547 2123 Μήποτε
2563 2050 2656 2105 οὖν
2673 2053 2815 2106 οὕτω
2828 2055 3109 2124 νομιστέον
3130 2052 3267 2109 εἶναι
3285 2055 3352 2108 τὰ.
3371 2055 3634 2126 μισοῦντα
3649 2058 3741 2112 τὸν

2147 2145 2299 2210 Θεὸν,
2329 2146 2463 2199 ἀλλὰ
2498 2147 2567 2200 τὰ
2595 2147 2706 2210 τοῖς
2741 2146 2978 2216 λογικοῖς
3017 2149 3163 2202 κακὰ
3195 2149 3602 2219 συμὸεῦηκότα·
3629 2147 3740 2205 οἷον

2147 2239 2331 2293 ἀδικία
2392 2243 2538 2310 μισεῖ
2591 2240 2681 2292 τὸν
2739 2239 2912 2304 Θεὸν,
2977 2240 3070 2293 καὶ
3204 2240 3389 2305 ἄδικος
3453 2246 3602 2312 μισεῖ
3647 2243 3739 2297 τὸν

2147 2330 2302 2396 Θεὸν,
2332 2331 2468 2385 καθὸ
2509 2332 2693 2395 ἄδικός
2731 2333 2870 2394 ἐστι,
2909 2333 3011 2402 τῆς
3049 2333 3107 2387 ἐν
3155 2332 3305 2404 αὐτῷ
3343 2333 3554 2398 ἀδικίας
3581 2335 3741 2389 τοῦτο

2146 2423 2382 2496 δρώσης.
2419 2426 2539 2496 Χρὴ
2570 2421 2662 2478 οὖν
2703 2427 2852 2496 ἡμᾶς
2883 2426 3114 2496 μισῆσαι
3154 2426 3222 2480 τὰ
3252 2428 3428 2482 τοιάδε
3463 2429 3738 2501 συμϐεϐη-

2148 2514 2282 2566 κότα
2333 2515 2426 2566 καὶ
2472 2513 2704 2587 πρώτως
2755 2514 2926 2585 ἐχθρά
2956 2516 3114 2585 ἡμῶν
3148 2518 3505 2586 τυγχάνοντα,
3551 2521 3738 2590 τελείῳ

2153 2608 2319 2678 μίσει,
2351 2607 2650 2668 τουτέστιν,
2689 2607 2797 2659 ἀπὸ
2824 2606 3160 2671 τελειότητος
3194 2610 3490 2679 ἐρχομένῳ.
3526 2611 3736 2686 ’Ὠσπερ

2147 2699 2254 2770 γὰρ
2279 2698 2388 2751 ἀπὸ
2406 2698 2738 2769 τελειότητος
2778 2697 2997 2768 ἔρχεται
3046 2697 3359 2768 δικαιοσύνη
3393 2703 3486 2753 καὶ
3519 2719 3737 2773 σωφρο-

2145 2791 2306 2860 σύνη,
2332 2790 2502 2852 οὕτως
2525 2791 2618 2842 καὶ
2641 2790 2700 2842 τὸ
2721 2788 2921 2841 τοιόνδε
2953 2791 3126 2858 μῖσος.
3149 2788 3335 2843 Ταῦτα
3354 2791 3409 2843 δὲ
3435 2794 3565 2863 ἡμῖν
3593 2797 3736 2866 εἴρη-

2148 2900 2236 2936 ται
2258 2881 2569 2946 ἐξετάζουσι
2591 2882 2677 2944 τὸ,
2703 2901 2720 2932 ι
2747 2881 3053 2945 Ἑπάταξας
3080 2882 3204 2944 τοὺς
3233 2881 3612 2953 ἐχθραίνοντάς
3644 2904 3734 2957 μοι

2151 2974 2424 3045 ματαίως·
2473 2992 2490 3023 ι
2528 2972 2747 3025 πάντων
2769 2973 2877 3026 τῶν
2915 2972 3306 3043 ὲχθραινὸντων
3339 2973 3466 3038 τινἰ,
3491 2978 3735 3044 ματαίως

2149 3065 2560 3137 ὲχθραινόντων.
2593 3065 2845 3118 Τοιοῦτον
2877 3067 2958 3132 τὸ,
2982 3085 2999 3115 ι
3035 3065 3332 3136 Ἐμίσησάν
3371 3084 3436 3136 με
3467 3067 3727 3137 δωρεάν.»

448 3171 566 3225 sine
583 3184 745 3222 causa
773 3169 1150 3222 adversentur.
1179 3162 1454 3231 Ejusmodi
1476 3166 1561 3214 est
1582 3158 1714 3212 illud
1737 3159 1816 3210 ἰι
1850 3177 1869 3209 ι
1898 3157 2036 3212 Odio

2155 3133 2356 3212 ’ὁποῖοι
2379 3158 2435 3211 δὲ
2469 3158 2518 3211 οἱ
2546 3157 2952 3229 συντριϐόμεναι
2981 3133 3193 3219 ὀδόντες
3220 3133 3340 3209 *τῶν
3368 3133 3728 3228 ἀμαρτωλῶν,

451 3265 760 3317 habuerunt
797 3276 882 3316 me
921 3262 1113 3331 gratis.
1161 3277 1177 3309 ι
1223 3256 1424 3322 Quales
1463 3262 1644 3306 autem
1679 3260 1808 3305 sunt
1846 3265 2040 3320 pecea-

452 3368 632 3410 torum
659 3354 852 3408 dentes
892 3353 982 3423 qui
1018 3357 1402 3411 conteruntur,
1434 3345 1568 3399 tales
1603 3352 1656 3398 et
1681 3343 1714 3396 ii
1745 3343 1810 3396 de
1841 3345 2038 3412 quibus

437 3447 655 3501 dictum
692 3454 776 3498 est
801 3445 883 3495 ἰε
914 3461 933 3493 ι
973 3441 1048 3496 lbi
1088 3441 1191 3495 erit
1221 3437 1378 3491 ﬂetus
1415 3445 1471 3491 et
1495 3435 1705 3490 stridor
1735 3434 2034 3488 dentith

441 3538 807 3590 "Peccaturum
841 3532 1030 3586 dentes
1061 3539 1188 3585 sunt
1216 3545 1243 3581 a
1283 3528 1496 3580 ratione
1525 3525 1717 3577 alienae
1749 3523 2039 3592 cogitatio-

451 3641 546 3695 nes
582 3626 739 3678 nobis
769 3633 972 3693 prmter
1007 3631 1254 3675 naturain
1301 3617 1678 3674 advenientes,
1709 3615 1901 3682 quibus
1945 3613 2040 3666 ho-

447 3729 561 3773 stes
595 3717 766 3770 nostri
811 3725 1067 3783 tanquam
1109 3713 1364 3766 dentibus
1396 3723 1770 3778 sa'pet‘tumero
1803 3713 2036 3768 utentes,

449 3809 717 3865 accedunt
761 3809 826 3859 ad
874 3803 1243 3859 devorandum
1293 3817 1492 3858 carnes
1525 3808 1763 3863 nostras,
1799 3798 1899 3849 hoc
1929 3805 2040 3854 est,

449 3916 513 3954 ea
543 3916 662 3970 qua:
687 3914 749 3952 ex
779 3913 947 3952 carne
977 3896 1243 3966 pullulant
1276 3912 1288 3948 :
1323 3913 1343 3946 ι
1381 3892 1665 3948 Manifesta
1703 3900 1881 3944 autem
1917 3899 2043 3943 sunt

447 4009 616 4064 opera
643 3992 845 4056 carnis,
883 4009 901 4042 ι
935 4001 993 4044 ιιι
1031 3991 1104 4042 ait
1149 3990 1307 4043 divus
1340 3986 1633 4058 Apostolus
1663 3985 1730 4037 ”.

529 4085 688 4140 Vens.
721 4084 773 4139 9.
817 4082 1030 4136 Domini
1055 4091 1129 4136 est
1156 4082 1322 4149 salus,
1347 4091 1393 4134 et
1435 4095 1592 4148 super
1619 4076 1869 4144 papulnnt
1894 4085 2041 4126 luunt

455 4178 750 4233 benedictio
793 4185 908 4239 tua,
946 4192 964 4225 ι
995 4185 1102 4229 etc.
1135 4173 1238 4239 Qui
1284 4171 1457 4226 credit
1501 4168 1712 4222 Domini
1743 4180 1865 4220 esse
1896 4165 2043 4218 salu-

454 4281 583 4332 tem,
608 4277 658 4321 et
681 4267 846 4320 Deum
875 4274 1121 4319 nostrum
1147 4278 1269 4318 esse
1301 4263 1471 4317 Deum
1505 4259 1687 4314 salvos
1724 4255 2039 4319 faciendi”,

454 4358 663 4412 Domini
689 4357 835 4411 enim
862 4364 988 4410 sunt
1018 4355 1198 4408 exitus
1230 4351 1444 4415 mortis,
1471 4351 1516 4404 is
1545 4349 1690 4402 novit
1721 4348 1890 4401 etiam
1916 4345 2042 4412 quid

2141 3249 2371 3301 τοιοῦτοι
2411 3249 2504 3317 καὶ
2545 3249 2673 3319 περὶ
2707 3243 2781 3300 ὧν
2803 3249 3049 3318 εἴρηται·
3092 3267 3110 3299 ι
3166 3249 3311 3300 Ἐκεῖ
3334 3249 3484 3301 ἔσται
3508 3251 3535 3301 ό
3567 3251 3732 3302 κλαυ-

2143 3339 2277 3410 Θμὸς
2302 3340 2396 3392 καὶ
2429 3340 2456 3391 ὁ
2481 3337 2726 3411 βρυγμὸς
2759 3338 2866 3390 τῶν
2898 3338 3146 3391 ὀδόντων.
3198 3358 3215 3390 ι
3265 3339 3518 3404 Ὀδόντες
3551 3342 3733 3412 ἁμαρ-

2141 3429 2328 3482 τωλῶν
2361 3431 2466 3481 εἰσι
2498 3429 2751 3498 λογισμοὶ
2800 3428 3006 3496 ἄλογοι,
3045 3427 3196 3497 παρά
3226 3427 3387 3496 φύσιν
3435 3430 3565 3499 ἡμῖν
3611 3431 3732 3482 ἐπι-

2145 3520 2555 3591 συμϐαίθοντες,
2590 3515 2670 3582 οἷς
2698 3518 2875 3572 ὀδοῦσι
2905 3517 3176 3590 χρώμενοι
3219 3519 3480 3582 πολλάκις
3503 3521 3552 3572 οί
3587 3521 3725 3574 ἀντι-

2145 3613 2387 3682 κείμενοι
2420 3609 2874 3680 προσεγγίζουσιν
2902 3611 3031 3679 ἡμῖν
3047 3608 3140 3661 τοῦ
3176 3611 3370 3676 φαγεῖν
3395 3610 3494 3671 τὰς
3524 3611 3734 3680 σάρκας

2145 3697 2322 3768 ἡμῶν,
2355 3697 2598 3749 τουτέστι
2649 3696 2720 3749 τὰ
2756 3698 2956 3766 ὲκτῆς
2985 3696 3185 3764 σαρκὸς
3223 3697 3470 3766 φυόμενα
3495 3714 3506 3726 ·
3546 3717 3564 3748 ι
3619 3700 3732 3752 Φα-

2146 3788 2278 3859 νερά
2303 3788 2358 3840 δέ
2395 3791 2511 3840 εστι
2545 3788 2612 3841 τὰ
2657 3787 2796 3858 ἔργα
2843 3787 2944 3858 τῆς
2993 3788 3217 3859 σαρκὸς,
3257 3808 3274 3838 ι
3313 3789 3475 3858 φησιν
3513 3792 3543 3844 ό
3591 3789 3733 3853 θεῖος

2159 3879 2500 3943 ’Δπόστολο;.

2219 4064 2331 4118 Τοῦ
2373 4063 2594 4131 Κυρίου
2637 4063 2676 4131 ἡ
2715 4063 3000 4130 σωτηρία,
3028 4061 3126 4115 καὶ
3161 4061 3259 4114 ἐπὶ
3300 4061 3411 4115 τὸν
3432 4061 3587 4115 λαόν
3611 4077 3728 4115 σου

2145 4155 2184 4222 ἢ
2217 4155 2465 4224 εὐλογία
2515 4168 2652 4216 σου,
2703 4171 2754 4206 κ.
2798 4170 2848 4206 τ.
2903 4154 2949 4206 ἐ.
3007 4153 3065 4204 ὐ
3103 4150 3421 4219 πειθόμενος
3461 4149 3593 4219 (89),
3645 4152 3728 4203 ὅτι

2144 4246 2238 4297 τοῦ
2263 4243 2468 4314 Κυρίου
2522 4243 2668 4295 ἐστὶν
2700 4244 2732 4313 ἡ
2777 4242 3042 4314 σωτηρία,
3083 4241 3163 4293 διὸ
3209 4242 3301 4293 καὶ
3341 4242 3369 4294 ὁ
3403 4240 3534 4304 Θεὸς
3572 4240 3730 4310 ἡμῶν

2145 4338 2279 4400 Θεός
2331 4339 2448 4390 ἐστι
2493 4334 2588 4388 τοῦ
2642 4334 2870 4399 σώζεινο
2906 4333 3000 4388 τοῦ
3034 4333 3144 4404 γὰρ
3175 4331 3382 4404 Κυρίου
3413 4333 3469 4386 αἱ
3505 4331 3730 4396 διέξοδοι

451 4451 517 4503 sit
544 4449 818 4502 conlidere
841 4446 893 4500 ln
928 4445 1053 4499 ﬁliis
1076 4443 1384 4506 hominum,
1415 4442 1468 4495 in
1497 4441 1690 4510 quibus
1717 4453 1821 4490 non
1845 4445 1927 4489 est
1950 4451 2040 4488 sa—

2149 4428 2240 4484 τοῦ
2271 4429 2534 4483 θανάτου·
2586 4422 2694 4480 οἶδε
2729 4426 2824 4478 καὶ
2876 4424 2931 4477 τί
2968 4424 3029 4477 τὸ
3070 4422 3390 4477 πεποιθέναι
3439 4424 3532 4474 ἐπὶ
3581 4423 3731 4485 υἱοὺς

455 4544 538 4596 lus
557 4542 622 4596 ".
643 4541 784 4607 Quin
813 4547 899 4593 est
927 4553 1091 4607 super
1121 4535 1382 4606 populum
1409 4533 1527 4602 eius
1561 4529 1868 4585 benedictio
1900 4526 2038 4593 ejus,

446 4649 574 4704 qua:
603 4630 864 4702 spiritalis
885 4630 1044 4684 estin
1081 4624 1395 4683 cmlestibus
1427 4624 1479 4676 in
1512 4622 1753 4677 Christo.

1028 4918 1345 4977 PSMMUS
1381 4917 1470 4971 IV.

529 5026 693 5081 Vnus.
729 5023 781 5079 l.
822 5021 888 5075 In
912 5020 1069 5089 finem
1092 5019 1144 5070 in
1173 5015 1390 5083 psalmis
1419 5020 1678 5066 canticum
1719 5007 1909 5072 David,
1932 5014 2036 5060 etc.

453 5120 593 5174 Cum
656 5115 810 5170 multi
850 5111 1038 5182 psalmi
1092 5108 1390 5162 secundum
1443 5101 1800 5170 Septuaginta
1843 5098 2038 5152 inscri-

459 5213 654 5264 hanlur
687 5227 705 5259 ι
741 5209 792 5261 in
829 5206 1012 5264 linem,
1046 5221 1064 5254 ι
1097 5200 1396 5253 secundum
1431 5196 1567 5249 alios
1597 5203 1777 5247 autem
1823 5190 2036 5246 titulum

460 5303 693 5355 habeant
741 5298 864 5352 huic
903 5314 920 5342 ι
959 5293 1013 5346 iu
1072 5291 1235 5343 tinem
1276 5307 1294 5340 ι
1346 5283 1690 5353 inseriptioni
1747 5290 2036 5333 consenta-

455 5409 639 5455 neum,
670 5403 848 5459 Operae
892 5385 1120 5455 pretium
1172 5391 1253 5436 est
1310 5395 1408 5448 pro
1449 5378 1658 5430 viribus
1707 5373 2039 5441 investigare

529 5581 571 5611 ⁹¹
598 5578 752 5632 Juan.
785 5593 870 5638 xv,
915 5575 968 5626 ‘2.
1045 5573 1090 5604 θ’
1116 5570 1248 5623 Luc.
1297 5581 1421 5628 xm,
1451 5564 1542 5618 28.

534 5675 644 5744 (89)
691 5677 742 5726 '0
770 5673 1282 5744 netgdjtsroc,_etc.
1316 5659 1957 5744 (lor‘deritts,'llarharus.

539 5727 647 5810 illi")
685 5727 1244 5806 Πολλῶιιδψαλμῶν,
1267 5747 1374 5810 etc.
1413 5733 1584 5810 Codd.
1609 5730 1804 5810 “li-ne.“
1835 5727 2030 5810 Barac-

464 5799 671 5878 t’tai'tts,
705 5799 1109 5874 Coisliuiauus;
1145 5807 1356 5861 scheda:
1396 5803 1732 5868 Cotnhetisii,
1770 5799 2036 5851 Barbarus

1651 5561 1697 5593 "
1723 5559 1844 5616 Gal.
1870 5574 1922 5626 ν,
1968 5557 2048 5614 l9.
2127 5556 2172 5586 ³³
2203 5550 2343 5606 Psal.
2378 5560 2543 5610 LXVII,
2577 5542 2666 5597 9-1.

2149 4520 2474 4593 ἀνθρώπων,
2503 4515 2584 4584 οἷς
2618 4521 2718 4574 οὐκ
2752 4519 2867 4572 ἔστι
2892 4515 3153 4588 σωτηρία.
3192 4515 3348 4567 Ἐστι
3391 4513 3448 4567 δὲ
3491 4515 3586 4566 καὶ
3637 4514 3732 4567 ἐπὶ

2147 4614 2240 4667 τὸν
2269 4613 2395 4666 λαὸν
2440 4612 2606 4666 αὐτοῦ
2651 4614 2684 4684 ἡ
2730 4609 2952 4678 εὐλογία
2993 4604 3158 4660 αὑτοῦ
3197 4601 3332 4658 οὖσα
3383 4604 3731 4677 πνευματικὴ

2143 4707 2201 4758 ὲν
2228 4709 2341 4768 τοῖς
2379 4705 2726 4776 ἐπουρανίοις
2753 4704 2811 4755 ὲν
2835 4697 3073 4772 Χριστῷ.

2748 4897 3044 4953 ΨΛΛΜΟΣ
3070 4898 3142 4948 Δθ.

2219 5004 2323 5066 Εἰς
2351 4999 2416 5052 τὸ
2452 4997 2626 5061 τέλος
2655 4990 3006 5062 ἐνψαλμοῖς
3029 4987 3152 5056 ᾠδὴ
3177 4987 3256 5053 τῷ
3289 4983 3488 5050 Δίτυῒδ,
3523 5003 3576 5039 κ.
3601 5003 3651 5039 τ.
3680 4985 3726 5038 ὲ.

2149 5093 2366 5146 Πολλῶν
2415 5088 2646 5160 ψαλμῶν
2693 5086 2803 5158 (90)
2845 5081 2985 5138 κατὰ
3023 5082 3121 5151 μὲν
3161 5081 3288 5142 τοὺς
3326 5078 3729 5148 Ἐὃδομήκοντα

2146 5186 2383 5256 ἐχόντων
2417 5178 2730 5250 ἐπιγραφὴν
2766 5194 2784 5227 ι
2819 5177 2898 5238 είς
2948 5173 3011 5226 τὸ
3050 5171 3226 5233 τέλος,
3264 5189 3281 5221 ι
3333 5167 3476 5223 κατά
3501 5168 3558 5222 δὲ
3600 5169 3727 5230 τοὺς

2146 5276 2368 5337 λοιποὺς
2414 5273 2482 5325 τὰ
2543 5267 2855 5339 κατάλληλα
2905 5263 2985 5334 τῷ
3023 5283 3040 5312 ι
3075 5262 3154 5324 εἰς
3185 5260 3246 5312 τὸ
3294 5259 3446 5322 τέλος
3479 5278 3497 5311 ι
3536 5256 3723 5310 ἐνθάδε

2145 5365 2526 5436 ἀποδιδόμενα,
2563 5361 2732 5427 ἄξιον,
2756 5359 2854 5428 ὅση
2895 5354 3144 5424 δύναμις,
3180 5350 3490 5421 ἐξιχνεῦσαι
3515 5348 3604 5402 τὸν
3637 5347 3728 5418 δη-

2741 5541 2786 5573 "
2824 5537 2963 5592 Psal.
3005 5549 3162 5598 θην,
3193 5533 3247 5586 5.

2143 5664 2196 5706 et
2229 5648 2516 5704 Corderius
2551 5640 2768 5710 Origeni
2832 5635 3097 5710 tribuunt,
3169 5641 3475 5710 quanquam
3531 5621 3728 5710 similia

2147 5697 2458 5773 iiut-inani
2494 5697 2682 5766 saluuii
2725 5707 2899 5779 quoad
2940 5718 3157 5758 sensum
3186 5697 3529 5768 reperiuntur
3587 5697 3730 5762 apud

2153 5788 2470 5845 E'tSCDiUJI.
