4124 6364
457 318 592 374 H55

1846 318 1931 373 EX
1973 315 2280 375 ORIGENE

3596 333 3736 389 H56

455 453 566 490 ram
587 451 747 506 quam
767 435 934 490 nostri
953 449 1114 488 causa
1134 435 1392 506 suscepit.
1412 435 1703 490 Declaranl
1723 447 1904 489 autem
1927 437 2027 490 lum

2147 437 2457 509 οἰκονομίαν
2504 440 2568 510 ἣν
2612 439 2753 510 ὑπὲρ
2800 439 2958 512 ήμῶν
3012 439 3319 507 ἀνεδέξατο.
3361 447 3522 517 Δηλοῖ
3566 447 3622 500 δέ
3669 447 3738 502 τὰ

456 531 618 583 verba
653 530 825 598 ipsum
859 530 1127 591 exaudiri.
1155 545 1260 582 non
1304 540 1596 599 postquam
1628 530 1918 595 invocavit,
1945 529 2039 582 sed

454 637 575 673 cum
598 621 910 674 invocaret.
943 619 1162 673 Sanctis
1184 620 1328 673 enim
1357 629 1410 673 et
1443 620 1666 674 omnino
1691 620 2041 673 audientibus

456 719 718 778 przccepta
763 709 970 770 divina,
1006 710 1118 762 ha‘e
1147 710 1286 772 apud
1323 708 1520 763 Isaiam
1554 710 1872 778 prophetam
1911 725 2038 778 pro-

457 803 641 856 missio
679 802 1032 855 annuntiatnr
1058 802 1103 833 "’
1132 819 1146 857 :
1181 819 1201 852 ι
1242 803 1433 856 Adhuc
1460 811 1510 856 te
1541 802 1799 872 loquente
1823 804 2035 858 dicam:

455 895 593 950 Ecce
645 896 854 948 adsum.
906 915 925 947 ι
959 895 1148 963 Opera:
1193 904 1370 948 autem
1404 895 1638 963 pretium
1671 905 1754 949 est
1789 895 2038 948 conside-

455 1005 580 1042 rare
629 986 759 1054 quid
811 987 884 1041 sit
939 989 1216 1053 introeare,
1274 1003 1397 1042 cum
1455 988 1488 1042 ii
1547 988 1638 1056 qui
1694 986 2037 1054 Scripturaut

454 1099 561 1135 non
630 1082 859 1135 scrutati
929 1090 1056 1134 sunt
1099 1122 1113 1144 ,
1179 1081 1517 1136 albitrentnr
1583 1079 1872 1148 cujuslibet
1937 1077 2036 1146 qui

454 1176 521 1228 ad
559 1157 823 1228 orandum
878 1174 1224 1244 propenderit
1253 1215 1268 1236 ,
1315 1176 1416 1229 hoc
1473 1188 1596 1228 esse
1649 1187 1825 1241 opus,
1875 1171 2036 1242 557

456 1268 725 1336 Propheta
797 1283 928 1322 vero
1020 1267 1362 1338 apertissime
1435 1266 1672 1321 declaret
1747 1267 1817 1318 ad
1911 1280 2038 1318 sau-

456 1370 576 1410 rtos
608 1369 661 1410 et
700 1373 793 1412 eos
825 1359 914 1426 qtti
957 1358 1200 1413 salvandi
1229 1367 1378 1423 sunt,
1408 1359 1686 1425 pertinere
1735 1355 2036 1408 invocatio-

455 1451 539 1502 nis
567 1465 764 1503 munus
795 1467 808 1502 :
835 1449 995 1514 Nam,
1039 1450 1212 1519 inquit
1249 1450 1316 1514 ⁸⁸,
1354 1465 1374 1499 ι
1413 1448 1592 1501 omnis
1625 1448 1715 1516 qui
1750 1447 2037 1500 invocave-

457 1540 524 1590 rit
559 1555 754 1593 nomen
786 1540 996 1593 Domini
1025 1539 1208 1594 salvus
1238 1540 1399 1592 erit.»
1425 1539 1478 1592 Si
1509 1537 1652 1591 enim
1699 1553 1714 1588 t
1745 1535 1922 1590 Omnis
1944 1532 2034 1603 qui

454 1631 786 1684 invocaverit
803 1646 996 1685 nomen
1018 1631 1229 1685 Domini
1248 1630 1428 1684 salvus
1444 1630 1568 1692 erit,
1583 1647 1598 1678 ι
1621 1628 1712 1698 qui
1736 1641 1840 1680 nou
1859 1625 2035 1680 salva-

455 1732 559 1784 tnr,
589 1722 632 1776 is
655 1738 759 1775 non
790 1723 1062 1776 invocavit
1089 1737 1283 1776 nomen
1311 1721 1544 1787 Domini,
1583 1721 1705 1774 licet
1732 1719 1833 1773 hoc
1857 1719 2031 1786 ipsum

2148 531 2286 600 ρητά
2321 531 2382 582 τὸ
2420 532 2801 587 εἰσακούεσθαι
2849 534 2972 604 οὐχ)⁸
3021 535 3160 605 μετά
3204 536 3266 590 τὸ
3316 537 3734 608 ἐπικεκλῆσθαι,

2143 622 2260 674 ἀλλ’
2290 626 2347 676 ἐν
2373 623 2451 694 τῷ
2481 625 2883 680 ἐπικαλεῖσθαι.
2917 628 3043 692 Τοῖς
3063 629 3174 700 γὰρ
3199 631 3376 699 ἁγίοις
3417 633 3511 684 καὶ
3547 632 3734 704 πάντη

2143 714 2402 768 ἀκούουσι
2435 715 2544 769 τῶν
2572 714 2732 770 θείων
2760 720 3205 792 προσταγμάτων
3237 722 3538 790 ἐπαγγελία
3570 721 3735 792 κεκή-

2148 823 2343 876 ρυκται
2380 805 2524 860 κατά
2563 806 2655 860 τὸν
2698 808 2986 880 προφήτην
3020 809 3252 864 Ἠσαῖαν
3279 812 3372 865 τό·
3406 831 3423 862 ι
3467 815 3588 865 Ἔτι
3640 814 3735 868 λα-

2146 899 2365 964 λοῦντός
2417 919 2534 964 σου,
2575 901 2720 972 ἐρῶ·
2769 900 2902 955 Ἰδοὺ
2931 901 3182 973 πάρειμι.
3221 923 3239 955 ι
3285 904 3468 971 ’Ἄξιον
3509 907 3565 959 δέ
3609 907 3736 962 ἰδεῖν

2145 993 2242 1045 καὶ
2274 992 2326 1045 τί
2375 993 2437 1044 τὸ
2487 991 2904 1057 ἐπικαλεῖσθαι,
2951 993 3060 1046 τῶν
3110 995 3184 1066 μὴ
3246 994 3590 1066 ἐξητακότων
3635 1001 3734 1070 τήν

2148 1081 2372 1154 Γραφὴν
2403 1083 2669 1153 οἰομένων
2719 1083 2922 1146 παντὸς
2960 1084 3281 1138 οὑτινοσοῦν
3328 1086 3587 1157 ῥέποντος
3636 1091 3728 1144 ἐπὶ

2141 1173 2202 1227 τὸ
2230 1172 2488 1238 εὔξασθαι
2517 1167 2657 1226 εἶναι
2686 1172 2877 1243 ἔργον·
2905 1171 2998 1226 τοῦ
3029 1174 3084 1226 δὲ
3107 1175 3392 1246 Προφήτου
3416 1179 3726 1246 σαφέστατα

2142 1265 2523 1335 περιστάντος,
2555 1265 2637 1318 ὅτι
2668 1265 2841 1333 ἁγίων
2869 1265 2988 1319 ἐστί
3027 1266 3124 1319 καὶ
3169 1268 3566 1340 σωθησομένων
3588 1273 3726 1327 πάν-ι

2142 1373 2253 1419 τως
2285 1355 2346 1409 τὸ
2399 1356 2780 1410 ἐπικαλεῖσθαι
2802 1374 2816 1387 ο
2850 1375 2878 1408 ·ι
2916 1358 3033 1422 Πᾶς
3072 1378 3090 1410 ι
3121 1358 3252 1430 γὰρ,
3296 1363 3482 1432 φησιν,
3531 1384 3547 1415 ι
3570 1364 3628 1429 ὃς
3664 1365 3731 1420 ἂν

2142 1445 2538 1517 ἐπικαλέσηται
2569 1445 2630 1498 τὸ
2648 1445 2818 1516 ὄνομα
2843 1447 3074 1518 Κυρίου,
3107 1448 3412 1520 σωθήσεται
3436 1491 3450 1504 .
3481 1469 3500 1502 ι
3528 1453 3591 1505 Εἰ
3622 1452 3731 1524 γὰρ

2148 1555 2167 1589 ι
2211 1539 2322 1601 πᾶς
2349 1538 2408 1602 ὃς
2447 1537 2514 1591 ἂν
2547 1538 2944 1610 ἐπικαλέσηται
2987 1538 3050 1592 τὸ
3086 1539 3257 1611 ὄνομα
3294 1541 3521 1613 Κυρίου,
3555 1543 3732 1616 σωθή-

2143 1646 2315 1696 σεται,
2354 1647 2372 1681 ι
2402 1631 2431 1683 ὁ
2461 1630 2539 1701 μὴ
2581 1628 2889 1700 σωζόμενος
2931 1629 3032 1705 οὐκ
3070 1630 3441 1686 ἐπεκαλέσατο
3469 1633 3532 1686 τὸ
3556 1634 3737 1706 ὄνομα

2143 1719 2376 1793 Κυρίου,
2405 1722 2456 1776 εἰ
2486 1722 2582 1775 καὶ
2629 1721 2890 1785 πολλάκις
2931 1719 3077 1786 ἔδοξε
3120 1721 3279 1776 τοῦτο
3345 1726 3728 1796 πεποιηκέναι.

451 1815 650 1884 smpitts
705 1814 901 1870 fecisse
963 1817 1114 1870 visus
1182 1816 1375 1871 fuerit.
1437 1815 1718 1885 Siquidem
1765 1811 2027 1867 invocatio

2142 1812 2217 1866 Οὐ
2245 1811 2354 1883 γὰρ
2383 1814 2441 1866 ἐν
2469 1815 2622 1884 φωνῇ
2661 1813 2909 1885 κρίνεται
2963 1813 3023 1866 τὸ
3060 1813 3437 1869 ἐπικαλεῖσθαι
3467 1793 3729 1888 τδνὸνομα

454 1925 557 1961 non
597 1908 649 1961 in
680 1923 832 1972 voce,
861 1911 952 1963 sed
987 1910 1037 1963 in
1074 1919 1224 1963 recto
1252 1908 1523 1978 loquentis
1572 1907 1794 1970 affectu,
1819 1915 1871 1960 cl
1909 1905 2032 1959 fidei

450 1996 707 2051 firmitate
750 2000 926 2068 posita
979 2009 1083 2053 est.
1139 1999 1214 2053 Ita
1242 2009 1298 2053 et
1327 2000 1378 2052 in
1413 1998 1626 2067 psalmo
1679 1997 2034 2067 nonagesimo

452 2101 648 2144 octavo
677 2107 782 2145 non
821 2093 1049 2146 cuilibet
1083 2093 1370 2147 Dominum
1410 2095 1610 2163 passim
1654 2093 1913 2146 invocare
1945 2091 2036 2145 tri-

449 2182 638 2235 butum
676 2192 778 2247 est,
825 2184 920 2236 sed
967 2182 1230 2245 Samueli,
1271 2183 1360 2251 qui
1395 2184 1530 2237 tanti
1581 2199 1609 2237 a
1654 2181 1768 2236 Deo
1811 2182 2034 2239 habitus

451 2286 558 2340 «~51,
586 2285 643 2327 ut
667 2290 788 2328 cum
820 2275 1005 2345 Meysc
1036 2275 1236 2330 dilecto
1264 2284 1742 2339 annumeraretur,
1770 2277 2034 2346 quemad-

439 2367 666 2418 n.odum
697 2364 964 2420 Jeremias
997 2367 1072 2421 ait
1096 2368 1141 2399 ⁹⁹
1165 2384 1180 2421 :
1207 2384 1226 2418 ι
1251 2367 1437 2436 Neque
1468 2368 1511 2421 si
1544 2368 1795 2422 steterint
1821 2367 2034 2439 Moyses

431 2471 502 2511 'ct
534 2459 748 2512 Samuel
799 2474 985 2513 coram
1031 2473 1137 2526 me,
1177 2469 1230 2513 et
1255 2461 1535 2514 oraverint
1570 2474 1669 2529 pro
1699 2460 1780 2514 his
1810 2458 2034 2529 quihus-

450 2551 572 2602 dam
625 2549 827 2617 impiis,
860 2549 1146 2605 exaudiant
1178 2565 1297 2616 eos,
1347 2551 1475 2604 dicit
1507 2552 1785 2606 Dominus.
1813 2570 1833 2603 ι
1875 2549 2029 2604 Scri-

429 2654 600 2712 ‘ptum
633 2654 714 2696 est
749 2643 917 2712 igitur
948 2645 1014 2698 de
1053 2644 1152 2698 eo’
1183 2661 1198 2698 :
1240 2662 1258 2694 ι
1285 2644 1497 2715 Moyses
1549 2653 1602 2698 et
1638 2643 1818 2697 Aaron
1852 2642 1903 2697 itt
1941 2657 2020 2697 sa-

430 2734 764 2787 cerdotibus
798 2732 936 2800 ejus,
976 2745 1031 2788 et
1066 2735 1287 2789 Samuel
1320 2736 1467 2789 inter
1517 2750 1612 2790 eos
1644 2735 1745 2803 qui
1773 2735 2031 2788 invocant

429 2842 645 2882 ‘nomcn
674 2826 810 2896 ejus.
831 2826 1173 2880 invocabant
1209 2827 1517 2890 Dominum,
1545 2837 1599 2880 et
1629 2826 1743 2896 ipse
1772 2825 2029 2880 exaudie-

430 2920 540 2973 "ltat
573 2934 690 2986 eos,
733 2921 787 2972 in
809 2920 1074 2974 columna
1113 2920 1274 2974 nubis
1308 2918 1636 2988 loquebatur
1668 2919 1734 2972 ad
1777 2931 1889 2973 eos.
1916 2918 2029 2973 Cu-

423 3014 754 3066 stodiebant
789 3011 1096 3066 testimonia
1119 3011 1251 3081 ejus
1287 3019 1350 3064 et
1389 3019 1657 3080 pramepta
1714 3009 2029 3093 qttzewtledit

2136 1905 2370 1978 Κυρίου,
2396 1905 2511 1959 ἀλλ’
2546 1907 2606 1960 ἐν
2639 1905 2881 1961 διαθέσει
2907 1905 3001 1959 τοῦ
3028 1905 3280 1975 λέγοντος
3306 1906 3400 1960 καὶ
3437 1907 3621 1960 πίστει
3647 1908 3730 1979 βε-

2137 1997 2286 2068 ϐαίᾳ.
2319 1997 2476 2050 Οὕτω
2503 1997 2634 2066 γοῦν
2679 1998 2737 2052 ἐν
2770 1996 2850 2069 τῷ
2889 2001 2975 2069 ιιη’
3021 1996 3221 2069 ψαλμῷ
3266 1997 3328 2050 ού
3372 2000 3484 2062 τοῖς
3529 1997 3727 2068 τυχοῦ-

2137 2106 2222 2142 σιν
2272 2089 2592 2142 ἀποδέδοται
2638 2089 2698 2142 τὸ
2747 2089 3124 2143 ἐπικαλεῖσθαι
3183 2088 3415 2161 Κύριον,
3463 2089 3600 2144 ἀλλά
3648 2089 3728 2162 τῷ

2135 2181 2418 2252 Σαμουὴλ,
2475 2181 2534 2245 ὃς
2576 2181 2831 2235 τοσοῦτον
2876 2181 3029 2253 παρὰ
3079 2181 3198 2252 Θεῷ
3245 2183 3529 2258 τετίμητο,
3581 2180 3726 2236 ὥστε

2133 2272 2358 2325 Μωῦσεῖ
2381 2272 2546 2326 αὐτὸν
2569 2272 3019 2345 συναριθμεῖσθαι
3045 2271 3123 2343 τῷ
3149 2272 3309 2344 φίλῳ,
3340 2273 3416 2338 ὡς
3459 2273 3723 2345 Ἱερεμίας

2134 2365 2301 2435 φησίν
2317 2381 2331 2395 ·
2353 2384 2373 2417 ι
2394 2365 2517 2419 Οὐδ’
2548 2365 2616 2420 ἂν
2641 2368 2740 2438 στῇ
2773 2367 3018 2438 Μωῦσῆς
3042 2365 3138 2419 καὶ
3160 2366 3412 2438 Σαμουὴλ
3427 2367 3533 2438 πρὸ
3555 2385 3726 2439 προσ-

2131 2452 2283 2507 ώπου
2315 2472 2444 2526 μου,
2473 2456 2604 2528 περὶ
2638 2455 2810 2511 τῶνδέ
2853 2473 3014 2510 τινων
3035 2455 3145 2509 τῶν
3172 2455 3384 2510 ἀσεϐῶν
3413 2457 3722 2529 εὐχόμενοι,

2137 2545 2258 2599 οὐδὲ
2279 2547 2486 2600 τούτων
2508 2547 2921 2619 εἰσακούσομαι,
2944 2549 3091 2618 λέγει
3111 2550 3331 2621 Κύριος.
3365 2569 3384 2602 ι
3407 2551 3723 2620 Γέγραπται

2132 2639 2316 2694 τοίνυν
2354 2641 2485 2712 περὶ
2545 2639 2742 2694 αὐτοῦ’
2779 2659 2797 2692 ι
2843 2643 3085 2714 Μωύσῆς
3138 2644 3232 2696 καὶ
3280 2641 3490 2714 Ἀαρὼν
3523 2647 3581 2699 ἐν
3608 2649 3723 2712 τοῖς

2133 2730 2370 2804 ἱερεῦσιν
2403 2731 2590 2796 αὐτοῦ,
2628 2732 2721 2785 καὶ
2746 2731 2998 2804 Σαμουὴλ
3036 2736 3095 2787 ἐν
3122 2737 3234 2797 τοῖς
3267 2735 3722 2808 ἐπικαλουμένοις

2130 2822 2193 2876 τὸ
2215 2822 2386 2893 ὄνομα
2411 2820 2601 2877 αὐτοῦ.
2633 2823 3029 2878 Ἐπεκαλοῦντο
3055 2825 3148 2880 τὸν
3185 2824 3410 2897 Κύριον,
3433 2828 3527 2880 καὶ
3557 2828 3721 2894 αὐτὸς

2131 2915 2452 2984 εἰσήκουσεν
2485 2913 2699 2967 αὐτῶν·
2743 2917 2802 2970 ἐν
2850 2915 3028 2987 στύλῳ
3064 2916 3295 2988 νεφέλης
3343 2917 3524 2972 ἐλάλει
3581 2919 3721 2990 πρὸς

2129 3007 2344 3071 αὐτούς.
2384 3006 2717 3076 Ἐφύλασσον
2741 3007 2811 3063 τὰ
2839 3008 3112 3081 μαρτύρια
3137 3009 3300 3064 αὐτοῦ
3333 3011 3425 3064 καὶ
3453 3010 3522 3064 τά
3551 3027 3720 3083 προσο

435 3105 574 3160 illis.
633 3104 858 3159 Domine
917 3106 1059 3160 Deus
1124 3113 1335 3168 noster,
1389 3113 1448 3158 tu
1497 3102 1834 3158 exaudiebas
1888 3115 2024 3157 eos:

2134 3101 2396 3172 τάγματα
2442 3100 2478 3155 ἃ
2515 3101 2717 3156 ἔδωκεν
2763 3102 2964 3166 αὐτοῖς.
3006 3101 3181 3176 Κύριε
3209 3104 3238 3156 ό
3262 3102 3394 3166 Θεὸς
3427 3103 3604 3175 ἡμῶν,
3651 3106 3718 3158 σὺ

422 3196 608 3261 'Deus,
658 3196 928 3266 propitius
956 3195 1124 3251 ‘fuisti
1175 3197 1278 3251 eis.
1311 3213 1331 3247 ι
1374 3194 1510 3261 Quia
1551 3194 1699 3249 enim
1743 3194 2025 3248 custodie-

424 3291 576 3344 'haut
626 3289 943 3343 testimonia
993 3288 1112 3357 ejus
1151 3296 1208 3342 et
1261 3297 1534 3356 prtecepta
1579 3300 1702 3356 quae
1749 3287 1897 3341 dedit
1920 3286 2026 3352 eis,

2131 3193 2400 3264 ἐπήκουες
2436 3193 2616 3247 αὐτῶν
2640 3210 2655 3224 ·
2697 3194 2726 3246 ὁ
2772 3193 3178 3258 Θεὸς,εὐ“ἰλατος
3212 3193 3401 3263 ἐγένου
3446 3197 3654 3260 αὐτοῖς.
3693 3215 3713 3248 ι

2142 3284 2295 3338 Ἐπεὶ
2321 3284 2429 3357 γὰρ
2452 3285 2754 3354 ἐφύλασσον
2769 3283 2837 3338 τὰ
2861 3284 3138 3357 μαρτύρια
3160 3284 3325 3339 αὐτοῦ
3347 3287 3442 3340 καί.
3467 3286 3536 3340 τά
3556 3304 3720 3359 προσ·

441 3383 661 3450 quando
689 3383 944 3444 orabant,
976 3381 1122 3434 inter
1165 3380 1482 3434 invocantes
1510 3381 1929 3447 reputabuntur.
1960 3379 2027 3433 Et

2134 3376 2383 3447 τάγματα
2416 3376 2452 3430 ἂ
2482 3376 2683 3431 ἔδωκεν
2715 3377 2922 3441 αὐτοῖς,
2957 3378 3047 3430 ὅτε
3101 3376 3355 3447 ηὔχοντο,
3404 3379 3486 3442 εἰς
3519 3380 3717 3432 ἐπικα-

442 3477 497 3530 in
533 3476 835 3529 centesimo
888 3474 1306 3542 quadragesimo
1337 3481 1534 3541 quarto
1551 3472 1768 3541 psalmo
1797 3485 2024 3525 accura-

446 3569 553 3622 tius
583 3567 880 3622 ediscimus
913 3566 1038 3635 quis
1065 3567 1133 3619 sit
1169 3565 1256 3618 ille
1285 3567 1377 3635 qui
1405 3566 1658 3619 invocat:
1683 3583 1706 3617 ι
1737 3563 1914 3634 Prope
1942 3571 2025 3618 est

427 3663 707 3715 "Dontinns
730 3659 988 3713 omnibus
1025 3657 1407 3712 invocantibus
1429 3673 1552 3712 eum
1578 3659 1635 3712 in
1673 3658 1906 3712 veritate
1923 3658 1970 3721 ’,
1999 3674 2018 3708 ι

438 3751 586 3818 quod
616 3765 812 3819 nempe
848 3749 957 3803 sint
990 3748 1214 3817 quidam
1243 3749 1333 3816 qui
1355 3763 1479 3803 ~nou
1507 3747 1768 3802 invocant
1798 3747 1850 3801 in
1881 3743 2023 3798 veri-

433 3850 554 3894 tate
579 3854 640 3889 τι
675 3837 788 3891 Non
825 3838 967 3891 enim
999 3837 1090 3906 qui
1127 3837 1260 3891 dicit
1297 3836 1454 3903 mihi,
1490 3836 1737 3900 Domine,
1772 3833 2020 3901 Domine,

441 3932 673 3987 intrabit
718 3931 770 3984 in
829 3944 1058 4000 regnum
1090 3930 1378 3995 caelorum,
1411 3930 1506 3984 sed
1543 3927 1631 3997 qui
1662 3926 1791 3982 facit
1833 3928 2022 3981 volun-

443 4031 607 4075 tatem
648 4020 826 4074 l’atris
863 4020 967 4075 mei
1003 4021 1095 4090 qui
1124 4022 1176 4074 in
1209 4019 1364 4074 oculis
1387 4027 1470 4073 est
1495 4017 1536 4070 ³.
1568 4036 1587 4069 ι
1615 4017 1752 4071 Nam
1782 4016 2024 4089 perfecte

444 4114 631 4167 dicere
667 4121 750 4166 est
799 4131 818 4162 ι
857 4113 1103 4177 Domine,
1126 4130 1144 4162 ι
1179 4110 1403 4180 quando
1435 4124 1601 4178 opera
1634 4110 1748 4179 ipsa
1785 4110 2022 4164 clamant

441 4214 494 4256 et
524 4205 732 4268 dicunt,
781 4219 800 4252 ι
830 4201 1080 4266 Domi-ue,
1129 4199 1373 4252 Domine.
1408 4217 1427 4248 ι
1485 4195 1624 4250 lliuc
1677 4211 1808 4266 ergo
1853 4196 2023 4264 liquet

440 4306 564 4344 eum
593 4290 684 4358 qtti
717 4289 934 4342 invocat
982 4285 1586 4352 Dominum,justitiam
1627 4285 1828 4340 habere
1861 4295 1908 4338 et
1933 4284 2020 4353 ju-

439 4381 647 4434 stitiam
677 4395 884 4435 veram.
915 4378 1050 4433 Cum
1082 4386 1262 4432 autem
1289 4377 1546 4431 Christus
1578 4376 1648 4430 sit
1673 4377 1904 4442 justitia,
1934 4378 2022 4444 jn-

2127 3466 2219 3520 λου
2228 3467 2418 3537 μένους
2439 3468 2766 3536 ἐλογίζοντο.
2797 3468 2906 3520 Καί⁸
2929 3468 2987 3519 ἐν
3009 3467 3086 3538 τῷ
3110 3469 3419 3539 ἐκαστοστῷ
3454 3487 3720 3542 τεσσαρα-

2127 3557 2308 3626 κοστῷ
2333 3557 2579 3628 τετάρτῳ
2607 3556 2806 3628 ψαλμῷ
2835 3557 3222 3628 ἀκριϐέστερον
3249 3558 3614 3630 διδασκόμεθα
3633 3563 3719 3626 τίς

2127 3647 2156 3699 ὁ
2186 3645 2613 3717 ἐπικαλούμενος
2647 3642 2800 3710 οὗτος
2819 3663 2834 3676 ·
2875 3666 2895 3698 ι
2928 3649 3125 3716 Ἐγγύς
3155 3648 3358 3720 Κύριος
3386 3654 3498 3714 τοῖς
3522 3653 3719 3705 ἐπικα-

2126 3737 2408 3808 λουμένοις
2441 3738 2603 3794 αὐτὸν
2629 3741 2686 3790 ἐν
2728 3738 2978 3810 ἀληθείᾳ,
3024 3758 3042 3790 ι
3080 3740 3156 3804 ὦς
3191 3758 3352 3796 τινων
3385 3744 3485 3796 οὐκ
3523 3745 3718 3800 ἐπικα-

2125 3828 2401 3900 λουμένων
2431 3829 2594 3884 αὐτὸν
2625 3832 2683 3883 ἐν
2712 3830 2942 3902 ἀληθείᾳ
2961 3847 2974 3860 ·
3021 3848 3040 3881 ι
3078 3833 3153 3885 Οὐ
3185 3832 3294 3902 γὰρ
3334 3835 3363 3888 ό
3393 3833 3564 3903 λέγων
3601 3853 3714 3906 μοι,

2125 3919 2321 3993 Κύριε,
2370 3920 2567 3994 Κύριε,
2599 3921 2967 3975 εἰσελεύσεται
3002 3922 3231 3996 εἰςττὴν
3275 3923 3554 3994 βασιλείαν
3602 3925 3715 3980 τῶν

2124 4011 2402 4085 οὐρανῶν·
2436 4011 2552 4066 ἀλλ’
2579 4014 2608 4066 ό
2653 4014 2823 4067 ποιῶν
2857 4014 2917 4068 τὸ
2956 4015 3169 4087 θέλημα
3203 4014 3296 4069 τοῦ
3344 4017 3558 4088 Πατρός
3605 4035 3712 4089 μου

2123 4105 2218 4160 τοῦ
2242 4107 2300 4161 ἐν
2330 4107 2598 4177 οὐρανοῖς.
2630 4123 2650 4157 ι
2677 4107 2910 4171 Τελείως
2943 4107 3052 4178 γάρ
3075 4110 3192 4162 ἐστι
3226 4107 3404 4176 λέγειν
3423 4128 3440 4159 ι
3462 4108 3656 4180 Κύριε,
3688 4127 3710 4162 ι

2127 4198 2218 4250 ὅτε
2268 4198 2364 4251 καὶ
2405 4196 2475 4250 τὰ
2519 4196 2654 4268 ἔργα
2693 4198 2990 4268 φθέγγεται
3036 4199 3132 4254 καὶ
3183 4199 3421 4267 λέγεται,
3457 4219 3475 4250 ι
3517 4199 3711 4271 Κύριε,

2125 4289 2319 4361 Κύριε.
2357 4309 2376 4342 ι
2408 4290 2585 4358 Σαφές
2629 4289 2759 4359 γοῦν
2808 4290 3065 4355 ἐνταῦθα,
3099 4291 3182 4344 ὃτι
3220 4292 3249 4344 ὁ
3284 4290 3714 4362 ἐπικαλούμενος

2123 4377 2327 4449 Κύριον
2355 4377 2705 4450 δικαιοσύνην
2745 4378 2879 4449 ἔχει,
2907 4380 3000 4431 καὶ
3036 4379 3380 4450 δικαιοσύνην
3411 4379 3609 4451 ἀληθῆ.
3645 4380 3711 4435 Εἰ

434 4485 560 4526 stus
593 4473 867 4541 particeps
893 4479 977 4525 est
1013 4471 1265 4539 justitire,
1306 4470 1356 4522 id
1387 4479 1491 4535 est,
1523 4469 1749 4522 Christi.
1779 4467 1856 4522 Ne
1888 4483 2019 4522 vero

2134 4469 2184 4522 δέ
2216 4469 2450 4542 Χριστὸς
2489 4468 2828 4540 δικαιοσύνη,
2859 4473 2887 4524 ὁ
2933 4469 3137 4533 δίκαιος
3167 4471 3513 4541 δικαιοσύνης
3547 4472 3709 4541 μετέ-

442 4566 570 4618 illttd
605 4578 620 4616 :
655 4565 847 4617 ‘I‘DOUS
892 4562 1119 4632 iustitiae
1177 4577 1309 4616 mete
1334 4601 1348 4626 ,
1379 4580 1398 4613 ι
1456 4561 1763 4629 superbiam
1817 4561 2018 4628 pariat,

442 4670 734 4724 possumus
767 4655 869 4708 hoc
903 4656 1123 4722 insuper
1155 4653 1306 4707 uti":
1337 4672 1356 4704 ι
1379 4652 1477 4718 Qui
1505 4650 1686 4706 factus
1731 4661 1815 4706 est
1865 4652 2020 4707 nobis

441 4762 469 4795 a
511 4746 621 4798 Deo
650 4744 913 4814 sapientia
950 4752 1004 4797 et
1030 4744 1262 4810 jnStitia,
1299 4753 1352 4796 et
1396 4744 1714 4807 redemptio,
1743 4763 1761 4795 ι
1801 4752 1852 4798 et
1897 4758 2018 4811 per-

441 4838 568 4890 inde
591 4836 694 4890 crit
723 4851 785 4891 ac
808 4839 853 4891 si
879 4837 1090 4891 diceres
1112 4837 1292 4891 :Deus
1320 4836 1538 4890 Domini
1571 4835 1698 4890 mei.

511 5019 676 5073 Vsus.
707 5017 761 5071 Ξ.
801 5018 863 5071 1η
913 5019 1250 5073 tribulatione
1294 5019 1540 5074 dilutasti
1583 5020 1734 5084 mihi,
1770 5021 2018 5075 miserere

441 5114 562 5178 mei,
594 5122 641 5166 el
674 5110 865 5164 exaudi
897 5115 1188 5166 arationem
1217 5130 1409 5176 meam,
1437 5124 1538 5168 etc.
1574 5113 1800 5168 Videtur
1833 5115 2015 5169 divina

440 5202 745 5271 Scriptura,
775 5199 918 5252 nulla
964 5200 1146 5253 habita
1195 5201 1452 5268 propositi
1505 5201 1728 5255 humani
1782 5201 2014 5268 ratione,

430 5291 718 5362 speciatim
744 5289 1149 5344 tribulationem
1183 5305 1382 5345 vocare
1413 5292 1464 5344 id
1495 5291 1639 5359 quod
1672 5304 1865 5346 sancto
1893 5291 2016 5345 viro

426 5384 724 5436 adversum
749 5380 948 5445 evenit,
983 5380 1114 5434 licet
1135 5382 1201 5434 ad
1225 5379 1342 5447 ejus
1372 5381 1695 5436 exercitium
1723 5381 2015 5439 inferatur.

423 5478 590 5543 'Quod
639 5480 782 5535 enim
833 5475 1101 5545 ejusmodi
1153 5473 1424 5542 peccatori
1469 5473 1691 5538 accidit,
1741 5473 2017 5542 flagellant

511 5593 554 5623 ”
585 5592 860 5655 lsai.t.vnt,
887 5594 940 5646 9.
1051 5591 1097 5622 ⁸⁸
1119 5588 1254 5644 Jocl.
1287 5605 1342 5655 ιι,
1368 5590 1458 5644 52.

433 5662 638 5721 sum.
715 5662 912 5715 ~Illor.
942 5679 977 5727 ι,
1002 5663 1090 5715 ὅθ.

1567 5590 1613 5621 "9
1647 5588 1851 5644 Jcrettt.
1879 5605 1967 5655 xv,
1992 5589 2044 5643 1.

2126 4578 2232 4630 χει,
2263 4562 2509 4614 τουτέστι
2534 4561 2792 4633 Χριστοῦ.
2832 4563 2947 4616 Ἵνα
2975 4562 3031 4614 δὲ
3062 4561 3137 4632 μὴ
3167 4557 3318 4636 ﬁent
3355 4564 3711 4632 καυχήματος

2125 4654 2209 4716 τὸ,
2235 4671 2254 4704 ι
2291 4653 2348 4706 Ὀ
2375 4653 2506 4715 Θεὸς
2531 4654 2629 4724 τῆς
2661 4651 3006 4723 δικαιοσύνης
3040 4670 3164 4723 μου,
3198 4672 3218 4704 ι
3247 4652 3521 4723 δυνάμεθα
3549 4669 3714 4724 προσ-

2127 4744 2437 4816 χρήσασθαι
2470 4744 2578 4815 τῷ·
2621 4763 2639 4794 ι
2691 4746 2788 4808 Ὃς
2815 4745 3046 4816 ἐγενήθη
3091 4744 3200 4798 ἀπὸ
3227 4745 3360 4798 Θεοῦ
3395 4746 3556 4816 σοφία
3575 4749 3709 4817 ήμῖν

2125 4837 2220 4889 καὶ
2258 4836 2569 4908 δικαιοσύνη
2591 4877 2605 4900 ,
2662 4837 2754 4891 καὶ
2801 4836 3199 4909 ἀπολύτρωσις,
3233 4856 3250 4890 ι
3287 4837 3382 4890 καὶ
3417 4837 3528 4893 ἴσον
3556 4837 3706 4893 ἔσται

2122 4927 2221 4998 τῷ,
2255 4930 2284 4981 ό
2315 4929 2446 4991 Θεὸς
2475 4927 2569 4980 τοῦ
2603 4929 2807 5000 Κυρίου
2843 4947 2964 4998 μου.

2209 5019 2304 5072 Ἐν
2367 5018 2570 5086 θλίψει
2614 5018 2962 5086 ἐπλάτυνιὶς
3007 5037 3137 5089 μοι·
3179 5021 3560 5090 οἰκτείρησόν
3606 5039 3706 5092 με,

2124 5109 2226 5163 καὶ
2271 5110 2640 5164 εἰσάκουσον
2694 5110 2806 5180 τῆς
2854 5110 3203 5181 προσευχῆς
3240 5131 3382 5182 μου,
3440 5130 3492 5165 κ.
3550 5131 3600 5166 τ.
3657 5115 3706 5169 ἐ.

2128 5201 2344 5256 Ἔοικεν
2378 5204 2411 5272 ή
2446 5200 2566 5255 θεία
2608 5201 2800 5272 Γραφὴ
2833 5202 2940 5273 (9‘2)
2973 5203 3136 5266 ἰδίως,
3167 5204 3266 5274 τὴν
3296 5204 3614 5275 προαίρεσιν
3647 5204 3708 5257 οὐ

2126 5292 2600 5364 περιεργαζομένη
2632 5293 2943 5366 ἀνθρώπου,
2990 5293 3168 5364 θλίψιν
3194 5294 3481 5366 ὀνομάζειν
3513 5297 3574 5350 τὸ
3609 5315 3707 5349 πε-

2129 5383 2458 5451 ριστατικὸν,
2482 5384 2574 5436 καὶ
2601 5385 2904 5454 γυμνασίου
2926 5384 3111 5438 ἕνεκεν
3130 5385 3423 5457 συμϐαῖνον
3444 5387 3518 5458 τῷ
3545 5387 3700 5456 ἀγίῳ⁶

2130 5473 2192 5525 τὸ
2221 5474 2421 5546 γὰρτῷ
2443 5475 2754 5548 ἁμαρτωλῷ
2785 5477 3070 5547 γινόμενον
3090 5478 3334 5547 μάστιγα
3353 5478 3555 5534 καλεῖ.ι
3584 5478 3708 5530 Πολ-

2160 5591 2341 5646 ’Psal.
2367 5609 2552 5658 xcvnt,
2573 5594 2624 5657 6,
2650 5595 2702 5659 7,
2727 5595 2783 5649 8.
2886 5595 2905 5624 '
2925 5594 3068 5649 Psal.
3092 5611 3269 5662 cxuv,
3290 5596 3377 5652 l8.
3480 5595 3709 5655 ’Matth.

507 5759 622 5832 (9‘2)
655 5761 893 5812 Ἔοικεν
933 5761 968 5827 ἠ
1013 5760 1138 5812 θεία
1172 5758 1404 5826 Γμιμή,
1451 5770 1555 5815 ctC.
1609 5759 1834 5813 Scheda:
1864 5759 2027 5814 Couth

2139 5761 2192 5828 ii,
2223 5761 2393 5817 codex
2423 5762 2535 5816 Rue
2566 5759 2622 5828 4,
2651 5759 2835 5814 Daniel
2871 5758 3168 5814 Barbarus.
