4124 6426
439 389 583 448 (ίῗιτ

1427 387 1734 445 SELECTA
1776 388 1845 445 IN
1885 385 2223 444 PSALMOS.
2265 417 2330 427 ——
2363 383 2562 440 PSAL.
2605 383 2691 439 IV‘.

3584 381 3640 433 Η
3654 381 3733 433 ῗδῗ

437 508 528 560 λαὶ
555 527 572 557 ι
596 506 726 577 γὰρ,
745 507 931 577 φησιν,
961 524 979 557 ι
1005 505 1286 576 aranea;
1300 504 1667 559 τῶνδικαίων·
1698 502 1873 568 mal;
1892 502 1994 555 Πολ

2132 512 2311 555 vocat.
2364 500 2498 555 Nam
2543 500 2793 561 (multa),
2830 498 3073 567 inquit“,
3122 496 3505 551 tribulationcs
3536 495 3717 563 justu-

437 601 528 653 λαὶ
544 600 601 652 αἱ
634 599 899 671 μάστιγες
927 599 1022 653 τοῦ
1051 598 1433 672 ἁμαρτωλοῦ.ι
1459 597 2023 667 Καὶπαραδείγματος

437 693 626 745 ἕνεκεν
654 690 909 762 ἐροῦμεν,
944 691 980 745 ἃ
1016 692 1115 762 μὲν
1156 691 1421 744 πέπονθεν
1456 688 1595 753 Ἰὼϐ,
1626 688 1833 758 θλίψεις
1856 683 2020 751 εἶναι,

439 788 531 839 καὶ
565 785 602 839 ἃ.
642 784 843 854 Ἰωσὴφ
869 785 927 837 ἒν
947 783 1210 854 Αἰγύπτῳ
1232 800 1245 812 ⁶
1290 782 1326 836 ἃ.
1365 782 1422 834 δέ
1455 780 1618 834 Δαυϊδ
1667 779 1757 834 διὰ
1796 778 1896 850 τὴν
1926 777 2021 831 τοῦ

437 876 634 949 Οὐρίου
660 876 755 929 καὶ
784 876 871 929 διὰ
909 876 970 928 τὸ
1004 875 1372 947 ὴριθμηκέναι
1408 876 1500 929 τὸν
1539 874 1684 938 λαὸν,
1719 873 2018 943 μάστιγας.

436 967 863 1040 Παρατηρητέον
899 968 1169 1039 μέντοιγε,
1220 970 1373 1039 μήτι
1416 967 1653 1039 λανθάνῃ
1676 967 1826 1037 ἡμᾶς
1865 965 1924 1018 ἐν
1953 966 2020 1036 τῇ

436 1058 649 1128 Γραφῇ,
681 1056 763 1110 ὅτι
786 1056 964 1125 θλίψις
996 1058 1145 1110 ἐστὶν
1174 1057 1267 1109 ἐπὶ
1309 1057 1650 1127 ἁμαρτωλῶν
1686 1053 2018 1124 τεταγμένη,

434 1149 530 1201 καλ⁵
567 1147 766 1219 μάστιξ
808 1151 901 1203 ἐπὶ
937 1149 1045 1203 τῶν
1074 1150 1178 1221 ἤδη
1211 1149 1458 1203 δικαίων.
1488 1150 1610 1201 Ὂτι
1667 1147 1725 1201 δὲ
1769 1145 1951 1216 θλίψις
1990 1146 2021 1198 ὁ

431 1243 544 1301 τοῖς
576 1241 755 1309 ἁγίοις
789 1240 1065 1313 διδόμενος
1104 1241 1410 1313 πειρασμὸς
1449 1239 1700 1294 ἀθλοῦσιν
1748 1239 2015 1302 καλεῖται,

430 1332 542 1384 ἀπὸ
573 1332 783 1385 πολλῶν
829 1335 1009 1405 ῥητῶν
1054 1333 1357 1403 κινούμεθα
1400 1333 1495 1385 καὶ
1534 1332 1736 1403 ἐτέρων
1758 1331 1910 1402 παρὰ.
1945 1331 2015 1384 τά

432 1425 826 1496 προειρημένα.
864 1428 938 1479 Οὐ
980 1426 1290 1496 θαυμαστὸν
1319 1425 1429 1495 γὰρ
1472 1425 1520 1477 εί
1558 1424 1755 1492 μάστιξ
1784 1423 2015 1476 ἅπτεται

430 1513 561 1567 υἱῶν
586 1516 1006 1587 ἡμαρτηκότων,
1036 1515 1112 1579 ῶς
1150 1533 1314 1585 φησιν
1336 1518 1364 1569 ό
1390 1514 1659 1585 Σολομώνι
1686 1534 1719 1565 ιν
1746 1516 2017 1582 Μαστιγοί

428 1606 487 1658 δέ
522 1606 701 1660 πάντα
735 1606 871 1668 υἱὸν,
906 1607 966 1660 ὃν
1001 1607 1388 1678 παραδέχεται;
1416 1628 1429 1655 ι
1452 1609 1573 1659 Kal“
1590 1607 1753 1659 πάλιν
1785 1607 2012 1661 ἐπιστα-

427 1702 543 1752 τεῖν
577 1700 683 1770 χρὴ
719 1700 990 1770 μάστιγας
1020 1699 1205 1755 καλεῖν
1225 1700 1292 1753 τὰ
1322 1702 1435 1763 τοῖς
1463 1697 2011 1768 Αίγυπτίοιςδιὰιτὺν

441 1790 657 1861 Ἰσραὴλ
684 1792 1069 1863 συμϐεϐηκότα
1087 1810 1115 1823 ι
1145 1791 1269 1845 ἐπεὶ
1294 1792 1425 1844 υἱῶν
1453 1794 1602 1845 ἐστιν
1635 1791 1694 1843 τὸ
1718 1790 2009 1861 μαστιγοῦ-

2130 608 2281 655 rum;
2316 592 2467 646 ret“
2501 610 2514 645 :
2546 609 2564 641 ι
2593 590 2755 644 Multa
2782 589 2996 657 ﬂagella
3049 589 3371 658 peccatoris.
3400 605 3419 638 ι
3463 586 3713 655 Exempli

2126 698 2319 747 causa,
2352 698 2474 751 quae
2505 682 2729 751 pertulit
2759 680 2887 740 Job.
2922 691 2977 733 et
3007 696 3127 748 qua:
3166 694 3362 748 passus
3390 688 3473 731 est
3503 677 3712 748 Joseph

2126 773 2180 828 in
2212 769 2472 843 IEgypto,
2502 771 2888 825 tribulatioues
2913 768 3194 832 dicemus;
3226 783 3348 836 qua:
3376 775 3556 820 autem
3584 783 3711 833 pro-

2125 873 2244 933 pter
2278 878 2505 917 uxorem
2540 861 2684 917 Uria:
2730 871 2785 915 et
2829 861 3013 929 populi
3044 875 3275 915 censum
3304 873 3597 929 perpessus
3626 866 3711 913 εει

2124 956 2320 1020 David,
2372 953 2585 1026 ﬂagella
2642 952 3056 1023 appellabimus.
3112 949 3289 1021 558,
3323 949 3588 1005 Cancrum
3642 965 3711 1003 ne

2123 1049 2251 1117 quid
2280 1047 2333 1102 in
2366 1046 2669 1116 Scripturis
2711 1060 2810 1099 nos
2840 1044 3028 1108 lateat,
3060 1043 3460 1098 observandum
3493 1052 3572 1098 est
3605 1043 3695 1094 tri-

2123 1141 2457 1196 bulationem
2489 1142 2655 1195 etiam
2689 1138 3095 1208 peccatoribus,
3125 1146 3175 1191 et
3222 1135 3493 1205 ﬂagellum
3529 1138 3705 1191 homi-

2122 1234 2281 1289 nibus
2326 1234 2439 1302 jam
2487 1232 2654 1303 jus-stis
2691 1231 2878 1286 tribui.
2912 1229 3068 1297 Quod
3116 1243 3250 1283 vero
3294 1230 3543 1293 tentatio,
3582 1245 3705 1298 quae

2119 1325 2343 1381 sanctis
2384 1325 2518 1380 viris
2564 1324 2907 1379 cenantibus
2959 1321 3295 1386 immittitur,
3334 1320 3704 1376 tribulationis

2119 1415 2341 1471 nomine
2369 1429 2616 1480 vocetur,
2654 1430 2718 1469 ex
2752 1413 2937 1468 multis
2966 1421 3167 1483 praeter
3199 1425 3263 1465 ea
3292 1427 3412 1481 qum
3441 1412 3705 1476 diximus,

2118 1506 2315 1574 verbis,
2347 1515 2405 1560 ut
2440 1505 2733 1561 credamus
2778 1506 3123 1560 adducimur.
3160 1502 3279 1558 Non
3325 1504 3471 1558 enim
3504 1504 3703 1556 mirum

2115 1607 2221 1662 est,
2253 1598 2296 1654 si
2341 1597 2617 1668 ﬂagellum
2663 1597 3045 1667 delinquentes
3077 1598 3218 1653 tilias
3246 1596 3494 1664 corripit,
3526 1606 3584 1648 ut
3628 1596 3705 1646 ait

2116 1690 2418 1746 Salomon"
2447 1709 2460 1744 :
2490 1688 2803 1759 eFlagellat
2843 1696 3026 1743 autem
3060 1703 3283 1743 omnem
3326 1688 3496 1740 lilium
3537 1703 3699 1754 quem

2117 1781 2326 1851 recipit.
2358 1781 2480 1835 ι-Ει
2526 1796 2717 1836 rursus
2764 1779 3314 1835 animadvertendum
3356 1790 3441 1834 est
3487 1780 3697 1847 ﬂagella

428 1842 583 1935 σθοὶιζ
604 1842 713 1936 Kal
745 1842 855 1956 is};
873 1842 1598 1954 tt‘s‘a,5;,....at;a.g
1626 1842 1994 1953 ψαλμῷεέρη-

2111 1842 2365 1945 dici-qua:
2392 1873 2667 1945 IEgypliis
2688 1884 2918 1944 .pr0pter
2938 1871 3103 1928 Israel
3128 1874 3496 1944 contigerunt.
3532 1842 3698 1927 Filio-

424 1990 542 2027 ταιο
577 1992 593 2025 t
627 1964 773 2027 ⁹Ἐὰν
801 1976 1201 2029 καταλείπωσιν
1229 1974 1335 2027 υἱοὶ
1379 1974 1543 2027 αὐτοῦ
1569 1974 1661 2026 τὸν
1688 1973 2004 2043 νόμοννμωυ,

426 2066 520 2117 καὶ
552 2067 611 2119 ἐν
650 2069 762 2129 τοῖς
794 2068 1024 2138 κρίμασί
1054 2084 1155 2137 μου
1200 2066 1278 2137 μὴ
1305 2066 1661 2137 πορευθῶσιν,
1696 2065 1791 2118 ἐὰν
1822 2064 1891 2117 τὰ
1930 2065 2007 2118 διε

424 2157 714 2229 καιώματά
756 2177 855 2231 μου
888 2160 1294 2231 βεϐηλώσωσιν,
1345 2160 1440 2213 καὶ
1488 2159 1585 2222 τὰς
1633 2160 1852 2221 ἐντολάς
1903 2177 2004 2230 μου

425 2251 499 2322 μὴ
539 2242 868 2320 φυλάξωσιν,
907 2252 1275 2323 ἐπισκέψομαι
1322 2254 1380 2304 ἐν
1411 2251 1592 2321 ῥάϐδῳ
1634 2250 1734 2314 τὰς
1773 2250 2005 2321 ἀνομίας

421 2343 623 2397 αὐτῶν.
668 2364 687 2395 ι
725 2344 942 2396 Τούτων
999 2344 1056 2396 δὲ
1105 2342 1433 2414 εἰρημένων,
1470 2342 1532 2395 τὸ
1583 2343 1681 2413 μὲν
1727 2342 2004 2397 θλίϐεσθαι

419 2429 521 2482 οὐκ
555 2431 619 2484 ἂν
649 2432 734 2501 εἴη
785 2432 893 2485 τῶν
936 2434 1020 2501 ἐρ’
1053 2435 1184 2503 ἡμῖν
1204 2450 1217 2463 ι
1247 2432 1308 2485 τὸ
1354 2432 1410 2485 δὲ
1434 2433 1885 2505 δυσαρεστεῖσθαι
1910 2436 2005 2488 καὶ

418 2522 678 2577 ἐνδιδόναι
730 2524 840 2577 τῶν
874 2526 961 2594 ἐφ’
1004 2527 1136 2595 ἡμῖν
1172 2526 1425 2595 ψεκτῶνο
1471 2529 1607 2599 ὅπερ
1653 2531 2004 2600 στενοχωρεί-

417 2612 544 2667 σθαι
562 2614 917 2685 ὀνομάζουσιν
941 2617 995 2670 αἱ
1032 2618 1265 2689 Γραιραι.
1290 2618 1365 2671 Τὸ
1390 2618 1447 2672 δὲ
1478 2620 1615 2691 πρὸς
1645 2619 1725 2690 τῷ
1755 2618 1829 2690 μὴ
1864 2619 2002 2673 ἐνδι-

414 2705 562 2759 δόναι
588 2708 682 2761 καὶ
717 2709 1109 2779 εὐφραίνεσθαι
1149 2710 1209 2762 ἐν
1242 2711 1458 2774 αὐταῖς,
1503 2711 1580 2775 ὡς
1634 2709 1823 2776 οὔσαις
1866 2728 2002 2783 προ-

412 2799 611 2866 φάσεσι
647 2798 909 2870 μειζόνων
939 2800 1118 2854 ἄθλων
1141 2802 1234 2854 καὶ
1260 2802 1648 2871 ἐπαγγελιῶν,
1702 2804 1877 2873 ἁγίων
1907 2804 1999 2875 έρ-

412 2904 530 2956 γον,
564 2889 707 2944 καθά
735 2907 899 2962 φησιν
927 2893 955 2944 ό
1000 2891 1350 2956 Ἀπόστολος·
1374 2910 1395 2946 ι
1441 2895 1529 2947 Ἐν
1560 2896 1726 2949 παντὶ
1748 2896 2000 2967 θλιϐόμε-

411 2995 515 3042 νοι,
533 2980 649 3033 ἀλλ’
672 2982 735 3035 οὐ
763 2982 1271 3054 στενοχωρούμενοι.
1286 3004 1304 3036 ι
1325 2984 1433 3037 Kal
1452 2985 1775 3057 αἰτιώμενος
1800 2989 1998 3061 Κοριν-

410 3069 562 3136 θίους
597 3072 761 3145 φησὶν
794 3074 979 3137 αὐτοῖς
1004 3075 1286 3146 προσιέναι
1315 3077 1697 3148 στενοχωρίαν,
1725 3078 1871 3133 οὕτω
1910 3079 1996 3133 λέ-

2112 1982 2231 2021 rum
2263 1967 2409 2022 enim
2435 1967 2717 2036 premium
2745 1976 2823 2021 est
2862 1965 3086 2034 ﬂagello.
3110 1965 3387 2034 vapulare.
3420 1967 3601 2032 Quare
3638 1966 3691 2017 in

2110 2059 2319 2127 psalmo
2347 2058 2683 2129 octogesimo
2707 2068 2902 2113 octavo
2933 2059 3134 2113 dicitur
3155 2058 3177 2089 ⁸
3202 2079 3215 2111 ι
3250 2076 3268 2109 ι
3292 2058 3351 2111 Si
3380 2058 3692 2125 derelique-

2108 2154 2219 2207 rint
2257 2152 2350 2205 ﬁlii
2390 2152 2510 2222 ejus
2542 2151 2716 2220 legem
2759 2168 2959 2217 meam,
2995 2163 3052 2207 et
3090 2154 3140 2207 iu
3168 2152 3391 2221 judiciis
3422 2152 3557 2205 meis
3583 2167 3689 2204 non

2108 2241 2544 2310 ambulaverint,
2585 2244 2629 2296 si
2670 2242 2911 2311 justitias
2958 2259 3105 2299 meas
3150 2242 3589 2313 profanaverint,
3637 2253 3693 2296 et

2108 2334 2360 2387 mandata
2407 2348 2529 2387 mea
2561 2348 2667 2387 non
2710 2334 3094 2397 eustodierint,
3139 2334 3474 2387 visitaboin
3538 2333 3690 2402 virga

2106 2426 2423 2496 iniquitates
2458 2441 2670 2481 eorum.
2696 2443 2717 2478 ι
2756 2425 2879 2479 Ihm:
2918 2441 3040 2481 cum
3088 2427 3230 2480 dicta
3278 2426 3408 2491 sint,
3445 2425 3691 2480 tribulari

2106 2533 2212 2572 non
2248 2526 2331 2573 est
2378 2517 2432 2572 in
2480 2518 2673 2583 nobis;
2717 2519 2953 2573 moleste
3004 2528 3189 2572 autem
3226 2517 3371 2572 ferre
3409 2528 3463 2572 et
3495 2522 3690 2572 cedere

2104 2610 2262 2665 nobis
2286 2611 2627 2667 estliberum
2659 2610 2932 2680 simulque
2956 2609 3341 2679 vituperabile;
3365 2611 3507 2681 quod
3536 2611 3687 2665 Serio

2104 2713 2277 2774 pturte
2330 2713 2529 2759 vocant
2575 2705 2902 2775 angustiari.
2947 2704 3063 2759 Non
3117 2705 3316 2759 solum.
3347 2716 3525 2759 autem
3580 2721 3686 2759 non

2101 2801 2320 2860 cedere,
2351 2801 2444 2853 sed
2478 2800 2528 2852 in
2564 2799 2707 2868 ipsis
2730 2799 2928 2864 hutari,
2954 2810 3142 2868 utpote
3165 2813 3285 2867 qua:
3315 2796 3520 2866 majora
3549 2814 3688 2866 prtu—

2102 2892 2209 2943 mia
2241 2892 2610 2960 consequendi
2635 2894 2985 2946 occasionem
3033 2889 3335 2960 ιιιυειιειιιιις
3371 2901 3681 2944 sanctorum

2100 2984 2343 3036 virorum
2385 2998 2522 3053 Opus
2568 2992 2672 3048 est,
2705 2985 3164 3053 quemadmodum
3198 2983 3274 3035 ait
3302 2978 3635 3052 Apostolus”
3664 3003 3679 3039 :

2101 3092 2123 3127 ι
2149 3074 2203 3128 In
2231 3075 2488 3128 omnibus
2529 3074 2941 3129 tribulationem
2986 3075 3281 3143 patientes,
3315 3075 3409 3128 sed
3441 3090 3681 3128 nonan-

406 3182 555 3235 γων·
597 3185 614 3217 ι
654 3167 730 3220 Οὐ
767 3167 1187 3237 στενοχωρεῖσθε
1216 3170 1275 3223 ὲν
1297 3170 1450 3239 ἡμῖν,
1484 3172 1906 3243 στενοχωρεῖσθε
1934 3172 1992 3226 δέ

2102 3164 2341 3234 gustiati.
2372 3182 2394 3217 ι
2435 3165 2498 3218 Et
2519 3178 2750 3234 carpens
2772 3165 3087 3220 Corinthios
3129 3167 3205 3219 ait
3235 3168 3516 3237 angustias
3549 3168 3682 3237 ipsis

407 3259 468 3312 ἐν
512 3261 624 3323 τοῖς
654 3258 984 3329 σπλάγχνοις
1016 3259 1188 3330 ὑμῶν.
1215 3279 1233 3312 ι
1269 3258 1400 3315 Εἶτα
1429 3262 1762 3335 παρακαλῶν
1794 3266 1991 3329 αὐτοὺς

2100 3257 2305 3321 inesse,
2343 3257 2531 3311 dicens
2554 3257 2640 3308 “z
2676 3274 2697 3308 ι
2724 3255 2840 3311 Νοιι
2874 3257 3263 3325 angnstiamini
3289 3258 3341 3311 in
3378 3256 3678 3319 nobis,an»

405 3347 499 3403 διὰ
524 3350 625 3421 τὴν
656 3349 751 3402 τοῦ
783 3350 938 3417 ἁγίου
970 3350 1324 3415 κατάστασιν,
1347 3352 1513 3424 φησίν
1536 3370 1549 3385 ο
1586 3372 1604 3405 ι
1643 3354 1989 3428 Πλατύνθητε

407 3440 505 3495 καὶ
556 3442 732 3512 ὐμείς.
773 3461 792 3494 ι
831 3443 941 3495 Καὶ
973 3434 1076 3496 ὧδε
1118 3442 1298 3497 τοίνυν
1344 3445 1661 3517 εὐχαριστεῖ
1694 3446 1772 3518 τῷ
1810 3447 1930 3519 Θεῷ
1960 3449 1989 3503 ό

405 3531 703 3602 Προφήτης
725 3532 1051 3605 βοηθήσαντι
1077 3535 1223 3607 αὐτῷ
1258 3536 1354 3589 καὶ
1386 3538 1724 3611 εὐρυχωρίαν
1747 3540 1991 3613 δωρησα-

404 3624 555 3695 μένῳ
580 3627 647 3697 τῇ
675 3627 993 3698 προαιρέσει
1021 3626 1183 3683 αὑτοῦ
1210 3629 1267 3681 ἐν
1296 3630 1474 3702 καιρῷ
1501 3630 1749 3702 θλίψεως.
1780 3634 1989 3691 Πλατύ-

402 3732 482 3769 νει
514 3716 622 3786 γὰρ
660 3718 689 3771 ό
738 3718 873 3783 Θεὸς
904 3721 964 3773 οὐ
998 3722 1187 3777 παύων
1217 3722 1345 3786 τοὺς
1378 3726 1599 3789 κακοὺς,
1650 3725 1786 3780 ἀλλά
1817 3744 1989 3798 μεγα-

403 3806 661 3879 λοψυχίαν
685 3810 880 3873 διδούς.

478 3992 597 4045 Υἱοὶ
631 3992 977 4064 ἀνθρώπων,
1016 3995 1128 4063 ἕως
1156 3996 1301 4051 πότε
1323 3998 1752 4069 βαρυκάρδιοι;
1781 4003 1903 4058 Ἵνα
1925 4006 1983 4059 τί

397 4081 668 4152 ἀγαπᾶτε
688 4087 1070 4155 ματαιότητα,
1116 4089 1216 4142 καὶ
1238 4088 1458 4159 ζητεῖτε
1478 4092 1727 4162 ψεῦδος,
1760 4112 1813 4150 κ.
1849 4114 1899 4151 τ.
1930 4099 1976 4151 ὲ.

396 4173 496 4238 Τὸ,
518 4174 686 4230 «Υἱοί
711 4177 1014 4249 ἀνθρώπων
1041 4179 1206 4251 (95),ι
1242 4184 1272 4234 ό
1302 4184 1405 4253 μέν
1436 4201 1519 4247 τις
1545 4187 1789 4258 οἰήσεται
1816 4205 1976 4260 περι-

397 4266 713 4336 φραστικῶς
759 4268 1032 4341 εἰρῆσθαι,
1092 4272 1167 4335 ὼς
1222 4276 1317 4327 καὶ
1351 4275 1609 4347 Ἕλλησιν
1643 4276 1797 4341 ἔθοςο
1851 4275 1978 4344 Υἷες

409 4356 671 4426 Ἀχαιῶνο
702 4359 879 4430 ἕτεροι
910 4361 965 4414 δὲ
992 4364 1100 4417 ἀπὸ
1131 4363 1225 4417 τοῦ
1250 4367 1501 4437 Σωτῆρος
1528 4367 1825 4439 ἀρξάμενοι
1856 4372 1979 4424 πολ-

393 4446 558 4520 λαχοῦ
613 4452 1047 4523 χρηματίζοντος
1092 4456 1225 4510 Υίοῦ
1282 4458 1594 4530 ἀνθρώπου,
1652 4461 1750 4533 τὴν
1796 4464 1975 4519 αἰτίαν

2097 3349 2421 3419 gustiamini
2465 3358 2651 3404 autem
2687 3350 2740 3404 iu
2791 3349 3088 3404 visceribus
3129 3350 3344 3403 vestris.
3372 3368 3390 3400 ι
3433 3348 3550 3402 Mox
3586 3366 3681 3405 eos

2095 3455 2193 3508 per
2216 3441 2527 3496 sanctitatis
2570 3450 2769 3495 statum
2797 3443 3119 3507 exhortans,
3151 3442 3283 3497 dicit
3308 3442 3348 3472 ¹¹
3380 3461 3392 3496 :
3420 3460 3438 3492 ι
3470 3441 3676 3495 Dilata-

2097 3534 2227 3589 mini
2256 3543 2312 3589 et
2344 3549 2462 3590 vos.
2488 3552 2508 3586 ι
2546 3534 2638 3590 Sic
2672 3535 2835 3606 igitur
2858 3534 3131 3603 Propheta
3179 3535 3385 3605 gratias
3411 3537 3521 3603 agit
3559 3535 3673 3591 Deo

2094 3627 2185 3696 qui
2223 3628 2483 3684 auxilium
2517 3629 2566 3685 ei
2599 3628 2786 3684 attulit
2820 3635 2875 3682 ει
2902 3628 3276 3682 dilatationcm
3300 3629 3445 3682 dedit
3486 3629 3681 3682 volun-

2096 3719 2194 3773 tati
2248 3718 2366 3789 ejus
2416 3721 2469 3776 in
2526 3730 2771 3792 tempore
2832 3721 3221 3776 tribulationis.
3269 3720 3466 3773 Dilatat
3528 3720 3675 3775 enim

2093 3809 2257 3876 Deus,
2289 3829 2397 3867 non
2434 3813 2604 3869 malos
2634 3813 2963 3880 cohibendo,
2990 3816 3088 3869 sed
3136 3813 3300 3869 animi
3345 3814 3673 3883 magnitudi-

2090 3917 2214 3957 nem
2239 3903 2619 3974 impertienda.

2162 3992 2324 4048 Vsus.
2355 3995 2406 4048 5.
2445 3994 2578 4050 Filii
2604 3995 2895 4060 hontirmm,
2928 4011 3195 4067 ast/aequo
3212 3998 3360 4066 gravi
3387 3999 3580 4052 corde?
3603 3997 3671 4054 Ut

2087 4089 2213 4159 quid
2244 4090 2465 4161 diligitis
2495 4090 2783 4143 vanitatem
2813 4100 2859 4144 et
2890 4092 3129 4161 quwritis
3154 4093 3482 4144 mendacium
3501 4095 3526 4146 !
3555 4106 3667 4151 etc.

2087 4179 2257 4245 Istud,
2291 4199 2309 4233 ι
2336 4181 2433 4236 ﬁlii
2465 4180 2767 4246 hominum,
2796 4200 2815 4233 ι
2849 4183 3096 4236 nonnulli
3122 4182 3536 4237 arbitrabuntur
3571 4200 3668 4251 per

2085 4271 2628 4328 circnmlocutionem
2652 4275 2853 4330 dictum
2873 4290 3015 4336 esse,
3041 4277 3502 4345 quemadmodum
3525 4277 3667 4342 apud

2084 4366 2329 4434 Graecos,
2360 4366 2458 4421 lilii
2499 4367 2857 4422 Achivorum.
2905 4366 3008 4421 Alii
3042 4382 3171 4422 vero
3200 4384 3228 4420 a
3268 4367 3554 4422 Salvatore
3592 4368 3671 4421 in-

2083 4457 2368 4527 cipientes,
2404 4459 2496 4527 qui
2528 4458 2848 4528 plerumque
2885 4456 3052 4511 Filius
3084 4459 3318 4514 hominis
3340 4461 3663 4528 appellatur,

392 4539 768 4610 βουλεύσονται
793 4543 1099 4613 ἐξιχνεῦσαι
1122 4548 1216 4601 καὶ
1246 4550 1508 4620 περὶτῶν
1538 4550 1844 4621 ἀνθρώπων
1874 4556 1974 4627 οὐχ

2100 4565 2304 4605 :ausam
2330 4565 2573 4620 quaerere
2598 4551 2779 4605 volent
2802 4567 2901 4604 cur
2936 4551 3163 4620 quidam
3201 4565 3305 4604 non
3343 4551 3665 4619 simpliciter

391 4633 579 4697 ἁπλῶς
608 4635 955 4705 λεγομένων,
983 4638 1243 4705 πολλάκις
1270 4642 1402 4695 υἱῶν
1427 4642 1733 4716 ἀνθρώπων
1755 4664 1857 4719 χρη
1868 4664 1973 4717 μα-

386 4724 660 4788 τιζόντων.
691 4727 932 4781 Οὐδέπου
957 4729 1067 4801 γὰρ
1100 4733 1195 4786 καὶ
1234 4735 1363 4806 περὶ
1412 4735 1506 4788 τοῦ
1542 4738 1796 4809 Σωτῆρος
1820 4740 1970 4813 περί-

387 4833 588 4887 φρασις
613 4817 680 4870 ἂν
714 4818 800 4890 εἴη
821 4818 884 4872 τὸ
912 4821 1041 4875 Υἱὸν
1071 4823 1361 4895 ἀνθρώπου
1393 4828 1555 4881 αὐτὸν
1585 4830 1969 4900 ὀνομάζεσθαι,

380 4906 505 4961 ἐπεὶ
528 4908 746 4977 λέγεται
764 4927 778 4942 ·
809 4930 827 4962 ι
862 4911 1140 4978 Ἐξουσίαν
1154 4915 1353 4971 ἔδωκεν
1380 4918 1528 4989 αὐτῷ
1560 4922 1743 4991 κρίσιν
1772 4927 1969 4988 ποιεῖν,

378 4996 463 5052 ὅτι
492 5000 619 5063 Υἱὸς
650 5001 941 5074 ἀνθρώπου
966 5005 1136 5058 ἐστί.)
1169 5009 1289 5079 Χρὴ
1315 5010 1495 5063 τοίνυν
1542 5013 1770 5066 καθόλου
1804 5014 1965 5071 τοῦτο

381 5091 690 5158 γινώσκειν,
717 5095 854 5166 ὃτιή
894 5095 1183 5168 ἅνθρωπος
1218 5104 1580 5174 προσηγορία,
1619 5105 1709 5158 ὅτε
1742 5107 1789 5158 οἰ
1817 5106 1964 5176 ἆγιοι

378 5181 493 5236 θεοὶ
526 5189 1046 5260 προσαγορεύονται,
1083 5192 1175 5246 ἐπὶ
1195 5193 1364 5264 ψόγου
1391 5195 1729 5267 λαμϐάνεται
1748 5215 1761 5229 °
1792 5201 1879 5253 ὅτε
1908 5200 1964 5253 δὲ

379 5274 550 5345 κτήνη
590 5276 684 5331 καί
723 5278 885 5351 θηρία
943 5284 993 5336 οί
1036 5285 1373 5358 ἁμαρτωλοὶ,
1400 5290 1493 5343 ἐπὶ
1535 5292 1758 5347 ἐπαίνου
1796 5292 1961 5347 καλοῦ

376 5366 657 5457 τάσσεται.
689 5373 800 5427 Kal
833 5376 926 5429 τοῦ
960 5378 1060 5441 μὲν
1088 5381 1355 5451 προτέρου
1388 5384 1754 5457 παράδειγμα
1778 5404 1796 5435 ι
1821 5385 1962 5453 Ἐγὼ

377 5453 539 5513 εἶπα·
572 5464 695 5518 Θεοί
746 5468 890 5532 ἐστε,
926 5471 1021 5523 καὶ
1066 5472 1171 5524 υἰοί
1209 5473 1464 5543 Ὑψίστου
1516 5477 1747 5541 πάντεςο
1805 5479 1962 5548 ὑμεῖς

372 5550 431 5603 δὲ
492 5553 566 5617 ὡς
623 5555 900 5627 ἄνθρωποι
958 5562 1361 5634 άποθνήσκετε,
1432 5569 1526 5621 καὶ
1591 5569 1667 5633 ὡς
1723 5563 1805 5632 εἷς
1852 5569 1962 5623 τῶν

445 5646 633 5725 illam.
668 5668 860 5707 χχχιιι.
899 5655 989 5709 20.
1085 5658 1106 5687 ‘
1137 5657 1276 5711 l‘sal.
1313 5676 1464 5725 χχχι,
1498 5662 1582 5715 10.

376 5713 635 5773 Η⁵111201⁸.
674 5739 748 5785 Vl,
788 5725 873 5779 1‘2.
956 5727 995 5757 “
1028 5728 1066 5781 ΙΙ
1098 5728 1223 5783 Cur.
1256 5746 1326 5794 tl,
1366 5731 1444 5784 15.

1697 5664 1716 5694 ⁷
1748 5663 1906 5717 Prov.
1947 5680 2069 5722 χιιι.
2102 5664 2157 5718 9..

1530 5735 1570 5763 ¹²
1601 5733 1761 5787 Joan.
1793 5751 1843 5788 ν.
1876 5734 1964 5787 ‘27.
2044 5735 2087 5766 ¹³
2122 5735 2267 5790 l’sal.
2298 5751 2483 5796 Lxxxt,
2524 5738 2577 5798 (ἱ,
2607 5736 2657 5789 7.

2081 4643 2354 4710 homines,
2408 4645 2603 4714 saepius
2639 4644 2730 4697 lilii
2766 4644 3045 4698 hominum
3098 4643 3466 4712 appellentur.
3505 4643 3662 4709 Quod

2078 4738 2224 4791 enim
2280 4737 2536 4793 Salvator
2579 4748 2809 4792 vocetur
2853 4736 3026 4792 Filius
3059 4739 3317 4801 hominis,
3346 4739 3660 4806 neutiquam

2079 4829 2421 4897 periphrasis
2467 4844 2590 4886 esse
2635 4831 2827 4900 possit,
2883 4831 3153 4899 siquidem
3186 4831 3487 4884 dicitur":
3523 4848 3541 4880 ι
3571 4830 3664 4883 Dc-

2075 4919 2156 4973 dit
2177 4920 2224 4973 ei
2250 4929 2581 4988 potestatem
2606 4921 2874 4990 judicium
2902 4924 3108 4988 facere,
3135 4925 3259 4993 quia
3287 4922 3458 4978 Filius
3489 4923 3663 4977 humi-

2074 5010 2159 5064 nis
2192 5019 2292 5065 est.
2325 5030 2343 5064 ι
2380 5011 2490 5067 lloc
2515 5014 2679 5084 igitur
2707 5018 3008 5085 generatim
3034 5018 3317 5072 sciendum
3368 5025 3453 5073 est
3493 5015 3664 5069 homi-

2076 5100 2161 5155 nis
2218 5104 2641 5173 appellationem
2688 5109 2949 5175 additam,
2985 5126 3107 5165 cum
3154 5110 3251 5165 viri
3284 5114 3456 5167 sancti
3493 5112 3663 5166 nomi-

2078 5203 2284 5246 nantur
2311 5193 2411 5259 dii,
2463 5196 2516 5250 in
2561 5197 2889 5270 vituperium
2926 5200 3068 5255 sumi
3099 5218 3113 5254 ι
3141 5219 3267 5258 cum
3308 5219 3437 5259 vero
3474 5220 3660 5274 pecca-

2077 5295 2223 5342 tores
2250 5285 2381 5342 l'erze
2405 5297 2459 5342 et
2491 5303 2687 5359 pecora
2724 5295 3005 5363 dicuntur,
3035 5298 3088 5351 in
3133 5296 3347 5351 laudem
3380 5297 3654 5362 deputari.

2073 5381 2281 5438 Prioris
2324 5384 2701 5456 intelligentia:
2749 5389 3057 5457 exemplum
3105 5388 3465 5456 est":rEgo
3516 5388 3653 5449 dixi,

2072 5475 2155 5529 Dii
2208 5478 2367 5543 estis,
2409 5489 2463 5532 et
2496 5479 2585 5532 ﬂlii
2624 5480 2836 5535 Excelsi
2891 5496 3106 5545 omnes,
3141 5496 3239 5533 vos
3290 5490 3471 5533 autent
3510 5480 3655 5533 sicut
3748 5496 3753 5501 ·

2073 5570 2327 5625 homines
2367 5571 2675 5626 moriemini
2727 5582 2783 5625 et
2841 5573 2985 5626 sicut
3038 5586 3177 5626 unus
3207 5572 3275 5624 de
3311 5571 3650 5639 principibus

2254 5665 2275 5694 “
2303 5664 2443 5717 Psal.
2479 5680 2745 5730 uvxvm,
2775 5666 2866 5731 5'1,
2894 5666 2984 5730 52,
3009 5666 3097 5719 55.
3207 5668 3227 5696 ⁹
3260 5666 3298 5720 ll
3322 5667 3449 5722 Cor.
3482 5682 3557 5731 tv,
3592 5668 3646 5721 δι

455 5834 570 5900 (1'5)
606 5835 695 5899 Τὸ,
731 5836 847 5890 Υἱοὶ
885 5837 1230 5908 ἀνθρώπων,
1281 5853 1383 5899 etc.
1434 5844 1566 5900 Cod.
1603 5845 1739 5903 llos.
1781 5849 1994 5908 Barcae

2100 5866 2170 5917 is,
2197 5849 2412 5905 soheda:
2440 5846 2780 5917 Combelisii,
2809 5847 3101 5905 Barbarus.
