4124 6428
440 390 565 443 ll“

1430 387 1736 444 SELECTA
1778 389 1842 443 IN
1883 388 2221 446 PSALMOS.
2262 422 2324 431 η-
2362 392 2553 447 PSAL.
2600 394 2665 447 IV

3557 393 3608 447 r:
3628 394 3707 447 ιο

436 510 487 561 οἰ
511 507 569 561 δὲ
592 508 957 573 διδάσκοντες,
990 509 1147 562 αὐτοὶ
1168 510 1288 561 κατ’
1314 509 1496 563 εἰκόνα
1518 511 1613 564 καὶ
1638 511 1891 581 ὁμοίωσιν
1919 512 1994 564 τοξ

2120 512 2425 584 Ξεοιυευ
2451 515 2649 569 Christi
2673 513 2860 583 jugum
2892 513 3126 567 subiere.
3158 510 3322 566 Forte
3352 512 3537 576 etiam,
3563 516 3687 579 quia

432 600 594 663 Θεοῦ,
630 602 677 653 οἰ
716 600 1147 671 μαθητευθέντες
1186 600 1305 669 μὲν,
1341 600 1440 653 οὐκ
1484 601 1623 665 ἄξιοι
1650 603 1704 655 δὲ
1730 603 1837 656 τῶν
1869 605 2015 658 διδα-

438 694 643 759 ξάντων
678 693 1056 762 γεγενημένοι,
1086 691 1426 754 ὀνειδίζοιντο
1454 692 1519 746 ἂν
1555 694 1633 757 ὠς
1680 696 1785 747 υἱοὶ
1812 696 2016 768 ἀνθρώ-

437 804 539 839 που
572 784 944 857 βαρυκάρδιοι,
970 787 1092 847 ταῖς
1121 783 1386 847 δοθείσαις
1419 786 1693 856 ἀφορμαῖς
1719 788 1798 851 εἰς
1830 787 1890 839 τὸ
1918 805 2005 840 κα-

437 878 621 949 θοιρὰνΓ
651 877 902 945 γενέσθαι
943 877 1043 948 τὴν
1078 878 1303 948 καρδίαν
1348 880 1407 930 οὐ
1460 879 2009 949 κατηκολουθηκότες.

437 970 546 1022 Καὶ
579 968 687 1039 γάρ
724 968 846 1031 ἔθος
885 969 1012 1033 τοὺς
1052 968 1492 1039 διδασκομένους,
1528 969 1623 1022 καὶ
1665 969 1738 1040 μὴ
1775 988 2014 1041 παρακο-

435 1059 755 1122 λουθοῦντας
780 1062 891 1123 τοῖς
917 1059 1260 1129 λεγομένοις,
1305 1059 1698 1130 βαρυκαρδίους
1734 1060 2011 1112 καλεῖσθαι

434 1151 543 1203 ὑπὸ
570 1150 678 1202 τῶν
709 1151 1064 1204 διδασκόντων
1106 1151 1192 1204 διὰ
1240 1152 1299 1204 τὸ
1326 1153 1471 1222 παχὺ
1504 1152 1602 1222 τῆς
1636 1151 1879 1224 καρδίας.
1914 1154 2013 1205 Διὰ

396 1224 592 1315 ξτοῦτο
619 1242 675 1294 δὲ
723 1241 817 1295 καὶ
859 1241 1080 1313 ζητοῦσι
1114 1244 1175 1296 τὸ
1215 1243 1408 1312 ψεῦδος
1446 1244 1521 1306 ὡς
1565 1243 1638 1314 μὴ
1689 1243 1920 1313 ὁρῶντες
1953 1244 2013 1297 τὸ

434 1333 652 1404 ἀληθές.
676 1335 747 1389 Εἰ,
764 1334 821 1389 δὲ
847 1334 1043 1404 βαθῦτε
1055 1352 1165 1407 ρον,
1192 1335 1313 1387 ἐπεὶ
1335 1333 1563 1404 ἀλήθειά
1582 1336 1728 1385 ἐστιν
1748 1337 1775 1387 ὁ
1802 1334 2010 1404 Σωτὴρ,

430 1426 613 1494 δῆλον,
637 1426 718 1477 ὅτι
748 1426 942 1495 ἐχθρὸς
970 1426 1151 1495 ἂνςεῐη
1176 1425 1351 1495 τούτῳ
1376 1426 1531 1493 λόγος
1558 1425 1756 1495 ψευδὴς
1787 1425 1850 1477 τὸ
1883 1427 2013 1496 άλη-

434 1518 525 1580 θὲς
560 1518 1045 1588 ἐπαγγελλόμενος,
1079 1519 1139 1571 ὃν
1168 1518 1508 1589 ἀντίχριστον
1537 1519 1565 1569 ὁ
1603 1517 1851 1587 Ἰωάννης
1885 1518 2013 1570 πολ-

432 1610 588 1672 λάκις
619 1611 800 1679 φησίν.
860 1611 984 1663 Ἐὰν
1010 1611 1067 1663 δὲ
1099 1609 1250 1663 κατὰ.
1275 1610 1605 1679 περίφρασιν
1642 1608 1890 1681 λαμϐάνῃ
1929 1627 2011 1672 τις

350 1758 361 1767 ,
432 1704 516 1763 τὸ,
554 1720 571 1752 ι
597 1703 698 1754 υἱοὶ
726 1701 1045 1772 ἀνθρώπων,
1072 1721 1090 1753 ι
1131 1700 1389 1763 ἀντὶτοῦ,
1432 1719 1449 1750 ι
1477 1700 1772 1771 ἄνθρωποι,
1798 1718 1817 1752 ι
1846 1702 1907 1753 τὸ
1936 1702 2025 1764 ὡς,

432 1792 524 1842 ἐπὶ
555 1791 614 1843 τὸ
654 1792 900 1844 πλεῖστον
920 1794 982 1844 ἐν
1016 1791 1321 1864 ἀνθρώποις
1348 1790 1406 1844 ὃν
1440 1791 1500 1843 τὸ
1528 1789 1887 1861 βαρυκάρδιον
1923 1793 2009 1845 αἰ-

2117 607 2364 675 ώεεψιιιὶ
2399 606 2490 659 lilii
2523 617 2643 659 sunt
2675 606 3045 674 praeceptoris,
3077 616 3128 659 et
3156 614 3513 673 praeceptores
3552 604 3691 655 ima-

2117 698 2297 767 ginem
2330 708 2381 752 et
2416 698 2829 751 similitudinem
2865 696 2955 751 Dei
2990 706 3202 764 gerunt,
3241 696 3441 749 ideirco
3472 693 3561 763 qtti
3592 691 3691 746 do-

2116 796 2311 841 centur
2342 789 2581 857 quidem,
2625 788 2714 841 sed
2757 787 3188 854 [)I‘CBCCIHOI'HHIS
3231 785 3374 855 digiti
3406 799 3507 837 non
3535 790 3687 844 sunt,

2118 880 2150 931 ii
2189 888 2442 947 tanquam
2482 880 2577 934 lilii
2612 880 2888 957 homit‘tuu
2923 888 2975 932 et
3009 879 3156 948 gravi
3205 880 3369 931 corde
3405 877 3685 944 obiurgari

2115 973 2510 1040 possunt,quod
2544 972 2757 1027 oblatas
2789 971 2889 1023 sibi
2923 969 2987 1021 ad
3022 984 3115 1022 cor
3152 968 3553 1023 euntndandum
3596 983 3689 1020 oe-

2115 1064 2365 1116 easiones
2398 1063 2617 1117 minime
2662 1063 2827 1116 secuti
2865 1064 2991 1115 sint.
3027 1061 3136 1116 Mos
3164 1063 3307 1115 enim
3344 1060 3586 1123 inolevit,
3628 1068 3687 1111 ιιι

2113 1155 2202 1223 qui
2241 1154 2602 1208 instituuntur
2652 1164 2707 1207 et
2752 1162 3020 1222 praecepta
3074 1153 3175 1205 sibi
3210 1153 3404 1205 tradita
3457 1168 3561 1204 non
3596 1166 3685 1203 se-

2114 1250 2372 1311 quuntur.
2400 1244 2470 1298 ob
2502 1243 2684 1298 cordis
2712 1244 3016 1298 crassitiem
3055 1259 3083 1296 a
3120 1243 3542 1312 praeceptoribus
3566 1255 3687 1309 gra~

2116 1335 2165 1388 vi
2220 1335 2383 1389 corde
2432 1336 2681 1403 discipuli
2740 1345 3141 1401 nuncupentur.
3182 1335 3389 1389 Idcirco
3438 1337 3688 1399 quaerunt

2113 1429 2276 1482 etiam
2320 1428 2684 1488 mendacium.
2717 1430 2915 1499 quippe
2954 1430 3046 1499 qui
3094 1443 3198 1481 non
3239 1427 3456 1479 videant
3485 1424 3688 1476 verita-

2116 1529 2245 1574 tem.
2283 1518 2437 1584 Quod
2488 1519 2532 1573 si
2584 1522 2916 1575 reconditiur
2958 1535 3151 1575 sensus
3199 1516 3555 1572 adducendus
3581 1525 3685 1578 est,

2112 1612 2367 1682 quoniam
2406 1614 2607 1667 veritas
2645 1624 2728 1668 est
2774 1614 3049 1679 Salvator,
3094 1614 3263 1681 liquet
3308 1612 3354 1665 ei
3400 1608 3683 1663 inimicum

2111 1716 2233 1756 esse
2255 1716 2561 1756 sermonem
2591 1704 2905 1758 mendacem
2934 1705 3021 1773 qui
3051 1703 3337 1757 veritatem
3363 1696 3681 1766 pollicetur.

2113 1810 2272 1863 quem
2316 1810 2458 1863 saepe
2517 1795 2753 1850 Joannes
2802 1796 3044 1850 nominat
3093 1792 3476 1847 antichristqu
3524 1789 3587 1842 ‘9.
3625 1784 3685 1840 Si

428 1890 637 1956 τιᾶται,
663 1888 749 1939 ἴνα
777 1888 839 1940 τὸ
861 1888 1031 1950 οὕτως
1067 1888 1204 1941 εῖπω
1251 1887 1557 1957 βαρυήκοον
1594 1885 1758 1939 αὐτοῦ
1794 1886 1994 1940 ἀποϐα-

2111 1900 2237 1939 vero
2277 1888 2399 1955 quis
2446 1902 2509 1941 ex
2562 1888 2863 1956 periphrasi
2905 1887 3105 1940 dictum
3147 1898 3267 1938 esse
3313 1881 3468 1945 velit,
3511 1896 3528 1929 ι
3586 1877 3684 1930 lilii

429 1975 612 2039 λόντες
650 1978 1133 2030 κατασκευάσωσιν
1178 1976 1478 2046 ἀγχίνοιαν,
1510 1976 1605 2027 καὶ
1633 1973 2001 2045 ῖνσιτὴν...τοῦ

430 2067 612 2137 ζητεῖν
640 2066 738 2138 τὴν
775 2068 1002 2138 δύναμιν
1036 2070 1093 2120 ὲν
1117 2070 1183 2137 τῇ
1212 2068 1359 2136 ψυχῇ
1396 2067 1799 2136 ἀποστήσαντες
1839 2057 1913 2116 ὧν
1942 2066 2000 2117 οὑ

428 2162 554 2233 χρὴ,
576 2160 734 2212 ἅτινα
761 2160 928 2231 ψευδῆ
965 2162 1143 2214 πάντα
1168 2162 1345 2223 ἐστὶν,
1372 2162 1456 2229 ἐφ’
1490 2160 1525 2213 ἃ
1568 2160 1649 2213 δεῖ
1680 2158 2002 2231 μεταγάγω-

427 2274 479 2309 σι
504 2295 518 2319 ,
561 2254 654 2306 καὶ
686 2253 959 2324 ζητήσωσι
985 2254 1082 2323 τὴν
1115 2253 1391 2323 ἀλήθειαν.

2112 1977 2411 2043 hominum,
2436 1998 2453 2029 ι
2492 1994 2593 2047 pro
2627 2000 2645 2030 ι
2676 1980 2945 2042 homines,
2975 1996 2995 2028 ι
3028 1978 3080 2031 id
3114 1977 3254 2047 quod
3290 1971 3683 2044 plerumquein

2109 2069 2423 2126 hominibus
2452 2079 2534 2125 est
2564 2086 2661 2125 cor
2687 2086 2851 2141 grave
2883 2069 3326 2139 reprehenditur,
3357 2076 3416 2119 ut
3447 2064 3681 2133 abjecta.

2110 2160 2189 2214 sic
2215 2160 2415 2226 dicam,
2450 2162 2565 2229 ejus
2607 2163 2874 2223 surditate
2911 2159 3331 2228 intelligentiam
3383 2170 3679 2224 assequan-

2112 2262 2225 2317 tur,
2254 2264 2307 2308 et
2362 2270 2513 2310 suam
2560 2256 2839 2310 solertiam
2877 2269 2972 2309 seu
3006 2252 3281 2322 quaerendi
3318 2251 3424 2304 vim
3458 2264 3487 2302 a
3521 2249 3689 2302 rebus

425 2345 650 2399 minume
699 2347 1026 2401 necessariis
1066 2359 1295 2414 quaeque
1342 2358 1533 2399 omnes
1587 2342 1811 2398 fallaces
1842 2351 1993 2406 sunt,
2032 2353 2361 2413 avertentes,
2413 2347 2478 2401 ad
2513 2362 2577 2401 ea
2613 2362 2735 2417 quas
2769 2346 3077 2401 necessaria
3122 2354 3247 2400 sunt
3300 2341 3596 2397 adhibeant
3629 2349 3695 2398 et

424 2439 707 2492 veritatem
751 2440 1042 2506 inquirant.

492 2530 707 2598 Κύριος
730 2532 1156 2585 εὶσακούσεταί
1189 2549 1307 2600 μου
1339 2532 1409 2584 ἐν
1441 2530 1521 2596 τῷ
1551 2533 1900 2602 κεκραγέναι
1920 2549 1995 2601 με

424 2619 573 2688 πρὸς
601 2622 806 2685 αὐτὸν,
837 2639 889 2674 κ.
921 2640 971 2674 τ.
1007 2623 1053 2676 ὲ.
1084 2622 1310 2691 Μεγάλη
1340 2621 1490 2690 φωνὴ
1516 2621 1624 2691 (94)
1654 2625 1686 2691 ἡ
1721 2621 1997 2688 φθάνουσα

422 2711 557 2781 πρὸς
584 2712 737 2775 Θεὸν,
762 2713 860 2783 οὐχ
884 2713 918 2782 ἢ
946 2712 1093 2783 παρὰ
1119 2716 1230 2775 τοῖς
1254 2711 1563 2783 ἀνθρώποις
1589 2711 1706 2763 ἐστὶ
1730 2714 2000 2779 γεγωνυῖα

422 2804 517 2857 καὶ
573 2804 940 2875 ὲπιτεταμένη
1000 2805 1141 2859 κατὰ
1190 2803 1288 2872 τὴν
1359 2803 1581 2872 μείζονα
1641 2802 1853 2874 πληγὴν
1902 2802 1998 2856 τοῦ

419 2893 602 2964 ἀέρος,
647 2895 762 2947 ἀλλ’
799 2896 946 2966 ἠτοῦ
980 2893 1307 2965 ἡγεμονικοῦ
1341 2893 1558 2963 καθαρὰ
1594 2894 1689 2947 καὶ
1733 2894 1999 2958 ἀθόλωτος

418 2982 647 3048 διέξοδος
669 2985 777 3038 τῶν
797 2987 932 3056 πρὸς
958 2986 1087 3039 Θεὸν
1106 2985 1577 3055 ἁναπεμπομένων
1594 2984 1783 3051 λόγων.
1804 2985 1997 3039 Ἱστέον

2182 2524 2347 2580 Vens.
2379 2523 2431 2577 4.
2471 2523 2725 2578 Dominus
2759 2524 3006 2578 exaudiet
3042 2539 3120 2577 me
3151 2539 3267 2576 cum
3293 2524 3584 2575 clamavero
3613 2521 3682 2574 ad

2103 2635 2244 2682 cum,
2270 2628 2377 2673 etc.
2417 2616 2607 2687 Magna
2639 2631 2740 2671 vox
2771 2632 2892 2686 qua:
2940 2616 3190 2687 pervenit
3239 2616 3306 2669 ad
3340 2614 3540 2675 Deum;
3572 2627 3679 2664 non

2104 2724 2186 2769 est
2217 2714 2307 2767 illa
2347 2728 2465 2782 quae
2501 2712 2640 2766 inter
2680 2712 2947 2766 homines
2978 2711 3203 2765 multum
3242 2718 3421 2773 sonat,
3464 2717 3516 2760 et
3564 2722 3679 2759 ma-

2094 2804 2201 2874 jori
2247 2805 2387 2858 aeris
2430 2803 2582 2871 pulsu
2634 2804 2961 2867 intenditur,
2990 2805 3086 2857 sed
3121 2812 3200 2855 est
3243 2817 3410 2870 purus
3436 2810 3486 2853 et
3521 2815 3678 2851 mun-

2102 2898 2203 2950 dus
2231 2899 2567 2950 internorum
2601 2896 2803 2951 mentis
2831 2897 3118 2949 verborum
3153 2908 3440 2951 exeursns,
3466 2906 3583 2957 qua:
3609 2890 3676 2942 ad

2105 2990 2268 3043 Deum
2323 3002 2493 3057 usque
2533 2988 2865 3057 pertingunt.
2914 2986 3206 3040 Sciendum
3254 2986 3396 3038 enim
3442 2991 3676 3036 estesse

420 3074 552 3144 γάρ,
592 3077 675 3129 ὅτι
717 3076 831 3129 ἔστι
863 3093 947 3141 τις
978 3078 1069 3130 καὶ
1098 3078 1191 3130 τοῦ
1230 3074 1474 3148 κρυπτοῦ
1504 3076 1600 3146 τῆς
1643 3075 1868 3145 καρδίας
1901 3076 1994 3129 ἀν-

2100 3078 2383 3147 quamdam
2413 3080 2467 3132 in
2493 3077 2696 3133 intimis
2720 3076 3036 3146 praecordiis
3058 3074 3288 3129 hominis
3318 3088 3525 3137 vocem,
3556 3086 3678 3139 quae

420 3166 642 3237 θρώπου
687 3168 837 3238 φωνὴ
885 3168 960 3239 μὴ
1004 3169 1364 3240 συγχρωμὲνη
1398 3168 1475 3238 τῷ
1506 3167 1738 3238 σώματι,
1773 3169 1839 3238 ἣν
1881 3167 1991 3220 ἔσθ’

418 3258 507 3309 ὅτε
536 3261 614 3321 εἰς
638 3259 799 3311 αὐτὸν
823 3259 1123 3329 συναχθεὶς,
1150 3262 1243 3313 καὶ
1276 3259 1529 3313 εἰσελθὼν
1556 3263 1634 3323 είς
1657 3260 1718 3322 τὸ
1748 3259 1994 3330 ταμιεῖόν

424 3363 537 3409 σου,
588 3348 681 3400 καὶ
723 3349 822 3418 τὴν
864 3349 1033 3421 θύραν
1074 3351 1182 3404 τῶν
1226 3353 1594 3423 αἰσθητηρίων
1639 3351 1989 3414 ἀποκλείσας,

420 3439 513 3493 καὶ
540 3442 648 3503 πᾶς
681 3442 965 3512 γενόμενος
997 3444 1099 3511 ἔξω
1130 3445 1376 3515 σώματος
1406 3445 1722 3517 ἀναπέμπει
1743 3445 1877 3515 πρὸς
1902 3444 1992 3498 τὸν

421 3530 580 3599 μόνον
613 3532 875 3587 ἀκούοντα
924 3537 1178 3608 τοιαύτης
1212 3539 1413 3609 φωνῆς.
1449 3538 1548 3590 Διὰ
1581 3537 1739 3590 τοῦτό
1778 3554 1859 3589 τοι
1889 3552 1992 3607 μη-

415 3619 607 3689 δεμιᾶς
650 3624 915 3695 αἰσθητῆς
956 3628 1142 3698 φωνῆς
1188 3629 1293 3681 ὑπὸ
1339 3628 1432 3681 τοῦ
1481 3627 1760 3691 Μωῦσέως
1795 3628 1991 3694 ἀναγε-

412 3712 736 3785 γραμμένης
774 3718 1055 3784 γεγονέναι
1094 3720 1227 3789 φησὶ
1262 3721 1397 3792 πρὸς
1438 3720 1624 3784 αὐτὸν,
1652 3720 1727 3781 ὡς
1750 3718 1858 3771 ἀπὸ
1892 3719 1989 3788 τῆς

425 3799 664 3864 Ὲξόδου
700 3806 1129 3879 μεμαθήκαμενρ
1161 3829 1178 3861 ι
1212 3812 1276 3863 Τί
1319 3812 1447 3882 βοᾷς
1488 3812 1625 3882 πρός
1659 3827 1762 3881 μεῖ
1802 3829 1818 3859 ⁸
1851 3811 1989 3881 Βρα-

422 3898 543 3965 χεῖα
569 3896 626 3949 δὲ
652 3901 801 3951 πᾶσα
825 3902 974 3971 φωνὴ
1000 3905 1032 3972 ἡ
1061 3904 1188 3973 περί
1209 3903 1317 3957 τῶν
1341 3905 1598 3972 ἐπιγείων
1626 3903 1719 3956 καὶ
1751 3901 1984 3972 μικρῶν,

411 3987 505 4038 καὶ
542 3990 811 4042 ταπεινῶν
858 3990 1107 4059 διέξοδος,
1160 3994 1254 4047 καὶ
1299 3993 1515 4064 αἴτησις
1561 3993 1669 4046 ἀπὸ
1710 3992 1874 4045 Θεοῦ·
1917 3994 1986 4063 ἢν

410 4076 768 4147 ἀπαγορεύων
801 4082 829 4133 ὁ
867 4082 1056 4156 Σωτὴρ
1089 4084 1418 4155 προσφέρειν
1462 4083 1541 4153 τῷ
1579 4084 1751 4155 Πατρί
1798 4100 1981 4153 φησινο

414 4185 435 4215 ι
475 4169 685 4222 Αἰτεῖτε
714 4169 781 4222 τὰ
816 4173 1043 4241 μεγάλα,
1085 4175 1274 4228 καὶτὰ
1311 4174 1483 4245 μικρὰ
1518 4177 1644 4244 ὑμῖν
1682 4174 1983 4245 προστεθή-

413 4272 590 4311 σεται⁶
615 4262 815 4313 αἰτεῖτε
841 4262 908 4315 τά
942 4264 1260 4333 ἐπουράνια,
1292 4266 1387 4319 καὶ
1418 4264 1487 4319 τά
1516 4267 1733 4333 ἐπίγεια
1754 4281 1997 4336 προσ-τες,

409 4350 630 4419 θήσεται
655 4352 804 4421 ὑμῖν.
852 4371 869 4404 ι

2101 3169 2348 3235 corporis
2384 3184 2588 3238 organo
2628 3184 2732 3222 non
2781 3167 3075 3237 profertur,
3107 3166 3200 3221 sed
3234 3179 3395 3234 quam
3423 3163 3586 3216 homo
3616 3163 3668 3215 in

2103 3274 2160 3314 se
2187 3259 2446 3315 collectus
2472 3268 2527 3314 et
2559 3261 2610 3315 in
2642 3259 2953 3315 cubiculum
3005 3259 3305 3329 ingressus,
3334 3255 3668 3323 occlusaque

2099 3368 2355 3407 sensuum
2388 3362 2566 3422 porta,
2598 3361 2849 3420 totusque
2880 3364 3033 3407 extra
3059 3367 3258 3421 corpus
3286 3350 3491 3421 positus
3508 3347 3664 3400 cmit-

2102 3446 2164 3499 tit
2198 3446 2266 3501 ad
2289 3460 2411 3501 eum
2444 3445 2532 3514 qui
2566 3444 2713 3499 solus
2738 3444 2998 3511 ejusmodi
3032 3460 3215 3497 vorem
3246 3442 3435 3496 audire
3470 3448 3669 3509 potest.

2097 3538 2464 3604 Quamobrem
2517 3537 2617 3592 etsi
2664 3553 2769 3592 non
2805 3537 3046 3606 legamus
3079 3534 3243 3589 ullam
3279 3533 3499 3604 Moysen
3548 3544 3672 3585 sen-

2098 3632 2251 3685 silem
2303 3644 2488 3685 vocem
2535 3630 2804 3697 emisisse,
2835 3629 2883 3683 ei
2930 3638 3104 3681 tamen
3159 3626 3358 3680 dicitur
3389 3640 3416 3677 a
3464 3624 3570 3676 Deo
3617 3622 3668 3674 in

2101 3721 2288 3776 Exodo
2304 3722 2355 3754 ¹⁹
2382 3740 2394 3775 :
2418 3740 2436 3773 ι
2462 3721 2601 3788 Quid
2635 3721 2838 3775 clamas
2865 3720 2932 3773 ad
2968 3719 3087 3772 me?
3113 3738 3129 3771 ι
3168 3718 3340 3772 Exilis
3365 3715 3539 3769 omnis
3564 3729 3669 3766 vox

2095 3825 2180 3868 est
2226 3829 2345 3884 quxe
2391 3814 2456 3868 de
2498 3813 2730 3868 terrenis
2776 3822 2832 3867 et
2883 3811 3043 3865 ﬂuxis
3071 3811 3233 3864 rebus
3266 3808 3576 3862 obtinendis
3603 3806 3669 3857 ad

2097 3902 2263 3956 Deum
2301 3903 2589 3959 emittitur.
2626 3903 2776 3957 Hane
2816 3902 3064 3956 Salvator
3110 3902 3175 3954 ad
3232 3901 3446 3954 Patrem
3485 3897 3665 3966 prul‘e-
3754 3956 3758 3960 Α

2099 3994 2316 4047 rendam
2351 4001 2532 4061 negat,
2564 4008 2684 4046 cum
2710 3995 2785 4047 ait
2818 3992 2953 4064 (94‘)
2981 4008 2994 4045 :
3033 4009 3051 4041 ι
3080 3991 3320 4058 Quaerite
3352 4004 3569 4057 magna,
3609 3999 3666 4040 et

2093 4097 2256 4150 parva
2291 4082 2443 4135 vobis
2478 4082 2801 4149 adjicieutur
2830 4084 3098 4151 :quzcrite
3155 4080 3414 4142 caelestia,
3455 4090 3504 4132 et
3550 4089 3664 4131 ter!-

2096 4188 2220 4227 rena
2256 4172 2578 4239 adjicientur
2612 4174 2780 4226 vobis.
2833 4192 2849 4222 ι

494 4430 839 4507 Ὀργίζεσθε,
865 4443 961 4496 καὶ
980 4442 1065 4513 μὴ
1089 4444 1473 4513 ἁμαρτάνετε,
1504 4464 1557 4500 κ.
1584 4464 1634 4502 τ.
1664 4447 1711 4499 ἐ.
1747 4445 1863 4513 Ἦμ
1892 4446 1983 4517 ὁρ-

2164 4464 2325 4517 \‘Ens.
2342 4464 2392 4517 5'.
2416 4462 2738 4527 Irasrimim’,
2766 4476 2809 4519 et
2836 4466 2995 4520 nolite
3010 4482 3245 4529 peccare,
3266 4474 3371 4519 etc.
3387 4466 3495 4519 Vox
3518 4466 3656 4532 hare,

409 4529 641 4596 Υίζεσθε,
686 4551 703 4584 ι
737 4535 885 4605 φωνὴ
922 4536 1033 4605 (95)
1066 4538 1319 4606 σημαίνει
1362 4539 1422 4591 τὸ
1453 4537 1845 4609 προστακτικὸν
1879 4555 1979 4593 κα-

403 4625 693 4695 τηγόρημα
714 4643 726 4654 ·
778 4628 1032 4697 σημαίνει
1058 4628 1113 4681 δὲ
1144 4629 1238 4683 καὶ
1264 4629 1324 4684 τὸ
1360 4630 1634 4700 ὀριστικὸν
1670 4629 1773 4682 ὑπό
1818 4646 1978 4682 τινων

404 4715 737 4786 καλούμενον
767 4719 1233 4785 διαϐεϐαιωτικὸν,
1275 4716 1413 4776 οἷον·
1444 4720 1793 4793 ὀργιζόμεθα,
1821 4720 1977 4791 ὀργίο

402 4807 583 4872 ζεσθε,
620 4811 965 4881 ὀργίζονται.
989 4814 1157 4869 Πάλιν
1188 4814 1329 4868 κατὰ
1359 4813 1515 4868 ἄλλον
1547 4814 1744 4884 τρόπον
1771 4816 1802 4884 ὴ
1838 4814 1975 4884 ὀργὴ

400 4904 759 4973 προσηγορία,
800 4905 891 4972 ἀφ’
924 4899 992 4976 ἦς
1020 4907 1416 4977 ἐσχημάτισται
1441 4909 1524 4969 τὸ,
1559 4924 1577 4958 ι
1611 4905 1915 4978 ὀργίζεσθε,
1949 4924 1966 4956 ι

401 4992 656 5061 σημαίνει
691 5010 743 5044 τι
777 4997 1179 5066 προαιρετικὸν,
1224 4997 1290 5067 ἢν
1318 4997 1585 5067 ὡρίσαντό
1623 5013 1766 5059 τινες
1797 4995 1973 5066 ὄρεξιν

396 5081 932 5153 ἁντιτιμωρήσασθαι
980 5086 1106 5149 τοὺς
1130 5086 1444 5157 ἠδικηκέναι
1476 5087 1784 5149 δοκοῦντας.
1816 5086 1976 5157 Δηλοῖ

397 5169 453 5222 δὲ
487 5173 578 5224 καὶ
619 5174 995 5244 ἀπροαίρετον,
1031 5177 1059 5229 ὃ
1089 5177 1310 5231 καλοῦσί
1346 5194 1489 5240 τινες
1516 5178 1854 5248 προπάθειαν
1886 5195 1972 5246 γι-

396 5263 647 5334 νομένην,
704 5266 795 5317 ὲπί
843 5285 951 5321 τισι
999 5268 1055 5321 δὲ
1105 5270 1412 5340 ἐρεθισμοῖς
1462 5257 1721 5325 ἕλκουσαν
1775 5274 1858 5340 ἐφ’
1906 5273 1970 5342 ἣν

397 5356 820 5425 προωρισάμεθα
849 5358 1037 5428 ὀργήν.
1070 5361 1142 5413 Τὸ
1173 5360 1359 5429 ἕτερον
1401 5361 1579 5414 τοίνυν
1622 5366 1708 5424 τὸ,
1758 5382 1775 5412 ι
1823 5364 1972 5431 ὀργί-

397 5437 575 5504 ζεσθε,
611 5462 628 5493 ι
660 5446 755 5496 ἐὰν
776 5444 1159 5517 λαμϐάνωμεν,
1191 5448 1335 5515 λέγω
1358 5449 1414 5501 δὲ
1442 5450 1503 5502 τὸ
1528 5451 1886 5521 ἀπροαίρετον
1911 5453 1970 5507 τὸ

467 5551 508 5583 ¹⁹
543 5553 558 5605 Ι
590 5553 745 5611 Joan.
774 5571 833 5611 It.
907 5559 952 5590 ὀ
975 5559 1144 5615 Exod.
1171 5578 1280 5627 xuv,
1319 5565 1404 5619 15.

2088 4576 2106 4609 ι
2122 4556 2469 4618 irascimini,»
2492 4557 2735 4626 designat
2752 4558 3130 4628 imperativum
3153 4559 3393 4619 modum,
3415 4558 3659 4626 designat

2080 4650 2245 4701 etiam
2272 4647 2635 4711 delinitivum,
2665 4651 2753 4717 qui
2784 4665 2813 4701 ιι
2841 4650 3158 4717 quibusdam
3189 4664 3401 4717 quoque
3436 4658 3660 4701 vocatur

2083 4733 2452 4793 amrmativus.
2487 4745 2544 4789 ut
2582 4753 2705 4790 eum
2739 4738 2970 4792 dicimus
2998 4757 3009 4789 :
3047 4739 3354 4798 irascimur,
3387 4738 3655 4791 irascimi-

2081 4826 2158 4888 ni,
2186 4826 2512 4881 irascunlur.
2541 4826 2747 4882 Rursus
2765 4829 2872 4882 alio
2893 4832 3051 4883 modo
3074 4829 3167 4883 ira:
3192 4831 3483 4898 appellatio
3501 4846 3527 4882 a
3551 4846 3654 4898 qua

2081 4918 2370 4972 deductum
2406 4930 2492 4974 est
2537 4922 2686 4986 illud,
2721 4939 2737 4972 ι
2763 4922 3074 4981 irascimini,
3108 4942 3125 4974 ι
3159 4924 3433 4990 signiﬁcat
3465 4924 3656 4977 volun-

2082 5008 2275 5062 tarium
2302 5010 2601 5079 quidpiam,
2626 5014 2769 5079 quod
2796 5013 3038 5067 nonnulli
3069 5014 3419 5080 definierunt,
3438 5030 3529 5069 eos
3558 5016 3649 5081 qui

2080 5098 2235 5169 561
2279 5100 2479 5155 lmsisse
2509 5103 2781 5167 videntur,
2814 5104 3103 5158 ulciscendi
3138 5106 3524 5173 appetentiam.
3563 5104 3640 5158 Si-

2080 5189 2301 5256 gniﬁcat
2327 5192 2493 5244 etiam
2523 5191 2972 5256 involuutarium.
3007 5196 3149 5264 quod
3180 5212 3207 5247 a
3242 5197 3514 5250 nonnullis
3548 5213 3645 5247 vn-

2079 5288 2235 5333 catur
2261 5282 2429 5349 prima
2461 5285 2786 5344 coumtotio,
2821 5302 2939 5354 qua:
2968 5287 3135 5341 certis
3167 5287 3484 5354 quibusdam
3520 5288 3645 5339 irri-

2082 5369 2376 5423 tationibus
2411 5373 2579 5426 trahit
2630 5375 2695 5425 ad
2742 5390 2860 5427 eam
2897 5390 3060 5443 quam
3108 5376 3258 5443 prius
3305 5375 3645 5429 deiinivimus

2078 5456 2236 5512 iram.
2270 5458 2421 5525 Quod
2453 5463 2496 5515 si
2531 5462 2581 5517 in
2616 5464 2759 5518 hunc
2794 5466 3151 5534 posteriorem
3183 5480 3399 5519 sensum
3434 5465 3642 5533 accipi-

464 5648 1082 5734 ζρλέὶλῦἕξιζάνζῖιηξρῳτρή,
1118 5667 1221 5734 ες.
1263 5660 1491 5734 Schedze
1536 5662 1843 5734 Combelisii
1870 5705 1882 5728 ,
1919 5676 1972 5721 et
2009 5666 2221 5734 Grabii,
2258 5663 2425 5723 codex
2459 5666 2846 5729 Coisliuianus,
2884 5666 3069 5721 llaniel
3102 5668 3395 5722 Barbarus.

626 5720 767 5792 AV'ide
797 5719 943 5775 Millii
982 5719 1112 5779 Nov.
1152 5726 1392 5784 Testatn.
1430 5733 1619 5784 Matth.
1660 5749 1733 5792 \‘I,
1766 5735 1856 5789 23.

465 5789 581 5859 (9.5)
624 5790 698 5857 Ἠ,
740 5811 756 5841 ι
807 5793 1124 5866 (γγίζεσθε,
1170 5818 1187 5849 ι
1222 5798 1411 5869 φωνή,
1458 5812 1561 5857 etc.
1610 5789 1781 5861 Codd.
1809 5805 1994 5863 Baroc:

2100 5814 2216 5878 loc,
2252 5809 2465 5865 sebeda:
2494 5804 2830 5871 Combclisii,
2860 5815 2911 5859 et
2940 5805 3126 5861 Daniel
3156 5807 3446 5863 Barbarus.
