4124 6394
509 373 646 427 11ίὸ

1892 379 1984 434 EX
2019 376 2317 433 ORIGENE

3622 374 3755 455 nn

508 511 629 548 tnns
662 494 790 547 illtnl
830 494 1191 556 «irascimini,
1227 514 1244 546 ι
1282 513 1384 549 non
1420 509 1501 549 est
1537 508 1819 567 peccaturo
1859 518 2018 571 posse
2053 518 2073 556 a

2189 500 2330 553 κατά
2356 500 2452 573 τὴν
2478 504 2815 575 προπάθειαν
2840 506 3140 577 γινόμενον,
3168 510 3267 562 οὐκ
3287 510 3432 564 ἔστιν
3460 512 3759 585 ἁμάρτημα

509 588 711 650 virtute
742 589 818 640 de
844 588 1015 651 iderc,
1047 604 1107 640 ar
1136 588 1287 655 juxta
1327 590 1471 643 hunc
1505 608 1725 645 sensum
1760 594 1810 646 in
1847 594 2081 663 impera-

515 680 625 742 tivo
667 678 830 737 modo
882 695 987 733 non
1036 681 1145 735 erit
1196 682 1603 751 intelligendum
1652 684 1778 737 illud
1833 703 1852 736 ι
1890 686 2077 740 irasci-

503 765 664 835 mini,
696 783 714 818 ι
748 770 877 837 (quo
902 777 1060 836 pacto
1090 772 1233 833 enim
1274 771 1527 838 imperari
1560 782 1735 841 potest
1782 776 1925 844 quod
1972 791 2076 830 non

498 866 584 920 est
627 859 854 924 liberum
876 861 920 927 3)
967 862 1060 913 sed
1114 862 1165 915 in
1209 863 1503 919 indicativo
1540 865 1741 930 modo,
1792 878 1847 920 ut
1886 882 2079 923 sensus

498 949 607 1013 sit:
639 950 773 1013 (lum
826 950 1125 1016 irascimini
1171 963 1225 1005 et
1256 954 1305 1007 id
1340 954 1490 1009 vobis
1534 956 1954 1025 incogitantibus
1987 974 2079 1014 ao-

498 1039 651 1101 cidit,
687 1040 820 1104 nihil
850 1057 878 1094 a
916 1043 1071 1097 vobis
1117 1044 1330 1098 addatis
1356 1085 1371 1112 ,
1420 1046 1661 1116 nihilque
1702 1048 1969 1115 vituperio
2000 1048 2079 1103 di-

501 1145 665 1211 gnum
698 1144 961 1212 sequatur
995 1134 1047 1188 id
1091 1135 1233 1203 quod
1275 1136 1546 1205 vituperio
1578 1137 1796 1207 dignum
1824 1154 1930 1192 non
1970 1148 2073 1194 est.

500 1219 653 1297 Quod
682 1220 857 1275 immit
892 1222 976 1279 his
1007 1223 1226 1277 verbis:
1257 1240 1276 1275 ι
1296 1222 1358 1278 Et
1386 1225 1551 1278 milite
1582 1240 1829 1295 peccare.
1859 1245 1876 1278 ι
1913 1226 2075 1283 Docet

500 1310 668 1386 igitur
691 1311 791 1368 hoc
818 1310 933 1365 loco
959 1310 1238 1382 Scriptura
1265 1329 1387 1368 esse
1411 1314 1545 1369 iram
1572 1315 1804 1385 aliquam
1828 1332 1945 1386 qua:
1968 1333 2073 1371 non

500 1381 570 1463 sit
614 1412 899 1469 peceatum
930 1444 945 1468 ,
980 1419 1208 1472 qumque
1255 1405 1492 1458 nondum
1529 1421 1557 1459 a
1596 1406 1766 1461 libera
1800 1407 2077 1463 voluntate

499 1503 618 1546 orta
655 1508 757 1547 nos
796 1505 1005 1567 urgeat,
1037 1505 1090 1551 et
1130 1496 1254 1549 aliis
1288 1509 1498 1552 noceat.
1536 1498 1672 1553 Huic
1706 1500 2073 1568 explanationi

500 1583 647 1636 vocis
675 1601 693 1635 ι
719 1585 1042 1649 irascimini,
1068 1606 1087 1637 ι
1116 1586 1448 1657 suil'ragatur
1475 1589 1691 1659 Aquila,
1720 1592 1808 1661 qui
1845 1591 2073 1645 Ilebrai-

498 1689 623 1734 eum
685 1691 905 1745 proprie
964 1677 1313 1747 interpretari
1387 1679 1578 1734 voluit.
1646 1681 2072 1737 Involuutarium

496 1767 640 1829 enim
676 1770 820 1835 quod
868 1778 1032 1825 antea
1076 1770 1313 1826 diximus
1344 1787 1373 1825 a
1424 1773 1700 1829 nonnullis
1734 1775 1914 1829 vocari
1962 1775 2075 1844 pri-

2188 592 2569 647 ἀποπτωτικδν
2598 591 2737 650 εἶναι
2772 597 2864 650 τοῦ
2900 599 3087 651 καλοῦ·
3128 601 3221 654 καὶ
3252 602 3391 655 κατὰ
3419 604 3575 657 τοῦτό
3606 622 3667 673 γε
3696 608 3758 658 οὐ

2186 682 2248 734 τὸ
2271 685 2666 755 προστακτικὸν
2692 688 2973 758 νοήσωμεν
2999 692 3248 761 εἰρῆσθαι
3265 694 3326 746 τὸ
3362 712 3381 744 ι
3400 695 3705 765 ὀργίζεσθε,
3734 716 3754 749 ι

2187 771 2207 841 (
2225 772 2337 835 πῶς
2360 772 2466 846 γάρ
2498 773 2563 827 ἂν
2590 776 2889 846 δυναίμεθα
2913 764 3343 849 προστάττεσθαι
3372 764 3441 835 τὸν
3465 784 3760 856 ἀπροαίρε-

2185 863 2352 932 τον;)
2393 864 2532 919 ἀλλά
2570 865 2630 919 τὸ
2662 866 2959 937 όριστικδν,
3005 869 3071 921 ῖν’
3198 872 3318 925 δλον
3361 873 3421 925 τὸ
3468 874 3759 944 λεγόμενον

2184 952 2449 1006 τοιοῦτονη
2485 954 2647 1009 Ὅσον
2676 955 2958 1027 ὀργίζεσθε
2990 960 3084 1013 καὶ
3128 962 3411 1031 συμϐαίνει
3442 964 3597 1023 τοῦτο
3629 968 3758 1036 ὑμῖν

2184 1043 2284 1096 οὐκ
2318 1043 2500 1113 ἔχουσι
2528 1046 2665 1117 πρὸς
2692 1046 2850 1100 τοῦτο
2879 1047 3190 1119 λογισμοὺς,
3225 1051 3362 1105 ἀλλά
3397 1053 3458 1105 τὸ
3490 1055 3620 1124 παρ’
3654 1056 3765 1107 αὐ-

2183 1135 2292 1188 τῶν
2327 1136 2401 1207 μὴ
2439 1137 2742 1209 προσθῆτεο
2788 1138 2923 1192 ἀλλά
2956 1140 3033 1211 τῷ
3081 1142 3434 1213 συμϐαίνοντι
3472 1146 3532 1198 οὐ
3574 1147 3758 1218 ψεκτῷ

2182 1224 2380 1293 ψεκτόν
2427 1245 2478 1279 τι
2536 1228 2610 1299 μὴ
2653 1228 3102 1302 ἀκολουθησάτων
3155 1233 3292 1305 ὅπερ
3343 1234 3493 1305 δηλοῖ
3540 1238 3597 1289 ἐν
3642 1239 3752 1308 τῷ·

2189 1335 2208 1367 ι
2236 1318 2343 1370 Καὶ
2374 1317 2448 1389 μὴ
2478 1319 2838 1390 ἁμαρτάνετε.
2874 1340 2892 1372 ι
2917 1318 3071 1378 υῑδεν
3096 1319 3190 1378 οὖν
3216 1325 3310 1379 καὶ
3336 1326 3519 1380 ἐνθάδε
3541 1330 3571 1381 ό
3601 1328 3756 1397 λόγος

2182 1406 2304 1460 τινά
2344 1408 2513 1479 ὀργὴν
2554 1410 2655 1463 οὐκ
2699 1406 2864 1465 οὖσαν
2900 1413 3196 1485 ἁμαρτίαν,
3240 1416 3334 1469 καὶ
3376 1417 3604 1472 οὐδέπου
3651 1422 3759 1474 ἀπὸ

2181 1498 2275 1551 τοῦ
2323 1500 2409 1569 ἐφ’
2444 1501 2574 1570 ἡμῖν
2601 1501 2904 1574 ἐρχομένην
2944 1505 3252 1578 παθητικὴν
3282 1506 3375 1561 καὶ
3402 1526 3756 1581 κακοποιητι-

2182 1588 2303 1659 κήν.
2339 1589 2624 1661 Μαρτυρεῖ
2661 1591 2718 1643 δὲ
2755 1594 2818 1661 τῇ
2852 1591 3045 1663 ἐκδοχῇ
3078 1595 3143 1664 τῇ
3176 1594 3441 1668 εἰρημένῃ
3476 1597 3604 1667 περὶ
3638 1596 3757 1661 τοῦ,

2186 1695 2207 1731 ι
2244 1679 2549 1750 ὀργίζεσθε,
2584 1699 2603 1731 ι
2648 1682 2678 1735 ό
2716 1682 3025 1746 Ἀκύλαςντδ
3047 1682 3233 1755 κύριον
3268 1684 3602 1757 ἑρμηνεῦσαι
3634 1688 3757 1757 βου-

2179 1770 2363 1842 ληθεὶς
2394 1771 2489 1824 τοῦ
2532 1771 2840 1843 Ἐϐραῖκοῦο
2875 1774 2937 1826 τὸ
2971 1774 3081 1844 γάρ
3111 1775 3491 1848 ἀπροαίρετον,
3522 1777 3551 1831 ὃ
3578 1795 3763 1849 προει-

498 1873 640 1919 inani
676 1860 1119 1923 commotionem,
1150 1862 1515 1918 turbatiouem
1554 1874 1609 1918 et
1652 1865 2071 1919 commotionem

2180 1863 2428 1934 ρήκαμεν
2467 1862 2826 1935 ὀνομάζεσθαι
2869 1866 3211 1939 προπάθειαν
3251 1868 3404 1939 παρά
3442 1886 3606 1933 τισιν,
3638 1869 3759 1923 κλό-

499 1948 668 2013 animi
712 1964 837 2004 esse
871 1952 1202 2017 arbitratus,
1250 1954 1363 2008 ait:
1420 1972 1439 2005 ι
1470 1954 1787 2011 Turbamini
1822 1967 1877 2009 et
1910 1956 2073 2012 nolite

2180 1968 2267 2005 vov
2319 1954 2415 2006 καὶ
2471 1954 2695 2025 σεισμὸν
2749 1956 2851 2026 τῆς
2896 1957 3075 2027 ψυχῆς
3129 1958 3355 2030 νομίσας
3396 1954 3535 2013 εἶναί
3590 1975 3759 2029 φησιο

497 2053 752 2119 peccare.
790 2059 809 2093 ι
849 2041 1249 2112 Quodquidem,
1296 2063 1315 2097 ‹
1347 2046 1667 2112 turbamini,
1700 2066 1719 2101 ι
1758 2064 1864 2101 non
1899 2055 1981 2103 est
2023 2049 2073 2103 in

2183 2060 2202 2093 ι
2228 2042 2517 2096 Κλονεῖσθε
2540 2045 2634 2098 καὶ
2665 2045 2739 2117 μὴ
2767 2046 3130 2117 ἁμαρτάνετεο
3174 2068 3192 2100 ι
3221 2049 3359 2121 ὅπερ
3394 2067 3412 2100 ι
3439 2048 3710 2105 κλονεῖσθε
3735 2068 3754 2099 ι

497 2130 823 2200 imperativo
869 2137 1029 2189 modo
1078 2134 1397 2206 (absurdum
1442 2141 1587 2195 enim
1632 2152 1717 2196 est
1755 2140 2073 2210 prophetam

2180 2133 2277 2187 οὐκ
2319 2133 2434 2187 ἐστι
2471 2138 2889 2208 προστακτικὸν,
2930 2139 3162 2208 (ἄτοπον
3201 2140 3309 2210 γὰρ
3342 2141 3433 2194 τὸν
3477 2144 3761 2213 προφήτην

495 2225 795 2307 praecipere
830 2226 1236 2300 turbationem),
1267 2232 1359 2286 sed
1390 2233 1443 2287 in
1490 2234 1779 2289 indicativo
1817 2235 1998 2301 modo,
2019 2246 2073 2290 ut

2180 2226 2543 2297 προστάσσειν
2584 2228 2938 2300 κλονεῖσθαιή
2971 2230 3087 2282 ἀλλ’
3118 2230 3195 2295 ώς
3224 2232 3318 2284 ἐπὶ
3348 2232 3443 2284 τοῦ
3494 2252 3511 2284 ι
3541 2232 3759 2302 ὀργίζε-

496 2317 736 2372 diximus
755 2318 821 2372 de
836 2333 968 2373 voce
997 2339 1017 2372 ι
1050 2322 1378 2388 irascimini;
1403 2343 1419 2374 ι
1445 2325 1669 2393 perinde
1686 2341 1751 2380 ac
1776 2328 1820 2381 si
1838 2326 2072 2382 diceret:

498 2410 555 2465 Si
602 2411 756 2466 vobis
808 2413 1091 2484 contingat
1148 2424 1208 2467 ut
1257 2416 1573 2483 turbemini,
1622 2418 1791 2473 nolite
1828 2434 2073 2488 peccare.

569 2501 702 2566 Qum
729 2504 907 2567 dicitis
934 2503 987 2557 in
1016 2506 1262 2560 cordibus
1291 2508 1494 2573 vestris,
1519 2509 1575 2563 in
1607 2510 1862 2564 cubilibus
1893 2512 2077 2565 uestris

495 2596 911 2664 ςοιιιριυιρὶηιὶηἱ
938 2637 953 2663 ,
987 2606 1095 2651 etc.
1148 2597 1241 2652 llis
1274 2599 1491 2654 videtur
1537 2601 1734 2656 dooere
1780 2603 2080 2672 quemlibet

497 2684 742 2747 cubitum
772 2695 990 2751 euntem
1023 2687 1223 2742 debere
1254 2704 1284 2742 a
1317 2691 1499 2759 seipso
1541 2705 1728 2746 eorum
1758 2707 1878 2761 qua:
1904 2694 2076 2748 inter—

495 2776 588 2838 diu
624 2776 819 2845 egerit,
853 2779 1118 2833 rationem
1158 2791 1427 2857 repetere,
1447 2791 1500 2835 et
1531 2783 1602 2838 ob
1629 2798 1691 2837 ea
1731 2799 1852 2853 quas
1884 2794 2074 2839 contra

499 2877 708 2923 rectam
753 2870 1018 2924 rationem
1070 2870 1298 2937 fecerit,
1331 2872 1570 2941 seipsum
1607 2875 1937 2943 improbare,
1982 2892 2072 2930 ar-

496 2974 667 3037 guere
699 2969 754 3015 et
780 2961 963 3015 verbis
992 2976 1383 3051 compungere.
1419 2962 1552 3017 Nam
1591 2966 1634 3019 si
1665 2969 1767 3021 hoc
1818 2978 2076 3026 accurate

496 3066 561 3109 ac
586 3050 773 3105 scdulo
809 3051 900 3105 ﬁat
920 3092 935 3116 ,
966 3051 1035 3106 ab
1065 3050 1312 3110 honestis
1343 3071 1443 3110 nec
1470 3056 1821 3117 abducemur.
1852 3074 1952 3113 nec
1980 3060 2075 3113 de-

496 3140 765 3195 lahemur.
810 3140 939 3209 Qum
968 3142 1176 3209 dicitis,
1209 3144 1417 3221 inquit,
1452 3162 1515 3203 ea
1559 3162 1658 3203 vos
1686 3158 2072 3221 compungam,

495 3249 607 3308 quo
659 3244 905 3304 tempore
957 3235 1024 3289 ad
1084 3236 1464 3292 dormiendum
1521 3240 1863 3295 decumbitis.
1913 3242 2072 3298 Parte

496 3328 672 3393 ptitur
710 3335 770 3387 ut
797 3327 978 3381 omnia
1021 3338 1242 3396 peccata
1279 3329 1506 3385 indicet.
1540 3330 1673 3385 Pars
1702 3341 2069 3401 peccatorum,

2179 2319 2274 2373 σθε
2312 2339 2331 2371 ι
2364 2321 2692 2392 εἰρήκαμεν,
2735 2322 3030 2393 ὁριστικὸν,
3056 2318 3188 2377 οἷονο
3225 2324 3289 2379 Εἰ
3316 2324 3602 2398 συμϐαίνει
3629 2324 3760 2395 ὑμῖν

2178 2410 2503 2477 κλονεῖσθαι,
2535 2413 2609 2483 μὴ
2637 2412 3003 2484 ἁμαρτάνετε.

2255 2502 2323 2554 Ἀ
2356 2499 2563 2569 λέγετε
2590 2501 2661 2554 ἐν
2688 2500 2817 2567 ταῖς
2849 2500 3122 2569 καρδίαις
3144 2500 3327 2571 ὑμῶν,
3362 2503 3457 2555 ἐπὶ
3489 2501 3618 2567 ταῖς
3640 2503 3760 2561 κοί-

2176 2605 2308 2656 ταις
2352 2591 2520 2660 ὑμῶν
2547 2592 2947 2661 κατανύγητε,
2981 2609 3033 2644 κ.
3064 2610 3115 2645 τ.
3166 2594 3216 2646 ὲ.
3246 2593 3345 2646 Διά
3379 2592 3582 2646 τούτων
3614 2593 3759 2653 ἔοικε

2175 2680 2448 2735 διδάσκειν
2475 2681 2584 2752 (96)
2610 2682 2719 2735 δεῖν
2739 2684 2970 2736 ἕκαστον
2994 2683 3086 2736 ἐπὶ
3109 2683 3206 2755 τὴν
3228 2685 3414 2755 κοίτην
3443 2684 3588 2736 ἰόντα
3620 2686 3755 2737 ἀπο-

2175 2772 2433 2843 λογισμὸν
2473 2775 2663 2828 ἑαυτὸν
2705 2776 2955 2829 ἀπαιτεῖν
2987 2774 3096 2828 τῶν
3148 2776 3265 2846 μεθ’
3299 2776 3513 2846 ἡμέραν
3547 2794 3759 2846 πεπρα-

2176 2865 2415 2936 γμένων,
2437 2866 2531 2919 καὶ
2554 2866 2645 2919 ὲπὶ
2673 2868 2785 2931 τοῖς
2805 2867 2956 2938 παρά
2978 2868 3069 2921 τὸν
3092 2867 3251 2938 ὀρθὸν
3275 2866 3431 2935 λόγον
3460 2868 3758 2937 γεγενημέ-

2177 2978 2288 3023 νοις
2318 2960 2481 3014 αὑτὸν
2513 2960 2761 3025 κακίζειν
2797 2962 3149 3032 μεμφόμενον
3191 2962 3285 3015 καὶ
3331 2960 3410 3031 τῷ
3449 2961 3592 3030 λόγῳ
3637 2977 3757 3017 κεν-
3822 2994 3823 2997 η

2173 3053 2388 3106 τοῦντα.
2417 3052 2589 3109 Τοῦτο
2614 3054 2722 3124 γὰρ
2753 3052 3136 3124 συνεχέστερον
3178 3052 3591 3122 ὲπιτελούμενον
3623 3053 3751 3105 ἀποο

2177 3144 2364 3212 στήσει
2387 3145 2534 3214 ἡμᾶς
2557 3144 2651 3196 τοῦ
2675 3145 3005 3198 ἀποπίπτειν
3028 3142 3136 3195 τῶν
3155 3141 3406 3195 δεόντων.
3456 3143 3520 3195 Ἀ
3547 3141 3752 3210 λέγετε,

2180 3236 2365 3305 φησιν,
2408 3234 2582 3287 ταῦτα
2626 3234 2771 3304 ὑμᾶς
2809 3232 3167 3299 κατανυξάτω
3211 3232 3269 3285 ἐν
3311 3231 3389 3302 τῷ
3433 3230 3610 3302 καιρῷ
3658 3229 3754 3283 τοῦ

2179 3329 2302 3390 ταῖς
2332 3325 2538 3390 κοίταις
2572 3325 2769 3390 αὐτοὺς
2803 3324 3122 3379 ἐπιδιδόναι.
3174 3323 3305 3377 Ἀπὸ
3333 3322 3532 3395 μέρους
3561 3324 3619 3383 δὲ
3648 3321 3757 3376 τῶν

495 3437 559 3488 ea
583 3430 710 3474 sunt
733 3436 857 3490 qum
884 3421 1064 3475 verbis
1095 3422 1530 3477 committuntur.
1565 3424 1637 3478 Ea
1667 3425 1806 3480 forte
1829 3427 1928 3481 hoc
1957 3427 2073 3481 loco

2180 3418 2644 3490 ἁμαρτανομένων
2706 3419 2884 3473 πάντα
2948 3418 3016 3473 τά
3078 3416 3531 3488 ἁμαρτανόμεναο
3595 3416 3759 3486 μέρος

494 3498 899 3578 prmmittuntur
949 3511 1070 3567 aliis
1119 3513 1362 3581 peccatis
1412 3527 1533 3583 qure
1592 3518 1869 3584 Operando
1914 3515 2070 3572 ﬁniit.

2180 3510 2645 3583 ἁμαρτανομένων
2676 3512 2738 3564 τὸ
2762 3511 2851 3571 διὰ
2870 3510 3063 3580 λόγων·
3099 3510 3195 3563 καὶ
3227 3509 3366 3578 τάχα
3396 3509 3489 3563 καὶ
3525 3507 3624 3577 τῆς
3655 3507 3751 3561 ἄλο

491 3583 763 3663 Cmterum
799 3602 901 3656 hoc
935 3601 1194 3657 verbum:
1228 3604 1592 3677 κατανόγητε,
1629 3625 1647 3657 ι
1671 3609 2072 3678 compungimi-

2180 3602 2278 3673 λης
2306 3602 2618 3674 πρακτικῆς
2657 3603 2928 3675 ἁμαρτίας
2961 3601 3191 3674 προάγει
3228 3600 3403 3667 λόγος.
3439 3597 3529 3667 Τῷ
3573 3597 3755 3665 μέντοι

496 3694 595 3759 pi,
634 3712 652 3747 ι
709 3695 852 3763 quod
902 3693 1043 3747 forte
1086 3710 1261 3764 neque
1308 3696 1449 3765 apud
1485 3698 1726 3753 eruditos
1778 3701 2073 3769 scriptorcs

2185 3712 2206 3747 α
2255 3696 2599 3766 κατανύγητε
2652 3714 2669 3746 ι
2725 3694 2870 3758 ίδίως
2923 3694 3181 3758 πολλάκις
3237 3692 3565 3762 ἐχρήσαντο·
3610 3689 3751 3758 τάχα

494 3784 716 3853 Graecos
768 3784 1041 3839 invenitur
1068 3826 1083 3851 ,
1119 3801 1294 3855 neque
1342 3785 1393 3840 in
1430 3802 1529 3842 usu
1570 3798 1654 3841 est
1684 3790 1824 3859 apud
1855 3807 1951 3845 eos
1980 3794 2071 3862 qui

2180 3788 2303 3843 οὔτε
2332 3787 2483 3859 παρὰ
2526 3789 2641 3850 τοῖς
2680 3785 2987 3856 φιλοκάλοις
3023 3785 3132 3838 τῶν
3180 3784 3448 3854 Ἐλλήνων
3490 3781 3750 3850 κειμένῳ,

496 3876 687 3937 erca
718 3875 897 3945 lingua
931 3877 1398 3947 utuntur,sa‘pius
1434 3888 1611 3933 tamen
1644 3882 1862 3950 proprie
1893 3883 1961 3936 ab
1994 3884 2071 3938 in-

498 3964 827 4033 ierpretibus
874 3974 1203 4033 usurpatur,
1255 3981 1375 4019 cum
1430 3981 1616 4020 sermo
1643 3976 1728 4021 est
1769 3967 1836 4022 de
1884 3968 1949 4022 iis
1980 3971 2071 4040 qui

496 4057 819 4113 delictorum
850 4057 930 4110 vel
962 4056 1036 4111 rei
1070 4056 1354 4126 cujuslibet
1386 4057 1610 4112 alterius
1636 4073 1801 4113 causa
1828 4062 2076 4116 morden-

498 4151 605 4203 tur.
644 4140 735 4205 Sic
762 4141 815 4193 in
849 4143 1010 4203 tertio
1052 4141 1190 4196 libro
1231 4140 1430 4211 Regum
1467 4157 1699 4197 narrans
1746 4145 2025 4213 Scriptura
2055 4188 2070 4212 ,

494 4232 768 4299 quomodo
812 4232 1001 4286 Achab
1034 4249 1127 4287 rex
1161 4232 1344 4299 lsrael,
1373 4233 1442 4291 ob
1486 4234 1829 4303 concupitum
1860 4235 2070 4291 Naboth

492 4322 837 4388 Ji-zrabelitan
857 4340 1046 4392 agrum
1073 4325 1453 4394 reprehensus,
1474 4327 1845 4395 pceniteutiam
1874 4331 2070 4398 egerit,

497 4417 574 4470 ait
599 4416 680 4469 ηε
720 4435 737 4466 ι
768 4413 1156 4469 Verumtamen
1186 4415 1388 4470 frustra
1420 4417 1633 4482 Achab,
1663 4420 1752 4487 qui
1788 4424 2075 4477 venumda-

2180 3879 2303 3933 οὔτε
2330 3880 2388 3934 ἐν
2410 3881 2477 3950 τῇ
2508 3878 2765 3950 συνηθείᾳ
2788 3878 2897 3930 τῶν
2919 3879 2985 3947 τῇ
3025 3877 3233 3931 Ἐλλάδι
3258 3877 3409 3945 φωνῇ
3434 3866 3751 3946 χριιιμένωνο

2178 3972 2276 4027 καὶ
2304 3970 2678 4043 ἀναγράφουσί
2703 3988 2765 4039 γε
2784 3970 2883 4040 τὴν
2908 3970 3053 4035 λέξιν
3075 3969 3279 4039 ταύτην
3307 3968 3399 4020 ἐπὶ
3424 3966 3532 4019 τῶν
3563 3967 3755 4019 δακνο-

2184 4063 2361 4134 μένων
2389 4061 2495 4114 τῶν
2533 4061 2941 4133 ἡμαρτημένων
2985 4061 3192 4122 ἕνεκεν,
3228 4059 3259 4111 ἢ
3293 4054 3369 4111 ὧν
3411 4057 3604 4128 δήποτε
3638 4056 3756 4108 ἑτέ-

2184 4172 2311 4227 ρωνο
2361 4155 2437 4218 ὡς
2497 4154 2555 4207 ὲν
2603 4156 2667 4224 τῇ
2717 4153 2875 4225 τρίτῃ
2930 4152 3038 4204 τῶν
3090 4147 3424 4204 Βασιλειῶν
3488 4148 3617 4218 περὶ
3663 4146 3758 4199 τοῦ

2193 4244 2395 4316 Ἀχαά6
2436 4244 2698 4315 βασιλέως
2732 4242 2945 4314 Ἰσραὴλ
2968 4240 3297 4312 διηγουμένη
3331 4241 3363 4309 ἡ
3396 4238 3607 4309 Γραφὴ,
3638 4239 3759 4290 τίνα

2179 4338 2378 4410 τρόπον
2412 4336 2687 4408 ἐλεγχθεὶς
2718 4336 2824 4390 ὑπὸ
2856 4333 2949 4389 τοῦ
2983 4336 3263 4406 προφήτου
3317 4332 3502 4385 Ἠλίου
3546 4332 3639 4385 ἐπὶ
3680 4331 3760 4401 τῷ

2180 4430 2642 4502 ἐπιτεθυμηκέναι
2675 4429 2768 4482 τοῦ
2810 4425 2981 4499 ἀγροῦ
3016 4427 3292 4479 Ναϐουθαὶ
3324 4425 3418 4478 τοῦ
3465 4424 3758 4495 Ἰεζραηλί-

497 4519 585 4561 tus
615 4515 699 4562 est
742 4506 923 4562 facere
970 4507 1169 4560 malum
1202 4508 1254 4560 in
1288 4518 1581 4576 conspectu
1632 4509 1881 4566 Domini:
1933 4514 2073 4568 sicut

2180 4539 2271 4575 του
2308 4523 2572 4592 μετανοεῖ,
2610 4519 2742 4591 φησὶ
2777 4518 2982 4570 ταῦτα⁹
3024 4535 3041 4567 ι
3078 4516 3224 4586 Πλὴν
3268 4515 3512 4585 ματαίως
3552 4513 3758 4581 ’Λχαάϐ

495 4601 693 4653 evertit
722 4615 848 4654 eum
874 4598 1096 4653 Iezabel
1130 4614 1269 4653 uxor
1302 4598 1462 4670 562
1496 4602 1629 4671 ejus.
1678 4604 1743 4657 Et
1772 4605 1950 4660 factus
1989 4618 2073 4661 est

2180 4613 2239 4677 ὃς
2268 4563 2480 4684 ἐπράθη
2516 4563 2740 4683 armigera:
2767 4611 2828 4664 τὸ
2872 4608 3112 4679 πονηρὸν
3151 4563 3377 4663 ἐνώπιον
3418 4604 3644 4675 Κυρίου,
3679 4604 3755 4665 ὡς

499 4692 883 4751 abominabilis
925 4690 1104 4753 valde,
1139 4692 1317 4744 eumlo
1347 4702 1469 4760 post
1507 4694 1942 4751 abominationes
1987 4713 2075 4753 se-

499 4785 738 4840 cundum
764 4783 944 4837 omnia
979 4799 1099 4851 qua:
1130 4783 1330 4838 fet-erat
1363 4784 1714 4840 Amori-limus
1737 4826 1749 4850 ,
1784 4802 1942 4855 quem
1976 4805 2075 4843 ex-

502 4876 818 4930 terminavit
858 4875 1116 4929 Dominus
1145 4890 1173 4927 a
1208 4874 1346 4930 facie
1378 4875 1611 4930 ﬁliorum
1660 4876 1848 4931 Israel.
1882 4879 1946 4932 Et
1976 4897 2072 4948 pro

499 4967 693 5034 verbo,
720 4966 993 5036 quomodo
1020 4977 1379 5036 compunctus
1403 4974 1486 5021 est
1520 4966 1707 5022 Achab
1740 4985 1769 5023 a
1799 4969 1939 5025 facie
1970 4973 2071 5026 Do—

499 5059 664 5121 mini,
714 5067 769 5111 et
800 5058 910 5111 ibat
958 5057 1199 5129 plorans,
1232 5068 1286 5112 et
1320 5060 1589 5115 conscidit
1622 5061 1859 5115 tunicam
1890 5078 2069 5130 suam,

497 5161 547 5204 et
576 5149 813 5204 accinxit
841 5165 1061 5204 saccum
1086 5165 1246 5219 super
1269 5165 1469 5219 corpus
1500 5165 1677 5213 suum,
1706 5161 1762 5204 et
1782 5152 2072 5221 jejunavit,

495 5255 552 5303 et
593 5244 812 5296 indutus
843 5251 927 5295 est
957 5257 1174 5296 saccum
1208 5242 1260 5295 in
1293 5242 1378 5296 die
1403 5282 1418 5306 ,
1450 5258 1555 5311 qua
1590 5245 1862 5312 percussit
1894 5245 2072 5299 Nabu-

498 5338 608 5391 thai
640 5335 1009 5395 Jezraelitem.
1040 5346 1094 5388 et
1120 5335 1235 5388 ivit.
1267 5335 1330 5389 Et
1359 5334 1561 5388 factum
1593 5343 1678 5390 est
1708 5338 1931 5391 verbum
1962 5338 2068 5393 Do-

486 5411 628 5501 διήιιὶ
658 5427 710 5480 in
741 5442 901 5479 manu
933 5425 1075 5478 servi
1105 5426 1185 5478 sui
1216 5425 1332 5479 Eliu
1363 5425 1429 5479 de
1451 5425 1680 5482 Achab:
1716 5437 1770 5482 ct
1797 5429 1933 5484 dixit
1966 5430 2070 5485 Do-

498 5520 714 5583 minus:
770 5516 1008 5587 Vidisti,
1072 5518 1527 5596 quemadmodum
1580 5530 1939 5601 compunctus
1986 5533 2071 5577 est

569 5664 609 5698 "
637 5662 698 5715 Ill
725 5665 857 5732 Reg.
897 5682 1005 5731 ut,
1033 5664 1102 5717 25
1129 5675 1183 5718 et
1203 5678 1358 5731 seqq.

2184 4704 2480 4775 μετέθηκεν
2510 4703 2671 4756 αὐτὸν
2715 4702 2950 4766 Ἰεζάϐελ
2994 4700 3027 4769 ή
3078 4698 3214 4767 γυνὴ
3243 4696 3429 4749 αὐτοῦ.
3467 4694 3576 4747 Καὶ
3609 4693 3756 4745 ἐϐδε-

2180 4795 2349 4866 λύχθη
2393 4794 2595 4864 σφόδρα
2629 4792 2954 4862 πορεύεσθαι
2992 4792 3166 4844 ὀπίσω
3212 4787 3320 4844 τῶν
3371 4785 3756 4861 βδελυγμάτων

2180 4887 2322 4940 κατά
2351 4887 2525 4938 πάντα
2543 4885 2579 4939 ἃ
2611 4883 2907 4953 ἐποίησενό
2939 4885 3285 4956 Ἀμορραῖος,
3311 4884 3369 4936 ὃν
3394 4878 3752 4952 ὲξιυλόθρευσε

2174 4978 2376 5048 Κύριος
2409 4977 2517 5031 ἀπὸ
2551 4975 2840 5047 προσώπου
2883 4976 2991 5030 τῶν
3019 4977 3148 5029 υἱῶν
3197 4977 3435 5047 Ἰσραήλ.
3474 4977 3583 5028 Καὶ
3616 4975 3755 5044 ὑπὲρ

2173 5070 2266 5122 τοῦ
2297 5069 2455 5137 λόγου
2496 5069 2571 5132 ὡς
2614 5067 2880 5138 κατενυγη
2923 5066 3127 5138 ’Δχαάϐ
3171 5067 3280 5120 ἀπὸ
3323 5066 3614 5138 προσώπου
3661 5067 3756 5118 τοῦ

2173 5160 2401 5231 Κυρίου,
2436 5161 2529 5214 καὶ
2556 5159 2847 5229 ἐπορεύετο
2878 5159 3101 5223 κλαίων,
3146 5160 3241 5211 καὶ
3266 5157 3521 5229 διέρρηξε
3548 5158 3641 5209 τὸν
3676 5176 3755 5225 χι-

2173 5251 2318 5305 τῶνα
2346 5253 2531 5317 αὑτοῦ,
2557 5253 2651 5306 καὶ
2682 5252 2923 5316 ἐζώσατο
2950 5252 3151 5305 σάκκον
3176 5252 3270 5306 ἐπὶ
3291 5251 3352 5303 τὸ
3381 5251 3540 5319 σῶμα
3569 5249 3754 5307 αὑτοῦ,

2176 5346 2271 5398 καὶ
2298 5346 2609 5415 ἐνήστευσε,
2645 5346 2739 5399 καὶ
2771 5346 3124 5415 περιεϐάλετο
3155 5345 3358 5397 σάκκον
3390 5345 3450 5395 ὲν
3476 5345 3541 5412 τῇ
3573 5341 3755 5411 ἡμέρᾳ

2176 5430 2209 5508 ᾖ
2238 5437 2474 5504 ἐπάταξε
2498 5438 2774 5491 Ναϐουθαὶ
2803 5439 2893 5491 τὸν
2932 5438 3319 5510 Ίεζραηλίτην,
3347 5437 3439 5488 καὶ
3459 5432 3753 5503 ἐπορεύθη.

2176 5527 2286 5580 Καὶ
2334 5528 2552 5597 ἐγένετο
2601 5529 2751 5600 ῥῆμα
2798 5528 3004 5599 Κυρίου
3049 5530 3109 5582 ὲν
3157 5528 3302 5600 χειρὶ
3346 5525 3533 5579 δούλου
3587 5523 3754 5577 αὐτοῦ

575 5800 684 5868 (ρο)
707 5801 808 5868 ,Δίὰ
834 5804 1054 5871 τούτων
1083 5806 1237 5869 ἔοικε
1271 5803 1599 5870 διδάσκειν,
1620 5814 1724 5861 etc.
1742 5806 1910 5861 Codd.
1934 5806 2066 5873 Hoc,

2180 5820 2337 5870 πουςο.
2363 5803 2576 5859 selteth
2593 5802 2926 5869 Combeiisii,
2952 5811 3006 5858 et
3027 5801 3322 5862 Barbarus.
