4124 6426
504 389 638 445 1145

1523 382 1830 439 SELECTA
1873 381 1936 436 ΙΝ
1972 380 2312 436 PSALMOS.
2348 413 2414 421 —
2459 378 2654 436 [‘SAL.
2695 375 2784 432 IV.

3635 381 3771 435 1145

513 503 693 556 Ἠλίου
720 502 843 573 περὶ
882 501 1103 572 Ἀχαάϐο
1149 500 1241 554 καὶ
1267 497 1388 552 εἷπε
1427 497 1650 569 Κύριος·
1699 495 1979 567 Ἑώρακας
2003 495 2080 558 ὡς

2188 496 2372 550 Achab
2405 512 2432 548 a
2465 496 2604 548 facie
2634 493 2793 546 mea?
2816 489 2927 544 Non
2956 490 3213 546 inducam
3262 491 3462 545 malum
3501 492 3552 545 in
3581 493 3774 548 diebus

501 593 774 664 κατενύγη
821 592 1024 662 Ἀχαὰϐ
1064 592 1174 644 ἀπὸ
1215 589 1508 661 προσώπου
1555 605 1691 658 μου;
1728 589 1843 639 Οὐκ
1893 587 2082 653 ἐπάξω

497 691 597 756 τὴν
632 686 830 740 κακίαν
879 687 939 737 ὲν
983 687 1103 748 ταῖς
1143 684 1382 754 ἡμέραις
1432 680 1619 734 αὐτοῦ.
1675 700 1692 730 ι
1755 680 1865 734 Καὶ
1907 682 1964 732 ἑν
2007 677 2085 748 τῷ

498 781 556 833 δὲ
582 777 934 848 πεντηκοστῷ
955 778 1162 846 ἐννάτῳ
1183 774 1403 846 ψαλμῷ·
1436 793 1453 824 ι
1487 773 1831 836 Συνέσεισας,
1873 791 1890 822 ι
1927 773 2083 841 φησὶ,

506 893 524 923 ι
565 873 664 942 τὴν
687 871 813 942 γῆν,
859 871 955 923 καὶ
990 868 1362 939 συνετάραξας
1396 867 1587 937 αὐτήν.
1639 867 1820 918 Ἰασαι
1848 863 1918 916 τὰ.
1960 881 2086 919 aw-

497 964 785 1034 τρίμματα
831 961 1035 1030 αὐτῆς,
1083 961 1164 1014 ὅτι
1224 957 1512 1029 ἐσαλεύθη.
1559 953 1807 1019 ’Έδειξας
1849 953 1929 1022 τῷ
1970 953 2085 1024 λαῷ

501 1070 594 1104 σου
669 1051 904 1122 σκληράο
961 1051 1220 1112 ὲπότισας
1300 1050 1447 1119 ἡμᾶς
1516 1042 1658 1100 οἶνον
1713 1044 2081 1110 κατανύξεως.

506 1145 753 1207 Ἔδωκας
779 1146 892 1206 τοῖς
936 1142 1292 1213 φοϐουμένοις
1331 1157 1391 1192 σε
1419 1137 1719 1209 σημείωσιν
1761 1135 1853 1189 τοῦ
1893 1137 2084 1204 φυγεῖν

503 1235 613 1289 ἀπὸ
645 1233 943 1305 προσώπου
971 1233 1150 1299 τόξου.
1188 1252 1206 1284 ι
1225 1229 1572 1284 ’Πεποτίσθαι
1594 1227 1704 1298 γὰρ
1729 1226 1981 1297 ὁμολογεῖ
2009 1223 2086 1296 τῷ

501 1326 631 1395 οἴνῳ
665 1327 764 1395 τῆς
795 1323 1143 1389 κατανύξεως
1181 1323 1209 1375 6
1237 1321 1549 1391 Προφήτης.
1586 1319 1696 1372 Kal.
1728 1318 1873 1379 ἐπεὶ,
1901 1317 1967 1370 ἵν’
1991 1316 2084 1370 οὓ-

502 1435 612 1480 τως
637 1416 796 1479 εἴπω,
829 1415 997 1484 ἔπεψε
1039 1415 1165 1477 τοὺς
1195 1411 1387 1480 λόγους
1417 1412 1543 1474 τοὺς
1582 1411 1954 1478 ὲλεγκτικοίις,
1990 1409 2086 1462 καὶ

504 1505 770 1558 πέπονθεν
797 1504 891 1557 ἀπ’
920 1503 1101 1557 αὐτῶν
1136 1502 1227 1555 τὸν
1262 1501 1632 1571 κατανυγμὸν,
1673 1500 1762 1554 διὰ
1811 1499 1970 1553 τοῦτο
2005 1501 2084 1552 εί-

503 1597 736 1666 ληφέναι
783 1595 1036 1667 ὁμολογεί
1083 1596 1221 1666 μετά
1259 1595 1370 1650 τῶν
1419 1593 1771 1663 φοϐουμένων
1816 1593 1878 1645 τὸ
1931 1593 2087 1647 Θεῖον

505 1686 806 1756 σημείωσιν
839 1687 920 1748 εἰς
951 1684 1013 1737 τὸ
1059 1688 1252 1754 φυγεῖν
1287 1685 1356 1737 τὰ
1386 1683 1513 1754 βέλη
1553 1682 1621 1735 τὰ
1651 1682 1760 1736 ἀπὸ
1802 1683 1895 1735 τοῦ
1929 1682 2085 1748 τόξου

505 1776 832 1847 πεμπόμενα
861 1775 956 1828 τοῦ
986 1774 1120 1828 θεοῦ
1156 1775 1248 1828 ἐπὶ
1272 1776 1399 1836 τοὺς
1421 1773 1636 1835 ἀσεϐεῖς
1670 1774 1765 1825 καὶ
1801 1772 2081 1842 παραμεί-

2187 589 2327 656 ejus.
2361 606 2379 638 I
2416 587 2482 640 Et
2510 586 2562 638 in
2599 585 3052 653 quinquagesimo
3093 599 3240 637 nono
3269 584 3517 654 psalmo:
3555 604 3574 635 ι
3604 585 3771 639 Con:-

2191 679 2434 742 movisti,
2464 676 2636 746 inquit
2660 679 2730 740 ²²,
2761 686 2987 738 terram,
3009 687 3062 728 et
3089 676 3428 731 conturbasti
3456 692 3598 730 eam.
3629 675 3772 728 Sana

2188 769 2552 824 contritiones
2577 770 2716 838 ejus,
2751 769 2881 838 quia
2911 778 3182 822 contracta
3211 775 3312 821 est.
3338 767 3639 822 Ostendisti
3672 783 3770 836 po-

2187 857 2314 930 pulo
2344 867 2436 912 tuo
2463 861 2624 921 dura,
2669 858 2865 926 potasti
2901 873 2999 910 nos
3028 858 3154 911 vino
3182 856 3639 926 compunctiunis.
3671 856 3768 910 De-

2186 953 2311 1007 disti
2348 951 2670 1006 timentibus
2705 961 2754 1004 te
2782 949 3260 1019 significationem,
3294 958 3349 1000 ut
3387 948 3594 1018 fugiant
3623 963 3652 1000 a
3686 948 3770 1005 fa-

2186 1046 2272 1100 eie
2303 1059 2482 1098 arcus.
2515 1062 2533 1096 ι
2569 1043 2792 1097 Fatetur
2817 1042 2960 1095 enim
2995 1041 3261 1108 Propheta
3293 1050 3530 1108 potatum
3559 1055 3618 1095 se
3646 1039 3774 1093 vino

2187 1135 2647 1205 compunetionis.
2682 1135 2747 1192 Et
2780 1135 3038 1203 quoniam
3068 1133 3231 1187 verba
3263 1134 3458 1203 quibus
3482 1135 3773 1201 reprehen-

2188 1242 2284 1282 sus
2323 1225 2548 1292 fuerat,
2585 1236 2644 1278 ιιι
2691 1227 2765 1279 ita
2798 1226 3002 1293 dicam,
3051 1235 3383 1282 concoxerat
3409 1266 3424 1287 ,
3456 1235 3510 1282 et
3549 1227 3616 1280 ab
3667 1225 3773 1281 illis

2189 1334 2382 1388 passus
2413 1329 2535 1372 erat
2564 1319 3077 1386 cmnpunctioncm,
3110 1318 3314 1376 idcirco
3345 1316 3547 1370 fatetur
3577 1333 3636 1373 se
3667 1334 3771 1369 una

2187 1425 2311 1464 eum
2366 1408 2736 1465 metuentibus
2785 1410 2954 1464 Deum
2993 1409 3274 1476 accepisse
3317 1407 3770 1476 signiﬁcationem

2187 1511 2248 1554 ut
2276 1501 2488 1568 fugeret
2515 1500 2764 1570 sagittas,
2792 1515 2912 1569 quae
2939 1501 3010 1554 ab
3041 1515 3169 1553 arcu
3204 1499 3295 1553 Dei
3328 1509 3515 1552 contra
3555 1498 3770 1566 impios,

2186 1601 2240 1646 et
2265 1591 2627 1662 persistentes
2655 1591 2706 1644 in
2751 1593 3024 1660 peccatis,
3061 1605 3163 1644 nec
3195 1591 3578 1662 patuitentiam
3604 1606 3770 1658 agen-

2190 1696 2268 1740 tes
2291 1685 2674 1739 imntittuntur.
2705 1683 2770 1736 Et
2807 1683 2858 1736 in
2887 1681 3072 1736 Genesi
3105 1685 3366 1751 scriptum
3399 1693 3482 1737 cst
3509 1683 3591 1737 '3:
3624 1701 3642 1736 ι
3677 1681 3768 1740 Di-

2188 1778 2266 1831 xit
2308 1788 2486 1831 autem
2527 1776 2666 1830 Esau
2705 1775 2771 1828 ad
2803 1785 3012 1842 patrem
3065 1789 3264 1832 suum:
3303 1773 3552 1843 Nunquid
3602 1774 3769 1827 benc-

502 1885 703 1931 ναντας
733 1866 826 1920 ἐπὶ
847 1870 960 1930 τοῖς
990 1867 1372 1944 ἁμαρτήμασι,
1401 1866 1492 1920 καὶ
1517 1864 1592 1936 μὴ
1621 1867 2081 1935 μετανοήσαντας.

2188 1868 2355 1923 dictio
2377 1883 2479 1922 una
2507 1867 2600 1921 tibi
2629 1875 2736 1931 est,
2767 1866 2962 1933 pater?
2992 1865 3331 1934 Compuncto
3362 1875 3544 1920 autem
3581 1863 3732 1920 Isaac
3752 1906 3770 1929 ,

504 1960 613 2010 Kal
641 1961 699 2019 ὲν
731 1960 796 2029 τῇ
827 1956 1092 2014 Γενέσει·
1139 1977 1158 2009 ι
1191 1954 1325 2012 Εἷπε
1355 1958 1413 2012 δὲ
1455 1956 1625 2009 Ἠσαῦ
1669 1955 1807 2026 πρὸς
1847 1955 1938 2007 τὸν
1985 1971 2088 2007 πα-

498 2050 637 2125 τέρα
701 2050 890 2104 αὐτοῦ·
945 2053 1036 2121 Μὴ
1078 2051 1294 2120 εὐλογία
1346 2050 1447 2120 μία
1515 2049 1597 2102 σοί
1656 2049 1807 2111 ἐστι,
1871 2047 2081 2117 πάτερ;

501 2139 949 2212 Κατανυχοέντος
972 2140 1030 2198 δὲ
1062 2140 1267 2204 Ἰσαὰκ,
1294 2139 1558 2209 ἀνεϐόησε
1581 2140 1731 2208 φωνῇ
1769 2136 1960 2199 Ἠσαῦ,
1989 2136 2083 2188 καὶ

498 2235 784 2289 ἔκλαυσεν.
823 2254 842 2286 ι
887 2233 1032 2288 Ἀντὶ
1059 2232 1240 2302 μέντοι
1267 2230 1382 2296 τοῦ,
1419 2230 1784 2300 κατανύγητε,
1819 2248 1837 2280 ι
1882 2228 2084 2298 σιωπή-

501 2345 634 2380 sats
675 2346 694 2378 ι
745 2327 977 2391 Ἀκύλας
1006 2325 1101 2380 καὶ
1130 2323 1424 2378 Θεοδοτίων
1451 2321 1814 2376 ἐκδεδώκασιν
1833 2339 1844 2350 ι
1877 2321 2016 2390 ὅπερ
2055 2321 2084 2373 ὁ

500 2417 797 2489 Σύμμαχος
841 2438 859 2470 ι
889 2417 1202 2488 ἡσυχάσατε
1237 2435 1256 2471 ι
1292 2416 1599 2486 ὲρμήνευσε
1630 2413 1961 2484 σαφέστερον
1993 2412 2086 2464 ὲκ-

498 2509 780 2580 τιθέμενος
845 2509 907 2563 τὸ
957 2510 1070 2564 ἀπὸ
1123 2507 1233 2562 τῶν
1289 2506 1470 2578 ῥητῶν
1521 2506 1884 2577 δηλούμενον·
1946 2505 2085 2574 ὅπερ

498 2599 740 2652 τοιοῦτον
768 2598 879 2670 ἔχει
909 2597 1032 2653 νοῦν
1051 2615 1066 2629 ·
1113 2599 1237 2651 Ἐπὶ
1262 2598 1362 2667 τῆς
1387 2596 1574 2667 κοίτης
1604 2596 1632 2654 ὑ
1641 2596 1758 2664 μῶν
1787 2595 1846 2654 ἐν
1874 2595 2086 2657 ἑαυτοῖς

2191 1957 2524 2014 exclamavit
2574 1971 2705 2011 voce
2761 1956 2902 2013 Esau
2933 1995 2950 2019 ,
2991 1965 3046 2010 et
3095 1954 3260 2008 flevit.
3301 1973 3320 2007 ι
3355 1956 3622 2010 Czeterum
3675 1971 3772 2025 pro

2196 2068 2216 2103 ι
2239 2048 2686 2118 compungimini,
2711 2066 2729 2101 ι
2777 2047 2970 2116 Aquila
3002 2057 3056 2102 et
3097 2045 3431 2109 Theodotio,
3470 2065 3489 2097 ι
3521 2055 3714 2108 tacete,
3747 2067 3765 2098 ι

2190 2141 2560 2205 reddiderunt,
2593 2145 2740 2210 quod
2774 2139 3144 2210 Symmachus
3177 2139 3347 2209 magis
3378 2149 3620 2207 apertam
3651 2155 3770 2193 vcr-

2189 2232 2382 2286 borum
2415 2231 2692 2285 notionem
2725 2229 3044 2300 proferens,
3085 2249 3103 2280 ι
3127 2230 3410 2299 qniescite,
3448 2250 3466 2281 ι
3502 2231 3769 2300 interpre-

2191 2332 2336 2377 tatus
2363 2331 2466 2376 est.
2511 2322 2720 2376 Sensus
2747 2331 2832 2377 est
2863 2341 2877 2376 :
2933 2321 2987 2374 In
3025 2322 3296 2376 cubilibus
3326 2322 3524 2377 vestris
3557 2334 3770 2376 secreto

2190 2411 2334 2466 intra
2367 2427 2464 2467 vos
2494 2421 2745 2482 reputate
2765 2452 2779 2475 ,
2822 2412 3080 2470 nimirum
3112 2429 3232 2482 quae
3264 2428 3293 2465 a
3324 2411 3476 2468 vobis
3503 2427 3598 2480 per
3625 2413 3770 2465 uictu

2190 2511 2338 2572 gesta
2361 2512 2500 2574 _sunt
2524 2541 2542 2567 ,
2577 2513 2632 2556 et
2671 2519 2797 2558 cum
2847 2504 2990 2558 facta
3027 2515 3208 2558 vestra
3247 2503 3620 2574 expenderitis
3645 2541 3662 2568 ,
3693 2504 3773 2557 sic

2191 2566 2407 2648 demunt
2440 2595 2727 2663 quiescitc.

501 2695 643 2750 κατά
687 2697 748 2749 τὸ
787 2694 1028 2766 κρυπτὸν
1065 2692 1418 2764 διαλέχθητεο
1454 2689 1612 2761 δῆλον
1643 2689 1689 2742 δ’
1733 2689 1816 2743 ὅτι
1856 2688 1925 2742 τά
1973 2687 2091 2759 μεθ’
2125 2686 2338 2760 ἡμέραν
2377 2689 2741 2761 πεπραγμένα
2793 2687 2892 2743 καὶ
2941 2688 3010 2744 τά
3050 2688 3178 2760 περὶ
3235 2687 3453 2753 αὐτοὺς
3477 2687 3775 2760 ἐπισκεψά-

503 2805 654 2861 μενοι
681 2789 855 2852 οὓτως
883 2789 1210 2860 ἡσυχάσατε.
1873 2849 1880 2866 1

573 2883 808 2937 Θύσατε
839 2882 1061 2935 θυσίαν
1089 2880 1502 2947 δικαιοσύνης,
1535 2877 1632 2930 καὶ
1666 2877 1958 2933 ἐλπίσατε
1987 2871 2087 2928 ἐπὶ

2262 2872 2430 2928 Vens.
2464 2871 2516 2927 6.
2562 2871 2881 2940 Sacriﬁcate
2925 2868 3250 2937 sacriﬁcium
3285 2870 3536 2938 justitiaz,
3566 2878 3615 2923 et
3650 2889 3768 2939 spe»-

501 2978 739 3044 Κύριον,
781 2991 835 3031 κ.
879 2991 930 3026 τ.
979 2973 1026 3031 ἐ,
1066 2973 1126 3025 '0
1158 2972 1216 3039 ἐξ
1241 2971 1440 3026 ἀδίκων
1474 2970 1658 3040 πόρων
1695 2969 1805 3038 (97)
1852 2966 2083 3038 προσφέ-

2192 2974 2303 3019 rate
2336 2967 2389 3018 in
2422 2963 2677 3027 Domino,
2705 2972 2812 3018 etc.
2849 2962 2964 3015 Non
2995 2964 3088 3031 qui
3127 2979 3193 3016 ex
3229 2962 3445 3032 injustis
3478 2963 3644 3016 htcris
3678 2965 3770 3017 do-

503 3083 612 3137 ρων
639 3064 700 3116 οὐ
733 3062 1079 3130 δικαιοσύνης
1109 3060 1228 3114 θύει
1255 3061 1470 3121 θυσίαν,
1495 3061 1590 3111 καὶ
1611 3060 1640 3110 ὁ
1666 3058 1742 3127 μὴ
1769 3056 1890 3110 κατ’
1926 3055 2086 3118 ἀξίαν

2191 3067 2306 3122 nat,
2333 3071 2431 3109 nec
2459 3056 2551 3124 qui
2583 3070 2647 3108 ex
2679 3056 2850 3124 partis
2883 3054 3060 3118 bonis,
3090 3064 3149 3106 ut
3181 3070 3278 3121 par
3307 3063 3410 3118 est,
3441 3055 3772 3122 pauperibus

499 3152 575 3210 ὧν
603 3155 866 3224 κέκτηται
899 3154 1135 3224 μερίζων
1167 3154 1281 3214 τοῖς
1305 3150 1602 3222 δεομένοις,
1639 3149 1734 3202 καὶ
1763 3151 1791 3202 ὁ
1815 3151 1879 3201 ὲκ
1909 3146 2083 3218 λύπης

2192 3163 2302 3201 non
2337 3147 2617 3201 distribuit
2651 3187 2665 3209 ,
2712 3162 2810 3200 nec
2843 3147 2935 3215 qui
2971 3145 3160 3199 dolens
3191 3160 3254 3198 ac
3306 3154 3529 3199 coaetus
3558 3146 3687 3209 dat,
3729 3148 3773 3200 is

503 3249 596 3301 καὶ
629 3247 688 3313 ἐξ
729 3247 976 3316 ἀνάγκης
1020 3245 1216 3308 διδούς.
1251 3243 1572 3312 Σαφέστατα
1605 3241 1660 3294 δὲ
1693 3241 1957 3305 διδάσκει,
1999 3240 2084 3293 ὅτι

501 3338 563 3391 ού
590 3335 847 3408 περὶτῶν
878 3333 1076 3388 θυσιῶν
1106 3327 1180 3389 ὧν
1207 3333 1554 3404 ὲξειλήφσισιν
1582 3334 1630 3385 οἱ
1662 3330 2084 3401 ἐντυγχάνοντες

501 3433 615 3493 τοῖς
651 3427 894 3498 βιϐλίοις,
924 3425 1052 3498 περὶ
1085 3425 1291 3479 τούτων
1320 3424 1624 3479 ἐνετείλατο
1651 3424 1680 3476 6
1711 3423 1854 3486 θεῖος
1885 3422 2043 3491 λόγος
2069 3438 2083 3452 ·

505 3508 609 3579 ἔφη
630 3509 736 3582 γὰρ
757 3515 817 3565 έν
836 3515 1252 3583 τεσσαρακοστῷ
1274 3514 1472 3584 ψαλμῴ
1488 3531 1500 3543 ·
1527 3534 1544 3566 ι
1567 3516 1624 3568 '0
1646 3516 1795 3579 θεὸς,
1821 3517 1954 3580 Θεὸς
1980 3534 2076 3570 σου

505 3605 622 3674 εἰμὶ
649 3603 778 3673 ἐγώ.
802 3605 918 3658 Οὐκ
945 3606 1036 3657 ἐπὶ
1063 3608 1182 3668 ταῖς
1206 3605 1416 3669 θυσίαις
1444 3623 1536 3659 σου
1571 3606 1772 3676 ἐλέγξω
1794 3625 1856 3660 σε
1875 3625 1888 3638 ·
1919 3610 1988 3662 τὰ
2018 3609 2078 3667 δὲ

503 3693 935 3764 ὁλοκαυτώματά
960 3712 1054 3748 σου
1090 3695 1314 3748 ἐνώπιόν
1353 3713 1454 3766 μου
1484 3696 1602 3749 ἐστὶ
1624 3696 1713 3750 διὰ
1747 3698 1966 3761 παντός.
1995 3700 2071 3752 Οὐ

505 3785 726 3855 δέξομαι
741 3788 804 3838 ὲκ
819 3786 912 3838 τοῦ
933 3786 1084 3839 οἴκου
1102 3805 1196 3840 σου
1219 3788 1472 3857 μόσχους,
1487 3789 1593 3841 οὐδ’
1608 3791 1673 3842 ἐκ
1691 3790 1798 3842 τῶν
1821 3792 2084 3860 ποιμνίων

511 3893 606 3928 σου
641 3877 1003 3947 χειμάρρους·
1047 3879 1155 3946 ὲμὰ
1194 3879 1301 3949 γάρ
1330 3882 1445 3932 ἐστι
1485 3882 1658 3935 πάντα
1682 3881 1751 3941 τὰ
1791 3882 1956 3952 θηρία
1991 3883 2084 3942 τοῦ

512 3968 706 4037 ἀγροῦ,
731 3969 899 4038 κτήνη
929 3969 988 4021 έν
1013 3972 1125 4031 τοῖς
1156 3969 1306 4040 ὁρεσι
1335 3970 1430 4025 καὶ
1460 3970 1599 4041 βόες,
1629 3972 1881 4037 Ἔγνωκα
1910 3972 2086 4025 πάντα

511 4058 582 4110 τὰ
623 4059 842 4110 πετεινά
881 4058 975 4110 τοῦ
1017 4059 1275 4128 οὐρανοῦ.
1318 4060 1412 4112 καὶ
1452 4059 1723 4129 ὼραιότης
1759 4060 1930 4130 ἀγροῦ
1969 4061 2085 4130 μετ’

513 4147 647 4218 ἐμοῦ
673 4149 840 4200 ἐστιν.
865 4147 922 4200 Ἐ
934 4150 991 4202 ὲν
1018 4165 1082 4204 πε
1093 4150 1278 4210 ινάσω,
1301 4149 1374 4218 μή
1401 4165 1482 4202 σοι
1502 4151 1658 4202 είπωτ
1685 4148 1793 4219 ἐμὴ
1815 4151 1922 4220 γάρ
1943 4151 2087 4209 ἐστιν

512 4241 545 4308 ἡ
577 4239 866 4308 οἰκουμένη
906 4239 1000 4292 καὶ
1044 4240 1105 4292 τὸ
1147 4239 1420 4310 πλήρωμα
1461 4240 1649 4310 αὐτῆς.
1703 4240 1796 4311 Μὴ
1841 4241 2086 4310 φάγομαι

515 4331 652 4399 κρέα
675 4330 910 4401 ταύρων,
936 4331 970 4402 ἢ
999 4327 1138 4400 αἷμα
1169 4332 1385 4400 τράγων
1412 4331 1634 4400 uictui;
1661 4332 1832 4385 Θῦσον
1865 4332 1943 4404 τῷ
1968 4335 2088 4401 Θεῷ

515 4422 706 4476 θυσίαν
749 4423 1034 4486 αἰνέσεως,
1069 4425 1162 4475 καὶ
1189 4423 1384 4488 ἀπόδος
1412 4423 1489 4493 τῷ
1530 4423 1769 4494 Ὑψίστῳ
1802 4425 1902 4489 τὰς
1929 4430 2088 4491 εὐγά·

2190 3240 2464 3296 sacriﬁcat
2497 3239 2824 3295 sacrificium
2851 3239 3098 3306 jnstiti:e.
3129 3238 3550 3292 Evidentissime
3588 3251 3767 3292 autem

2188 3334 2346 3387 docet
2378 3348 2483 3385 non
2527 3331 2595 3385 de
2627 3330 2957 3393 sacrificiis,
3010 3347 3128 3398 qua:
3174 3346 3452 3385 sacrorum
3504 3330 3770 3384 libroruin

2188 3421 2418 3477 lectores
2469 3432 2874 3493 exposuerunt,
2930 3422 3257 3490 pnerepisse
3294 3421 3485 3476 Deum.
3530 3420 3662 3474 Nam
3717 3420 3769 3474 in

2187 3516 2608 3583 quadragesimo
2638 3514 2847 3582 psalmo
2875 3514 2951 3566 ait
2976 3515 3058 3566 ’δι
3103 3532 3121 3566 ι
3157 3513 3315 3576 Deus,
3351 3513 3491 3568 Dens
3522 3525 3646 3568 tuus
3670 3529 3772 3584 ego

2187 3621 2328 3661 sum.
2366 3604 2482 3661 Non
2518 3605 2570 3658 in
2611 3605 2899 3661 Sacrificiis
2931 3606 3036 3660 tuis
3069 3621 3295 3676 arguant
3332 3615 3417 3662 te:
3452 3606 3769 3661 holocausta

2188 3707 2368 3752 autem
2401 3707 2491 3750 tua
2523 3697 2576 3750 in
2611 3708 2904 3766 conspectu
2947 3713 3064 3751 meo
3099 3708 3226 3751 sunt
3257 3712 3492 3766 semper.
3533 3696 3645 3750 Non
3677 3712 3769 3751 ae—

2188 3787 2386 3856 eipia‘m
2451 3789 2518 3843 de
2555 3789 2716 3844 domo
2753 3797 2839 3844 tua
2892 3788 3090 3842 vitulos
3117 3826 3134 3852 ,
3182 3803 3354 3857 neque
3393 3789 3460 3842 de
3510 3788 3770 3858 gregibus

2190 3881 2298 3934 tuis
2331 3881 2547 3936 hircos:
2581 3895 2714 3934 mea:
2749 3881 2893 3936 enim
2926 3893 3054 3935 sunt
3082 3897 3273 3935 omnes
3325 3879 3454 3935 fera:
3489 3882 3602 3949 agri
3630 3921 3644 3942 .
3677 3880 3766 3944 jn~

2189 3980 2369 4023 tnenta
2410 3971 2462 4023 in
2495 3972 2769 4024 montibus
2805 3980 2860 4024 et
2898 3972 3084 4025 boves.
3119 3972 3357 4041 Cognovi
3401 3974 3582 4025 omnia
3624 3973 3770 4026 vola-

2189 4060 2300 4112 tilia
2328 4059 2450 4114 (ξαιιί
2477 4099 2492 4122 ,
2525 4071 2578 4113 et
2619 4060 2965 4126 pulchritudo
2997 4063 3111 4130 agri
3165 4077 3374 4114 meemn
3403 4071 3506 4114 est.
3557 4062 3614 4115 Si
3648 4079 3771 4116 esu-

2190 4152 2354 4215 riero,
2389 4166 2492 4203 non
2541 4151 2717 4205 dic.tm
2765 4152 2858 4205 tibi
2887 4170 2900 4206 :
2953 4168 3104 4206 meus
3131 4162 3214 4207 est
3243 4154 3388 4207 enim
3435 4154 3583 4208 orbis
3613 4165 3770 4208 terra:

2188 4239 2348 4316 563
2373 4251 2426 4293 et
2452 4240 2729 4309 plenitudo
2755 4240 2892 4308 ejus.
2923 4242 3176 4312 Nunquid
3204 4246 3543 4298 mandueaho
3573 4261 3770 4300 carnes

2189 4344 2486 4396 taurorum,
2515 4346 2607 4386 aut
2629 4334 2945 4404 sanguinem
2974 4337 3252 4390 hircorum
3281 4337 3519 4406 potabo?
3545 4337 3766 4392 Immola

2190 4428 2300 4487 Deo
2329 4427 2664 4481 sacrificium
2697 4427 2890 4492 laudis,
2921 4437 2976 4480 et
3002 4429 3169 4482 redde
3193 4428 3475 4482 Altissimo
3503 4440 3626 4482 vota
3653 4441 3764 4485 tua.

509 4531 624 4569 σου.
669 4517 779 4570 Kai.
819 4516 1138 4570 ὲπικάλεσαί
1170 4534 1238 4586 με
1267 4519 1326 4571 ὲν
1349 4517 1534 4588 ἡμέρᾳ
1564 4517 1815 4587 θλίψεως,
1853 4519 1948 4575 καὶ
1995 4518 2082 4584 ὲξ-

2191 4520 2254 4573 Ει
2288 4521 2477 4574 invoca
2521 4535 2608 4574 me
2652 4521 2706 4578 in
2755 4521 2840 4574 die
2872 4519 3238 4574 tribulationis
3259 4561 3273 4584 ,
3306 4531 3360 4575 et
3388 4536 3577 4575 eruam
3608 4533 3682 4588 te,
3713 4533 3770 4577 et

504 4607 733 4678 ελοῦμαί
753 4626 834 4671 σε,
854 4609 948 4662 καὶ
967 4609 1208 4673 δοξάσεις
1234 4627 1320 4679 με.
1347 4628 1364 4660 ι
1393 4610 1503 4663 Καὶ
1531 4610 1682 4682 ὲντῷ
1709 4613 2078 4682 πεντηκοστῷ·

510 4701 684 4759 «Ὅτι,
709 4703 758 4754 εί
796 4701 1068 4772 ἠθέλησας
1096 4701 1304 4766 θυσίαν,
1337 4702 1512 4756 ἔδωκα
1549 4703 1634 4767 ἂν,
1659 4703 2082 4775 ὁλοκαυτώματα

503 4791 606 4842 οὐκ
650 4791 981 4862 εὐδοκήσεις.
1025 4793 1198 4846 Θυσία
1229 4793 1305 4864 τῷ
1343 4793 1461 4864 Θεῷ
1495 4795 1710 4866 πνεῦμα
1759 4814 2080 4868 συντετριμ-

506 4880 666 4948 μένον
694 4922 707 4934 .
735 4884 978 4954 Καρδίαν
1005 4887 1470 4957 συντετριμμένην
1496 4890 1588 4941 καὶ
1614 4890 2088 4960 τεταπεινωμένην

502 4971 532 5024 ὁ
561 4971 693 5036 Θεὸς
732 4974 833 5026 οὐκ
861 4973 1202 5034 ὲξουδενώσει
1257 4998 1275 5028 ι
1321 4980 1430 5032 Καὶ
1459 4981 1516 5032 ἐν
1540 4981 1720 5045 ἄλλοις
1744 4998 1758 5011 ·
1797 5001 1815 5034 ι
1846 4983 1927 5035 Τὰ
1968 4982 2087 5035 ὁλο-

501 5063 840 5136 καυτώματα
859 5067 1013 5135 ὑμῶν
1037 5068 1128 5121 καὶ
1149 5071 1205 5122 αἱ
1224 5071 1402 5124 θυσίαι
1425 5073 1523 5143 οὐχ
1548 5074 1747 5142 ῆδυνάν
1779 5091 1890 5145 μοι.
1915 5095 1930 5126 ι
1967 5077 2088 5128 Ἔτι

500 5156 558 5211 δὲ
591 5159 684 5212 καὶ
710 5162 768 5213 ὲν
789 5160 868 5231 τῷ
906 5161 1144 5234 Ἱερεμίᾳ
1163 5181 1177 5194 ο
1233 5184 1252 5215 ι
1279 5167 1352 5218 Οὺ
1379 5165 1576 5229 ταῦτα,
1601 5169 1784 5238 φησιν,
1818 5169 2086 5222 ἐνετειλά-

506 5268 612 5321 μην
633 5254 746 5315 τοίς
771 5255 1041 5325 πατράσιν
1079 5255 1256 5326 ὑμῶν,
1359 5259 1542 5330 ἡμέρᾳ
1575 5260 1851 5330 ἀνήγαγον
1886 5260 2082 5324 αὐτοὺς

501 5342 567 5394 ὲκ
597 5345 701 5412 γῆς
730 5344 1027 5412 Αἰγύπτου,
1063 5347 1192 5418 περὶ
1222 5347 1687 5420 ὁλοκαυτωμάτων
1733 5351 1825 5409 καὶ
1854 5351 2043 5414 θυσίας
2063 5370 2076 5383 ·

499 5433 618 5487 ἀλλ’
657 5435 689 5506 ἦ
746 5437 808 5489 τὸ
858 5438 1008 5508 ῥῆμα
1054 5438 1211 5492 τοῦτο
1255 5440 1606 5511 ἐνετειλάμην
1652 5443 1833 5506 αὐτοῖς
1869 5443 2076 5512 λέγων’

2191 4613 2580 4672 honorificabis
2613 4630 2720 4668 me.
2757 4633 2776 4665 ι
2809 4613 2872 4666 Ει
2901 4614 2953 4666 in
2979 4613 3433 4683 (ptinqnagcsimu
3458 4615 3504 4647 "
3530 4631 3543 4668 :
3568 4635 3587 4666 ι
3625 4619 3771 4681 Quo-

2188 4707 2333 4759 niam
2362 4707 2406 4759 si
2445 4706 2705 4760 voluisses
2737 4706 3090 4773 sacrificium,
3121 4707 3393 4762 dedissem
3432 4709 3635 4777 utique,
3665 4708 3768 4761 ho-

2188 4796 2448 4850 Iucaustis
2476 4815 2579 4851 non
2614 4797 2993 4852 delectaberis.
3029 4799 3372 4853 Sacrificium
3407 4801 3514 4854 Deo
3541 4800 3768 4868 spiritus

2189 4888 2605 4945 contribulatus.
2658 4891 2766 4944 Cor
2803 4892 3099 4944 contritum
3133 4901 3188 4945 et
3239 4891 3576 4944 hutndiatum
3630 4893 3770 4945 Deus

2188 4997 2294 5038 ttnn
2343 4984 2624 5052 despiciet.
2661 5004 2679 5036 ι
2720 4985 2782 5038 Ει
2815 4985 2941 5039 alibi
2965 4985 3046 5039 "z
3085 5003 3102 5035 ι
3137 4984 3463 5040 llolocansta
3503 4995 3680 5039 vestra
3714 4994 3770 5038 et

2187 5075 2457 5130 sacriﬁcia
2491 5093 2594 5128 non
2633 5077 3041 5132 laetificavcrunt
3079 5094 3181 5132 me.
3219 5096 3236 5128 ι
3278 5075 3331 5130 In
3360 5077 3597 5132 Jcremia
3632 5092 3762 5145 quo-

2186 5181 2320 5234 que:
2352 5186 2369 5218 ι
2395 5167 2510 5221 Non
2536 5169 2670 5236 hazc,
2702 5171 2876 5238 inquit
2899 5173 2968 5236 ⁸⁷,
3001 5171 3248 5224 mandavi
3279 5170 3523 5237 patrihus
3547 5171 3762 5234 vestris,

2187 5273 2294 5325 qua
2330 5259 2416 5313 die
2444 5257 2603 5314 edtixi
2637 5277 2730 5316 eos
2764 5264 2831 5317 de
2865 5273 3009 5316 terra
3044 5261 3259 5332 Λεωνιί
3281 5301 3296 5324 ,
3327 5263 3392 5314 de
3431 5262 3766 5318 holocaustis

2187 5359 2239 5402 ct
2275 5351 2570 5409 sacriﬁcio.
2621 5354 2812 5408 Annon
2861 5354 2960 5407 hoe
3000 5354 3106 5407 illis
3145 5354 3323 5422 potius
3378 5353 3636 5420 imperavi
3680 5355 3762 5408 di-

2188 5456 2356 5498 cens:
2394 5443 2776 5514 Unusquisque
2822 5446 3085 5500 adversus
3114 5446 3415 5513 proximum
3449 5461 3604 5499 snmn
3647 5463 3764 5504 ma-

571 5596 614 5673 '_’
653 5595 791 5656 Psal.
823 5612 934 5658 tus,
959 5598 1028 5673 5.
1059 5598 1111 5653 5.
1149 5597 1200 5650 6.
1278 5598 1321 5628 ³³
1350 5597 1547 5660 Genes.
1587 5615 1755 5666 xxv",
1789 5600 1880 5656 38.
1957 5601 2003 5634 “
2034 5601 2083 5657 Ρε

2212 5617 2361 5668 xux,
2395 5602 2425 5654 7
2452 5613 2503 5657 et
2533 5620 2686 5673 seqq.
2764 5603 2808 5634 ’⁸
2843 5603 2982 5657 l‘s:tl.
3017 5620 3067 5669 ι,
3104 5602 3187 5658 18.
3265 5602 3308 5634 ’⁵
3331 5603 3533 5659 Jarcm.
3566 5619 3642 5670 vt,
3669 5603 3784 5659 20..

500 5666 541 5694 ¹⁷
574 5664 749 5719 Jerrtn
813 5684 904 5730 vn,
939 5671 1010 5721 2').
1040 5679 1094 5722 et
1117 5685 1268 5738 seqq.

571 5799 686 5869 (1)7)
733 5798 793 5852 Ὀ
818 5799 884 5866 ἑξ
919 5800 1141 5856 ἀδίκων
1174 5803 1391 5870 πάι-ων,
1429 5815 1532 5860 etc.
1573 5805 1903 5872 Cerdcrius,
1955 5805 2083 5865 Bari

2188 5826 2252 5875 ts,
2282 5808 2460 5863 Codex
2489 5806 2855 5862 Barcccianus
2880 5817 2928 5860 rt
2955 5803 3065 5860 Rue
3095 5804 3148 5864 ιι.
