4124 6438
347 359 484 412 ΗΠ

1754 359 1840 414 EX
1883 357 2185 412 ORII-IENE

3485 376 3620 434 1148

345 482 516 535 Iitiam
573 482 849 537 rescindat
901 481 965 535 de
1017 482 1183 536 corde
1230 497 1329 536 suo
1360 500 1383 535 :r
1412 496 1510 537 nec
1553 481 1906 552 jusjurandtm

2039 482 2310 546 Ἕκαστος
2350 485 2491 538 κατά
2527 487 2618 539 τοῦ
2650 487 2876 558 πλησίον
2910 493 2967 544 ἐν
2994 493 3057 563 τῇ
3093 494 3290 565 καρδίςι
3315 494 3514 550 κακίαν
3545 495 3619 568 μὴ

344 575 542 628 falsum
571 574 842 644 diligatis:
880 573 1012 626 Nam
1051 575 1166 627 hate
1204 575 1385 628 omnia
1418 576 1529 639 odi,
1559 575 1636 629 ait
1667 577 1928 632 Dominus

343 669 711 734 ninnipotens.
746 685 764 718 ι
827 666 1113 720 Manifeste
1159 667 1324 736 igitur
1355 669 1440 723 his
1483 670 1736 723 omnibus
1773 670 1930 723 docet

347 757 625 826 inquirere
655 771 899 822 quamam
951 755 1022 809 sit
1071 758 1470 812 sacrilieiorum
1520 759 1692 819 ratio,
1730 760 1928 828 quibus

345 847 710 916 intelligendis
741 848 1052 902 conducunt
1106 849 1324 902 oracula
1358 850 1536 904 divina
1569 866 1690 920 qua:
1713 853 1925 907 dicunt:

348 958 367 990 ι
398 937 742 993 Sacriﬁcium
784 939 890 994 Deo
921 939 1146 1008 spiritus
1183 943 1602 1009 contrilmlatns,
1631 963 1648 996 ι
1671 946 1930 1012 quemad-

341 1031 560 1084 modum
600 1041 655 1084 et
691 1031 780 1084 hic
816 1048 831 1085 :
873 1030 1228 1085 «Sacriﬁeate
1260 1034 1592 1087 sacriﬁcium
1623 1035 1929 1106 j-ustitim,et

340 1134 560 1190 sperate
609 1122 661 1176 in
698 1122 943 1177 Domino.
979 1143 996 1176 ι
1038 1124 1155 1192 Ipse
1193 1139 1407 1194 quoque
1454 1127 1704 1182 Salvator
1731 1139 1785 1184 et
1826 1131 1930 1184 Do-

341 1215 522 1269 minus
555 1225 764 1278 uoster,
797 1231 890 1270 eos
918 1217 1011 1285 qui
1052 1217 1368 1287 pmphetias
1398 1236 1501 1272 non
1532 1221 1925 1291 iutelligebant,

340 1317 397 1360 et
447 1319 732 1378 prepterea
773 1322 1165 1378 corporeorum
1201 1310 1593 1369 sacriﬁciorum
1643 1313 1922 1382 impotenti

338 1416 527 1454 amore
571 1403 638 1455 ad
673 1413 949 1471 stupoan
986 1418 1154 1471 usque
1189 1403 1514 1468 ﬂagrabant,
1545 1403 1609 1456 ad
1647 1405 1920 1459 saniorem

337 1503 574 1547 mentem
607 1494 816 1548 reducit
837 1495 1026 1550 dicens
1046 1496 1130 1549 "-z
1169 1515 1186 1546 ι
1218 1492 1276 1549 Si
1313 1504 1492 1549 autem
1521 1496 1758 1552 sciretis.
1790 1498 1918 1565 quid

336 1595 455 1638 est:
494 1584 921 1641 Misericordiam
971 1587 1115 1651 volo,
1144 1596 1198 1641 et
1228 1601 1334 1640 non
1374 1587 1702 1640 sacriﬁcium
1732 1630 1746 1653 ,
1779 1604 1919 1643 nun-

334 1687 498 1742 quam
561 1678 1025 1732 condemnassetis
1073 1678 1414 1733 innocentes.
1463 1699 1481 1732 ι
1546 1679 1716 1735 Porro
1766 1683 1918 1737 locus

335 1768 476 1835 apud
505 1784 670 1822 unum
701 1770 764 1824 de
788 1770 1073 1824 duodecim
1109 1772 1408 1839 prophetis,
1437 1771 1490 1826 iu
1526 1773 1669 1830 hunc
1695 1778 1911 1832 modum

333 1860 540 1928 positus
569 1869 652 1914 est
692 1862 772 1914 ”:
829 1879 846 1910 ι
879 1859 1013 1926 Quia
1043 1861 1476 1919 misericordiam
1516 1867 1636 1919 volo
1659 1908 1674 1932 ,
1716 1878 1772 1922 et
1805 1887 1911 1926 non

332 1952 661 2008 sacrificium
691 1975 702 2008 :
743 1953 1027 2026 scientiam
1063 1955 1152 2009 Dei
1198 1956 1480 2026 plusquam
1517 1957 1855 2016 holocausm.
1891 1982 1914 2015 ι.

331 2042 457 2098 Haec
493 2053 673 2096 autem
718 2044 785 2096 de
831 2044 1116 2099 sacrificiis
1163 2045 1337 2116 legem
1370 2063 1491 2103 esse
1531 2050 1684 2105 docet
1716 2052 1914 2108 Paulus

328 2135 516 2190 dicens
545 2134 638 2188 '°:
689 2153 706 2186 ι
742 2134 840 2202 Qui
892 2135 1187 2205 exemplari
1243 2147 1297 2191 et
1348 2143 1553 2196 umbra:
1601 2143 1914 2200 deserviunt

329 2226 656 2280 caelestium.
687 2245 706 2279 ι
762 2228 820 2280 Ei
853 2244 986 2296 ergo
1017 2229 1107 2297 qui
1151 2227 1295 2300 leges
1327 2234 1394 2287 de
1437 2236 1726 2293 sacriﬁciis
1761 2239 1909 2310 legit,

327 2318 488 2370 enixe
519 2317 875 2372 laborandum
900 2329 983 2373 est
1011 2330 1067 2373 ut
1088 2335 1181 2375 eas
1212 2332 1440 2393 utroque
1465 2329 1625 2383 modo
1649 2332 1908 2401 explicet,

327 2421 381 2461 t'l
407 2424 500 2463 eas
525 2419 635 2462 tmn
663 2411 816 2479 juxta
849 2411 1150 2480 liguralem,
1179 2422 1288 2467 tum
1308 2415 1464 2485 juxta
1491 2423 1907 2478 reconditiorem

325 2511 382 2554 et
415 2502 702 2572 mysticum
749 2520 966 2560 sensum
1020 2507 1311 2577 expendat.
1362 2507 1486 2565 ΙΙωο
1521 2517 1848 2583 compendio
1879 2532 1908 2571 a

327 2593 486 2646 nobis
518 2597 806 2650 observata
845 2609 969 2654 sunt
999 2640 1015 2664 ,
1067 2602 1487 2668 explanantibus
1530 2603 1694 2658 illud:
1756 2626 1774 2659 ι
1807 2612 1910 2662 Sa-

322 2685 568 2740 crilieate
617 2689 945 2744 sacriﬁcium
1000 2692 1268 2759 justitiaz,
1321 2712 1358 2746 ι.
1399 2703 1454 2749 et
1507 2710 1907 2768 consequenter

323 2775 498 2830 istud:
537 2797 555 2829 ι
590 2777 816 2846 Sperate
860 2783 911 2835 in
949 2783 1194 2838 Domino.
1222 2803 1255 2837 ι.
1286 2782 1472 2856 Neque
1499 2787 1644 2841 enim
1679 2805 1907 2844 consen-

324 2877 542 2922 taneum
576 2881 660 2925 est
695 2882 748 2926 ut
785 2873 908 2941 quis
957 2885 1141 2942 speret
1170 2917 1184 2941 ,
1236 2889 1527 2947 antequam
1556 2880 1702 2950 juste
1737 2897 1900 2951 agat:

319 2961 368 3013 ei
407 2971 587 3014 autem
619 2964 707 3029 qui
739 2963 884 3033 juste
914 2967 1061 3037 agit,
1097 2968 1223 3024 licet
1257 2971 1604 3028 confidenter
1635 2988 1858 3042 sperare
1887 3015 1902 3040 ,

320 3060 375 3103 et
407 3049 616 3104 Domini
647 3051 790 3107 bona
820 3065 1162 3123 exspectare.
1188 3055 1322 3124 Spes
1347 3059 1489 3111 enim
1522 3069 1602 3113 est
1634 3060 1900 3113 bonorum

319 3144 680 3211 exspectatio.
719 3144 986 3210 Quoniam
1044 3161 1172 3201 vero
1204 3162 1233 3201 a
1273 3149 1456 3204 multis
1504 3151 1669 3218 quaari
1721 3151 1856 3206 Solet
1882 3195 1897 3218 ,
1929 3172 1972 3230 ο

321 3247 444 3290 num
476 3234 557 3287 \‘Il‘
588 3235 789 3303 probus
829 3237 1029 3306 aliquid
1062 3248 1285 3305 speret,
1338 3257 1460 3294 cum
1510 3241 1590 3294 vir
1627 3244 1918 3310 perfectus.

318 3326 536 3378 virtutis
564 3325 782 3395 prmmia
808 3326 918 3395 jam
949 3330 1237 3398 receperit,
1271 3345 1373 3389 nec
1403 3332 1509 3385 ulla
1543 3349 1601 3388 re
1635 3334 1898 3404 indigeat,

317 3432 382 3470 re
410 3428 693 3486 prppterea
725 3420 856 3472 nihil
890 3431 1095 3487 speret,
1125 3438 1311 3476 eorum
1345 3425 1487 3477 enim
1523 3441 1645 3497 qua:
1681 3429 1898 3491 desunt,

317 3518 402 3562 rst
430 3524 554 3576 spes
577 3551 592 3574 ,
642 3525 874 3579 cumque
908 3512 1133 3566 alterius
1182 3516 1253 3568 sit
1299 3515 1433 3568 bene
1482 3532 1704 3585 sperare
1728 3559 1743 3584 ,
1776 3535 1900 3572 nam

317 3599 502 3665 probis
554 3616 771 3671 semper
823 3603 958 3657 bona
1007 3603 1112 3656 alia
1163 3621 1230 3659 ex
1293 3605 1414 3660 aliis
1454 3609 1710 3664 continua
1758 3610 1902 3667 serie

316 3694 767 3762 succeduntzage
796 3709 892 3747 nos
917 3710 1134 3764 quoque
1156 3695 1312 3764 juxta
1344 3698 1753 3766 Scripturarum
1783 3718 1903 3756 sen-

319 3783 541 3836 tentiam
569 3825 584 3848 ,
629 3785 694 3837 de
741 3783 844 3840 hac
875 3786 1178 3853 (praedictio
1227 3803 1400 3855 pauca
1447 3792 1897 3860 perstringamus.

316 3872 634 3927 Clarissima
688 3890 817 3928 sane
847 3917 860 3940 ,
921 3885 978 3929 ut
1011 3892 1291 3945 speremus
1326 3881 1377 3933 in
1432 3881 1658 3937 Domino
1685 3924 1699 3947 ,
1742 3902 1897 3939 sacra

317 3981 415 4020 nos
431 3966 642 4036 eloquia
664 3968 1043 4022 adhortantur.
1072 3988 1090 4019 ι
1117 3968 1310 4040 Speret
1333 3995 1350 4021 ι
1375 3975 1543 4038 enim,
1565 3975 1896 4045 inquiunt“,-

319 4077 342 4110 ι
373 4055 534 4114 Israel
567 4061 618 4112 in
653 4058 910 4123 Domino;
940 4081 966 4117 ι,
998 4072 1052 4115 et
1084 4061 1127 4093 ³²
1148 4102 1163 4127 ,
1215 4082 1232 4114 ι
1272 4064 1470 4117 Domus
1510 4065 1669 4120 Israel
1705 4083 1904 4138 spera—

315 4151 393 4204 \it
441 4151 493 4204 in
547 4151 777 4204 Domino
804 4191 818 4214 ,
853 4153 1068 4221 adjutor
1097 4168 1284 4208 eorum
1332 4154 1496 4227 564
1529 4168 1581 4210 et
1617 4170 1901 4228 preteetor.

314 4259 502 4297 eorum
534 4254 632 4299 est.
661 4264 679 4297 ι
708 4246 760 4299 lu
794 4248 1143 4312 nonagesimo
1172 4257 1349 4301 autem
1379 4250 1607 4317 psalmo,
1637 4270 1738 4306 una
1772 4270 1894 4309 cum

312 4337 434 4390 aliis
482 4338 938 4408 promissionibus
979 4340 1218 4408 perfecto
1257 4341 1370 4394 viro
1409 4343 1607 4397 dicitur
1647 4346 1774 4398 illud
1805 4347 1892 4402 “z

318 4450 338 4482 ι
370 4428 616 4498 Scapulis
647 4433 757 4486 suis
785 4435 1128 4509 obumbrabit
1167 4437 1283 4500 tibi,
1318 4445 1371 4490 et
1406 4439 1505 4492 sub
1554 4440 1746 4506 pennis
1780 4439 1894 4506 ejus

2036 577 2465 645 μνησικακείτω,
2521 581 2614 632 καὶ
2653 580 2815 650 ὅρκον
2861 583 3027 654 ψευδῆ
3056 586 3134 656 μὴ·
3172 587 3440 656 ἀγαπᾶτεο
3475 591 3620 642 Διότι

2030 663 2204 718 ταῦτα
2245 667 2420 719 πάντα
2451 668 2709 738 ἐμίσησα,
2741 669 2888 739 λέγει
2919 673 3124 744 Κύριος
3150 677 3565 750 παντοκράτωρ.
3593 699 3626 732 ι.

2031 757 2228 826 Σαφῶς
2273 757 2402 825 γοῦν
2454 759 2543 812 διὰ
2571 761 2776 815 τούτων
2823 765 3038 820 πάντων
3068 767 3311 822 διδάσκει
3344 769 3619 836 ἐξετάζειν

2029 849 2112 912 τίς
2134 851 2163 902 ὁ
2193 853 2320 922 περὶ
2344 851 2452 904 τῶν
2480 852 2679 907 θυσιῶν
2697 855 2862 921 τόπος
2879 875 2891 887 ·
2929 860 3020 912 καὶ¹
3043 860 3334 915 ὑποϐάλλει
3365 880 3427 931 γε
3449 864 3618 937 ἀφορ-

2033 943 2140 1012 μὰς
2165 941 2233 994 τὰ
2259 941 2412 1011 λόγια
2441 945 2668 1013 λέγοντα
2693 963 2706 977 ·
2749 967 2766 1000 ι
2791 948 2881 1019 Τῷ
2907 950 3025 1020 Θεῷ
3047 951 3206 1005 θυσία
3241 954 3462 1023 πνεῦμα,
3488 973 3615 1009 συνς

2028 1033 2390 1103 τετριμμένον
2412 1052 2424 1063 ·
2453 1054 2470 1085 ι
2523 1035 2713 1108 ὥσπερ
2745 1039 2838 1091 καὶ
2861 1039 3047 1094 ἐνθάδε
3069 1057 3083 1071 ο
3139 1061 3156 1092 ι
3179 1026 3402 1096 Θύσατε
3425 1043 3614 1100 ουσίαν

2029 1121 2400 1194 δικαιοσύνης,
2449 1127 2541 1179 καὶ
2589 1127 2848 1182 ἐλπίσατε
2894 1131 2986 1183 ἐπὶ
3016 1131 3240 1204 Κύριον.
3267 1151 3285 1185 ι
3320 1136 3429 1188 Καὶ
3451 1137 3614 1200 αὑτὸς

2026 1211 2083 1264 δὲ
2110 1215 2138 1266 ὁ
2172 1214 2361 1286 Σωτὴρ
2390 1217 2484 1268 καὶ
2517 1217 2720 1290 Κύριος
2749 1220 2904 1289 ἡμῶν
2936 1224 3252 1294 ἐπιστρέφει
3276 1226 3400 1289 τοὺς
3437 1226 3510 1297 μὴ
3535 1244 3613 1280 νο-

2026 1302 2218 1369 οῦντας
2244 1306 2312 1359 τά
2338 1310 2674 1380 προφητικά,
2706 1312 2799 1364 καὶ
2822 1311 2912 1367 διά
2945 1312 3101 1367 τοῦτο
3142 1317 3268 1387 περὶ
3295 1316 3393 1380 τὰς
3421 1335 3576 1388 σωμα
3589 1345 3618 1362 ·-

2023 1395 2182 1459 τικάς
2211 1397 2398 1462 θυσίας
2430 1400 2820 1471 ἐπτοημένους,
2853 1404 3044 1472 λέγων·
3093 1425 3109 1457 ι
3133 1407 3197 1460 Et
3224 1407 3279 1460 δὲ
3317 1409 3622 1477 ἐγνώκειτε,

2021 1489 2074 1543 τί
2107 1492 2282 1544 ἐστιν’
2319 1491 2504 1556 Ἔλεος
2537 1492 2674 1548 θέλω
2714 1497 2809 1549 καὶ
2841 1498 2902 1550 οὑ
2936 1497 3147 1562 θυσίαν,
3175 1500 3274 1553 οὐκ
3299 1500 3365 1554 ἂν
3395 1505 3608 1556 κατεδι-

2022 1581 2224 1635 κάσατε
2271 1585 2398 1646 τοὺς
2437 1585 2728 1650 ἀναιτίους.
2758 1605 2777 1638 ι
2828 1589 3021 1642 Κεϊται
3068 1589 3125 1642 δὲ
3175 1592 3206 1660 ἡ
3242 1591 3387 1657 λέξις
3431 1594 3490 1645 ἐν
3528 1595 3608 1647 ἐνὶ

2019 1675 2129 1728 τῶν
2158 1674 2365 1729 δώδεκα
2411 1676 2584 1742 οὕτως
2628 1678 2828 1748 ἔχουσα
2849 1696 2864 1712 ·
2899 1698 2937 1731 .‹
2979 1681 3121 1736 Διότι
3161 1683 3306 1747 ἕλεος
3341 1684 3480 1738 θέλω
3511 1687 3622 1740 καὶν

2021 1766 2081 1818 οὑ
2115 1764 2328 1830 θυσίαν,
2359 1767 2654 1836 ἐπίγνωσιν
2689 1769 2824 1821 Θεοῦ
2859 1769 2891 1840 ἢ
2933 1770 3380 1844 ὁλοκαυτώματα.
3435 1793 3454 1826 ι
3483 1777 3604 1831 ’Ότι

2020 1858 2078 1912 δὲ
2104 1859 2277 1912 ταῦτα
2300 1859 2588 1930 νομοθεσία
2615 1861 2731 1914 ἐστὶ
2758 1863 2884 1934 περὶ
2903 1861 3124 1926 θυσιῶν,
3153 1863 3387 1928 ἐδίδαξεν
3410 1867 3438 1918 ὁ
3460 1867 3606 1920 Παῦ-

2017 1950 2108 2013 λος
2136 1949 2306 2004 είπὼν
2357 1952 2448 2004 τόοη
2478 1970 2494 2002 ι
2525 1951 2735 2015 Οἵτινες
2778 1953 3140 2023 ὑποδείγματι
3185 1953 3280 2006 καὶ
3331 1956 3462 2024 σκιᾷ
3505 1955 3603 2009 λα-

2015 2043 2266 2114 τρεύουσι
2299 2046 2408 2097 τῶν
2440 2045 2795 2116 ἐπουρανίων.
2823 2065 2841 2096 ι
2899 2047 3251 2115 Ἀγωνιστέον
3300 2047 3480 2101 τοίνυν
3525 2048 3608 2119 τῷ

2014 2136 2393 2205 ἐντυγχάνοντι
2429 2140 2540 2201 τοῖς
2573 2139 2702 2208 περὶ
2745 2138 2946 2192 θυσιῶν
2976 2140 3160 2210 νόμοις
3199 2140 3478 2212 ἑκατέρως
3508 2141 3604 2194 αὑ-

2012 2229 2140 2291 τοὺς
2183 2228 2564 2299 διηγήσασθαι,
2599 2230 2740 2286 κατά
2784 2248 2843 2283 τε
2869 2230 2929 2284 τὸ
2958 2231 3285 2301 συμϐολικὸν
3317 2234 3411 2285 καὶ
3460 2233 3600 2287 κατά

2011 2319 2072 2372 τὸ
2103 2320 2541 2392 ἀπορρητότερον
2587 2322 2682 2381 καὶ
2730 2322 2991 2393 μυστικὸν
3044 2323 3368 2387 ἐξετάζοντι.
3415 2325 3600 2378 Ταῦτα

2012 2414 2070 2464 ἐν
2099 2415 2333 2484 ἐπιτομῇ
2361 2416 2495 2485 ἡμῖν
2541 2415 2915 2484 σεσημείωστο
2943 2415 3288 2487 βουλομένοις
3335 2416 3601 2487 διηγήσα-

2014 2507 2135 2560 σθαι
2165 2506 2250 2570 τὸ,
2283 2526 2299 2558 ι
2325 2506 2534 2561 Θύσατε
2568 2508 2758 2561 θυσίαν
2796 2508 3145 2578 δικαιοσύνης
3165 2525 3178 2538 ο
3209 2529 3229 2557 ι
3265 2510 3358 2562 καὶ
3381 2508 3601 2562 ἀκολοῶ

2010 2593 2120 2658 θως
2147 2595 2232 2659 τὸ,
2272 2615 2289 2646 ι
2331 2597 2616 2651 Ἐλπίσατε
2651 2599 2742 2650 ἐπὶ
2765 2597 2986 2667 Κύριον.
3014 2616 3034 2648 ι
3078 2598 3151 2650 Οὑ
3184 2597 3291 2670 γὰρ
3325 2600 3473 2652 ἔστιν
3505 2600 3598 2652 εὑ-

2009 2685 2184 2754 λόγως
2217 2687 2434 2741 ἐλπίσαι
2491 2691 2622 2760 πρὶν
2662 2689 3070 2758 δικαιοποιῆσαι
3097 2706 3108 2718 ·
3147 2689 3225 2760 τῷ
3274 2691 3602 2762 δικαιοπραρ

2008 2776 2193 2845 γοῦντι
2222 2777 2278 2834 δὲ
2310 2779 2646 2842 πεποιθότως
2684 2776 2829 2837 ἔστιν
2857 2779 3092 2844 ἐλπίσαι,
3125 2782 3220 2834 καὶ
3260 2781 3330 2835 τὰ
3357 2782 3452 2834 τοῦ
3482 2784 3596 2835 Κυ-

2011 2869 2126 2938 ρίου
2160 2869 2341 2937 ἀγαθά
2384 2869 2786 2942 προσδοκῆσαι’
2823 2872 2979 2934 ἐλπὶς
3008 2873 3116 2944 γάρ
3149 2876 3264 2926 ἐστι
3299 2875 3614 2944 προσδοκίαι

2006 2960 2248 3028 ἀγαθῶν.
2290 2961 2444 3014 Ἐπεὶ
2473 2962 2518 3015 δ’
2545 2962 2804 3034 ἐζήτηται
2833 2964 2986 3035 παρά
3017 2965 3247 3028 πολλοῖς,
3299 2969 3346 3018 εἰ
3379 2969 3407 3019 ὁ
3435 2968 3595 3030 καλὸς

2006 3050 2102 3106 καὶ
2127 3049 2331 3118 ἀγαθὸς
2369 3048 2579 3103 ἐλπίσει
2612 3069 2685 3115 τι,
2723 3053 2798 3115 ὡς
2828 3051 2920 3104 τοὺ
2954 3053 3159 3105 τελείου
3203 3053 3498 3123 ἀπέχοντος
3528 3053 3618 3108 τὰς.

2007 3141 2208 3208 ἀγαθὰ,
2247 3145 2341 3196 καὶ
2373 3144 2430 3195 ἐν
2470 3144 2647 3198 οὑδενὶ
2685 3145 3042 3209 ἐλλείποντος,
3077 3146 3171 3199 καὶ
3195 3146 3282 3198 διὰ
3317 3147 3474 3200 τοῦτο
3506 3149 3593 3200 οὑν

2007 3229 2096 3283 δέν
2129 3229 2456 3295 ἐλπίζοντος,
2491 3232 2737 3288 ἀπόντων
2782 3235 2890 3304 γάρ
2938 3235 3144 3303 ἐστινὴ
3186 3236 3360 3300 ἐλπὶς,
3409 3237 3594 3307 ἐτέρου

2005 3320 2062 3374 δέ
2102 3321 2197 3374 τοῦ
2233 3319 2371 3376 εἶναι
2403 3325 2648 3395 χρηστὰς
2696 3325 2940 3388 ἐλπίδας,
2996 3327 3083 3379 ἀεὶ
3133 3331 3244 3389 τοῖς
3285 3327 3468 3392 καλοῖς
3503 3331 3612 3384 καὶ

2006 3415 2230 3483 ἀγαθοῖς
2255 3416 2472 3486 ἀγαθῶν
2502 3418 2570 3471 τὰ
2606 3419 2786 3488 ἀγαθά
2817 3420 2994 3476 αὐτῶν
3027 3423 3388 3490 συνεχέστατα
3423 3422 3594 3475 διαδε-

2005 3507 2250 3578 χομένων
2271 3527 2282 3537 ·
2315 3509 2446 3580 φέρε
2469 3509 2617 3580 καὶὴ
2629 3513 2748 3581 μεῑς
2777 3510 2930 3579 ὀλίγα
2961 3511 3102 3564 κατά
3123 3512 3183 3565 τὸ
3214 3512 3457 3584 βούλημα
3485 3513 3612 3566 τῶν.

2005 3598 2238 3670 Γραφῶν
2259 3600 2388 3670 περὶ
2410 3597 2503 3651 τοῦ
2527 3599 2908 3671 προϐλήματος
2927 3601 3286 3672 διαλάϐωμεν.
3316 3601 3591 3670 Σαφέστα-

2003 3707 2073 3744 τα
2105 3691 2168 3762 δὴ
2195 3691 2593 3764 προτρέπουσιν
2618 3695 2762 3763 ἡμᾶς
2784 3693 3021 3757 ἐλπίζειν
3043 3695 3134 3746 ἐπὶ
3154 3693 3357 3764 Κύριον
3379 3691 3448 3744 τὰ
3469 3691 3610 3762 ἱερὰ,

2004 3783 2184 3851 λόγια.
2230 3803 2247 3834 ι
2275 3783 2579 3837 Ἐλπισὰτω
2617 3803 2648 3835 ι.
2685 3785 2815 3856 γάρ,
2847 3787 3032 3856 φησιν,
3059 3805 3077 3837 ι
3128 3786 3342 3857 Ἰσραὴλ
3376 3784 3467 3838 ἐπὶ
3498 3786 3590 3837 τὶν

2003 3873 2227 3944 Κύριον·
2244 3894 2261 3924 ι
2289 3872 2445 3940 xui”
2467 3870 2627 3938 Οἶκος
2655 3876 2869 3947 Ἰσραὴλ
2888 3877 3112 3948 ἤλπισεν
3141 3878 3337 3931 ἐπὶν-ξὺν
3355 3878 3604 3949 Κύριον·-

2004 3964 2197 4036 βοηθδς
2243 3966 2422 4028 αὑτῶν
2457 3967 2550 4030 καὶ
2605 3969 3018 4041 ὑπερασπιστὴς
3049 3971 3230 4024 αὑτῶν
3264 3973 3398 4024 ἐστι.
3430 3993 3447 4024 ι
3499 3971 3590 4041 Τῷ

1999 4058 2062 4112 δὲ·
2088 4058 2277 4129 τελείῳ
2302 4060 2359 4111 ἐν
2389 4057 2468 4128 τῷ
2502 4059 2869 4130 ἐννενηκοστιξι
2892 4061 3090 4131 ψαλμῷ
3117 4062 3254 4132 μετά
3277 4062 3386 4116 τῶν
3415 4062 3588 4116 ἀλλων

2001 4150 2341 4220 ἐπαγγελιῶν
2370 4150 2587 4219 λέγεται
2619 4148 2711 4214 τὸ,
2738 4169 2755 4202 ι
2781 4153 2867 4206 Ἐν
2902 4157 3006 4216 τοῖς
3037 4155 3394 4227 μεταφρένοις
3423 4154 3588 4208 αὑτοῦ

1999 4241 2308 4294 ἐπισκιάσει
2334 4258 2438 4307 σοι,
2472 4241 2564 4295 καὶ
2583 4243 2698 4302 ¹ὑπὸ
2731 4242 2828 4306 τὰς
2863 4245 3137 4315 πτέρυγας
3167 4245 3330 4299 αὑτοῦ
3360 4246 3590 4308 ἐλπιεῖς.

2001 4331 2189 4401 ’Όπλῳ
2218 4329 2489 4384 κυκλώσει
2518 4349 2577 4384 σε
2611 4334 2642 4404 ἡ
2677 4333 2900 4404 ἀλήθεια
2927 4334 3110 4392 αὑτοῦ.
3143 4354 3160 4384 ι
3209 4335 3269 4388 '0
3299 4335 3354 4387 δέ
3379 4335 3596 4399 Παῦλος,

1999 4423 2057 4477 ἐν
2087 4416 2132 4491 ᾧ
2159 4423 2430 4492 κρέμαται
2468 4425 2496 4477 ὁ
2542 4423 2708 4494 νόμος
2733 4425 2826 4476 καὶ
2855 4427 2901 4478 οἱ
2935 4426 3229 4496 προφῆται,
3267 4425 3586 4496 βουλόμενος

311 4523 558 4589 sperabis
588 4541 603 4588 ;
648 4532 804 4577 scuto
831 4525 1194 4578 eireunulabit
1223 4537 1274 4579 te
1304 4527 1512 4580 veritas
1535 4529 1673 4594 ejus.
1705 4547 1738 4580 ι.
1763 4527 1893 4581 Putt-

2010 4515 2350 4585 παραστῆσαι
2376 4515 2554 4578 ὁποῖός
2582 4519 2719 4578 ἐστι,
2748 4517 2910 4586 (λέγω
2953 4517 3009 4569 δὲ
3035 4517 3133 4588 τὴν
3156 4517 3378 4587 ἀγάπην
3402 4523 3440 4587 ·)
3476 4535 3584 4588 φη-

311 4612 394 4671 lus
444 4623 622 4666 autent
660 4615 711 4667 in
754 4630 861 4683 quo
895 4616 1091 4683 pendet
1125 4616 1210 4670 lex
1247 4627 1300 4670 et
1352 4620 1630 4688 prophetae
1655 4659 1670 4681 ,
1705 4619 1893 4676 volens

309 4704 600 4758 ostendere
631 4704 806 4772 qualis
832 4706 903 4758 sit
930 4706 1277 4775 (eharitatem
1312 4709 1453 4777 dico)
1482 4710 1557 4762 ait
1582 4711 1662 4764 ἐς
1704 4730 1720 4760 ι
1745 4713 1889 4764 Cha-

315 4794 448 4847 ritas
484 4793 664 4847 omnia
704 4795 910 4858 credit,
941 4797 1125 4850 omnia
1167 4807 1349 4867 sperat
1375 4837 1388 4860 ,
1420 4801 1600 4853 omnia
1637 4802 1888 4856 sustinet.

310 4887 562 4941 Charitas
594 4905 865 4957 nunquam
902 4888 1118 4944 excidit.
1156 4909 1173 4940 ι
1214 4889 1365 4955 Quod
1409 4892 1452 4945 si
1485 4905 1757 4962 nunqtunn
1797 4911 1891 4949 ex.

310 4978 494 5032 cidere
531 4979 757 5048 perfecti
799 4980 897 5033 viri
932 4990 1014 5034 est
1046 4996 1181 5049 opus
1217 4983 1358 5048 quod
1393 4997 1422 5035 a
1458 4982 1729 5038 eharitate
1761 5001 1888 5054 pro-

313 5069 578 5136 ﬁciscitur
601 5111 614 5134 ,
650 5071 792 5125 illius
822 5073 983 5124 etiam
1015 5073 1105 5140 qui
1137 5088 1192 5126 re
1219 5073 1460 5141 qualibet
1501 5073 1764 5131 laboriosa
1794 5093 1888 5131 su-

310 5162 614 5230 perior-est,
645 5164 749 5214 erit
775 5163 954 5214 omnia
987 5173 1207 5232 propter
1230 5165 1560 5220 charitatetn
1594 5169 1885 5233 sustinere,

308 5263 362 5312 et
389 5253 568 5308 omnia
602 5255 843 5314 credere,
878 5255 1134 5307 nimirum
1167 5273 1286 5325 quae
1318 5266 1462 5320 sunt,
1490 5266 1544 5312 et
1581 5274 1705 5314 vera
1739 5270 1885 5314 sunt.

307 5344 491 5414 Neque
518 5346 662 5400 enim
691 5346 832 5400 inter
859 5347 1039 5400 omnia
1066 5348 1340 5402 censenda
1370 5359 1499 5403 sunt
1524 5349 1658 5404 falsa
1689 5352 1887 5421 quippe

307 5455 428 5506 qtue
475 5455 540 5493 ne
574 5440 796 5493 omnino
837 5441 1056 5507 quidem
1107 5450 1255 5494 sunt.
1297 5439 1430 5494 Nam
1483 5442 1573 5510 qui
1621 5443 1890 5498 charitate

309 5529 563 5596 pra-ditus
597 5541 681 5585 est
710 5572 723 5592 ,
760 5531 1034 5599 perlectus
1076 5541 1130 5586 et
1179 5531 1396 5587 stabilis
1446 5543 1529 5587 est
1563 5533 1614 5586 in
1663 5533 1886 5589 salutari

309 5602 572 5691 lide,qn:P
600 5635 684 5677 est
713 5625 780 5678 de
801 5639 1011 5693 quaque
1037 5641 1092 5678 re
1121 5625 1184 5678 ad
1209 5626 1537 5680 credendum
1557 5628 1884 5690 necessaria,

411 5738 456 5810 ’ξι
485 5736 673 5810 Matth.
725 5755 820 5801 XII,
854 5741 904 5792 6.
998 5743 1043 5772 ⁸³
1081 5741 1239 5799 Οδρρ,
1277 5759 1346 5810 rp
1385 5743 1436 5798 6,

309 5822 393 5874 χο,
424 5806 476 5860 εὶ.
556 5806 599 5837 ³⁸
631 5809 648 5862 l
681 5811 803 5864 (Lor.
841 5825 956 5877 xm,

1537 5744 1579 5776 ³⁸
1605 5744 1771 5800 Ilebr.
1801 5761 1893 5800 γιιι
1927 5786 1941 5814 ,

2000 4609 2083 4663 σίν
2105 4626 2117 4640 ο
2155 4627 2172 4658 ι
2194 4609 2258 4661 'll
2283 4608 2470 4680 ἀγάπη
2498 4608 2675 4661 πάντα
2703 4607 2966 4671 πιστεύει,
2997 4608 3172 4660 πάντα
3196 4607 3423 4670 ἐλπίζει,
3454 4608 3585 4660 πάνυ

1995 4718 2066 4754 τα
2109 4699 2407 4770 ὑπομένει⁹
2455 4699 2706 4771 ήάγάπη
2758 4698 3012 4754 οὐδέποτε
3059 4699 3335 4751 ἐκπίπτει.
3373 4719 3390 4750 ι
3434 4699 3495 4750 Εἰ
3528 4683 3612 4751 {el

1997 4795 2056 4847 τὸ
2103 4795 2373 4866 μηδέποτε
2417 4792 2704 4847 ἐκπίπτειν
2729 4791 2936 4844 τελείου
2965 4791 3110 4844 ἐστὶν
3152 4791 3332 4863 ἔργον,
3366 4792 3585 4861 ἀγάπης

1996 4888 2263 4958 ὑπάρχον,
2311 4887 2408 4940 καὶ
2453 4884 2513 4939 τὸ
2543 4883 2721 4937 πάντα
2753 4883 3045 4953 ὑπομένειν
3087 4884 3174 4937 διὰ
3218 4883 3319 4956 τὴν
3361 4883 3585 4952 ἀγάπην

1997 4977 2254 5048 ὑπεράνω
2297 4973 2579 5044 γινομένου
2612 4972 2809 5035 παντὸς
2851 4973 3128 5037 ἐπιπόνου,
3179 4973 3273 5026 καὶ
3317 4973 3379 5026 τὸ
3407 4973 3585 5024 πάντα

1999 5070 2295 5134 πιστεύειν,
2326 5067 2485 5138 δῆλον
2513 5067 2557 5119 δ’
2587 5067 2666 5119 ὅτι
2689 5067 2758 5120 τά
2781 5065 2911 5119 ὄντα
2933 5065 3114 5119 καὶτὰ
3137 5065 3312 5135 ἀληθῆ
3337 5081 3349 5094 ’
3379 5066 3440 5118 οὑ
3475 5065 3583 5135 γὰρ

1996 5167 2054 5217 ἐν
2098 5165 2211 5225 τοῖς
2251 5162 2385 5213 πᾶσι
2424 5159 2493 5212 τὰ
2527 5159 2696 5229 ψευδῆ
2741 5158 3091 5230 ἀριθμητέον,
3123 5157 3222 5228 τὴν
3253 5157 3428 5228 ἀρχὴν
3461 5158 3583 5210 οὑδὲ

1993 5258 2142 5311 ὄντα.
2197 5255 2255 5306 '0
2297 5252 2406 5322 γὰρ
2449 5251 2548 5322 τὴν
2593 5251 2812 5320 ἀγάπην
2845 5248 3198 5321 κατορθώσας
3243 5249 3446 5310 τέλειος
3490 5247 3585 5302 καὶ

1998 5348 2212 5419 βέϐαιος
2240 5346 2296 5398 ἐν
2338 5347 2404 5415 τῇ
2447 5343 2704 5414 σωτηρίῳ
2745 5343 2924 5395 πίστει
2954 5344 3020 5412 τῇ
3047 5342 3174 5413 περὶ
3209 5342 3328 5404 ἐνὸς
3351 5341 3582 5394 ἑκάστου

1995 5442 2104 5496 τῶν
2154 5437 2478 5493 πιστοῦσθαι
2521 5436 2834 5504 ἀναγκαίων
2869 5436 2983 5488 ἐστί
3007 5450 3024 5465 °
3066 5435 3227 5504 δῆλον
3255 5435 3335 5487 ὅτι
3380 5435 3474 5486 καὶ
3515 5433 3583 5487 τὰ

1998 5536 2175 5589 πάντα
2209 5533 2470 5598 ἐλπίζειν,
2514 5530 2608 5584 καὶ
2659 5529 2822 5600 μηδὲν
2850 5528 3163 5598 δυναμένων
3200 5527 3340 5597 ἁγίῳ
3362 5527 3584 5580 ἀποκεῖ-

1999 5628 2122 5681 σθαι
2152 5625 2572 5693 ἀπογινώσκειν,
2605 5621 2816 5684 οὑδενὸς
2852 5621 3013 5675 ἄλλου
3041 5619 3074 5690 ἢ
3107 5619 3199 5673 τοῦ
3229 5619 3410 5690 τελείᾳ
3440 5617 3579 5686 ἀγάο

3363 5735 3407 5768 ³³
3433 5733 3582 5790 l‘sal.

2162 5747 2202 5776 ³¹
2239 5743 2384 5800 Psal.
2410 5757 2576 5806 c-xxx,
2614 5742 2668 5805 5,
2769 5741 2811 5771 ³³
2849 5738 2989 5794 I‘sal.
3021 5753 3172 5805 exin,
3201 5738 3255 5793 9.
