  <div class='ocr_page' id='page_1' title='image "/cluster/home/n/w/nwhite01/storage/ocr_20150623/12:no.2/coo.31924054873074/589.png"; bbox 0 0 4100 6372; ppageno 0'>
   <div class='ocr_carea' id='block_1_1' title="bbox 348 326 484 382">
    <p class='ocr_par' dir='ltr' id='par_1_1' title="bbox 348 326 484 382">
     <span class='ocr_line' id='line_1_1' title="bbox 348 326 484 382; baseline 0.015 -2"><span class='ocrx_word' id='word_1_1' title='bbox 348 326 484 382; x_wconf 61' lang='lat' dir='ltr'><strong>Illi!</strong></span> 
     </span>
    </p>
   </div>
   <div class='ocr_carea' id='block_1_2' title="bbox 1744 301 2176 377">
    <p class='ocr_par' dir='ltr' id='par_1_2' title="bbox 1744 301 2176 377">
     <span class='ocr_line' id='line_1_2' title="bbox 1744 301 2176 377; baseline -0.002 0"><span class='ocrx_word' id='word_1_2' title='bbox 1744 319 1836 377; x_wconf 73' lang='lat' dir='ltr'><strong>ex</strong></span> <span class='ocrx_word' id='word_1_3' title='bbox 1874 301 2176 377; x_wconf 67' lang='lat' dir='ltr'><strong>ORIGENE</strong></span> 
     </span>
    </p>
   </div>
   <div class='ocr_carea' id='block_1_3' title="bbox 3493 328 3627 384">
    <p class='ocr_par' dir='ltr' id='par_1_3' title="bbox 3493 328 3627 384">
     <span class='ocr_line' id='line_1_3' title="bbox 3493 328 3627 384; baseline 0.007 -1"><span class='ocrx_word' id='word_1_4' title='bbox 3493 328 3627 384; x_wconf 66' lang='lat'><strong>“7’9.</strong></span> 
     </span>
    </p>
   </div>
   <div class='ocr_carea' id='block_1_4' title="bbox 345 432 1946 506">
    <p class='ocr_par' dir='ltr' id='par_1_4' title="bbox 345 433 1932 506">
     <span class='ocr_line' id='line_1_4' title="bbox 345 433 1932 506; baseline -0.003 -12"><span class='ocrx_word' id='word_1_5' title='bbox 345 449 488 506; x_wconf 76' lang='lat' dir='ltr'><strong>(NII,</strong></span> <span class='ocrx_word' id='word_1_6' title='bbox 520 445 652 493; x_wconf 77' lang='lat' dir='ltr'><strong>vitta</strong></span> <span class='ocrx_word' id='word_1_7' title='bbox 672 444 850 492; x_wconf 88' lang='lat' dir='ltr'><strong>autem</strong></span> <span class='ocrx_word' id='word_1_8' title='bbox 887 443 944 490; x_wconf 89' lang='lat' dir='ltr'><strong>et</strong></span> <span class='ocrx_word' id='word_1_9' title='bbox 977 433 1204 489; x_wconf 86' lang='lat' dir='ltr'><strong>vitiosas</strong></span> <span class='ocrx_word' id='word_1_10' title='bbox 1227 434 1472 490; x_wconf 85' lang='lat' dir='ltr'><strong>actiones</strong></span> <span class='ocrx_word' id='word_1_11' title='bbox 1504 435 1640 488; x_wconf 87' lang='lat' dir='ltr'><strong>mala</strong></span> <span class='ocrx_word' id='word_1_12' title='bbox 1669 453 1684 489; x_wconf 88' lang='lat'><strong>:</strong></span> <span class='ocrx_word' id='word_1_13' title='bbox 1713 438 1932 490; x_wconf 85' lang='lat' dir='ltr'><strong>tertium</strong></span> 
     </span>
    </p>
   </div>
   <div class='ocr_carea' id='block_1_5' title="bbox 2049 432 3631 506">
    <p class='ocr_par' dir='ltr' id='par_1_5' title="bbox 2049 432 3631 504">
     <span class='ocr_line' id='line_1_5' title="bbox 2049 432 3631 504; baseline 0.002 -16"><span class='ocrx_word' id='word_1_14' title='bbox 2049 434 2217 503; x_wconf 77' lang='grc' dir='ltr'>Ξιγαθά</span> <span class='ocrx_word' id='word_1_15' title='bbox 2239 432 2510 504; x_wconf 74' lang='grc' dir='ltr'>λεγόντων</span> <span class='ocrx_word' id='word_1_16' title='bbox 2535 454 2548 467; x_wconf 73' lang='grc' dir='ltr'><strong><em>ο</em></strong></span> <span class='ocrx_word' id='word_1_17' title='bbox 2587 436 2683 500; x_wconf 86' lang='grc' dir='ltr'><strong>τάς</strong></span> <span class='ocrx_word' id='word_1_18' title='bbox 2701 437 2758 490; x_wconf 85' lang='grc' dir='ltr'><strong>δέ</strong></span> <span class='ocrx_word' id='word_1_19' title='bbox 2786 438 2984 501; x_wconf 80' lang='grc' dir='ltr'><strong>κακίας</strong></span> <span class='ocrx_word' id='word_1_20' title='bbox 3011 439 3105 493; x_wconf 63' lang='grc' dir='ltr'>καὶ</span> <span class='ocrx_word' id='word_1_21' title='bbox 3129 439 3225 503; x_wconf 84' lang='grc' dir='ltr'>τὰς</span> <span class='ocrx_word' id='word_1_22' title='bbox 3256 437 3393 493; x_wconf 88' lang='grc' dir='ltr'><strong>κατά</strong></span> <span class='ocrx_word' id='word_1_23' title='bbox 3431 439 3631 492; x_wconf 79' lang='grc' dir='ltr'><strong>κακίαν</strong></span> 
     </span>
    </p>
   </div>
   <div class='ocr_carea' id='block_1_6' title="bbox 343 525 1931 596">
    <p class='ocr_par' dir='ltr' id='par_1_6' title="bbox 343 525 1931 596">
     <span class='ocr_line' id='line_1_6' title="bbox 343 525 1931 596; baseline -0.003 -12"><span class='ocrx_word' id='word_1_24' title='bbox 343 541 524 584; x_wconf 76' lang='lat' dir='ltr'><strong>autem</strong></span> <span class='ocrx_word' id='word_1_25' title='bbox 553 532 621 583; x_wconf 90' lang='lat' dir='ltr'><strong>sit</strong></span> <span class='ocrx_word' id='word_1_26' title='bbox 653 543 824 596; x_wconf 73' lang='lat' dir='ltr'><strong>genus</strong></span> <span class='ocrx_word' id='word_1_27' title='bbox 849 542 1038 582; x_wconf 90' lang='lat' dir='ltr'><strong>eorum</strong></span> <span class='ocrx_word' id='word_1_28' title='bbox 1074 527 1164 595; x_wconf 93' lang='lat' dir='ltr'><strong>qui</strong></span> <span class='ocrx_word' id='word_1_29' title='bbox 1201 526 1316 580; x_wconf 71' lang='lat' dir='ltr'><strong>lucc</strong></span> <span class='ocrx_word' id='word_1_30' title='bbox 1351 525 1724 591; x_wconf 91' lang='lat' dir='ltr'><strong>permiscent,</strong></span> <span class='ocrx_word' id='word_1_31' title='bbox 1757 537 1813 580; x_wconf 91' lang='lat' dir='ltr'><strong>et</strong></span> <span class='ocrx_word' id='word_1_32' title='bbox 1853 528 1931 580; x_wconf 77' lang='lat' dir='ltr'><strong>si—</strong></span> 
     </span>
    </p>
   </div>
   <div class='ocr_carea' id='block_1_7' title="bbox 344 616 1936 677">
    <p class='ocr_par' dir='ltr' id='par_1_7' title="bbox 344 616 1936 677">
     <span class='ocr_line' id='line_1_7' title="bbox 344 616 1936 677; baseline -0.003 0"><span class='ocrx_word' id='word_1_33' title='bbox 344 623 456 677; x_wconf 88' lang='lat' dir='ltr'><strong>mul</strong></span> <span class='ocrx_word' id='word_1_34' title='bbox 501 622 646 676; x_wconf 93' lang='lat' dir='ltr'><strong>inter</strong></span> <span class='ocrx_word' id='word_1_35' title='bbox 675 619 968 674; x_wconf 89' lang='lat' dir='ltr'><strong>arbitraria</strong></span> <span class='ocrx_word' id='word_1_36' title='bbox 998 625 1055 673; x_wconf 89' lang='lat' dir='ltr'><strong>et</strong></span> <span class='ocrx_word' id='word_1_37' title='bbox 1089 633 1194 671; x_wconf 93' lang='lat' dir='ltr'><strong>non</strong></span> <span class='ocrx_word' id='word_1_38' title='bbox 1235 616 1519 670; x_wconf 73' lang='lat' dir='ltr'><strong>arbitraria</strong></span> <span class='ocrx_word' id='word_1_39' title='bbox 1557 631 1678 672; x_wconf 84' lang='lat' dir='ltr'><strong>esse</strong></span> <span class='ocrx_word' id='word_1_40' title='bbox 1709 616 1846 671; x_wconf 90' lang='lat' dir='ltr'><strong>bona</strong></span> <span class='ocrx_word' id='word_1_41' title='bbox 1878 627 1936 672; x_wconf 91' lang='lat' dir='ltr'><strong>et</strong></span> 
     </span>
    </p>
   </div>
   <div class='ocr_carea' id='block_1_8' title="bbox 342 707 1932 780">
    <p class='ocr_par' dir='ltr' id='par_1_8' title="bbox 342 707 1932 780">
     <span class='ocr_line' id='line_1_8' title="bbox 342 707 1932 780; baseline -0.003 -14"><span class='ocrx_word' id='word_1_42' title='bbox 342 713 485 767; x_wconf 88' lang='lat' dir='ltr'><strong>mala</strong></span> <span class='ocrx_word' id='word_1_43' title='bbox 517 713 723 772; x_wconf 85' lang='lat' dir='ltr'><strong>dicunt,</strong></span> <span class='ocrx_word' id='word_1_44' title='bbox 757 709 1148 780; x_wconf 90' lang='lat' dir='ltr'><strong>probabilitate</strong></span> <span class='ocrx_word' id='word_1_45' title='bbox 1182 708 1389 762; x_wconf 83' lang='lat' dir='ltr'><strong>inducti</strong></span> <span class='ocrx_word' id='word_1_46' title='bbox 1425 707 1669 778; x_wconf 88' lang='lat' dir='ltr'><strong>plerique</strong></span> <span class='ocrx_word' id='word_1_47' title='bbox 1697 708 1932 763; x_wconf 80' lang='lat' dir='ltr'><strong>ﬁdelium</strong></span> 
     </span>
    </p>
   </div>
   <div class='ocr_carea' id='block_1_9' title="bbox 342 800 1930 871">
    <p class='ocr_par' dir='ltr' id='par_1_9' title="bbox 342 800 1930 871">
     <span class='ocr_line' id='line_1_9' title="bbox 342 800 1930 871; baseline -0.002 -13"><span class='ocrx_word' id='word_1_48' title='bbox 342 803 584 858; x_wconf 89' lang='lat' dir='ltr'><strong>discendi</strong></span> <span class='ocrx_word' id='word_1_49' title='bbox 611 801 815 871; x_wconf 87' lang='lat' dir='ltr'><strong>cupidi,</strong></span> <span class='ocrx_word' id='word_1_50' title='bbox 847 803 916 856; x_wconf 88' lang='lat' dir='ltr'><strong>ad</strong></span> <span class='ocrx_word' id='word_1_51' title='bbox 949 801 1130 856; x_wconf 88' lang='lat' dir='ltr'><strong>locum</strong></span> <span class='ocrx_word' id='word_1_52' title='bbox 1159 801 1226 856; x_wconf 90' lang='lat' dir='ltr'><strong>de</strong></span> <span class='ocrx_word' id='word_1_53' title='bbox 1253 801 1409 855; x_wconf 85' lang='lat' dir='ltr'><strong>bonis</strong></span> <span class='ocrx_word' id='word_1_54' title='bbox 1434 801 1630 855; x_wconf 91' lang='lat' dir='ltr'><strong>merito</strong></span> <span class='ocrx_word' id='word_1_55' title='bbox 1655 800 1930 855; x_wconf 89' lang='lat' dir='ltr'><strong>dixerint:</strong></span> 
     </span>
    </p>
   </div>
   <div class='ocr_carea' id='block_1_10' title="bbox 345 891 1933 964">
    <p class='ocr_par' dir='ltr' id='par_1_10' title="bbox 345 891 1933 964">
     <span class='ocr_line' id='line_1_10' title="bbox 345 891 1933 964; baseline -0.002 -15"><span class='ocrx_word' id='word_1_56' title='bbox 345 916 366 949; x_wconf 70' lang='grc' dir='ltr'><strong>ι</strong></span> <span class='ocrx_word' id='word_1_57' title='bbox 378 897 508 964; x_wconf 87' lang='lat' dir='ltr'><strong>Quis</strong></span> <span class='ocrx_word' id='word_1_58' title='bbox 521 897 771 952; x_wconf 88' lang='lat' dir='ltr'><strong>ostendet</strong></span> <span class='ocrx_word' id='word_1_59' title='bbox 789 895 946 949; x_wconf 83' lang='lat' dir='ltr'><strong>nobis</strong></span> <span class='ocrx_word' id='word_1_60' title='bbox 962 893 1137 948; x_wconf 77' lang='lat' dir='ltr'><strong>bona?</strong></span> <span class='ocrx_word' id='word_1_61' title='bbox 1159 911 1178 944; x_wconf 74' lang='grc' dir='ltr'><strong>ι</strong></span> <span class='ocrx_word' id='word_1_62' title='bbox 1211 891 1470 947; x_wconf 77' lang='lat' dir='ltr'><strong>Naturam</strong></span> <span class='ocrx_word' id='word_1_63' title='bbox 1490 891 1933 962; x_wconf 83' lang='lat' dir='ltr'><strong>igitnrbouorum</strong></span> 
     </span>
    </p>
   </div>
   <div class='ocr_carea' id='block_1_11' title="bbox 339 981 1936 1054">
    <p class='ocr_par' dir='ltr' id='par_1_11' title="bbox 339 981 1936 1054">
     <span class='ocr_line' id='line_1_11' title="bbox 339 981 1936 1054; baseline -0.004 -10"><span class='ocrx_word' id='word_1_64' title='bbox 339 1004 464 1044; x_wconf 86' lang='lat' dir='ltr'><strong>eam</strong></span> <span class='ocrx_word' id='word_1_65' title='bbox 490 1003 634 1052; x_wconf 88' lang='lat' dir='ltr'><strong>esse,</strong></span> <span class='ocrx_word' id='word_1_66' title='bbox 665 995 724 1041; x_wconf 90' lang='lat' dir='ltr'><strong>ut</strong></span> <span class='ocrx_word' id='word_1_67' title='bbox 756 986 927 1040; x_wconf 88' lang='lat' dir='ltr'><strong>libere</strong></span> <span class='ocrx_word' id='word_1_68' title='bbox 957 982 1162 1054; x_wconf 80' lang='lat' dir='ltr'><strong>suscipi</strong></span> <span class='ocrx_word' id='word_1_69' title='bbox 1189 992 1286 1037; x_wconf 86' lang='lat' dir='ltr'><strong>aut</strong></span> <span class='ocrx_word' id='word_1_70' title='bbox 1312 983 1488 1037; x_wconf 93' lang='lat' dir='ltr'><strong>omitti</strong></span> <span class='ocrx_word' id='word_1_71' title='bbox 1520 981 1748 1051; x_wconf 82' lang='lat' dir='ltr'><strong>possint,</strong></span> <span class='ocrx_word' id='word_1_72' title='bbox 1775 998 1936 1039; x_wconf 89' lang='lat' dir='ltr'><strong>nemo</strong></span> 
     </span>
    </p>
   </div>
   <div class='ocr_carea' id='block_1_12' title="bbox 338 1073 1932 1150">
    <p class='ocr_par' dir='ltr' id='par_1_12' title="bbox 338 1073 1932 1150">
     <span class='ocr_line' id='line_1_12' title="bbox 338 1073 1932 1150; baseline -0.003 -18"><span class='ocrx_word' id='word_1_73' title='bbox 338 1081 434 1150; x_wconf 86' lang='lat' dir='ltr'><strong>qui</strong></span> <span class='ocrx_word' id='word_1_74' title='bbox 485 1078 675 1148; x_wconf 80' lang='lat' dir='ltr'><strong>judieii</strong></span> <span class='ocrx_word' id='word_1_75' title='bbox 729 1077 996 1131; x_wconf 89' lang='lat' dir='ltr'><strong>rationem</strong></span> <span class='ocrx_word' id='word_1_76' title='bbox 1058 1073 1335 1142; x_wconf 83' lang='lat' dir='ltr'><strong>admittat,</strong></span> <span class='ocrx_word' id='word_1_77' title='bbox 1393 1075 1596 1128; x_wconf 81' lang='lat' dir='ltr'><strong>audeat</strong></span> <span class='ocrx_word' id='word_1_78' title='bbox 1651 1073 1932 1140; x_wconf 89' lang='lat' dir='ltr'><strong>dubitare;</strong></span> 
     </span>
    </p>
   </div>
   <div class='ocr_carea' id='block_1_13' title="bbox 340 1165 1933 1238">
    <p class='ocr_par' dir='ltr' id='par_1_13' title="bbox 340 1165 1933 1238">
     <span class='ocr_line' id='line_1_13' title="bbox 340 1165 1933 1238; baseline -0.003 -12"><span class='ocrx_word' id='word_1_79' title='bbox 340 1173 542 1227; x_wconf 90' lang='lat' dir='ltr'><strong>bonum</strong></span> <span class='ocrx_word' id='word_1_80' title='bbox 597 1169 801 1238; x_wconf 85' lang='lat' dir='ltr'><strong>quippe</strong></span> <span class='ocrx_word' id='word_1_81' title='bbox 859 1167 938 1222; x_wconf 92' lang='lat' dir='ltr'><strong>ait</strong></span> <span class='ocrx_word' id='word_1_82' title='bbox 980 1181 1140 1230; x_wconf 86' lang='lat' dir='ltr'><strong>esse,</strong></span> <span class='ocrx_word' id='word_1_83' title='bbox 1192 1166 1282 1220; x_wconf 91' lang='lat' dir='ltr'><strong>ubi</strong></span> <span class='ocrx_word' id='word_1_84' title='bbox 1343 1165 1540 1236; x_wconf 84' lang='lat' dir='ltr'><strong>aliquis</strong></span> <span class='ocrx_word' id='word_1_85' title='bbox 1601 1166 1786 1220; x_wconf 86' lang='lat' dir='ltr'><strong>audiet</strong></span> <span class='ocrx_word' id='word_1_86' title='bbox 1831 1165 1933 1222; x_wconf 67' lang='lat'><strong>‘°:</strong></span> 
     </span>
    </p>
   </div>
   <div class='ocr_carea' id='block_1_14' title="bbox 347 1257 1936 1334">
    <p class='ocr_par' dir='ltr' id='par_1_14' title="bbox 347 1257 1936 1334">
     <span class='ocr_line' id='line_1_14' title="bbox 347 1257 1936 1334; baseline 0.002 -20"><span class='ocrx_word' id='word_1_87' title='bbox 347 1283 366 1314; x_wconf 72' lang='grc' dir='ltr'><strong>ι</strong></span> <span class='ocrx_word' id='word_1_88' title='bbox 391 1263 558 1334; x_wconf 82' lang='lat' dir='ltr'><strong>Euge,</strong></span> <span class='ocrx_word' id='word_1_89' title='bbox 575 1278 733 1317; x_wconf 83' lang='lat' dir='ltr'><strong>serve</strong></span> <span class='ocrx_word' id='word_1_90' title='bbox 755 1262 897 1316; x_wconf 91' lang='lat' dir='ltr'><strong>bone</strong></span> <span class='ocrx_word' id='word_1_91' title='bbox 916 1269 970 1316; x_wconf 89' lang='lat' dir='ltr'><strong>et</strong></span> <span class='ocrx_word' id='word_1_92' title='bbox 983 1257 1178 1320; x_wconf 86' lang='lat' dir='ltr'><strong>fidelis.</strong></span> <span class='ocrx_word' id='word_1_93' title='bbox 1195 1262 1542 1330; x_wconf 57' lang='lat' dir='ltr'><strong>superIpauca</strong></span> <span class='ocrx_word' id='word_1_94' title='bbox 1567 1258 1716 1315; x_wconf 90' lang='lat' dir='ltr'><strong>fuisti</strong></span> <span class='ocrx_word' id='word_1_95' title='bbox 1741 1260 1936 1328; x_wconf 85' lang='lat' dir='ltr'><strong>ﬁdelis,</strong></span> 
     </span>
    </p>
   </div>
   <div class='ocr_carea' id='block_1_15' title="bbox 341 1352 1936 1426">
    <p class='ocr_par' dir='ltr' id='par_1_15' title="bbox 341 1352 1936 1426">
     <span class='ocr_line' id='line_1_15' title="bbox 341 1352 1936 1426; baseline -0.003 -14"><span class='ocrx_word' id='word_1_96' title='bbox 341 1372 505 1426; x_wconf 84' lang='lat' dir='ltr'><strong>super</strong></span> <span class='ocrx_word' id='word_1_97' title='bbox 535 1356 698 1410; x_wconf 81' lang='lat' dir='ltr'><strong>inulta</strong></span> <span class='ocrx_word' id='word_1_98' title='bbox 733 1364 786 1409; x_wconf 90' lang='lat' dir='ltr'><strong>te</strong></span> <span class='ocrx_word' id='word_1_99' title='bbox 813 1355 1142 1409; x_wconf 80' lang='lat' dir='ltr'><strong>constituam</strong></span> <span class='ocrx_word' id='word_1_100' title='bbox 1189 1368 1204 1405; x_wconf 90' lang='lat'><strong>:</strong></span> <span class='ocrx_word' id='word_1_101' title='bbox 1253 1352 1540 1421; x_wconf 76' lang='lat' dir='ltr'><strong>ingredere</strong></span> <span class='ocrx_word' id='word_1_102' title='bbox 1579 1352 1631 1404; x_wconf 93' lang='lat' dir='ltr'><strong>in</strong></span> <span class='ocrx_word' id='word_1_103' title='bbox 1677 1353 1936 1422; x_wconf 89' lang='lat' dir='ltr'><strong>gaudium</strong></span> 
     </span>
    </p>
   </div>
   <div class='ocr_carea' id='block_1_16' title="bbox 340 1443 1932 1512">
    <p class='ocr_par' dir='ltr' id='par_1_16' title="bbox 340 1443 1932 1512">
     <span class='ocr_line' id='line_1_16' title="bbox 340 1443 1932 1512; baseline -0.002 -11"><span class='ocrx_word' id='word_1_104' title='bbox 340 1448 548 1501; x_wconf 89' lang='lat' dir='ltr'><strong>domini</strong></span> <span class='ocrx_word' id='word_1_105' title='bbox 602 1447 700 1500; x_wconf 93' lang='lat' dir='ltr'><strong>tui.</strong></span> <span class='ocrx_word' id='word_1_106' title='bbox 762 1465 780 1498; x_wconf 73' lang='grc' dir='ltr'><strong>ι</strong></span> <span class='ocrx_word' id='word_1_107' title='bbox 831 1446 896 1499; x_wconf 89' lang='lat' dir='ltr'><strong>Et</strong></span> <span class='ocrx_word' id='word_1_108' title='bbox 939 1446 1136 1500; x_wconf 85' lang='lat' dir='ltr'><strong>bonum</strong></span> <span class='ocrx_word' id='word_1_109' title='bbox 1159 1453 1262 1506; x_wconf 87' lang='lat' dir='ltr'><strong>est,</strong></span> <span class='ocrx_word' id='word_1_110' title='bbox 1292 1444 1434 1512; x_wconf 89' lang='lat' dir='ltr'><strong>quod</strong></span> <span class='ocrx_word' id='word_1_111' title='bbox 1463 1460 1492 1497; x_wconf 91' lang='lat' dir='ltr'><strong>a</strong></span> <span class='ocrx_word' id='word_1_112' title='bbox 1525 1443 1641 1497; x_wconf 87' lang='lat' dir='ltr'><strong>viro</strong></span> <span class='ocrx_word' id='word_1_113' title='bbox 1673 1445 1835 1507; x_wconf 89' lang='lat' dir='ltr'><strong>bono,</strong></span> <span class='ocrx_word' id='word_1_114' title='bbox 1869 1460 1932 1500; x_wconf 88' lang='lat' dir='ltr'><strong>ex</strong></span> 
     </span>
    </p>
   </div>
   <div class='ocr_carea' id='block_1_17' title="bbox 340 1533 1938 1605">
    <p class='ocr_par' dir='ltr' id='par_1_17' title="bbox 340 1533 1938 1605">
     <span class='ocr_line' id='line_1_17' title="bbox 340 1533 1938 1605; baseline 0.001 -13"><span class='ocrx_word' id='word_1_115' title='bbox 340 1540 531 1602; x_wconf 87' lang='lat' dir='ltr'><strong>corde,</strong></span> <span class='ocrx_word' id='word_1_116' title='bbox 570 1548 628 1592; x_wconf 91' lang='lat' dir='ltr'><strong>ut</strong></span> <span class='ocrx_word' id='word_1_117' title='bbox 660 1538 922 1592; x_wconf 67' lang='lat' dir='ltr'><strong>Servatur</strong></span> <span class='ocrx_word' id='word_1_118' title='bbox 942 1537 1040 1600; x_wconf 85' lang='lat' dir='ltr'><strong>ait,</strong></span> <span class='ocrx_word' id='word_1_119' title='bbox 1069 1535 1345 1605; x_wconf 90' lang='lat' dir='ltr'><strong>profertur</strong></span> <span class='ocrx_word' id='word_1_120' title='bbox 1378 1535 1420 1567; x_wconf 67' lang='grc' dir='ltr'><strong>ιι</strong></span> <span class='ocrx_word' id='word_1_121' title='bbox 1462 1553 1475 1589; x_wconf 91' lang='lat'>:</span> <span class='ocrx_word' id='word_1_122' title='bbox 1515 1555 1535 1587; x_wconf 79' lang='grc' dir='ltr'><strong>ι</strong></span> <span class='ocrx_word' id='word_1_123' title='bbox 1565 1533 1745 1590; x_wconf 86' lang='lat' dir='ltr'><strong>Bonus</strong></span> <span class='ocrx_word' id='word_1_124' title='bbox 1775 1538 1938 1594; x_wconf 89' lang='lat' dir='ltr'><strong>homo</strong></span> 
     </span>
    </p>
   </div>
   <div class='ocr_carea' id='block_1_18' title="bbox 340 1625 1939 1699">
    <p class='ocr_par' dir='ltr' id='par_1_18' title="bbox 340 1625 1939 1699">
     <span class='ocr_line' id='line_1_18' title="bbox 340 1625 1939 1699; baseline -0.001 -13"><span class='ocrx_word' id='word_1_125' title='bbox 340 1649 408 1686; x_wconf 83' lang='lat' dir='ltr'><strong>ex</strong></span> <span class='ocrx_word' id='word_1_126' title='bbox 443 1633 586 1686; x_wconf 90' lang='lat' dir='ltr'><strong>bono</strong></span> <span class='ocrx_word' id='word_1_127' title='bbox 616 1631 872 1686; x_wconf 82' lang='lat' dir='ltr'><strong>thesauro</strong></span> <span class='ocrx_word' id='word_1_128' title='bbox 901 1628 1084 1683; x_wconf 84' lang='lat' dir='ltr'><strong>cordis</strong></span> <span class='ocrx_word' id='word_1_129' title='bbox 1115 1629 1198 1682; x_wconf 90' lang='lat' dir='ltr'><strong>sui</strong></span> <span class='ocrx_word' id='word_1_130' title='bbox 1237 1625 1449 1695; x_wconf 82' lang='lat' dir='ltr'><strong>profert</strong></span> <span class='ocrx_word' id='word_1_131' title='bbox 1483 1627 1647 1681; x_wconf 92' lang='lat' dir='ltr'><strong>bona.</strong></span> <span class='ocrx_word' id='word_1_132' title='bbox 1698 1647 1717 1680; x_wconf 78' lang='grc' dir='ltr'><strong>ι</strong></span> <span class='ocrx_word' id='word_1_133' title='bbox 1759 1630 1939 1699; x_wconf 83' lang='lat' dir='ltr'><strong>Atque</strong></span> 
     </span>
    </p>
   </div>
   <div class='ocr_carea' id='block_1_19' title="bbox 342 1719 1936 1793">
    <p class='ocr_par' dir='ltr' id='par_1_19' title="bbox 342 1719 1936 1793">
     <span class='ocr_line' id='line_1_19' title="bbox 342 1719 1936 1793; baseline 0 -17"><span class='ocrx_word' id='word_1_134' title='bbox 342 1735 408 1779; x_wconf 87' lang='lat' dir='ltr'><strong>ut</strong></span> <span class='ocrx_word' id='word_1_135' title='bbox 452 1723 621 1779; x_wconf 90' lang='lat' dir='ltr'><strong>semel</strong></span> <span class='ocrx_word' id='word_1_136' title='bbox 667 1723 845 1776; x_wconf 91' lang='lat' dir='ltr'><strong>dicam</strong></span> <span class='ocrx_word' id='word_1_137' title='bbox 873 1761 888 1786; x_wconf 89' lang='lat'><strong>,</strong></span> <span class='ocrx_word' id='word_1_138' title='bbox 938 1721 1121 1775; x_wconf 80' lang='lat' dir='ltr'><strong>omnis</strong></span> <span class='ocrx_word' id='word_1_139' title='bbox 1155 1719 1366 1774; x_wconf 86' lang='lat' dir='ltr'><strong>fructus</strong></span> <span class='ocrx_word' id='word_1_140' title='bbox 1397 1720 1611 1774; x_wconf 76' lang='lat' dir='ltr'><strong>arboris</strong></span> <span class='ocrx_word' id='word_1_141' title='bbox 1641 1721 1815 1786; x_wconf 62' lang='lat' dir='ltr'><strong>bonae,</strong></span> <span class='ocrx_word' id='word_1_142' title='bbox 1844 1723 1936 1793; x_wconf 88' lang='lat' dir='ltr'><strong>qui</strong></span> 
     </span>
    </p>
   </div>
   <div class='ocr_carea' id='block_1_20' title="bbox 343 1813 1936 1883">
    <p class='ocr_par' dir='ltr' id='par_1_20' title="bbox 343 1813 1936 1883">
     <span class='ocr_line' id='line_1_20' title="bbox 343 1813 1936 1883; baseline -0.001 -14"><span class='ocrx_word' id='word_1_143' title='bbox 343 1815 514 1870; x_wconf 86' lang='lat' dir='ltr'><strong>libere</strong></span> <span class='ocrx_word' id='word_1_144' title='bbox 541 1813 742 1883; x_wconf 88' lang='lat' dir='ltr'><strong>suscipi</strong></span> <span class='ocrx_word' id='word_1_145' title='bbox 773 1822 973 1880; x_wconf 81' lang='lat' dir='ltr'><strong>potest,</strong></span> <span class='ocrx_word' id='word_1_146' title='bbox 1009 1813 1209 1866; x_wconf 87' lang='lat' dir='ltr'><strong>bonum</strong></span> <span class='ocrx_word' id='word_1_147' title='bbox 1235 1821 1360 1877; x_wconf 91' lang='lat' dir='ltr'><strong>est;</strong></span> <span class='ocrx_word' id='word_1_148' title='bbox 1394 1821 1451 1865; x_wconf 88' lang='lat' dir='ltr'><strong>ut</strong></span> <span class='ocrx_word' id='word_1_149' title='bbox 1480 1813 1756 1878; x_wconf 77' lang='lat' dir='ltr'><strong>Charitas,</strong></span> <span class='ocrx_word' id='word_1_150' title='bbox 1792 1828 1893 1882; x_wconf 87' lang='lat' dir='ltr'><strong>pax</strong></span> <span class='ocrx_word' id='word_1_151' title='bbox 1920 1852 1936 1879; x_wconf 91' lang='lat'><strong>,</strong></span> 
     </span>
    </p>
   </div>
   <div class='ocr_carea' id='block_1_21' title="bbox 340 1903 1936 1976">
    <p class='ocr_par' dir='ltr' id='par_1_21' title="bbox 340 1903 1936 1976">
     <span class='ocr_line' id='line_1_21' title="bbox 340 1903 1936 1976; baseline 0 -17"><span class='ocrx_word' id='word_1_152' title='bbox 340 1907 619 1976; x_wconf 88' lang='lat' dir='ltr'><strong>gaudium,</strong></span> <span class='ocrx_word' id='word_1_153' title='bbox 668 1904 955 1974; x_wconf 85' lang='lat' dir='ltr'><strong>patientia,</strong></span> <span class='ocrx_word' id='word_1_154' title='bbox 1015 1903 1324 1974; x_wconf 78' lang='lat' dir='ltr'><strong>benignitas</strong></span> <span class='ocrx_word' id='word_1_155' title='bbox 1372 1913 1428 1959; x_wconf 89' lang='lat' dir='ltr'><strong>et</strong></span> <span class='ocrx_word' id='word_1_156' title='bbox 1474 1905 1713 1968; x_wconf 85' lang='lat' dir='ltr'><strong>bonitas,</strong></span> <span class='ocrx_word' id='word_1_157' title='bbox 1763 1906 1936 1972; x_wconf 86' lang='lat' dir='ltr'><strong>fides,</strong></span> 
     </span>
    </p>
   </div>
   <div class='ocr_carea' id='block_1_22' title="bbox 343 1996 1934 2063">
    <p class='ocr_par' dir='ltr' id='par_1_22' title="bbox 343 1996 1934 2063">
     <span class='ocr_line' id='line_1_22' title="bbox 343 1996 1934 2063; baseline -0.001 -9"><span class='ocrx_word' id='word_1_158' title='bbox 343 1999 720 2063; x_wconf 84' lang='lat' dir='ltr'><strong>mansuetudo,</strong></span> <span class='ocrx_word' id='word_1_159' title='bbox 757 1997 1094 2051; x_wconf 78' lang='lat' dir='ltr'><strong>continentia</strong></span> <span class='ocrx_word' id='word_1_160' title='bbox 1121 2011 1135 2058; x_wconf 92' lang='lat'><strong>;</strong></span> <span class='ocrx_word' id='word_1_161' title='bbox 1165 1996 1250 2050; x_wconf 90' lang='lat' dir='ltr'><strong>his</strong></span> <span class='ocrx_word' id='word_1_162' title='bbox 1281 2011 1409 2051; x_wconf 86' lang='lat' dir='ltr'><strong>vero</strong></span> <span class='ocrx_word' id='word_1_163' title='bbox 1439 1999 1736 2058; x_wconf 85' lang='lat' dir='ltr'><strong>contraria,</strong></span> <span class='ocrx_word' id='word_1_164' title='bbox 1769 1997 1934 2053; x_wconf 90' lang='lat' dir='ltr'><strong>mala.</strong></span> 
     </span>
    </p>
   </div>
   <div class='ocr_carea' id='block_1_23' title="bbox 342 2088 1937 2158">
    <p class='ocr_par' dir='ltr' id='par_1_23' title="bbox 342 2088 1937 2158">
     <span class='ocr_line' id='line_1_23' title="bbox 342 2088 1937 2158; baseline -0.001 -13"><span class='ocrx_word' id='word_1_165' title='bbox 342 2094 426 2146; x_wconf 81' lang='lat' dir='ltr'><strong>An</strong></span> <span class='ocrx_word' id='word_1_166' title='bbox 457 2106 584 2145; x_wconf 82' lang='lat' dir='ltr'><strong>vero</strong></span> <span class='ocrx_word' id='word_1_167' title='bbox 623 2092 790 2144; x_wconf 91' lang='lat' dir='ltr'><strong>etiam</strong></span> <span class='ocrx_word' id='word_1_168' title='bbox 842 2105 909 2143; x_wconf 85' lang='lat' dir='ltr'><strong>ex</strong></span> <span class='ocrx_word' id='word_1_169' title='bbox 956 2088 1157 2143; x_wconf 73' lang='lat' dir='ltr'><strong>Christi</strong></span> <span class='ocrx_word' id='word_1_170' title='bbox 1205 2088 1454 2144; x_wconf 86' lang='lat' dir='ltr'><strong>doctrina</strong></span> <span class='ocrx_word' id='word_1_171' title='bbox 1494 2089 1696 2158; x_wconf 90' lang='lat' dir='ltr'><strong>aliquid</strong></span> <span class='ocrx_word' id='word_1_172' title='bbox 1737 2090 1937 2144; x_wconf 92' lang='lat' dir='ltr'><strong>bonum</strong></span> 
     </span>
    </p>
   </div>
   <div class='ocr_carea' id='block_1_24' title="bbox 341 2180 1935 2249">
    <p class='ocr_par' dir='ltr' id='par_1_24' title="bbox 341 2180 1935 2249">
     <span class='ocr_line' id='line_1_24' title="bbox 341 2180 1935 2249; baseline -0.003 -11"><span class='ocrx_word' id='word_1_173' title='bbox 341 2185 457 2249; x_wconf 86' lang='lat' dir='ltr'><strong>sit,</strong></span> <span class='ocrx_word' id='word_1_174' title='bbox 491 2193 545 2237; x_wconf 91' lang='lat' dir='ltr'><strong>et</strong></span> <span class='ocrx_word' id='word_1_175' title='bbox 577 2183 823 2248; x_wconf 91' lang='lat' dir='ltr'><strong>malum,</strong></span> <span class='ocrx_word' id='word_1_176' title='bbox 860 2182 916 2235; x_wconf 92' lang='lat' dir='ltr'><strong>in</strong></span> <span class='ocrx_word' id='word_1_177' title='bbox 952 2182 1018 2236; x_wconf 91' lang='lat' dir='ltr'><strong>iis</strong></span> <span class='ocrx_word' id='word_1_178' title='bbox 1063 2197 1183 2249; x_wconf 80' lang='lat' dir='ltr'><strong>qtue</strong></span> <span class='ocrx_word' id='word_1_179' title='bbox 1229 2180 1394 2234; x_wconf 91' lang='lat' dir='ltr'><strong>libera</strong></span> <span class='ocrx_word' id='word_1_180' title='bbox 1443 2195 1550 2235; x_wconf 93' lang='lat' dir='ltr'><strong>non</strong></span> <span class='ocrx_word' id='word_1_181' title='bbox 1581 2191 1726 2247; x_wconf 90' lang='lat' dir='ltr'><strong>sunt,</strong></span> <span class='ocrx_word' id='word_1_182' title='bbox 1763 2183 1935 2237; x_wconf 87' lang='lat' dir='ltr'><strong>disce-</strong></span> 
     </span>
    </p>
   </div>
   <div class='ocr_carea' id='block_1_25' title="bbox 343 2271 1938 2345">
    <p class='ocr_par' dir='ltr' id='par_1_25' title="bbox 343 2271 1938 2345">
     <span class='ocr_line' id='line_1_25' title="bbox 343 2271 1938 2345; baseline 0.001 -18"><span class='ocrx_word' id='word_1_183' title='bbox 343 2275 605 2345; x_wconf 73' lang='lat' dir='ltr'><strong>ptandum</strong></span> <span class='ocrx_word' id='word_1_184' title='bbox 631 2283 751 2338; x_wconf 90' lang='lat' dir='ltr'><strong>est;</strong></span> <span class='ocrx_word' id='word_1_185' title='bbox 784 2283 840 2327; x_wconf 89' lang='lat' dir='ltr'><strong>et</strong></span> <span class='ocrx_word' id='word_1_186' title='bbox 869 2288 936 2328; x_wconf 86' lang='lat' dir='ltr'><strong>an</strong></span> <span class='ocrx_word' id='word_1_187' title='bbox 969 2277 1168 2327; x_wconf 84' lang='lat' dir='ltr'><strong>bonum</strong></span> <span class='ocrx_word' id='word_1_188' title='bbox 1193 2271 1422 2341; x_wconf 88' lang='lat' dir='ltr'><strong>aliquid,</strong></span> <span class='ocrx_word' id='word_1_189' title='bbox 1448 2282 1542 2326; x_wconf 90' lang='lat' dir='ltr'><strong>aut</strong></span> <span class='ocrx_word' id='word_1_190' title='bbox 1561 2273 1760 2326; x_wconf 90' lang='lat' dir='ltr'><strong>malum</strong></span> <span class='ocrx_word' id='word_1_191' title='bbox 1789 2275 1862 2329; x_wconf 88' lang='lat' dir='ltr'><strong>sit</strong></span> <span class='ocrx_word' id='word_1_192' title='bbox 1885 2275 1938 2328; x_wconf 89' lang='lat' dir='ltr'><strong>in</strong></span> 
     </span>
    </p>
   </div>
   <div class='ocr_carea' id='block_1_26' title="bbox 345 2363 1941 2437">
    <p class='ocr_par' dir='ltr' id='par_1_26' title="bbox 345 2363 1941 2437">
     <span class='ocr_line' id='line_1_26' title="bbox 345 2363 1941 2437; baseline -0.002 -15"><span class='ocrx_word' id='word_1_193' title='bbox 345 2369 414 2423; x_wconf 90' lang='lat' dir='ltr'><strong>iis</strong></span> <span class='ocrx_word' id='word_1_194' title='bbox 444 2383 563 2437; x_wconf 80' lang='lat' dir='ltr'><strong>qua:</strong></span> <span class='ocrx_word' id='word_1_195' title='bbox 592 2381 698 2420; x_wconf 93' lang='lat' dir='ltr'><strong>non</strong></span> <span class='ocrx_word' id='word_1_196' title='bbox 729 2366 898 2421; x_wconf 84' lang='lat' dir='ltr'><strong>libera</strong></span> <span class='ocrx_word' id='word_1_197' title='bbox 931 2375 1058 2420; x_wconf 89' lang='lat' dir='ltr'><strong>sunt</strong></span> <span class='ocrx_word' id='word_1_198' title='bbox 1084 2404 1098 2430; x_wconf 92' lang='lat'><strong>,</strong></span> <span class='ocrx_word' id='word_1_199' title='bbox 1129 2373 1185 2418; x_wconf 92' lang='lat' dir='ltr'><strong>nt</strong></span> <span class='ocrx_word' id='word_1_200' title='bbox 1221 2374 1407 2431; x_wconf 90' lang='lat' dir='ltr'><strong>postea</strong></span> <span class='ocrx_word' id='word_1_201' title='bbox 1435 2363 1692 2432; x_wconf 79' lang='lat' dir='ltr'><strong>expensis</strong></span> <span class='ocrx_word' id='word_1_202' title='bbox 1720 2373 1776 2419; x_wconf 86' lang='lat' dir='ltr'><strong>et</strong></span> <span class='ocrx_word' id='word_1_203' title='bbox 1808 2380 1941 2420; x_wconf 74' lang='lat' dir='ltr'><strong>exa-</strong></span> 
     </span>
    </p>
   </div>
   <div class='ocr_carea' id='block_1_27' title="bbox 348 2457 1940 2527">
    <p class='ocr_par' dir='ltr' id='par_1_27' title="bbox 348 2457 1940 2527">
     <span class='ocr_line' id='line_1_27' title="bbox 348 2457 1940 2527; baseline 0.001 -12"><span class='ocrx_word' id='word_1_204' title='bbox 348 2460 569 2515; x_wconf 81' lang='lat' dir='ltr'><strong>minatis</strong></span> <span class='ocrx_word' id='word_1_205' title='bbox 598 2459 725 2523; x_wconf 85' lang='lat' dir='ltr'><strong>illis,</strong></span> <span class='ocrx_word' id='word_1_206' title='bbox 751 2460 1124 2515; x_wconf 83' lang='lat' dir='ltr'><strong>ostendemus.</strong></span> <span class='ocrx_word' id='word_1_207' title='bbox 1156 2457 1266 2512; x_wconf 83' lang='lat' dir='ltr'><strong>Nec</strong></span> <span class='ocrx_word' id='word_1_208' title='bbox 1300 2473 1429 2513; x_wconf 86' lang='lat' dir='ltr'><strong>vero</strong></span> <span class='ocrx_word' id='word_1_209' title='bbox 1462 2473 1583 2527; x_wconf 75' lang='lat' dir='ltr'><strong>qua:</strong></span> <span class='ocrx_word' id='word_1_210' title='bbox 1607 2461 1676 2513; x_wconf 90' lang='lat' dir='ltr'><strong>ab</strong></span> <span class='ocrx_word' id='word_1_211' title='bbox 1707 2461 1772 2515; x_wconf 89' lang='lat' dir='ltr'><strong>iis</strong></span> <span class='ocrx_word' id='word_1_212' title='bbox 1805 2459 1940 2516; x_wconf 73' lang='lat' dir='ltr'><strong>affe-</strong></span> 
     </span>
    </p>
   </div>
   <div class='ocr_carea' id='block_1_28' title="bbox 350 2551 1937 2623">
    <p class='ocr_par' dir='ltr' id='par_1_28' title="bbox 350 2551 1937 2623">
     <span class='ocr_line' id='line_1_28' title="bbox 350 2551 1937 2623; baseline -0.001 -15"><span class='ocrx_word' id='word_1_213' title='bbox 350 2564 540 2608; x_wconf 88' lang='lat' dir='ltr'><strong>runtur</strong></span> <span class='ocrx_word' id='word_1_214' title='bbox 566 2553 660 2623; x_wconf 89' lang='lat' dir='ltr'><strong>qui</strong></span> <span class='ocrx_word' id='word_1_215' title='bbox 689 2551 999 2608; x_wconf 86' lang='lat' dir='ltr'><strong>arbitrariis</strong></span> <span class='ocrx_word' id='word_1_216' title='bbox 1031 2567 1138 2605; x_wconf 91' lang='lat' dir='ltr'><strong>non</strong></span> <span class='ocrx_word' id='word_1_217' title='bbox 1164 2551 1461 2605; x_wconf 89' lang='lat' dir='ltr'><strong>arbitraria</strong></span> <span class='ocrx_word' id='word_1_218' title='bbox 1491 2553 1721 2607; x_wconf 88' lang='lat' dir='ltr'><strong>miscent</strong></span> <span class='ocrx_word' id='word_1_219' title='bbox 1745 2593 1760 2615; x_wconf 90' lang='lat'><strong>,</strong></span> <span class='ocrx_word' id='word_1_220' title='bbox 1795 2553 1937 2607; x_wconf 93' lang='lat' dir='ltr'><strong>bona</strong></span> 
     </span>
    </p>
   </div>
   <div class='ocr_carea' id='block_1_29' title="bbox 344 2641 1942 2714">
    <p class='ocr_par' dir='ltr' id='par_1_29' title="bbox 344 2641 1942 2714">
     <span class='ocr_line' id='line_1_29' title="bbox 344 2641 1942 2714; baseline 0 -16"><span class='ocrx_word' id='word_1_221' title='bbox 344 2654 402 2698; x_wconf 89' lang='lat' dir='ltr'><strong>et</strong></span> <span class='ocrx_word' id='word_1_222' title='bbox 463 2642 601 2697; x_wconf 90' lang='lat' dir='ltr'><strong>mala</strong></span> <span class='ocrx_word' id='word_1_223' title='bbox 653 2643 854 2696; x_wconf 80' lang='lat' dir='ltr'><strong>fuerint</strong></span> <span class='ocrx_word' id='word_1_224' title='bbox 911 2657 924 2695; x_wconf 91' lang='lat'>:</span> <span class='ocrx_word' id='word_1_225' title='bbox 969 2641 1042 2696; x_wconf 88' lang='lat' dir='ltr'><strong>illi</strong></span> <span class='ocrx_word' id='word_1_226' title='bbox 1087 2642 1232 2696; x_wconf 89' lang='lat' dir='ltr'><strong>enim</strong></span> <span class='ocrx_word' id='word_1_227' title='bbox 1273 2643 1586 2697; x_wconf 76' lang='lat' dir='ltr'><strong>exisdmant</strong></span> <span class='ocrx_word' id='word_1_228' title='bbox 1614 2641 1810 2714; x_wconf 77' lang='lat'><strong>566,</strong></span> <span class='ocrx_word' id='word_1_229' title='bbox 1846 2643 1942 2698; x_wconf 86' lang='lat' dir='ltr'><strong>bo-</strong></span> 
     </span>
    </p>
   </div>
   <div class='ocr_carea' id='block_1_30' title="bbox 347 2741 1939 2810">
    <p class='ocr_par' dir='ltr' id='par_1_30' title="bbox 347 2741 1939 2810">
     <span class='ocr_line' id='line_1_30' title="bbox 347 2741 1939 2810; baseline 0 -13"><span class='ocrx_word' id='word_1_230' title='bbox 347 2759 543 2798; x_wconf 89' lang='lat' dir='ltr'><strong>normn</strong></span> <span class='ocrx_word' id='word_1_231' title='bbox 576 2742 679 2796; x_wconf 86' lang='lat' dir='ltr'><strong>alia</strong></span> <span class='ocrx_word' id='word_1_232' title='bbox 715 2742 768 2796; x_wconf 91' lang='lat' dir='ltr'><strong>in</strong></span> <span class='ocrx_word' id='word_1_233' title='bbox 812 2742 1015 2809; x_wconf 90' lang='lat' dir='ltr'><strong>anima,</strong></span> <span class='ocrx_word' id='word_1_234' title='bbox 1056 2741 1158 2796; x_wconf 90' lang='lat' dir='ltr'><strong>alia</strong></span> <span class='ocrx_word' id='word_1_235' title='bbox 1191 2741 1245 2794; x_wconf 87' lang='lat' dir='ltr'><strong>in</strong></span> <span class='ocrx_word' id='word_1_236' title='bbox 1277 2757 1504 2810; x_wconf 75' lang='lat' dir='ltr'><strong>corpore</strong></span> <span class='ocrx_word' id='word_1_237' title='bbox 1529 2782 1544 2806; x_wconf 90' lang='lat'><strong>,</strong></span> <span class='ocrx_word' id='word_1_238' title='bbox 1577 2743 1680 2795; x_wconf 91' lang='lat' dir='ltr'><strong>alia</strong></span> <span class='ocrx_word' id='word_1_239' title='bbox 1715 2753 1939 2798; x_wconf 86' lang='lat' dir='ltr'><strong>externa</strong></span> 
     </span>
    </p>
   </div>
   <div class='ocr_carea' id='block_1_31' title="bbox 348 2829 1940 2902">
    <p class='ocr_par' dir='ltr' id='par_1_31' title="bbox 348 2829 1940 2902">
     <span class='ocr_line' id='line_1_31' title="bbox 348 2829 1940 2902; baseline 0 -16"><span class='ocrx_word' id='word_1_240' title='bbox 348 2848 473 2888; x_wconf 86' lang='lat' dir='ltr'><strong>esse</strong></span> <span class='ocrx_word' id='word_1_241' title='bbox 496 2876 508 2894; x_wconf 92' lang='lat'><strong>,</strong></span> <span class='ocrx_word' id='word_1_242' title='bbox 540 2833 995 2902; x_wconf 88' lang='lat' dir='ltr'><strong>quemadmodqu</strong></span> <span class='ocrx_word' id='word_1_243' title='bbox 1042 2843 1096 2885; x_wconf 92' lang='lat' dir='ltr'><strong>et</strong></span> <span class='ocrx_word' id='word_1_244' title='bbox 1134 2830 1298 2887; x_wconf 88' lang='lat' dir='ltr'><strong>mala.</strong></span> <span class='ocrx_word' id='word_1_245' title='bbox 1333 2829 1390 2883; x_wconf 88' lang='lat' dir='ltr'><strong>In</strong></span> <span class='ocrx_word' id='word_1_246' title='bbox 1431 2831 1639 2898; x_wconf 86' lang='lat' dir='ltr'><strong>anima,</strong></span> <span class='ocrx_word' id='word_1_247' title='bbox 1674 2846 1796 2887; x_wconf 88' lang='lat' dir='ltr'><strong>esse</strong></span> <span class='ocrx_word' id='word_1_248' title='bbox 1826 2833 1940 2886; x_wconf 86' lang='lat' dir='ltr'><strong>vir-</strong></span> 
     </span>
    </p>
   </div>
   <div class='ocr_carea' id='block_1_32' title="bbox 348 2919 1942 2990">
    <p class='ocr_par' dir='ltr' id='par_1_32' title="bbox 348 2919 1942 2990">
     <span class='ocr_line' id='line_1_32' title="bbox 348 2919 1942 2990; baseline -0.001 -12"><span class='ocrx_word' id='word_1_249' title='bbox 348 2935 516 2979; x_wconf 90' lang='lat' dir='ltr'><strong>tutem</strong></span> <span class='ocrx_word' id='word_1_250' title='bbox 555 2932 611 2978; x_wconf 93' lang='lat' dir='ltr'><strong>et</strong></span> <span class='ocrx_word' id='word_1_251' title='bbox 645 2923 889 2978; x_wconf 89' lang='lat' dir='ltr'><strong>actiones</strong></span> <span class='ocrx_word' id='word_1_252' title='bbox 919 2938 947 2974; x_wconf 92' lang='lat' dir='ltr'><strong>a</strong></span> <span class='ocrx_word' id='word_1_253' title='bbox 983 2923 1185 2975; x_wconf 77' lang='lat' dir='ltr'><strong>virtute</strong></span> <span class='ocrx_word' id='word_1_254' title='bbox 1211 2919 1516 2990; x_wconf 82' lang='lat' dir='ltr'><strong>prolectas,</strong></span> <span class='ocrx_word' id='word_1_255' title='bbox 1542 2922 1628 2976; x_wconf 91' lang='lat' dir='ltr'><strong>vel</strong></span> <span class='ocrx_word' id='word_1_256' title='bbox 1665 2921 1858 2975; x_wconf 82' lang='lat' dir='ltr'><strong>vitium</strong></span> <span class='ocrx_word' id='word_1_257' title='bbox 1885 2930 1942 2976; x_wconf 83' lang='lat' dir='ltr'><strong>et</strong></span> 
     </span>
    </p>
   </div>
   <div class='ocr_carea' id='block_1_33' title="bbox 350 3012 1942 3084">
    <p class='ocr_par' dir='ltr' id='par_1_33' title="bbox 350 3012 1942 3084">
     <span class='ocr_line' id='line_1_33' title="bbox 350 3012 1942 3084; baseline -0.001 -16"><span class='ocrx_word' id='word_1_258' title='bbox 350 3017 594 3071; x_wconf 88' lang='lat' dir='ltr'><strong>actiones</strong></span> <span class='ocrx_word' id='word_1_259' title='bbox 624 3015 868 3068; x_wconf 88' lang='lat' dir='ltr'><strong>vitiosas.</strong></span> <span class='ocrx_word' id='word_1_260' title='bbox 895 3013 950 3067; x_wconf 91' lang='lat' dir='ltr'><strong>In</strong></span> <span class='ocrx_word' id='word_1_261' title='bbox 977 3027 1229 3082; x_wconf 72' lang='lat' dir='ltr'><strong>corpore,</strong></span> <span class='ocrx_word' id='word_1_262' title='bbox 1260 3013 1575 3080; x_wconf 71' lang='lat' dir='ltr'><strong>sanitatem,</strong></span> <span class='ocrx_word' id='word_1_263' title='bbox 1609 3015 1797 3081; x_wconf 88' lang='lat' dir='ltr'><strong>robur,</strong></span> <span class='ocrx_word' id='word_1_264' title='bbox 1825 3012 1942 3084; x_wconf 84' lang='lat' dir='ltr'><strong>pul-</strong></span> 
     </span>
    </p>
   </div>
   <div class='ocr_carea' id='block_1_34' title="bbox 347 3107 2015 3202">
    <p class='ocr_par' dir='ltr' id='par_1_34' title="bbox 347 3107 2015 3202">
     <span class='ocr_line' id='line_1_34' title="bbox 347 3107 2015 3202; baseline 0 -38"><span class='ocrx_word' id='word_1_265' title='bbox 347 3108 754 3174; x_wconf 86' lang='lat' dir='ltr'><strong>chritudinem;</strong></span> <span class='ocrx_word' id='word_1_266' title='bbox 793 3107 874 3162; x_wconf 82' lang='lat' dir='ltr'><strong>vel</strong></span> <span class='ocrx_word' id='word_1_267' title='bbox 901 3117 1113 3172; x_wconf 87' lang='lat' dir='ltr'><strong>contra,</strong></span> <span class='ocrx_word' id='word_1_268' title='bbox 1154 3110 1425 3172; x_wconf 86' lang='lat' dir='ltr'><strong>morbum,</strong></span> <span class='ocrx_word' id='word_1_269' title='bbox 1458 3108 1651 3162; x_wconf 88' lang='lat' dir='ltr'><strong>malam</strong></span> <span class='ocrx_word' id='word_1_270' title='bbox 1697 3109 1943 3178; x_wconf 59' lang='lat' dir='ltr'><strong>coeperis</strong></span> <span class='ocrx_word' id='word_1_271' title='bbox 1967 3143 2015 3202; x_wconf 64' lang='grc' dir='ltr'><strong>ο</strong></span> 
     </span>
    </p>
   </div>
   <div class='ocr_carea' id='block_1_35' title="bbox 349 3196 1940 3270">
    <p class='ocr_par' dir='ltr' id='par_1_35' title="bbox 349 3196 1940 3270">
     <span class='ocr_line' id='line_1_35' title="bbox 349 3196 1940 3270; baseline 0 -15"><span class='ocrx_word' id='word_1_272' title='bbox 349 3201 751 3267; x_wconf 76' lang='lat' dir='ltr'><strong>habitudinem,</strong></span> <span class='ocrx_word' id='word_1_273' title='bbox 800 3207 854 3252; x_wconf 89' lang='lat' dir='ltr'><strong>et</strong></span> <span class='ocrx_word' id='word_1_274' title='bbox 905 3196 1332 3256; x_wconf 79' lang='lat' dir='ltr'><strong>deformitatem.</strong></span> <span class='ocrx_word' id='word_1_275' title='bbox 1381 3199 1619 3254; x_wconf 87' lang='lat' dir='ltr'><strong>Externa</strong></span> <span class='ocrx_word' id='word_1_276' title='bbox 1669 3201 1940 3270; x_wconf 88' lang='lat' dir='ltr'><strong>denique,</strong></span> 
     </span>
    </p>
   </div>
   <div class='ocr_carea' id='block_1_36' title="bbox 347 3290 1948 3361">
    <p class='ocr_par' dir='ltr' id='par_1_36' title="bbox 347 3290 1948 3361">
     <span class='ocr_line' id='line_1_36' title="bbox 347 3290 1948 3361; baseline 0.001 -16"><span class='ocrx_word' id='word_1_277' title='bbox 347 3292 589 3356; x_wconf 87' lang='lat' dir='ltr'><strong>divitias,</strong></span> <span class='ocrx_word' id='word_1_278' title='bbox 631 3298 1042 3361; x_wconf 83' lang='lat' dir='ltr'><strong>paupertatem;</strong></span> <span class='ocrx_word' id='word_1_279' title='bbox 1080 3290 1744 3360; x_wconf 82' lang='lat' dir='ltr'><strong>gloriam,ignominiam;</strong></span> <span class='ocrx_word' id='word_1_280' title='bbox 1791 3292 1948 3346; x_wconf 89' lang='lat' dir='ltr'><strong>nobi-</strong></span> 
     </span>
    </p>
   </div>
   <div class='ocr_carea' id='block_1_37' title="bbox 353 3383 1944 3460">
    <p class='ocr_par' dir='ltr' id='par_1_37' title="bbox 353 3383 1944 3460">
     <span class='ocr_line' id='line_1_37' title="bbox 353 3383 1944 3460; baseline 0 -21"><span class='ocrx_word' id='word_1_281' title='bbox 353 3386 562 3440; x_wconf 88' lang='lat' dir='ltr'><strong>litatem</strong></span> <span class='ocrx_word' id='word_1_282' title='bbox 589 3425 605 3445; x_wconf 91' lang='lat'><strong>.</strong></span> <span class='ocrx_word' id='word_1_283' title='bbox 641 3385 1057 3454; x_wconf 87' lang='lat' dir='ltr'><strong>ignobilitatem.</strong></span> <span class='ocrx_word' id='word_1_284' title='bbox 1087 3383 1217 3437; x_wconf 85' lang='lat' dir='ltr'><strong>Tria</strong></span> <span class='ocrx_word' id='word_1_285' title='bbox 1258 3384 1385 3438; x_wconf 89' lang='lat' dir='ltr'><strong>item</strong></span> <span class='ocrx_word' id='word_1_286' title='bbox 1425 3384 1690 3439; x_wconf 90' lang='lat' dir='ltr'><strong>bonorum</strong></span> <span class='ocrx_word' id='word_1_287' title='bbox 1725 3400 1944 3460; x_wconf 80' lang='lat' dir='ltr'><strong>genera,</strong></span> 
     </span>
    </p>
   </div>
   <div class='ocr_carea' id='block_1_38' title="bbox 353 3477 1949 3546">
    <p class='ocr_par' dir='ltr' id='par_1_38' title="bbox 353 3477 1949 3546">
     <span class='ocr_line' id='line_1_38' title="bbox 353 3477 1949 3546; baseline -0.001 -14"><span class='ocrx_word' id='word_1_288' title='bbox 353 3488 412 3532; x_wconf 86' lang='lat' dir='ltr'><strong>et</strong></span> <span class='ocrx_word' id='word_1_289' title='bbox 453 3479 679 3532; x_wconf 87' lang='lat' dir='ltr'><strong>totidem</strong></span> <span class='ocrx_word' id='word_1_290' title='bbox 717 3478 981 3531; x_wconf 87' lang='lat' dir='ltr'><strong>malormn</strong></span> <span class='ocrx_word' id='word_1_291' title='bbox 1017 3479 1069 3531; x_wconf 96' lang='lat' dir='ltr'><strong>in</strong></span> <span class='ocrx_word' id='word_1_292' title='bbox 1110 3477 1412 3545; x_wconf 84' lang='lat' dir='ltr'><strong>Seripturis</strong></span> <span class='ocrx_word' id='word_1_293' title='bbox 1454 3479 1677 3546; x_wconf 88' lang='lat' dir='ltr'><strong>reperiri</strong></span> <span class='ocrx_word' id='word_1_294' title='bbox 1726 3477 1949 3545; x_wconf 84' lang='lat' dir='ltr'><strong>quidam</strong></span> 
     </span>
    </p>
   </div>
   <div class='ocr_carea' id='block_1_39' title="bbox 355 3567 1952 3626">
    <p class='ocr_par' dir='ltr' id='par_1_39' title="bbox 355 3567 1952 3626">
     <span class='ocr_line' id='line_1_39' title="bbox 355 3567 1952 3626; baseline -0.002 -1"><span class='ocrx_word' id='word_1_295' title='bbox 355 3569 697 3626; x_wconf 88' lang='lat' dir='ltr'><strong>existimant.</strong></span> <span class='ocrx_word' id='word_1_296' title='bbox 749 3568 992 3624; x_wconf 78' lang='lat' dir='ltr'><strong>Virtutes</strong></span> <span class='ocrx_word' id='word_1_297' title='bbox 1035 3570 1180 3624; x_wconf 91' lang='lat' dir='ltr'><strong>enim</strong></span> <span class='ocrx_word' id='word_1_298' title='bbox 1217 3579 1273 3622; x_wconf 89' lang='lat' dir='ltr'><strong>et</strong></span> <span class='ocrx_word' id='word_1_299' title='bbox 1308 3569 1438 3621; x_wconf 87' lang='lat' dir='ltr'><strong>vltia</strong></span> <span class='ocrx_word' id='word_1_300' title='bbox 1469 3578 1703 3622; x_wconf 91' lang='lat' dir='ltr'><strong>.atcntes</strong></span> <span class='ocrx_word' id='word_1_301' title='bbox 1734 3567 1870 3623; x_wconf 89' lang='lat' dir='ltr'><strong>bona</strong></span> <span class='ocrx_word' id='word_1_302' title='bbox 1897 3577 1952 3622; x_wconf 90' lang='lat' dir='ltr'><strong>et</strong></span> 
     </span>
    </p>
   </div>
   <div class='ocr_carea' id='block_1_40' title="bbox 355 3657 1953 3727">
    <p class='ocr_par' dir='ltr' id='par_1_40' title="bbox 355 3657 1953 3727">
     <span class='ocr_line' id='line_1_40' title="bbox 355 3657 1953 3727; baseline 0.001 -16"><span class='ocrx_word' id='word_1_303' title='bbox 355 3658 500 3712; x_wconf 88' lang='lat' dir='ltr'><strong>mala</strong></span> <span class='ocrx_word' id='word_1_304' title='bbox 554 3671 674 3712; x_wconf 90' lang='lat' dir='ltr'><strong>esse</strong></span> <span class='ocrx_word' id='word_1_305' title='bbox 701 3697 716 3721; x_wconf 94' lang='lat'><strong>,</strong></span> <span class='ocrx_word' id='word_1_306' title='bbox 765 3668 963 3727; x_wconf 77' lang='lat' dir='ltr'><strong>pra3ter</strong></span> <span class='ocrx_word' id='word_1_307' title='bbox 1012 3673 1075 3712; x_wconf 90' lang='lat' dir='ltr'><strong>ea</strong></span> <span class='ocrx_word' id='word_1_308' title='bbox 1120 3672 1241 3727; x_wconf 68' lang='lat' dir='ltr'><strong>ane</strong></span> <span class='ocrx_word' id='word_1_309' title='bbox 1287 3660 1426 3726; x_wconf 88' lang='lat' dir='ltr'><strong>apud</strong></span> <span class='ocrx_word' id='word_1_310' title='bbox 1478 3673 1575 3711; x_wconf 91' lang='lat' dir='ltr'><strong>nos</strong></span> <span class='ocrx_word' id='word_1_311' title='bbox 1613 3659 1667 3711; x_wconf 92' lang='lat' dir='ltr'><strong>in</strong></span> <span class='ocrx_word' id='word_1_312' title='bbox 1705 3657 1953 3712; x_wconf 83' lang='lat' dir='ltr'><strong>confesso</strong></span> 
     </span>
    </p>
   </div>
   <div class='ocr_carea' id='block_1_41' title="bbox 356 3749 1954 3818">
    <p class='ocr_par' dir='ltr' id='par_1_41' title="bbox 356 3749 1954 3818">
     <span class='ocr_line' id='line_1_41' title="bbox 356 3749 1954 3818; baseline -0.001 -12"><span class='ocrx_word' id='word_1_313' title='bbox 356 3760 510 3815; x_wconf 82' lang='lat' dir='ltr'><strong>sunt,</strong></span> <span class='ocrx_word' id='word_1_314' title='bbox 546 3749 600 3804; x_wconf 92' lang='lat' dir='ltr'><strong>in</strong></span> <span class='ocrx_word' id='word_1_315' title='bbox 641 3749 842 3806; x_wconf 87' lang='lat' dir='ltr'><strong>virtute</strong></span> <span class='ocrx_word' id='word_1_316' title='bbox 873 3766 937 3804; x_wconf 90' lang='lat' dir='ltr'><strong>ac</strong></span> <span class='ocrx_word' id='word_1_317' title='bbox 961 3750 1094 3804; x_wconf 91' lang='lat' dir='ltr'><strong>vitio</strong></span> <span class='ocrx_word' id='word_1_318' title='bbox 1119 3789 1134 3814; x_wconf 94' lang='lat'><strong>,</strong></span> <span class='ocrx_word' id='word_1_319' title='bbox 1168 3759 1224 3804; x_wconf 91' lang='lat' dir='ltr'><strong>et</strong></span> <span class='ocrx_word' id='word_1_320' title='bbox 1254 3749 1308 3804; x_wconf 91' lang='lat' dir='ltr'><strong>in</strong></span> <span class='ocrx_word' id='word_1_321' title='bbox 1345 3749 1651 3804; x_wconf 88' lang='lat' dir='ltr'><strong>actionibus</strong></span> <span class='ocrx_word' id='word_1_322' title='bbox 1677 3766 1796 3818; x_wconf 72' lang='lat' dir='ltr'><strong>qua:</strong></span> <span class='ocrx_word' id='word_1_323' title='bbox 1827 3749 1954 3805; x_wconf 89' lang='lat' dir='ltr'><strong>inde</strong></span> 
     </span>
    </p>
   </div>
   <div class='ocr_carea' id='block_1_42' title="bbox 355 3839 1954 3912">
    <p class='ocr_par' dir='ltr' id='par_1_42' title="bbox 355 3839 1954 3912">
     <span class='ocr_line' id='line_1_42' title="bbox 355 3839 1954 3912; baseline 0.001 -18"><span class='ocrx_word' id='word_1_324' title='bbox 355 3841 820 3911; x_wconf 84' lang='lat' dir='ltr'><strong>proficiscuntur,</strong></span> <span class='ocrx_word' id='word_1_325' title='bbox 855 3839 1152 3909; x_wconf 56' lang='lat' dir='ltr'><strong>Scriptura!</strong></span> <span class='ocrx_word' id='word_1_326' title='bbox 1180 3841 1506 3897; x_wconf 88' lang='lat' dir='ltr'><strong>testimoniis</strong></span> <span class='ocrx_word' id='word_1_327' title='bbox 1538 3850 1758 3896; x_wconf 91' lang='lat' dir='ltr'><strong>utentur</strong></span> <span class='ocrx_word' id='word_1_328' title='bbox 1778 3881 1793 3906; x_wconf 93' lang='lat'><strong>,</strong></span> <span class='ocrx_word' id='word_1_329' title='bbox 1833 3857 1954 3912; x_wconf 76' lang='lat' dir='ltr'><strong>qua:</strong></span> 
     </span>
    </p>
   </div>
   <div class='ocr_carea' id='block_1_43' title="bbox 357 3933 1950 4002">
    <p class='ocr_par' dir='ltr' id='par_1_43' title="bbox 357 3933 1950 4002">
     <span class='ocr_line' id='line_1_43' title="bbox 357 3933 1950 4002; baseline -0.001 -13"><span class='ocrx_word' id='word_1_330' title='bbox 357 3949 450 3990; x_wconf 86' lang='lat' dir='ltr'><strong>res</strong></span> <span class='ocrx_word' id='word_1_331' title='bbox 497 3934 742 4002; x_wconf 84' lang='lat' dir='ltr'><strong>corporis</strong></span> <span class='ocrx_word' id='word_1_332' title='bbox 809 3942 866 3988; x_wconf 88' lang='lat' dir='ltr'><strong>et</strong></span> <span class='ocrx_word' id='word_1_333' title='bbox 917 3942 1179 3988; x_wconf 82' lang='lat' dir='ltr'><strong>externas</strong></span> <span class='ocrx_word' id='word_1_334' title='bbox 1215 3934 1353 3988; x_wconf 91' lang='lat' dir='ltr'><strong>bona</strong></span> <span class='ocrx_word' id='word_1_335' title='bbox 1397 3935 1479 3987; x_wconf 88' lang='lat' dir='ltr'><strong>vel</strong></span> <span class='ocrx_word' id='word_1_336' title='bbox 1526 3933 1664 3987; x_wconf 88' lang='lat' dir='ltr'><strong>mala</strong></span> <span class='ocrx_word' id='word_1_337' title='bbox 1700 3949 1820 3990; x_wconf 84' lang='lat' dir='ltr'><strong>esse</strong></span> <span class='ocrx_word' id='word_1_338' title='bbox 1855 3933 1950 3988; x_wconf 84' lang='lat' dir='ltr'><strong>de-</strong></span> 
     </span>
    </p>
   </div>
   <div class='ocr_carea' id='block_1_44' title="bbox 357 4025 1954 4096">
    <p class='ocr_par' dir='ltr' id='par_1_44' title="bbox 357 4025 1954 4096">
     <span class='ocr_line' id='line_1_44' title="bbox 357 4025 1954 4096; baseline -0.003 -14"><span class='ocrx_word' id='word_1_339' title='bbox 357 4027 575 4082; x_wconf 74' lang='lat' dir='ltr'><strong>clarant</strong></span> <span class='ocrx_word' id='word_1_340' title='bbox 604 4043 618 4081; x_wconf 90' lang='lat'><strong>:</strong></span> <span class='ocrx_word' id='word_1_341' title='bbox 650 4034 704 4081; x_wconf 92' lang='lat' dir='ltr'><strong>et</strong></span> <span class='ocrx_word' id='word_1_342' title='bbox 731 4025 797 4081; x_wconf 90' lang='lat' dir='ltr'><strong>de</strong></span> <span class='ocrx_word' id='word_1_343' title='bbox 823 4026 1118 4081; x_wconf 88' lang='lat' dir='ltr'><strong>virtutibus</strong></span> <span class='ocrx_word' id='word_1_344' title='bbox 1142 4026 1360 4096; x_wconf 88' lang='lat' dir='ltr'><strong>quidem</strong></span> <span class='ocrx_word' id='word_1_345' title='bbox 1391 4041 1454 4082; x_wconf 91' lang='lat' dir='ltr'><strong>ac</strong></span> <span class='ocrx_word' id='word_1_346' title='bbox 1478 4026 1644 4092; x_wconf 89' lang='lat' dir='ltr'><strong>vitiis,</strong></span> <span class='ocrx_word' id='word_1_347' title='bbox 1671 4027 1800 4096; x_wconf 92' lang='lat' dir='ltr'><strong>quid</strong></span> <span class='ocrx_word' id='word_1_348' title='bbox 1833 4041 1954 4079; x_wconf 74' lang='lat' dir='ltr'><strong>ver-</strong></span> 
     </span>
    </p>
   </div>
   <div class='ocr_carea' id='block_1_45' title="bbox 357 4117 1955 4190">
    <p class='ocr_par' dir='ltr' id='par_1_45' title="bbox 357 4117 1955 4190">
     <span class='ocr_line' id='line_1_45' title="bbox 357 4117 1955 4190; baseline -0.001 -16"><span class='ocrx_word' id='word_1_349' title='bbox 357 4121 445 4174; x_wconf 86' lang='lat' dir='ltr'><strong>bis</strong></span> <span class='ocrx_word' id='word_1_350' title='bbox 502 4133 639 4190; x_wconf 89' lang='lat' dir='ltr'><strong>opus</strong></span> <span class='ocrx_word' id='word_1_351' title='bbox 689 4128 806 4185; x_wconf 88' lang='lat' dir='ltr'><strong>est,</strong></span> <span class='ocrx_word' id='word_1_352' title='bbox 838 4132 983 4184; x_wconf 70' lang='lat' dir='ltr'><strong>cum</strong></span> <span class='ocrx_word' id='word_1_353' title='bbox 1027 4117 1312 4186; x_wconf 87' lang='lat' dir='ltr'><strong>disciplina</strong></span> <span class='ocrx_word' id='word_1_354' title='bbox 1356 4133 1567 4172; x_wconf 90' lang='lat' dir='ltr'><strong>morum</strong></span> <span class='ocrx_word' id='word_1_355' title='bbox 1602 4119 1795 4172; x_wconf 88' lang='lat' dir='ltr'><strong>doceat</strong></span> <span class='ocrx_word' id='word_1_356' title='bbox 1841 4134 1955 4172; x_wconf 88' lang='lat' dir='ltr'><strong>am-</strong></span> 
     </span>
    </p>
   </div>
   <div class='ocr_carea' id='block_1_46' title="bbox 361 4209 1955 4285">
    <p class='ocr_par' dir='ltr' id='par_1_46' title="bbox 361 4209 1955 4285">
     <span class='ocr_line' id='line_1_46' title="bbox 361 4209 1955 4285; baseline 0 -23"><span class='ocrx_word' id='word_1_357' title='bbox 361 4210 700 4285; x_wconf 85' lang='lat' dir='ltr'><strong>plectendam</strong></span> <span class='ocrx_word' id='word_1_358' title='bbox 735 4210 893 4265; x_wconf 88' lang='lat' dir='ltr'><strong>nobis</strong></span> <span class='ocrx_word' id='word_1_359' title='bbox 919 4209 1209 4277; x_wconf 75' lang='lat' dir='ltr'><strong>luSIitiam,</strong></span> <span class='ocrx_word' id='word_1_360' title='bbox 1238 4209 1608 4281; x_wconf 90' lang='lat' dir='ltr'><strong>prudentiam,</strong></span> <span class='ocrx_word' id='word_1_361' title='bbox 1645 4219 1955 4278; x_wconf 87' lang='lat' dir='ltr'><strong>temperau-</strong></span> 
     </span>
    </p>
   </div>
   <div class='ocr_carea' id='block_1_47' title="bbox 362 4301 1955 4367">
    <p class='ocr_par' dir='ltr' id='par_1_47' title="bbox 362 4301 1955 4367">
     <span class='ocr_line' id='line_1_47' title="bbox 362 4301 1955 4367; baseline 0.002 -14"><span class='ocrx_word' id='word_1_362' title='bbox 362 4301 532 4367; x_wconf 87' lang='lat' dir='ltr'><strong>tiam,</strong></span> <span class='ocrx_word' id='word_1_363' title='bbox 581 4301 992 4366; x_wconf 88' lang='lat' dir='ltr'><strong>fortitudinem,</strong></span> <span class='ocrx_word' id='word_1_364' title='bbox 1029 4310 1086 4356; x_wconf 90' lang='lat' dir='ltr'><strong>et</strong></span> <span class='ocrx_word' id='word_1_365' title='bbox 1122 4303 1189 4355; x_wconf 89' lang='lat' dir='ltr'><strong>ad</strong></span> <span class='ocrx_word' id='word_1_366' title='bbox 1230 4315 1417 4355; x_wconf 91' lang='lat' dir='ltr'><strong>earum</strong></span> <span class='ocrx_word' id='word_1_367' title='bbox 1453 4317 1699 4356; x_wconf 86' lang='lat' dir='ltr'><strong>normam</strong></span> <span class='ocrx_word' id='word_1_368' title='bbox 1729 4311 1955 4356; x_wconf 79' lang='lat' dir='ltr'><strong>exactas</strong></span> 
     </span>
    </p>
   </div>
   <div class='ocr_carea' id='block_1_48' title="bbox 361 4393 1953 4461">
    <p class='ocr_par' dir='ltr' id='par_1_48' title="bbox 361 4393 1953 4461">
     <span class='ocr_line' id='line_1_48' title="bbox 361 4393 1953 4461; baseline -0.003 -13"><span class='ocrx_word' id='word_1_369' title='bbox 361 4394 638 4460; x_wconf 84' lang='lat' dir='ltr'><strong>rationes;</strong></span> <span class='ocrx_word' id='word_1_370' title='bbox 697 4394 918 4448; x_wconf 90' lang='lat' dir='ltr'><strong>vitanda</strong></span> <span class='ocrx_word' id='word_1_371' title='bbox 974 4408 1097 4448; x_wconf 89' lang='lat' dir='ltr'><strong>esse</strong></span> <span class='ocrx_word' id='word_1_372' title='bbox 1149 4393 1236 4449; x_wconf 86' lang='lat' dir='ltr'><strong>his</strong></span> <span class='ocrx_word' id='word_1_373' title='bbox 1281 4393 1597 4449; x_wconf 77' lang='lat' dir='ltr'><strong>contraria?</strong></span> <span class='ocrx_word' id='word_1_374' title='bbox 1636 4407 1806 4461; x_wconf 87' lang='lat' dir='ltr'><strong>quare</strong></span> <span class='ocrx_word' id='word_1_375' title='bbox 1847 4407 1953 4445; x_wconf 92' lang='lat' dir='ltr'><strong>non</strong></span> 
     </span>
    </p>
   </div>
   <div class='ocr_carea' id='block_1_49' title="bbox 2040 526 3627 604">
    <p class='ocr_par' dir='ltr' id='par_1_49' title="bbox 2040 526 3627 604">
     <span class='ocr_line' id='line_1_49' title="bbox 2040 526 3627 604; baseline 0.004 -26"><span class='ocrx_word' id='word_1_376' title='bbox 2040 526 2324 598; x_wconf 76' lang='grc' dir='ltr'><strong>ἐνεργείας</strong></span> <span class='ocrx_word' id='word_1_377' title='bbox 2373 528 2521 582; x_wconf 85' lang='grc' dir='ltr'>κακά</span> <span class='ocrx_word' id='word_1_378' title='bbox 2543 545 2555 558; x_wconf 81' lang='lat'><strong><em>°</em></strong></span> <span class='ocrx_word' id='word_1_379' title='bbox 2612 529 2812 600; x_wconf 80' lang='grc' dir='ltr'><strong>τρίτων</strong></span> <span class='ocrx_word' id='word_1_380' title='bbox 2843 531 2900 584; x_wconf 84' lang='grc' dir='ltr'>δὲ</span> <span class='ocrx_word' id='word_1_381' title='bbox 2951 531 3121 586; x_wconf 78' lang='grc' dir='ltr'>ὄντων</span> <span class='ocrx_word' id='word_1_382' title='bbox 3159 533 3268 585; x_wconf 86' lang='grc' dir='ltr'><strong>τῶν</strong></span> <span class='ocrx_word' id='word_1_383' title='bbox 3301 531 3627 604; x_wconf 80' lang='grc' dir='ltr'><strong>μιγνύντων,</strong></span> 
     </span>
    </p>
   </div>
   <div class='ocr_carea' id='block_1_50' title="bbox 2041 618 3631 696">
    <p class='ocr_par' dir='ltr' id='par_1_50' title="bbox 2041 618 3631 696">
     <span class='ocr_line' id='line_1_50' title="bbox 2041 618 3631 696; baseline 0.005 -26"><span class='ocrx_word' id='word_1_384' title='bbox 2041 618 2136 671; x_wconf 72' lang='grc' dir='ltr'>καὶ</span> <span class='ocrx_word' id='word_1_385' title='bbox 2167 619 2286 689; x_wconf 80' lang='grc' dir='ltr'>ἅμα</span> <span class='ocrx_word' id='word_1_386' title='bbox 2316 620 2374 672; x_wconf 85' lang='grc' dir='ltr'><strong>ἐν</strong></span> <span class='ocrx_word' id='word_1_387' title='bbox 2423 625 2827 692; x_wconf 82' lang='grc' dir='ltr'>προαιρετικοῖς</span> <span class='ocrx_word' id='word_1_388' title='bbox 2858 625 2890 694; x_wconf 84' lang='grc' dir='ltr'>ἢ</span> <span class='ocrx_word' id='word_1_389' title='bbox 2939 624 3323 696; x_wconf 87' lang='grc' dir='ltr'>ἀπροαιρέτοις</span> <span class='ocrx_word' id='word_1_390' title='bbox 3365 625 3631 693; x_wconf 85' lang='grc' dir='ltr'>λεγόντων</span> 
     </span>
    </p>
   </div>
   <div class='ocr_carea' id='block_1_51' title="bbox 2039 711 3632 789">
    <p class='ocr_par' dir='ltr' id='par_1_51' title="bbox 2039 711 3632 789">
     <span class='ocr_line' id='line_1_51' title="bbox 2039 711 3632 789; baseline 0.005 -28"><span class='ocrx_word' id='word_1_391' title='bbox 2039 725 2065 762; x_wconf 92' lang='grc' dir='ltr'><strong>ε</strong></span> <span class='ocrx_word' id='word_1_392' title='bbox 2091 726 2179 762; x_wconf 90' lang='grc' dir='ltr'><strong>ναι</strong></span> <span class='ocrx_word' id='word_1_393' title='bbox 2205 711 2274 764; x_wconf 87' lang='grc' dir='ltr'><strong>τά</strong></span> <span class='ocrx_word' id='word_1_394' title='bbox 2299 711 2484 780; x_wconf 88' lang='grc' dir='ltr'>ἀγαθά</span> <span class='ocrx_word' id='word_1_395' title='bbox 2523 715 2617 768; x_wconf 80' lang='grc' dir='ltr'>καὶ</span> <span class='ocrx_word' id='word_1_396' title='bbox 2648 713 2720 768; x_wconf 75' lang='grc' dir='ltr'><strong>τὰ</strong></span> <span class='ocrx_word' id='word_1_397' title='bbox 2746 715 2892 771; x_wconf 85' lang='grc' dir='ltr'>κακά</span> <span class='ocrx_word' id='word_1_398' title='bbox 2913 733 2926 744; x_wconf 91' lang='grc'><strong>·</strong></span> <span class='ocrx_word' id='word_1_399' title='bbox 2956 715 3179 780; x_wconf 80' lang='grc' dir='ltr'><strong>εἰκότως</strong></span> <span class='ocrx_word' id='word_1_400' title='bbox 3212 716 3493 789; x_wconf 81' lang='grc' dir='ltr'><strong>ὐπὲρ’(99)</strong></span> <span class='ocrx_word' id='word_1_401' title='bbox 3522 715 3632 769; x_wconf 82' lang='grc' dir='ltr'><strong>τῶν</strong></span> 
     </span>
    </p>
   </div>
   <div class='ocr_carea' id='block_1_52' title="bbox 2040 796 3633 875">
    <p class='ocr_par' dir='ltr' id='par_1_52' title="bbox 2040 796 3633 875">
     <span class='ocr_line' id='line_1_52' title="bbox 2040 796 3633 875; baseline 0.004 -23"><span class='ocrx_word' id='word_1_402' title='bbox 2040 796 2418 871; x_wconf 75' lang='grc' dir='ltr'>πιθανοτήτων</span> <span class='ocrx_word' id='word_1_403' title='bbox 2450 804 2864 875; x_wconf 88' lang='grc' dir='ltr'>περιελκόμενοι</span> <span class='ocrx_word' id='word_1_404' title='bbox 2908 805 2958 858; x_wconf 85' lang='grc' dir='ltr'>οἱ</span> <span class='ocrx_word' id='word_1_405' title='bbox 2998 805 3183 859; x_wconf 76' lang='grc' dir='ltr'>πολλοὶ</span> <span class='ocrx_word' id='word_1_406' title='bbox 3207 806 3316 859; x_wconf 90' lang='grc' dir='ltr'><strong>τῶν</strong></span> <span class='ocrx_word' id='word_1_407' title='bbox 3353 806 3633 860; x_wconf 82' lang='grc' dir='ltr'>πιστευόν-</span> 
     </span>
    </p>
   </div>
   <div class='ocr_carea' id='block_1_53' title="bbox 2039 891 3633 969">
    <p class='ocr_par' dir='ltr' id='par_1_53' title="bbox 2039 891 3633 969">
     <span class='ocr_line' id='line_1_53' title="bbox 2039 891 3633 969; baseline 0.005 -25"><span class='ocrx_word' id='word_1_408' title='bbox 2039 907 2149 945; x_wconf 89' lang='grc' dir='ltr'><strong>των</strong></span> <span class='ocrx_word' id='word_1_409' title='bbox 2184 891 2612 962; x_wconf 87' lang='grc' dir='ltr'>φιλομαθοῦντες</span> <span class='ocrx_word' id='word_1_410' title='bbox 2644 895 2744 965; x_wconf 78' lang='grc'>(1),</span> <span class='ocrx_word' id='word_1_411' title='bbox 2796 896 2877 959; x_wconf 85' lang='grc' dir='ltr'><strong>είς</strong></span> <span class='ocrx_word' id='word_1_412' title='bbox 2917 895 3007 950; x_wconf 80' lang='grc' dir='ltr'>τὸν</span> <span class='ocrx_word' id='word_1_413' title='bbox 3056 897 3184 969; x_wconf 79' lang='grc' dir='ltr'>περὶ</span> <span class='ocrx_word' id='word_1_414' title='bbox 3218 896 3436 965; x_wconf 78' lang='grc' dir='ltr'><strong>ἀγαθῶν</strong></span> <span class='ocrx_word' id='word_1_415' title='bbox 3468 897 3633 952; x_wconf 80' lang='grc' dir='ltr'>τόπον</span> 
     </span>
    </p>
   </div>
   <div class='ocr_carea' id='block_1_54' title="bbox 2041 982 3632 1058">
    <p class='ocr_par' dir='ltr' id='par_1_54' title="bbox 2041 982 3632 1058">
     <span class='ocr_line' id='line_1_54' title="bbox 2041 982 3632 1058; baseline 0.004 -22"><span class='ocrx_word' id='word_1_416' title='bbox 2041 982 2249 1053; x_wconf 81' lang='grc' dir='ltr'>λέγοιεν</span> <span class='ocrx_word' id='word_1_417' title='bbox 2296 983 2362 1038; x_wconf 83' lang='grc' dir='ltr'>ἂν</span> <span class='ocrx_word' id='word_1_418' title='bbox 2389 984 2478 1038; x_wconf 86' lang='grc' dir='ltr'>τό·</span> <span class='ocrx_word' id='word_1_419' title='bbox 2536 986 2668 1050; x_wconf 73' lang='grc' dir='ltr'>«Τίς</span> <span class='ocrx_word' id='word_1_420' title='bbox 2699 985 2861 1054; x_wconf 81' lang='grc' dir='ltr'>δείξει</span> <span class='ocrx_word' id='word_1_421' title='bbox 2909 989 3044 1058; x_wconf 76' lang='grc' dir='ltr'>ἡμῖν</span> <span class='ocrx_word' id='word_1_422' title='bbox 3094 988 3166 1042; x_wconf 89' lang='grc' dir='ltr'><strong>τά</strong></span> <span class='ocrx_word' id='word_1_423' title='bbox 3197 987 3411 1058; x_wconf 90' lang='grc' dir='ltr'>ἀγαθά;</span> <span class='ocrx_word' id='word_1_424' title='bbox 3441 1007 3460 1039; x_wconf 76' lang='grc' dir='ltr'><strong>ι</strong></span> <span class='ocrx_word' id='word_1_425' title='bbox 3509 989 3632 1044; x_wconf 78' lang='grc' dir='ltr'><strong>Ὀτι</strong></span> 
     </span>
    </p>
   </div>
   <div class='ocr_carea' id='block_1_55' title="bbox 2045 1071 3630 1151">
    <p class='ocr_par' dir='ltr' id='par_1_55' title="bbox 2045 1071 3630 1151">
     <span class='ocr_line' id='line_1_55' title="bbox 2045 1071 3630 1151; baseline 0.004 -23"><span class='ocrx_word' id='word_1_426' title='bbox 2045 1076 2146 1147; x_wconf 86' lang='grc' dir='ltr'>μὲν</span> <span class='ocrx_word' id='word_1_427' title='bbox 2173 1071 2268 1130; x_wconf 59' lang='grc' dir='ltr'>οὖν</span> <span class='ocrx_word' id='word_1_428' title='bbox 2299 1077 2358 1130; x_wconf 90' lang='grc' dir='ltr'><strong>ἐν</strong></span> <span class='ocrx_word' id='word_1_429' title='bbox 2388 1081 2790 1150; x_wconf 82' lang='grc' dir='ltr'><strong>προαιρετικοῖς</strong></span> <span class='ocrx_word' id='word_1_430' title='bbox 2820 1080 2965 1134; x_wconf 87' lang='grc' dir='ltr'>ἐστιν</span> <span class='ocrx_word' id='word_1_431' title='bbox 2995 1082 3028 1151; x_wconf 83' lang='grc' dir='ltr'>ἡ</span> <span class='ocrx_word' id='word_1_432' title='bbox 3063 1079 3170 1134; x_wconf 88' lang='grc' dir='ltr'><strong>τῶν</strong></span> <span class='ocrx_word' id='word_1_433' title='bbox 3197 1080 3418 1149; x_wconf 82' lang='grc' dir='ltr'>ἀγαθῶν</span> <span class='ocrx_word' id='word_1_434' title='bbox 3444 1081 3630 1150; x_wconf 82' lang='grc' dir='ltr'>φύσις,</span> 
     </span>
    </p>
   </div>
   <div class='ocr_carea' id='block_1_56' title="bbox 2042 1169 3630 1246">
    <p class='ocr_par' dir='ltr' id='par_1_56' title="bbox 2042 1169 3630 1246">
     <span class='ocr_line' id='line_1_56' title="bbox 2042 1169 3630 1246; baseline 0.004 -25"><span class='ocrx_word' id='word_1_435' title='bbox 2042 1170 2151 1233; x_wconf 80' lang='grc' dir='ltr'><strong>πᾶς</strong></span> <span class='ocrx_word' id='word_1_436' title='bbox 2173 1169 2446 1236; x_wconf 82' lang='grc' dir='ltr'>ὁστισοῦν,</span> <span class='ocrx_word' id='word_1_437' title='bbox 2491 1172 2891 1244; x_wconf 87' lang='grc' dir='ltr'>ἀποδεχόμενος</span> <span class='ocrx_word' id='word_1_438' title='bbox 2917 1173 3010 1226; x_wconf 82' lang='grc' dir='ltr'>τὸν</span> <span class='ocrx_word' id='word_1_439' title='bbox 3054 1173 3183 1245; x_wconf 71' lang='grc' dir='ltr'>περὶ</span> <span class='ocrx_word' id='word_1_440' title='bbox 3212 1173 3446 1246; x_wconf 83' lang='grc' dir='ltr'>κρίσεως</span> <span class='ocrx_word' id='word_1_441' title='bbox 3474 1174 3630 1243; x_wconf 84' lang='grc' dir='ltr'>λόγον</span> 
     </span>
    </p>
   </div>
   <div class='ocr_carea' id='block_1_57' title="bbox 2043 1259 3630 1335">
    <p class='ocr_par' dir='ltr' id='par_1_57' title="bbox 2043 1259 3630 1335">
     <span class='ocr_line' id='line_1_57' title="bbox 2043 1259 3630 1335; baseline 0.004 -22"><span class='ocrx_word' id='word_1_442' title='bbox 2043 1260 2144 1332; x_wconf 69' lang='grc'><strong>(2),</strong></span> <span class='ocrx_word' id='word_1_443' title='bbox 2175 1259 2476 1325; x_wconf 70' lang='grc' dir='ltr'><strong>ἀδιδάκτως</strong></span> <span class='ocrx_word' id='word_1_444' title='bbox 2508 1262 2839 1334; x_wconf 75' lang='grc' dir='ltr'>ὁμολογήσαι</span> <span class='ocrx_word' id='word_1_445' title='bbox 2867 1262 2950 1316; x_wconf 86' lang='grc' dir='ltr'>ἀν·</span> <span class='ocrx_word' id='word_1_446' title='bbox 2989 1263 3195 1332; x_wconf 87' lang='grc' dir='ltr'>ἀγαθὸν</span> <span class='ocrx_word' id='word_1_447' title='bbox 3225 1265 3334 1334; x_wconf 90' lang='grc' dir='ltr'><strong>γάρ</strong></span> <span class='ocrx_word' id='word_1_448' title='bbox 3367 1281 3529 1335; x_wconf 91' lang='grc' dir='ltr'>φησιν</span> <span class='ocrx_word' id='word_1_449' title='bbox 3555 1261 3630 1320; x_wconf 83' lang='grc' dir='ltr'><strong>εἷ-</strong></span> 
     </span>
    </p>
   </div>
   <div class='ocr_carea' id='block_1_58' title="bbox 2041 1346 3628 1425">
    <p class='ocr_par' dir='ltr' id='par_1_58' title="bbox 2041 1346 3628 1425">
     <span class='ocr_line' id='line_1_58' title="bbox 2041 1346 3628 1425; baseline 0.002 -19"><span class='ocrx_word' id='word_1_450' title='bbox 2041 1371 2152 1419; x_wconf 91' lang='grc' dir='ltr'>ναι,</span> <span class='ocrx_word' id='word_1_451' title='bbox 2184 1355 2270 1423; x_wconf 76' lang='grc' dir='ltr'>ἐφ’</span> <span class='ocrx_word' id='word_1_452' title='bbox 2301 1346 2346 1422; x_wconf 85' lang='grc' dir='ltr'><strong>ᾧ</strong></span> <span class='ocrx_word' id='word_1_453' title='bbox 2378 1352 2672 1408; x_wconf 87' lang='grc' dir='ltr'>ἀκούσεταί</span> <span class='ocrx_word' id='word_1_454' title='bbox 2712 1371 2796 1417; x_wconf 87' lang='grc' dir='ltr'><strong>τις</strong></span> <span class='ocrx_word' id='word_1_455' title='bbox 2846 1353 2940 1409; x_wconf 80' lang='grc' dir='ltr'><strong>τό⁸</strong></span> <span class='ocrx_word' id='word_1_456' title='bbox 2995 1351 3196 1424; x_wconf 80' lang='grc' dir='ltr'>ιΕὗγε,</span> <span class='ocrx_word' id='word_1_457' title='bbox 3259 1356 3430 1425; x_wconf 87' lang='grc' dir='ltr'>ἀγαθὲ</span> <span class='ocrx_word' id='word_1_458' title='bbox 3476 1356 3628 1411; x_wconf 77' lang='grc' dir='ltr'>δοῦλε</span> 
     </span>
    </p>
   </div>
   <div class='ocr_carea' id='block_1_59' title="bbox 2043 1441 3632 1516">
    <p class='ocr_par' dir='ltr' id='par_1_59' title="bbox 2043 1441 3632 1516">
     <span class='ocr_line' id='line_1_59' title="bbox 2043 1441 3632 1516; baseline 0.004 -20"><span class='ocrx_word' id='word_1_459' title='bbox 2043 1444 2138 1498; x_wconf 73' lang='grc' dir='ltr'>καὶ</span> <span class='ocrx_word' id='word_1_460' title='bbox 2172 1445 2353 1509; x_wconf 86' lang='grc' dir='ltr'>πιστὲ,</span> <span class='ocrx_word' id='word_1_461' title='bbox 2389 1445 2482 1498; x_wconf 80' lang='grc' dir='ltr'>ἐπὶ</span> <span class='ocrx_word' id='word_1_462' title='bbox 2507 1444 2664 1514; x_wconf 88' lang='grc' dir='ltr'>ὀλίγα</span> <span class='ocrx_word' id='word_1_463' title='bbox 2689 1441 2758 1516; x_wconf 79' lang='grc' dir='ltr'><strong>ἧς</strong></span> <span class='ocrx_word' id='word_1_464' title='bbox 2783 1444 2993 1508; x_wconf 82' lang='grc' dir='ltr'>πιστὸς,</span> <span class='ocrx_word' id='word_1_465' title='bbox 3031 1447 3124 1500; x_wconf 79' lang='grc' dir='ltr'>ἐπὶ</span> <span class='ocrx_word' id='word_1_466' title='bbox 3150 1445 3355 1500; x_wconf 79' lang='grc' dir='ltr'>πολλῶν</span> <span class='ocrx_word' id='word_1_467' title='bbox 3374 1463 3433 1498; x_wconf 92' lang='grc' dir='ltr'><strong>σε</strong></span> <span class='ocrx_word' id='word_1_468' title='bbox 3464 1463 3632 1502; x_wconf 77' lang='grc' dir='ltr'>κατα.-</span> 
     </span>
    </p>
   </div>
   <div class='ocr_carea' id='block_1_60' title="bbox 2044 1535 3634 1611">
    <p class='ocr_par' dir='ltr' id='par_1_60' title="bbox 2044 1535 3634 1611">
     <span class='ocr_line' id='line_1_60' title="bbox 2044 1535 3634 1611; baseline 0.001 -21"><span class='ocrx_word' id='word_1_469' title='bbox 2044 1537 2228 1608; x_wconf 84' lang='grc' dir='ltr'>στήσω</span> <span class='ocrx_word' id='word_1_470' title='bbox 2248 1551 2264 1566; x_wconf 88' lang='grc'>⁶</span> <span class='ocrx_word' id='word_1_471' title='bbox 2289 1535 2496 1591; x_wconf 70' lang='grc' dir='ltr'>εἴσελθε</span> <span class='ocrx_word' id='word_1_472' title='bbox 2527 1539 2606 1602; x_wconf 86' lang='grc' dir='ltr'><strong>εἰς</strong></span> <span class='ocrx_word' id='word_1_473' title='bbox 2632 1538 2728 1609; x_wconf 79' lang='grc' dir='ltr'>τὴν</span> <span class='ocrx_word' id='word_1_474' title='bbox 2748 1539 2922 1611; x_wconf 76' lang='grc' dir='ltr'>χαράν</span> <span class='ocrx_word' id='word_1_475' title='bbox 2952 1538 3046 1592; x_wconf 91' lang='grc' dir='ltr'><strong>τοῦ</strong></span> <span class='ocrx_word' id='word_1_476' title='bbox 3069 1540 3257 1610; x_wconf 82' lang='grc' dir='ltr'>κυρίου</span> <span class='ocrx_word' id='word_1_477' title='bbox 3283 1557 3396 1593; x_wconf 87' lang='grc' dir='ltr'>σου.</span> <span class='ocrx_word' id='word_1_478' title='bbox 3419 1558 3438 1590; x_wconf 72' lang='grc' dir='ltr'><strong>ι</strong></span> <span class='ocrx_word' id='word_1_479' title='bbox 3478 1540 3634 1606; x_wconf 67' lang='grc' dir='ltr'>Ἀγαρ-</span> 
     </span>
    </p>
   </div>
   <div class='ocr_carea' id='block_1_61' title="bbox 2044 1627 3633 1702">
    <p class='ocr_par' dir='ltr' id='par_1_61' title="bbox 2044 1627 3633 1702">
     <span class='ocr_line' id='line_1_61' title="bbox 2044 1627 3633 1702; baseline 0.001 -20"><span class='ocrx_word' id='word_1_480' title='bbox 2044 1627 2136 1682; x_wconf 87' lang='grc' dir='ltr'>θὸν</span> <span class='ocrx_word' id='word_1_481' title='bbox 2170 1627 2227 1684; x_wconf 76' lang='grc' dir='ltr'>δὲ</span> <span class='ocrx_word' id='word_1_482' title='bbox 2259 1627 2321 1682; x_wconf 76' lang='grc' dir='ltr'><strong>τὸ</strong></span> <span class='ocrx_word' id='word_1_483' title='bbox 2353 1629 2463 1682; x_wconf 89' lang='grc' dir='ltr'><strong>ἀπὺ</strong></span> <span class='ocrx_word' id='word_1_484' title='bbox 2489 1628 2584 1683; x_wconf 89' lang='grc' dir='ltr'><strong>τοῦ</strong></span> <span class='ocrx_word' id='word_1_485' title='bbox 2611 1628 2820 1699; x_wconf 79' lang='grc' dir='ltr'>ἀγαθοῦ</span> <span class='ocrx_word' id='word_1_486' title='bbox 2853 1629 3138 1702; x_wconf 84' lang='grc' dir='ltr'>ἀνθρώπου</span> <span class='ocrx_word' id='word_1_487' title='bbox 3170 1631 3234 1684; x_wconf 89' lang='grc' dir='ltr'><strong>ἐκ</strong></span> <span class='ocrx_word' id='word_1_488' title='bbox 3265 1629 3366 1700; x_wconf 77' lang='grc' dir='ltr'>τῆς</span> <span class='ocrx_word' id='word_1_489' title='bbox 3403 1631 3633 1701; x_wconf 84' lang='grc' dir='ltr'>καρδίας</span> 
     </span>
    </p>
   </div>
   <div class='ocr_carea' id='block_1_62' title="bbox 2045 1719 3634 1794">
    <p class='ocr_par' dir='ltr' id='par_1_62' title="bbox 2045 1719 3634 1794">
     <span class='ocr_line' id='line_1_62' title="bbox 2045 1719 3634 1794; baseline -0.001 -18"><span class='ocrx_word' id='word_1_490' title='bbox 2045 1720 2209 1776; x_wconf 81' lang='grc' dir='ltr'>αὑτοῦ</span> <span class='ocrx_word' id='word_1_491' title='bbox 2254 1719 2686 1792; x_wconf 81' lang='grc' dir='ltr'>προφερόμενον,</span> <span class='ocrx_word' id='word_1_492' title='bbox 2731 1721 2806 1787; x_wconf 87' lang='grc' dir='ltr'><strong>ὡς</strong></span> <span class='ocrx_word' id='word_1_493' title='bbox 2833 1725 2862 1778; x_wconf 88' lang='grc' dir='ltr'><strong>ό</strong></span> <span class='ocrx_word' id='word_1_494' title='bbox 2895 1724 3088 1794; x_wconf 78' lang='grc' dir='ltr'>Σωτήρ</span> <span class='ocrx_word' id='word_1_495' title='bbox 3122 1739 3286 1792; x_wconf 88' lang='grc' dir='ltr'>φησιν</span> <span class='ocrx_word' id='word_1_496' title='bbox 3310 1738 3324 1753; x_wconf 78' lang='grc' dir='ltr'><strong><em>ο</em></strong></span> <span class='ocrx_word' id='word_1_497' title='bbox 3363 1740 3380 1772; x_wconf 85' lang='grc' dir='ltr'><strong>ι</strong></span> <span class='ocrx_word' id='word_1_498' title='bbox 3404 1721 3462 1774; x_wconf 87' lang='lat'><strong>&#39;0</strong></span> <span class='ocrx_word' id='word_1_499' title='bbox 3495 1723 3634 1790; x_wconf 80' lang='grc' dir='ltr'>ἀγα-</span> 
     </span>
    </p>
   </div>
   <div class='ocr_carea' id='block_1_63' title="bbox 2046 1812 3637 1886">
    <p class='ocr_par' dir='ltr' id='par_1_63' title="bbox 2046 1812 3637 1886">
     <span class='ocr_line' id='line_1_63' title="bbox 2046 1812 3637 1886; baseline -0.001 -19"><span class='ocrx_word' id='word_1_500' title='bbox 2046 1812 2136 1878; x_wconf 78' lang='grc' dir='ltr'>θὸς</span> <span class='ocrx_word' id='word_1_501' title='bbox 2163 1813 2449 1884; x_wconf 76' lang='grc' dir='ltr'>ἄνθρωπος</span> <span class='ocrx_word' id='word_1_502' title='bbox 2498 1816 2563 1867; x_wconf 90' lang='grc' dir='ltr'><strong>ἐκ</strong></span> <span class='ocrx_word' id='word_1_503' title='bbox 2591 1813 2685 1868; x_wconf 90' lang='grc' dir='ltr'><strong>τοῦ</strong></span> <span class='ocrx_word' id='word_1_504' title='bbox 2718 1813 2926 1883; x_wconf 81' lang='grc' dir='ltr'>ἀγαθοῦ</span> <span class='ocrx_word' id='word_1_505' title='bbox 2957 1814 3229 1886; x_wconf 79' lang='grc' dir='ltr'>θησαυροῦ</span> <span class='ocrx_word' id='word_1_506' title='bbox 3273 1814 3374 1883; x_wconf 73' lang='grc' dir='ltr'>τῆς</span> <span class='ocrx_word' id='word_1_507' title='bbox 3407 1814 3637 1884; x_wconf 80' lang='grc' dir='ltr'>καρδίας</span> 
     </span>
    </p>
   </div>
   <div class='ocr_carea' id='block_1_64' title="bbox 2045 1903 3635 1977">
    <p class='ocr_par' dir='ltr' id='par_1_64' title="bbox 2045 1903 3635 1977">
     <span class='ocr_line' id='line_1_64' title="bbox 2045 1903 3635 1977; baseline -0.002 -19"><span class='ocrx_word' id='word_1_508' title='bbox 2045 1903 2213 1959; x_wconf 84' lang='grc' dir='ltr'>αὐτοῦ</span> <span class='ocrx_word' id='word_1_509' title='bbox 2265 1905 2533 1977; x_wconf 81' lang='grc' dir='ltr'>προφέρει</span> <span class='ocrx_word' id='word_1_510' title='bbox 2583 1905 2652 1960; x_wconf 88' lang='grc' dir='ltr'><strong>τά</strong></span> <span class='ocrx_word' id='word_1_511' title='bbox 2707 1906 2922 1975; x_wconf 86' lang='grc' dir='ltr'>ἀγαθά·</span> <span class='ocrx_word' id='word_1_512' title='bbox 2951 1926 2970 1959; x_wconf 75' lang='grc' dir='ltr'><strong>ι</strong></span> <span class='ocrx_word' id='word_1_513' title='bbox 3025 1907 3120 1959; x_wconf 72' lang='grc' dir='ltr'>καὶ</span> <span class='ocrx_word' id='word_1_514' title='bbox 3147 1904 3480 1972; x_wconf 80' lang='grc' dir='ltr'>ἁπαξαπλῶς</span> <span class='ocrx_word' id='word_1_515' title='bbox 3526 1905 3635 1968; x_wconf 72' lang='grc' dir='ltr'>πᾶς</span> 
     </span>
    </p>
   </div>
   <div class='ocr_carea' id='block_1_65' title="bbox 2046 1996 3636 2070">
    <p class='ocr_par' dir='ltr' id='par_1_65' title="bbox 2046 1996 3636 2070">
     <span class='ocr_line' id='line_1_65' title="bbox 2046 1996 3636 2070; baseline -0.001 -18"><span class='ocrx_word' id='word_1_516' title='bbox 2046 1997 2258 2069; x_wconf 86' lang='grc' dir='ltr'>καρπὸς</span> <span class='ocrx_word' id='word_1_517' title='bbox 2283 1997 2500 2069; x_wconf 81' lang='grc' dir='ltr'>δένδρου</span> <span class='ocrx_word' id='word_1_518' title='bbox 2532 1998 2760 2067; x_wconf 87' lang='grc' dir='ltr'>ἀγαθοῦ,</span> <span class='ocrx_word' id='word_1_519' title='bbox 2789 1998 3174 2070; x_wconf 74' lang='grc' dir='ltr'>προαιρετικὸς</span> <span class='ocrx_word' id='word_1_520' title='bbox 3199 1997 3296 2062; x_wconf 85' lang='grc' dir='ltr'>ὢν,</span> <span class='ocrx_word' id='word_1_521' title='bbox 3331 1996 3532 2066; x_wconf 83' lang='grc' dir='ltr'>ἀγαθόν</span> <span class='ocrx_word' id='word_1_522' title='bbox 3558 1997 3636 2066; x_wconf 79' lang='lat'><strong>(3)</strong></span> 
     </span>
    </p>
   </div>
   <div class='ocr_carea' id='block_1_66' title="bbox 2045 2086 3638 2158">
    <p class='ocr_par' dir='ltr' id='par_1_66' title="bbox 2045 2086 3638 2158">
     <span class='ocr_line' id='line_1_66' title="bbox 2045 2086 3638 2158; baseline -0.002 -18"><span class='ocrx_word' id='word_1_523' title='bbox 2045 2087 2193 2140; x_wconf 87' lang='grc' dir='ltr'>ἐστιν</span> <span class='ocrx_word' id='word_1_524' title='bbox 2217 2102 2231 2117; x_wconf 79' lang='grc' dir='ltr'><strong><em>ο</em></strong></span> <span class='ocrx_word' id='word_1_525' title='bbox 2263 2086 2339 2150; x_wconf 84' lang='grc' dir='ltr'><strong>ὡς</strong></span> <span class='ocrx_word' id='word_1_526' title='bbox 2369 2087 2581 2158; x_wconf 83' lang='grc' dir='ltr'>ἀγάπη,</span> <span class='ocrx_word' id='word_1_527' title='bbox 2614 2088 2708 2141; x_wconf 76' lang='grc' dir='ltr'>καὶ</span> <span class='ocrx_word' id='word_1_528' title='bbox 2736 2088 2948 2158; x_wconf 74' lang='grc' dir='ltr'>εἰρήνη,</span> <span class='ocrx_word' id='word_1_529' title='bbox 2988 2087 3080 2141; x_wconf 75' lang='grc' dir='ltr'>καὶ</span> <span class='ocrx_word' id='word_1_530' title='bbox 3112 2086 3277 2157; x_wconf 84' lang='grc' dir='ltr'>χαρά,</span> <span class='ocrx_word' id='word_1_531' title='bbox 3307 2087 3402 2139; x_wconf 72' lang='grc' dir='ltr'>καὶ</span> <span class='ocrx_word' id='word_1_532' title='bbox 3432 2102 3638 2156; x_wconf 86' lang='grc' dir='ltr'>μακρο-</span> 
     </span>
    </p>
   </div>
   <div class='ocr_carea' id='block_1_67' title="bbox 2046 2174 3639 2250">
    <p class='ocr_par' dir='ltr' id='par_1_67' title="bbox 2046 2174 3639 2250">
     <span class='ocr_line' id='line_1_67' title="bbox 2046 2174 3639 2250; baseline -0.001 -16"><span class='ocrx_word' id='word_1_533' title='bbox 2046 2176 2238 2249; x_wconf 83' lang='grc' dir='ltr'>θυμία,</span> <span class='ocrx_word' id='word_1_534' title='bbox 2287 2179 2591 2250; x_wconf 81' lang='grc' dir='ltr'>χρηστότης</span> <span class='ocrx_word' id='word_1_535' title='bbox 2635 2196 2694 2232; x_wconf 90' lang='grc' dir='ltr'><strong>τε</strong></span> <span class='ocrx_word' id='word_1_536' title='bbox 2747 2179 2842 2232; x_wconf 72' lang='grc' dir='ltr'>καὶ</span> <span class='ocrx_word' id='word_1_537' title='bbox 2893 2177 3242 2248; x_wconf 84' lang='grc' dir='ltr'>ἀγαθωσύνη,</span> <span class='ocrx_word' id='word_1_538' title='bbox 3292 2178 3496 2240; x_wconf 84' lang='grc' dir='ltr'>πίστις,</span> <span class='ocrx_word' id='word_1_539' title='bbox 3543 2174 3639 2232; x_wconf 70' lang='grc' dir='ltr'>καὶ</span> 
     </span>
    </p>
   </div>
   <div class='ocr_carea' id='block_1_68' title="bbox 2047 2271 3634 2344">
    <p class='ocr_par' dir='ltr' id='par_1_68' title="bbox 2047 2271 3634 2344">
     <span class='ocr_line' id='line_1_68' title="bbox 2047 2271 3634 2344; baseline -0.001 -21"><span class='ocrx_word' id='word_1_540' title='bbox 2047 2271 2312 2343; x_wconf 81' lang='grc' dir='ltr'>πραότης,</span> <span class='ocrx_word' id='word_1_541' title='bbox 2347 2273 2443 2326; x_wconf 78' lang='grc' dir='ltr'>καὶ</span> <span class='ocrx_word' id='word_1_542' title='bbox 2473 2273 2788 2344; x_wconf 77' lang='grc' dir='ltr'><strong>ἐγκράτεια⁸</strong></span> <span class='ocrx_word' id='word_1_543' title='bbox 2819 2272 2888 2328; x_wconf 78' lang='grc' dir='ltr'>τὰ</span> <span class='ocrx_word' id='word_1_544' title='bbox 2919 2272 2975 2326; x_wconf 90' lang='grc' dir='ltr'><strong>δέ</strong></span> <span class='ocrx_word' id='word_1_545' title='bbox 3009 2271 3229 2326; x_wconf 75' lang='grc' dir='ltr'>ἐναντία</span> <span class='ocrx_word' id='word_1_546' title='bbox 3267 2272 3495 2334; x_wconf 85' lang='grc' dir='ltr'>τούτοις,</span> <span class='ocrx_word' id='word_1_547' title='bbox 3535 2286 3634 2322; x_wconf 85' lang='grc' dir='ltr'>κα-</span> 
     </span>
    </p>
   </div>
   <div class='ocr_carea' id='block_1_69' title="bbox 2047 2357 3638 2434">
    <p class='ocr_par' dir='ltr' id='par_1_69' title="bbox 2047 2357 3638 2434">
     <span class='ocr_line' id='line_1_69' title="bbox 2047 2357 3638 2434; baseline -0.003 -18"><span class='ocrx_word' id='word_1_548' title='bbox 2047 2361 2139 2418; x_wconf 90' lang='grc' dir='ltr'>κά.</span> <span class='ocrx_word' id='word_1_549' title='bbox 2173 2363 2236 2415; x_wconf 83' lang='grc' dir='ltr'><strong>Εἰ</strong></span> <span class='ocrx_word' id='word_1_550' title='bbox 2261 2362 2318 2417; x_wconf 86' lang='grc' dir='ltr'>δὲ</span> <span class='ocrx_word' id='word_1_551' title='bbox 2348 2362 2442 2415; x_wconf 61' lang='grc' dir='ltr'><strong>καί⁹</strong></span> <span class='ocrx_word' id='word_1_552' title='bbox 2471 2362 2608 2434; x_wconf 85' lang='grc' dir='ltr'><strong>μετά</strong></span> <span class='ocrx_word' id='word_1_553' title='bbox 2640 2361 2739 2432; x_wconf 80' lang='grc' dir='ltr'>τὴν</span> <span class='ocrx_word' id='word_1_554' title='bbox 2762 2361 2856 2414; x_wconf 86' lang='grc' dir='ltr'><strong>τοῦ</strong></span> <span class='ocrx_word' id='word_1_555' title='bbox 2885 2361 3120 2433; x_wconf 87' lang='grc' dir='ltr'>Χριστοῦ</span> <span class='ocrx_word' id='word_1_556' title='bbox 3151 2359 3495 2416; x_wconf 85' lang='grc' dir='ltr'>διδασκαλίαν</span> <span class='ocrx_word' id='word_1_557' title='bbox 3522 2357 3638 2414; x_wconf 76' lang='grc' dir='ltr'>ἐστί</span> 
     </span>
    </p>
   </div>
   <div class='ocr_carea' id='block_1_70' title="bbox 2045 2451 3643 2524">
    <p class='ocr_par' dir='ltr' id='par_1_70' title="bbox 2045 2451 3643 2524">
     <span class='ocr_line' id='line_1_70' title="bbox 2045 2451 3643 2524; baseline -0.003 -17"><span class='ocrx_word' id='word_1_558' title='bbox 2045 2471 2099 2508; x_wconf 88' lang='grc' dir='ltr'><strong>τι</strong></span> <span class='ocrx_word' id='word_1_559' title='bbox 2143 2453 2371 2524; x_wconf 82' lang='grc' dir='ltr'>ἀγαθὸν,</span> <span class='ocrx_word' id='word_1_560' title='bbox 2419 2453 2514 2507; x_wconf 74' lang='grc' dir='ltr'><strong>καὶ</strong></span> <span class='ocrx_word' id='word_1_561' title='bbox 2553 2453 2742 2516; x_wconf 84' lang='grc' dir='ltr'>κακὸν,</span> <span class='ocrx_word' id='word_1_562' title='bbox 2795 2453 2888 2506; x_wconf 62' lang='grc' dir='ltr'><strong>καί⁵</strong></span> <span class='ocrx_word' id='word_1_563' title='bbox 2919 2453 2977 2506; x_wconf 85' lang='grc' dir='ltr'><strong>ἐν</strong></span> <span class='ocrx_word' id='word_1_564' title='bbox 3025 2452 3428 2524; x_wconf 82' lang='grc' dir='ltr'>ἀπροαιρέτοις,</span> <span class='ocrx_word' id='word_1_565' title='bbox 3476 2451 3643 2522; x_wconf 79' lang='grc' dir='ltr'>ζητη-</span> 
     </span>
    </p>
   </div>
   <div class='ocr_carea' id='block_1_71' title="bbox 2048 2541 3639 2618">
    <p class='ocr_par' dir='ltr' id='par_1_71' title="bbox 2048 2541 3639 2618">
     <span class='ocr_line' id='line_1_71' title="bbox 2048 2541 3639 2618; baseline -0.005 -16"><span class='ocrx_word' id='word_1_566' title='bbox 2048 2546 2171 2604; x_wconf 86' lang='grc' dir='ltr'>τέον</span> <span class='ocrx_word' id='word_1_567' title='bbox 2194 2563 2208 2577; x_wconf 88' lang='grc'><strong>·</strong></span> <span class='ocrx_word' id='word_1_568' title='bbox 2259 2545 2362 2599; x_wconf 81' lang='grc' dir='ltr'>κᾶν</span> <span class='ocrx_word' id='word_1_569' title='bbox 2455 2545 2512 2599; x_wconf 87' lang='grc' dir='ltr'><strong>δέ</strong></span> <span class='ocrx_word' id='word_1_570' title='bbox 2545 2563 2596 2598; x_wconf 90' lang='grc' dir='ltr'><strong>τι</strong></span> <span class='ocrx_word' id='word_1_571' title='bbox 2627 2545 2794 2600; x_wconf 73' lang='grc' dir='ltr'>κακὸν</span> <span class='ocrx_word' id='word_1_572' title='bbox 2828 2544 2860 2615; x_wconf 85' lang='grc' dir='ltr'>ἢ</span> <span class='ocrx_word' id='word_1_573' title='bbox 2903 2543 3108 2612; x_wconf 82' lang='grc' dir='ltr'>ἀγαθὸν</span> <span class='ocrx_word' id='word_1_574' title='bbox 3143 2545 3203 2598; x_wconf 88' lang='grc' dir='ltr'><strong>ἐν</strong></span> <span class='ocrx_word' id='word_1_575' title='bbox 3233 2543 3639 2614; x_wconf 72' lang='grc' dir='ltr'>ἀπροαιρέτως,</span> 
     </span>
    </p>
   </div>
   <div class='ocr_carea' id='block_1_72' title="bbox 2046 2633 3639 2706">
    <p class='ocr_par' dir='ltr' id='par_1_72' title="bbox 2046 2633 3639 2706">
     <span class='ocr_line' id='line_1_72' title="bbox 2046 2633 3639 2706; baseline 0.001 -17"><span class='ocrx_word' id='word_1_576' title='bbox 2046 2637 2124 2700; x_wconf 83' lang='grc' dir='ltr'>ὼς</span> <span class='ocrx_word' id='word_1_577' title='bbox 2151 2635 2384 2706; x_wconf 76' lang='grc' dir='ltr'>ὕστερον</span> <span class='ocrx_word' id='word_1_578' title='bbox 2405 2635 2760 2701; x_wconf 78' lang='grc' dir='ltr'>ἐξετάσαντες</span> <span class='ocrx_word' id='word_1_579' title='bbox 2793 2635 2931 2706; x_wconf 85' lang='grc' dir='ltr'>τάχα</span> <span class='ocrx_word' id='word_1_580' title='bbox 2961 2635 3208 2704; x_wconf 82' lang='grc' dir='ltr'>δείξομεν</span> <span class='ocrx_word' id='word_1_581' title='bbox 3228 2650 3241 2664; x_wconf 81' lang='grc'><strong><em>⁸</em></strong></span> <span class='ocrx_word' id='word_1_582' title='bbox 3280 2634 3399 2687; x_wconf 89' lang='grc' dir='ltr'>ἀλλ’</span> <span class='ocrx_word' id='word_1_583' title='bbox 3424 2633 3538 2688; x_wconf 74' lang='grc' dir='ltr'>οὔτι</span> <span class='ocrx_word' id='word_1_584' title='bbox 3575 2652 3639 2704; x_wconf 76' lang='grc' dir='ltr'><strong>γε</strong></span> 
     </span>
    </p>
   </div>
   <div class='ocr_carea' id='block_1_73' title="bbox 2045 2727 3641 2800">
    <p class='ocr_par' dir='ltr' id='par_1_73' title="bbox 2045 2727 3641 2800">
     <span class='ocr_line' id='line_1_73' title="bbox 2045 2727 3641 2800; baseline -0.002 -18"><span class='ocrx_word' id='word_1_585' title='bbox 2045 2729 2116 2783; x_wconf 84' lang='grc' dir='ltr'><strong>τά</strong></span> <span class='ocrx_word' id='word_1_586' title='bbox 2147 2729 2255 2784; x_wconf 86' lang='grc' dir='ltr'>ἀπὸ</span> <span class='ocrx_word' id='word_1_587' title='bbox 2286 2729 2396 2782; x_wconf 87' lang='grc' dir='ltr'><strong>τῶν</strong></span> <span class='ocrx_word' id='word_1_588' title='bbox 2442 2728 2744 2800; x_wconf 82' lang='grc' dir='ltr'>μιγνύντων</span> <span class='ocrx_word' id='word_1_589' title='bbox 2788 2731 2898 2792; x_wconf 87' lang='grc' dir='ltr'>τοῖς</span> <span class='ocrx_word' id='word_1_590' title='bbox 2937 2730 3342 2800; x_wconf 80' lang='grc' dir='ltr'>προαιρετικοῖς</span> <span class='ocrx_word' id='word_1_591' title='bbox 3370 2727 3439 2779; x_wconf 81' lang='grc' dir='ltr'><strong>τά</strong></span> <span class='ocrx_word' id='word_1_592' title='bbox 3466 2728 3641 2798; x_wconf 62' lang='grc' dir='ltr'>ἀπροτ-</span> 
     </span>
    </p>
   </div>
   <div class='ocr_carea' id='block_1_74' title="bbox 2047 2820 3640 2896">
    <p class='ocr_par' dir='ltr' id='par_1_74' title="bbox 2047 2820 3640 2896">
     <span class='ocr_line' id='line_1_74' title="bbox 2047 2820 3640 2896; baseline 0 -20"><span class='ocrx_word' id='word_1_593' title='bbox 2047 2822 2241 2894; x_wconf 88' lang='grc' dir='ltr'>αίρετα</span> <span class='ocrx_word' id='word_1_594' title='bbox 2267 2822 2533 2894; x_wconf 88' lang='grc' dir='ltr'>λεγόμενα</span> <span class='ocrx_word' id='word_1_595' title='bbox 2566 2821 2746 2889; x_wconf 84' lang='grc' dir='ltr'>ἀγαθά</span> <span class='ocrx_word' id='word_1_596' title='bbox 2773 2821 2839 2875; x_wconf 84' lang='grc' dir='ltr'>ἂν</span> <span class='ocrx_word' id='word_1_597' title='bbox 2864 2821 2950 2894; x_wconf 83' lang='grc' dir='ltr'><strong>εἴη</strong></span> <span class='ocrx_word' id='word_1_598' title='bbox 2981 2821 3072 2875; x_wconf 76' lang='grc' dir='ltr'>καὶ</span> <span class='ocrx_word' id='word_1_599' title='bbox 3097 2820 3270 2874; x_wconf 80' lang='grc' dir='ltr'>κακά’</span> <span class='ocrx_word' id='word_1_600' title='bbox 3303 2822 3504 2875; x_wconf 87' lang='grc' dir='ltr'>ἐκεῖνοι</span> <span class='ocrx_word' id='word_1_601' title='bbox 3532 2821 3640 2896; x_wconf 77' lang='grc' dir='ltr'><strong>γὰρ</strong></span> 
     </span>
    </p>
   </div>
   <div class='ocr_carea' id='block_1_75' title="bbox 2047 2911 3648 2988">
    <p class='ocr_par' dir='ltr' id='par_1_75' title="bbox 2047 2911 3648 2988">
     <span class='ocr_line' id='line_1_75' title="bbox 2047 2911 3648 2988; baseline 0 -18"><span class='ocrx_word' id='word_1_602' title='bbox 2047 2917 2250 2970; x_wconf 77' lang='grc' dir='ltr'>οἴονται</span> <span class='ocrx_word' id='word_1_603' title='bbox 2282 2916 2392 2971; x_wconf 87' lang='grc' dir='ltr'><strong>τῶν</strong></span> <span class='ocrx_word' id='word_1_604' title='bbox 2425 2915 2648 2984; x_wconf 80' lang='grc' dir='ltr'>ἀγαθῶν</span> <span class='ocrx_word' id='word_1_605' title='bbox 2682 2914 2751 2968; x_wconf 91' lang='grc' dir='ltr'><strong>τά</strong></span> <span class='ocrx_word' id='word_1_606' title='bbox 2797 2915 2896 2986; x_wconf 84' lang='grc' dir='ltr'>μὲν</span> <span class='ocrx_word' id='word_1_607' title='bbox 2923 2911 3062 2969; x_wconf 82' lang='grc' dir='ltr'>εἶναι</span> <span class='ocrx_word' id='word_1_608' title='bbox 3091 2915 3221 2986; x_wconf 77' lang='grc' dir='ltr'>περὶ</span> <span class='ocrx_word' id='word_1_609' title='bbox 3253 2915 3454 2988; x_wconf 74' lang='grc' dir='ltr'>ψυχὴν,</span> <span class='ocrx_word' id='word_1_610' title='bbox 3487 2918 3556 2970; x_wconf 88' lang='grc' dir='ltr'><strong>τά</strong></span> <span class='ocrx_word' id='word_1_611' title='bbox 3585 2917 3648 2969; x_wconf 56' lang='grc' dir='ltr'>δὲ</span> 
     </span>
    </p>
   </div>
   <div class='ocr_carea' id='block_1_76' title="bbox 2049 3006 3638 3080">
    <p class='ocr_par' dir='ltr' id='par_1_76' title="bbox 2049 3006 3638 3080">
     <span class='ocr_line' id='line_1_76' title="bbox 2049 3006 3638 3080; baseline -0.001 -18"><span class='ocrx_word' id='word_1_612' title='bbox 2049 3008 2178 3080; x_wconf 67' lang='grc' dir='ltr'>περὶ</span> <span class='ocrx_word' id='word_1_613' title='bbox 2209 3007 2391 3078; x_wconf 88' lang='grc' dir='ltr'>σῶμα,</span> <span class='ocrx_word' id='word_1_614' title='bbox 2424 3008 2494 3062; x_wconf 79' lang='grc' dir='ltr'><strong>τὰ</strong></span> <span class='ocrx_word' id='word_1_615' title='bbox 2524 3008 2582 3064; x_wconf 79' lang='grc' dir='ltr'>δὲ</span> <span class='ocrx_word' id='word_1_616' title='bbox 2610 3007 2766 3070; x_wconf 89' lang='grc' dir='ltr'>ἐκτός</span> <span class='ocrx_word' id='word_1_617' title='bbox 2789 3024 2802 3038; x_wconf 73' lang='grc' dir='ltr'><strong>ο</strong></span> <span class='ocrx_word' id='word_1_618' title='bbox 2845 3007 3046 3078; x_wconf 86' lang='grc' dir='ltr'>ὁμοίως</span> <span class='ocrx_word' id='word_1_619' title='bbox 3073 3006 3128 3060; x_wconf 87' lang='grc' dir='ltr'>δὲ</span> <span class='ocrx_word' id='word_1_620' title='bbox 3157 3007 3251 3061; x_wconf 73' lang='grc' dir='ltr'>καὶ</span> <span class='ocrx_word' id='word_1_621' title='bbox 3278 3009 3387 3061; x_wconf 85' lang='grc' dir='ltr'><strong>τῶν</strong></span> <span class='ocrx_word' id='word_1_622' title='bbox 3419 3007 3638 3061; x_wconf 58' lang='grc' dir='ltr'>κακῶνη·</span> 
     </span>
    </p>
   </div>
   <div class='ocr_carea' id='block_1_77' title="bbox 2049 3098 3644 3173">
    <p class='ocr_par' dir='ltr' id='par_1_77' title="bbox 2049 3098 3644 3173">
     <span class='ocr_line' id='line_1_77' title="bbox 2049 3098 3644 3173; baseline -0.001 -17"><span class='ocrx_word' id='word_1_623' title='bbox 2049 3101 2145 3156; x_wconf 72' lang='grc' dir='ltr'>καὶ</span> <span class='ocrx_word' id='word_1_624' title='bbox 2177 3101 2306 3172; x_wconf 81' lang='grc' dir='ltr'>περὶ</span> <span class='ocrx_word' id='word_1_625' title='bbox 2329 3101 2507 3172; x_wconf 72' lang='grc' dir='ltr'>ψυχὴν</span> <span class='ocrx_word' id='word_1_626' title='bbox 2538 3101 2637 3172; x_wconf 77' lang='grc' dir='ltr'>μὲν</span> <span class='ocrx_word' id='word_1_627' title='bbox 2661 3100 2862 3173; x_wconf 85' lang='grc' dir='ltr'>ἀρετὴν</span> <span class='ocrx_word' id='word_1_628' title='bbox 2890 3100 2982 3154; x_wconf 82' lang='grc' dir='ltr'><strong>καὶ</strong></span> <span class='ocrx_word' id='word_1_629' title='bbox 3012 3098 3109 3163; x_wconf 76' lang='grc' dir='ltr'><strong>τὰς</strong></span> <span class='ocrx_word' id='word_1_630' title='bbox 3137 3100 3257 3152; x_wconf 82' lang='grc' dir='ltr'>κατ’</span> <span class='ocrx_word' id='word_1_631' title='bbox 3280 3099 3480 3170; x_wconf 74' lang='grc' dir='ltr'>ἀρετὴν</span> <span class='ocrx_word' id='word_1_632' title='bbox 3505 3100 3644 3172; x_wconf 71' lang='grc' dir='ltr'>πράο</span> 
     </span>
    </p>
   </div>
   <div class='ocr_carea' id='block_1_78' title="bbox 2049 3192 3646 3266">
    <p class='ocr_par' dir='ltr' id='par_1_78' title="bbox 2049 3192 3646 3266">
     <span class='ocr_line' id='line_1_78' title="bbox 2049 3192 3646 3266; baseline -0.002 -18"><span class='ocrx_word' id='word_1_633' title='bbox 2049 3195 2180 3264; x_wconf 81' lang='grc' dir='ltr'>ξεις,</span> <span class='ocrx_word' id='word_1_634' title='bbox 2214 3195 2247 3266; x_wconf 78' lang='grc' dir='ltr'>ἦ</span> <span class='ocrx_word' id='word_1_635' title='bbox 2295 3195 2494 3249; x_wconf 86' lang='grc' dir='ltr'>κακίαν</span> <span class='ocrx_word' id='word_1_636' title='bbox 2526 3195 2621 3250; x_wconf 57' lang='grc' dir='ltr'><strong>καὶ¹</strong></span> <span class='ocrx_word' id='word_1_637' title='bbox 2649 3195 2750 3259; x_wconf 90' lang='grc' dir='ltr'><strong>τάς</strong></span> <span class='ocrx_word' id='word_1_638' title='bbox 2784 3192 2926 3248; x_wconf 87' lang='grc' dir='ltr'><strong>κατά</strong></span> <span class='ocrx_word' id='word_1_639' title='bbox 2959 3192 3162 3247; x_wconf 89' lang='grc' dir='ltr'>κακίαν</span> <span class='ocrx_word' id='word_1_640' title='bbox 3207 3193 3432 3266; x_wconf 82' lang='grc' dir='ltr'>πράξεις</span> <span class='ocrx_word' id='word_1_641' title='bbox 3453 3210 3467 3224; x_wconf 72' lang='grc' dir='ltr'><strong>ο</strong></span> <span class='ocrx_word' id='word_1_642' title='bbox 3511 3196 3646 3262; x_wconf 70' lang='grc' dir='ltr'>περὶ</span> 
     </span>
    </p>
   </div>
   <div class='ocr_carea' id='block_1_79' title="bbox 2024 3285 3641 3359">
    <p class='ocr_par' dir='ltr' id='par_1_79' title="bbox 2024 3285 3641 3359">
     <span class='ocr_line' id='line_1_79' title="bbox 2024 3285 3641 3359; baseline -0.002 -18"><span class='ocrx_word' id='word_1_643' title='bbox 2024 3285 2212 3358; x_wconf 59' lang='grc' dir='ltr'>σῶμα</span> <span class='ocrx_word' id='word_1_644' title='bbox 2249 3287 2305 3340; x_wconf 80' lang='grc' dir='ltr'>δὲ</span> <span class='ocrx_word' id='word_1_645' title='bbox 2357 3287 2566 3357; x_wconf 83' lang='grc' dir='ltr'>ὑγείαν,</span> <span class='ocrx_word' id='word_1_646' title='bbox 2609 3287 2704 3340; x_wconf 66' lang='grc' dir='ltr'>καὶ</span> <span class='ocrx_word' id='word_1_647' title='bbox 2744 3285 2980 3351; x_wconf 78' lang='grc' dir='ltr'>εὐεξίαν,</span> <span class='ocrx_word' id='word_1_648' title='bbox 3009 3285 3104 3339; x_wconf 74' lang='grc' dir='ltr'>καὶ</span> <span class='ocrx_word' id='word_1_649' title='bbox 3133 3285 3360 3349; x_wconf 83' lang='grc' dir='ltr'>κάλλος·</span> <span class='ocrx_word' id='word_1_650' title='bbox 3403 3287 3436 3359; x_wconf 83' lang='grc' dir='ltr'>ἢ</span> <span class='ocrx_word' id='word_1_651' title='bbox 3467 3287 3641 3350; x_wconf 82' lang='grc' dir='ltr'>νόσον,</span> 
     </span>
    </p>
   </div>
   <div class='ocr_carea' id='block_1_80' title="bbox 2049 3377 3644 3450">
    <p class='ocr_par' dir='ltr' id='par_1_80' title="bbox 2049 3377 3644 3450">
     <span class='ocr_line' id='line_1_80' title="bbox 2049 3377 3644 3450; baseline 0 -18"><span class='ocrx_word' id='word_1_652' title='bbox 2049 3381 2144 3433; x_wconf 78' lang='grc' dir='ltr'>καὶ</span> <span class='ocrx_word' id='word_1_653' title='bbox 2172 3379 2450 3450; x_wconf 79' lang='grc' dir='ltr'>καχεξίαν,</span> <span class='ocrx_word' id='word_1_654' title='bbox 2481 3380 2578 3434; x_wconf 76' lang='grc' dir='ltr'>καὶ</span> <span class='ocrx_word' id='word_1_655' title='bbox 2607 3377 2820 3448; x_wconf 71' lang='grc' dir='ltr'>αἶσχοςσ</span> <span class='ocrx_word' id='word_1_656' title='bbox 2857 3378 2985 3447; x_wconf 76' lang='grc' dir='ltr'>περὶ</span> <span class='ocrx_word' id='word_1_657' title='bbox 3011 3379 3091 3432; x_wconf 66' lang='grc' dir='ltr'>τάδ</span> <span class='ocrx_word' id='word_1_658' title='bbox 3113 3380 3270 3444; x_wconf 82' lang='grc' dir='ltr'>ἐκτὸς</span> <span class='ocrx_word' id='word_1_659' title='bbox 3302 3380 3382 3445; x_wconf 89' lang='grc' dir='ltr'>δὲ,</span> <span class='ocrx_word' id='word_1_660' title='bbox 3414 3379 3644 3433; x_wconf 70' lang='grc' dir='ltr'>πλοῦτον</span> 
     </span>
    </p>
   </div>
   <div class='ocr_carea' id='block_1_81' title="bbox 2052 3468 3640 3540">
    <p class='ocr_par' dir='ltr' id='par_1_81' title="bbox 2052 3468 3640 3540">
     <span class='ocr_line' id='line_1_81' title="bbox 2052 3468 3640 3540; baseline -0.001 -16"><span class='ocrx_word' id='word_1_661' title='bbox 2052 3470 2148 3524; x_wconf 77' lang='grc' dir='ltr'>καὶ</span> <span class='ocrx_word' id='word_1_662' title='bbox 2195 3469 2407 3536; x_wconf 88' lang='grc' dir='ltr'>πενίαν,</span> <span class='ocrx_word' id='word_1_663' title='bbox 2457 3470 2616 3538; x_wconf 82' lang='grc' dir='ltr'>δόξαν</span> <span class='ocrx_word' id='word_1_664' title='bbox 2649 3470 2744 3523; x_wconf 74' lang='grc' dir='ltr'><strong>καὶ</strong></span> <span class='ocrx_word' id='word_1_665' title='bbox 2785 3468 3022 3533; x_wconf 75' lang='grc' dir='ltr'>ἀδοξίαν.</span> <span class='ocrx_word' id='word_1_666' title='bbox 3081 3471 3363 3540; x_wconf 80' lang='grc' dir='ltr'>εὐγένειαν</span> <span class='ocrx_word' id='word_1_667' title='bbox 3395 3471 3485 3525; x_wconf 83' lang='grc' dir='ltr'><strong>καί</strong></span> <span class='ocrx_word' id='word_1_668' title='bbox 3516 3471 3640 3522; x_wconf 85' lang='grc' dir='ltr'>δυσ-</span> 
     </span>
    </p>
   </div>
   <div class='ocr_carea' id='block_1_82' title="bbox 2051 3561 3642 3634">
    <p class='ocr_par' dir='ltr' id='par_1_82' title="bbox 2051 3561 3642 3634">
     <span class='ocr_line' id='line_1_82' title="bbox 2051 3561 3642 3634; baseline -0.001 -19"><span class='ocrx_word' id='word_1_669' title='bbox 2051 3563 2291 3632; x_wconf 87' lang='grc' dir='ltr'>γένειαν.</span> <span class='ocrx_word' id='word_1_670' title='bbox 2345 3564 2635 3634; x_wconf 85' lang='grc' dir='ltr'>Οίήσονται</span> <span class='ocrx_word' id='word_1_671' title='bbox 2681 3561 2739 3617; x_wconf 87' lang='grc' dir='ltr'><strong>δέ</strong></span> <span class='ocrx_word' id='word_1_672' title='bbox 2785 3579 2929 3626; x_wconf 85' lang='grc' dir='ltr'>τινες</span> <span class='ocrx_word' id='word_1_673' title='bbox 2958 3563 3052 3616; x_wconf 76' lang='grc' dir='ltr'>καὶ</span> <span class='ocrx_word' id='word_1_674' title='bbox 3093 3564 3236 3616; x_wconf 88' lang='grc' dir='ltr'><strong>κατά</strong></span> <span class='ocrx_word' id='word_1_675' title='bbox 3279 3563 3378 3626; x_wconf 88' lang='grc' dir='ltr'><strong>τάς</strong></span> <span class='ocrx_word' id='word_1_676' title='bbox 3420 3563 3458 3614; x_wconf 88' lang='grc' dir='ltr'>Γ</span> <span class='ocrx_word' id='word_1_677' title='bbox 3465 3563 3642 3633; x_wconf 55' lang='lat' dir='ltr'><strong>parpar;</strong></span> 
     </span>
    </p>
   </div>
   <div class='ocr_carea' id='block_1_83' title="bbox 2051 3651 3642 3728">
    <p class='ocr_par' dir='ltr' id='par_1_83' title="bbox 2051 3651 3642 3728">
     <span class='ocr_line' id='line_1_83' title="bbox 2051 3651 3642 3728; baseline -0.001 -19"><span class='ocrx_word' id='word_1_678' title='bbox 2051 3655 2254 3726; x_wconf 85' lang='grc' dir='ltr'>ὁμοίως</span> <span class='ocrx_word' id='word_1_679' title='bbox 2304 3655 2431 3728; x_wconf 87' lang='grc' dir='ltr'>τρία</span> <span class='ocrx_word' id='word_1_680' title='bbox 2481 3656 2617 3727; x_wconf 77' lang='grc' dir='ltr'>γένη</span> <span class='ocrx_word' id='word_1_681' title='bbox 2651 3651 2794 3711; x_wconf 84' lang='grc' dir='ltr'>εἶναι</span> <span class='ocrx_word' id='word_1_682' title='bbox 2850 3655 2958 3710; x_wconf 87' lang='grc' dir='ltr'><strong>τῶν</strong></span> <span class='ocrx_word' id='word_1_683' title='bbox 2989 3656 3230 3726; x_wconf 84' lang='grc' dir='ltr'>ἀγαθῶν,</span> <span class='ocrx_word' id='word_1_684' title='bbox 3263 3657 3356 3710; x_wconf 75' lang='grc' dir='ltr'>καὶ</span> <span class='ocrx_word' id='word_1_685' title='bbox 3377 3655 3504 3727; x_wconf 89' lang='grc' dir='ltr'>τρία</span> <span class='ocrx_word' id='word_1_686' title='bbox 3533 3655 3642 3708; x_wconf 80' lang='grc' dir='ltr'><strong>τῶν</strong></span> 
     </span>
    </p>
   </div>
   <div class='ocr_carea' id='block_1_84' title="bbox 2054 3747 3644 3821">
    <p class='ocr_par' dir='ltr' id='par_1_84' title="bbox 2054 3747 3644 3821">
     <span class='ocr_line' id='line_1_84' title="bbox 2054 3747 3644 3821; baseline -0.001 -21"><span class='ocrx_word' id='word_1_687' title='bbox 2054 3747 2240 3801; x_wconf 84' lang='grc' dir='ltr'>κακῶν</span> <span class='ocrx_word' id='word_1_688' title='bbox 2261 3764 2274 3777; x_wconf 89' lang='grc'><strong>·</strong></span> <span class='ocrx_word' id='word_1_689' title='bbox 2311 3747 2410 3811; x_wconf 79' lang='grc' dir='ltr'>τὰς</span> <span class='ocrx_word' id='word_1_690' title='bbox 2442 3747 2551 3820; x_wconf 78' lang='grc' dir='ltr'><strong>γὰρ</strong></span> <span class='ocrx_word' id='word_1_691' title='bbox 2582 3749 2780 3820; x_wconf 80' lang='grc' dir='ltr'>ἀρετὰς</span> <span class='ocrx_word' id='word_1_692' title='bbox 2810 3748 2903 3802; x_wconf 70' lang='grc' dir='ltr'>καὶ</span> <span class='ocrx_word' id='word_1_693' title='bbox 2931 3747 3030 3812; x_wconf 78' lang='grc' dir='ltr'><strong>τὰς</strong></span> <span class='ocrx_word' id='word_1_694' title='bbox 3062 3751 3260 3815; x_wconf 78' lang='grc' dir='ltr'>κακίας</span> <span class='ocrx_word' id='word_1_695' title='bbox 3297 3749 3644 3821; x_wconf 86' lang='grc' dir='ltr'>προσιέμενοι</span> 
     </span>
    </p>
   </div>
   <div class='ocr_carea' id='block_1_85' title="bbox 2054 3832 3643 3911">
    <p class='ocr_par' dir='ltr' id='par_1_85' title="bbox 2054 3832 3643 3911">
     <span class='ocr_line' id='line_1_85' title="bbox 2054 3832 3643 3911; baseline 0.004 -21"><span class='ocrx_word' id='word_1_696' title='bbox 2054 3832 2193 3890; x_wconf 84' lang='grc' dir='ltr'>εἶναι</span> <span class='ocrx_word' id='word_1_697' title='bbox 2219 3837 2400 3906; x_wconf 87' lang='grc' dir='ltr'>ἀγαθά</span> <span class='ocrx_word' id='word_1_698' title='bbox 2427 3838 2520 3891; x_wconf 81' lang='grc' dir='ltr'>καὶ</span> <span class='ocrx_word' id='word_1_699' title='bbox 2555 3838 2700 3894; x_wconf 84' lang='grc' dir='ltr'><strong>κακά</strong></span> <span class='ocrx_word' id='word_1_700' title='bbox 2729 3839 2866 3911; x_wconf 87' lang='grc' dir='ltr'><strong>μετά</strong></span> <span class='ocrx_word' id='word_1_701' title='bbox 2890 3837 2958 3892; x_wconf 78' lang='grc' dir='ltr'><strong>τά</strong></span> <span class='ocrx_word' id='word_1_702' title='bbox 2990 3840 3400 3911; x_wconf 79' lang='grc' dir='ltr'>ὁμολογούμενα</span> <span class='ocrx_word' id='word_1_703' title='bbox 3429 3839 3524 3895; x_wconf 80' lang='grc' dir='ltr'>κα).</span> <span class='ocrx_word' id='word_1_704' title='bbox 3554 3837 3643 3905; x_wconf 75' lang='grc' dir='ltr'><strong>ὑφ’</strong></span> 
     </span>
    </p>
   </div>
   <div class='ocr_carea' id='block_1_86' title="bbox 2054 3930 3645 4005">
    <p class='ocr_par' dir='ltr' id='par_1_86' title="bbox 2054 3930 3645 4005">
     <span class='ocr_line' id='line_1_86' title="bbox 2054 3930 3645 4005; baseline 0.001 -22"><span class='ocrx_word' id='word_1_705' title='bbox 2054 3930 2214 4001; x_wconf 79' lang='grc' dir='ltr'>ἡμῶν</span> <span class='ocrx_word' id='word_1_706' title='bbox 2245 3933 2302 3985; x_wconf 92' lang='grc' dir='ltr'><strong>ἐν</strong></span> <span class='ocrx_word' id='word_1_707' title='bbox 2331 3931 2503 4003; x_wconf 80' lang='grc' dir='ltr'>ἀρετῇ</span> <span class='ocrx_word' id='word_1_708' title='bbox 2539 3933 2632 3986; x_wconf 78' lang='grc' dir='ltr'>καὶ</span> <span class='ocrx_word' id='word_1_709' title='bbox 2661 3935 2850 4005; x_wconf 74' lang='grc' dir='ltr'>κακία,</span> <span class='ocrx_word' id='word_1_710' title='bbox 2877 3935 2972 3988; x_wconf 74' lang='grc' dir='ltr'>καὶ</span> <span class='ocrx_word' id='word_1_711' title='bbox 2999 3936 3118 3996; x_wconf 87' lang='grc' dir='ltr'>ταῖς</span> <span class='ocrx_word' id='word_1_712' title='bbox 3163 3935 3283 3988; x_wconf 84' lang='grc' dir='ltr'>κατ’</span> <span class='ocrx_word' id='word_1_713' title='bbox 3313 3933 3480 3995; x_wconf 81' lang='grc' dir='ltr'>αὑτάς</span> <span class='ocrx_word' id='word_1_714' title='bbox 3507 3931 3645 4002; x_wconf 86' lang='grc' dir='ltr'>πρά-</span> 
     </span>
    </p>
   </div>
   <div class='ocr_carea' id='block_1_87' title="bbox 2058 4021 3651 4098">
    <p class='ocr_par' dir='ltr' id='par_1_87' title="bbox 2058 4021 3651 4098">
     <span class='ocr_line' id='line_1_87' title="bbox 2058 4021 3651 4098; baseline -0.008 -10"><span class='ocrx_word' id='word_1_715' title='bbox 2058 4021 2192 4088; x_wconf 76' lang='grc' dir='ltr'>ξεσιν</span> <span class='ocrx_word' id='word_1_716' title='bbox 2227 4025 2522 4096; x_wconf 71' lang='grc' dir='ltr'>χρήσονται</span> <span class='ocrx_word' id='word_1_717' title='bbox 2553 4029 2758 4097; x_wconf 77' lang='grc' dir='ltr'>ῥητοῖς,</span> <span class='ocrx_word' id='word_1_718' title='bbox 2785 4027 2879 4081; x_wconf 78' lang='grc' dir='ltr'>καὶ</span> <span class='ocrx_word' id='word_1_719' title='bbox 2905 4027 2973 4082; x_wconf 85' lang='grc' dir='ltr'><strong>τὰ</strong></span> <span class='ocrx_word' id='word_1_720' title='bbox 3003 4026 3311 4098; x_wconf 78' lang='grc' dir='ltr'>σωματικὰ,</span> <span class='ocrx_word' id='word_1_721' title='bbox 3343 4027 3438 4080; x_wconf 68' lang='grc' dir='ltr'>καὶ</span> <span class='ocrx_word' id='word_1_722' title='bbox 3460 4024 3528 4078; x_wconf 88' lang='grc' dir='ltr'><strong>τά</strong></span> <span class='ocrx_word' id='word_1_723' title='bbox 3556 4026 3651 4076; x_wconf 77' lang='grc' dir='ltr'>ἐκσ</span> 
     </span>
    </p>
   </div>
   <div class='ocr_carea' id='block_1_88' title="bbox 2055 4115 3645 4189">
    <p class='ocr_par' dir='ltr' id='par_1_88' title="bbox 2055 4115 3645 4189">
     <span class='ocr_line' id='line_1_88' title="bbox 2055 4115 3645 4189; baseline -0.002 -19"><span class='ocrx_word' id='word_1_724' title='bbox 2055 4116 2146 4180; x_wconf 81' lang='grc' dir='ltr'>τὸς</span> <span class='ocrx_word' id='word_1_725' title='bbox 2169 4115 2330 4188; x_wconf 77' lang='grc' dir='ltr'>δῆθεν</span> <span class='ocrx_word' id='word_1_726' title='bbox 2361 4116 2819 4189; x_wconf 78' lang='grc' dir='ltr'>ἀποφαινομένοις</span> <span class='ocrx_word' id='word_1_727' title='bbox 2861 4118 3043 4186; x_wconf 87' lang='grc' dir='ltr'>ἀγαθά</span> <span class='ocrx_word' id='word_1_728' title='bbox 3077 4117 3109 4189; x_wconf 81' lang='grc' dir='ltr'><strong>ἦ</strong></span> <span class='ocrx_word' id='word_1_729' title='bbox 3140 4118 3287 4172; x_wconf 80' lang='grc' dir='ltr'>κακὰ</span> <span class='ocrx_word' id='word_1_730' title='bbox 3321 4118 3612 4187; x_wconf 77' lang='grc' dir='ltr'>τυγχάνειν</span> <span class='ocrx_word' id='word_1_731' title='bbox 3631 4132 3645 4144; x_wconf 90' lang='grc'><strong>·</strong></span> 
     </span>
    </p>
   </div>
   <div class='ocr_carea' id='block_1_89' title="bbox 2057 4206 3649 4281">
    <p class='ocr_par' dir='ltr' id='par_1_89' title="bbox 2057 4206 3649 4281">
     <span class='ocr_line' id='line_1_89' title="bbox 2057 4206 3649 4281; baseline -0.001 -20"><span class='ocrx_word' id='word_1_732' title='bbox 2057 4207 2154 4261; x_wconf 62' lang='grc' dir='ltr'><strong>καὶ⁵</strong></span> <span class='ocrx_word' id='word_1_733' title='bbox 2184 4209 2316 4278; x_wconf 71' lang='grc' dir='ltr'>περὶ</span> <span class='ocrx_word' id='word_1_734' title='bbox 2353 4208 2454 4281; x_wconf 84' lang='grc' dir='ltr'>μὲν</span> <span class='ocrx_word' id='word_1_735' title='bbox 2491 4209 2702 4281; x_wconf 88' lang='grc' dir='ltr'>ἀρετῶν</span> <span class='ocrx_word' id='word_1_736' title='bbox 2750 4209 2846 4262; x_wconf 75' lang='grc' dir='ltr'>καὶ</span> <span class='ocrx_word' id='word_1_737' title='bbox 2889 4208 3076 4262; x_wconf 87' lang='grc' dir='ltr'>κακῶν</span> <span class='ocrx_word' id='word_1_738' title='bbox 3107 4208 3159 4262; x_wconf 87' lang='grc' dir='ltr'><strong>τί</strong></span> <span class='ocrx_word' id='word_1_739' title='bbox 3185 4209 3266 4260; x_wconf 82' lang='grc' dir='ltr'><strong>δεῖ</strong></span> <span class='ocrx_word' id='word_1_740' title='bbox 3307 4207 3505 4276; x_wconf 84' lang='grc' dir='ltr'>λέγειν,</span> <span class='ocrx_word' id='word_1_741' title='bbox 3538 4206 3649 4260; x_wconf 85' lang='grc' dir='ltr'><strong>τῶν</strong></span> 
     </span>
    </p>
   </div>
   <div class='ocr_carea' id='block_1_90' title="bbox 2059 4299 3651 4373">
    <p class='ocr_par' dir='ltr' id='par_1_90' title="bbox 2059 4299 3651 4373">
     <span class='ocr_line' id='line_1_90' title="bbox 2059 4299 3651 4373; baseline 0.001 -21"><span class='ocrx_word' id='word_1_742' title='bbox 2059 4299 2270 4370; x_wconf 66' lang='grc' dir='ltr'>ἠθικῶν</span> <span class='ocrx_word' id='word_1_743' title='bbox 2317 4303 2661 4372; x_wconf 86' lang='grc' dir='ltr'>πραγμάτων</span> <span class='ocrx_word' id='word_1_744' title='bbox 2809 4301 3170 4356; x_wconf 88' lang='grc' dir='ltr'>διδασκόντων</span> <span class='ocrx_word' id='word_1_745' title='bbox 3201 4301 3312 4354; x_wconf 87' lang='grc' dir='ltr'>δεῖν</span> <span class='ocrx_word' id='word_1_746' title='bbox 3349 4303 3498 4371; x_wconf 72' lang='grc' dir='ltr'>ἡμᾶς</span> <span class='ocrx_word' id='word_1_747' title='bbox 3551 4301 3651 4371; x_wconf 77' lang='grc' dir='ltr'>μὲν</span> 
     </span>
    </p>
   </div>
   <div class='ocr_carea' id='block_1_91' title="bbox 2059 4391 3647 4465">
    <p class='ocr_par' dir='ltr' id='par_1_91' title="bbox 2059 4391 3647 4465">
     <span class='ocr_line' id='line_1_91' title="bbox 2059 4391 3647 4465; baseline 0.001 -22"><span class='ocrx_word' id='word_1_748' title='bbox 2059 4391 2335 4464; x_wconf 84' lang='grc' dir='ltr'>αἱρεῖσθαι</span> <span class='ocrx_word' id='word_1_749' title='bbox 2379 4393 2746 4465; x_wconf 85' lang='grc' dir='ltr'>δικαιοσύνην,</span> <span class='ocrx_word' id='word_1_750' title='bbox 2797 4393 2893 4447; x_wconf 71' lang='grc' dir='ltr'>καὶ</span> <span class='ocrx_word' id='word_1_751' title='bbox 2923 4393 3206 4464; x_wconf 88' lang='grc' dir='ltr'>φρόνησιν,</span> <span class='ocrx_word' id='word_1_752' title='bbox 3243 4393 3336 4444; x_wconf 77' lang='grc' dir='ltr'>καὶ</span> <span class='ocrx_word' id='word_1_753' title='bbox 3364 4391 3647 4461; x_wconf 86' lang='grc' dir='ltr'>σωφροσύ-</span> 
     </span>
    </p>
   </div>
   <div class='ocr_carea' id='block_1_92' title="bbox 359 4482 1946 4555">
    <p class='ocr_par' dir='ltr' id='par_1_92' title="bbox 359 4482 1946 4554">
     <span class='ocr_line' id='line_1_92' title="bbox 359 4482 1946 4554; baseline -0.001 -16"><span class='ocrx_word' id='word_1_754' title='bbox 359 4500 500 4554; x_wconf 88' lang='lat' dir='ltr'><strong>opus</strong></span> <span class='ocrx_word' id='word_1_755' title='bbox 541 4492 627 4538; x_wconf 89' lang='lat' dir='ltr'><strong>est</strong></span> <span class='ocrx_word' id='word_1_756' title='bbox 667 4483 929 4553; x_wconf 81' lang='lat' dir='ltr'><strong>exemplis</strong></span> <span class='ocrx_word' id='word_1_757' title='bbox 961 4483 1026 4538; x_wconf 89' lang='lat' dir='ltr'><strong>ad</strong></span> <span class='ocrx_word' id='word_1_758' title='bbox 1056 4498 1118 4538; x_wconf 92' lang='lat' dir='ltr'><strong>ea</strong></span> <span class='ocrx_word' id='word_1_759' title='bbox 1140 4523 1155 4546; x_wconf 89' lang='lat'><strong>,</strong></span> <span class='ocrx_word' id='word_1_760' title='bbox 1191 4499 1314 4553; x_wconf 81' lang='lat' dir='ltr'><strong>qua:</strong></span> <span class='ocrx_word' id='word_1_761' title='bbox 1346 4482 1416 4536; x_wconf 90' lang='lat' dir='ltr'><strong>ab</strong></span> <span class='ocrx_word' id='word_1_762' title='bbox 1445 4483 1754 4537; x_wconf 87' lang='lat' dir='ltr'><strong>arbitrariis</strong></span> <span class='ocrx_word' id='word_1_763' title='bbox 1787 4482 1946 4552; x_wconf 83' lang='lat' dir='ltr'><strong>proli-</strong></span> 
     </span>
    </p>
   </div>
   <div class='ocr_carea' id='block_1_93' title="bbox 2049 4482 3646 4555">
    <p class='ocr_par' dir='ltr' id='par_1_93' title="bbox 2059 4483 3646 4555">
     <span class='ocr_line' id='line_1_93' title="bbox 2059 4483 3646 4555; baseline -0.001 -18"><span class='ocrx_word' id='word_1_764' title='bbox 2059 4502 2180 4555; x_wconf 88' lang='grc' dir='ltr'>νην,</span> <span class='ocrx_word' id='word_1_765' title='bbox 2216 4485 2311 4538; x_wconf 74' lang='grc' dir='ltr'><strong>καὶ</strong></span> <span class='ocrx_word' id='word_1_766' title='bbox 2364 4485 2605 4554; x_wconf 84' lang='grc' dir='ltr'>ἀνδρίαν,</span> <span class='ocrx_word' id='word_1_767' title='bbox 2642 4487 2737 4540; x_wconf 81' lang='grc' dir='ltr'>καὶ</span> <span class='ocrx_word' id='word_1_768' title='bbox 2761 4486 2860 4548; x_wconf 78' lang='grc' dir='ltr'><strong>τὰς</strong></span> <span class='ocrx_word' id='word_1_769' title='bbox 2905 4486 3028 4538; x_wconf 66' lang='grc' dir='ltr'>κατῗ</span> <span class='ocrx_word' id='word_1_770' title='bbox 3053 4484 3224 4547; x_wconf 75' lang='grc' dir='ltr'>αὐτὰς</span> <span class='ocrx_word' id='word_1_771' title='bbox 3253 4483 3512 4552; x_wconf 74' lang='grc' dir='ltr'>πράξεις·</span> <span class='ocrx_word' id='word_1_772' title='bbox 3550 4485 3646 4536; x_wconf 78' lang='grc' dir='ltr'>ἐκ·</span> 
     </span>
    </p>
   </div>
   <div class='ocr_carea' id='block_1_94' title="bbox 360 4573 1949 4644">
    <p class='ocr_par' dir='ltr' id='par_1_94' title="bbox 360 4573 1949 4644">
     <span class='ocr_line' id='line_1_94' title="bbox 360 4573 1949 4644; baseline -0.004 -12"><span class='ocrx_word' id='word_1_773' title='bbox 360 4578 675 4641; x_wconf 87' lang='lat' dir='ltr'><strong>ciscuntur,</strong></span> <span class='ocrx_word' id='word_1_774' title='bbox 707 4575 866 4629; x_wconf 90' lang='lat' dir='ltr'><strong>bona.</strong></span> <span class='ocrx_word' id='word_1_775' title='bbox 893 4574 1152 4644; x_wconf 89' lang='lat' dir='ltr'><strong>Corporis</strong></span> <span class='ocrx_word' id='word_1_776' title='bbox 1174 4583 1352 4630; x_wconf 89' lang='lat' dir='ltr'><strong>autem</strong></span> <span class='ocrx_word' id='word_1_777' title='bbox 1383 4583 1438 4628; x_wconf 83' lang='lat' dir='ltr'><strong>et</strong></span> <span class='ocrx_word' id='word_1_778' title='bbox 1458 4585 1684 4628; x_wconf 85' lang='lat' dir='ltr'><strong>externa</strong></span> <span class='ocrx_word' id='word_1_779' title='bbox 1718 4573 1854 4627; x_wconf 89' lang='lat' dir='ltr'><strong>bona</strong></span> <span class='ocrx_word' id='word_1_780' title='bbox 1882 4588 1949 4627; x_wconf 87' lang='lat' dir='ltr'><strong>ex</strong></span> 
     </span>
    </p>
   </div>
   <div class='ocr_carea' id='block_1_95' title="bbox 364 4665 1948 4739">
    <p class='ocr_par' dir='ltr' id='par_1_95' title="bbox 364 4665 1948 4739">
     <span class='ocr_line' id='line_1_95' title="bbox 364 4665 1948 4739; baseline -0.004 -15"><span class='ocrx_word' id='word_1_781' title='bbox 364 4671 526 4739; x_wconf 86' lang='lat' dir='ltr'><strong>hujus</strong></span> <span class='ocrx_word' id='word_1_782' title='bbox 551 4669 900 4736; x_wconf 75' lang='lat' dir='ltr'><strong>expositione</strong></span> <span class='ocrx_word' id='word_1_783' title='bbox 923 4667 1048 4722; x_wconf 89' lang='lat' dir='ltr'><strong>dicti</strong></span> <span class='ocrx_word' id='word_1_784' title='bbox 1076 4666 1431 4720; x_wconf 84' lang='lat' dir='ltr'><strong>multifariam</strong></span> <span class='ocrx_word' id='word_1_785' title='bbox 1457 4665 1906 4720; x_wconf 78' lang='lat' dir='ltr'><strong>demonstrabant</strong></span> <span class='ocrx_word' id='word_1_786' title='bbox 1933 4679 1948 4718; x_wconf 91' lang='lat'><strong>:</strong></span> 
     </span>
    </p>
   </div>
   <div class='ocr_carea' id='block_1_96' title="bbox 361 4755 1949 4829">
    <p class='ocr_par' dir='ltr' id='par_1_96' title="bbox 361 4755 1949 4829">
     <span class='ocr_line' id='line_1_96' title="bbox 361 4755 1949 4829; baseline -0.004 -13"><span class='ocrx_word' id='word_1_787' title='bbox 361 4763 459 4816; x_wconf 79' lang='lat' dir='ltr'><strong>sed</strong></span> <span class='ocrx_word' id='word_1_788' title='bbox 512 4759 1002 4829; x_wconf 66' lang='lat' dir='ltr'><strong>impragsentiarum</strong></span> <span class='ocrx_word' id='word_1_789' title='bbox 1050 4755 1244 4812; x_wconf 84' lang='lat' dir='ltr'><strong>sullicit</strong></span> <span class='ocrx_word' id='word_1_790' title='bbox 1289 4758 1537 4826; x_wconf 68' lang='lat' dir='ltr'><strong>quaedam</strong></span> <span class='ocrx_word' id='word_1_791' title='bbox 1577 4772 1852 4825; x_wconf 86' lang='lat' dir='ltr'><strong>apponere</strong></span> <span class='ocrx_word' id='word_1_792' title='bbox 1883 4771 1949 4809; x_wconf 82' lang='lat' dir='ltr'><strong>ex</strong></span> 
     </span>
    </p>
   </div>
   <div class='ocr_carea' id='block_1_97' title="bbox 363 4847 1954 4922">
    <p class='ocr_par' dir='ltr' id='par_1_97' title="bbox 363 4847 1954 4922">
     <span class='ocr_line' id='line_1_97' title="bbox 363 4847 1954 4922; baseline -0.004 -15"><span class='ocrx_word' id='word_1_793' title='bbox 363 4854 433 4908; x_wconf 81' lang='lat' dir='ltr'><strong>iis</strong></span> <span class='ocrx_word' id='word_1_794' title='bbox 481 4867 604 4922; x_wconf 77' lang='lat' dir='ltr'><strong>qua:</strong></span> <span class='ocrx_word' id='word_1_795' title='bbox 654 4853 705 4906; x_wconf 91' lang='lat' dir='ltr'><strong>in</strong></span> <span class='ocrx_word' id='word_1_796' title='bbox 762 4849 969 4916; x_wconf 65' lang='lat' dir='ltr'><strong>Exodo,</strong></span> <span class='ocrx_word' id='word_1_797' title='bbox 1032 4848 1264 4904; x_wconf 78' lang='lat' dir='ltr'><strong>Leuitico</strong></span> <span class='ocrx_word' id='word_1_798' title='bbox 1308 4858 1367 4903; x_wconf 88' lang='lat' dir='ltr'><strong>et</strong></span> <span class='ocrx_word' id='word_1_799' title='bbox 1411 4847 1818 4902; x_wconf 73' lang='lat' dir='ltr'><strong>Denterouomio</strong></span> <span class='ocrx_word' id='word_1_800' title='bbox 1861 4847 1954 4900; x_wconf 81' lang='lat' dir='ltr'><strong>ha-</strong></span> 
     </span>
    </p>
   </div>
   <div class='ocr_carea' id='block_1_98' title="bbox 365 4940 1950 5014">
    <p class='ocr_par' dir='ltr' id='par_1_98' title="bbox 365 4940 1950 5014">
     <span class='ocr_line' id='line_1_98' title="bbox 365 4940 1950 5014; baseline -0.006 -12"><span class='ocrx_word' id='word_1_801' title='bbox 365 4947 565 5002; x_wconf 88' lang='lat' dir='ltr'><strong>bentur</strong></span> <span class='ocrx_word' id='word_1_802' title='bbox 613 4961 628 4998; x_wconf 91' lang='lat'><strong>:</strong></span> <span class='ocrx_word' id='word_1_803' title='bbox 690 4953 750 4998; x_wconf 92' lang='lat' dir='ltr'><strong>nt</strong></span> <span class='ocrx_word' id='word_1_804' title='bbox 797 4942 1189 5014; x_wconf 84' lang='lat' dir='ltr'><strong>promissiones</strong></span> <span class='ocrx_word' id='word_1_805' title='bbox 1226 4941 1294 4994; x_wconf 89' lang='lat' dir='ltr'><strong>iis</strong></span> <span class='ocrx_word' id='word_1_806' title='bbox 1342 4940 1536 5003; x_wconf 70' lang='lat' dir='ltr'><strong>factae,</strong></span> <span class='ocrx_word' id='word_1_807' title='bbox 1565 4941 1656 5009; x_wconf 92' lang='lat' dir='ltr'><strong>qui</strong></span> <span class='ocrx_word' id='word_1_808' title='bbox 1698 4940 1950 4993; x_wconf 76' lang='lat' dir='ltr'><strong>mandata</strong></span> 
     </span>
    </p>
   </div>
   <div class='ocr_carea' id='block_1_99' title="bbox 366 5031 1950 5106">
    <p class='ocr_par' dir='ltr' id='par_1_99' title="bbox 366 5031 1950 5106">
     <span class='ocr_line' id='line_1_99' title="bbox 366 5031 1950 5106; baseline -0.005 -13"><span class='ocrx_word' id='word_1_809' title='bbox 366 5048 621 5102; x_wconf 77' lang='lat' dir='ltr'><strong>servant;</strong></span> <span class='ocrx_word' id='word_1_810' title='bbox 657 5046 821 5106; x_wconf 90' lang='lat' dir='ltr'><strong>atque</strong></span> <span class='ocrx_word' id='word_1_811' title='bbox 849 5045 908 5090; x_wconf 89' lang='lat' dir='ltr'><strong>ut</strong></span> <span class='ocrx_word' id='word_1_812' title='bbox 939 5037 1097 5090; x_wconf 69' lang='lat' dir='ltr'><strong>mina:</strong></span> <span class='ocrx_word' id='word_1_813' title='bbox 1123 5044 1177 5090; x_wconf 89' lang='lat' dir='ltr'><strong>et</strong></span> <span class='ocrx_word' id='word_1_814' title='bbox 1199 5034 1606 5090; x_wconf 74' lang='lat' dir='ltr'><strong>exsecrationes</strong></span> <span class='ocrx_word' id='word_1_815' title='bbox 1637 5033 1688 5085; x_wconf 90' lang='lat' dir='ltr'><strong>in</strong></span> <span class='ocrx_word' id='word_1_816' title='bbox 1715 5046 1829 5098; x_wconf 86' lang='lat' dir='ltr'><strong>eos,</strong></span> <span class='ocrx_word' id='word_1_817' title='bbox 1858 5031 1950 5099; x_wconf 92' lang='lat' dir='ltr'><strong>qui</strong></span> 
     </span>
    </p>
   </div>
   <div class='ocr_carea' id='block_1_100' title="bbox 368 5124 1955 5200">
    <p class='ocr_par' dir='ltr' id='par_1_100' title="bbox 368 5124 1955 5200">
     <span class='ocr_line' id='line_1_100' title="bbox 368 5124 1955 5200; baseline -0.002 -17"><span class='ocrx_word' id='word_1_818' title='bbox 368 5129 844 5200; x_wconf 83' lang='lat' dir='ltr'><strong>transgrediuntur</strong></span> <span class='ocrx_word' id='word_1_819' title='bbox 894 5130 1010 5198; x_wconf 89' lang='lat' dir='ltr'><strong>ipsa</strong></span> <span class='ocrx_word' id='word_1_820' title='bbox 1061 5146 1077 5184; x_wconf 88' lang='lat'><strong>:</strong></span> <span class='ocrx_word' id='word_1_821' title='bbox 1125 5130 1276 5184; x_wconf 88' lang='lat' dir='ltr'><strong>verbi</strong></span> <span class='ocrx_word' id='word_1_822' title='bbox 1312 5128 1522 5198; x_wconf 81' lang='lat' dir='ltr'><strong>gratia,</strong></span> <span class='ocrx_word' id='word_1_823' title='bbox 1552 5125 1695 5194; x_wconf 87' lang='lat' dir='ltr'><strong>quod</strong></span> <span class='ocrx_word' id='word_1_824' title='bbox 1743 5124 1955 5180; x_wconf 86' lang='lat' dir='ltr'><strong>sanitas</strong></span> 
     </span>
    </p>
   </div>
   <div class='ocr_carea' id='block_1_101' title="bbox 364 5217 1952 5287">
    <p class='ocr_par' dir='ltr' id='par_1_101' title="bbox 364 5217 1952 5287">
     <span class='ocr_line' id='line_1_101' title="bbox 364 5217 1952 5287; baseline -0.006 -8"><span class='ocrx_word' id='word_1_825' title='bbox 364 5223 568 5279; x_wconf 87' lang='lat' dir='ltr'><strong>bonum</strong></span> <span class='ocrx_word' id='word_1_826' title='bbox 605 5223 711 5287; x_wconf 89' lang='lat' dir='ltr'><strong>sit,</strong></span> <span class='ocrx_word' id='word_1_827' title='bbox 743 5231 798 5277; x_wconf 88' lang='lat' dir='ltr'><strong>et.</strong></span> <span class='ocrx_word' id='word_1_828' title='bbox 834 5223 1055 5276; x_wconf 89' lang='lat' dir='ltr'><strong>morbus</strong></span> <span class='ocrx_word' id='word_1_829' title='bbox 1087 5222 1308 5286; x_wconf 87' lang='lat' dir='ltr'><strong>malum,</strong></span> <span class='ocrx_word' id='word_1_830' title='bbox 1342 5221 1394 5275; x_wconf 91' lang='lat' dir='ltr'><strong>in</strong></span> <span class='ocrx_word' id='word_1_831' title='bbox 1425 5219 1612 5273; x_wconf 75' lang='lat' dir='ltr'><strong>Exodo</strong></span> <span class='ocrx_word' id='word_1_832' title='bbox 1647 5217 1952 5272; x_wconf 88' lang='lat' dir='ltr'><strong>denuntiari</strong></span> 
     </span>
    </p>
   </div>
   <div class='ocr_carea' id='block_1_102' title="bbox 363 5312 1955 5379">
    <p class='ocr_par' dir='ltr' id='par_1_102' title="bbox 363 5312 1955 5379">
     <span class='ocr_line' id='line_1_102' title="bbox 363 5312 1955 5379; baseline -0.008 -6"><span class='ocrx_word' id='word_1_833' title='bbox 363 5317 618 5374; x_wconf 81' lang='lat' dir='ltr'><strong>ostendet</strong></span> <span class='ocrx_word' id='word_1_834' title='bbox 652 5315 698 5348; x_wconf 77' lang='grc'><strong>’⁵³</strong></span> <span class='ocrx_word' id='word_1_835' title='bbox 731 5333 747 5370; x_wconf 87' lang='lat'><strong>:</strong></span> <span class='ocrx_word' id='word_1_836' title='bbox 784 5333 802 5368; x_wconf 83' lang='grc' dir='ltr'><strong>ι</strong></span> <span class='ocrx_word' id='word_1_837' title='bbox 841 5314 898 5370; x_wconf 89' lang='lat' dir='ltr'><strong>Si</strong></span> <span class='ocrx_word' id='word_1_838' title='bbox 933 5315 1261 5370; x_wconf 83' lang='lat' dir='ltr'><strong>custodieris</strong></span> <span class='ocrx_word' id='word_1_839' title='bbox 1299 5312 1556 5367; x_wconf 89' lang='lat' dir='ltr'><strong>mandata</strong></span> <span class='ocrx_word' id='word_1_840' title='bbox 1590 5324 1705 5365; x_wconf 88' lang='lat' dir='ltr'><strong>mea</strong></span> <span class='ocrx_word' id='word_1_841' title='bbox 1735 5319 1787 5366; x_wconf 91' lang='lat' dir='ltr'><strong>et</strong></span> <span class='ocrx_word' id='word_1_842' title='bbox 1817 5325 1955 5379; x_wconf 58' lang='lat' dir='ltr'><strong>pm.</strong></span> 
     </span>
    </p>
   </div>
   <div class='ocr_carea' id='block_1_103' title="bbox 439 5497 2044 5569">
    <p class='ocr_par' dir='ltr' id='par_1_103' title="bbox 439 5497 2044 5569">
     <span class='ocr_line' id='line_1_103' title="bbox 439 5497 2044 5569; baseline 0.001 -15"><span class='ocrx_word' id='word_1_843' title='bbox 439 5501 484 5533; x_wconf 75' lang='grc' dir='ltr'><strong>’νο</strong></span> <span class='ocrx_word' id='word_1_844' title='bbox 519 5501 711 5556; x_wconf 76' lang='lat' dir='ltr'><strong>Matth.</strong></span> <span class='ocrx_word' id='word_1_845' title='bbox 747 5517 873 5569; x_wconf 81' lang='lat' dir='ltr'><strong>xxv,</strong></span> <span class='ocrx_word' id='word_1_846' title='bbox 911 5501 967 5557; x_wconf 75' lang='lat'><strong>‘2.</strong></span> <span class='ocrx_word' id='word_1_847' title='bbox 1041 5501 1082 5532; x_wconf 78' lang='lat'>“</span> <span class='ocrx_word' id='word_1_848' title='bbox 1125 5499 1254 5555; x_wconf 88' lang='lat' dir='ltr'><strong>Luc.</strong></span> <span class='ocrx_word' id='word_1_849' title='bbox 1285 5515 1360 5566; x_wconf 75' lang='lat' dir='ltr'><strong>Vl,</strong></span> <span class='ocrx_word' id='word_1_850' title='bbox 1397 5498 1487 5554; x_wconf 69' lang='grc'><strong>46.</strong></span> <span class='ocrx_word' id='word_1_851' title='bbox 1565 5497 1610 5530; x_wconf 77' lang='grc'><strong>⁸⁸</strong></span> <span class='ocrx_word' id='word_1_852' title='bbox 1635 5497 1802 5553; x_wconf 84' lang='lat' dir='ltr'><strong>Exod.</strong></span> <span class='ocrx_word' id='word_1_853' title='bbox 1837 5514 1927 5559; x_wconf 80' lang='lat' dir='ltr'><strong>xv.</strong></span> <span class='ocrx_word' id='word_1_854' title='bbox 1953 5500 2044 5556; x_wconf 70' lang='lat'><strong>26.</strong></span> 
     </span>
    </p>
   </div>
   <div class='ocr_carea' id='block_1_104' title="bbox 438 5617 904 5686">
    <p class='ocr_par' dir='ltr' id='par_1_104' title="bbox 438 5617 904 5686">
     <span class='ocr_line' id='line_1_104' title="bbox 438 5617 904 5686; baseline 0.002 -14"><span class='ocrx_word' id='word_1_855' title='bbox 438 5617 550 5682; x_wconf 73' lang='lat'><strong>(99)</strong></span> <span class='ocrx_word' id='word_1_856' title='bbox 585 5617 748 5686; x_wconf 80' lang='lat' dir='ltr'><strong>Lege,</strong></span> <span class='ocrx_word' id='word_1_857' title='bbox 779 5618 904 5673; x_wconf 78' lang='grc' dir='ltr'>ὑπό.</span> 
     </span>
    </p>
   </div>
   <div class='ocr_carea' id='block_1_105' title="bbox 444 5688 1059 5755">
    <p class='ocr_par' dir='ltr' id='par_1_105' title="bbox 444 5688 1059 5755">
     <span class='ocr_line' id='line_1_105' title="bbox 444 5688 1059 5755; baseline 0.008 -19"><span class='ocrx_word' id='word_1_858' title='bbox 444 5688 518 5752; x_wconf 68' lang='grc' dir='ltr'>ιι)</span> <span class='ocrx_word' id='word_1_859' title='bbox 551 5688 716 5748; x_wconf 71' lang='lat' dir='ltr'><strong>Alias,</strong></span> <span class='ocrx_word' id='word_1_860' title='bbox 757 5688 1059 5755; x_wconf 78' lang='grc' dir='ltr'>φιλοῦντες.</span> 
     </span>
    </p>
   </div>
   <div class='ocr_carea' id='block_1_106' title="bbox 443 5756 1951 5830">
    <p class='ocr_par' dir='ltr' id='par_1_106' title="bbox 443 5756 1951 5830">
     <span class='ocr_line' id='line_1_106' title="bbox 443 5756 1951 5830; baseline 0 -22"><span class='ocrx_word' id='word_1_861' title='bbox 443 5757 523 5822; x_wconf 75' lang='lat'><strong>1:!)</strong></span> <span class='ocrx_word' id='word_1_862' title='bbox 558 5757 729 5825; x_wconf 71' lang='lat' dir='ltr'><strong>Alias,</strong></span> <span class='ocrx_word' id='word_1_863' title='bbox 755 5758 938 5816; x_wconf 78' lang='grc' dir='ltr'>τόπον,</span> <span class='ocrx_word' id='word_1_864' title='bbox 968 5759 1089 5814; x_wconf 79' lang='lat' dir='ltr'><strong>Mox</strong></span> <span class='ocrx_word' id='word_1_865' title='bbox 1120 5774 1217 5830; x_wconf 83' lang='lat' dir='ltr'><strong>pro</strong></span> <span class='ocrx_word' id='word_1_866' title='bbox 1245 5757 1568 5824; x_wconf 74' lang='grc' dir='ltr'>ἀδιδάκτως,</span> <span class='ocrx_word' id='word_1_867' title='bbox 1600 5756 1703 5827; x_wconf 66' lang='lat' dir='ltr'><strong>leg.</strong></span> <span class='ocrx_word' id='word_1_868' title='bbox 1736 5758 1951 5812; x_wconf 65' lang='lat' dir='ltr'><strong>videtur</strong></span> 
     </span>
    </p>
   </div>
   <div class='ocr_carea' id='block_1_107' title="bbox 2059 4573 3648 4646">
    <p class='ocr_par' dir='ltr' id='par_1_107' title="bbox 2059 4573 3648 4646">
     <span class='ocr_line' id='line_1_107' title="bbox 2059 4573 3648 4646; baseline -0.001 -18"><span class='ocrx_word' id='word_1_869' title='bbox 2059 4576 2260 4630; x_wconf 85' lang='grc' dir='ltr'>κλίνειν</span> <span class='ocrx_word' id='word_1_870' title='bbox 2297 4577 2353 4630; x_wconf 78' lang='grc' dir='ltr'>δὲ</span> <span class='ocrx_word' id='word_1_871' title='bbox 2383 4580 2450 4632; x_wconf 87' lang='grc' dir='ltr'><strong>τά</strong></span> <span class='ocrx_word' id='word_1_872' title='bbox 2481 4579 2692 4641; x_wconf 85' lang='grc' dir='ltr'>τούτοις</span> <span class='ocrx_word' id='word_1_873' title='bbox 2739 4577 2988 4640; x_wconf 54' lang='grc' dir='ltr'>ἐναντίω</span> <span class='ocrx_word' id='word_1_874' title='bbox 3023 4576 3213 4646; x_wconf 87' lang='grc' dir='ltr'>διόπερ</span> <span class='ocrx_word' id='word_1_875' title='bbox 3247 4575 3310 4629; x_wconf 80' lang='grc' dir='ltr'>οὐ</span> <span class='ocrx_word' id='word_1_876' title='bbox 3353 4573 3511 4645; x_wconf 87' lang='grc' dir='ltr'>χρεία</span> <span class='ocrx_word' id='word_1_877' title='bbox 3542 4590 3648 4626; x_wconf 90' lang='grc' dir='ltr'>πα-</span> 
     </span>
    </p>
   </div>
   <div class='ocr_carea' id='block_1_108' title="bbox 2063 4670 3647 4743">
    <p class='ocr_par' dir='ltr' id='par_1_108' title="bbox 2063 4670 3647 4743">
     <span class='ocr_line' id='line_1_108' title="bbox 2063 4670 3647 4743; baseline 0.003 -20"><span class='ocrx_word' id='word_1_878' title='bbox 2063 4671 2444 4742; x_wconf 82' lang='grc' dir='ltr'>ραδειγμάτων</span> <span class='ocrx_word' id='word_1_879' title='bbox 2481 4675 2560 4736; x_wconf 87' lang='grc' dir='ltr'><strong>εἰς</strong></span> <span class='ocrx_word' id='word_1_880' title='bbox 2587 4673 2655 4727; x_wconf 85' lang='grc' dir='ltr'><strong>τά</strong></span> <span class='ocrx_word' id='word_1_881' title='bbox 2689 4671 2842 4742; x_wconf 88' lang='grc' dir='ltr'><strong>παρά</strong></span> <span class='ocrx_word' id='word_1_882' title='bbox 2871 4671 2980 4724; x_wconf 84' lang='grc' dir='ltr'><strong>τῶν</strong></span> <span class='ocrx_word' id='word_1_883' title='bbox 3020 4671 3418 4743; x_wconf 63' lang='grc' dir='ltr'>προαιρετικᾶψ</span> <span class='ocrx_word' id='word_1_884' title='bbox 3443 4670 3647 4738; x_wconf 83' lang='grc' dir='ltr'>ἀγαθά.</span> 
     </span>
    </p>
   </div>
   <div class='ocr_carea' id='block_1_109' title="bbox 2061 4763 3650 4835">
    <p class='ocr_par' dir='ltr' id='par_1_109' title="bbox 2061 4763 3650 4835">
     <span class='ocr_line' id='line_1_109' title="bbox 2061 4763 3650 4835; baseline 0.001 -20"><span class='ocrx_word' id='word_1_885' title='bbox 2061 4763 2358 4833; x_wconf 84' lang='grc' dir='ltr'>Σωματικά</span> <span class='ocrx_word' id='word_1_886' title='bbox 2381 4765 2438 4818; x_wconf 82' lang='grc' dir='ltr'>δὲ</span> <span class='ocrx_word' id='word_1_887' title='bbox 2467 4765 2562 4818; x_wconf 71' lang='grc' dir='ltr'>καὶ</span> <span class='ocrx_word' id='word_1_888' title='bbox 2595 4765 2750 4828; x_wconf 72' lang='grc' dir='ltr'>ἐκτὸς</span> <span class='ocrx_word' id='word_1_889' title='bbox 2783 4764 2964 4832; x_wconf 86' lang='grc' dir='ltr'>ἀγαθά</span> <span class='ocrx_word' id='word_1_890' title='bbox 2992 4767 3057 4818; x_wconf 91' lang='grc' dir='ltr'><strong>ἐκ</strong></span> <span class='ocrx_word' id='word_1_891' title='bbox 3096 4765 3193 4835; x_wconf 83' lang='grc' dir='ltr'>τῆς</span> <span class='ocrx_word' id='word_1_892' title='bbox 3227 4765 3367 4818; x_wconf 82' lang='grc' dir='ltr'>κατὰ</span> <span class='ocrx_word' id='word_1_893' title='bbox 3395 4763 3456 4817; x_wconf 84' lang='grc' dir='ltr'>τὸ</span> <span class='ocrx_word' id='word_1_894' title='bbox 3487 4763 3650 4832; x_wconf 79' lang='grc' dir='ltr'>ῥητὸν</span> 
     </span>
    </p>
   </div>
   <div class='ocr_carea' id='block_1_110' title="bbox 2062 4854 3647 4928">
    <p class='ocr_par' dir='ltr' id='par_1_110' title="bbox 2062 4854 3647 4928">
     <span class='ocr_line' id='line_1_110' title="bbox 2062 4854 3647 4928; baseline 0.001 -22"><span class='ocrx_word' id='word_1_895' title='bbox 2062 4854 2294 4925; x_wconf 80' lang='grc' dir='ltr'>ἐκδοχῆς</span> <span class='ocrx_word' id='word_1_896' title='bbox 2343 4855 2670 4925; x_wconf 83' lang='grc' dir='ltr'>πολλαχόθεν</span> <span class='ocrx_word' id='word_1_897' title='bbox 2703 4855 2975 4923; x_wconf 78' lang='grc' dir='ltr'>δείξουσι·</span> <span class='ocrx_word' id='word_1_898' title='bbox 3015 4855 3152 4928; x_wconf 84' lang='grc' dir='ltr'>πλὴν</span> <span class='ocrx_word' id='word_1_899' title='bbox 3187 4856 3280 4908; x_wconf 73' lang='grc' dir='ltr'>ἐπὶ</span> <span class='ocrx_word' id='word_1_900' title='bbox 3317 4854 3410 4909; x_wconf 87' lang='grc' dir='ltr'><strong>τοῦ</strong></span> <span class='ocrx_word' id='word_1_901' title='bbox 3443 4854 3647 4925; x_wconf 87' lang='grc' dir='ltr'>παρόν-</span> 
     </span>
    </p>
   </div>
   <div class='ocr_carea' id='block_1_111' title="bbox 2059 4946 3650 5020">
    <p class='ocr_par' dir='ltr' id='par_1_111' title="bbox 2059 4946 3650 5020">
     <span class='ocr_line' id='line_1_111' title="bbox 2059 4946 3650 5020; baseline 0.001 -22"><span class='ocrx_word' id='word_1_902' title='bbox 2059 4963 2149 5010; x_wconf 88' lang='grc' dir='ltr'><strong>τος</strong></span> <span class='ocrx_word' id='word_1_903' title='bbox 2175 4949 2337 5018; x_wconf 81' lang='grc' dir='ltr'>ἀρκεῖ</span> <span class='ocrx_word' id='word_1_904' title='bbox 2386 4947 2729 5020; x_wconf 87' lang='grc' dir='ltr'>παραθέσθαι</span> <span class='ocrx_word' id='word_1_905' title='bbox 2779 4949 2898 5002; x_wconf 85' lang='grc' dir='ltr'><strong>τινά</strong></span> <span class='ocrx_word' id='word_1_906' title='bbox 2933 4951 2996 5002; x_wconf 85' lang='grc' dir='ltr'><strong>ἐκ</strong></span> <span class='ocrx_word' id='word_1_907' title='bbox 3025 4949 3132 5002; x_wconf 88' lang='grc' dir='ltr'><strong>τῶν</strong></span> <span class='ocrx_word' id='word_1_908' title='bbox 3179 4951 3236 5003; x_wconf 90' lang='grc' dir='ltr'><strong>ἐν</strong></span> <span class='ocrx_word' id='word_1_909' title='bbox 3281 4947 3518 5012; x_wconf 78' lang='grc' dir='ltr'>Ἑξόδῳ,</span> <span class='ocrx_word' id='word_1_910' title='bbox 3553 4946 3650 5000; x_wconf 75' lang='grc' dir='ltr'>καὶ</span> 
     </span>
    </p>
   </div>
   <div class='ocr_carea' id='block_1_112' title="bbox 2059 5039 3650 5112">
    <p class='ocr_par' dir='ltr' id='par_1_112' title="bbox 2059 5039 3650 5112">
     <span class='ocr_line' id='line_1_112' title="bbox 2059 5039 3650 5112; baseline -0.002 -20"><span class='ocrx_word' id='word_1_911' title='bbox 2059 5039 2366 5105; x_wconf 77' lang='grc' dir='ltr'>Λευῖτικῷ,</span> <span class='ocrx_word' id='word_1_912' title='bbox 2401 5039 2495 5093; x_wconf 67' lang='grc' dir='ltr'>καὶ</span> <span class='ocrx_word' id='word_1_913' title='bbox 2527 5042 2960 5110; x_wconf 74' lang='grc' dir='ltr'>Δευτερονομίῳ</span> <span class='ocrx_word' id='word_1_914' title='bbox 2985 5041 3270 5112; x_wconf 77' lang='grc' dir='ltr'>κειμένωψ</span> <span class='ocrx_word' id='word_1_915' title='bbox 3291 5040 3365 5103; x_wconf 84' lang='grc' dir='ltr'>ὡς</span> <span class='ocrx_word' id='word_1_916' title='bbox 3389 5041 3447 5092; x_wconf 89' lang='grc' dir='ltr'><strong>ἐν</strong></span> <span class='ocrx_word' id='word_1_917' title='bbox 3479 5040 3650 5106; x_wconf 81' lang='grc' dir='ltr'>ἐπαγ-</span> 
     </span>
    </p>
   </div>
   <div class='ocr_carea' id='block_1_113' title="bbox 2061 5127 3650 5202">
    <p class='ocr_par' dir='ltr' id='par_1_113' title="bbox 2061 5127 3650 5202">
     <span class='ocr_line' id='line_1_113' title="bbox 2061 5127 3650 5202; baseline -0.001 -22"><span class='ocrx_word' id='word_1_918' title='bbox 2061 5127 2218 5200; x_wconf 78' lang='grc' dir='ltr'>γελία</span> <span class='ocrx_word' id='word_1_919' title='bbox 2254 5129 2390 5200; x_wconf 82' lang='grc' dir='ltr'>πρὸς</span> <span class='ocrx_word' id='word_1_920' title='bbox 2435 5129 2561 5192; x_wconf 76' lang='grc' dir='ltr'>τοὺς</span> <span class='ocrx_word' id='word_1_921' title='bbox 2607 5131 2907 5202; x_wconf 86' lang='grc' dir='ltr'>τηροῦντας</span> <span class='ocrx_word' id='word_1_922' title='bbox 2934 5131 3030 5195; x_wconf 74' lang='grc' dir='ltr'><strong>τὰς</strong></span> <span class='ocrx_word' id='word_1_923' title='bbox 3065 5130 3308 5193; x_wconf 75' lang='grc' dir='ltr'>ἐντολάςο</span> <span class='ocrx_word' id='word_1_924' title='bbox 3357 5129 3452 5182; x_wconf 70' lang='grc' dir='ltr'>καὶ</span> <span class='ocrx_word' id='word_1_925' title='bbox 3481 5128 3557 5191; x_wconf 82' lang='grc' dir='ltr'>ὡς</span> <span class='ocrx_word' id='word_1_926' title='bbox 3591 5130 3650 5180; x_wconf 90' lang='grc' dir='ltr'><strong>ἐν</strong></span> 
     </span>
    </p>
   </div>
   <div class='ocr_carea' id='block_1_114' title="bbox 2063 5218 3648 5294">
    <p class='ocr_par' dir='ltr' id='par_1_114' title="bbox 2063 5218 3648 5294">
     <span class='ocr_line' id='line_1_114' title="bbox 2063 5218 3648 5294; baseline 0 -24"><span class='ocrx_word' id='word_1_927' title='bbox 2063 5218 2258 5288; x_wconf 77' lang='grc' dir='ltr'>ἀπειλῇ</span> <span class='ocrx_word' id='word_1_928' title='bbox 2306 5221 2398 5271; x_wconf 73' lang='grc' dir='ltr'>καὶ</span> <span class='ocrx_word' id='word_1_929' title='bbox 2451 5220 2716 5292; x_wconf 75' lang='grc' dir='ltr'>κατάραις</span> <span class='ocrx_word' id='word_1_930' title='bbox 2760 5221 2896 5294; x_wconf 75' lang='grc' dir='ltr'>πρὸς</span> <span class='ocrx_word' id='word_1_931' title='bbox 2927 5221 3052 5285; x_wconf 83' lang='grc' dir='ltr'>τοὺς</span> <span class='ocrx_word' id='word_1_932' title='bbox 3081 5220 3519 5292; x_wconf 75' lang='grc' dir='ltr'>παραϐαίνοντας</span> <span class='ocrx_word' id='word_1_933' title='bbox 3551 5218 3648 5270; x_wconf 67' lang='lat' dir='ltr'><strong>atl-</strong></span> 
     </span>
    </p>
   </div>
   <div class='ocr_carea' id='block_1_115' title="bbox 2062 5311 3647 5386">
    <p class='ocr_par' dir='ltr' id='par_1_115' title="bbox 2062 5311 3647 5386">
     <span class='ocr_line' id='line_1_115' title="bbox 2062 5311 3647 5386; baseline 0 -20"><span class='ocrx_word' id='word_1_934' title='bbox 2062 5313 2190 5376; x_wconf 74' lang='grc' dir='ltr'><strong>τάς⁹</strong></span> <span class='ocrx_word' id='word_1_935' title='bbox 2227 5311 2338 5368; x_wconf 76' lang='grc' dir='ltr'>οἷον</span> <span class='ocrx_word' id='word_1_936' title='bbox 2370 5315 2451 5368; x_wconf 79' lang='grc' dir='ltr'>ὅτι</span> <span class='ocrx_word' id='word_1_937' title='bbox 2497 5319 2530 5386; x_wconf 81' lang='grc' dir='ltr'><strong>ἠ</strong></span> <span class='ocrx_word' id='word_1_938' title='bbox 2565 5316 2723 5384; x_wconf 81' lang='grc' dir='ltr'>ὑγεία</span> <span class='ocrx_word' id='word_1_939' title='bbox 2756 5315 2960 5385; x_wconf 84' lang='grc' dir='ltr'>ἀγαθόν</span> <span class='ocrx_word' id='word_1_940' title='bbox 3005 5317 3140 5383; x_wconf 87' lang='grc' dir='ltr'>ἐστι,</span> <span class='ocrx_word' id='word_1_941' title='bbox 3179 5316 3273 5368; x_wconf 71' lang='grc' dir='ltr'>καὶ</span> <span class='ocrx_word' id='word_1_942' title='bbox 3307 5314 3519 5386; x_wconf 81' lang='grc' dir='ltr'>ήνόσος</span> <span class='ocrx_word' id='word_1_943' title='bbox 3544 5330 3647 5366; x_wconf 79' lang='grc' dir='ltr'>κα·</span> 
     </span>
    </p>
   </div>
   <div class='ocr_carea' id='block_1_116' title="bbox 2061 5612 2420 5670">
    <p class='ocr_par' dir='ltr' id='par_1_116' title="bbox 2061 5612 2420 5670">
     <span class='ocr_line' id='line_1_116' title="bbox 2061 5612 2420 5670; baseline -0.008 -2"><span class='ocrx_word' id='word_1_944' title='bbox 2061 5612 2420 5670; x_wconf 80' lang='grc' dir='ltr'>ἀδιστάκτως.</span> 
     </span>
    </p>
   </div>
   <div class='ocr_carea' id='block_1_117' title="bbox 2135 5678 2813 5754">
    <p class='ocr_par' dir='ltr' id='par_1_117' title="bbox 2135 5678 2813 5754">
     <span class='ocr_line' id='line_1_117' title="bbox 2135 5678 2813 5754; baseline -0.004 -20"><span class='ocrx_word' id='word_1_945' title='bbox 2135 5685 2212 5754; x_wconf 71' lang='lat'><strong>(3)</strong></span> <span class='ocrx_word' id='word_1_946' title='bbox 2239 5682 2569 5754; x_wconf 58' lang='lat' dir='ltr'><strong>Lugendum,</strong></span> <span class='ocrx_word' id='word_1_947' title='bbox 2593 5678 2813 5754; x_wconf 74' lang='grc' dir='ltr'>ἀγαθός.</span> 
     </span>
    </p>
   </div>
   <div class='ocr_carea' id='block_1_118' title="bbox 2136 5751 2758 5825">
    <p class='ocr_par' dir='ltr' id='par_1_118' title="bbox 2136 5751 2758 5825">
     <span class='ocr_line' id='line_1_118' title="bbox 2136 5751 2758 5825; baseline 0.01 -30"><span class='ocrx_word' id='word_1_948' title='bbox 2136 5751 2211 5825; x_wconf 56' lang='lat' dir='ltr'><strong>(ﬁt)</strong></span> <span class='ocrx_word' id='word_1_949' title='bbox 2238 5752 2364 5821; x_wconf 52' lang='lat' dir='ltr'><strong>ng.</strong></span> <span class='ocrx_word' id='word_1_950' title='bbox 2396 5751 2758 5821; x_wconf 76' lang='grc' dir='ltr'>γραμμάτων.</span> 
     </span>
    </p>
   </div>
  </div>
