4100 6426
435 367 574 422 “53

1397 356 1711 421 SELECTA
1750 365 1814 420 IN
1858 364 2195 421 PSALMOS.
2241 397 2308 405 —
2335 364 2531 421 PSAL.
2570 367 2658 422 IV.

3566 374 3707 428 illi}

433 487 549 550 κον,
598 484 707 538 ἀπὸ
756 484 851 556 τῆς
911 479 1150 547 Ἑξόδου
1188 482 1347 550 δείξει
1406 484 1575 538 ταῦτα
1632 486 2021 557 προλέγεσθαι·

2132 496 2291 555 cepta
2322 502 2472 553 mea,
2518 488 2766 540 morbum
2816 500 3029 540 munem
3054 526 3068 550 ,
3105 501 3265 557 quem
3308 488 3503 543 immisi
3539 489 3711 561 Egy-

440 597 457 628 ι
484 577 607 630 Ἐὰν
639 576 884 648 τηρήσῃς
916 574 1012 638 τὰς
1046 573 1263 637 ἐντολάς
1297 592 1397 644 μου
1438 576 1533 628 καὶ
1564 576 1631 628 τὰ
1662 577 2017 647 προστάγμα-

434 668 503 719 τά
538 684 658 736 μου,
693 667 869 718 πᾶσαν
915 663 1067 717 νόσον
1113 667 1179 734 ἦν
1207 666 1487 736 ἐπήγαγον
1519 668 1629 729 τοῖς
1680 667 2016 734 Αἰγυπτίοις,

434 760 534 811 οὐκ
564 756 749 821 ἐπάξω
795 757 887 808 ἐπὶ
936 757 1026 808 σέ·
1058 756 1167 824 ἐγὼ
1208 757 1316 827 γάρ
1350 758 1463 826 είμι
1498 756 1698 828 Κύριος
1729 760 1758 809 6
1794 757 2020 827 ἰώμενός

436 868 516 902 σε.
541 868 558 900 ι
611 850 721 903 Καὶ
751 849 812 902 τὸ
857 848 965 903 ἀπὸ
1008 849 1104 902 τοῦ
1134 851 1590 917 Δευτερονομίου
1622 849 1678 901 δὲ
1712 849 1847 919 πρὸς
1896 849 2021 913 τοὺς

434 942 842 1012 ἁμαρτάνοντας
891 940 1180 1010 λεγόμενον
1231 939 1553 1012 ὑπονοηθείη
1609 940 1675 993 ἂν
1724 941 1889 993 κακὸν
1923 940 2021 1010 μὲν

437 1030 789 1101 παριστάνειν
819 1030 918 1093 τὰς
953 1030 1269 1100 σωματικὰς
1313 1029 1526 1098 πληγὰς
1553 1029 1647 1081 καὶ
1680 1028 1778 1093 τὰς
1809 1028 2019 1091 νόσους,

435 1123 637 1191 ἀγαθὸν
663 1123 718 1176 δὲ
749 1123 991 1192 δηλονότι
1034 1123 1126 1174 καὶ
1152 1122 1249 1192 τὴν
1280 1121 1491 1189 ὑγίειαν
1524 1122 1616 1173 καὶ
1658 1120 1755 1192 τὴν
1788 1119 1882 1173 τοῦ
1920 1119 2023 1172 σὼ-

441 1233 609 1285 ματος
662 1216 845 1285 ρὦιν.
907 1215 1060 1283 Ἔχει
1108 1212 1164 1265 δὲ
1197 1212 1369 1276 οὕτως
1413 1215 1445 1284 ἡ
1500 1212 1677 1277 λέξις·
1727 1213 1893 1265 «Ἐὰν
1947 1211 2021 1282 μὴ

436 1307 707 1377 ἀκούσητε
741 1308 916 1359 ποιεῖν
946 1305 1127 1360 πάντα
1152 1305 1217 1357 τά
1262 1306 1483 1377 ῥήματα
1514 1303 1604 1358 τοῦ
1639 1304 1802 1375 νόμου
1832 1304 2022 1357 τούτου

435 1399 507 1452 ’τὰ
536 1399 894 1469 γεγραμμένα
953 1399 1011 1450 ὲν
1057 1398 1142 1469 τῷ
1167 1396 1355 1467 βιϐλίῳ
1407 1396 1601 1466 τούτῳ,
1655 1394 1934 1465 φοϐεῖσθαι
1962 1394 2023 1448 τὸ

438 1491 610 1561 ὄνομα
652 1490 713 1542 τὸ
759 1490 997 1560 ἔντιμον,
1030 1488 1125 1542 καὶ
1163 1487 1223 1540 τὸ
1252 1487 1562 1557 θαυμαστὸν
1595 1487 1771 1549 τοῦτο,
1817 1486 2022 1557 Κύριον

439 1582 528 1635 τὸν
556 1582 708 1645 Θεὸν,
758 1581 850 1633 καὶ
883 1579 1246 1652 παραδοξόωει
1278 1579 1483 1649 Κύριος
1523 1579 1622 1642 τὰς
1654 1578 1869 1649 πληγάς
1902 1596 2019 1643 σου,

439 1671 655 1735 καὶτὰς
699 1671 911 1743 πληγὰς
953 1672 1049 1725 τοῦ
1102 1671 1415 1743 σπέρματός
1450 1688 1563 1735 σου,
1611 1670 1824 1740 πληγὰς
1855 1671 2024 1741 μεγά-

439 1763 536 1825 λας
582 1764 676 1815 καὶ
709 1762 1047 1833 θαυμαστὰς,
1099 1763 1192 1815 καὶ
1237 1762 1426 1825 νόσους
1475 1762 1718 1832 πονηρὰς
1753 1763 1847 1814 καὶ
1874 1761 2024 1815 πλεί-

2122 580 2267 645 ptiis,
2305 594 2410 631 non
2440 580 2688 631 inducam
2737 579 2786 629 in
2826 588 2917 631 te:
2959 594 3058 647 ego
3096 580 3240 632 enim
3282 596 3399 634 smn
3450 581 3708 636 Dominus

2122 683 2321 720 sanans
2342 678 2414 720 te.
2452 686 2469 717 ι
2504 668 2765 735 Quodque
2788 668 2838 719 iu
2866 668 3275 721 Deuleronomio
3314 672 3381 722 ad
3417 681 3709 740 peccantes

2123 757 2344 821 dicitur,
2377 759 2593 811 videtur
2622 761 2866 827 corporis
2902 759 3085 828 plagas
3128 771 3181 813 et
3216 762 3435 817 morbos
3466 764 3514 816 in
3553 765 3711 818 malis

2125 864 2404 918 reponere,
2437 851 2487 903 in
2518 854 2674 905 bouis
2698 868 2826 905 vero
2849 855 3137 907 sanitatem
3170 863 3221 905 et
3253 854 3413 907 robur
3437 857 3705 925 corporis.

2124 938 2298 994 Verba
2336 942 2447 995 lucc
2476 953 2603 996 situt
2636 943 2681 973 ’⁵³
2709 962 2720 995 ;
2758 961 2776 994 ι
2811 943 2866 997 Si
2898 961 3000 997 non
3031 944 3371 1011 obedieritis,
3409 956 3465 999 ut
3494 946 3710 999 faciatis

2124 1031 2301 1085 omnia
2360 1032 2523 1085 Verba
2571 1032 2703 1102 legis
2757 1034 2920 1102 hujus
2956 1038 3159 1103 scripta
3208 1036 3260 1087 in
3304 1035 3441 1088 libro
3472 1035 3609 1097 hoc,
3652 1043 3711 1087 ul.

2126 1124 2361 1178 titueatis
2395 1141 2589 1180 nomen
2621 1128 2720 1179 hoc
2745 1126 3120 1180 honoramlum
3150 1137 3202 1181 ct
3234 1129 3574 1192 admirabile,
3610 1128 3713 1181 Do-

2125 1216 2328 1270 minum
2386 1216 2590 1280 Deum,
2637 1217 2987 1271 incredibiles
3029 1218 3189 1272 faciet
3231 1220 3488 1272 Dominus
3524 1218 3712 1287 plagas

2126 1317 2269 1372 luas,
2297 1319 2352 1362 et
2382 1309 2566 1378 plagas
2596 1310 2823 1363 seminis
2858 1310 2952 1374 tui,
2991 1310 3173 1378 plagas
3204 1326 3427 1380 magnas
3450 1323 3503 1363 et
3533 1312 3712 1364 admi-

2126 1395 2343 1458 rabiles,
2379 1397 2598 1449 morbos
2629 1396 2796 1450 malos
2824 1408 2876 1450 et
2910 1399 3174 1466 plurimos
3204 1415 3218 1451 :
3248 1410 3301 1451 et
3337 1409 3616 1453 convertet
3656 1401 3709 1453 in

2127 1495 2178 1541 te
2226 1502 2440 1540 onmem
2480 1486 2693 1555 plagam
2731 1486 2948 1559 Aigypli
2988 1488 3218 1551 malam,
3250 1505 3410 1556 quam
3455 1491 3706 1544 deritasti

2124 1592 2154 1629 a
2206 1588 2500 1646 conspectu
2552 1579 2826 1646 ipsorum,
2878 1589 2933 1632 et
2980 1581 3443 1649 eouglutinabitur
3474 1582 3603 1643 tibi,
3652 1590 3709 1635 et

2124 1680 2339 1719 omnem
2384 1666 2663 1721 mollitiem
2704 1676 2756 1720 et
2798 1684 3016 1721 onmem
3057 1670 3267 1739 plagam
3307 1688 3412 1725 non
3445 1674 3708 1741 scriptam

2128 1755 2180 1809 in
2213 1755 2349 1809 libro
2379 1756 2510 1825 legis
2533 1757 2714 1826 hujus,
2747 1760 2975 1812 adducet
3012 1760 3269 1816 Dominus
3301 1778 3462 1831 super
3497 1773 3548 1818 te
3569 1804 3584 1827 ,
3615 1765 3713 1817 do-

441 1871 572 1917 στας
624 1852 738 1924 (5)·
790 1829 884 1907 καὶ
925 1852 1240 1923 ἐπιστρέψει
1287 1852 1381 1905 ἐπὶ
1431 1853 1490 1905 σὲ
1536 1829 1715 1907 πάσαν
1754 1853 1851 1923 τὴν
1885 1852 2021 1922 πλη-

2130 1860 2228 1899 nec
2276 1848 2722 1901 cxterminaverit
2777 1859 2847 1903 te.
2885 1868 2904 1901 ι
2938 1850 3004 1903 Ει
3032 1868 3219 1907 rursus
3252 1855 3711 1922 perii-ingentibus

439 1947 543 2016 γὴν
572 1945 844 2013 Αἰγύπτου
870 1944 965 2016 τὴν
995 1944 1257 2015 πονηρὰν,
1298 1944 1366 2015 ῆν
1396 1943 1686 2014 δνηυλαῦοὖ
1721 1944 1829 1997 ἀπὸ
1855 1961 2021 2017 προσ-

437 2039 602 2092 ώπων
628 2038 837 2093 αὐτῶν·
868 2038 962 2090 καὶ
1003 2036 1392 2108 κολληθήσεταί
1438 2054 1541 2100 σοι,
1582 2037 1675 2091 κα)⁸
1710 2040 1889 2091 πᾶσαν
1921 2055 2022 2107 μα-

438 2129 667 2193 λακίαν,
722 2128 817 2182 καὶ
872 2129 1051 2181 πᾶσαν
1103 2128 1316 2199 πληγὴν
1360 2128 1458 2199 τὴν
1505 2126 1581 2199 μὴ
1628 2129 2021 2199 γεγραμμένην

439 2224 498 2275 ἐν
545 2222 622 2292 τῷ
657 2221 843 2291 βιϐλίῳ
883 2220 975 2272 τοῦ
1009 2219 1174 2290 νόμου
1223 2218 1413 2272 τούτου
1458 2219 1647 2284 ὲπάξει
1676 2220 1879 2291 Κύριος
1924 2221 2019 2274 ἐπὶ

440 2314 520 2375 σὲ,
569 2312 673 2374 ἕως
723 2311 789 2365 ἂν
840 2309 1191 2383 ὲξολοθρεύσῃ
1239 2326 1331 2362 σε’
1360 2328 1376 2360 ι
1418 2310 1514 2363 καὶ
1558 2310 1720 2364 πάλιν
1764 2314 1878 2374 τοῖς
1918 2328 2021 2363 πα-

441 2402 753 2475 ραϐαίνουσι
795 2402 894 2465 τὰς
944 2400 1164 2463 ἐντολὰς
1228 2399 1444 2465 λέγεται
1490 2401 1585 2453 τό·
1651 2399 2021 2471 ιῈπιπέμψω

441 2498 571 2567 ὑμῖν
642 2495 895 2564 πυρετὸν,
966 2494 1060 2545 καὶ
1136 2493 1368 2561 ἴκτερον,
1431 2493 1526 2545 καὶ
1596 2491 2021 2561 σφακελίζοντας

436 2589 564 2652 τοὺς
606 2586 918 2656 ὀφθαλμοὺς
959 2585 1133 2655 ὑμῶν,
1181 2585 1275 2637 καὶ
1306 2584 1404 2654 τὴν
1438 2583 1615 2655 ψυχὴν
1659 2585 1813 2655 ὑμῶν
1859 2587 2021 2657 ὲκτή-

440 2694 659 2731 κουσαν·
690 2696 708 2727 ι
743 2675 879 2748 πρὸς
904 2674 1114 2737 τούτοις
1140 2674 1233 2727 καὶ
1264 2675 1320 2726 ἐν
1342 2672 1420 2744 τῷ
1448 2675 1881 2743 Δευτερονομίῳ
1910 2679 2020 2738 τοῖς

438 2768 825 2840 ἀφισταμένοις
871 2766 970 2837 τῆς
1014 2766 1322 2830 θεοσεϐείας
1364 2766 1579 2819 ἀπειλεῖ
1617 2769 1646 2819 6
1695 2766 1852 2834 λόγος
1895 2767 2018 2819 ὀπι-

441 2860 686 2913 σθότονον
714 2858 951 2912 ἀνίατον.
995 2855 1151 2909 Τάδὲ
1183 2857 1339 2919 ἐκτὸς
1383 2855 1566 2925 ἀγαθά
1604 2856 1654 2909 οί
1702 2856 2018 2927 βουλόμενοι

440 2952 582 3005 κατὰ
624 2951 714 3003 τὸν
762 2950 903 3003 θεῖον
937 2947 1369 3016 ἐπαγγέλλεσθαι
1416 2946 1572 3015 λόγον
1612 2950 1723 3009 τοῖς
1768 2947 1866 3016 μὲν
1911 2945 2021 2999 ἀπὸ

437 3042 532 3095 τοῦ
579 3040 890 3095 Λευῖτικοῦ
922 3037 1133 3101 τούτοις
1183 3040 1511 3109 χρήσονται·
1562 3056 1580 3088 ι
1644 3037 1771 3090 Ἐὰν
1806 3038 1862 3089 ὲν
1906 3039 2020 3101 τοῖς

440 3130 820 3205 προστάγμασί
840 3146 941 3199 μου
963 3128 1288 3199 πορεύησθε,
1311 3130 1404 3180 καὶ
1430 3127 1528 3191 τὰς
1554 3127 1773 3190 ἐντολάς
1794 3145 1893 3197 μου
1919 3143 2020 3195 φυ-

438 3224 746 3294 λάτσησθε,
793 3221 887 3275 καὶ
930 3220 1124 3290 ποιῆτε
1156 3219 1346 3283 αὐτὰς,
1377 3219 1534 3273 δώσω
1576 3219 1667 3272 τὸν
1709 3220 1862 3272 ὑετὸν
1890 3220 2017 3290 ὑμῖν

438 3320 497 3369 ὲν
559 3314 734 3386 καιρῷ
782 3312 982 3377 αὐτοῦ,
1031 3312 1127 3365 καὶ
1169 3313 1203 3383 ἡ
1260 3312 1332 3383 γῆ
1372 3311 1533 3365 δώσει
1576 3312 1649 3366 τὰ
1700 3312 2020 3383 γεννήματα

440 3399 613 3477 αύτῆς
628 3448 641 3469 ,
668 3408 761 3460 καὶ
784 3406 851 3458 τὰ
875 3406 1003 3470 ξύλα
1021 3404 1129 3457 τῶν
1165 3404 1365 3458 πεδίων
1389 3404 1549 3458 δώσει
1571 3404 1665 3459 τὸν
1686 3404 1899 3476 καρπὸν
1920 3404 2021 3457 αὐ-

440 3504 567 3559 τῶν.
597 3503 707 3556 Καὶ¹
740 3501 1109 3572 καταλήψεται
1140 3501 1268 3571 ὑμῖν
1302 3501 1329 3552 ὁ
1361 3500 1589 3571 ἀλοητὸς
1611 3499 1702 3552 τὸν
1729 3499 2019 3570 τρυγητὸν,

442 3596 536 3648 καὶ
556 3597 585 3649 6
602 3594 867 3665 τρυγητὸς
889 3591 1261 3662 καταλήψεται
1282 3592 1374 3645 τὸν
1407 3591 1632 3662 σπόρον·
1660 3590 1756 3644 καὶ
1781 3589 2023 3660 φάγεσθε

439 3687 531 3740 τὸν
574 3688 736 3757 ἄρτον
784 3683 936 3755 ὑμῶν
982 3684 1061 3747 είς
1103 3682 1454 3754 πλησμονήνο
1526 3682 1622 3735 καὶ
1665 3683 2021 3753 κατοικήσετε

446 3778 582 3847 μετά
619 3775 914 3846 ἀσφαλείας
959 3773 1053 3825 ἐπὶ
1084 3773 1184 3843 τῆς
1231 3773 1338 3844 γῆς
1378 3771 1555 3843 ὑμῶν,
1582 3793 1601 3826 ι
1651 3772 1746 3824 καὶ
1769 3771 1837 3825 τὰ
1871 3771 2019 3842 ὲξῆςο

442 3870 507 3921 ἐκ
533 3864 595 3920 δὲ
625 3867 718 3920 τοῦ
754 3866 1218 3933 Δευτερονομίου
1260 3863 1470 3927 τούτοις
1499 3864 1821 3935 χρήσονται⁹
1856 3883 1873 3916 ι
1914 3865 2025 3917 Καὶ

442 3960 590 4012 ἔσται
621 3958 696 4024 ὡς
744 3960 810 4014 ἂν
861 3957 1084 4028 διαϐῆτε
1136 3957 1229 4010 τὸν
1275 3956 1547 4029 Ἰορδάνην
1589 3957 1668 4019 είς
1698 3955 1797 4026 τήν
1830 3956 1932 4026 γῆν
1958 3956 2027 4025 ἦν

442 4052 645 4123 Κύριος
672 4054 701 4104 6
742 4050 874 4113 Θεὸς
911 4049 1123 4102 δίδωσιν
1157 4048 1307 4119 ὑμῖν,
1339 4049 1433 4101 καὶ
1475 4046 1815 4116 φυλάσσεσθε
1851 4048 2026 4099 ποιεῖν

442 4144 623 4207 πάσας
663 4142 760 4205 τὰς
797 4141 1013 4202 ἐντολὰς
1065 4139 1267 4203 αὐτοῦ,
1314 4138 1381 4203 ἃς
1427 4138 1538 4207 ἐγὼ
1586 4136 1900 4208 ἐντέλλομαί
1944 4153 2026 4189 σοι

443 4236 715 4305 σήμερον
752 4233 846 4285 καὶ
878 4232 1037 4285 δώσει
1066 4248 1127 4284 σε
1166 4230 1370 4302 Κύριος
1400 4231 1428 4283 6
1463 4230 1595 4293 Θεός
1639 4247 1731 4283 σου
1771 4229 2028 4300 ὑπεράνω

441 4326 689 4389 πάντων,
725 4326 820 4378 καὶ
842 4323 1061 4395 ἥξουσιν
1083 4323 1175 4376 ὲπὶ
1201 4323 1263 4375 σὲ
1286 4324 1456 4375 πᾶσαι
1485 4322 1541 4373 αἱ
1573 4321 1813 4389 εὐλογίαι
1842 4314 2025 4384 αὗται,

440 4422 535 4474 καὶ
582 4418 875 4490 εὑρήσουσι
915 4435 1009 4484 σε,
1046 4418 1140 4472 ἐὰν
1185 4416 1424 4488 ἀκούσῃς
1463 4416 1561 4487 τῆς
1609 4415 1793 4485 φωνῆς
1822 4413 2026 4485 Κυρίου

2130 1940 2382 1992 mandata
2425 1940 2625 1993 dicitur
2668 1941 2717 1973 “
2766 1958 2780 1995 :
2830 1961 2848 1993 ς
2898 1944 3188 1999 Imtnittam
3228 1947 3378 1999 vobis
3421 1948 3612 2001 febrim
3656 1958 3714 2002 et

2128 2041 2414 2098 arquatum
2456 2032 2734 2094 morbum,
2771 2046 2825 2087 et
2862 2037 3197 2092 tabescentes
3236 2039 3424 2093 oeulos
3466 2050 3712 2103 vestros,

2127 2132 2180 2176 et
2214 2122 2449 2175 animam
2483 2134 2718 2178 vestram
2758 2126 3166 2195 liquescentetu.
3194 2129 3353 2200 567
3387 2153 3404 2181 ι
3446 2130 3712 2185 Przeterea

2130 2213 2181 2267 in
2232 2213 2634 2269 Deuleronomio
2675 2218 2892 2285 pietatis
2935 2229 2988 2272 et
3033 2222 3309 2291 religionis
3347 2224 3716 2281 desertoribus

2130 2305 2364 2374 rigorem
2434 2309 2661 2362 cervicis
2733 2310 3087 2366 insanabilem
3144 2315 3386 2367 minatur
3440 2314 3508 2367 ⁸⁵.
3570 2314 3715 2370 Bona

2128 2411 2256 2451 vero
2294 2407 2520 2453 externa
2560 2400 2650 2467 qui
2686 2402 2870 2454 volunt
2899 2417 2963 2456 ex
3003 2403 3200 2457 divinis
3230 2404 3423 2458 litteris
3448 2405 3714 2474 polliceri,

2130 2489 2212 2543 liis
2259 2500 2480 2544 utentur
2529 2490 2744 2544 Levilici
2801 2496 2981 2549 verbis
3022 2495 3067 2525 “
3116 2514 3128 2550 :
3184 2515 3201 2546 ι
3249 2497 3304 2549 Si
3353 2497 3403 2549 in
3446 2498 3717 2551 mandatis

2130 2581 2264 2635 meis
2290 2583 2601 2648 ambuletis,
2621 2597 2670 2639 et
2696 2595 2960 2655 pneccpta
2984 2603 3099 2641 mea
3116 2590 3365 2652 servetis,
3382 2601 3428 2642 et
3447 2589 3718 2658 impleatis

2128 2670 2268 2737 ipsa,
2296 2671 2434 2726 dabo
2464 2674 2613 2727 vobis
2656 2674 2887 2742 pluviam
2926 2673 2977 2727 in
3017 2685 3258 2745 tempore
3290 2691 3426 2740 suo,
3469 2688 3523 2729 et
3574 2685 3716 2728 terra

2127 2765 2275 2819 dabit
2291 2766 2535 2833 germina
2553 2781 2673 2830 sua,
2692 2780 2745 2818 et
2768 2768 2909 2834 ligna
2927 2782 3241 2836 camporum
3263 2770 3465 2821 dalmnt
3483 2768 3716 2822 fructum

2127 2867 2305 2907 suum.
2338 2854 2403 2908 Et
2426 2856 2658 2924 excipiet
2685 2859 2837 2911 vobis
2878 2857 3069 2910 tritura
3102 2858 3425 2911 vindemiam
3450 2902 3465 2925 ,
3514 2867 3569 2912 et
3603 2859 3720 2912 vin-

2126 2945 2302 3000 demia
2321 2948 2556 3016 excipiet
2572 2948 2859 3011 sationem,
2879 2960 2932 3002 et
2946 2949 3243 3002 comedetis
3258 2964 3450 3018 panem
3472 2960 3716 3004 vestrum

2127 3037 2181 3093 in
2211 3038 2537 3102 satietatem,
2566 3049 2616 3094 et
2657 3056 2779 3093 cum
2814 3041 3111 3095 securitate
3139 3042 3449 3095 habitabilis
3485 3041 3536 3095 in
3571 3054 3714 3096 terra

2127 3139 2453 3193 vestra,elc.
2487 3146 2506 3181 ι
2539 3131 2616 3184 Ex
2653 3131 3057 3184 Deulcronomio
3095 3132 3206 3185 lucc
3236 3130 3461 3185 all'erent
3484 3132 3526 3162 ⁵⁷
3553 3150 3566 3186 :
3594 3150 3614 3183 ι
3652 3133 3717 3187 Et

2122 3224 2224 3276 erit
2251 3224 2338 3277 ubi
2361 3222 2650 3277 Jordauem
2670 3223 3019 3289 transieritis,
3045 3223 3096 3276 in
3120 3233 3318 3277 terram
3346 3241 3509 3294 quam
3536 3224 3718 3281 Domi-

2125 3330 2227 3368 nus
2248 3316 2386 3369 Deus
2399 3315 2486 3369 dat
2507 3313 2676 3377 vobis,
2692 3324 2745 3368 et
2764 3314 3018 3368 cavebitis
3036 3323 3088 3367 ut
3103 3315 3285 3368 omnia
3308 3316 3556 3368 mandata
3576 3316 3717 3385 ejus,

2124 3420 2243 3474 quae
2267 3421 2367 3477 ego
2392 3406 2543 3461 vobis
2567 3406 2725 3461 hodie
2755 3407 3079 3474 praescribo,
3105 3406 3378 3475 impleatis
3397 3425 3410 3460 :
3430 3420 3483 3461 et
3499 3410 3645 3461 dabit
3665 3419 3718 3464 te

2128 3498 2392 3553 Dominus
2443 3497 2588 3553 Deus
2632 3508 2755 3551 tuus
2795 3511 2918 3551 esse
2966 3512 3130 3566 super
3172 3514 3384 3561 omnes,
3419 3510 3468 3552 ct
3502 3502 3718 3554 venient

2126 3605 2292 3659 super
2337 3599 2389 3644 te
2429 3604 2624 3644 omnes
2655 3588 3066 3643 benedictiones
3099 3589 3203 3656 lue,
3238 3600 3293 3643 et
3321 3590 3591 3645 invenient
3627 3601 3716 3658 te,

2127 3682 2171 3737 si
2218 3682 2457 3736 audieris
2495 3697 2683 3736 vocem
2719 3679 2930 3734 Domini
2960 3681 3052 3735 Dei
3083 3682 3179 3734 tui.
3215 3680 3539 3737 Benedictus
3571 3693 3623 3737 tu
3664 3686 3717 3738 iu

2129 3774 2285 3840 urbe,
2322 3782 2378 3828 et
2405 3772 2727 3827 benedictus
2758 3782 2812 3825 tu
2845 3774 2895 3825 in
2925 3786 3077 3842 agro,
3114 3772 3381 3827 benedicti
3416 3774 3554 3828 fetus
3587 3791 3717 3827 ven-

2127 3866 2227 3919 tris
2280 3865 2357 3918 tui
2406 3872 2461 3919 et
2509 3865 2756 3934 germina
2809 3873 2967 3917 terra:
2997 3873 3133 3927 true,
3168 3873 3223 3917 et
3260 3875 3506 3918 armenta
3557 3866 3717 3918 boum

2130 3965 2369 4020 tuorum,
2415 3964 2470 4008 et
2523 3970 2717 4024 greges
2782 3955 3049 4023 pecudum
3095 3966 3306 4010 tuarum
3351 3974 3364 4009 :
3421 3958 3719 4011 benedicta:

2129 4046 2408 4113 apotheca:
2440 4055 2564 4109 tuae,
2595 4055 2649 4099 et
2674 4046 2915 4113 reliquiae
2961 4054 3068 4099 tua:
3090 4084 3106 4111 ,
3146 4065 3164 4098 ι
3204 4056 3259 4101 et
3290 4059 3507 4103 carlera.
3550 4046 3618 4101 IJ‘.
3650 4065 3716 4101 ex

2128 4134 2408 4187 contrario
2452 4134 2631 4202 impiis
2685 4135 2882 4188 dicitur
2934 4134 2978 4165 ⁸⁸
3024 4152 3039 4189 :
3092 4153 3110 4187 ι
3172 4136 3535 4192 Exsccrabilis
3568 4152 3622 4193 tu
3664 4140 3718 4192 iu

2128 4226 2384 4292 civitate,
2416 4235 2470 4279 et
2505 4226 2860 4281 exsecrabilis
2895 4235 2948 4279 tu
2986 4227 3037 4281 in
3069 4245 3232 4297 agro;
3269 4242 3553 4285 exsecrata
3592 4235 3721 4285 ber-

2133 4332 2223 4371 rca
2254 4327 2380 4383 tua,
2412 4328 2467 4372 et
2494 4318 2737 4386 reliquiae
2776 4328 2909 4382 true,
2952 4322 3324 4376 exsecrabiles
3373 4322 3463 4376 lilii
3515 4327 3720 4379 reatris

2133 4409 2235 4473 tui,
2260 4419 2313 4463 et
2343 4411 2585 4479 germina
2610 4421 2769 4466 terra:
2797 4420 2934 4479 tuae;
2971 4422 3249 4467 exsecrata
3276 4422 3520 4469 armenta
3555 4418 3716 4469 boum

439 4514 534 4567 τοῦ
567 4511 702 4565 Θεοῦ
727 4528 842 4564 σου.
880 4509 1257 4581 Εὐλογημένος
1290 4510 1354 4561 σὺ
1386 4509 1445 4562 ὲν
1478 4507 1654 4571 πόλει,
1686 4507 1781 4559 καὶ
1811 4506 2021 4576 εὐλογη-

2136 4514 2373 4570 tuorum,
2401 4510 2454 4556 et
2476 4516 2665 4572 greges
2688 4505 2954 4572 pecudum
2996 4513 3249 4571 tuarum;
3287 4524 3309 4557 ι
3344 4516 3398 4560 et
3428 4506 3529 4559 alia
3562 4507 3721 4560 ἰιιιιιι-

444 4608 604 4676 μένος
638 4606 702 4658 σὺ
746 4606 803 4657 ὲν
836 4602 1025 4675 ἀγρῷ,
1072 4601 1409 4673 εὐλογημένα
1441 4600 1513 4654 τὰ
1560 4599 1761 4668 ἔγγονα
1805 4598 1880 4669 (6)
1926 4598 2024 4668 τῆς

440 4698 646 4761 κοιλίας
679 4714 774 4749 σου
797 4736 811 4759 ,
844 4696 939 4749 καὶ
964 4695 1032 4749 τὰ
1070 4696 1383 4766 γεννήματα
1409 4693 1509 4763 τῆς
1539 4691 1643 4761 γῆς
1671 4707 1762 4743 σου
1786 4731 1800 4754 ,
1833 4690 1928 4742 καὶ
1950 4688 2020 4742 τὰ

442 4789 693 4858 βουκόλια
724 4787 833 4840 τῶν
864 4786 1001 4857 βοῶν
1033 4804 1127 4839 σου
1147 4826 1162 4852 ,
1196 4784 1384 4840 καὶτὰ
1417 4785 1645 4855 ποίμνια
1672 4782 1780 4836 τῶν
1813 4780 2023 4852 προϐά-

439 4898 544 4934 των
606 4896 730 4932 σου·
795 4878 1158 4949 εύλογημέναι
1202 4879 1257 4930 αἱ
1302 4876 1582 4945 ἀπΟΟῆκαί
1643 4891 1771 4937 σου,
1826 4874 1921 4926 καὶ
1956 4871 2025 4923 τὰ

439 4969 925 5041 ὲγκαταλείμματά
962 4986 1083 5036 σου,
1117 4989 1134 5021 ι
1184 4968 1280 5021 καὶ
1312 4966 1379 5021 τὰ
1412 4966 1554 5037 ἑξῆς.
1630 4965 1717 5028 Ὠς
1760 4964 1922 5018 πάλιν
1955 4964 2020 5016 ἐκ

436 5062 545 5115 τῶν
570 5062 827 5115 ἐναντίων
850 5062 960 5123 τοῖς
989 5058 1243 5113 ἀσεϐοῦσι
1266 5059 1483 5128 λέγεται
1506 5043 1584 5111 τό·
1612 5077 1629 5108 ι
1655 5055 2023 5125 Ἐπικατάρα-

437 5171 529 5217 τος
565 5156 629 5208 σὺ
653 5155 710 5207 ὲν
735 5153 885 5205 πόλει
905 5193 920 5216 ,
954 5151 1049 5204 καὶ¹
1071 5151 1470 5224 ὲπικατάρατος
1499 5152 1562 5203 σὺ
1586 5150 1643 5202 ἐν
1675 5146 1831 5219 ἀγρῷ
1852 5165 1864 5178 ο
1902 5148 2024 5199 ἐπι-

436 5247 734 5317 κατάρατοι
776 5248 833 5299 αί
883 5244 1160 5313 ἀποθῆκαί
1211 5260 1341 5307 σου,
1393 5244 1487 5297 καὶ
1535 5242 1603 5295 τὰ
1655 5240 2021 5310 ἐγκαταλείμ-

442 5336 586 5406 ματά
615 5352 742 5387 σου·
780 5334 1159 5405 ὲπικατάρατα
1206 5332 1273 5386 τὰ
1306 5332 1472 5385 τέκνα
1511 5332 1611 5402 τῆς
1655 5331 1860 5393 κοιλίας
1905 5347 2021 5392 σου,

440 5430 531 5481 καὶ
564 5428 632 5481 τά
671 5427 985 5497 γεννήματα
1040 5427 1139 5497 τῆς
1181 5426 1287 5497 γῆς
1334 5443 1427 5478 σου
1451 5442 1465 5457 ·
1528 5424 1912 5496 ἐπικατάρατα
1954 5424 2022 5479 τὰ

514 5590 561 5623 ⁵³
588 5590 744 5644 Deut.
776 5604 970 5652 xxvm,
1002 5588 1071 5643 58
1102 5597 1154 5641 et
1188 5602 1304 5645 sea.

441 5677 632 5728 xxvut,
669 5662 691 5713 1
722 5670 775 5714 et
805 5675 921 5727 seq.
998 5659 1043 5689 ⁸⁸
1073 5659 1202 5713 ibid.
1230 5660 1297 5712 16
1320 5667 1371 5715 cl
1402 5674 1518 5730 seq.

510 5806 583 5875 (’)
612 5806 785 5863 Biblia
804 5804 1016 5875 Grieca,
1044 5804 1259 5871 πιστάς.

1404 5589 1450 5620 ⁸⁵
1481 5588 1652 5645 Lerit.
1680 5604 1829 5658 xxvi,
1858 5588 1945 5647 i6.
2022 5592 2068 5624 ⁵⁸
2098 5591 2254 5649 Deut.
2287 5606 2461 5654 χχχιι,
2491 5590 2581 5645 Ἡ.

2135 4607 2283 4648 mera
2318 4593 2562 4663 proferre
2590 4603 2818 4664 possunt
2844 4633 2860 4658 ,
2890 4596 2983 4664 qui
3012 4596 3063 4650 in
3091 4597 3252 4651 rebus
3276 4598 3521 4665 corporis
3546 4607 3601 4651 et
3623 4614 3721 4652 ex-

2135 4687 2304 4741 ternis
2328 4689 2466 4743 bona
2494 4696 2551 4741 et
2576 4687 2719 4741 mala
2746 4702 2869 4744 esse
2890 4689 3095 4744 voluut.
3124 4689 3472 4760 Evangelium
3504 4707 3721 4759 quoque

2135 4781 2438 4849 attingent,
2476 4792 2531 4836 et
2560 4782 2739 4837 dicent
2783 4784 3167 4848 Servatorem,
3200 4800 3325 4836 cum
3376 4786 3543 4846 venit,
3598 4793 3720 4837 tan-

2133 4886 2297 4941 quam
2344 4872 2522 4938 mala,
2572 4875 2885 4931 hominibus
2933 4877 3225 4931 abstulisse
3270 4879 3514 4944 corporis
3559 4879 3721 4931 east-i-

2136 4970 2324 5026 tatem,
2356 4964 2697 5030 surditatem,
2723 4976 2779 5020 et
2812 4966 3177 5021 membrorum
3211 4968 3629 5030 resolutionem,
3664 4978 3719 5020 et

2132 5054 2381 5108 morbum
2408 5070 2645 5119 omnem,
2670 5066 2727 5111 et
2756 5072 2972 5113 onmem
3003 5059 3379 5113 infirmitatem
3411 5060 3599 5112 sauavi
3634 5076 3719 5125 se,

2128 5146 2450 5215 dedisseque
2479 5147 2618 5201 bona
2654 5162 2753 5217 pro
2799 5149 2959 5204 malis
2991 5150 3301 5219 prioribus,
3342 5160 3395 5203 et
3438 5149 3720 5219 perspica-

2128 5235 2351 5289 citatem
2387 5237 2671 5306 corporis,
2712 5248 2766 5290 et
2799 5240 3066 5304 auditum,
3105 5250 3159 5293 et
3193 5241 3356 5293 aliam
3388 5241 3717 5301 sanitatem,

2126 5337 2182 5381 et
2218 5327 2385 5381 robur
2436 5341 2451 5381 :
2498 5340 2553 5383 et
2591 5330 3030 5385 verecundabere
3065 5347 3188 5384 eum
3234 5346 3299 5385 ex
3349 5339 3400 5384 te
3433 5338 3720 5402 qua-rent,

2128 5434 2310 5475 annon
2354 5421 2554 5476 malum
2601 5439 2818 5495 quoque
2858 5441 2978 5481 esse
3019 5426 3373 5491 arbitremur,
3407 5442 3435 5478 a
3473 5424 3721 5481 daemone

2679 5592 2723 5621 ⁵⁸
2762 5589 2934 5647 Levii.
2964 5603 3108 5655 xxvr,
3141 5589 3174 5644 5
3196 5597 3249 5644 et
3283 5601 3404 5658 se].
3478 5587 3523 5619 ⁴⁷
3554 5585 3715 5643 Deut.

2204 5805 2279 5878 (6)
2314 5804 2475 5874 Lege,
2509 5804 2726 5873 ἔκγονα..
