4100 6410
376 355 529 423 imis

1751 346 1858 415 Ἐκ
1900 360 1986 415 on
1997 344 2200 415 rem

3526 344 3589 411 ‘t't
3606 352 3670 413 7’6

388 486 569 541 vexari
601 493 656 540 et
688 478 984 539 lunaticum
1015 490 1169 545 eSSe;
1207 477 1265 535 ut
1305 464 1596 546 contra,ab
1629 478 1692 533 iis
1740 479 1982 542 liber-iri,

2094 474 2347 547 βουκόλια
2374 472 2477 528 τῶν
2513 471 2649 543 βοῶν
2685 487 2777 525 σου
2799 511 2811 533 ,
2844 469 2936 524 καὶ
2962 473 3027 525 τὰ
3056 472 3293 543 *ποίμνια
3328 472 3433 524 τῶν
3455 472 3669 542 ’προϐά-

389 579 611 632 bonum.
645 576 749 631 Sed
779 584 831 629 et
867 574 1131 643 apostoli,
1166 574 1257 641 qui
1294 574 1432 627 dona
1467 572 1691 626 sanandi
1719 581 1771 624 et
1812 586 1974 639 opera

390 671 645 724 virtutum
702 667 1079 736 perliciehant,
1135 666 1187 719 in
1241 680 1306 718 eo
1361 665 1478 733 ipso
1527 665 1683 717 bouis
1727 664 1979 717 homines

388 759 693 813 adliciebant
755 766 809 810 et
855 754 1010 808 malis
1056 755 1204 823 ipsos
1238 754 1562 809 liberabant.
1621 753 1701 806 Ad
1738 755 1976 807 lutnrum

388 850 620 917 denith
641 847 899 901 sateulum
935 846 1430 914 trausgredientur,
1457 845 1546 911 qui
1577 844 1688 898 ltzec
1714 844 1979 903 sentiunt.

388 950 439 992 rt
487 940 667 992 dicent
718 938 916 990 malum
969 952 1089 989 esse
1141 935 1383 989 dolorem
1410 975 1424 999 ,
1457 936 1569 990 sive
1795 948 1982 1003 pecca-

389 1043 532 1084 tores
570 1041 777 1084 :cleruo
826 1030 932 1098 igni
985 1029 1308 1098 adjudimri.
1366 1029 1421 1082 Si
1477 1043 1606 1082 vero
1653 1030 1850 1081 malum
1901 1034 1985 1081 est

387 1126 563 1182 dolor.
603 1123 940 1190 voluptatem
988 1122 1186 1173 bonum
1224 1134 1348 1174 esse
1386 1135 1613 1174 necesse
1648 1130 1750 1174 est.
1792 1120 1865 1174 Ex
1902 1120 1984 1173 his

397 1214 682 1268 manifesta
703 1221 823 1266 sunt
846 1228 905 1264 ea
929 1212 1125 1279 quilms
1144 1213 1378 1265 maxime
1399 1211 1726 1265 commoveri
1751 1212 1952 1280 possint
1969 1251 1983 1273 ,

390 1309 479 1376 qui
510 1315 827 1376 argumenta
864 1304 976 1365 illa,
1011 1320 1130 1370 qttzr
1164 1312 1228 1356 ex
1260 1302 1671 1371 Scripturarum
1703 1303 1977 1355 sententia

394 1401 493 1451 tria
519 1412 640 1451 esse
665 1397 929 1448 honorum
961 1406 1007 1447 et
1040 1395 1303 1447 malorum
1334 1409 1528 1463 genera
1547 1394 1860 1457 ostendunt,
1887 1394 1988 1447 dis-

391 1489 605 1542 solvere
637 1502 739 1541 non
771 1494 1015 1552 possunt.
1037 1484 1146 1537 lloc
1166 1485 1328 1554 igitur
1350 1494 1538 1537 errore
1569 1499 1673 1536 non
1700 1482 1871 1536 solum
1897 1482 1985 1551 qui

391 1582 589 1634 nudam
617 1590 670 1631 et
700 1578 999 1645 simplicem
1037 1576 1194 1629 fidem
1231 1577 1429 1630 habent
1459 1576 1812 1629 circumventi
1840 1586 1985 1641 sunt,

402 1673 496 1725 sed
550 1680 604 1725 et
657 1686 841 1725 eorum
891 1670 1129 1723 nonnulli
1173 1668 1264 1735 qui
1314 1666 1635 1736 sapientiam
1680 1668 1733 1721 in
1774 1666 1989 1721 Christo

2082 587 2188 620 των
2238 585 2329 619 σου
2355 584 2366 596 ·
2404 586 2420 615 ι
2472 565 2565 619 καὶ
2595 565 2729 618 ἄλλα
2756 563 2811 615 δὲ
2837 563 3281 636 δυσεξαρίθμητα
3325 566 3563 617 οἴσουσιν
3594 564 3672 635 (7)

2082 660 2129 711 οἱ
2180 657 2492 728 βουλόμενοι
2538 658 2594 707 ὲν
2640 657 2975 724 σωματικοῖς
3020 655 3113 707 καὶ
3158 658 3269 717 τοῖς
3328 652 3485 717 ἐκτὸς
3532 651 3671 706 εἶναι

2080 750 2263 818 ἀγαθὰ
2292 750 2383 803 καὶ
2426 748 2597 802 κακά·
2644 746 2945 815 ἐφάψονταί
2968 765 3026 799 τε
3057 748 3150 799 καὶ
3188 747 3295 800 τῶν
3325 746 3675 813 Εὐαγγελίων

2083 832 2334 910 λέγοντες
2358 840 2447 893 τὸν
2472 839 2702 910 Σωτῆρα
2733 838 3050 908 ἐληλυθότα,
3080 839 3171 892 καὶ
3192 839 3268 903 ὡς
3293 839 3436 893 κακὰ
3462 839 3678 910 ἀφῃρη-

2084 936 2240 989 κέναι
2274 934 2382 986 ἀπὸ
2411 932 2517 985 τῶν
2551 932 2855 1003 ἀνθρώπων
2889 931 2987 1000 τὴν
3018 930 3325 1001 τυφλότητα
3359 936 3456 1002 τὴν
3490 942 3685 1000 σωμα-

2085 1028 2260 1098 τικὴν,
2298 1016 2391 1080 καὶ
2420 1025 2518 1096 τὴν
2558 1024 2868 1093 κωφότητα,
2908 1024 2998 1076 καὶ
3031 1024 3130 1092 τὴν
3161 1024 3390 1094 πάρεσιν
3430 1021 3538 1075 τῶν
3576 1038 3680 1091 με·-

2086 1121 2214 1183 λῶν,
2246 1120 2341 1172 καὶ
2381 1120 2561 1171 πᾶσαν
2595 1117 2768 1179 νόσον,
2802 1112 2896 1169 καὶ
2928 1118 3109 1169 πᾶσαν
3140 1115 3419 1186 μαλακίαν
3451 1113 3677 1185 τεθερα-

2088 1212 2376 1270 πευκέναι,
2415 1208 2593 1277 ἀγαθά
2626 1208 2748 1261 ἀντὶ
2791 1208 2899 1261 τῶν
2936 1206 3339 1278 προειληφότων
3382 1206 3566 1261 κακῶν
3597 1207 3674 1277 (8)

2088 1304 2462 1376 δωρούμενον,
2524 1302 2584 1353 τό
2625 1317 2684 1352 τε
2733 1287 3039 1371 διορατικὺν
3100 1299 3409 1370 σωματικὸν
3464 1297 3561 1352 καὶ
3613 1296 3675 1350 τὸ

2088 1382 2442 1456 ἀκουστικὸν,
2493 1392 2588 1447 καὶ
2628 1392 2727 1462 τὴν
2771 1390 2938 1461 ἄλλην
2973 1392 3162 1459 ὑγείαν
3195 1391 3287 1444 καὶ
3332 1390 3529 1461 ρῶσιν·
3579 1389 3675 1443 καὶ

2088 1486 2473 1559 δυσωπήσουσί
2518 1504 2576 1538 σε
2629 1486 2961 1554 φάσκοντες,
2992 1486 3040 1538 εί
3104 1486 3177 1555 μὴ
3219 1485 3315 1537 καὶ
3359 1472 3517 1554 ἡμεῖς
3546 1484 3674 1553 ὁμο-

2090 1579 2393 1649 λογήσομεν
2424 1574 2592 1628 κακὸν
2627 1570 2766 1627 εἶναι
2797 1574 2856 1627 τὸ
2888 1572 3169 1643 δαιμονιᾷν
3200 1570 3294 1625 καὶ
3332 1568 3673 1649 τὸγσεληνιά-

2092 1669 2279 1735 ζεσθαι
2300 1686 2312 1697 ·
2344 1668 2420 1731 ὡς
2449 1666 2610 1720 πάλιν
2640 1668 2704 1719 ὲκ
2735 1664 2830 1718 τοῦ
2866 1665 3108 1733 ἐναντίου
3144 1659 3347 1730 ἀγαθὸν
3377 1648 3437 1713 τὸ
3471 1648 3675 1713 τοῦτων

394 1762 756 1831 profitentur;
780 1776 873 1813 eas
900 1758 1692 1828 esse'Opilicis"promissiones,
1712 1767 1766 1810 et
1793 1767 1989 1826 pra:th

2093 1756 2457 1829 ἀπηλλάχθαι.
2523 1754 2687 1808 Ἀλλά
2748 1754 2842 1807 xui.
2888 1755 2935 1805 οἱ
2985 1751 3307 1813 ἀπόστολοι,
3364 1749 3676 1826 χαρίσματα

393 1869 584 1908 sonum
630 1852 926 1905 dictionum
978 1850 1111 1903 nihil
1169 1850 1329 1903 miuis
1375 1849 1479 1902 illis
1525 1847 1819 1914 signiﬁcari
1871 1847 1989 1916 opi-

2098 1850 2343 1919 ίαμὰτων
2430 1846 2524 1899 καὶ
2560 1847 2909 1917 ἐνεργήματα
2952 1843 3235 1914 δυνάμεων
3278 1840 3672 1905 ἐπιτελοῦντες,

393 1954 607 1998 nantes.
642 1942 720 1995 Ah
750 1944 813 1994 iis
845 1941 1009 2005 igitur
1038 1940 1319 1999 omnibus,
1354 1938 1443 2005 qui
1487 1937 1589 1989 iSta
1629 1950 1659 1989 e
1692 1936 1987 2002 Scripturis

392 2036 584 2089 confici
611 2033 955 2093 existimant,
983 2029 1336 2098 quce’reudmu
1372 2038 1453 2082 est
1480 2067 1493 2089 ,
1527 2025 1772 2095 legemne
1803 2040 1987 2078 serva-

393 2128 569 2181 verinl
621 2125 939 2195 prophetat,
992 2133 1218 2189 quorum
1273 2129 1494 2189 peccata
1540 2135 1643 2173 non
1693 2125 1991 2185 reprehen—

392 2221 641 2273 duntur:
685 2225 742 2268 ut
788 2214 935 2268 Elias
966 2212 1369 2282 pauperrimus,
1414 2211 1504 2280 qui
1545 2226 1612 2264 ne
1654 2224 1848 2278 panem
1872 2207 1991 2276 qui-

392 2314 513 2367 dem
551 2326 710 2381 quem
752 2310 934 2363 ederet
969 2306 1240 2370 habebat;
1278 2304 1508 2373 ideoque
1542 2303 1741 2357 missus
1769 2302 1835 2354 ad
1874 2315 1990 2353 inu-

393 2403 579 2456 lierem
627 2402 679 2454 in
729 2398 1035 2466 Sari-phtha
1079 2396 1350 2457 Sidoniae;
1385 2393 1702 2459 etEliszeus,
1728 2392 1818 2460 qui
1851 2391 1989 2460 apud

392 2492 787 2550 Suuamitidem
814 2489 1261 2560 angustissimum
1291 2486 1504 2556 accepit
1533 2484 1905 2545 domicilium,
1935 2491 1992 2536 et

392 2601 705 2649 scamnum,
748 2592 804 2636 et
844 2582 1007 2635 vilem
1051 2579 1403 2650 lychuulum,
1447 2576 1538 2646 qui
1581 2588 1637 2628 et
1674 2575 1990 2643 aegritudine

393 2680 565 2743 obiit;
601 2686 654 2731 et
691 2675 897 2740 Isaias,
948 2675 1038 2742 qui
1090 2672 1265 2724 nudus
1302 2679 1361 2723 et
1408 2669 1754 2723 excalceatus
1819 2665 1989 2719 trien-

396 2772 544 2826 nium
577 2768 904 2830 ambulavit;
941 2778 990 2819 et
1014 2763 1299 2826 Jercmias,
1325 2762 1417 2832 qui
1441 2773 1495 2815 et
1523 2762 1573 2813 iu
1601 2760 1809 2814 foveam
1851 2757 1989 2812 omni

399 2863 689 2931 conjectus
722 2867 908 2924 est,'et
935 2870 1150 2925 semper
1186 2855 1418 2907 ludibrio
1442 2852 1699 2913 habitus,
1743 2860 1803 2904 ut
1827 2850 1990 2903 etiam

397 2958 743 3013 solitudinem
764 2946 1337 3021 optaret;etJoanncs
1362 2983 1375 3009 ,
1407 2944 1497 3013 qui
1525 2945 1577 2997 in
1610 2942 1993 2998 solitudinibus

398 3045 703 3110 habitabat,
726 3053 778 3098 et
797 3049 993 3114 printer
1015 3039 1254 3093 locustas
1280 3046 1335 3090 et
1359 3036 1461 3090 mel
1484 3044 1698 3105 agreste
1722 3034 1830 3088 cibi
1860 3031 1992 3087 nihil

397 3142 682 3205 sumebat,
733 3136 873 3206 pelle
914 3131 1222 3187 succinctus
1262 3130 1507 3192 lumbos,
1534 3136 1586 3181 et
1622 3126 1761 3181 villis
1795 3124 1988 3181 cameli

2100 1941 2221 1992 κατ’
2250 1937 2378 1991 αὐτὸ
2394 1930 2453 1989 τὸ
2480 1938 2721 2006 ἐνεργεῖν
2747 1934 2927 2003 ἀγαθά
2953 1934 3169 1986 ἐποίουν
3198 1935 3311 1995 τοῖς
3346 1930 3673 2003 ἀνθρώποις,

2082 2031 2184 2083 καὶ
2226 2030 2411 2084 κακῶν
2462 2028 2660 2089 αὐτοὺς
2701 2027 3078 2097 ἀπήλλαττον·
3138 2024 3488 2093 διαϐήσονται
3525 2023 3589 2076 ’δὲ
3624 2024 3675 2075 οἱ

2088 2122 2263 2175 ταῦτα
2292 2119 2541 2187 λέγοντες
2570 2118 2665 2170 καὶ
2694 2118 2785 2169 ἐπὶ
2808 2115 2899 2169 τὸν
2928 2114 3189 2185 μέλλοντα
3218 2114 3411 2177 αἰῶνα,
3438 2114 3675 2182 φάσκον-

2090 2228 2179 2273 τες
2201 2210 2289 2273 τὸ,
2326 2208 2493 2262 κακὸν
2512 2204 2648 2259 εἶν..ι
2677 2194 2765 2259 τὸν
2802 2194 2981 2270 πόνον,
3017 2206 3135 2275 ἦτοι
3164 2198 3224 2257 τὸ
3255 2205 3379 2267 τοὺς
3412 2204 3676 2273 ἀμαρτω-

2090 2302 2215 2364 λοὺς
2254 2302 2311 2353 ὲν
2344 2298 2477 2369 πυρὶ
2523 2297 2600 2367 (9)
2634 2296 2838 2366 αἰωνίῳ
2876 2293 3285 2364 παραδίδοσθαι.
3329 2294 3392 2346 Εἰ
3422 2293 3479 2345 δὲ
3509 2293 3677 2346 κακὸν

2089 2396 2118 2447 ὁ
2150 2394 2328 2456 πόνος,
2352 2392 2566 2460 ἀνάγκη
2599 2390 2697 2460 τὴν
2723 2388 2916 2459 ἡδονὴν
2948 2386 3154 2455 ἀγαθὸν
3185 2382 3344 2439 εἶναι.
3385 2386 3539 2456 Σαφῆ
3570 2385 3677 2456 μὲν

2092 2483 2187 2539 οὖν
2216 2487 2278 2537 ἐκ
2301 2485 2408 2537 τῶν
2437 2482 2745 2554 εἰρημένων
2775 2480 2843 2533 τὰ
2868 2479 3144 2548 δυνάμενα
3192 2478 3284 2531 ἐπὶ
3321 2476 3502 2530 πλεῖον
3544 2476 3675 2529 δυσ-

2086 2578 2315 2647 ·ωπῆσαι
2358 2574 2485 2638 τοὺς
2519 2574 2617 2642 οὐχ
2656 2572 2808 2633 οἴους
2848 2588 2907 2622 τε
2950 2570 3108 2623 λῦσαι
3154 2568 3222 2621 τά
3271 2567 3676 2639 προσαγόμενα,

2100 2669 2229 2740 περὶ
2254 2667 2348 2721 τοῦ
2382 2667 2508 2737 τρία
2536 2665 2668 2733 γένη
2698 2662 2804 2714 τῶν
2833 2661 3054 2730 ἀγαθῶν
3087 2656 3226 2713 εἶναι
3251 2699 3263 2721 ,
3291 2658 3384 2712 καὶ
3420 2658 3546 2730 τρία
3570 2658 3678 2712 τῶν

2093 2762 2280 2817 κακῶν
2310 2760 2449 2814 κατά
2486 2757 2575 2810 τὸν
2615 2756 2771 2822 λόγον
2806 2753 2915 2806 τῶν
2948 2752 3200 2824 Γραφῶν.
3257 2751 3474 2823 Ταύτην
3502 2751 3678 2804 τοίνυν

2093 2854 2192 2924 τὴν
2218 2852 2432 2920 ἀπάτην
2465 2849 2523 2901 οὐ
2560 2847 2718 2918 μόνον
2750 2848 2799 2898 oi.
2821 2842 3268 2915 ὁμολογουμένως
3297 2842 3545 2914 ἀκέραιοι
3570 2840 3678 2893 τῶν

2098 2938 2537 2993 πεπιστευκότων
2564 2937 2895 3005 ἡπάτηνται,
2921 2932 3057 2986 ἀλλά
3084 2933 3174 2985 καί
3201 2949 3345 2996 τινες
3368 2931 3477 2986 τῶν
3505 2934 3677 2999 ἐπαγ-

2096 3031 2436 3101 γελλομένων
2468 3029 2657 3096 σοφίαν
2685 3028 2782 3098 τὴν
2827 3025 2966 3079 κατά
2997 3024 3231 3096 Χριστὸν
3251 3063 3265 3087 ,
3299 3024 3537 3093 οἰόμενοι
3581 3023 3677 3076 τοῦ

2098 3119 2440 3193 Δημιουργοῦ
2483 3118 2695 3172 τοιάσδε
2751 3114 2902 3177 τινὰς
2965 3109 3103 3166 εἶναι
3163 3111 3533 3180 ἐπαγγελίας,
3588 3113 3682 3166 καὶ

397 3237 647 3292 amictus.
676 3229 787 3284 llos
825 3228 965 3281 enim
997 3225 1167 3291 legem
1195 3236 1439 3276 servasse
1472 3219 1805 3274 fatebuntur.
1832 3217 1989 3285 Quae-

2100 3217 2243 3287 πέρα
2267 3214 2377 3267 τῶν
2402 3212 2510 3265 ἀπὸ
2532 3212 2629 3281 τῆς
2660 3208 2860 3273 λέξεως
2900 3205 3241 3276 δηλουμένων
3278 3205 3445 3275 μηδὲν
3478 3205 3677 3275 σημαί-

398 3343 580 3382 remus
619 3336 747 3391 ergo
768 3358 785 3384 ,
824 3333 891 3371 ait
928 3332 1046 3386 qua:
1076 3318 1213 3368 bona
1244 3313 1557 3368 existimant
1577 3350 1592 3376 ,
1619 3311 1685 3364 iis
1718 3309 1991 3364 adfuerint

399 3421 493 3489 qui
523 3418 691 3485 legem
722 3416 1085 3467 servaverunt
1115 3426 1127 3461 :
1158 3406 1300 3476 quod
1331 3420 1455 3457 cum
1483 3405 1860 3457 demonstrare
1883 3418 1987 3453 nun

399 3510 634 3581 possint,
675 3521 739 3561 eo
788 3504 1134 3571 redigentur,
1172 3507 1231 3550 ut
1275 3496 1463 3548 dicant
1503 3492 1668 3546 laisas
1710 3507 1834 3545 esse
1869 3505 1993 3559 pro-

403 3579 721 3661 inissiuues,
757 3607 878 3661 qum
907 3591 1015 3660 piis
1057 3598 1110 3641 et
1146 3585 1413 3655 religiosis
1453 3583 1567 3636 lieri
1593 3581 1880 3642 dicuntur;
1913 3579 1993 3634 vel

401 3692 449 3745 si
481 3703 621 3742 vera:
647 3688 781 3751 sint,
807 3684 983 3737 altiori
1009 3695 1169 3735 sensu
1198 3673 1634 3743 iltlerprelandas
1657 3687 1779 3727 esse
1810 3689 1825 3726 :
1855 3675 1899 3727 si
1926 3673 1991 3725 ad

404 3780 747 3836 reconditum
786 3790 1003 3831 sensum
1036 3770 1208 3826 coacti
1235 3767 1522 3831 venerint,
1553 3766 1864 3820 destruetur
1900 3779 1993 3818 eo-

406 3890 525 3928 rum
567 3869 775 3942 npinio,
812 3867 954 3937 quod
991 3866 1238 3918 morbum
1268 3860 1512 3928 corporis
1547 3867 1748 3926 etquae
1773 3867 1993 3909 externa

404 3971 663 4033 putantur
704 3956 843 4012 mala
890 3955 1070 4024 impiis
1113 3954 1197 4005 lex
1244 3952 1544 4009 minitetur,
1592 3948 1672 4000 vel
1709 3946 1994 3999 sanitatem

405 4054 650 4125 corporis
678 4050 1008 4121 polliceatur.
1043 4053 1097 4099 et
1122 4059 1256 4112 epes
1284 4043 1349 4093 iis
1372 4040 1462 4110 qui
1502 4039 1611 4091 Deo
1640 4037 1989 4090 adlueseriut».

404 4146 686 4216 Quomodo
710 4156 838 4196 vero
867 4140 1087 4195 stultum
1115 4153 1219 4191 nun
1250 4135 1350 4197 sit,
1389 4135 1440 4184 in
1488 4130 1643 4184 malis
1678 4130 1898 4201 gloriari
1943 4139 1997 4181 et

407 4239 601 4304 laetari,
636 4236 726 4306 qui
756 4234 821 4288 iis
849 4229 1147 4286 tenentur?
1193 4228 1248 4280 Si
1286 4226 1431 4281 enim
1472 4223 1626 4275 malae
1666 4230 1789 4275 sunt
1826 4236 1994 4287 angu-

403 4329 553 4394 stiae,
585 4333 642 4379 et
681 4324 757 4376 ait
802 4318 1094 4390 Apostolus
1133 4333 1191 4370 se
1236 4316 1287 4368 in
1320 4313 1475 4366 malis
1504 4311 1749 4376 gloriari,
1784 4310 1835 4362 id
1870 4325 1998 4362 vero

404 4418 632 4471 stultum
673 4422 754 4467 est
773 4418 796 4474 ’,
838 4427 935 4464 nec
972 4408 1173 4462 stultus
1206 4417 1288 4459 est
1318 4400 1607 4471 Apostolus
1639 4417 1652 4453 :
1687 4408 1833 4454 certe
1859 4398 1995 4451 mala

408 4525 513 4566 non
545 4515 670 4562 sunt
702 4505 789 4559 illa
820 4504 1016 4571 quibus
1050 4501 1131 4553 vir
1172 4507 1397 4552 sanctus
1419 4505 1709 4549 exercetur
1731 4531 1747 4556 ,
1780 4491 1869 4560 qui
1901 4505 1997 4559 pe-

2093 3308 2282 3364 νεσθαι
2310 3306 2452 3360 κατά
2478 3305 2575 3367 τὰς
2602 3302 2851 3364 ἀπειλάς.
2886 3299 3026 3371 Πρὸς
3054 3299 3260 3361 πάντας
3281 3298 3458 3352 τοίνυν
3473 3300 3598 3363 τοὺς
3614 3300 3683 3353 τὰ

2092 3397 2317 3451 τοιαῦτα
2343 3399 2405 3448 ἐκ
2427 3393 2535 3446 τῶν
2561 3392 2788 3464 Γραφῶν
2805 3388 3287 3459 ὑπολαμϐάνοντας
3304 3388 3680 3460 ἐπαπορητέον

2094 3492 2142 3541 εἰ
2162 3506 2288 3558 τετη
2300 3489 2495 3557 ρήκασι
2519 3484 2610 3537 τὸν
2627 3484 2789 3552 νόμον
2811 3484 2857 3534 οἱ
2880 3479 3155 3551 προφῆται
3177 3517 3191 3542 ,
3215 3471 3289 3531 ὧν
3311 3480 3681 3549 ἁμαρτήματα

2094 3584 2154 3635 οὐ
2209 3580 2632 3648 κατηγορεῖται*
2706 3571 2816 3627 οἷον
2886 3573 3070 3634 Ἠλίας
3124 3571 3152 3620 ὁ
3211 3569 3679 3639 ἁκτημονέστατος

2090 3673 2170 3735 ὡς
2209 3670 2343 3742 μηδὲ
2387 3670 2550 3738 ἄρτον
2593 3665 2738 3735 ἔχειν
2766 3663 2893 3734 παρ’
2936 3660 3113 3732 ἐαυτῷ
3162 3660 3390 3728 φαγεῖν,
3438 3657 3533 3711 καὶ
3594 3653 3681 3708 διὰ

2097 3761 2253 3814 τοῦτο
2280 3757 2595 3828 πέμπεσθαι
2630 3754 2767 3825 πρὸς
2806 3755 3039 3822 γυναῖκα
3086 3753 3143 3803 ἐν
3178 3748 3430 3821 Σαρεφθᾷ
3456 3749 3556 3820 τῆς
3586 3748 3674 3800 Σε-

2095 3853 2322 3914 δωνίαςσ
2374 3852 2469 3903 καὶ
2534 3848 2869 3910 Ἐλισσαῖος,
2922 3845 2980 3908 ὃς
3032 3841 3186 3914 παρά
3227 3845 3295 3913 τῇ
3340 3841 3680 3912 Σουναμίτιδι

2099 3943 2442 4015 βραχυτάτην
2481 3940 2638 3994 ἔλαϐε
2679 3938 2992 3999 κατάλυσιν,
3032 3936 3127 3989 καὶ
3170 3932 3495 4004 σκιμπόδιον
3541 3933 3678 4004 (10),

2098 4036 2189 4088 καὶ
2216 4033 2437 4104 λυχνίαν
2467 4031 2680 4099 εὐτελῆ,
2710 4030 2767 4093 ὃς
2810 4030 2903 4082 καὶ
2931 4027 3293 4098 ἀρρωστήσας
3327 4022 3679 4094 ἐτελεύτησεο

2102 4128 2199 4182 καὶ
2250 4125 2515 4186 Ἠσαίας,
2559 4125 2587 4176 ὀ
2637 4120 2922 4192 πορευθεὶς
2962 4118 3170 4191 γυμνὸς
3222 4118 3315 4171 καὶ
3360 4115 3684 4177 ἀνυπόδετος

2098 4215 2275 4287 τρισὶν
2309 4213 2451 4266 ἔτεσι
2473 4229 2485 4242 ο
2534 4213 2627 4265 καὶ
2665 4210 2966 4282 Ἱερεμίας,
2996 4208 3025 4261 ὁ
3056 4208 3350 4279 ἐμϐληθεὶς
3385 4206 3464 4268 εἰς
3486 4204 3686 4258 λάκκον

2101 4305 2362 4376 βορϐόρου
2385 4344 2398 4366 ,
2433 4303 2526 4355 καὶ
2560 4302 2647 4354 ἀεὶ
2693 4298 3086 4371 μυκτηρισθεὶς
3107 4337 3122 4360 ,
3152 4297 3296 4349 ὥστε
3323 4295 3416 4348 καὶ
3448 4294 3686 4365 ἐρημίαν

2098 4402 2320 4469 οἰκῆσαι
2356 4395 2645 4460 εὔξασθαι·
2700 4395 2794 4447 καὶ
2825 4394 2853 4444 ὁ
2892 4392 3179 4462 Ἰωάννης,
3228 4392 3259 4443 ὁ
3299 4391 3357 4442 ἐν
3403 4390 3521 4449 ταῖς
3561 4390 3689 4459 ἐρη·

2107 4491 2257 4561 μίαις
2295 4488 2407 4560 (Η)
2446 4486 2760 4557 διατρίϐων,
2788 4483 2880 4537 καὶ
2913 4482 3053 4552 πλὴν
3090 4480 3329 4552 ἀκρίδων
3358 4480 3450 4531 καὶ
3475 4478 3689 4547 μέλιτος

410 4601 553 4654 nitus
572 4594 803 4649 amictus
817 4608 920 4646 non
940 4607 1035 4645 coa
1046 4598 1272 4650 rotatur;
1292 4587 1447 4655 inops
1462 4600 1567 4639 non
1583 4581 1989 4649 dereliuqttitur;

2105 4556 2298 4654 ἀγρίου
2387 4556 2613 4651 μηδενός
2686 4572 3149 4646 μεταλαμϐάνων,
3222 4570 3449 4640 δέρματι
3531 4584 3688 4636 περι-

410 4699 673 4751 tentatus,
706 4689 756 4740 in
791 4694 1017 4739 mortem
1054 4696 1160 4734 non
1195 4678 1463 4740 infertur;
1492 4686 1689 4729 etcum
1722 4674 1998 4725 mendicus

334 4834 335 4837 η
412 4790 717 4843 censeatur,
764 4775 960 4830 multos
992 4776 1166 4833 ditat;
1214 4786 1337 4824 cum
1385 4767 1517 4822 nihil
1562 4766 1843 4835 possidere
1880 4781 1996 4816 cre-

411 4877 595 4939 datur,
619 4872 798 4927 omnia
827 4867 1069 4937 possidet
1094 4879 1106 4918 ε
1128 4863 1302 4916 ﬁdelis
1318 4860 1465 4913 enim
1491 4868 1570 4911 est
1602 4867 1744 4910 totus
1768 4855 1999 4909 mundus

413 4965 724 5023 divitiarum
746 4980 762 5027 ;
790 4961 1043 5018 inlidelis,
1070 4972 1140 5011 ne
1162 4953 1355 5009 obolus
1383 4950 1617 5021 quideun
1637 4948 1905 5001 Praeterea
1928 4961 1991 4999 ex

414 5074 605 5114 eorum
631 5054 905 5124 Opinione,
928 5050 1017 5118 qui
1038 5051 1140 5102 tria
1170 5047 1431 5100 bonorum
1462 5056 1660 5111 genera
1688 5049 1743 5092 et
1769 5038 1991 5091 totidem

416 5151 680 5206 malorum
697 5147 747 5200 in
769 5142 1068 5211 Scripturis
1095 5136 1321 5207 reperiri
1340 5149 1496 5203 posse
1512 5130 1784 5186 allirmant
1806 5143 1968 5182 couse
1985 5157 1997 5167 ο

416 5240 579 5313 569
620 5251 791 5308 quens
842 5243 921 5289 est
965 5234 1139 5303 justus
1188 5229 1240 5281 in
1284 5225 1534 5296 plurimis
1574 5235 1795 5290 semper
1834 5219 1993 5273 malis

417 5312 559 5394 esse,
604 5348 726 5386 eum
776 5343 903 5381 vera
948 5328 1019 5379 sit
1074 5321 1356 5392 prophetia
1414 5319 1549 5379 haec,
1581 5331 1703 5384 qua:
1732 5313 1866 5366 dicit
1900 5312 1991 5362 I’9:

424 5448 442 5479 ι
488 5428 662 5480 Multa:
693 5422 955 5493 angustiae
1008 5418 1304 5486 iustorum.
1340 5430 1359 5465 ι
1397 5412 1581 5479 Neque
1632 5422 1760 5461 vero
1804 5410 1998 5459 intento

487 5542 531 5573 ⁸⁸
564 5539 704 5593 Psal.
737 5534 1036 5600 asxrtt,‘20.

492 5658 567 5723 ('7)
598 5657 763 5715 Alias.
798 5654 1113 5719 ἐνέγκωσιν.

490 5721 568 5790 (8)
600 5726 725 5785 Leu.
758 5721 1302 5793 πρόκατειλιπιιοότωνἶ
1342 5751 1347 5755 -

496 5781 570 5864 tit)
599 5796 705 5862 [mg
755 5781 867 5861 ἥξοι
906 5797 1026 5853 τοὺς
1062 5781 1414 5861 ipsimi-lini»;
1450 5781 1607 5853 πυρὶ.

2105 4672 2411 4743 εζωσμένος
2444 4671 2545 4740 τὴν
2574 4668 2763 4734 ὀσφὺν,
2798 4664 2891 4717 καὶ
2933 4662 3040 4715 ἀπὸ
3069 4659 3269 4731 τριχῶν
3302 4656 3550 4728 καμήλου
3578 4658 3687 4725 ἠμ-
3730 4656 3736 4661 ’

2106 4765 2415 4835 φιεσμένος.
2469 4758 2893 4832 Ὀμολογήσουσι
2934 4752 3041 4824 γὰρ
3092 4752 3288 4814 αὐτοὺς
3330 4747 3688 4819 τετηρηκέναι

2102 4855 2194 4908 τὸν
2250 4855 2433 4925 νόμον.
2486 4850 2596 4903 Καὶ
2659 4846 3035 4916 ἀπαιτήσομεν
3074 4844 3121 4895 εἰ
3177 4840 3212 4894 ἃ
3265 4837 3473 4893 νοοῦσιν
3510 4836 3690 4905 ἀγαθά

2096 4950 2210 5010 τοῖς
2250 4945 2575 5016 τετηρηκόσι
2625 4938 2834 5001 τούτοις
2878 4937 3188 5007 ὑπῆρκταν
3237 4934 3337 4986 οὐκ
3372 4932 3586 5001 ἔχοντες
3632 4929 3689 4982 δὲ

2096 5038 2300 5102 δεῖξαι,
2332 5031 2879 5105 περικλεισθὴσονται
2918 5031 2996 5089 εἰς
3027 5026 3088 5078 τὸ
3111 5066 3123 5088 ,
3154 5026 3271 5095 ἦτοι
3304 5021 3518 5092 ψευδεῖς
3551 5016 3690 5071 εἶναι

2098 5136 2196 5194 τὰς
2224 5127 2555 5195 ἐπαγγελίας
2583 5125 2680 5187 τὰς
2705 5122 3001 5191 λεγομένας
3032 5116 3267 5171 δίδοσθαι
3299 5116 3409 5176 τοῖς
3437 5108 3688 5164 θεοσεϐέ-

2102 5240 2207 5287 σιν,
2233 5223 2265 5291 ἢ
2300 5218 2519 5289 ἀληθεῖς
2553 5214 2928 5286 τυγχανούσας
2960 5208 3253 5278 ἀναγωγῆς
3281 5204 3488 5259 δεῖσθαι
3508 5221 3520 5233 ·
3550 5204 3598 5254 εἰ
3647 5200 3690 5252 δ’

2104 5314 2191 5365 ἐπ’
2225 5311 2554 5382 ἁλληγορίαν
2591 5306 3025 5375 ἀναγκασθέντες
3061 5302 3285 5355 ἔλθωσιν
3310 5340 3323 5363 ,
3364 5295 3692 5368 ἀθετηθήσε-

2105 5427 2195 5461 ται
2229 5404 2467 5474 αὑτῶνὴ
2498 5402 2764 5473 ὑπόληψις
2794 5400 2933 5469 ὑπὲρ
2968 5397 3059 5451 τοῦ
3103 5396 3194 5449 τὸν
3239 5394 3402 5465 νόμον
3448 5387 3693 5444 ἀπειλεῖν

2186 5642 2296 5712 (ιιι)
2328 5640 2453 5712 lmg.
2493 5634 2819 5712 συμπόσιον.

2188 5709 2232 5782 (Ι
2255 5716 2299 5781 ι)
2332 5711 2458 5779 ng.
2487 5709 2735 5779 ἐρήμοις.
