4100 6398
425 342 560 398 “57

1399 337 1709 392 SELECTA
1746 336 1809 391 IN
1845 326 2187 393 Psamtos.
2221 368 2292 380 —
2325 326 2526 396 'PSA'L.
2571 327 2658 395 t‘v.

3561 336 3699 401 ita"!

421 461 575 514 νόσον
630 458 979 531 σωματικὴν,
1027 456 1118 510 καὶ
1161 457 1229 510 τὰ
1276 458 1436 522 ἐκτὸς
1483 457 1816 528 νομιζόμενα
1862 459 2007 513 κακά

2113 461 2388 527 pcstivum
2425 460 2587 514 fuerit
2633 475 2694 513 ea
2744 476 2864 529 qua:
2895 458 2997 515 Job
3029 462 3363 528 acciderunt,
3409 463 3462 518 in
3509 477 3698 520 eorum

421 556 532 618 τοῖς
568 552 915 624 ἠσεϐηκόσιν,
954 552 986 624 ἢ
1026 550 1458 620 ἐπαγγέλλεσθαι
1501 550 1810 620 ὑγιαίνοντα
1869 548 2008 605 εἶναι

420 646 489 698 τὰ
514 645 761 715 σώματα,
789 645 884 697 καὶ
906 644 1223 716 περιουσίαν
1255 641 1472 695 ἔσεσθαι
1495 645 1606 704 τοῖς
1629 642 1707 711 τῷ
1733 640 1851 710 Θεῷ
1881 660 2010 695 κατ-

418 737 831 808 ηκολουθηκόσι.
890 736 1015 800 Πῶς
1053 736 1109 788 δὲ
1142 735 1242 788 οὑκ
1276 733 1482 805 ἠλίθιον
1516 735 1608 786 ἐπὶ
1660 738 1773 797 τοῖς
1819 738 2010 799 κακοῖς

421 828 568 897 μέγα
613 831 828 898 φρονεῖν
872 828 966 881 καὶ
1003 829 1190 898 αὐχεῖν
1238 828 1364 890 τοὺς
1414 827 1574 889 ὄντας
1609 828 1665 878 ἐν
1699 826 1910 890 αὐτοῖς;
1947 827 2010 880 Et

418 920 530 989 ’γὰρ
557 921 725 973 κακαὶ
764 920 1090 989 αἱθλίψεις,
1141 920 1275 990 φησὶ
1319 920 1375 972 δὲ
1421 921 1449 972 ὁ
1507 919 1829 983 Ἀπόστολος
1871 937 2007 972 καυ-

420 1009 618 1084 χεῖσθαι
651 1015 707 1066 έν
735 1016 924 1077 κακοῖς
945 1032 957 1044 ·
983 1013 1143 1068 τοῦτο
1167 1015 1223 1067 δὲ
1245 1012 1470 1083 ἠλίθιον,
1494 1014 1588 1066 καὶ
1620 1014 1648 1065 ὁ
1689 1012 2009 1076 Ἀπόστολος

419 1105 522 1158 οὑκ
558 1103 764 1174 ἠλίθιος
779 1118 796 1134 ··
837 1102 938 1158 οὑκ
969 1105 1077 1176 ἄρα
1117 1105 1264 1158 κακά
1304 1105 1372 1158 τὰ
1424 1103 1602 1157 τοιάδε
1637 1105 2008 1174 γυμνάσματα

417 1194 514 1248 τοῦ
554 1195 710 1262 ἁγίου
733 1212 745 1222 ·
776 1190 948 1258 ὅστις,
977 1196 1034 1246 ὲν
1068 1197 1232 1248 παντὶ
1253 1193 1599 1266 θλιὸόμενος,
1632 1196 1692 1247 οὑ
1739 1212 2006 1264 στενοχω-

425 1290 634 1357 ρεῖται·
673 1286 1080 1357 ἀπορούμενος,
1132 1287 1236 1339 οὑκ
1271 1286 1766 1354 ἐγκαταλείπεται·
1817 1304 2010 1357 πειρα-

421 1377 680 1447 ζόμενος,
733 1379 794 1430 οὑ
838 1376 1190 1430 θανατοῦται·
1253 1374 1608 1448 νομιζόμενος
1663 1372 1800 1430 εἶναι
1857 1393 2008 1429 πτω-

420 1468 534 1538 χὸς,
570 1468 797 1531 πολλοὺς
842 1467 1152 1529 πλουτίζει·
1200 1467 1296 1520 καὶ⁸
1340 1466 1858 1537 ὑπολαμϐανόμενος
1900 1484 2007 1537 μη-

419 1560 510 1613 δὲν
577 1560 896 1631 κεκτῆσθαι,
947 1559 1126 1612 παντά
1184 1559 1440 1628 κατέχει·
1492 1559 1586 1612 τοῦ
1644 1558 1752 1630 γὰρ
1812 1559 2007 1612 πιστοῦ

417 1653 537 1716 ὅλος
598 1655 627 1706 ό
691 1652 895 1722 κόσμος
957 1651 1067 1704 τῶν
1119 1652 1452 1722 χρημάτων·
1513 1650 1608 1704 τοῦ
1670 1651 1726 1704 δὲ
1780 1651 2006 1704 ἀπίστου

417 1745 540 1799 οὑδὲ
588 1743 791 1808 ὀϐολός.
864 1744 986 1795 Ἔτι
1033 1742 1088 1796 δὲ
1135 1744 1326 1795 ἕπεται
1385 1744 1497 1806 τοῖς
1557 1742 2003 1812 ὑπολαμϐάνουσι

2115 565 2375 605 revocare
2413 552 2756 617 memoriam,
2803 555 2894 624 qui
2930 570 2990 607 ca
3023 552 3162 605 mala
3211 568 3334 608 esse
3364 564 3598 622 putant:
3640 567 3700 610 nt

2111 653 2394 712 postquam
2426 643 2720 696 fortissime
2751 645 3069 714 perfunctus
3103 659 3187 699 est
3220 646 3285 700 iis
3317 662 3434 714 quae
3463 648 3701 701 circum-

2113 737 2338 789 stabant
2367 737 2782 800 certaminibus,
2813 739 2879 792 de
2911 739 3026 806 ipso
3052 737 3188 791 iiber
3215 738 3287 791 ait
3317 739 3362 770 “
3387 755 3400 792 :
3445 758 3460 788 ι
3493 739 3574 792 An
3601 755 3701 807 pu-

2114 836 2195 880 tas
2247 827 2408 880 aliam
2445 827 2514 880 ob
2548 843 2769 882 causam
2816 844 2906 882 me
2949 841 3128 883 tet-unt
3169 831 3694 893 esse-collocutum,

2112 919 2214 971 nisi
2254 929 2309 972 ιιι
2343 916 2528 986 justus
2561 921 2902 988 appareres?
2933 940 2951 971 ι
2991 921 3046 973 Si
3094 922 3239 974 enim
3274 938 3379 976 nou
3410 924 3570 975 aliter
3595 922 3699 976 Joh

2111 1021 2338 1076 apparet
2363 1007 2566 1076 justus,
2603 1026 2766 1078 quam
2796 1013 2939 1080 quod
2963 1012 3116 1068 ilicet
3140 1013 3228 1067 ille
3248 1029 3370 1067 cum
3398 1027 3559 1068 casus
3583 1014 3696 1066 cir-

2119 1102 2532 1163 t-umvmterint,
2588 1103 2863 1170 quomodo
2924 1119 3068 1158 nunc
3137 1106 3518 1158 vocaverimus
3579 1121 3700 1172 qua:

2119 1202 2297 1239 caussa
2333 1186 2576 1252 fuerunt,
2610 1203 2712 1243 cur
2746 1191 2959 1258 justitia
2987 1193 3154 1260 ipsius
3185 1195 3466 1248 eluceret?
3493 1195 3564 1247 Ex
3612 1195 3700 1248 his

2111 1282 2281 1334 etiam
2322 1280 2586 1348 colligere
2618 1282 2764 1344 licet,
2809 1299 2986 1350 neque
3037 1285 3309 1338 diabolum
3347 1287 3466 1339 viro
3506 1295 3700 1340 sancto

2111 1373 2481 1427 malumesse.
2506 1372 2608 1426 .lub
2637 1373 2804 1441 igitur
2838 1375 3087 1430 diabolus
3112 1378 3310 1430 malum
3345 1393 3450 1431 non
3474 1379 3654 1431 erat“
3680 1395 3697 1434 :

2116 1483 2134 1516 ι
2173 1465 2310 1531 Quia
2355 1465 2708 1534 diligentibus
2746 1467 2912 1520 Deum
2989 1469 3174 1522 oumia
3223 1469 3274 1522 in
3322 1471 3522 1522 bonum
3559 1471 3701 1524 Deus

2111 1557 2486 1620 administrat,
2515 1558 2584 1612 iis
2622 1557 2712 1626 qui
2739 1557 2894 1626 juxta
2937 1562 3273 1627 propositum
3303 1561 3482 1615 vocati
3509 1571 3694 1615 suut.s

2112 1647 2377 1701 Praeterea
2411 1649 2656 1702 dicemus
2686 1652 2944 1704 nonsatis
2974 1651 3481 1718 apparere,justum
3509 1669 3699 1706 earum

2113 1737 2228 1792 fore
2260 1741 2700 1795 benedictionqu
2757 1742 3079 1810 participem
3126 1757 3245 1810 qua:
3280 1743 3334 1796 in
3391 1743 3697 1813 Scripturis

419 1834 561 1888 κατά
614 1834 712 1905 τὴν
770 1833 994 1904 Γραφὴν
1039 1833 1167 1904 τρία
1228 1835 1358 1904 γένη
1417 1833 1525 1885 τῶν
1566 1833 1786 1900 ἀγαθῶν
1841 1829 2000 1897 εἶναι,

2112 1832 2298 1897 positu:
2335 1830 2478 1885 bona
2531 1831 2960 1886 exiSIimautur:
3000 1832 3185 1886 multae
3229 1834 3433 1903 quippe
3478 1835 3544 1890 de
3579 1835 3700 1887 viro

417 1926 572 1998 δῆλον
591 1925 646 1979 δὲ
672 1927 753 1978 ὅτι
769 1927 860 1978 καὶ
885 1923 992 1977 τῶν
1017 1923 1222 1988 κακῶν,
1248 1925 1375 1988 τοὺς
1403 1924 1646 1990 δικαίους
1678 1926 1764 1979 ἀεὶ
1787 1927 1844 1978 ἐν
1876 1927 2004 1980 πολ-

417 2020 529 2084 λοῖς
557 2020 746 2084 κακοῖς
775 2015 932 2074 εἶναι·
966 2019 1338 2091 ἀληθευούσης
1365 2019 1466 2089 τῆς
1496 2013 1764 2090 λεγούσης
1790 2036 2003 2091 προφη-

417 2113 585 2176 τείας·
631 2132 649 2162 t
683 2111 881 2165 Πολλαὶ
920 2113 975 2164 αί
1017 2111 1226 2181 θλίψεις
1264 2110 1372 2162 τῶν
1412 2109 1657 2165 δικαίων.
1703 2129 1720 2161 ι
1756 2111 1868 2176 Οὐκ
1895 2110 2002 2180 ἀρα

417 2203 473 2256 δὲ
497 2203 606 2274 (1⁸2)
625 2204 715 2257 καὶ
735 2202 840 2256 τῶν
856 2203 933 2273 τῷ
969 2201 1087 2255 ’1ὼό
1106 2219 1170 2255 συ
1179 2201 1531 2274 μϐεὸηκότων
1549 2202 1862 2274 ὑπομνῆσαι
1878 2202 2005 2264 τοὺς

418 2294 695 2362 οἰομένους
735 2292 862 2345 τάδε
906 2291 1027 2345 τινὰ
1065 2291 1212 2345 κακά
1259 2286 1421 2345 εἶναι·
1451 2288 1526 2355 ὠς
1558 2292 1586 2342 ό
1621 2286 2006 2363 χρηματισμὸς

420 2383 558 2453 μετὰ
585 2383 644 2436 τὸ
667 2384 907 2452 ἐνεγκεῖν
937 2383 1296 2452 γενναιότατα
1313 2385 1439 2447 τοὺς
1473 2385 1835 2455 περιστάντας
1860 2383 2004 2451 ἀγῶ-

416 2491 534 2538 νας,
567 2475 751 2546 φησίν·
801 2492 818 2524 ι
852 2477 975 2529 Οἴει
1005 2474 1061 2528 δέ
1095 2491 1164 2544 με
1194 2474 1368 2538 ἄλλως
1397 2491 1478 2528 σοι
1506 2477 2000 2546 κεχρηματικέναι,

418 2566 451 2636 ἦ
477 2567 563 2620 ἵνα
593 2567 871 2636 ἀναφανῇς
899 2565 1130 2629 δίκαιος;
1173 2585 1191 2616 ι
1214 2566 1276 2617 Εἰ
1305 2564 1415 2634 γὰρ
1443 2566 1543 2618 οὑκ
1572 2566 1744 2628 ἄλλως
1774 2566 2005 2635 ἀναφαί-

417 2677 567 2712 νεται
588 2659 616 2710 ό
654 2658 771 2710 ’1ὼό
800 2658 1006 2720 δίκαιος
1039 2657 1072 2728 ἢ
1098 2660 1162 2710 ὲκ
1177 2657 1270 2712 τοῦ
1300 2658 1427 2712 τάδε
1471 2659 1616 2722 τινὰ,
1646 2660 1848 2713 καὶτοῦ
1877 2660 2002 2714 τάδε

419 2751 568 2821 αὐτῷ
625 2751 769 2804 κακά
816 2750 1071 2820 λέγοιμεν
1117 2750 1384 2821 ὑπάρχειν
1429 2751 1567 2820 (15),
1615 2751 1682 2804 τὰ
1720 2753 1868 2805 αῐτια
1907 2751 2002 2806 τοῦ

418 2843 692 2914 ἀναφῆναι
739 2841 906 2896 αὑτοῦ
961 2841 1058 2912 τὴν
1109 2841 1486 2912 δικαιοσύνηνς
1547 2842 1821 2912 Ἐπόμενα
1853 2843 1897 2894 δ’
1937 2843 2004 2896 ἂν

417 2936 628 2998 τούτοις
665 2935 748 3004 εῖη
775 2933 909 3004 μηδὲ
937 2932 1027 2984 τὸν
1056 2931 1298 2985 διάϐολον
1322 2931 1401 3000 τῷ
1429 2931 1568 3001 ἁγίῳ
1595 2932 1764 2984 κακὸν
1803 2933 2004 3002 τυγχά-

419 3043 550 3079 νειν·
581 3025 660 3096 τῷ
688 3026 732 3079 δ’
758 3021 850 3078 οὖν
889 3023 1008 3076 Ἰὼϐ
1028 3022 1313 3086 όδιάὸολος
1347 3023 1516 3075 κακὸν
1538 3023 1636 3076 οὑκ
1659 3019 1743 3094 ἦν·
1785 3043 1802 3073 t
1850 3025 2004 3078 Ἐπεὶ

418 3120 530 3180 τοῖς
557 3115 809 3185 ἀγαπῶσι
839 3114 930 3167 τὸν
956 3113 1089 3166 Θεὸν
1126 3113 1302 3165 πάντα
1339 3116 1589 3184 συνεργεῖ
1621 3113 1932 3182 εἰςάγαθὸν
1974 3117 2002 3168 ό

417 3209 570 3270 θεὸς,
600 3182 710 3269 τοῖς
732 3205 872 3259 κατά
896 3203 1150 3274 πρόθεσιν
1173 3203 1388 3274 κλητοῖς
1403 3182 1572 3256 οὖσιν.
1611 3224 1628 3255 ι
1656 3206 1776 3258 Ἔτι
1792 3206 1847 3258 δὲ
1870 3207 2006 3278 πρὸς
2032 3182 2074 3240 C

417 3299 629 3360 τούτοις
661 3297 814 3368 παρὰ
853 3296 915 3349 τὸ
940 3295 1168 3365 ἐναργὲς
1199 3291 1339 3348 εἷναί
1371 3311 1553 3366 φαμεν
1583 3296 1643 3348 τὸ
1680 3296 1771 3350 τὸν
1798 3297 2006 3351 δίκαιον

420 3387 479 3441 ὲν
529 3389 649 3450 ταῖς
678 3386 818 3440 κατά
844 3386 903 3439 τὸ
930 3385 1092 3456 ῥητὸν
1122 3384 1395 3454 εὐλογίαις
1426 3385 1645 3439 ἔσεσθαι
1664 3387 1770 3439 τῶν
1796 3389 1854 3441 έν
1885 3391 2006 3454 ταῖς

400 3468 662 3549 Τραφαῖς
687 3479 1017 3548 ἐγκειμένων
1039 3475 1412 3548 νομιζομένων
1431 3476 1672 3545 ἀγαθῶν·
1698 3479 1868 3550 πολλὴ
1897 3481 2004 3552 γὰρ

421 3571 633 3641 ἱστορία
668 3569 701 3640 ἡ
744 3569 873 3641 περὶ
924 3569 1018 3622 τοῦ
1065 3569 1222 3638 ἁγίου
1257 3567 1620 3640 ἐξεταζομένη
1670 3571 2006 3625 ἐναντιοῦται

420 3664 541 3724 ταῖς
572 3661 848 3724 τοιαύταις
878 3661 1144 3731 ὲκδοχαῖς·
1167 3659 1261 3713 καὶ
1292 3659 1518 3732 ἀνόητόν
1544 3661 1660 3713 ἐστι
1681 3662 1740 3715 τὸ
1771 3663 2008 3734 ὑπολαμ-

421 3751 604 3805 ϐάνειν
625 3751 903 3822 δανειστὴν
920 3751 1007 3803 τὸν
1030 3752 1182 3818 ἅγιον
1207 3750 1423 3804 ἔσεσθαι
1453 3750 1664 3804 πολλῶν
1696 3752 1863 3806 ἐθνῶν
1880 3771 2007 3824 τραο

423 3843 594 3906 πέζας
626 3843 768 3895 κατά
803 3843 957 3895 πόλιν
977 3843 1282 3910 ἀνοίγοντα,
1315 3843 1411 3894 καὶ
1444 3843 1861 3914 περισπώμενον
1879 3844 2006 3914 περὶ

421 3934 520 3996 τὰς
549 3933 724 3996 δόσεις
751 3934 844 3986 καὶ
875 3933 1085 4004 λήψεις,
1117 3933 1210 3986 καὶ
1241 3932 1496 3987 ποιοῦντα
1526 3935 1826 4006 πράγματα
1858 3937 2006 4004 ἀπη-

421 4024 749 4095 γορευμένα·
785 4041 802 4072 ι
833 4023 906 4075 Τὸ
929 4021 1190 4094 ἀργύριον
1218 4022 1327 4093 γὰρ
1357 4021 1520 4075 αὑτοῦ
1552 4024 1652 4077 οὐκ
1687 4024 1885 4078 ἔδωκεν
1914 4024 2007 4076 ἐπὶ

421 4116 590 4186 τόκῳ,
618 4115 710 4168 καὶ
748 4114 893 4185 δῶρα
934 4114 1020 4166 ἐπ’
1045 4111 1241 4175 ἀθώοις
1283 4113 1383 4166 οὑκ
1431 4112 1611 4166 ἔλαϐε·
1656 4115 1749 4167 καὶ
1775 4116 1804 4166 ό
1838 4113 2007 4169 ποιῶν

423 4206 594 4260 ταῦτα
625 4207 686 4259 οὑ
738 4205 1128 4275 σαλευθήσεται
1171 4206 1250 4267 είς
1287 4205 1377 4257 τὸν
1411 4205 1604 4259 αἰῶνα.
1653 4225 1672 4258 ι
1711 4207 1823 4260 Καὶ
1865 4205 2008 4260 κατά

422 4299 514 4353 τὸν
550 4297 834 4369 Ἰεζεκιήλ·
877 4315 895 4348 t
947 4298 1004 4350 Ὀ
1046 4295 1198 4365 ἆγιος
1240 4296 1332 4348 ἐπὶ
1375 4296 1518 4365 τόκῳ
1555 4297 1650 4350 καὶ
1681 4295 2006 4367 πλεονασμῷ

423 4392 523 4444 οὑκ
549 4391 712 4445 ἔδωκε
746 4390 806 4442 τὸ
831 4390 1112 4461 ἀργύριον.
1157 4409 1175 4441 ι
1203 4388 1276 4441 Τὸ
1306 4388 1362 4441 δὲ
1391 4387 1485 4442 καὶ
1507 4388 1738 4459 πυρετὸν
1765 4387 2006 4458 νομίζειν

423 4483 511 4536 διὰ
535 4481 633 4546 τὰς
658 4481 932 4552 ἁμαρτίας
949 4480 1193 4549 γίνεσθαι
1219 4479 1563 4534 ἀπαιδεύτων
1588 4482 1669 4543 είς
1697 4479 2004 4552 ὑπερϐολήν

424 4572 542 4625 ἐστι
570 4573 765 4642 δόγμα,
803 4570 1063 4634 πολλάκις
1091 4571 1202 4624 τῶν
1242 4570 1429 4625 αἰτίων
1469 4571 1565 4641 τῆς
1592 4570 1802 4624 τοιᾶσδε
1848 4572 2004 4625 νόσου

425 4661 704 4731 προδήλων
725 4660 914 4715 ὄντων·
952 4660 985 4730 ἢ
1008 4660 1117 4731 γὰρ
1140 4660 1230 4714 διὰ
1258 4659 1318 4712 τὸ
1351 4659 1626 4730 περιέχον,
1653 4659 1686 4730 ἢ
1710 4659 1797 4713 διὰ
1830 4659 2007 4712 τοιάδε

426 4752 615 4815 ὕδατα,
638 4752 671 4823 ἢ
695 4751 784 4805 διὰ
808 4751 1020 4804 τοιάσδε
1043 4750 1269 4821 τροφάς·
1295 4749 1390 4802 καὶ
1405 4750 1454 4802 εί
1480 4745 1616 4801 ἆθλα
1641 4752 1754 4813 τοῖς
1778 4749 2007 4814 δικαίοις

425 4842 586 4910 ὑγεία
618 4841 711 4894 καὶ
735 4839 984 4904 πλοῦτος,
1017 4839 1184 4910 ἐχρῆν
1211 4839 1413 4908 μηδένα
1451 4839 1558 4891 τῶν
1583 4839 1794 4893 ἀσεϐῶν
1831 4839 2010 4908 ὑγιαί-

429 4951 557 4997 νειν,
593 4933 724 5004 μηδὲ
747 4933 1013 4986 πλουτεῖν.
1063 4933 1280 4999 Ὑγείαν
1307 4931 1363 4984 δὲ
1387 4933 1486 5002 τὴν
1508 4933 1715 4986 τοιάνδε
1734 4933 2007 4986 κατάστα-

431 5041 514 5078 σιν
535 5026 635 5097 τῆς
666 5025 843 5096 ψυχῆς
877 5023 1158 5095 ζητητέον,
1196 5024 1291 5077 καὶ
1334 5024 1561 5076 πλοῦτον
1604 5025 1693 5076 τὸν
1724 5024 1866 5077 κατά
1915 5023 2008 5076 τὸν

429 5117 749 5187 Σολομῶντα
781 5117 974 5186 λύτρον
997 5115 1332 5185 τυγχάνοντα
1369 5115 1468 5184 τῆς
1498 5115 1698 5185 ψυχῆς,
1755 5114 2004 5182 λέγοντα·

432 5228 454 5262 ‹
495 5209 702 5280 Λύτρον
731 5209 921 5280 ἀνδρὸς
960 5207 1138 5279 ψυχῆς
1177 5211 1206 5262 ὁ
1238 5209 1363 5271 ἴδιος
1404 5207 1652 5270 πλοῦτος.
1694 5227 1712 5258 ι
1746 5207 2009 5260 Φευκτέον

427 5300 490 5368 δὲ,
513 5302 720 5364 πενίαν,
757 5301 878 5354 καθ’
911 5303 976 5370 ἣν
1010 5299 1446 5370 ἀναγέγραπται·
1496 5319 1513 5350 t
1553 5299 1773 5368 Πτωχὸς
1812 5298 1869 5351 δὲ
1914 5299 2010 5367 οὑχ

430 5394 718 5463 ὑφίσταται
761 5393 1010 5460 ἀπειλήν.
1046 5411 1064 5442 ι
1100 5393 1219 5445 Ἔτι
1252 5391 1309 5445 δὲ
1352 5391 1666 5462 τραύματα,
1701 5391 1792 5444 καὶ
1821 5388 2011 5456 μώλω-

501 5557 545 5586 ⁵⁰
568 5553 687 5608 .lnb.
712 5567 798 5612 ιιι..
823 5551 877 5606 3.
953 5551 995 5584 “
1023 5549 1180 5604 Rom.
1203 5550 1428 5617 Vttt,28.
1506 5549 1659 5602 “Ps.
1697 5545 1878 5612 x1v,5.

501 5696 611 5765 (19.)
639 5696 777 5761 Ἆρα
803 5691 887 5765 δέ.
910 5691 1044 5758 Leg.
1068 5693 1299 5765 λᾶκαιρον
1327 5690 1405 5765 δέ.

1957 5546 2001 5576 ⁸³
2021 5546 2140 5600 Ezet
2161 5543 2216 5598 lt.
2240 5559 2388 5609 “'Ill,
2413 5544 2464 5597 8.

2111 1923 2201 1978 illo
2231 1930 2417 1978 sancto
2433 1923 2669 1977 historiae
2692 1923 2737 1976 si
2765 1923 3160 1994 expendantur,
3184 1924 3341 1977 istam
3377 1921 3722 1992 interpretii?

2111 2018 2309 2070 tionem
2354 2016 2632 2071 refellunt.
2666 2017 2800 2084 Quis
2833 2017 2976 2070 enim
3021 2016 3408 2069 fmticratorem
3443 2025 3696 2072 sanctum

2110 2119 2233 2160 esse
2263 2121 2430 2160 sanus
2457 2106 2753 2170 existimet,
2783 2107 2872 2174 qui
2900 2106 3084 2160 multis
3114 2107 3367 2176 gentibus
3403 2122 3621 2162 mensas
3642 2107 3697 2160 in

2112 2197 2332 2252 civitate
2360 2199 2598 2267 aperiat,
2629 2209 2680 2252 et
2715 2199 2766 2253 in
2799 2200 2981 2254 dando
3009 2208 3065 2252 et
3113 2199 3431 2268 accipiendo
3462 2214 3698 2269 occupe-

2113 2297 2220 2352 tur,
2252 2298 2307 2344 et
2342 2303 2430 2343 res
2481 2290 2676 2343 vetitas
2719 2289 2920 2344 faciat?
2963 2309 2980 2340 ι
3015 2291 3311 2346 Pecuniam
3344 2295 3487 2343 cuitu
3541 2308 3698 2347 suam

2111 2397 2219 2435 non
2255 2382 2406 2436 dedit
2433 2381 2655 2444 faenori,
2690 2392 2744 2435 et
2774 2398 2999 2438 munera
3037 2399 3200 2452 super
3241 2384 3564 2438 innocentes
3590 2400 3699 2438 non

2114 2474 2327 2543 accepit
2366 2489 2379 2526 :
2416 2481 2472 2527 et
2510 2473 2602 2542 qui
2655 2471 2787 2526 fat-it
2819 2474 2956 2538 tunc,
2992 2489 3096 2526 non
3153 2473 3588 2527 commovebitur
3639 2473 3696 2528 iu

2110 2574 2372 2616 a-ternnm
2399 2562 2469 2616 δ’.
2498 2581 2515 2613 ι
2545 2562 2608 2616 Et
2634 2561 2684 2616 in
2711 2561 2993 2616 Ezechiele
3011 2563 3057 2594 ⁸³
3081 2580 3094 2615 :
3120 2581 3137 2613 ι
3161 2563 3394 2617 Sanctus
3432 2563 3602 2618 fenori
3639 2573 3696 2617 et

2113 2651 2266 2708 lucro
2323 2653 2605 2719 pecuniam
2662 2669 2767 2706 uon
2817 2655 3131 2721 occupavit.
3175 2673 3193 2706 ι
3237 2655 3344 2709 Sed
3395 2664 3449 2709 et
3499 2654 3696 2709 febrim

2111 2752 2335 2811 propter
2363 2756 2584 2809 peccata
2615 2746 2891 2810 accidere,
2946 2760 3105 2800 nemo
3137 2745 3242 2800 nisi
3274 2746 3566 2802 admodum
3606 2763 3698 2800 ru-

2112 2838 2196 2892 dis
2211 2847 2268 2891 et
2293 2839 2513 2906 ignarus
2537 2839 2957 2902 existimaverit,
2983 2853 3106 2893 cum
3129 2838 3288 2904 hujus
3314 2839 3486 2892 morbi
3517 2855 3698 2894 causae

2112 2942 2254 2998 saepe
2301 2929 2606 2984 manifesta:
2639 2931 2748 2983 sint.
2783 2948 2796 2982 :
2828 2940 2923 2983 aut
2970 2930 3114 2984 enim
3157 2941 3379 2998 prapter
3414 2931 3697 2986 continen-

2114 3027 2222 3072 tem
2271 3034 2477 3084 aercm,
2523 3020 2604 3073 vel
2657 3031 2882 3088 propter
2934 3021 3071 3076 tales
3116 3036 3326 3090 aquas.
3358 3020 3440 3074 vel
3476 3032 3698 3090 propter

2115 3108 2243 3164 talia
2279 3110 2540 3165 alimenta
2570 3125 2584 3163 :
2618 3119 2694 3176 ct,
2732 3112 2777 3165 si
2809 3113 2976 3181 justis
3004 3113 3215 3165 san-itas
3250 3123 3304 3164 et
3332 3111 3536 3165 divitia:
3556 3127 3697 3181 prae-

2111 3201 2218 3256 mia
2252 3213 2652 3272 proponuntur,
2704 3205 2982 3259 nemiuem
3023 3204 3328 3271 improbum
3360 3219 3561 3259 sanum
3599 3213 3695 3260 aut

2109 3298 2332 3353 divitem
2389 3313 2512 3354 esse
2567 3302 2875 3368 oportebat.
2911 3299 3016 3354 Sed
3075 3297 3282 3352 sanitas
3323 3308 3471 3353 recta
3523 3298 3692 3352 animi

2109 3387 2431 3442 constitutio
2455 3392 2755 3458 quaerenda
2787 3400 2871 3444 est
2898 3406 2914 3442 :
2948 3388 3152 3448 divitiae
3182 3403 3332 3455 vero,
3367 3402 3486 3458 qum
3536 3387 3696 3444 Solo-

2110 3481 2288 3537 monis
2317 3483 2614 3548 senteutia,
2645 3483 2885 3550 pretium
2934 3484 3131 3537 aniuue
3160 3481 3260 3536 viri
3297 3489 3425 3538 sunt
3456 3495 3471 3532 :
3505 3499 3524 3532 ι
3558 3480 3694 3536 Pro-

2111 3571 2264 3637 tium,
2305 3573 2478 3640 inquit
2507 3573 2572 3635 ⁵⁸,
2608 3574 2805 3629 anima:
2841 3575 2944 3628 viri
3004 3573 3210 3628 divitiae
3265 3573 3456 3643 ipsius.
3497 3590 3516 3624 ι
3552 3571 3696 3626 Pau-

2110 3669 2295 3726 pertas
2345 3675 2473 3716 vero
2507 3661 2760 3731 fugienda
2803 3673 2908 3726 est,
2952 3663 3018 3718 de
3051 3678 3156 3731 qua
3188 3664 3452 3732 scriptum
3491 3672 3577 3717 est
3598 3662 3645 3694 "
3675 3674 3690 3716 :

2115 3765 2132 3798 ε
2163 3745 2372 3816 Pauper
2410 3760 2590 3803 autem
2624 3767 2727 3805 non
2769 3751 2917 3806 subit
2949 3753 3125 3805 minas
3155 3771 3168 3806 :
3205 3770 3223 3803 ι
3259 3752 3480 3806 vulnera
3509 3760 3693 3806 autem

2109 3840 2392 3895 etvibices
2426 3851 2480 3894 et
2517 3843 2689 3896 morbi
2744 3842 3050 3911 accipiendi
3100 3851 3246 3904 sunt,
3302 3858 3424 3910 quae
3468 3853 3695 3911 propter

2112 3932 2309 3986 vitium
2346 3932 2625 3988 dissolutis
2661 3932 2937 3988 mentibus
2961 3933 3260 3986 eveniunt:
3296 3932 3437 3985 unde
3467 3941 3521 3985 et
3564 3947 3694 4000 proo

2109 4023 2273 4092 pheta
2299 4037 2394 4076 eos
2426 4023 2517 4091 qui
2549 4024 2600 4076 in
2637 4022 2700 4077 iis
2734 4036 2880 4086 sunt,
2912 4021 3264 4089 reprehendit
3293 4023 3340 4053 ⁵⁸
3371 4039 3386 4078 :
3419 4040 3438 4073 ι
3471 4021 3509 4075 Α
3544 4023 3696 4091 pedi-

2109 4112 2240 4177 bus,
2271 4112 2469 4181 inquit,
2505 4128 2677 4180 usque
2705 4114 2770 4165 ad
2798 4121 2982 4182 caput,
3023 4128 3203 4182 neque
3255 4113 3472 4178 vulnus,
3517 4129 3695 4182 neque

2109 4203 2294 4267 vibex,
2326 4219 2500 4272 neque
2529 4204 2683 4273 plaga
2725 4204 3065 4260 inﬂammata
3103 4201 3132 4262 ι
3173 4221 3278 4260 nou
3315 4213 3403 4262 est
3450 4207 3690 4261 medica-

2118 4303 2360 4350 mentum
2389 4310 2486 4348 cur
2521 4295 2860 4364 imponatur,
2892 4312 3070 4364 neque
3098 4296 3300 4361 oleum,
3351 4313 3528 4366 neque
3568 4297 3690 4352 alli-

2108 4394 2318 4453 gatura.
2365 4403 2383 4435 ι
2426 4384 2552 4439 Haec
2593 4387 2775 4454 itaque
2807 4387 2888 4440 vel
2931 4387 2997 4440 iis
3046 4387 3140 4455 qui
3176 4386 3334 4455 plane
3369 4401 3478 4440 non
3523 4387 3695 4456 negtio

2109 4484 2257 4544 gaut,
2280 4474 2576 4542 sufﬁciunt,
2613 4477 2758 4529 unde
2794 4477 3039 4532 collectis
3066 4476 3166 4531 sibi
3199 4477 3497 4546 Scripturte
3531 4477 3694 4532 dictis

2110 4579 2232 4634 qua:
2288 4579 2592 4636 repugnare
2643 4567 2914 4631 videntur,
2953 4567 3170 4621 actione
3216 4567 3391 4620 sancti
3455 4563 3694 4634 Spiritus

2110 4657 2329 4729 dignam
2380 4657 2796 4727 intelligentiam
2825 4658 3043 4728 assequi
3095 4657 3372 4712 studeant.
3420 4656 3690 4712 Praeterea

2111 4759 2171 4802 ut
2225 4747 2292 4802 iis
2345 4762 2410 4803 os
2441 4749 2782 4812 occludatur,
2839 4749 2930 4820 qui
2970 4749 3112 4803 bona
3157 4764 3303 4814 esse,
3335 4764 3456 4818 qua:
3486 4750 3694 4804 sanctis

2110 4837 2286 4892 danda
2319 4849 2447 4893 sunt
2478 4841 2858 4906 arbitrantur;
2911 4839 3074 4910 57o
3109 4840 3272 4908 mala,
3325 4856 3448 4910 quae
3494 4840 3691 4908 malis;

2111 4930 2227 4984 haec
2264 4931 2516 4987 videntur
2565 4931 2866 4998 adjicienda
2899 4947 2909 4981 :
2948 4947 3112 4987 omne
3151 4933 3294 5002 quod
3341 4942 3424 4986 est
3465 4941 3691 5001 propter

2115 5019 2340 5088 aliquid,
2399 5021 2578 5076 minus
2619 5031 2700 5076 est
2751 5036 2816 5076 eo
2855 5031 3077 5090 propter
3108 5021 3252 5090 quod
3285 5031 3368 5075 est
3393 5037 3408 5072 :
3436 5021 3694 5089 quemad-

2115 5113 2333 5164 modum
2361 5115 2652 5179 sectioues,
2689 5114 2935 5169 ustiones
2969 5122 3026 5167 et
3051 5112 3369 5182 emplastra,
3396 5125 3516 5180 qua:
3566 5124 3693 5178 pro.

2114 5212 2235 5270 pter
2270 5205 2564 5258 sanitatem
2617 5214 2938 5270 sumuntur,
2989 5204 3203 5258 minora
3261 5213 3389 5258 sunt
3434 5201 3688 5256 sanitate.

2114 5293 2229 5350 Etsi
2275 5295 2409 5363 hate,
2449 5306 2507 5349 ut
2540 5297 2590 5348 iu
2624 5297 2908 5351 medicina:
2937 5296 3180 5359 auxiliis,
3213 5295 3353 5348 bona
3401 5292 3689 5356 dicantur,

2117 5385 2188 5439 ita
2241 5396 2324 5440 est
2367 5388 2767 5457 accipiendum,
2808 5398 2866 5442 ut
2911 5405 3016 5442 non
3059 5388 3170 5442 sint
3221 5387 3358 5439 bona
3397 5382 3540 5450 linis,
3575 5382 3691 5438 sive

2543 5545 2587 5575 '”
2615 5543 2772 5600 Prov.
2795 5561 2914 5610 xm,
2939 5545 2993 5598 8.
3071 5545 3115 5575 ⁸⁵
3150 5543 3276 5599 ibid.
3355 5541 3400 5572 ⁵⁸
3429 5537 3545 5595 lsai.
3571 5535 3685 5601 1,6.

645 5750 773 5834 Leg.
803 5764 928 5817 τάδε
972 5750 1091 5816 τ’ίνά
1131 5750 1512 5832 συμπτώματα
1543 5756 1844 5828 γεγονέναι,
1877 5755 1990 5820 πῶς
2011 5754 2076 5810 ἂν
2105 5753 2250 5823 αὐτῷ
2271 5751 2414 5808 κακὲ
2443 5752 2693 5823 λέγοιμεν
2727 5750 3009 5819 ὑπάρχειν.
