4100 6388
396 311 418 365 1
438 309 530 366 159

1778 308 1866 362 LX
1905 306 2211 362 ORIGENE

3537 308 3676 363 H60

393 430 581 482 ultima
608 429 908 492 medicina‘,
938 429 1031 481 sed
1062 427 1367 482 rliirirntia.
1398 428 1601 481 Bonum
1639 438 1816 482 autem
1853 430 1968 484 linis

2083 446 2210 492 πας,
2250 429 2342 481 καὶ
2386 424 2574 492 νόσους
2603 425 2903 499 ἐκληπτέον
2937 424 3003 479 τὰ
3032 424 3292 498 γινόμενα
3318 423 3409 480 διὰ
3442 425 3542 497 τὴν
3571 442 3674 478 κα-

394 520 446 573 ἰιι
482 521 769 585 medicina,
822 521 1066 589 corporis
1116 524 1322 573 sanitas
1374 532 1481 574 est.
1539 523 1630 575 Sic
1691 524 1875 590 igitur,
1930 525 1975 577 si

392 612 645 663 mandata
704 614 819 665 haec
858 612 1126 663 Servanda
1170 622 1319 677 srmt,
1373 622 1430 664 ut
1459 614 1596 666 bona
1628 614 1743 667 huic
1778 629 1975 668 conse-

388 717 655 770 quamur;
703 702 926 771 praemia
976 713 1158 754 autem
1208 704 1347 755 bona
1383 709 1626 774 corporis
1665 714 1718 758 et
1748 716 1975 760 externa

388 801 535 855 sunt,
574 794 728 847 bona:
760 794 1004 848 actiones
1038 796 1193 848 bona:
1225 810 1331 849 non
1358 808 1537 863 erunt,
1574 806 1632 851 ιιι
1657 797 1863 853 ultima:
1913 812 1978 854 ac

388 885 750 951 perlicieutes,
775 885 868 939 sed
896 895 957 940 ut
983 884 1282 941 efﬁcientes
1317 887 1455 942 bona
1480 905 1491 940 :
1512 899 1565 943 et
1596 890 1817 956 divitize,
1842 907 1977 959 quas

389 976 631 1042 polliceri
673 976 1020 1046 Scripturam
1069 988 1287 1049 putant,
1333 990 1391 1034 et
1443 982 1691 1051 corporis
1745 983 1973 1048 sanitas,

387 1067 626 1135 potiores
658 1070 1076 1136 cruntjustitia,
1100 1082 1153 1127 et
1186 1074 1301 1143 ipsa
1335 1073 1723 1139 sanctimonia,
1761 1084 1816 1129 et
1857 1078 1975 1143 pie-

389 1170 521 1224 tate,
549 1170 602 1213 et
630 1161 907 1230 religionis
940 1166 1104 1221 tantis
1150 1176 1206 1221 et
1250 1180 1359 1222 tam
1394 1167 1676 1237 praeclaris
1709 1167 1975 1224 facinori-

387 1250 519 1312 bus;
554 1268 674 1318 qua}
703 1254 920 1321 quidem
964 1257 1258 1331 admittere
1288 1259 1570 1313 hominum
1596 1268 1679 1312 est
1724 1260 1818 1328 qui
1854 1260 1973 1314 vir-

388 1342 866 1415 tulisdignitatem
910 1348 1181 1418 ignorant,
1232 1354 1327 1405 sed
1365 1365 1453 1405 res
1497 1364 1717 1406 crassas
1765 1359 1819 1404 et
1874 1350 1974 1404 lin-

390 1436 661 1504 milesipsi
697 1448 1060 1507 anteponunt.
1094 1438 1351 1493 Omnium
1383 1438 1528 1492 enim
1560 1446 1644 1491 est
1689 1438 1974 1493 absurdis-

386 1528 585 1579 simum
623 1528 828 1589 dicere,
860 1529 1143 1598 prteclaris
1171 1530 1504 1584 facinoribus
1534 1540 1799 1598 praeStare
1829 1530 1973 1584 divi-

390 1619 595 1679 lias.el
636 1622 884 1690 corporis
928 1625 1216 1676 sanitatem
1253 1641 1267 1679 :
1304 1624 1390 1677 cui
1439 1624 1663 1678 nefariae
1710 1623 1973 1677 doctrina:

386 1710 527 1763 allixi
561 1712 802 1764 nonnulli
831 1714 1179 1765 crediderunt
1213 1712 1330 1768 l‘ore
1373 1723 1455 1777 ut,
1490 1713 1744 1767 excitatis
1784 1727 1974 1782 corpo-

2080 521 2205 574 κίαν
2254 523 2373 584 ταῖς
2429 521 2901 593 ἀπροσεκτούσαις
2951 520 3169 589 ψυχαῖς·
3226 520 3355 591 περὶ
3387 512 3462 572 ὧν
3510 519 3603 571 καὶ
3645 519 3675 572 ὀ
3742 572 3753 577 κ

2079 615 2366 685 προφήτης
2390 615 2670 685 μέμφεται
2702 615 2829 677 τοὺς
2858 616 2916 667 ἐν
2942 616 3054 677 τοῖς
3080 612 3342 673 τοιούτοις
3373 611 3673 680 τυγχάνον-

2077 725 2197 771 τας,
2230 707 2424 775 λέγων·
2457 727 2475 758 ι
2522 707 2655 760 Ἀπὸ
2682 705 2861 759 ποδῶν
2883 706 2988 769 ἕως
3018 704 3261 775 κεφαλῆς
3279 703 3403 757 οὐτε
3427 701 3671 774 τραῦμα,

2077 800 2201 854 οὐτε
2238 800 2464 871 μώλωψ,
2514 800 2639 853 οὔτε
2685 799 2867 871 πληγὴ
2919 799 3350 869 φλεγμαίνουσα·
3394 796 3496 849 οὑκ
3553 796 3672 849 ἔστι

2083 897 2345 969 μάλαγμα
2368 896 2657 956 ἐπιθεῖναι,
2690 894 2815 948 οὑτε
2846 894 3045 955 ἔλαιον,
3069 891 3191 947 οὔτε
3221 897 3615 961 κατασεσμους.
3644 907 3665 940 ι

2080 990 2267 1043 Ταῦτα
2305 989 2405 1060 μὲν
2434 984 2527 1042 οὖν
2559 988 2808 1058 αὐτάρκη
2841 990 2954 1049 τοῖς
2986 985 3062 1057 μὴ
3089 985 3231 1039 πάνυ
3265 984 3491 1043 ἁμελέσι
3532 981 3670 1052 πρὸς

2076 1082 2157 1143 τὸ,
2189 1082 2297 1136 ἀπὸ
2313 1080 2518 1135 τούτων
2549 1080 2760 1142 ἑαυτοῖς
2779 1077 3197 1147 ἀναλεξαμένοις
3220 1077 3286 1130 τὰ
3317 1078 3671 1147 περισπῶντα

2085 1173 2226 1244 ρητά
2268 1172 2375 1225 τῶν
2416 1170 2671 1243 Γραφῶν,
2708 1169 3017 1222 ἐπιϐάλλειν
3058 1170 3122 1238 τῇ
3166 1166 3291 1238 ἀξίᾳ
3339 1170 3519 1234 νοήσει
3570 1169 3671 1238 τῆς

2078 1263 2357 1335 ἐνεργείας
2380 1262 2472 1315 τοῦ
2495 1262 2652 1330 ἁγίου
2684 1258 3017 1329 Πνεύματος·
3055 1259 3133 1311 ἔτι
3160 1259 3216 1311 δὲ
3251 1259 3391 1329 ὑπὲρ
3416 1257 3509 1311 τοῦ
3537 1276 3667 1311 σιω-

2076 1358 2247 1428 πῆσαι
2290 1357 2419 1418 τοὺς
2454 1354 2734 1424 οἰομένους
2768 1352 2896 1405 τάδε
2931 1347 3071 1404 εἶναι
3108 1350 3177 1403 τὰ
3222 1350 3403 1419 ἀγαθά
3436 1350 3504 1403 τά
3557 1353 3668 1413 τοῖς

2074 1449 2252 1518 ἁγίοις
2275 1446 2635 1517 δοθησόμενα,
2655 1445 2748 1499 καὶ
2770 1444 2894 1497 τάδε
2910 1442 2979 1496 τὰ
2997 1442 3143 1496 κακά
3163 1444 3275 1506 τοῖς
3299 1441 3665 1513 ἁμαρτωλοῖς,

2076 1540 2372 1595 καὶταῦτα
2407 1537 2754 1610 προσθετέον·
2804 1537 2886 1588 ὅτι
2934 1536 3044 1587 πᾶν
3098 1534 3158 1587 τὸ
3210 1532 3300 1586 διά
3345 1551 3420 1603 τι,
3448 1532 3667 1585 ἔλαττόν

2075 1633 2191 1684 ἐστι
2227 1629 2322 1682 τοῦ
2349 1628 2416 1683 δι’
2460 1630 2488 1683 ὃ
2523 1630 2691 1681 ἐστιν·
2735 1623 2850 1680 οἷον
2878 1626 3063 1696 τομαὶ,
3094 1626 3189 1679 καὶ
3208 1624 3534 1696 καυστῆρες,
3571 1624 3666 1677 καὶ

2076 1723 2445 1794 ἓμπλαστροι,
2485 1721 2551 1774 δι’
2592 1720 2781 1789 ὑγείαν
2813 1717 3376 1790 παραλαμϐανόμενα,
3408 1717 3665 1770 ἐλάττονα

389 1804 559 1866 ribus,
596 1805 647 1856 iu
685 1804 848 1857 vitam
882 1806 1109 1859 reduces
1133 1804 1289 1872 juxta
1337 1806 1541 1874 primas
1591 1806 1710 1860 illas
1747 1806 1968 1874 promis-

2074 1811 2332 1881 τυγχάνει
2359 1811 2459 1879 τῆς
2491 1808 2698 1877 ὑγείας·
2737 1806 2838 1861 κᾶν
2870 1807 2946 1871 ὼς
2982 1808 3039 1859 ὲν
3075 1807 3339 1877 ἰατρικοῖς
3372 1804 3428 1858 δὲ
3461 1804 3662 1876 βοηθή-

386 1895 590 1959 siones,
636 1895 865 1950 edamus
902 1896 999 1950 bos
1053 1906 1109 1951 et
1161 1896 1281 1952 illos
1334 1898 1507 1962 cibos,
1562 1906 1617 1951 et
1672 1898 1964 1959 bibamus;

387 1983 577 2052 aliqui,
602 1993 661 2036 ut
690 1984 889 2039 liberos
920 1984 1080 2038 etiam
1110 2000 1441 2055 qumramus.
1477 1988 1600 2042 Haec
1624 1987 1671 2042 si
1704 1992 1771 2043 ad
1794 1989 1972 2043 ethni-

383 2094 478 2131 cos
495 2077 865 2147 pervenerint,
896 2093 1149 2148 magnum
1166 2078 1484 2135 stoliditatis
1501 2090 1556 2136 et
1577 2080 1823 2135 stultitia:
1842 2096 1969 2151 pro-

385 2172 544 2224 hrmn
567 2169 986 2224 Christianismo
1035 2169 1281 2240 alligent,
1327 2188 1451 2227 cum
1481 2172 1703 2228 meliora
1734 2174 1974 2227 sentiant

382 2275 416 2314 a
448 2260 556 2313 lide
584 2258 747 2313 alieni
774 2276 790 2315 :
823 2275 922 2314 nos
944 2275 1093 2325 vero,
1118 2262 1260 2330 quod
1285 2277 1353 2316 ex
1377 2277 1660 2317 sacrorum
1704 2263 1969 2317 librorum

384 2362 638 2406 accurata
673 2351 907 2407 lectione
927 2354 1240 2422 perspicere
1268 2353 1568 2424 potuimus,
1595 2352 1708 2421 jam
1735 2369 1972 2425 appone-

386 2458 527 2497 mus.
568 2442 894 2498 Dicebamus
922 2444 1067 2499 enim
1103 2446 1326 2513 placere
1364 2444 1540 2509 nobis,
1573 2446 1625 2499 in
1667 2446 1972 2500 arbitrariis

385 2543 566 2587 etnon
618 2535 928 2590 arbitrariis
964 2538 1104 2591 bona
1134 2546 1189 2591 et
1223 2536 1363 2590 mala
1408 2550 1554 2593 esse.
1596 2538 1794 2592 Verum
1832 2540 1972 2593 inter

384 2639 490 2677 non
512 2625 802 2678 arbitraria
822 2626 962 2679 bona
989 2642 1090 2680 non
1110 2628 1568 2683 enumerabamus
1587 2628 1968 2697 valetudinem,

383 2716 709 2781 sanitatem,
743 2715 1006 2781 formam,
1033 2717 1279 2787 gloriam,
1313 2719 1572 2784 divitias;
1615 2728 1671 2774 et
1707 2731 1968 2790 quantum

381 2809 516 2863 eniti
566 2810 862 2877 potuimus,
896 2811 1290 2866 dubitationem
1332 2827 1552 2867 omnem
1594 2814 1834 2869 breviter
1862 2816 1973 2870 sol-

380 2916 513 2956 vere
542 2903 720 2956 conati
754 2918 968 2958 sumus.
1019 2903 1279 2971 Quantam
1330 2920 1462 2975 ergo
1500 2906 1640 2960 bona
1675 2908 1806 2973 sint,
1847 2922 1968 2976 quae

384 2994 557 3050 libere
611 3012 716 3051 non
747 2996 1140 3066 suscipiuntur,
1175 3013 1317 3052 nunc
1363 2998 1653 3053 dicendum
1698 3009 1802 3065 est,
1832 3014 1971 3069 quo-

2079 1918 2211 1971 μασι
2234 1900 2406 1954 ταῦτα
2429 1899 2638 1968 λέγοιτο
2660 1898 2861 1967 ἀγαθὰ,
2894 1898 2998 1970 χρὴ
3036 1897 3419 1968 ἐκλαμϐάνειν,
3450 1898 3532 1951 ὅτι
3561 1899 3665 1952 οὑκ

2076 1992 2190 2045 εστι
2221 1991 2410 2046 τελικά
2452 1991 2702 2064 ἰατρικῆς
2724 1991 2921 2060 ἀγαθὰ,
2958 1991 3095 2045 ἀλλά
3128 1991 3407 2063 ποιητικά·
3453 1990 3664 2069 τελικὸν

2074 2085 2132 2139 δὲ
2165 2085 2306 2139 κατὰ
2330 2085 2427 2157 τὴν
2459 2082 2712 2155 ἰατρικὴν
2742 2082 2945 2151 ἀγαθὸν
2983 2084 3016 2152 ή
3054 2081 3149 2134 τοῦ
3195 2080 3447 2152 σώματος
3481 2081 3658 2149 ὑγεία.

2075 2173 2234 2228 Οὕτω
2268 2172 2449 2226 τοίνυν
2487 2173 2581 2227 καί⁵
2604 2174 2651 2225 εἰ
2672 2171 2831 2225 τάσδε
2866 2170 2966 2233 τὰς
2992 2170 3212 2234 ὲντολάς
3238 2172 3505 2243 τηρητέον
3522 2172 3664 2243 ὑπὲρ

2073 2265 2169 2320 τοῦ
2202 2264 2367 2318 τῶνδε
2404 2264 2515 2318 τῶν
2542 2262 2761 2332 ἀγαθῶν
2781 2264 2983 2333 τυχεῖν·
3019 2262 3088 2316 τὰ
3123 2261 3179 2314 δὲ
3205 2258 3344 2315 ἆθλα
3371 2262 3439 2316 τὰ
3469 2281 3660 2334 σωμα-

2074 2357 2203 2412 τικά
2248 2359 2385 2419 ἐστι,
2417 2357 2511 2411 καὶ
2537 2356 2605 2409 τά
2640 2355 2814 2421 ἐκτὸς,
2847 2356 2903 2408 αἰ
2943 2353 3145 2423 ἀγαθαὶ
3183 2354 3408 2427 πράξεις
3446 2356 3662 2409 ἔσονται

2074 2447 2176 2499 οὐκ
2231 2445 2435 2514 ἀγαθαὶ
2481 2446 2557 2507 ὼς
2606 2444 2837 2509 τελικαὶ,
2886 2444 3002 2498 ἀλλ’
3042 2445 3074 2515 ἢ
3113 2446 3222 2515 ἄρα
3252 2445 3328 2509 ὡς
3376 2446 3662 2516 ποιητικαὶ

2074 2534 2316 2602 ἀγαθῶν·
2361 2536 2457 2588 καὶ
2508 2534 2662 2586 ἔσται
2690 2533 2961 2604 διανρέρων
3007 2535 3036 2586 ὁ
3075 2534 3326 2598 πλοῦτος,
3360 2535 3419 2588 ὃν
3454 2536 3661 2593 οἴονται

2075 2625 2507 2695 ἐπαγγέλλεσθαι
2567 2625 2665 2696 τὴν
2718 2626 2962 2697 Γραφὴν,
3019 2627 3114 2678 καὶ
3174 2629 3207 2697 ἡ
3257 2627 3352 2680 τοῦ
3409 2628 3663 2698 σώματος

2075 2717 2255 2786 ὑγεία,
2288 2718 2388 2789 τῆς
2420 2718 2785 2788 δικαιοσύνης.
2818 2719 2911 2771 καὶ
2939 2717 3107 2788 αὐτῆς
3148 2719 3202 2771 δὲ
3240 2721 3337 2790 τῆς
3360 2722 3659 2791 ὁσιότητος,

2075 2811 2171 2865 καί
2197 2811 2295 2881 τῆς
2324 2811 2628 2873 εὐσεϐείας,
2665 2811 2759 2863 καὶ
2789 2810 2891 2879 τῆς
2923 2811 3232 2874 θεοσεϐείας
3266 2810 3377 2864 τῶν
3408 2813 3661 2883 τηλικοὺι

2072 2923 2182 2957 των
2211 2904 2738 2976 ἀνδραγαθημάτων·
2762 2904 2907 2975 ἆπερ
2925 2904 3326 2975 παραδέξασθαι
3357 2906 3661 2978 ἀνθρώπων

2074 2996 2191 3049 ἐστὶ
2224 2995 2284 3048 τὸ
2306 2996 2521 3065 ἀξίωμα
2546 2995 2645 3065 τῆς
2678 2996 2877 3066 ἀρετῆς
2908 2994 2981 3064 μὴ
3004 2995 3403 3063 γινωσκόντων,
3432 2997 3568 3050 ἀλλά
3590 2997 3663 3051 τὰ

386 3088 533 3141 niam
582 3102 768 3142 verum
796 3098 878 3141 est
934 3086 985 3140 id
1018 3086 1109 3139 ⁸⁷2
1151 3104 1170 3138 ι
1206 3085 1318 3141 Nisi
1364 3087 1624 3142 Dominus
1663 3089 1968 3144 mdilicave-

2075 3086 2233 3140 ὑλικὰ
2261 3086 2433 3155 αὐτῆς
2458 3084 2867 3157 προτιμώντων·
2896 3085 3112 3137 πάντων
3140 3086 3248 3156 γάρ
3272 3087 3421 3139 ἐστιν
3453 3086 3662 3141 ἀτοίιιιώΔ

386 3179 454 3233 rit
477 3180 714 3244 domum,
734 3178 934 3232 frustra
954 3178 1338 3233 laboraverunt
1366 3180 1457 3248 qui
1489 3180 1762 3234 mdiiicant
1785 3195 1962 3247 eam;i

384 3280 435 3323 et
471 3286 486 3323 :
518 3290 536 3322 ι
574 3269 685 3324 Nisi
734 3271 997 3325 Dominus
1031 3270 1360 3325 custodierit
1409 3272 1717 3337 civitatem,
1765 3270 1967 3327 frustra

384 3362 570 3432 vigilat
597 3364 689 3430 qui
722 3364 960 3418 custodit
984 3380 1127 3420 eam.
1162 3380 1180 3413 ι
1205 3361 1468 3419 IEdilieat
1494 3366 1714 3420 domum
1740 3367 1973 3435 quicun-

382 3470 491 3522 que
520 3454 735 3523 prolicit
765 3470 780 3510 :
812 3454 1052 3508 custodit
1098 3454 1401 3522 civitatein,
1434 3458 1749 3526 quicunque
1790 3456 1972 3527 perfe-

384 3556 507 3599 ctus
539 3562 552 3599 :
590 3561 784 3597 vanum
823 3557 1006 3599 autem
1052 3560 1190 3614 opus
1238 3546 1586 3612 aediﬁcantis,
1614 3557 1671 3602 et
1702 3564 1841 3601 vana
1875 3565 1971 3601 cu-

384 3637 564 3691 stodia
595 3637 890 3701 servantis,
929 3637 1030 3692 nisi
1062 3638 1328 3692 Dominus
1361 3637 1739 3703 a-dilicaverit,
1780 3651 1835 3692 et
1874 3639 1971 3693 Do-

386 3731 563 3783 minus
605 3729 949 3785 custodierit.
1003 3729 1167 3783 Extra
1217 3729 1445 3783 liberam
1482 3729 1814 3784 voluntatem
1873 3745 1973 3784 no»

385 3832 559 3875 stram
592 3823 756 3877 luerit
782 3825 1007 3888 bonum,
1038 3824 1213 3877 virtus
1248 3822 1485 3890 Domini,
1529 3838 1649 3893 quae
1691 3823 1970 3878 aediﬁcan-

387 3913 462 3966 tis
491 3912 908 3966 a'diiicationem
936 3911 1189 3981 adjuvat,
1220 3922 1277 3967 et
1306 3912 1354 3967 ei
1395 3912 1721 3984 opitulatur,
1753 3928 1970 3983 unaque

391 4022 517 4059 cum
552 4022 615 4060 eo
644 4004 899 4068 tedilicat,
925 4005 1021 4073 qui
1048 4004 1465 4060 aediﬁcationem
1489 4021 1586 4075 per
1620 4020 1680 4060 se
1708 4020 1969 4060 consum-

384 4114 537 4153 mare
561 4111 668 4152 non
692 4107 902 4167 potest:
929 4096 1071 4151 idem
1100 4098 1167 4151 de
1189 4097 1458 4151 custodita
1483 4097 1707 4151 civitate
1730 4097 1970 4151 sentien-

383 4190 510 4243 dum
538 4198 642 4242 est.
676 4189 741 4242 Et
757 4187 1216 4257 quemadmodum
1243 4188 1289 4243 si
1319 4186 1559 4243 dicerem
1588 4190 1788 4243 bonum
1819 4187 1966 4254 agri-

382 4282 630 4345 cultura,
654 4281 795 4351 quod
829 4280 1065 4335 fructum
1096 4278 1277 4343 eﬂlcit,
1311 4280 1529 4335 mistum
1560 4292 1683 4335 esse
1703 4294 1767 4333 ex
1803 4279 1962 4351 571

382 4371 637 4425 libertate
663 4387 783 4441 qua:
810 4373 860 4424 in
896 4380 1012 4424 arte
1034 4380 1117 4425 est
1148 4370 1425 4443 agricolae,
1456 4379 1511 4425 et
1532 4387 1636 4425 non
1671 4370 1967 4425 arbitrario

2073 3195 2233 3233 τατον
2261 3177 2367 3230 τῶν
2393 3175 2897 3248 ἀνδραγαθημάτων
2910 3176 3088 3244 λέγειν
3102 3176 3382 3249 διαφέρειν
3408 3178 3468 3231 τὸ
3497 3178 3661 3232 πλουι

2070 3273 2204 3334 τεῖν,
2238 3268 2331 3322 καὶ
2377 3267 2439 3320 τὸ
2477 3267 2741 3334 ὑγιαίνειν
2783 3268 3127 3337 σωματικῶς·
3168 3267 3255 3322 διά
3291 3269 3358 3322 τὰ
3410 3269 3660 3341 μοχθηρά

2071 3362 2135 3433 δὴ
2166 3360 2337 3413 ταῦτα
2369 3360 2616 3430 δόγματα
2652 3358 2960 3422 ἀκολούθως
2989 3360 3134 3422 τινὲς
3172 3360 3516 3431 προσήκαντο
3565 3364 3660 3416 καὶ

2076 3454 2213 3523 μετά
2262 3451 2360 3522 τὴν
2415 3452 2711 3506 ἀνάστασιν
2744 3454 2803 3504 ὲν
2846 3454 2965 3515 ταῖς
3019 3451 3264 3523 πρώταις
3306 3454 3660 3523 ἐπαγγελίαις

2072 3544 2271 3598 ἐσθίειν
2296 3545 2328 3615 ή
2339 3545 2445 3614 μᾶς
2479 3544 2691 3614 μέλλειν
2716 3542 2785 3596 τά
2819 3543 2998 3596 τοιάδε
3031 3543 3316 3615 βρώματα,
3346 3546 3438 3599 καὶ
3460 3546 3657 3600 πίνειν·

2072 3636 2213 3699 τινὲς
2239 3636 2296 3689 δὲ
2328 3636 2422 3689 καὶ
2450 3638 2803 3689 τεκνοποιεῖν.
2836 3635 3022 3689 Ταῦτα
3049 3635 3107 3689 δὲ
3148 3635 3428 3704 φθάσαντα
3454 3639 3547 3691 καὶ
3578 3641 3659 3702 εἰς

2070 3727 2196 3790 τοὺς
2228 3726 2335 3779 ἀπὸ
2381 3725 2491 3802 τῶν
2536 3725 2727 3790 ἐθνῶν,
2765 3726 3007 3797 μεγάλης
3041 3725 3294 3797 εὐηθείας
3331 3727 3487 3792 δόξαν
3517 3729 3655 3782 ἀπε-

2070 3819 2369 3887 νέγκασθαι
2395 3820 2610 3890 ποιήσει
2631 3818 2719 3872 τὸν
2741 3815 3189 3891 Χριστιανισμὺν,
3212 3819 3391 3891 πολλῷ
3413 3821 3657 3891 βελτίονα

2069 3912 2315 3981 δόγματα
2338 3912 2571 3983 ἑχόντων
2599 3910 2758 3965 τινῶν
2778 3910 3073 3982 ἀλλοτρίων
3094 3911 3194 3980 τῆς
3217 3911 3471 3976 πίστεως·
3498 3913 3659 3985 ἡμεῖς

2069 4004 2124 4057 δὲ.
2147 4002 2247 4075 ἥδη
2278 4003 2338 4057 τὸ
2368 4002 2687 4073 φαινόμενον
2708 4004 2840 4073 ἡμῖν
2863 4001 2972 4055 ἀπὸ
2990 4001 3092 4070 τῆς
3125 4001 3423 4066 ἐξετάσεως
3451 4004 3560 4057 τῶν
3584 4006 3657 4058 ίε-

2072 4095 2181 4166 ρῶν
2209 4095 2406 4163 λογίων
2428 4092 2910 4165 παραστησόμεθα.
2930 4093 3270 4164 Ἐφάσκομεν
3292 4094 3401 4165 γὰρ
3430 4095 3657 4167 ἀρέσκε-

2072 4187 2195 4241 σθαι
2227 4184 2325 4257 μὲν
2344 4185 2423 4257 τῷ
2447 4185 2629 4254 λέγειν
2653 4185 2709 4238 ὲν
2732 4189 3135 4258 προαιρετικοῖς
3156 4187 3250 4240 καὶ
3276 4188 3333 4239 ὲν
3359 4187 3657 4259 ἀπροαιρέ-

2068 4298 2181 4343 τοις
2215 4276 2355 4333 εἶναι
2384 4277 2455 4333 τά
2478 4277 2659 4347 ἀγαθά
2691 4280 2788 4333 καὶ
2812 4277 2880 4332 τὰ
2902 4276 3066 4332 κακά·
3102 4278 3164 4330 οὐ
3189 4277 3294 4348 μὴν
3314 4277 3657 4349 ὴριθμοῦμεν

2069 4375 2150 4438 εἰς
2201 4372 2272 4427 τὰ
2318 4372 2657 4444 ἀπροαίρετα
2687 4370 2797 4423 τῶν
2826 4369 3045 4435 ἀγαθῶν
3074 4369 3171 4439 τὴν
3212 4370 3421 4438 ὑγείαν,
3464 4370 3558 4423 καὶ
3596 4370 3657 4422 τὸ

381 4465 526 4533 quod
560 4481 587 4516 ιι
622 4462 970 4519 Providentia
999 4474 1103 4532 est,
1130 4473 1359 4534 propter
1389 4463 1534 4519 aeris
1563 4464 1881 4533 temperiem
1910 4472 1966 4518 et

2073 4466 2285 4530 κάλλος,
2317 4466 2409 4519 καὶ
2436 4463 2536 4536 τὴν
2566 4463 2863 4531 εὐγένειαν,
2900 4462 2994 4515 καὶ
3020 4461 3118 4531 τὴν
3142 4460 3407 4527 εὐδοξίαν,
3438 4461 3533 4514 καὶ
3565 4461 3657 4513 τὸν

384 4563 575 4616 imbris
607 4559 966 4615 sufﬁcientem
996 4561 1206 4630 copiam
1239 4574 1253 4614 :
1280 4560 1359 4614 sic
1383 4560 1589 4615 bonum
1618 4559 1965 4615 rationabilis

383 4661 653 4705 creaturm
677 4652 895 4703 mistum
920 4660 1001 4703 est
1034 4664 1099 4703 ex
1135 4648 1412 4703 voluntate
1440 4648 1631 4718 ipsius,
1663 4657 1719 4702 et
1742 4648 1962 4717 conspi-

384 4746 539 4790 rante
565 4734 745 4787 divina
773 4734 971 4786 virtute
996 4748 1050 4785 ιιι
1074 4746 1140 4785 eo
1172 4733 1266 4800 qui
1291 4731 1672 4786 honestissima
1709 4731 1955 4801 suscipit.

384 4827 501 4880 Non
535 4824 706 4877 solum
736 4823 898 4895 igitur
926 4823 993 4878 ad
1022 4823 1073 4877 id
1103 4832 1161 4876 ut
1186 4823 1446 4877 honestus
1473 4832 1528 4877 et
1554 4823 1730 4877 bonus
1752 4822 1845 4877 ﬁat
1867 4823 1959 4877 ali-

382 4914 526 4982 quis,
549 4927 685 4981 opus
705 4921 788 4965 est
806 4913 1081 4966 voluntate
1106 4920 1290 4965 nostra
1314 4920 1370 4965 et
1399 4911 1578 4966 divina
1605 4930 1708 4984 ope
1737 4913 1958 4984 conspi-

385 5014 559 5067 rante,
585 5021 704 5073 quae
724 5014 986 5074 quantum
1011 5004 1076 5059 ad
1118 5020 1241 5072 nos,
1268 5005 1550 5061 arbitraria
1588 5021 1696 5059 non
1719 5015 1833 5070 est;
1862 5006 1959 5062 sed

383 5097 449 5149 ad
474 5096 525 5149 itl
546 5098 704 5151 etiam
730 5106 789 5152 ut
807 5096 900 5153 aui
923 5096 1188 5152 honestus
1208 5109 1262 5153 et
1282 5101 1456 5154 bonus
1477 5101 1664 5163 evasit,
1686 5100 1738 5153 in
1762 5101 1961 5158 virtute

384 5205 691 5262 perseveret
718 5209 732 5247 :
767 5194 910 5264 quod
943 5194 1200 5249 nimirum
1225 5195 1277 5250 in
1311 5194 1526 5250 ruinam
1550 5193 1872 5265 delapsurus
1895 5196 1967 5249 sit

383 5290 545 5341 etiam
580 5288 875 5358 perfectus,
900 5288 944 5341 si
974 5288 1027 5340 in
1049 5287 1334 5342 honestate
1367 5286 1531 5340 fuerit
1554 5287 1751 5347 elatus.
1776 5296 1830 5341 et
1858 5287 1959 5341 sibi

384 5378 542 5444 lmjus
572 5393 792 5433 causam
819 5385 1057 5447 arroget,
1090 5393 1189 5431 nec
1221 5377 1459 5431 debitam
1494 5375 1721 5445 gloriam
1757 5374 1963 5430 referat

382 5469 453 5531 ei,
492 5470 584 5535 qui
634 5471 802 5523 multo
834 5471 954 5538 plus
992 5470 1058 5523 ad
1100 5470 1491 5538 acquirendam
1528 5481 1585 5523 et
1622 5470 1960 5523 retinendam

384 5566 631 5615 t-ontulit.
663 5563 847 5616 Talem
878 5572 1059 5616 autem
1097 5565 1386 5633 quamdam
1424 5578 1645 5618 causam
1677 5562 1844 5616 fuisse
1874 5576 1962 5615 ar-

454 5736 497 5766 ⁵⁷
531 5739 646 5790 l’sal
690 5755 869 5803 cum,
907 5741 956 5791 1.

2074 4558 2320 4612 πλοῦτον·
2361 4558 2455 4610 καὶ
2492 4555 2635 4609 κατὰ
2663 4555 2722 4608 τὸ
2752 4552 2974 4608 δυνατὸν
3002 4551 3408 4621 ἐπειράσθημεν
3444 4550 3513 4603 τὰ
3559 4568 3656 4603 πε-

2075 4644 2354 4717 ρισπῶντα
2404 4644 2481 4707 ὡς
2520 4644 2579 4696 ἐν
2624 4644 2854 4712 ἐπιτομῇ
2890 4639 3266 4692 διαλύσασθαι.
3307 4638 3442 4692 Τίνα
3480 4638 3656 4692 τοίνυν

2073 4739 2190 4793 ἐστὶ
2216 4738 2285 4792 τὰ
2314 4732 2648 4808 άπροαίρετα
2683 4733 2864 4803 ἀγαθὰ
2903 4731 3001 4802 ἤδη
3034 4730 3272 4785 λεκτέον·
3306 4732 3430 4784 ἐπεὶ
3458 4730 3657 4800 ἀληθὲς

2070 4834 2150 4887 τό·
2177 4853 2195 4885 ι
2234 4832 2358 4886 Ἐὰν
2388 4831 2462 4902 μὴ
2489 4828 2690 4897 Κύριος
2714 4825 3039 4895 οἰκοδομήσῃ
3063 4818 3230 4888 οἶκον,
3247 4824 3327 4887 είς
3346 4822 3524 4894 μάτην
3546 4824 3658 4876 ἐκο-

2071 4925 2270 4978 πίασαν
2295 4926 2343 4976 οἰ
2374 4921 2779 4992 οἰκοδομοῦντες
2809 4919 2970 4974 αὐτόν
2989 4936 3001 4949 ·
3036 4939 3053 4971 ι
3083 4919 3194 4973 καί·
3227 4942 3245 4969 ι
3280 4919 3405 4972 Ἐὰν
3434 4918 3508 4990 μὴ
3543 4918 3657 4971 Κύ-

2074 5032 2184 5085 ριος
2218 5013 2425 5084 φυλάξῃ
2460 5012 2635 5074 πόλιν,
2675 5013 2753 5074 εἰς
2789 5012 2965 5083 μάτην
2991 5010 3348 5083 ἠγρύπνησεν
3390 5012 3419 5063 ὁ
3452 5009 3654 5079 φυλάσ-

2072 5123 2199 5158 σων.
2224 5125 2240 5155 ι
2265 5104 2547 5174 Οἰκοδομεῖ
2564 5102 2619 5156 δὲ
2636 5098 2782 5156 οἷκον
2807 5104 2913 5165 πᾶς
2929 5104 2957 5154 ὑ
2979 5101 3326 5172 προκόπτων,
3344 5102 3439 5154 καὶ
3460 5099 3657 5168 φυλάσ-

2070 5215 2151 5250 σει
2172 5197 2324 5250 πόλιν
2348 5196 2453 5258 πᾶς
2477 5198 2505 5249 ὁ
2527 5195 2748 5258 τέλειος·
2777 5195 3003 5266 μάταιον
3025 5194 3081 5246 δὲ
3114 5194 3174 5246 τὸ
3205 5192 3364 5265 ἔργον
3393 5194 3486 5247 τοῦ
3512 5195 3656 5246 οἰκο-

2070 5286 2376 5357 ὣμοῦντος,
2396 5285 2488 5337 καὶ
2509 5284 2758 5357 ματαίαὴ
2782 5284 2996 5355 φυλακὴ
3015 5283 3104 5337 τοῦ
3127 5284 3441 5355 τηροῦντος,
3458 5282 3553 5335 ἐὰν
3577 5282 3654 5353 μὴ

2070 5378 2272 5449 Κύριος
2297 5377 2645 5450 οἰκοδομήσῃ,
2677 5378 2770 5431 καὶ
2797 5377 2998 5448 Κύριος
3030 5376 3257 5448 φυλάξῃ·
3291 5376 3445 5439 ὲκτὺς
3475 5375 3539 5428 ἂν
3566 5375 3650 5445 εἴη

2069 5469 2166 5539 τῆς
2182 5468 2553 5541 προαιρέσεως
2575 5466 2729 5538 ἡμῶν
2748 5467 2970 5536 ἀγαθὸν,
2988 5468 3020 5537 ἡ
3037 5465 3543 5537 ἀντιλαμϐανομένη
3560 5464 3656 5517 τοῦ

2073 5562 2277 5633 Κυρίου
2312 5562 2539 5633 δύναμις
2561 5561 2659 5631 τῆς
2688 5560 2974 5632 οἰκοδομῆς
2995 5559 3088 5613 τοῦ
3116 5559 3541 5623 οἰκοδομοῦντος,
3561 5557 3656 5612 καὶ
