4100 6382
357 383 487 436 “6|

1351 377 1653 434 SELECTA
1697 378 1758 432 IN
1800 377 2138 434 PSALMOS.
2175 408 2242 418 —
2279 378 2471 434 PSAL.
2509 378 2597 432 ιγ.

3470 386 3490 435 1
3511 386 3606 436 16⁸2

358 495 803 567 συνοικοδομοῦσα
826 495 904 565 τῷ
939 495 1011 566 μὴ
1048 495 1330 565 δυναμένῳ
1358 496 1478 548 καθ’
1505 496 1666 549 αὑτὸν
1699 496 1928 566 ἀπαρτί-

2035 496 2316 562 hitramur,
2365 511 2464 550 cur
2509 495 2601 564 qui
2635 496 2704 549 ab
2751 495 3032 550 Ezechiele
3069 496 3268 551 dicitur
3304 498 3610 570 ineulpalus

356 607 444 644 σαι
481 589 542 642 τὸ
565 589 1029 659 οἰκοδομούμενον
1057 589 1127 640 τά
1154 587 1210 640 δὲ
1232 587 1368 640 αὐτά
1388 588 1481 641 καὶ
1499 589 1592 641 ἐπὶ
1611 588 1709 658 τῆς
1735 587 1929 657 φυλασ-

356 679 588 749 σομένης
618 679 821 741 πόλεως
846 677 1083 748 νοητέον.
1115 678 1228 731 Καὶ
1255 675 1445 749 ὥσπερ
1469 679 1565 732 ἐὰν
1603 679 1811 750 εἴποιμι
1867 677 1928 731 τὸ

353 770 654 840 γεωργικὸν
687 768 909 837 ἀγαθὸν,
932 768 994 820 τὸ
1022 767 1299 839 ποιητικὸν
1339 769 1431 822 τοῦ
1471 768 1704 838 καρποῦ,
1739 769 1928 840 μικτὸν

354 857 492 914 εἶναι
525 864 586 914 ἐκ
607 861 989 932 προαιρετικοῦ
1006 861 1100 913 τοῦ
1126 861 1265 914 κατά
1286 861 1382 932 τὴν
1411 861 1606 932 τέχνην
1637 861 1730 915 τοῦ
1752 879 1926 933 γεωρ-

354 950 472 1016 γοῦ,
511 952 602 1004 καὶ
645 951 1009 1022 ἀπροαιρέτου
1055 950 1148 1004 τοῦ
1180 951 1332 1022 παρά
1363 952 1464 1022 τῆς
1499 953 1762 1023 Προνοίας
1789 953 1928 1008 κατά

353 1042 450 1112 τὴν
497 1042 606 1095 τῶν
661 1043 838 1116 ἀέρων
891 1042 1206 1113 εὐκρασίαν,
1263 1043 1354 1095 καὶ⁵
1403 1043 1573 1115 φορὰν
1623 1044 1928 1116 αὐτάρκους

355 1132 528 1185 ὐετοῦ’
560 1133 702 1188 οὕτω
727 1135 786 1186 τὸ
811 1133 905 1186 τοῦ
925 1133 1142 1202 λογικοῦ
1171 1133 1374 1203 ἀγαθὸν
1400 1135 1588 1205 μικτόν
1614 1137 1760 1189 ἐστιν
1780 1136 1842 1189 ἐκ
1866 1154 1925 1189 τε

350 1225 450 1295 τῆς
480 1226 849 1297 προαιρέσεως
895 1227 1058 1281 αὐτοῦ
1091 1226 1184 1280 καὶ
1206 1226 1306 1296 τῆς
1341 1227 1720 1299 συμπνεούσης
1779 1229 1927 1293 θείας

349 1319 628 1388 δυνάμεως
650 1319 728 1390 τῷ
750 1319 820 1372 τὰ
844 1319 1105 1373 κάλλιστα
1131 1321 1494 1393 προελομένῳ.
1531 1323 1605 1373 Οὐ
1635 1321 1791 1390 μόνον
1819 1321 1927 1373 τοί-

350 1427 444 1464 νυν
469 1414 546 1473 είς
579 1411 639 1463 τὸ
675 1411 839 1464 καλὸν
875 1412 968 1465 κα)⁵
996 1413 1200 1480 ἀγαθὸν
1225 1412 1478 1480 γενέσθαι
1509 1413 1665 1485 χρεία
1704 1415 1797 1467 καὶ
1830 1414 1926 1483 τῆς

353 1501 724 1572 προαιρέσεως
765 1503 860 1572 τῆς
884 1503 1154 1574 ἡμετέρας
1173 1504 1266 1556 κα)⁸
1290 1504 1387 1574 τῆς
1420 1503 1568 1568 Θείας
1601 1505 1922 1576 συμπνοίας,

349 1592 470 1661 ἥτις
511 1592 656 1644 ἐστὶν
684 1592 758 1656 ὡς
803 1593 938 1664 πρὸς
967 1597 1115 1665 ἡμᾶς
1142 1595 1518 1667 ἀπροαίρετος·
1547 1596 1680 1650 ἀλλά
1707 1598 1800 1650 καὶ
1845 1599 1925 1659 είς

349 1683 408 1735 τὸ
440 1685 726 1754 γενόμενον
763 1685 924 1738 καλὸν
959 1687 1052 1739 καὶ
1084 1686 1283 1754 ἀγαθὸν
1329 1686 1599 1757 διαμεῖναι
1626 1688 1682 1739 ἐν
1704 1689 1768 1757 τῇ
1797 1688 1924 1760 ἀρε-

349 1777 436 1845 τῇ·
465 1777 936 1846 μεταπεσουμένου
973 1777 1067 1830 καὶ
1109 1777 1201 1830 τοῦ
1233 1777 1629 1842 τελειωθέντος,
1658 1780 1706 1831 εἰ
1753 1779 1923 1851 ὑπερ-

2037 587 2343 641 ambulasse
2369 587 2420 639 in
2451 586 2704 640 omnibus
2726 588 2828 641 viis
2848 587 2984 652 suis,
3003 587 3175 644 donec
3198 590 3416 645 inventa
3447 591 3610 646 fuerit

2038 679 2089 733 in
2124 695 2189 735 eo
2239 680 2500 746 iniquitas
2530 679 2609 743 ⁸³,
2667 679 2709 732 is
2755 679 2871 748 ipse
2901 682 3202 735 secundum
3245 682 3434 738 Isaiam
3467 685 3609 739 coelo

2036 769 2317 831 exciderit,
2346 769 2436 837 qui
2461 769 2610 837 prius
2634 768 2810 822 fuerat
2833 768 3022 824 lucil‘er
3053 786 3210 826 mane
3237 772 3438 837 oriens,
3458 787 3608 841 post-

2039 875 2101 913 ea
2131 860 2400 914 contritus
2453 868 2508 913 et
2549 858 2786 914 alllictus
2820 860 2873 914 in
2909 871 3110 915 terram
3137 862 3206 919 ⁸³.
3264 861 3377 916 Non
3433 864 3608 919 solum

2035 950 2177 1002 enim
2221 951 2273 1002 in
2319 948 2445 1003 liliis
2489 950 2790 1012 hominmn,
2835 951 2876 1004 si
2921 953 3044 1020 quis
3096 952 3370 1022 perfectus
3413 955 3512 1020 sit,
3559 956 3605 1008 si

2035 1041 2176 1095 absit
2206 1056 2289 1107 ea,
2317 1056 2435 1110 qua:
2465 1056 2531 1094 ex
2558 1040 2664 1094 Deo
2696 1052 2800 1106 est,
2837 1044 3124 1110 sapientia,
3155 1061 3343 1100 verum
3372 1056 3457 1100 est
3483 1062 3608 1100 eum

2036 1132 2186 1186 nihili
2215 1148 2338 1187 esse
2366 1132 2565 1187 factum
2609 1151 2622 1186 :
2662 1136 2756 1188 sed
2789 1137 2921 1190 etin
2951 1137 3266 1207 angelorum
3298 1139 3521 1203 ordine,
3545 1154 3610 1192 ac

2036 1226 2340 1294 principali,
2389 1237 2444 1281 et
2483 1229 2536 1282 in
2577 1229 2724 1283 omni
2768 1231 2983 1292 ordine,
3026 1231 3138 1299 qui,
3173 1240 3434 1299 quantum
3465 1231 3608 1286 Deus

2039 1318 2136 1386 ipsi
2189 1319 2360 1384 adest,
2395 1319 2613 1373 divinus
2650 1329 2750 1375 est.
2797 1321 2960 1375 Forte
3011 1322 3182 1392 igitur
3229 1333 3611 1380 sacrosanctus

2033 1409 2342 1478 Apostolus,
2370 1411 2458 1478 qui
2482 1412 2647 1465 st-iret
2675 1413 2844 1467 multo
2871 1414 3050 1468 minus
3079 1414 3328 1470 conferre
3353 1416 3418 1468 ad
3453 1432 3608 1470 com-

2034 1502 2271 1570 paranda
2313 1503 2451 1557 bona
2495 1503 2822 1559 voluntatem
2866 1515 3127 1571 nostram,
3163 1522 3323 1576 quam
3370 1509 3607 1563 divinam

2032 1593 2310 1660 virtutem,
2347 1595 2560 1650 demum
2603 1597 2679 1650 ait
2709 1598 2868 1651 linem
2904 1616 2922 1648 ι
2959 1614 3062 1652 non
3091 1614 3212 1652 esse
3252 1600 3487 1655 volentis
3516 1615 3610 1655 ne-

2032 1702 2138 1756 que
2169 1689 2464 1756 currentis,
2509 1690 2604 1744 sed
2645 1691 2736 1745 Dei
2780 1691 3094 1746 miserantis
3123 1693 3203 1760 6';
3251 1712 3269 1744 ι
3312 1709 3418 1748 non
3451 1697 3607 1764 quasi

2032 1776 2176 1831 Deus
2200 1794 2303 1831 non
2333 1779 2595 1845 volentes,
2649 1790 2742 1834 aut
2780 1796 2886 1834 non
2913 1793 3196 1838 currentes
3228 1784 3479 1852 adjuvet;
3515 1789 3609 1841 sed

349 1869 614 1939 επαρθείη
647 1870 741 1922 ἐπὶ
771 1869 849 1940 τῷ
869 1869 1038 1940 καλῷ,
1069 1870 1162 1924 καὶ
1189 1869 1381 1923 ἐαυτὸν
1409 1871 1705 1942 ἐπιγράφοι
1733 1871 1922 1925 τούτου

2033 1871 2186 1937 quasi
2218 1871 2352 1925 nihil
2377 1873 2449 1927 sit
2491 1871 2628 1926 velle
2659 1881 2712 1927 et
2757 1889 2982 1928 currere
3005 1890 3115 1944 pra:
3145 1877 3238 1930 Dei
3297 1878 3608 1932 misericor-

348 1961 539 2026 αἴτιον,
578 1961 698 2032 οὐχὶ
735 1961 792 2014 δὲ
838 1961 933 2033 τὴν
965 1963 1191 2016 δέουσαν
1236 1962 1392 2030 δόξαν
1433 1965 1719 2036 ἀναφέρων
1747 1965 1824 2036 τῷ
1867 1967 1927 2019 τὸ

350 2053 528 2124 πολλῷ
561 2054 740 2108 πλεῖον
792 2055 1162 2126 δωρησαμένῳ
1195 2059 1275 2121 εἰς
1319 2059 1418 2129 τὴν
1449 2058 1639 2128 κτῆσιν
1690 2058 1783 2111 καὶ
1831 2057 1928 2128 τὴν

351 2148 578 2218 συνοχὴν
620 2148 720 2217 τῆς
769 2148 988 2218 ἀρετῆς.
1027 2149 1276 2203 Τοιοῦτον
1317 2150 1374 2204 δέ
1407 2167 1459 2204 τι
1503 2149 1674 2204 αἴτιον
1718 2149 1927 2204 καὶτοῦ

347 2239 491 2292 κατά
531 2239 621 2292 τὸν
667 2237 924 2310 Ἰεζεκιὴλ
952 2241 1243 2312 εἰρημένου
1275 2241 1507 2312 ἀμώμου
1543 2259 1926 2314 περιπεπατη-

349 2331 502 2384 κέναι
541 2332 598 2383 ἐν
624 2329 825 2392 πάσαις
845 2333 964 2394 ταῖς
992 2331 1131 2394 ὁδοῖς
1164 2330 1350 2396 αὑτοῦ,
1375 2331 1479 2396 ἕως
1502 2331 1697 2405 εὑρεθῇ
1732 2334 1930 2404 ἀνομία

349 2422 407 2472 ὲν
459 2419 626 2490 αὐτῷ,
664 2419 942 2490 ἡγούμεθα
973 2420 1259 2490 τυγχάνειν
1309 2421 1403 2474 τοῦ
1448 2422 1611 2476 αὑτὸν
1646 2421 1788 2476 κατά
1839 2421 1931 2475 τδν

361 2511 583 2564 Ἡσαΐαν
628 2511 1042 2564 ἐκπεπτωκέναι
1077 2513 1170 2566 τοῦ
1207 2513 1460 2583 οὐρανοῦ,
1493 2515 1767 2586 ἑωσφόρον
1803 2513 1933 2568 ποτὲ

348 2602 660 2673 γενόμενον,
690 2603 833 2674 πρωϊ
863 2604 1237 2670 ἀνατέλλοντα,
1281 2605 1506 2676 ὕστερον
1541 2606 1934 2679 συντετριμμέ-

347 2709 436 2745 νον
468 2694 559 2746 ἐπὶ
584 2694 680 2764 τὴν
711 2695 832 2764 γῆν·
869 2696 929 2748 οὐ
969 2696 1126 2766 μόνον
1150 2695 1258 2768 γὰρ
1291 2697 1385 2750 ἐπὶ
1401 2699 1516 2761 τοῖς
1549 2699 1684 2762 υἱοῖς
1709 2696 1816 2752 τῶν
1841 2700 1935 2752 ἀν-

349 2784 602 2856 θρώπων,
637 2788 730 2841 ἐάν
780 2805 862 2852 τις
917 2788 1120 2852 τέλειος
1170 2785 1227 2862 ᾗ,
1272 2791 1374 2861 τῆς
1425 2791 1534 2845 ἀπὸ
1567 2789 1703 2844 Θεοῦ
1739 2790 1932 2860 σοφίας

350 2877 614 2949 ἀπούσης,
639 2879 836 2949 ἀληθὲς
855 2880 914 2932 τὸ
937 2883 1016 2944 εἰς
1037 2880 1188 2934 οὐδὲν
1217 2881 1379 2935 αὐτὸν
1403 2881 1733 2954 λογισθῆναι·
1799 2881 1936 2938 ἀλλὰ

352 2971 445 3024 καὶ
477 2971 569 3024 ἐπὶ
599 2971 696 3042 τῆς
727 2972 1022 3043 ἀγγελικῆς
1049 2974 1275 3040 τάξεως,
1311 2975 1405 3027 καὶ
1429 2976 1686 3046 ἀρχικῆς,
1718 2978 1810 3031 καὶ
1831 2978 1935 3032 πά-

354 3077 453 3134 σης
473 3062 589 3131 τῆς,
606 3061 725 3113 ὅσον
748 3061 875 3125 Θεὸς
897 3062 1157 3133 πάρεστιν
1180 3063 1340 3132 αὐτῇ,
1366 3063 1514 3128 θείας
1539 3063 1932 3134 τυγχανούσης.

353 3153 503 3222 Τάχα
531 3153 659 3221 γοῦν
690 3155 830 3223 ὀρῶν
873 3155 901 3206 ὁ
931 3155 1072 3229 ἱερὸς
1119 3153 1439 3221 Ἀπόστολος
1465 3155 1597 3209 πολὺ
1627 3155 1845 3210 ἔλαττον
1873 3155 1932 3209 τὸ

351 3246 614 3323 ἡμέτερον
645 3250 1023 3322 προαιρετικὸν
1045 3251 1146 3321 τῆς
1173 3249 1268 3304 τοῦ
1289 3250 1422 3303 Θεοῦ
1453 3247 1736 3320 δυνάμεως
1797 3249 1933 3318 πρὸς

349 3344 449 3414 τὴν
465 3344 655 3414 κτῆσιν
679 3343 784 3396 τῶν
805 3341 1044 3411 ἀγαθῶν,
1068 3345 1201 3413 φησὶ
1224 3343 1286 3396 τὸ
1298 3344 1470 3407 τέλος,
1498 3364 1515 3394 ι
1547 3345 1607 3396 οὐ
1637 3344 1730 3397 τοῦ
1754 3341 1935 3396 θέλον-

351 3451 441 3497 τος
500 3432 656 3496 εἶναι,
705 3435 825 3488 οὐδὲ
865 3435 955 3488 τοῦ
989 3437 1293 3506 τρέχοντος,
1346 3434 1481 3488 ἀλλὰ
1530 3434 1622 3488 τοῦ
1659 3434 1933 3496 ἐλεοῦντος

351 3525 503 3578 Θεοῦ·
540 3545 557 3576 ι
600 3525 698 3595 οὐχ
743 3526 818 3590 ὡς
869 3527 1037 3597 χωρὶς
1087 3527 1179 3579 τοῦ
1228 3526 1420 3590 θέλειν,
1455 3525 1674 3578 καὶτοῦ
1720 3526 1932 3596 τρέχειν

351 3619 626 3682 ἐλεοῦντος
657 3618 814 3684 Θεοῦ,
848 3619 960 3671 ἀλλ’
984 3619 1058 3682 ὼς
1087 3618 1298 3681 οὐδενὸς
1325 3618 1477 3682 ὄντος
1501 3617 1595 3671 τοῦ
1625 3617 1822 3682 θέλειν,
1841 3616 1934 3670 καὶ

350 3708 442 3761 τοῦ
476 3708 712 3780 τρέχειν,
751 3709 1036 3780 συγκρίσει
1067 3708 1160 3762 τοῦ
1196 3709 1378 3772 ἐλέους
1399 3708 1492 3761 τοῦ
1523 3708 1681 3773 Θεοῦ,
1722 3710 1814 3763 καὶ
1846 3709 1934 3762 διὰ

348 3801 508 3854 τοῦτο
537 3805 637 3870 τὴν
673 3801 1097 3873 ὲπιγραφὴν.τοῦ
1131 3800 1297 3854 καλοῦ
1327 3803 1540 3864 δέοντος
1574 3801 1771 3872 μᾶλλον
1800 3803 1933 3856 ἁνα-

349 3892 554 3947 τιθέναι
575 3892 654 3962 τῷ
679 3892 813 3962 ἐλέῳ
840 3892 934 3945 τοῦ
956 3892 1090 3945 Θεοῦ
1128 3893 1271 3963 ἥπερ
1304 3892 1382 3962 τῷ
1407 3891 1732 3962 ἀνθρωπίνῳ
1761 3891 1933 3944 θέλειν

351 3984 445 4038 καὶ
471 3983 701 4053 τρέχειν.
734 3982 918 4037 Ταῦτα
945 3984 1020 4047 δὲ,
1051 3985 1142 4036 ἐπὶ
1169 3983 1302 4038 πολὺ
1329 3983 1804 4055 παρεκϐεϐηκέναι
1851 3982 1934 4034 δο-

352 4076 593 4139 κοῦντες,
617 4074 976 4146 ἐξητάσαμεν,
995 4075 1303 4146 πειθόμενοι
1329 4076 1595 4144 ἀναγκαῖα
1626 4073 1766 4128 αὐτά
1793 4069 1932 4126 εἶναι

351 4168 488 4238 πρὸς
506 4167 584 4219 τό⁹
611 4186 628 4217 t
656 4167 846 4220 Πολλοὶ
864 4166 1098 4235 λέγουσι·
1121 4167 1214 4230 Τίς
1237 4165 1398 4232 δείξει
1419 4168 1549 4236 ἡμῖν
1576 4166 1642 4220 τά
1665 4164 1875 4234 ἀγαθά;
1906 4184 1928 4217 ιι

351 4259 494 4314 κατά
543 4260 604 4313 τὸ
640 4259 863 4313 δυνατὸν
889 4260 996 4330 γὰρ
1034 4261 1061 4311 ὁ
1107 4259 1264 4326 λόγος
1305 4261 1417 4320 τοῖς
1448 4257 1664 4326 λέγουσι
1698 4257 1928 4320 πολλοῖςο

357 4372 376 4405 ι
408 4354 503 4417 Τίς
534 4351 696 4417 δείξει
732 4354 861 4423 ἡμῖν
892 4351 958 4405 τὰ
988 4351 1198 4420 ἀγαθά;
1239 4371 1256 4403 ι
1305 4351 1615 4422 παρέστησε
1645 4351 1739 4404 καὶ
1767 4349 1932 4414 ἔδειξε

349 4445 471 4499 τίνα
511 4444 580 4498 τὰ
626 4444 822 4512 ἀγαθά·
860 4443 1014 4514 δῆλον
1043 4443 1120 4506 δὲ,
1152 4443 1233 4496 ὅτι
1261 4442 1354 4494 καὶ
1387 4441 1506 4494 τίνα
1548 4441 1616 4494 τὰ
1658 4440 1821 4495 κακά’
1847 4441 1934 4493 ἵνα

349 4535 438 4592 διά
468 4555 526 4590 τε
551 4538 834 4608 ἀσκήσεων
849 4537 942 4590 καὶ
970 4535 1144 4605 εὐχῶν
1167 4531 1497 4604 κτησώμεθα
1525 4532 1592 4586 τὰ
1613 4532 1814 4601 ἀγαθὰ,
1834 4533 1928 4584 καὶ

351 4629 739 4701 ἀνατρέψωμεν
768 4627 834 4682 τὰ
863 4627 1007 4680 κακά
1055 4625 1165 4679 ἀπὸ
1195 4624 1302 4678 τῶν
1335 4623 1522 4694 ψυχῶν
1555 4623 1732 4694 ἡμῶν.
1787 4623 1924 4676 Ἀλλ’

351 4721 582 4791 ἐπείπερ
612 4721 757 4773 ἐστὶν
809 4721 866 4772 ἐν
903 4719 978 4789 τῷ
1010 4715 1236 4788 φράζειν
1272 4716 1361 4769 6τέ
1397 4717 1494 4785 μὲν
1533 4715 1922 4787 κυριολεκτεῖν,

348 4814 436 4867 ὁτὲ
478 4812 534 4866 δέ
583 4829 684 4864 που
715 4812 809 4866 καὶ
839 4810 1236 4883 καταχρῆσθαι,
1287 4810 1345 4862 οὐ
1403 4807 1716 4878 θαυμαστὸν
1743 4806 1924 4858 εἴποτε

349 4905 653 4975 εὑρήσομεν
686 4902 781 4973 τὴν
809 4901 918 4954 τῶν
964 4901 1183 4969 ἀγαθῶν
1232 4900 1324 4954 καὶ
1351 4898 1535 4953 κακῶν
1559 4897 1926 4970 προσηγορίαν

348 4996 606 5066 κειμένην
631 4995 722 5047 ἐπὶ
748 4993 855 5046 τῶν
889 4993 1218 5062 σωματικῶν
1248 4993 1340 5046 καὶ
1380 4989 1488 5046 τῶν
1520 4991 1675 5054 ἐκτὸς
1703 4990 1928 5061 λεγομέ-

348 5105 453 5142 νων
480 5086 631 5158 παρά
656 5089 766 5148 τοῖς
796 5087 892 5155 οὐχ
918 5085 1046 5154 ὑγιῆ
1074 5084 1320 5154 δόγματα
1350 5083 1582 5155 ἔχουσινο
1614 5077 1724 5138 οἷον
1765 5083 1821 5137 ἐν
1849 5079 1926 5150 τῷ

358 5177 497 5232 Ἰὠ6’
539 5197 557 5228 t
590 5179 651 5231 El
677 5178 745 5231 τὰ
772 5176 948 5246 ἀγαθὰ
980 5175 1280 5246 ἐδεξάμεθα
1301 5177 1366 5230 ἐκ
1397 5175 1579 5246 χειρὸς
1608 5173 1837 5246 Κυρίου,
1858 5171 1926 5224 τά

347 5272 494 5324 κακά
522 5272 621 5341 οὐχ
637 5269 961 5340 ὑποίσομεν;
1000 5287 1018 5320 ι
1046 5269 1218 5322 καὶέν
1249 5271 1328 5338 τῷ
1363 5266 1618 5339 Ἱερεμίᾳθ
1653 5285 1670 5316 ‹
1707 5264 1924 5336 Κατέϐη

347 5369 491 5421 κακὰ
530 5365 680 5436 παρά
712 5365 918 5435 Κυρίου
950 5365 1043 5417 ἐπὶ
1071 5363 1246 5425 πύλας
1289 5359 1666 5432 Ἰερουσαλήμ.
1713 5377 1730 5409 ι
1781 5357 1926 5410 Ἀντὶ

2031 1960 2118 2014 dia
2152 1979 2164 2013 :
2197 1971 2357 2029 atque
2418 1962 2621 2016 idcirco
2670 1979 2768 2030 par
2805 1979 2925 2019 esse
2953 2005 2969 2030 ,
3029 1965 3121 2020 Dei
3178 1966 3564 2022 misericordiae
3587 2008 3604 2030 ,

2031 2067 2193 2122 quam
2234 2053 2487 2109 humanae
2525 2055 2813 2121 voluntati,
2843 2066 2939 2110 aut
2973 2058 3179 2121 cursui,
3207 2057 3402 2112 bonmn
3429 2060 3608 2128 potius

2032 2147 2253 2210 ascribi.
2293 2147 2468 2216 Atque
2505 2148 2620 2202 hate
2659 2149 2925 2217 prolixius
2957 2149 3228 2219 disputata
3281 2159 3427 2216 sunt,
3482 2166 3605 2222 qua:

2032 2239 2340 2292 necessaria
2363 2253 2484 2293 esse
2510 2240 2835 2308 putabamus
2854 2241 2918 2295 ad
2942 2241 2993 2294 id
3015 2241 3609 2296 illustrandumztlllulti

2033 2325 2243 2390 dicunt,
2265 2325 2398 2392 Quis
2423 2329 2670 2380 ostendet
2695 2326 2852 2382 nobis
2871 2326 3051 2382 bona?
3075 2346 3095 2382 ι
3116 2329 3294 2398 quoad
3324 2329 3468 2383 enim
3496 2328 3610 2384 ﬁeri

2032 2417 2209 2487 potuit
2235 2417 2532 2488 disputatio
2565 2427 2750 2473 nostra
2775 2419 2964 2474 multis
2987 2422 3392 2491 quaerentibus:
3422 2440 3440 2473 ι
3475 2421 3609 2489 Quis

2034 2509 2286 2564 ostendet
2315 2510 2470 2564 nobis
2495 2509 2675 2565 bona?
2704 2531 2722 2564 ι
2759 2527 3009 2582 quasnam
3041 2515 3183 2568 bona
3209 2514 3340 2577 sint,
3369 2516 3612 2569 ostendit

2034 2611 2090 2659 et
2128 2604 2561 2670 demonstravit;
2602 2605 2713 2659 imo
2754 2607 2946 2672 etiam,
2990 2621 3237 2676 quaenam
3271 2606 3382 2662 sint
3424 2607 3558 2660 mala
3595 2623 3608 2658 :

2035 2705 2095 2750 ut
2133 2696 2418 2752 laboriosis
2447 2693 2939 2753 exercitationibus
2973 2707 3027 2752 et
3065 2699 3318 2768 precibus
3366 2699 3615 2766 acquira-

2037 2799 2161 2839 mus
2193 2787 2355 2852 bona,
2393 2795 2448 2841 et
2482 2801 2511 2840 a
2539 2787 2745 2842 nostris
2774 2788 3050 2842 mentibus
3087 2789 3226 2842 Inala
3273 2799 3609 2843 avertamns.

2037 2874 2145 2931 Sed
2169 2877 2426 2946 quoniam
2453 2877 2720 2933 interdum
2747 2879 2988 2948 proprie,
3019 2880 3288 2934 interdum
3314 2881 3613 2950 improprie

2037 2970 2185 3039 loqui
2221 2970 2367 3035 licet,
2402 2984 2504 3024 non
2538 2971 2862 3026 mirabimur
2883 2973 2928 3026 si
2965 2973 3229 3026 bonorum
3262 2981 3314 3027 et
3342 2974 3610 3029 malorum

2036 3075 2256 3126 nomen,
2293 3062 2568 3129 corporeis
2613 3074 2668 3116 et
2724 3063 2936 3131 iisquae
2974 3072 3201 3116 externa
3224 3074 3509 3131 vocantur,
3543 3067 3613 3118 ah

2039 3154 2105 3208 iis
2138 3155 2226 3222 qui
2260 3169 2367 3208 non
2403 3161 2549 3209 recte
2587 3156 2852 3220 sentiunt,
2897 3154 3219 3209 attributum
3254 3157 3612 3226 reperiemus,

1961 3229 2006 3290 C
2040 3245 2185 3300 velut
2222 3245 2274 3299 in
2315 3244 2418 3300 Job
2443 3245 2485 3277 ⁸¹
2513 3263 2527 3300 :
2564 3265 2582 3296 ι
2623 3246 2679 3300 Si
2713 3247 2851 3300 bona
2879 3248 3218 3317 suscepimus
3249 3263 3278 3301 e
3311 3264 3471 3303 manu
3503 3249 3612 3304 Do-

2037 3337 2191 3401 mini,
2213 3339 2349 3393 mala
2375 3354 2478 3392 non
2507 3339 2960 3393 sustinebimus?»
2982 3348 3040 3394 et
3061 3341 3198 3409 apud
3225 3339 3517 3396 Jeremiam
3543 3344 3609 3398 °’:

2039 3431 2480 3486 «Descenderunt
2511 3430 2648 3484 mala
2683 3447 2711 3484 a
2744 3430 2971 3486 Domino
3014 3446 3179 3502 super
3199 3442 3383 3502 portas
3421 3433 3610 3489 llieru-

2035 3526 2223 3580 Salem.
2258 3541 2277 3575 ι
2321 3521 2427 3576 Pro
2449 3536 2515 3576 eo
2537 3523 2678 3576 enim
2706 3525 2848 3590 quod
2881 3535 2982 3588 est,
3009 3527 3066 3581 Si
3089 3524 3354 3593 quaepiam
3385 3527 3538 3580 utilia
3561 3540 3616 3582 et

2029 3614 2270 3684 jucunda
2315 3611 2477 3682 572
2531 3613 2892 3681 suscepimus,
2927 3629 3048 3684 quae
3088 3628 3118 3667 a
3163 3612 3515 3672 Providentia
3549 3623 3614 3671 ad

2037 3721 2136 3760 nos
2168 3712 2560 3774 pervenerunt,
2594 3705 2782 3773 quidni
2834 3706 2969 3759 dura
3005 3716 3060 3760 et
3102 3707 3331 3764 molesta
3381 3707 3615 3765 libenter

2035 3795 2312 3852 feremus?
2351 3796 2593 3850 dicitur:
2634 3815 2652 3848 ι
2698 3795 2756 3851 Si
2797 3797 2938 3852 bona
2978 3801 3314 3868 suscepimus
3351 3815 3418 3855 ex
3450 3818 3611 3856 manu

2038 3889 2275 3952 Domini,
2295 3887 2450 3950 ,mala
2476 3903 2582 3942 non
2615 3888 3054 3944 sustinebimus?
3084 3909 3101 3941 ι
3143 3891 3206 3944 ΕΙ.
3233 3907 3353 3946 cum
3385 3894 3488 3947 dici
3516 3910 3612 3962 po-

2037 3979 2250 4042 tuisset,
2287 3975 2411 4031 Haec
2449 3977 2787 4032 Hierusalem
2823 3979 2888 4030 ad
2936 3981 3264 4034 erudiendos
3301 3982 3420 4050 ejus
3464 3984 3614 4038 cives

2034 4067 2218 4121 divina
2248 4065 2595 4122 Providentia
2625 4079 2963 4133 evenerunt,
3002 4069 3269 4139 scriptum
3303 4082 3386 4126 est
3419 4092 3432 4128 :
3467 4093 3483 4124 ι
3517 4074 3612 4133 De-

2035 4155 2363 4209 scenderunt
2392 4155 2536 4208 mala
2561 4170 2590 4208 a
2625 4156 2856 4210 Domine
2892 4158 2941 4211 in
2974 4169 3156 4226 portas
3192 4157 3552 4220 Hierusalem.
3590 4183 3608 4214 ι

2035 4244 2470 4314 Oportebitergo
2495 4261 2617 4311 nos,
2644 4248 2804 4301 rebus
2840 4249 3156 4315 intellectis,
3191 4253 3469 4306 nominum
3503 4271 3609 4309 non

2037 4339 2108 4392 ita
2149 4348 2366 4394 tenaces
2402 4349 2457 4392 et
2499 4355 2692 4408 parcos
2729 4356 2872 4406 esse,
2911 4343 3002 4396 sed
3036 4344 3220 4399 videre
3263 4346 3352 4399 ubi
3390 4349 3612 4417 pr0prie

2037 4429 2200 4483 rebus
2235 4429 2611 4498 imponantur,
2654 4441 2710 4485 et
2747 4432 2836 4485 ubi
2876 4443 3099 4502 propter
3134 4434 3374 4503 in0piam
3407 4437 3609 4506 impro-

2038 4519 2175 4588 prie.
2206 4518 2261 4573 Si
2292 4532 2471 4573 autem
2510 4519 2774 4574 Servator
2804 4523 3056 4591 qutedam
3091 4524 3394 4579 medicatus
3431 4536 3532 4592 est,
3557 4539 3614 4582 et

2035 4614 2323 4668 sanitatem
2367 4614 2534 4680 dedit,
2565 4625 2621 4668 et
2678 4615 2851 4668 visum
2896 4625 2950 4670 et
2980 4616 3222 4671 auditum
3269 4618 3611 4686 hominibus,

2035 4706 2199 4760 altior
2224 4720 2416 4760 eorum
2447 4720 2640 4761 sensus
2684 4707 2736 4760 in
2768 4708 2960 4775 primis
2988 4710 3309 4778 quaerendus
3334 4720 3438 4773 est,
3487 4727 3611 4766 cum

2034 4797 2270 4852 Verbum
2307 4799 2748 4866 perturbationes
2796 4800 2962 4853 animi
3008 4816 3201 4855 curare
3247 4802 3331 4856 his
3372 4799 3615 4858 historiis

2035 4890 2394 4962 significetur.
2437 4890 2620 4960 Neque
2655 4891 2946 4945 absurdum
2983 4891 3055 4945 ibi
3090 4893 3274 4956 l'uerit,
3298 4894 3463 4947 etiam
3491 4909 3612 4964 qua:

2036 4983 2264 5037 hiatoria
2310 4991 2528 5046 narrat,
2583 4981 2724 5036 facta
2780 4983 3082 5053 intelligere
3142 4985 3210 5038 ad
3271 5000 3458 5039 eorum
3517 4988 3608 5056 qui

2035 5083 2163 5129 tunc
2203 5085 2361 5128 erant
2393 5075 2672 5129 hominum
2704 5076 3118 5131 admirationem
3147 5086 3202 5131 et
3223 5086 3522 5149 stuporem,
3554 5091 3614 5132 ut

2031 5172 2124 5239 qui
2186 5169 2534 5223 sermonibus
2572 5169 3062 5225 demonstrationis
3111 5181 3166 5225 et
3207 5172 3470 5226 doctrinm
3507 5186 3612 5225 non

2031 5261 2360 5323 crederent,
2418 5261 2650 5315 virtutes
2705 5261 3075 5331 prodigiorum
3123 5262 3344 5316 reveriti
3401 5263 3611 5317 doctori

2030 5353 2385 5407 atlhwrereut.

345 5459 455 5528 γὰρ
483 5457 574 5509 τοῦ
607 5459 800 5520 εἰπεῖν,
819 5455 878 5510 Εἰ
905 5455 973 5510 τὰ
1019 5455 1197 5510 τοιάδε
1247 5453 1453 5525 χρηστά
1500 5469 1642 5514 τινα,
1699 5452 1792 5504 καὶ
1827 5450 1954 5522 ἡδέα
1985 5444 2318 5516 τυγχάνοντα
2360 5443 2662 5516 ἐδεξάμεθα
2709 5448 2861 5519 παρά
2901 5447 2999 5520 τῆς
3032 5448 3294 5517 Προνοίας
3332 5447 3413 5510 εἰς
3462 5448 3611 5516 ἡμᾶς

345 5553 653 5622 ἐφθακότα,
701 5553 873 5622 πικρὰ
922 5553 1017 5605 καὶ
1058 5551 1289 5604 ἐπίπονα
1329 5552 1450 5621 οὐχὶ
1495 5549 1788 5622 προθύμως
1830 5545 2190 5617 ἐνεγκοῦμεν;
2218 5543 2432 5612 λέγεται
2465 5545 2552 5598 τό’
2596 5562 2614 5594 ι
2656 5544 2718 5596 Ei
2753 5543 2822 5594 τὰ
2853 5541 3035 5610 ἀγαθὰ
3071 5539 3366 5610 ἐδεξάμεθα
3400 5541 3464 5593 ἐκ
3495 5558 3612 5612 χει-

347 5649 438 5718 ρὸς
475 5649 699 5719 Κυρίου,
725 5647 793 5700 τὰ
839 5646 985 5700 κακὰ
1011 5647 1110 5716 οὐχ
1139 5647 1470 5716 ὑποίσομεν;
1515 5663 1533 5698 ι
1560 5645 1671 5699 Καὶ
1700 5645 1820 5697 ἀντὶ
1858 5642 1950 5695 τοῦ
1986 5643 2172 5711 φάναι,
2199 5639 2350 5698 Κατά
2383 5639 2646 5710 Πρόνοιαν
2672 5637 2794 5690 τάδε
2830 5637 2951 5690 τινὰ
2974 5637 3038 5706 τῇ
3069 5633 3421 5707 Ἰερουσαλὴμ
3467 5634 3610 5706 ὑπὲρ

419 5825 466 5860 ³⁸
499 5824 693 5879 Ezech.
724 5840 914 5889 xxvm,
946 5824 1028 5878 15.
1129 5823 1174 5854 ³⁸
1213 5823 1334 5880 lsai.
1368 5840 1480 5891 xw,
1519 5824 1605 5878 l2.
1683 5823 1726 5854 °°
1760 5821 1916 5877 Rem.
1955 5837 2028 5889 Ix,
2058 5818 2140 5874 l0.
2220 5821 2259 5852 °'
2297 5817 2415 5873 Job.
2453 5833 2514 5884 ll,
2544 5815 2626 5872 l0.
2705 5813 2950 5888 “.Mich.
2986 5829 3021 5880 ι,
3064 5814 3143 5870 12.

755 5927 1021 5986 l‘nnoL.
1071 5926 1188 5984 GR.
1227 5927 1274 5985 Χ
1290 5926 1366 5987 ll.

3230 5911 3310 5970 3'7
