4100 6394
523 383 673 437 ’1165
1943 376 2035 431 EX
2059 375 2106 432 Ὁ

2207 377 2373 435 ΞΕΝΕ
3668 389 3804 443 1164

523 500 624 552 τοῦ
666 496 1012 566 παιδευθῆναι
1059 496 1184 558 τοὺς
1226 495 1563 560 ἐνοικοῦντας
1606 500 1663 550 ἐν
1698 497 1834 566 αὑτῇ
1871 495 2180 567 γεγένηται,
2231 496 2539 568 γέγραπται
2560 498 2637 551 τό·
2687 518 2702 549 ι
2736 497 2961 569 ’Κατέῧη
2994 498 3140 553 κακά
3162 501 3312 571 παρὰ
3344 501 3552 572 Κυρίου
3579 503 3674 554 ἐπὶ
3701 504 3802 555 πύ-

531 593 628 655 λας
691 592 1060 663 Ἰερουσαλήμ.
1105 611 1123 644 ι
1179 593 1367 664 Δεήσει
1421 593 1600 646 τοίνυν
1659 591 1729 645 τά
1789 591 2091 663 πράγματα
2140 593 2439 658 συνιέντας,
2487 592 2559 664 μὴ
2589 592 2876 666 γλίσχρους
2911 593 3201 668 εἶναιπερὶ
3253 596 3321 650 τὰ
3377 595 3636 667 ὀνόματα,
3671 598 3805 654 ἀλλὰ

525 687 968 758 καταλαμϐάνειν
1009 687 1134 740 πότε
1180 688 1384 759 κυρίως
1441 687 1550 740 τῶν
1599 689 1941 758 πραγμάτων
1973 685 2147 741 ταῦτα
2179 687 2459 752 τέτακται,
2491 690 2586 741 καὶ
2625 689 2755 743 πότε
2787 691 2874 744 διὰ
2911 691 3008 763 τὴν
3053 691 3416 762 στενοχωρίαν
3460 692 3567 745 τῶν
3604 692 3802 764 ὀνομά-

527 797 634 832 των
667 780 724 833 ἐν
747 778 1096 850 καταχρήσει.
1123 777 1184 829 Εἰ
1217 777 1274 830 δὲ
1305 778 1334 828 ὁ
1362 777 1553 848 Σωτὴρ
1585 778 1708 832 τάδε
1736 777 1858 832 τινὰ
1907 778 2114 842 ἰάσατο,
2147 776 2242 828 καὶ
2276 777 2587 849 ἐδωρήσατο
2620 779 2824 848 ὑγείαν,
2871 781 2965 834 καὶ
3010 782 3182 851 ὄψεις,
3231 784 3324 836 καὶ
3381 784 3549 849 ἀκοὰς
3593 787 3805 861 ἀνθρώ-

522 891 672 937 ποις,
721 871 1146 944 προηγουμένως
1186 870 1286 942 μὲν
1312 871 1409 942 τὴν
1447 872 1735 943 ἀναγωγὴν
1761 871 1940 925 αὑτῶν
1979 867 2260 941 ζητητέον,
2313 870 2406 923 τοῦ
2448 871 2620 939 Λόγου
2667 872 2734 925 τὰ
2786 872 2886 942 τῆς
2924 871 3100 944 ψυχῆς
3142 873 3288 946 πάθη
3342 874 3664 944 θεραπεύειν
3718 879 3804 932 διὰ

525 964 730 1018 τούτων
754 963 862 1018 τῶν
901 961 1187 1034 ἱστορικῶν
1227 961 1578 1034 δηλουμένου.
1619 964 1734 1016 Οὐκ
1768 963 1967 1017 ἄτοπον
1999 961 2056 1015 δὲ
2093 959 2185 1012 ἐπὶ
2223 962 2333 1024 τοῖς
2370 963 2630 1026 τοιούτοις
2658 981 2752 1016 και
2775 962 2917 1016 κατά
2944 965 3041 1036 τὴν
3071 965 3308 1036 ἱστορίαν
3353 966 3803 1041 ἀπαγγελλόμενα

525 1065 666 1118 νοεῖν
709 1059 987 1131 γεγονέναι
1037 1058 1176 1129 ὑπὲρ
1219 1057 1612 1127 καταπλήξεως
1655 1057 1761 1113 τῶν
1802 1059 1924 1112 τότε
1968 1053 2290 1126 ἀνθρώπων,
2341 1055 2430 1110 ἴνα
2466 1058 2517 1110 οἱ
2561 1059 2634 1130 μὴ
2679 1058 2988 1129 πειθόμενοι
3029 1059 3211 1128 λόγοις
3262 1060 3654 1129 ἀποδεικτικοῖς
3710 1068 3803 1119 καὶ

525 1154 942 1217 διδασκαλικοῖς,
960 1149 1374 1223 δυσωπηθέντες
1397 1150 1496 1216 τὰς
1519 1151 1811 1224 τεραστίας
1833 1148 2112 1219 δυνάμεις,
2143 1149 2591 1214 συγκαταθῶνται
2617 1149 2694 1220 τῷ
2719 1151 3043 1207 διδάσκοντι.

601 1246 766 1300 Vens.
799 1245 851 1298 7.
885 1243 1165 1313 Signatum
1195 1253 1268 1296 est
1302 1259 1462 1312 super
1501 1259 1592 1295 nos
1617 1241 1790 1296 lumen
1813 1239 1984 1295 vultus
2011 1239 2109 1301 tui,
2146 1244 2186 1297 Α

532 1341 781 1402 Domine,
815 1347 921 1392 etc.
957 1338 1123 1390 Deum
1159 1335 1340 1389 lumen
1371 1349 1512 1400 esse,
1549 1335 1625 1388 ait
1655 1333 1894 1390 Joannes
1928 1335 1979 1386 in
2006 1330 2105 1386 Ca—

531 1433 730 1488 tholica
759 1429 988 1501 epistola
1010 1428 1054 1459 ⁶⁸
1090 1447 1102 1482 :
1138 1445 1157 1478 ι
1195 1429 1336 1483 Deus
1361 1427 1449 1481 lux
1480 1437 1581 1492 est,
1626 1437 1679 1480 et
1706 1427 1942 1480 tenebrae
1964 1426 2016 1478 in
2041 1439 2106 1480 co

496 1553 498 1556 ν
529 1541 634 1580 non
660 1533 785 1579 sunt
812 1522 950 1575 ullae.
986 1541 1003 1572 ι
1041 1521 1106 1575 Ει
1137 1520 1391 1590 quamvis
1423 1520 1563 1590 ignis
1596 1533 1812 1589 quoque
1854 1519 2102 1583 dicatur,

526 1614 977 1684 quemadmodum
1004 1610 1202 1664 Paulus
1225 1611 1278 1664 in
1299 1610 1527 1679 epistola
1558 1612 1623 1665 ad
1657 1609 1918 1665 Hebraeos
1941 1612 2016 1663 ait
2037 1610 2102 1665 “:

501 1707 786 1762 «‘Etenim
821 1704 965 1760 Deus
999 1711 1188 1757 noster
1215 1702 1354 1772 ignis
1392 1715 1723 1757 consumens
1757 1711 1861 1766 est,
1888 1711 2106 1755 ιοειεη-

524 1799 661 1854 dens
702 1798 878 1868 ipsum
924 1810 1045 1849 esse
1081 1794 1250 1848 Deum
1280 1792 1415 1862 legis
1441 1803 1491 1848 et
1527 1791 1831 1862 Evangelii,
1862 1792 1966 1846 hoc
1999 1799 2102 1854 est,

495 1889 741 1945 ‘Patrem
771 1886 1000 1943 "Domini
1042 1885 1215 1941 nostri
1262 1883 1390 1941 Jesu
1440 1884 1672 1950 Christi,
1714 1893 1767 1939 et
1818 1890 2104 1952 propterea

498 1983 690 2037 'Deum
724 1989 1005 2046 nostrum,
1041 1979 1174 2034 nihil
1208 1978 1351 2032 aliud
1403 1977 1696 2046 quidquam
1729 1991 1851 2030 esse
1901 1974 2097 2030 existi-

524 2077 775 2130 mandum
799 2083 882 2129 est
913 2089 1074 2143 quam
1099 2072 1304 2140 lumen,
1347 2073 1489 2143 quod
1521 2071 1741 2141 quidem
1772 2069 2101 2136 cogitatione

517 2168 638 2221 sola
680 2165 856 2220 dillert
915 2167 981 2220 ab
1029 2165 1154 2230 igne
1216 2172 1594 2219 consumente.
1633 2160 2102 2230 Quemadmodum

524 2271 706 2316 autem
732 2261 784 2315 in
811 2274 868 2314 rc
900 2272 1165 2328 corporea
1191 2272 1289 2313 usu
1331 2257 1500 2321 venit,
1540 2267 1598 2310 ut
1624 2255 1815 2311 eadem
1849 2255 2105 2308 substan-

526 2355 598 2408 tia
632 2361 902 2422 quatenus
946 2350 1246 2416 illuminat,
1293 2349 1473 2404 lumen
1529 2349 1619 2412 sit,
1668 2357 1939 2416 quatenus
1971 2360 2103 2400 vero

501 2447 620 2501 Jhas
646 2445 726 2498 vel
759 2444 876 2498 illas
907 2444 1168 2499 materias
1200 2441 1567 2498 comburendo
1589 2439 1824 2496 absumit
1848 2454 1914 2494 ac
1942 2439 2105 2494 devo-

521 2549 627 2603 rat,
678 2538 818 2608 ignis
867 2551 1192 2593 consumens
1237 2537 1521 2590 exsistat:
1557 2534 1636 2588 sic
1690 2532 1876 2601 utique
1934 2532 2099 2586 etiam

493 2632 661 2685 'l)eus
686 2645 746 2683 ea
783 2628 1004 2697 quidem
1027 2642 1146 2697 quze
1163 2641 1328 2696 prava
1366 2633 1491 2679 sunt
1525 2623 1728 2689 abolet,
1753 2632 1808 2677 et
1838 2622 2100 2676 malitiam

513 2719 778 2784 absumit,
815 2719 883 2772 iis
919 2728 1098 2771 autem
1145 2715 1236 2786 qui
1275 2715 1388 2784 apti
1435 2722 1598 2778 sunt,
1642 2720 1696 2766 et
1735 2712 1899 2766 corde
1944 2725 2100 2780 puro,

481 2820 494 2843 -'
522 2813 701 2867 lumen
741 2820 845 2866 est.
896 2807 1366 2877 Quemadmodum
1412 2820 1539 2860 vero
1574 2804 1740 2858 simul
1795 2803 1996 2859 accidit
2047 2811 2107 2858 ut

521 2917 786 2971 corporea
842 2901 929 2955 lux
961 2901 1028 2955 iis
1061 2898 1151 2967 qui
1209 2912 1370 2952 sanos
1397 2897 1600 2952 habent
1631 2893 1836 2962 oculos,
1869 2903 1984 2949 tum
2019 2893 2101 2948 sui

522 2995 713 3064 ipsius,
740 3004 850 3047 tum
877 3000 1200 3046 creterorum
1233 3003 1353 3057 quae
1393 2990 1494 3042 sub
1544 3001 1737 3043 sensus
1766 2986 1986 3051 eadunt,
2023 2985 2104 3038 vi-

522 3103 641 3143 sum
668 3088 910 3157 praebeat
937 3103 949 3140 :
982 3084 1062 3140 sic
1092 3083 1234 3138 Deus
1265 3071 1463 3134 virtute
1496 3078 1732 3151 quadam
1773 3079 1839 3133 ad
1871 3076 2104 3147 singulo-

524 3198 641 3236 rum
672 3189 908 3235 mentem
943 3177 1290 3246 pervenieus,
1337 3174 1498 3228 modo
1545 3175 1617 3229 sit
1664 3172 1978 3228 nullatenus
2009 3185 2103 3224 co-

513 3283 732 3342 operta,
746 3286 924 3341 neque
937 3270 1002 3323 ab
1020 3267 1306 3322 affectibus
1321 3266 1765 3333 impedimentum
1783 3263 2000 3334 aliquod
2018 3278 2105 3333 pa-

485 3378 490 3382 ‘
523 3365 714 3424 tiatur,
733 3359 1026 3430 quominus
1045 3368 1204 3411 acute
1219 3366 1426 3420 cernat,
1443 3355 1607 3411 ellicit
1624 3365 1680 3409 ut
1697 3364 1751 3408 et
1769 3354 1882 3423 ipse
1907 3352 2104 3408 intelli-

491 3464 701 3524 ,galur,
735 3464 788 3507 et
810 3451 876 3505 ad
893 3451 1000 3504 alia
1025 3463 1241 3518 quoque
1273 3462 1395 3517 qua:
1433 3447 1534 3502 sub
1570 3444 1980 3516 intelligentiam
2007 3458 2100 3498 ca-

520 3551 673 3612 dunt,
697 3544 1046 3613 intelligenda
1068 3541 1349 3609 perveniat
1378 3543 1423 3596 is
1440 3541 1592 3610 cujus
1612 3548 1847 3593 mentem
1863 3537 2103 3592 illustra-

507 3639 684 3691 -verit.
725 3633 874 3688 Nihil
902 3635 1101 3689 mirum
1127 3642 1308 3688 autem
1341 3631 1388 3686 si
1422 3629 1664 3684 nonnulli
1697 3627 1750 3682 in
1777 3627 1989 3682 artibus
2011 3635 2106 3680 aut

521 3727 770 3789 scientiis
789 3725 1116 3798 quibusdam
1136 3721 1500 3793 perspicaees,
1522 3717 1602 3772 vel
1631 3718 1699 3770 ad
1727 3717 2103 3788 percipiendas

497 3824 786 3895 'quasdam
827 3817 1066 3874 morales
1098 3825 1152 3870 et
1182 3812 1494 3869 dialecticas
1535 3809 1865 3878 quaestiones
1898 3809 2102 3863 acutis~

534 3916 658 3972 simi
714 3915 967 3984 ignorant
1039 3908 1232 3962 Deum.
1300 3903 1502 3958 Horum
1561 3901 1705 3955 enim
1771 3899 2171 3992 intellectumC

522 4007 682 4080 573
709 4005 940 4061 similem
971 4014 1093 4056 esse
1122 3998 1356 4053 dicimus
1382 3994 1539 4049 oculo
1563 3993 1653 4062 qui
1682 3993 1953 4063 quidlibet
1987 4007 2102 4045 ma-

521 4100 604 4169 gis
659 4099 903 4152 intuetur
940 4105 1103 4162 quam
1145 4088 1350 4150 solem,
1385 4095 1439 4140 et
1484 4099 1760 4154 nunquam
1804 4081 1873 4136 ad
1923 4082 2104 4137 radios

519 4190 637 4259 ejus
690 4185 1073 4261 percipiendas
1114 4179 1398 4234 attollitur.
1444 4175 1913 4244 Quemadmodum
1956 4173 2100 4230 enim

493 4282 715 4338 solaris
747 4278 932 4334 radius
955 4273 1074 4344 ejus
1106 4271 1309 4326 vultum
1345 4269 1580 4334 attingit,
1609 4269 1699 4337 qui
1733 4265 1907 4336 ipsum
1935 4264 2104 4333 respi-

518 4379 618 4442 cit,
660 4387 758 4427 nec
809 4365 1068 4440 possibile
1113 4373 1195 4419 est
1226 4362 1356 4417 solis
1409 4375 1531 4414 esse
1579 4366 1858 4428 expertem
1893 4357 1985 4426 qui
2037 4355 2101 4408 ad

521 4470 698 4536 ipsum
731 4471 858 4527 stat,
883 4461 954 4514 ita
986 4455 1331 4528 cogitandum
1364 4453 1452 4507 Dei
1485 4450 1706 4504 omnino
1729 4461 1847 4503 esse
1878 4445 2106 4517 partici-

495 4621 498 4624 ,
520 4575 663 4630 pem,
685 4556 773 4626 qui
798 4553 965 4608 divini
989 4551 1138 4605 verbi
1159 4550 1331 4618 legem
1352 4547 1643 4600 meditatus
1671 4543 1853 4606 fuerit,
1873 4551 1928 4596 et
1955 4555 2105 4595 men-

515 4663 630 4705 tem
657 4662 808 4703 suam
837 4645 903 4699 ad
932 4644 1098 4697 Deum
1128 4638 1564 4707 cognoscendum
1595 4634 1897 4690 tradiderit.
1925 4630 2103 4699 Quod,

496 4745 736 4815 .opinor,
769 4742 870 4795 hoc
898 4739 1015 4793 loco
1043 4733 1315 4805 signiﬁcat
1339 4731 1632 4800 Propheta,
1664 4744 1785 4783 cum
1815 4727 1924 4782 ait:
1956 4745 1974 4778 ι
2016 4726 2104 4780 Si-

522 4845 742 4906 gnatum
785 4843 868 4887 est
913 4844 1074 4898 super
1106 4841 1204 4880 nos
1229 4825 1407 4878 lumen
1437 4824 1614 4876 vultus
1668 4820 1770 4884 tui,
1801 4819 2048 4873 Domine.
2082 4837 2100 4868 ι

525 4930 751 4999 Signum
786 4925 964 4986 enim,
999 4922 1193 4992 inquit,
1225 4917 1448 4972 luminis
1472 4915 1612 4985 quod
1641 4914 1694 4967 in
1724 4911 1873 4966 vultu
1903 4922 1992 4966 tuo
2016 4925 2102 4965 re-

523 5021 790 5090 splendet,
819 5019 886 5072 ad
933 5031 1032 5070 nos
1076 5013 1423 5077 perveniens,
1453 5008 1607 5062 nobis
1643 5007 1966 5076 impressum
1996 5013 2104 5069 est,

527 5126 583 5168 et
609 5113 898 5183 ipsummet
923 5109 1106 5162 lumen
1134 5105 1314 5159 vultus
1343 5102 1417 5156 tui
1448 5102 1525 5155 sic
1551 5111 1873 5168 expressum
1918 5103 2022 5159 est,
2048 5102 2108 5147 ut

527 5206 619 5271 qui
647 5205 829 5259 videre
857 5211 1033 5270 potest
1058 5200 1268 5267 signum
1299 5194 1464 5248 divini
1491 5191 1712 5247 luminis
1746 5189 1887 5258 quod
1919 5187 2103 5258 signa-

2299 1239 2656 1309 Ἐσημειώθη
2680 1241 2773 1310 ἐφ’
2787 1241 2944 1312 ἡμᾶς
2959 1243 3027 1296 td
3052 1242 3178 1313 φῶς
3199 1245 3305 1298 τοῦ
3323 1245 3645 1313 προσώπου
3656 1262 3798 1308 σου,

2207 1332 2402 1399 Κύριε,
2439 1352 2491 1387 κ.
2519 1352 2568 1388 τ.
2597 1335 2641 1386 ὲ.
2671 1335 2788 1387 Ὀτι
2815 1333 2931 1403 φῶς
2956 1337 3105 1389 ἐστιν
3137 1339 3165 1390 ὁ
3201 1337 3333 1400 Θεὸς
3368 1337 3501 1408 (14),
3543 1337 3797 1410 Ἰωάννης

2209 1424 2373 1494 φησὶν
2407 1426 2464 1478 ἐν
2493 1428 2557 1496 τῇ
2587 1425 2862 1497 Καθολικῇ
2896 1427 3172 1500 ἐπιστολῇ
3217 1448 3234 1479 ι
3271 1430 3327 1482 ’0
3344 1429 3476 1493 Θεὸς
3509 1430 3624 1498 φῶς
3657 1431 3793 1492 ἐστι,

2207 1517 2301 1568 καὶ
2328 1516 2515 1569 σκοτία
2538 1518 2596 1569 ὲν
2625 1516 2772 1588 αὑτῷ
2799 1519 2946 1570 ἐστιν
2985 1519 3229 1590 οὑδεμία.
3275 1540 3293 1571 ι
3332 1521 3451 1574 Κᾶν
3478 1521 3590 1592 πῦρ
3623 1522 3679 1575 δὲ
3711 1522 3798 1574 λέ-

2207 1625 2393 1679 γηται,
2421 1608 2538 1672 ὡςὸ
2559 1608 2768 1673 Παῦλος
2800 1612 2857 1664 ὲν
2889 1613 2955 1682 τῇ
2978 1611 3113 1683 πρὸς
3154 1611 3437 1684 Ἐϐραίους
3459 1616 3616 1685 φησί·
3644 1635 3660 1665 ι
3687 1618 3798 1670 Καὶ

2206 1699 2315 1772 γὰρ
2350 1703 2378 1754 ὁ
2409 1700 2540 1764 Θεὸς
2584 1701 2741 1773 ἡμῶν
2792 1701 2904 1774 πῦρ
2930 1703 3324 1758 καταναλίσκον
3360 1706 3494 1758 ἐστί·
3531 1727 3549 1759 ι
3583 1707 3798 1771 δεικνὺς

2207 1793 2369 1846 αὑτὸν
2387 1789 2524 1848 εἶναι
2545 1795 2677 1848 Θεὸν
2709 1795 2875 1867 νόμου
2911 1795 3005 1849 καὶ
3048 1796 3404 1864 Εὑαγγελίου,
3440 1799 3686 1853 τουτέστι
3707 1801 3798 1853 τὸν

2207 1885 2428 1958 Πατέρα
2474 1884 2570 1940 τοῦ
2613 1887 2817 1959 Κυρίου
2849 1888 3007 1960 ἡμῶν
3053 1889 3227 1960 Ἰησοῦ
3256 1890 3518 1961 Χριστοῦ,
3569 1893 3665 1945 καὶ
3710 1893 3798 1946 διὰ

2207 1976 2365 2031 τοῦτο
2379 1979 2509 2033 Θεὸν
2537 1983 2712 2054 ἡμῶν·
2739 1985 2838 2038 οὑκ
2869 1985 2996 2040 ἄλλο
3015 2003 3066 2039 τι
3090 1987 3305 2058 νοητέον
3330 1984 3469 2042 εἷναι
3499 1989 3590 2042 τοῦ
3620 1991 3798 2059 φωτὸς

2209 2072 2276 2142 τῇ
2323 2073 2536 2146 ἐπινοίᾳ
2567 2076 2818 2148 διαφέρον
2849 2077 2942 2131 τοῦ
2983 2079 3154 2150 πυρὸς
3185 2079 3279 2133 τοῦ
3306 2080 3796 2146 καταναλίσκοντες

2206 2161 2300 2214 τοῦ
2347 2164 2497 2235 παρὰ
2552 2166 2612 2218 τὸ
2660 2166 2796 2236 φῶς.
2844 2169 3055 2242 Ὥσπερ
3106 2171 3199 2224 καὶ
3245 2171 3337 2224 ἐπὶ
3375 2171 3454 2242 τῷ
3496 2174 3797 2244 σωματικῷ

2209 2255 2554 2329 συνέτυχενή
2587 2258 2684 2330 μὲν
2716 2260 2854 2333 αὑτὴ
2871 2262 3027 2315 οὑσία
3057 2263 3178 2316 καθ’
3212 2263 3240 2316 ὃ
3267 2264 3366 2334 μὲν
3399 2263 3646 2332 φωτίζει,
3679 2265 3796 2334 φῶς

2207 2346 2342 2412 ἔστι,
2367 2349 2486 2403 καθ’
2518 2351 2546 2404 ὃ
2569 2351 2624 2404 δὲ
2647 2354 2936 2425 ἐπικρατεί
2950 2355 3058 2409 τῶν
3083 2355 3304 2410 τοιῶνδε
3328 2357 3489 2420 ὑλῶν,
3518 2340 3793 2430 ’καυστικὴ

2206 2437 2297 2489 καὶ
2323 2439 2734 2512 καταναλωτικὴ
2751 2443 3090 2517 τυγχάνουσα
3116 2445 3318 2509 αὑτῶν,
3357 2445 3466 2517 πῦρ
3495 2446 3611 2499 ἐστι
3635 2463 3798 2499 κατα-

2205 2527 2478 2581 ναλίσκον·
2508 2530 2650 2585 οὑτω
2671 2514 2956 2607 τοιγαροῦν
2984 2538 3077 2589 καὶ¹
3107 2540 3135 2590 ό
3172 2537 3305 2601 Θεὸς
3330 2514 3448 2592 τῶν*
3479 2539 3576 2608 μὲν
3610 2539 3793 2610 χειρό-

2209 2637 2312 2671 νων
2332 2620 2685 2688 ἀφανιστικός
2725 2627 2864 2690 ἐστι,
2899 2627 3114 2697 καὶτῆς
3146 2628 3344 2691 κακίας
3377 2628 3792 2695 ὲξαναλωτικὸς,

2205 2709 2318 2772 τοῖς
2362 2709 2424 2761 δὲ
2473 2710 2800 2782 ἐπιτηδείοις
2842 2715 2936 2768 καὶ
2981 2715 3413 2788 κεκαθαρμένοις
3446 2718 3543 2789 τὴν
3568 2720 3795 2790 καρδίαν

2206 2799 2324 2870 φῶς
2373 2800 2648 2870 τυγχάνει.
2706 2806 2801 2858 Ὃν
2849 2805 3050 2877 τρόπον
3098 2807 3154 2860 δὲ
3197 2809 3289 2862 ἐπὶ
3336 2808 3430 2862 τοῦ
3481 2812 3792 2881 σωματικοῦ

2205 2891 2382 2960 φωτὸς
2414 2893 2736 2966 συντέτευχε
2767 2896 2828 2950 τὸ
2851 2901 3132 2969 συνεργεῖν
3165 2900 3296 2954 αὑτὸ
3321 2904 3433 2964 τοῖς
3450 2901 3795 2969 ὑγιαίνοντας

2204 2983 2416 3054 ἔχουσιν
2478 2985 2789 3058 ὀφθαλμοὺς
2842 2989 2979 3060 πρός
3028 3007 3089 3042 τε
3141 2990 3241 3062 τήν
3301 2992 3464 3045 αὑτοῦ
3525 2991 3651 3047 θέαν
3696 2995 3797 3047 καὶ

2203 3075 2302 3146 τὴν
2343 3076 2450 3131 τῶν
2511 3077 2806 3151 αἰσθητῶν·
2860 3081 2951 3134 τὸν
3001 3082 3163 3136 αὑτὸν
3210 3084 3410 3154 τρόπον
3444 3086 3474 3138 ὁ
3529 3084 3661 3149 Θεὸς
3705 3085 3796 3140 δυ-

2203 3167 2366 3238 νάμει
2413 3170 2523 3222 τινί
2571 3170 2788 3240 φθάνων
2831 3171 2928 3224 ἐπὶ
2969 3172 3059 3224 τὸν
3103 3172 3348 3227 ἑκάστων
3381 3174 3524 3242 νοῦν,
3561 3177 3655 3229 ἐὰν
3685 3193 3798 3247 μη-.

2204 3259 2439 3330 δαμόθεν
2493 3256 2648 3326 οὗτος
2701 3263 2786 3332 ἐφ’
2832 3263 2891 3316 ὃν
2935 3263 3126 3333 φθάνει
3170 3266 3688 3338 συγκεκαλυμμένος
3735 3265 3794 3344 ᾖ,

2209 3351 2343 3421 μηδὲ
2384 3353 2492 3406 ἀπὸ
2541 3353 2730 3409 παθῶν
2761 3372 2813 3408 τι
2845 3355 3144 3410 κωλυτικὸν
3205 3359 3485 3423 πεπονθὼς
3518 3360 3615 3432 τῆς
3661 3360 3792 3425 ἰδίας

2205 3441 2543 3515 ὀξυδερκίας,
2587 3445 2760 3511 αἴτιος
2814 3449 3044 3516 γίνεται,
3100 3449 3193 3504 τοῦ
3229 3467 3288 3503 τε
3341 3452 3505 3506 αὑτὸν
3557 3452 3795 3506 νοεῖσθαι.

2207 3533 2300 3586 καὶ
2352 3535 2445 3587 ἐπὶ
2487 3535 2555 3588 τὰ
2609 3535 2744 3589 ἄλλα
2792 3537 2960 3608 νοητὰ
3014 3538 3240 3608 φθάνειν
3289 3540 3381 3593 τὸν
3425 3541 3794 3612 φωτιζόμενον

2208 3623 2298 3676 ὑπ’
2340 3623 2507 3678 αὑτοῦ
2544 3624 2688 3680 νοῦν.
2737 3627 2813 3680 Οὑ
2852 3627 3164 3698 θαυμαστὸν
3202 3629 3258 3683 δὲ
3296 3630 3351 3682 εί
3377 3647 3522 3695 τινες
3558 3632 3796 3704 διορατι-

2206 3716 2292 3768 κοὶ
2334 3717 2390 3769 ἐν
2430 3717 2646 3786 τέχναις
2690 3717 2724 3790 ἢ
2783 3721 3112 3792 ἐπιστήμαις
3161 3723 3271 3775 τισὶ
3325 3724 3710 3794 τυγχάνοντες,
3755 3725 3788 3795 ἢ

2204 3807 2453 3872 ὀξύτατοι
2486 3809 2613 3887 περὶ⁵
2662 3810 2987 3881 κατανόησιν
3025 3811 3230 3881 ἠθικῶν
3281 3829 3442 3868 τινων
3492 3816 3587 3868 καὶ
3647 3815 3794 3884 λογι-

2207 3897 2318 3951 κῶν
2352 3900 2774 3972 προϐλημάτων,
2829 3901 3083 3970 ἀγνοοῦσι
3135 3903 3288 3958 Θεόν.
3334 3904 3653 3976 Ὀμοιοῦμεν
3683 3909 3792 3976 γὰρ

2204 3992 2383 4045 αὑτῶν
2425 3991 2484 4046 τὸ
2515 3993 2852 4064 διανοητικὸν
2901 3994 3164 4066 ὀφθαλμῷ
3217 3996 3569 4061 ὲνατενίζοντι
3629 4001 3794 4052 παντὶ

2209 4083 2409 4154 μᾶλλον
2437 4085 2469 4155 ἦ
2501 4085 2578 4156 τῷ
2617 4086 2774 4158 ήλίῳ,
2825 4086 2921 4141 καὶ
2967 4087 3234 4158 μηδέποτε
3274 4089 3621 4161 ὲπαιρομένῳ
3656 4089 3791 4162 πρὸς

2206 4177 2266 4229 τὸ
2295 4178 2628 4248 κατανοῆσαι
2670 4178 2770 4241 τὰς
2800 4179 2990 4232 τούτου
3040 4179 3236 4248 αὑγάς.
3285 4181 3496 4252 Ὥσπερ
3544 4181 3791 4252 μέντοιγε

2207 4269 2397 4338 φθάνει
2423 4271 2456 4341 ἡ
2479 4269 2681 4342 ήλιακὴ
2707 4271 2871 4335 ἀκτὶς
2904 4273 2997 4324 ἐπὶ
3022 4273 3081 4326 τὸ
3115 4273 3405 4345 πρόσωπον
3434 4273 3526 4327 τοῦ
3561 4274 3793 4346 ἐνορῶν-

2206 4378 2295 4424 τος
2329 4361 2499 4433 αὐτῷ,
2534 4363 2630 4416 καὶ
2656 4363 2754 4433 οὐχ
2788 4358 2899 4417 οἷόν
2936 4381 2996 4416 τε
3035 4366 3287 4437 ἀμοιρεῖν
3323 4365 3476 4436 ήλίου
3524 4367 3616 4420 τὸν
3649 4368 3792 4439 πρὸς

2207 4453 2356 4524 αὑτῷ
2381 4457 2716 4525 τυγχάνοντα
2739 4472 2752 4485 ·
2799 4454 2973 4520 οὕτως
3003 4458 3221 4528 νοητέον
3279 4459 3498 4522 πάντως
3545 4460 3795 4531 μετέχειν

2207 4543 2342 4597 Θεοῦ
2375 4545 2466 4598 τὸν
2495 4546 2864 4600 κατανοοῦντα
2908 4546 3000 4599 τὸν
3054 4548 3217 4618 νόμον
3266 4547 3358 4600 τοῦ
3414 4547 3559 4601 θείου
3607 4548 3792 4617 λόγου,

2208 4635 2458 4689 ἐπιδόντα
2490 4637 2581 4690 τὸν
2607 4636 2731 4691 νοῦν
2772 4637 2968 4691 ἑαυτοῦ
3017 4639 3155 4708 πρὸς
3198 4638 3260 4692 τὸ
3321 4638 3560 4693 συνιέναι
3621 4640 3792 4694 Θεόψ

2207 4730 2343 4802 ὅπερ
2376 4726 2530 4802 οἶμαι
2562 4729 2826 4802 δηλοῦντα
2848 4732 2939 4784 τὸν
2968 4733 3259 4804 Προφήτην
3293 4732 3476 4786 ἐνθάδε
3503 4732 3682 4802 λέγειν
3705 4736 3793 4789 τό·

2214 4843 2232 4873 ι
2257 4824 2597 4896 Ἐσημειώθη
2629 4826 2715 4894 ἐφ’
2750 4825 2898 4894 ἡμᾶς
2929 4824 2990 4876 τὸ
3033 4824 3149 4892 φῶς
3180 4825 3273 4878 τοῦ
3331 4825 3624 4896 προσώπου
3664 4845 3792 4891 σου,

2205 4917 2403 4988 Κύριε.
2441 4937 2459 4969 ι
2490 4919 2723 4989 Σημεῖον
2754 4916 2881 4988 γὰρ,
2916 4918 3084 4987 φησὶ,
3119 4916 3214 4970 τοῦ
3250 4917 3426 4987 φωτὸς
3465 4919 3560 4971 τοῦ
3608 4919 3666 4970 ἐν
3722 4922 3791 4991 τῇ

2209 5006 2470 5076 προσόψει
2503 5023 2618 5070 σου,
2657 5006 2868 5076 φθάσαν
2898 5009 2975 5070 είς
2998 5007 3177 5077 ἡμᾶς,
3212 5007 3580 5061 ἐντετύπωται
3635 5011 3792 5078 ἡμῖν,

2209 5100 2304 5153 καὶ
2331 5099 2464 5152 αὑτὸ
2496 5099 2556 5152 τὸ
2604 5098 2719 5168 φῶς
2745 5101 2841 5168 τῆς
2889 5097 3206 5172 προσόψεως
3239 5117 3334 5153 σου
3367 5101 3792 5172 ὲγκεχάρακται,

2210 5192 2351 5245 ὥστε
2379 5192 2472 5246 τὸν
2501 5193 2673 5247 εἰδότα
2704 5193 2840 5263 ὁρᾷν
2876 5196 3099 5264 σημεῖον
3133 5191 3223 5245 τοῦ
3271 5192 3448 5261 φωτὸς
3492 5209 3795 5264 σεσημειω-

527 5311 638 5352 tum
671 5305 775 5363 est,
801 5297 902 5350 hoc
932 5294 1108 5362 ipsum
1137 5289 1319 5345 statim
1344 5279 1613 5354 intelligat
1642 5285 1693 5336 in
1732 5281 1886 5335 nobis
1910 5280 2106 5333 factum

2217 5282 2374 5352 μένον
2411 5281 2556 5335 ’Θεοῦ
2613 5283 2915 5354 τηνικαῦτα
2968 5285 3107 5336 νοεῖν
3177 5282 3334 5335 τοῦτο
3386 5282 3676 5353 γενόμενον
3734 5285 3793 5335 ὲν

523 5405 664 5447 esse.
707 5391 962 5445 Arbitror
996 5398 1128 5439 vero
1171 5383 1332 5436 etiam
1363 5381 1470 5434 hoc
1499 5391 1757 5431 arcanum
1813 5375 1865 5427 in
1917 5370 2103 5424 Exodo

524 5481 810 5542 declarari,
849 5495 970 5534 cum
1009 5476 1206 5547 Moysis
1237 5489 1360 5527 cum
1407 5471 1516 5524 Deo
1549 5467 1892 5521 familiariter
1937 5466 2103 5518 collo-

525 5574 740 5644 queritis
772 5573 934 5626 facies
969 5570 1040 5623 ita
1067 5565 1366 5637 gloriﬁcata
1411 5570 1516 5624 est,
1545 5567 1602 5612 ut
1629 5575 1732 5611 non
1769 5567 1995 5625 possent
2037 5559 2099 5610 li-

597 5711 641 5740 ”
668 5708 864 5763 lJoan.
893 5723 930 5773 ι,
961 5708 1015 5761 5.
1098 5705 1141 5735 ‘“
1173 5703 1305 5756 lleh.
1341 5717 1447 5765 xu,
1482 5701 1572 5757 ἓξ).

2215 5376 2365 5446 ἡμῖν.
2409 5371 2576 5447 Οἶμαι
2628 5377 2684 5430 δὲ
2708 5377 2802 5430 καὶ
2849 5376 2909 5429 τὸ
2941 5376 3253 5448 ἀπόρρητον
3304 5376 3461 5430 τοῦτο
3503 5375 3792 5448 δηλοῦσθαι

2211 5468 2268 5519 ὲν
2297 5471 2362 5540 τῇ
2401 5467 2633 5535 Ἐξόδῳ,
2657 5470 2738 5521 ὅτι
2771 5469 3050 5531 Μωὺσέως
3083 5469 3175 5522 ἐπὶ
3197 5467 3355 5522 πλέον
3380 5469 3693 5540 ὁμιλοῦντος
3717 5469 3793 5539 τῷ

2210 5559 2329 5630 Θεῷ
2361 5564 2455 5614 καὶ
2476 5563 2724 5626 συνόντος
2768 5561 2914 5631 αὑτῷ
2943 5560 3256 5627 δεδόξασται
3292 5563 3604 5634 πρόσωπον,
3654 5561 3794 5615 ὥστε

597 5849 708 5915 (lli)
737 5851 856 5901 Ὅτι
890 5846 1010 5915 φῶς
1055 5846 1223 5897 ἐστιν
1248 5847 1277 5896 ὁ
1311 5846 1478 5911 Θεός,
1513 5853 1615 5897 etc.
1663 5839 1976 5907 Corderius,
2015 5840 2106 5894 Cod

2220 5838 2612 5904 Barocmauus,
2641 5836 2824 5890 Μυῖα-ι
2854 5834 3026 5886 Barba
3039 5849 3145 5887 rus.
