4100 6394
381 383 517 440 “65

1372 387 1685 445 SEI.ECTA
1716 387 1782 442 IN
1816 386 2155 446 I’SALMOS.
2198 422 2264 431 —
2305 390 2500 445 PSAL.
2541 390 2629 448 IV.

3528 408 3660 464 “66

377 500 455 570 μὴ
490 497 748 553 δύνασθαι
776 499 910 564 ’τούς
961 500 1112 565 υίούς
1153 499 1369 571 Ἰσραὴλ
1417 502 1660 554 ἀτενίσαι
1721 503 1801 564 εἰς
1860 502 1946 571 τὴι

2067 501 2120 555 lii
2153 501 2316 558 Israel
2343 503 2629 558 intendere
2662 503 2713 558 in
2738 505 2966 574 gloriam
2997 505 3114 578 ejus
3140 518 3192 566 et
3217 510 3423 569 idcirco
3453 531 3660 573 assum-

373 591 531 657 δόξαν
583 591 770 653 αὐτοῦ,
823 593 920 646 καὶ
971 593 1058 646 διὰ
1117 591 1273 646 τοῦτο
1306 592 1572 664 κάλυμμα
1603 592 1836 647 λαϐόντα
1865 594 1958 646 τὸν

375 679 685 751 θεράποντα
709 681 918 752 ὁμιλεῖν
945 681 1023 752 τῷ
1067 681 1200 753 λαῷ.
1251 684 1409 736 Πᾶσα
1441 683 1496 736 δὲ
1551 683 1696 755 ψυχὴ
1751 686 1964 739 ἀνακει-

379 773 512 844 μένη
553 772 694 843 Θεῷ,
723 775 817 827 καὶ
841 776 922 838 είς
958 776 1018 828 τὸ
1048 774 1246 846 ἀληθὲς
1279 775 1443 829 αὐτοῦ
1477 777 1571 830 καὶ¹
1602 779 1717 840 τοῖς
1745 776 1960 840 πολλοῖς

375 864 684 937 ἀθεώρητον
712 866 1049 930 εἰσελθοῦσα,
1089 868 1471 938 μεταλαϐοῦσά
1502 888 1561 923 τε
1594 871 1693 941 τῆς
1748 870 1962 942 θειότη-

373 974 486 1021 τος,
517 957 578 1010 οὐ
609 959 830 1030 χωρητὴ
860 962 972 1022 τοῖς
1002 959 1217 1022 πολλοῖς
1237 961 1471 1028 γίνεται,
1495 959 1634 1013 ὥστε
1659 960 1830 1032 αὐτὴν
1866 962 1960 1029 ὲγ-

375 1049 796 1119 κεκαλυμμένην
836 1053 1139 1121 οἰκονομεῖν
1200 1052 1326 1115 τοὺς
1380 1052 1797 1122 ὑποδεεστέρους
1843 1053 1960 1106 δια-

374 1133 672 1206 λεγομένην
703 1137 771 1190 τὰ
805 1139 1122 1209 κατάλληλα
1154 1141 1358 1204 αὐτοῖς.
1391 1141 1511 1194 ’Ότι
1538 1142 1595 1194 δὲ
1645 1142 1706 1194 τὸ
1763 1143 1962 1213 ὀνόμα-

373 1221 598 1294 ζόμενον
623 1226 914 1297 πρόσωπον
943 1229 1037 1280 τοῦ
1071 1229 1205 1283 Θεοῦ
1228 1271 1241 1293 ,
1276 1230 1508 1300 φωτίζον
1567 1233 1628 1286 τὸ
1663 1234 1958 1304 δυνάμενον

373 1315 541 1368 αὐτοῦ
575 1319 820 1388 χωρῆσαι
858 1318 958 1382 τὰς
986 1321 1161 1388 αὐγάς
1191 1324 1554 1393 ἡγεμονικὸν,
1597 1325 1768 1378 αἴτιον
1821 1325 1961 1394 γνώ-

374 1421 513 1468 σεως
545 1406 773 1474 γίνεται,
803 1407 891 1460 διὰ
924 1409 1017 1462 τοῦ
1046 1409 1338 1480 ἑξηκοστοῦ
1379 1412 1539 1465 ἕκτου
1573 1413 1789 1484 ψαλμοῦ
1815 1431 1958 1486 παρ-

374 1495 589 1550 ίσταται
619 1497 792 1562 οὕτως
813 1499 1028 1570 ἔχοντος
1049 1517 1062 1530 ·
1105 1519 1124 1551 ι
1166 1501 1222 1553 '0
1254 1502 1386 1566 Θεὸς
1417 1505 1756 1576 οἰκτειρήσαι
1789 1507 1957 1577 ἡμᾶς,

373 1588 466 1642 καὶ
499 1589 791 1661 εὐλογήσαι
847 1592 1029 1662 ἡμᾶς,
1091 1593 1354 1662 ὲπιφάναι
1418 1596 1478 1648 τὸ
1534 1597 1826 1666 πρόσωπον
1873 1601 1958 1670 ἐφ’

371 1682 541 1752 ἡμᾶς,
577 1681 670 1734 τοῦ
705 1681 912 1750 γνῶναι
942 1687 999 1736 ὲν
1027 1687 1094 1756 τῇ
1138 1689 1206 1757 γῇ
1244 1686 1342 1756 τὴν
1374 1687 1490 1741 ὀδόν
1521 1706 1646 1753 σου,
1679 1691 1737 1742 ὲν
1791 1693 1957 1745 πᾶσιν

370 1772 548 1825 ἔθνεσι
580 1771 640 1826 τὸ
670 1774 936 1845 σωτήριόν
973 1792 1090 1837 σου,
1116 1796 1133 1825 ι
1201 1777 1295 1830 καὶ
1325 1776 1392 1829 τὰ
1425 1778 1574 1848 ἑξῆς.
1609 1778 1674 1831 Ol
1704 1780 1957 1851 μετέχον-

2068 604 2162 664 pto
2185 595 2454 650 velamine
2492 610 2686 651 servus
2716 595 2807 651 Dei
2849 613 3155 656 sermonem
3185 605 3252 657 ad
3279 607 3534 677 populum
3564 613 3661 667 ha-

2069 687 2268 742 buerit.
2296 687 2389 742 Sic
2412 689 2590 743 omnis
2623 690 2805 742 anima
2834 706 2955 759 qua:
2998 702 3106 748 tota
3148 697 3254 751 Deo
3291 702 3503 758 addicta
3547 717 3655 770 est.

2067 789 2122 832 et
2143 778 2209 832 ad
2231 780 2514 849 veritatem
2543 780 2662 849 ejus
2695 781 2943 850 plurimis
2970 783 3210 850 ignotam
3235 793 3490 859 accessit,
3519 797 3657 852 divi-

2066 870 2364 940 uitatisque
2387 871 2504 940 ejus
2531 873 2672 926 facta
2696 883 2776 928 cst
2800 877 3096 946 particeps,
3120 880 3408 938 multorum
3432 899 3652 958 captum

2064 964 2301 1028 excedit,
2325 965 2397 1018 ita
2431 973 2489 1018 ut
2517 966 2790 1022 velamine
2818 980 3099 1039 assumpto
3123 972 3320 1041 dirigat
3340 977 3650 1048 inferiores,

2064 1069 2125 1106 ea
2140 1069 2258 1124 quat
2275 1055 2341 1109 ad
2360 1065 2577 1124 captum
2599 1057 2812 1110 illorum
2831 1070 2978 1124 sunt,
2999 1060 3342 1128 proferendo.
3363 1070 3454 1123 Dei
3469 1083 3651 1128 autem

2067 1145 2261 1201 faciem
2291 1149 2354 1202 de
2393 1163 2498 1218 qua
2525 1149 2732 1204 dictum
2767 1161 2874 1216 est,
2903 1161 2958 1207 et
2983 1169 3103 1224 qua-
3134 1156 3405 1214 illuminat
3438 1163 3652 1220 intelle-

2066 1248 2212 1293 ctum
2244 1240 2334 1309 qui
2365 1241 2483 1308 ejus
2509 1242 2690 1297 radios
2733 1244 2980 1313 recipere
3013 1257 3212 1315 potest,
3239 1265 3362 1306 esse
3387 1257 3656 1324 cognitio-

2067 1327 2151 1381 nis
2181 1343 2402 1383 causam
2435 1330 2605 1398 liquet
2654 1347 2718 1387 ex
2777 1333 2864 1388 his
2916 1335 3106 1404 psalmi
3147 1345 3472 1410 sexagesimi
3512 1349 3651 1401 sexti

2065 1421 2246 1476 verbis
2281 1423 2370 1478 ":
2403 1442 2422 1475 ι
2461 1426 2604 1480 Deus
2659 1426 2983 1484 misereatur
3038 1433 3234 1500 nostri,
3271 1446 3328 1490 et
3367 1437 3657 1495 benedicat

2064 1514 2244 1582 nobis,
2290 1515 2562 1572 illuminet
2591 1520 2798 1575 vultum
2833 1536 2990 1578 suum
3013 1539 3179 1596 super
3213 1543 3336 1595 nos,
3375 1540 3433 1584 ut
3459 1547 3656 1602 cogno-

2063 1622 2280 1664 scamus
2303 1609 2358 1664 in
2390 1619 2534 1665 terra
2569 1613 2711 1666 viam
2739 1623 2910 1682 tuam,
2932 1617 2987 1671 in
3010 1619 3269 1678 omnibus
3294 1624 3548 1692 gentibus
3568 1643 3658 1683 sa-
3745 1687 3748 1692 _

2064 1698 2238 1756 lutare
2277 1709 2452 1768 tuum,
2491 1722 2511 1756 ι
2563 1713 2616 1760 et
2672 1721 2794 1776 quae
2837 1722 3161 1778 sequuntur.
3209 1714 3311 1779 Qui
3346 1715 3448 1770 hoc
3492 1720 3655 1774 modo

2064 1791 2289 1848 luminis
2341 1806 2468 1850 sunt
2510 1797 2809 1867 participes
2845 1809 2899 1854 et
2951 1801 3132 1872 reipsa
3164 1806 3345 1861 dicere
3379 1820 3650 1876 possunt:

368 1881 462 1928 τες
503 1865 645 1918 οῦτω
693 1865 787 1918 τοῦ
839 1867 1018 1936 φωτὸς
1076 1869 1169 1921 καὶ
1225 1868 1511 1940 δυνάμενοι
1554 1871 1701 1942 ἔργῳ
1745 1875 1946 1925 εἰπεῖν·

2069 1905 2086 1938 ι
2113 1884 2396 1955 Signatum
2420 1898 2683 1961 estsuper
2710 1906 2809 1946 nos
2835 1892 3017 1948 lumen
3039 1895 3220 1950 vultus
3245 1898 3343 1966 tui,
3367 1899 3648 1970 Domine,t

374 1972 394 2004 ι
439 1954 779 2026 Ἐσημειώθη
811 1955 896 2024 ἐφ’
928 1958 1078 2027 ἡμᾶς
1103 1959 1163 2011 τὸ
1192 1957 1307 2028 φῶς
1337 1959 1430 2012 τοῦ
1491 1961 1782 2032 προσώπου
1835 1979 1952 2027 σου,

369 2045 564 2118 Κύριε,
599 2066 616 2098 t
655 2048 826 2100 αῖτιον
859 2046 917 2099 δν
945 2049 1038 2101 τοῦ
1105 2050 1270 2120 μηδὲν
1305 2050 1499 2104 παθεῖν
1555 2055 1612 2106 ἐν
1662 2052 1740 2124 τῷ
1778 2054 1956 2127 καιρῷ

365 2138 458 2192 τοῦ
487 2139 809 2204 κολάξεσθαι
845 2143 972 2205 τοὺς
1004 2141 1263 2196 τοιούτων
1294 2143 1604 2214 φαρμάκων
1641 2144 1953 2216 δεομένους,

361 2231 547 2299 ἔχουσι
583 2231 644 2282 τὸ
670 2230 785 2299 φῶς
837 2225 882 2299 ᾧ
914 2232 1392 2302 κεκοινωνήκασιν.
1466 2229 1632 2302 Οἶμαι
1675 2233 1732 2286 δὲ
1797 2234 1957 2288 τοῦτο

365 2319 654 2390 δηλοῦσθαι
683 2323 740 2373 ὲν
770 2325 879 2385 τοῖς
921 2323 1187 2391 Ψαλμοῖς
1219 2323 1313 2376 καὶ
1346 2324 1404 2375 ὲν
1455 2323 1535 2394 τῷ
1576 2323 1861 2398 Ἰεζεκιήλ·
1898 2327 1956 2379 ἐν

367 2411 468 2482 μὲν
501 2415 615 2476 τοῖς
655 2413 922 2483 Ψαλμοῖς
952 2414 1142 2468 τοῦτον
1190 2415 1429 2486 τρόπον·
1488 2435 1505 2466 ι
1535 2417 1784 2480 Ἔδωκας
1843 2420 1955 2482 τοῖς

369 2502 724 2572 φοϐουμένοις
760 2521 819 2556 σε
864 2505 1204 2576 σημείωσιν,
1241 2504 1331 2558 τοῦ
1380 2509 1573 2575 φυγεῖν
1618 2506 1726 2559 ἀπὸ
1781 2523 1953 2578 προσ-

367 2593 519 2647 ώπου
540 2592 717 2660 τόξου,
743 2595 892 2659 ὅπως
920 2595 984 2649 ἂν
1016 2594 1287 2667 ρυσθῶσιν
1317 2597 1366 2648 οἱ
1395 2597 1670 2666 ἀγαπητοί
1699 2613 1814 2649 σου·
1849 2616 1867 2649 ι
1896 2597 1955 2651 ὲν

363 2684 420 2737 δὲ
463 2684 541 2756 τῷ
576 2686 866 2758 Ἰεζεκιήλ·
927 2704 944 2737 ι
997 2688 1107 2741 Καὶ
1153 2685 1280 2751 δόξα
1333 2687 1466 2740 Θεοῦ
1509 2687 1728 2759 Ἰσραὴλ
1782 2689 1950 2761 ἀνέϐη

365 2777 474 2830 ἀπὸ
501 2777 610 2830 τῶν
638 2779 953 2850 χερουϐεὶμ,
983 2781 1016 2849 ἡ
1037 2775 1169 2832 οὖσα
1196 2780 1283 2832 ἐπ’
1315 2777 1514 2842 αὐτῶν,
1547 2781 1625 2843 είς
1655 2780 1716 2832 τὸ
1742 2779 1952 2852 αἴθριον

361 2871 454 2923 τοῦ
489 2870 660 2924 οίκου.
693 2872 803 2924 Καὶ
865 2871 1090 2924 ἐκάλεσε
1137 2871 1228 2924 τὸν
1260 2870 1430 2940 ἄνδρα
1491 2870 1586 2922 τὸν
1638 2871 1953 2924 ἐνδεδυκότα

361 2963 453 3016 τὸν
493 2962 724 3035 ποδήρη,
755 2963 813 3026 ὃς
842 2961 986 3033 εἶχεν
1013 2963 1106 3014 ἐπὶ
1138 2962 1238 3032 τῆς
1270 2963 1471 3032 ὀσφύος
1500 2963 1664 3017 αὐτοῦ
1712 2963 1811 3032 τὴν
1847 2959 1952 3024 ζώ-

362 3072 481 3127 νην.
518 3056 627 3109 Καὶ
657 3051 778 3108 εἷπε
807 3054 944 3129 πρὸς
995 3055 1188 3107 αὐτόν’
1223 3053 1408 3108 Δίελθε
1463 3055 1635 3125 μέσην
1678 3054 1950 3124 Ἰερουσα-

362 3143 493 3216 λὴμ,
516 3146 610 3198 καὶ
637 3145 724 3207 δὸς
752 3147 973 3215 σημεῖον
1002 3144 1094 3196 ἐπὶ
1117 3145 1187 3196 τά
1224 3144 1452 3214 μέτωπα
1471 3143 1579 3196 τῶν
1613 3142 1822 3214 ἀνδρῶν
1839 3142 1949 3195 τῶν

363 3235 873 3299 καταστεναζόντων
923 3235 1016 3288 καὶ
1070 3235 1528 3306 κατοδυνωμένων
1584 3235 1677 3288 ἐπὶ
1742 3234 1946 3296 πάσαις

358 3329 478 3390 ταῖς
502 3325 752 3395 άνομίαις
785 3327 906 3388 ταῖς
938 3325 1251 3396 γινομέναις
1298 3326 1355 3378 ὲν
1418 3323 1570 3396 μέσῳ
1601 3323 1791 3394 αὐτῆς.
1835 3323 1947 3376 Καὶ

356 3415 565 3478 τούτοις
605 3410 777 3478 εἶπεν,
805 3415 1091 3479 ἀκούοντός
1120 3433 1218 3486 μου
1243 3432 1257 3446 ·
1296 3413 1599 3487 Πορεύεσθε
1651 3414 1826 3467 ὀπίσω
1854 3415 1946 3469 αύ-

355 3506 448 3559 τοῦ
484 3509 562 3570 είς
582 3506 678 3578 τὴν
705 3507 880 3570 πόλιν,
909 3507 999 3560 καὶ
1029 3507 1280 3568 κόπτετε,
1312 3508 1406 3560 καὶ
1446 3506 1520 3578 μὴ
1553 3507 1798 3577 φείδεσθε
1831 3507 1942 3568 τοῖς

353 3599 650 3671 ὀφθαλμοῖς
679 3601 707 3653 ὐ
717 3599 831 3670 μῶν
850 3641 864 3664 ,
899 3601 990 3653 xal.
1021 3599 1096 3672 μὴ
1129 3599 1408 3673 ἐλεήσητε.
1438 3599 1817 3671 Πρεσϐύτερον
1849 3598 1941 3652 καὶ

353 3690 655 3754 νεανίσκον,
683 3691 778 3742 καὶ
813 3690 1108 3762 παρθένον,
1138 3690 1233 3744 καὶ
1263 3692 1434 3762 νήπια
1455 3731 1468 3755 ,
1525 3692 1620 3744 καὶ
1674 3692 1940 3759 γυναῖκας

351 3780 708 3833 ἀποκτείνατε
760 3781 842 3843 είς
884 3779 1158 3845 ὲξάλειψιν
1189 3797 1203 3811 ⁸
1247 3783 1340 3834 ἐπὶ
1383 3781 1440 3834 δὲ
1473 3782 1681 3845 πάντας
1711 3779 1797 3850 ἐφ’
1851 3778 1946 3842 οῦς

352 3870 557 3924 ἔστιτὸ
589 3872 834 3941 σημεῖον,
869 3872 943 3944 μὴ
987 3871 1265 3943 ὲγγίσητε,
1318 3872 1412 3925 καὶ
1445 3872 1556 3924 άπὸ
1610 3871 1718 3924 τῶν
1774 3871 1946 3940 ἁγίων

356 3978 456 4032 μου
501 3959 761 4033 ἄρξασθε.
806 3981 825 4013 ι
862 3962 959 4026 Τίς
979 3962 1147 4035 γὰρή
1180 3963 1441 4035 δεδομένη
1487 3963 1595 4016 ἀπὸ
1653 3963 1747 4016 τοῦ
1805 3961 1942 4017 Θεοῦ

355 4051 656 4124 σημείωσις
689 4054 802 4116 τοῖς
831 4052 1114 4107 εὐλαϐέσιν
1135 4072 1149 4120 ;
1173 4054 1206 4125 ἢ
1237 4055 1290 4108 τί
1319 4054 1379 4108 τὸ
1405 4057 1631 4125 σημεῖον
1656 4053 1717 4106 τὸ
1749 4053 1842 4107 ἐπὶ
1873 4053 1942 4107 τὰ

355 4143 588 4214 μέτωπα
619 4143 896 4216 διδόμενον
928 4145 1036 4198 τῶν
1079 4146 1180 4216 τῆς
1227 4146 1486 4218 ἀληθείας
1538 4145 1794 4218 ζηλωτῶν
1844 4145 1940 4200 καὶ⁹

2060 1995 2168 2048 quo
2193 1980 2252 2035 ﬁt
2305 1991 2365 2035 ut
2395 1981 2530 2036 nihil
2560 1982 2612 2036 itt
2643 1992 2890 2054 tempore
2914 2001 3202 2056 pcenarum
3246 1991 3530 2060 patiantur
3557 1996 3652 2064 qui

2060 2074 2360 2129 istiusmodi
2389 2074 2645 2130 remediis
2667 2077 2928 2145 indigent,
2949 2078 3157 2135 habent
3179 2081 3359 2136 lumen
3385 2085 3473 2139 cui
3499 2101 3650 2142 com-

2060 2166 2437 2221 municarunt.
2469 2165 2581 2221 Hoc
2605 2175 2784 2222 autem
2811 2168 3052 2225 arbitror
3080 2171 3133 2225 in
3163 2172 3401 2228 Psalmis
3425 2185 3481 2231 et
3508 2180 3650 2247 apud

2059 2257 2404 2312 Ezechielem
2456 2257 2804 2328 signiﬁcari;
2849 2259 2903 2314 in
2967 2260 3202 2319 Psalmis
3265 2267 3486 2336 quidem
3547 2271 3653 2326 hoc

2062 2349 2221 2403 modo
2248 2349 2293 2380 εδ
2324 2364 2338 2400 :
2374 2366 2394 2400 ι
2435 2349 2638 2404 Dedisti
2677 2353 3046 2408 metuentibus
3079 2364 3130 2408 te
3168 2355 3647 2428 signiﬁcationem,

2061 2451 2118 2495 ιιι
2145 2440 2358 2512 fugiant
2387 2456 2416 2494 a
2445 2439 2588 2496 facie
2620 2457 2804 2508 arcus,
2840 2452 2899 2498 ttt
2927 2445 3232 2502 liberentur
3256 2450 3441 2507 dilecti
3478 2454 3554 2509 tui
3586 2472 3600 2522 ;
3628 2475 3646 2509 ι

2059 2535 2201 2603 apud
2234 2533 2484 2589 Ezechiel
2510 2549 2641 2591 vero
2665 2536 2708 2567 ⁸⁷
2735 2552 2749 2589 :
2785 2553 2804 2587 ι
2843 2536 2911 2591 Ει
2937 2537 3110 2608 gloria
3143 2542 3236 2596 Dei
3263 2541 3427 2598 Israel
3458 2560 3654 2604 ascen-

2057 2627 2138 2682 dit
2162 2627 2228 2682 de
2257 2627 2561 2694 cherubim,
2593 2645 2715 2700 qua:
2751 2641 2872 2686 erat
2895 2646 3059 2703 super
3094 2633 3234 2702 ipsa,
3258 2636 3310 2691 in
3337 2636 3534 2695 subdio
3557 2643 3654 2698 do-

2058 2737 2202 2777 mus.
2236 2721 2301 2776 Et
2329 2723 2547 2777 vocavit
2575 2724 2750 2778 virum
2787 2726 3037 2780 indutum
3089 2730 3314 2796 pudore,
3355 2733 3446 2803 qui
3481 2735 3648 2792 habe-

2057 2815 2150 2868 bat
2179 2829 2344 2883 super
2375 2815 2616 2869 lttntbunt
2668 2833 2824 2871 suum
2857 2834 3073 2872 zonam.
3108 2820 3175 2874 Et
3219 2823 3356 2878 dixit
3385 2827 3451 2880 ad
3481 2841 3607 2883 eum
3635 2846 3648 2885 :

2057 2905 2249 2960 Transi
2281 2905 2515 2960 mediam
2547 2905 2874 2976 Jerusalem,
2897 2919 2952 2964 et
2976 2911 3042 2965 da
3068 2910 3280 2981 signum
3303 2931 3472 2985 super
3501 2921 3654 2975 l'ron-

2060 3005 2141 3048 tes
2169 2995 2415 3048 virorum
2459 2997 2794 3067 gementium
2831 3008 2888 3052 et
2913 2999 3215 3056 dolentium
3247 3020 3415 3075 super
3439 3014 3651 3068 cunctis

2057 3087 2454 3158 iniquitatibus,
2496 3104 2618 3158 qum
2643 3088 2779 3144 ﬁunt
2818 3090 2872 3144 in
2904 3093 3084 3148 medio
3139 3095 3406 3164 ipsorum.
3449 3100 3514 3155 Et
3544 3103 3650 3157 illis

2055 3178 2192 3234 dixit
2223 3178 2478 3234 audiente
2506 3195 2635 3234 me:
2670 3179 2746 3236 lte
2803 3189 2924 3250 post
2970 3197 3094 3238 eunt
3147 3187 3200 3240 iu
3254 3189 3533 3248 civitatem
3593 3208 3649 3250 et

2057 3270 2364 3339 percutite;
2401 3280 2455 3326 et
2487 3287 2592 3328 non
2620 3272 2830 3343 parcite
2857 3275 3030 3330 oculis
3061 3280 3281 3347 vestris,
3323 3293 3379 3338 et
3407 3299 3512 3340 non
3542 3289 3646 3342 nti-

2053 3367 2333 3422 seremini.
2371 3366 2590 3432 Senem,
2626 3367 2792 3441 574
2818 3378 2875 3424 et
2914 3372 3314 3432 adolescentem
3339 3420 3354 3443 ,
3387 3391 3442 3436 et
3480 3384 3644 3455 virgi-

2055 3472 2200 3526 nem,
2228 3469 2280 3513 et
2313 3460 2668 3530 parvulos,et
2699 3461 2956 3520 mulieres
2983 3465 3270 3525 interﬁcite
3303 3473 3372 3527 ad
3405 3473 3648 3530 interne-

2051 3551 2264 3605 cionem
2291 3567 2306 3604 :
2330 3567 2494 3621 super
2517 3567 2709 3608 omnes
2731 3564 2912 3610 autem
2944 3572 3109 3628 super
3135 3574 3270 3629 quos
3295 3573 3381 3618 est
3407 3566 3645 3636 signum,

2051 3659 2119 3698 ne
2141 3643 2684 3714 appropinquetis,et
2705 3661 2734 3700 a
2763 3649 2975 3704 sanctis
3004 3652 3140 3705 meis
3175 3651 3421 3723 incipite.
3448 3675 3467 3708 ι
3489 3655 3645 3725 Qua-

2048 3751 2174 3790 natu
2197 3736 2444 3791 estenim
2475 3735 2807 3807 signiﬁcatio
2837 3755 2866 3793 a
2901 3739 3012 3796 Deo
3047 3742 3174 3798 data
3203 3745 3448 3815 piis?vel
3470 3751 3643 3819 quod-

2047 3843 2174 3882 nam
2211 3829 2430 3898 signum
2475 3828 2746 3884 frontibus
2793 3844 2985 3887 eorum
3040 3835 3366 3905 impressum
3411 3850 3517 3906 est,
3547 3850 3640 3912 qui

2045 3919 2332 3973 veritatem
2374 3919 2627 3990 diligunt,
2665 3931 2718 3976 et
2766 3935 2989 3994 propter
3023 3926 3203 3995 populi
3239 3933 3636 4000 transgressio-

2019 4026 2140 4066 .nes
2173 4011 2380 4082 lugent,
2412 4013 2514 4067 nisi
2548 4017 2981 4072 communicatio
3031 4018 3338 4077 divinitatis
3366 4038 3530 4092 quam
3556 4042 3634 4082 reo

2040 4103 2249 4174 cipiunt
2275 4103 2312 4158 ii
2337 4105 2430 4172 qui
2457 4121 2588 4160 sane
2621 4106 2766 4160 illam
2794 4107 3104 4178 intelligunt
3138 4111 3162 4162 ?

355 4239 718 4305 στεναζόντων
751 4241 844 4294 ἐπὶ
894 4244 1016 4304 ταῖς
1049 4241 1389 4313 παραϐάσεσι
1425 4245 1545 4306 ταῖς
1579 4240 1898 4312 γινομέναις
1936 4244 1994 4294 ἐν
2027 4241 2105 4313 τῷ
2135 4240 2248 4312 λαῷ
2268 4281 2282 4306 ,
2329 4243 2362 4315 ἦ
2395 4245 2426 4314 ἡ
2475 4245 2732 4300 κοινωνία
2761 4245 2860 4316 τῆς
2896 4245 3169 4319 θειότητος
3200 4251 3278 4314 είς
3309 4255 3437 4318 τοὺς
3467 4255 3636 4325 ὑγιῶς

350 4329 520 4402 αὐτὴν
552 4331 806 4395 νοοῦντας
833 4330 1108 4400 φθάνουσα
1125 4349 1139 4396 ;

423 4424 688 4490 Ἕδωκας
743 4423 1132 4492 εὐφροσύνην
1179 4425 1265 4489 εἰς
1313 4422 1428 4492 τὴν
1470 4424 1724 4492 καρδίαν
1762 4443 1883 4494 μου
1917 4465 1931 4488 ,

2117 4421 2282 4477 Vsus.
2311 4420 2364 4474 7.
2411 4418 2616 4473 Dedisti
2647 4418 2892 4473 lwlitiam
2934 4423 2988 4476 in
3024 4427 3181 4482 corde
3211 4445 3343 4492 meo,
3381 4443 3486 4489 etc.
3524 4435 3634 4490 Ilu-

350 4531 404 4568 κ.
432 4531 482 4569 τ.
517 4515 562 4567 ὲ.
627 4513 852 4584 Συνᾲδει
887 4512 980 4566 τοῦ
1021 4513 1203 4583 στίχου
1235 4513 1346 4583 (15)
1398 4515 1427 4566 ὀ
1455 4514 1582 4579 νοῦς
1608 4509 1688 4578 οἷς
1719 4519 1800 4578 εἰς
1835 4517 1925 4568 τὸν

349 4608 456 4681 πρὸ
478 4607 668 4662 τούτου
699 4609 1028 4680 εἰρήκαμεν.
1081 4609 1168 4662 Ἑν
1196 4610 1304 4681 γάρ
1337 4610 1415 4681 τῷ
1447 4609 1805 4681 σημειοῦσθαι
1841 4609 1932 4662 ἐπὶ

345 4701 475 4763 τούς
522 4699 708 4768 ἁγίους
737 4699 795 4752 τὸ
825 4701 941 4770 φῶς
982 4699 1075 4754 τοῦ
1114 4700 1406 4772 προσώπου
1441 4701 1671 4771 Κυρίου,
1712 4701 1765 4754 τί
1805 4701 1934 4754 ἄλλο

346 4793 566 4864 ἐστὶνῆ
613 4792 1011 4863 εὐφραινομένη
1062 4792 1295 4864 καρδίας
1346 4793 1524 4866 Ὅπερ
1583 4792 1931 4863 λαμϐάνομεν

345 4884 464 4938 ἀντὶ
489 4884 584 4938 τοῦ
635 4883 906 4953 νοητικοῦ,
934 4877 977 4950 ᾧ
998 4884 1254 4956 δίδοταιή
1292 4883 1596 4956 εὐφροσύνη
1635 4884 1930 4956 θεωροῦντι

342 4976 476 5030 Θεὸν
509 4988 603 5030 και
638 4975 918 5046 μετέχοντι
943 4975 1043 5044 τῆς
1072 4975 1345 5049 θειότητος
1374 4976 1559 5031 αὐτοῦ.
1597 4978 1673 5030 Οὐ
1733 4977 1928 5030 ταυτὸν

339 5065 398 5120 δέ
428 5067 544 5119 ἐστι
590 5065 667 5136 τῷ
713 5063 1098 5136 εὐφραίνεσθαι
1147 5067 1376 5138 καρδίαν
1425 5067 1487 5120 τὸ
1539 5067 1926 5140 εὐφραίνεσθαι

342 5159 539 5230 σάρκα.
579 5159 666 5214 Ἐν
700 5159 800 5230 μὲν
832 5158 941 5231 γὰρ
972 5158 1174 5232 θεωρίᾳ
1205 5163 1402 5234 καρδία
1431 5164 1781 5235 εὐφραίνεται
1808 5182 1821 5195 ·
1868 5167 1927 5218 ἐν

337 5251 393 5303 δὲ
417 5254 531 5315 τοῖς
564 5251 768 5314 ὐλικοῖς
815 5249 1066 5322 βρώμασί
1104 5269 1164 5304 τε
1209 5254 1303 5308 καὶ
1347 5254 1555 5325 πόμασι
1607 5257 1700 5310 καὶ
1749 5256 1926 5326 μίξεσι

339 5341 477 5410 σὰρξ
505 5342 876 5413 εὐφραίνεται,
924 5347 1025 5416 τῆς
1073 5344 1302 5417 καρδίας
1343 5348 1782 5418 πεπαχυμμένης
1831 5347 1926 5401 καὶ

339 5431 475 5499 πρὸς
507 5433 567 5486 τὸ
603 5433 730 5487 ἴδιον
756 5435 958 5502 ἀγαθὸν
995 5435 1450 5508 ὲμποδιζομὲνης.
1487 5437 1655 5491 Ἐπάν
1700 5433 1792 5492 οὖν
1835 5438 1922 5490 λέ-

337 5542 501 5598 γηται
564 5527 621 5579 ὲν
677 5528 859 5590 αὐτοῖς
891 5530 1001 5591 τοῖς
1035 5527 1320 5596 Ψαλμοῖς·
1364 5547 1381 5579 ι
1429 5524 1585 5592 Divo;
1643 5529 1922 5600 εὐφραίνει

408 5709 617 5767 “Psal.
670 5728 814 5780 uvr,
853 5712 905 5768 'l.

981 5714 1025 5745 ⁸⁸
1058 5713 1200 5770 Psal.
1233 5730 1346 5780 ιιι,
1373 5714 1423 5769 6.
1501 5716 1544 5746 ⁵⁷
1578 5713 1775 5769 Ezech.
1815 5733 1890 5781 tx,
1920 5718 1952 5771 5
1984 5728 2037 5774 et
2070 5735 2225 5788 seqq.

2037 4512 2128 4582 jus
2168 4509 2420 4566 versiculi
2459 4525 2650 4564 sensus
2682 4514 2956 4569 conSentit
2979 4530 3101 4570 cum
3142 4518 3210 4574 iis
3247 4534 3369 4589 qua:
3406 4523 3460 4578 iu
3493 4541 3632 4593 prm-

2043 4604 2256 4660 cedenti
2306 4604 2564 4660 diximus.
2611 4605 2746 4662 Nam
2790 4609 2920 4679 quid
2950 4609 3095 4664 aliud
3125 4621 3208 4667 est
3235 4613 3415 4670 lumen
3452 4621 3632 4680 vultus

2043 4694 2260 4749 Domini
2291 4696 2566 4765 signatum
2607 4713 2771 4766 super
2809 4709 3050 4764 sanctos,
3093 4717 3257 4771 quam
3297 4721 3393 4762 cor
3431 4709 3631 4768 laetitiae

2041 4787 2258 4857 plenum
2287 4788 2312 4842 ?
2342 4788 2496 4855 Quod
2521 4790 2820 4858 accipimus
2857 4806 2954 4860 pro
2985 4792 3285 4861 intellectu,
3313 4799 3400 4853 cui
3439 4803 3630 4859 tribui-

2040 4889 2130 4934 tur
2159 4879 2368 4945 lzetitia,
2397 4882 2526 4936 dttttt
2563 4883 2730 4937 Dettnt
2778 4885 3184 4953 contemplatur
3240 4899 3294 4944 et
3323 4891 3628 4951 divinitatis

2037 4970 2151 5038 ejus
2182 4974 2460 5044 particeps
2494 4975 2750 5032 elﬁcitur.
2771 4977 2962 5031 Dill‘ert
2989 4989 3171 5033 autent
3218 4979 3403 5037 la-titia
3445 4987 3627 5040 cordis

2036 5080 2066 5117 a
2098 5063 2284 5120 laetitia
2311 5068 2515 5123 carnis.
2535 5068 2590 5122 In
2619 5071 3079 5131 contemplatione
3102 5075 3246 5129 enim
3272 5075 3486 5131 Iactatur
3506 5092 3621 5146 cor,

2037 5157 2092 5210 in
2147 5158 2382 5213 terrenis
2414 5175 2542 5215 vero
2581 5163 2718 5218 cibis
2751 5176 2808 5220 et
2854 5167 3071 5238 potibus
3111 5184 3176 5224 ac
3212 5171 3445 5226 coitibus
3476 5173 3624 5228 heta-

2039 5255 2128 5300 tur
2179 5263 2335 5316 caro,
2371 5251 2538 5306 corde
2588 5253 2890 5312 iucrassato
2915 5270 2968 5314 et
2998 5261 3064 5314 ad
3095 5262 3374 5331 prpprintn
3419 5263 3620 5316 bonum

2039 5340 2314 5409 impedito.
2347 5341 2485 5397 Cum
2523 5343 2688 5418 igitur
2720 5349 2771 5402 in
2801 5350 2991 5405 iisdem
3030 5351 3263 5407 Psalmis
3295 5353 3500 5408 dicitur
3533 5354 3617 5409 ⁸⁸ε

2040 5451 2059 5484 ι
2101 5432 2297 5488 Vinum
2331 5435 2568 5492 laetiﬁcat
2596 5453 2691 5494 cor
2719 5443 2974 5510 hominis,
2996 5454 3051 5500 et
3081 5446 3236 5514 panis
3255 5461 3352 5500 cor
3383 5447 3622 5502 hominis

2031 5531 2339 5597 conﬁrmat,
2380 5553 2397 5583 ι
2426 5550 2612 5590 verum
2655 5554 2845 5604 partem
2881 5557 2987 5610 quo
3025 5555 3176 5596 mens
3210 5542 3394 5610 alitur,
3419 5551 3473 5597 et
3496 5543 3615 5600 fru-

2304 5721 2348 5751 ⁶⁸
2373 5719 2517 5776 Psal.‘
2557 5737 2671 5789 cm,
2713 5723 2800 5776 15.

404 5884 515 5956 (ιδ)
540 5887 789 5955 fug-giae;
828 5892 929 5945 τοῦ
968 5893 1205 5961 στίχου,
1246 5903 1351 5950 etc.
1389 5894 1566 5951 Codex
1619 5875 1946 5952 Barorciauu

2053 5897 2228 5953 Daniel
2254 5900 2323 5954 Ba
2337 5901 2557 5972 rbartts.
