4100 6366
494 366 530 418 Ἰ
549 361 637 411 167

1897 352 1986 405 EX
2037 349 2358 406 ORIGENE.

3623 358 3759 412 nos

505 486 650 530 ctum
682 473 803 529 vitis
840 487 978 527 verae
1024 469 1381 525 incbriantcm
1415 477 1471 521 ut
1503 463 1879 527 fortissimum,
1916 465 2072 518 intel-

2187 462 2409 533 καρδίαν
2453 461 2740 534 ἀνθρώπου
2765 503 2780 526 ,
2832 463 2925 517 καὶ
2982 464 3145 536 ἄρτος
3200 465 3420 537 καρδίαν
3476 467 3760 539 ανθρώπου

508 568 668 638 Iigere
698 576 928 637 oportet.

2184 554 2448 626 στηρίξει,
2494 574 2511 606 ι
2545 555 2636 609 τὸν
2664 555 2914 626 ἀληθινὸν
2957 557 3120 628 ἄρτον
3158 559 3373 628 νοητέον
3415 559 3762 631 τροφιμώτα-

502 680 593 716 τον
621 663 750 716 ὄντα
782 665 846 734 τῇ
875 659 1101 730 διανοίᾳ,
1132 656 1224 710 καὶ
1257 656 1316 709 τὸ
1345 655 1592 724 γέννημα
1611 652 1710 722 τῆς
1738 650 1992 721 ἀληθινῆς
2018 649 2263 720 ἀμπέλου
2297 648 2564 720 μεθύσκον
2592 649 2666 712 ὡς
2695 651 3003 719 κράτιστον.

565 764 726 818 Vsus.
747 761 801 816 8.
836 761 878 814 Α
910 759 1088 828 fructu
1117 755 1390 819 frumenti,
1411 754 1539 816 vini,
1562 761 1610 806 et
1647 750 1748 805 olei
1781 748 2082 815 sui,multi-

489 855 673 926 plicati
712 863 855 916 sunt,
893 861 1002 906 etc.
1045 850 1100 904 In
1134 848 1396 912 Hebraeo,
1434 863 1452 896 ι
1494 860 1521 897 a
1559 855 1826 912 tempore,
1863 862 1882 895 ι
1915 842 2082 896 habe-

491 963 598 1004 tur.
650 949 852 1002 Verum
895 940 1254 1012 Septuaginta
1297 939 1400 993 hoc
1452 937 1613 992 modo
1659 933 2077 997 transtulerunt,

489 1052 547 1097 ut
579 1040 743 1096 totius
786 1035 1068 1093 sententia:
1102 1045 1295 1088 sensus
1327 1029 1414 1084 hic
1455 1029 1522 1083 sit
1557 1046 1570 1083 :
1607 1029 1664 1083 ln
1706 1037 1950 1098 tempore
1973 1039 2082 1094 quo

489 1130 768 1194 frumenti,
795 1126 986 1183 hordei
1037 1133 1093 1180 et
1124 1121 1457 1192 leguminum
1485 1120 1727 1176 omnium
1757 1119 1949 1173 messis
1974 1125 2077 1179 est,

489 1218 834 1290 multiplicati
866 1225 1013 1272 sunt.
1043 1213 1148 1281 Qui
1192 1213 1247 1268 in
1280 1221 1526 1280 tempore
1569 1224 1880 1266 mensuram
1917 1208 2078 1262 tritici

487 1313 850 1383 accipiebant,
883 1324 912 1363 a
961 1317 1205 1376 tempore
1245 1303 1410 1358 tritici
1453 1303 1796 1372 multiplicati
1836 1312 1984 1366 sunt,
2016 1315 2080 1354 eo

485 1407 632 1477 quod
653 1402 1028 1475 opportunitas
1063 1397 1324 1467 temporis
1363 1397 1444 1451 eis
1480 1399 1546 1450 ad
1579 1395 2076 1463 multiplicationem

487 1500 841 1556 conduceret.
889 1494 998 1548 Hoc
1043 1492 1184 1544 idem
1227 1489 1294 1544 de
1336 1488 1464 1542 vino
1499 1503 1594 1542 cor
1625 1487 1864 1541 hominis
1909 1487 2078 1540 hutili-

488 1595 646 1642 cante
683 1583 971 1638 dicendum
1001 1594 1105 1638 est.

558 1769 719 1824 Vens.
741 1769 793 1831 9,
827 1768 912 1822 10.
939 1766 1004 1820 lu
1029 1781 1153 1834 pace
1186 1766 1238 1817 in
1263 1764 1488 1828 idipsum
1511 1763 1768 1815 dormiam
1798 1772 1843 1814 et
1877 1760 2078 1830 requie-
2113 1771 2154 1825 Β

482 1879 622 1916 stant
638 1875 658 1916 :
681 1862 930 1932 quoniam
952 1868 1034 1925 tu,
1067 1857 1312 1921 Domine,
1338 1856 1680 1926 singulariter
1702 1856 1754 1907 in
1779 1871 1867 1921 spe
1887 1854 2080 1907 consti-

482 1953 630 2007 tuisti
659 1968 757 2018 me,
785 1960 892 2006 etc.
923 1949 979 2004 Si
1005 1965 1071 2005 ex
1099 1963 1336 2017 persona
1365 1946 1570 2002 Christi
1592 1945 2074 2016 psaltnusdicitur,

481 2046 778 2100 secundum
829 2041 1294 2110 magniﬁcentiam
1336 2052 1457 2109 qua:
1489 2037 1566 2091 illi
1598 2054 1625 2090 a
1674 2037 1834 2092 Patre
1865 2037 2076 2091 incom-

482 2135 742 2204 parabilis
771 2133 965 2187 tradita
993 2140 1098 2199 est,
1129 2132 1202 2186 ita
1234 2142 1295 2184 ut
1332 2143 1491 2185 nemo
1521 2129 1692 2198 possit
1719 2143 1934 2182 omnem
1960 2126 2075 2193 ejus

482 2226 914 2296 magnitudinem
957 2222 1437 2292 comprehendere,
1497 2229 1893 2290 consequenter
1939 2221 2017 2274 ait
2057 2237 2071 2275 :

480 2337 499 2370 ι
531 2318 892 2390 Singulariter
907 2315 1235 2373 constituisti
1258 2328 1372 2379 me;
1402 2333 1420 2366 ι
1443 2329 1632 2368 verum
1653 2314 1696 2367 si
1717 2328 1781 2367 ex
1801 2312 2076 2382 prepheta:

482 2423 742 2478 persona,
775 2407 1033 2462 existimo
1067 2404 1362 2476 signiﬁcari
1408 2402 1692 2457 raritatem
1742 2403 2072 2467 sanctitatis,

482 2513 536 2557 et
566 2502 808 2555 maxime
835 2501 886 2554 in
928 2496 1372 2568 generationibus
1413 2503 1784 2565 peccatorum,
1816 2497 2077 2563 quemad-

483 2593 705 2649 modum
760 2591 1098 2660 temporibus
1148 2589 1272 2644 Eliae
1323 2587 1543 2651 accidit,
1585 2587 1676 2656 qui
1737 2587 1953 2642 dicebat
1975 2587 2071 2640 "z

488 2705 505 2736 ι
557 2685 800 2751 Domine,
833 2685 1128 2754 prophetas
1170 2693 1290 2737 tuos
1317 2682 1738 2745 interfecerunt,
1771 2680 2072 2734 altariatua

483 2780 891 2840 destruxerunt,
924 2783 979 2830 et
1001 2790 1103 2844 ego
1138 2774 1361 2829 relictus
1383 2789 1501 2828 sum
1531 2773 1732 2827 solus.»
1757 2771 1921 2826 Forte
1947 2786 2075 2826 vero

480 2870 572 2938 qui
603 2870 849 2924 bravium
886 2868 1087 2937 accipit
1119 2877 1284 2936 atque
1319 2865 1577 2921 munibus
1622 2866 1738 2920 suis
1783 2866 2074 2921 comtaneis

477 2961 729 3029 superior
777 2959 1015 3024 exsistit,
1066 2959 1211 3012 hunc
1245 2957 1436 3026 psalmi
1472 2955 1803 3011 versiculum
1837 2969 2075 3023 pronun-

481 3055 654 3108 tiabit.
696 3053 826 3107 Illud
882 3061 1100 3110 autem,
1149 3067 1167 3100 ι
1219 3049 1271 3102 in
1311 3063 1427 3118 spe,
1465 3067 1483 3100 ι
1537 3051 1580 3102 si
1629 3047 1879 3104 Salvator
1931 3049 2075 3103 dicat

477 3148 640 3219 575
690 3146 985 3203 secundum
1049 3151 1384 3210 assumptam
1443 3141 1871 3204 humanitatem,
1939 3141 2070 3194 nihil

2179 3146 2305 3216 μοῦ.
2342 3146 2414 3199 Τὸ
2446 3145 2500 3200 δὲ
2524 3187 2538 3210 ,

477 3241 677 3295 mirum
721 3253 846 3294 cum
885 3245 1197 3306 sperantem
1241 3235 1359 3289 fore
1391 3242 1448 3288 ut
1482 3234 1534 3286 in
1560 3233 1838 3302 proprium
1870 3241 2071 3286 statum

480 3333 824 3392 restituatur,
868 3330 1051 3383 dicere
1075 3343 1133 3380 se
1176 3344 1204 3379 a
1241 3327 1349 3380 Deo
1393 3344 1410 3376 ι
1449 3325 1502 3379 in
1533 3341 1626 3394 spe
1664 3345 1682 3377 ι
1715 3325 2070 3378 constitutum

476 3422 798 3492 csse,juxta
839 3420 966 3474 illud
1007 3419 1084 3470 7°:
1116 3437 1132 3468 ι
1171 3417 1422 3474 Clarilica
1463 3433 1570 3484 mc,
1602 3421 1782 3478 Pater,
1820 3417 2074 3470 claritate

477 3529 642 3583 quam
687 3512 870 3576 habui,
899 3512 1216 3581 priusquam
1270 3509 1506 3564 mundus
1559 3516 1729 3571 esset,
1761 3507 1901 3576 apud
1938 3517 2008 3559 te.
2049 3524 2066 3556 ι

479 3609 672 3664 Potest
703 3607 870 3662 etiam
909 3624 940 3659 ει
979 3604 1264 3659 Salvatore
1288 3603 1393 3658 dici
1428 3601 1570 3656 istud
1601 3619 1618 3651 ‹
1650 3599 2023 3668 singulariter,
2049 3618 2066 3649 ι

478 3698 552 3754 01)
593 3707 806 3766 tempus
851 3711 960 3764 quo
1008 3709 1200 3748 omnes
1256 3691 1373 3761 eius
1423 3691 1673 3759 discipuli
1715 3688 2071 3745 scandalizati

479 3799 608 3846 sunt
651 3803 706 3846 et
746 3790 922 3858 ipsum
963 3788 1343 3842 deseruerunt.
1378 3784 1489 3840 Nec
1527 3784 1704 3838 minus
1735 3783 1866 3837 illud
1900 3780 2070 3834 mani-

481 3884 680 3939 festum
719 3892 825 3946 est,
858 3878 1076 3935 etiamsi
1120 3894 1149 3932 a
1186 3876 1453 3946 PrOpheta
1489 3876 1703 3930 dicatur
1739 3891 1756 3922 ι
1794 3876 1846 3926 in
1892 3887 2009 3940 spe,
2047 3892 2064 3922 ι

477 3991 603 4032 cum
623 3973 801 4030 omnis
821 3981 1045 4027 sanctus
1064 3979 1284 4040 propter
1305 3968 1632 4023 charitatcm
1655 3965 1836 4021 omnia
1861 3972 2068 4034 speret.

1065 4175 1386 4232 PSALMUS
1423 4175 1483 4229 ν.

548 4277 714 4332 Vsus.
743 4277 795 4338 1,
825 4275 880 4339 2,
904 4274 958 4328 ’5.
999 4259 1166 4324 Verba
1201 4287 1312 4323 mea
1337 4272 1552 4324 auribus
1573 4273 1795 4338 percipe,
1823 4271 2069 4333 Domine,

473 4367 708 4437 intellige
731 4365 1013 4419 clamorem
1031 4377 1224 4417 meum.
1247 4361 1468 4415 Intende
1494 4364 1606 4414 voci
1634 4362 1894 4416 orationis
1919 4379 2070 4428 mea',

475 4475 571 4514 rex
602 4474 747 4512 meus
775 4467 820 4510 et
866 4455 1005 4509 Deus
1060 4471 1226 4516 meus,
1255 4463 1366 4507 etc.
1402 4452 1876 4506 Considerandum
1911 4453 2072 4507 nobis

2269 743 2401 798 Ἀπὸ
2432 739 2666 811 καρποῦ
2698 739 2897 805 σίτου,
2927 740 3121 804 οἴνου,
3166 741 3267 796 καὶ
3312 741 3525 794 ἐλαίου
3581 742 3785 797 αὐτῶν

2184 835 2678 903 ὲπληθύνθησαν,
2735 851 2790 888 κ.
2843 854 2895 889 τ.
2944 833 2990 888 ἑ.
3053 835 3141 886 Ἐν
3197 833 3275 904 τῷ
3338 833 3610 906 Ἐϐραῖκῷ
3647 835 3781 904 (16),

2191 947 2209 980 ι
2246 928 2354 982 ἀπὸ
2382 927 2599 999 καιροῦ,
2635 948 2652 979 ι
2690 923 2825 998 εἶχε.
2876 928 2988 981 Καὶ
3015 929 3065 980 οἱ
3112 926 3520 999 Ἑϐδομήκοντα
3549 928 3606 982 δὲ
3635 929 3781 982 οὕτω

2181 1018 2514 1082 τεθείκασιν,
2547 1018 2623 1082 ὥς
2656 1019 2754 1090 τῆς
2788 1018 2917 1089 ὅλης
2948 1017 3148 1082 λέξεως
3177 1014 3317 1071 εἶναι
3344 1019 3435 1071 τὸν
3453 1019 3578 1072 νοῦν
3603 1019 3774 1073 τοιοῦ-

2182 1127 2302 1165 τον”
2365 1112 2454 1163 Ἐν
2510 1110 2588 1181 τῷ
2639 1110 2818 1182 καιρῷ
2874 1110 2983 1164 τῶν
3029 1110 3394 1180 θεριζομένων
3445 1111 3780 1182 σπερμάτων

2184 1207 2331 1260 σίτου
2383 1207 2478 1260 καὶ
2523 1206 2738 1278 κριθῆς,
2752 1207 2846 1260 καὶ
2882 1205 2990 1260 τῶν
3022 1207 3266 1277 ὀσπρίων
3297 1208 3518 1260 πάντων
3544 1208 3775 1268 τούτων,

2185 1297 2624 1368 ἐπληθύνθησαν.
2652 1298 2715 1349 Οἱ
2747 1300 2804 1350 ὲν
2836 1296 2914 1367 τῷ
2935 1296 3113 1367 καιρῷ
3143 1295 3204 1348 τὸ
3247 1296 3590 1366 σιτομέτριον
3637 1295 3778 1365 λαμ-

2183 1389 2436 1453 ϐάνοντες
2481 1389 2588 1443 ἀπὸ
2623 1388 2816 1460 καιροῦ
2877 1389 3024 1442 σίτου
3075 1387 3509 1458 ἐπληθύνθησαν,
3569 1387 3656 1442 διὰ
3714 1389 3778 1441 τὸ

2181 1476 2439 1548 εὔκαιρον
2489 1478 2568 1540 είς
2621 1476 2940 1546 πληθυσμὸν
2986 1477 3378 1549 ὠφελούμενοι.
3425 1478 3658 1549 Ὁμοίως
3716 1480 3774 1532 δὲ

2181 1568 2274 1621 καὶ
2304 1570 2431 1642 περὶ
2465 1567 2608 1622 οἴνου
2639 1567 2734 1621 τοῦ
2783 1568 3165 1640 εὐφραίνοντος
3197 1569 3428 1642 καρδίαν
3481 1569 3772 1643 ἀνθρώπου

2179 1663 2512 1716 διαλεκτέον.

2265 1757 2362 1810 Ἐν
2402 1757 2609 1825 εἰρήνῃ
2681 1757 2778 1810 ἐπὶ
2835 1757 2903 1810 τὸ
2961 1758 3109 1812 αὐτὸ
3161 1758 3620 1829 κοτμηθήσομαι,
3670 1761 3768 1814 καὶ

2180 1847 2472 1903 ὑπνώσιι›’
2511 1849 2599 1902 ὅτι
2623 1849 2726 1911 σὺ,
2759 1851 2965 1918 Κύριε,
3017 1851 3170 1905 κατὰ
3201 1853 3396 1921 μόνας
3434 1853 3526 1906 ἐπ’
3569 1853 3772 1906 ἐλπίδι

2182 1940 2522 2008 κατῴκισάς
2545 1959 2642 2012 με,
2679 1961 2730 1996 κ.
2760 1960 2810 1995 τ.
2842 1944 2891 1995 ἐ.
2939 1942 3062 1995 Ἐὰν
3099 1943 3198 2012 μὲν
3223 1946 3286 1998 ἐκ
3315 1944 3610 2014 προσώπου
3657 1945 3770 2015 (17)

2181 2031 2274 2086 τοῦ
2299 2033 2536 2106 Χριστοῦ
2561 2035 2588 2086 ὁ
2605 2034 2816 2104 ψαλμὸς
2833 2035 3244 2106 ἀπαγγέλληται
3276 2036 3416 2090 κατὰ
3439 2037 3538 2108 τὴν
3562 2037 3772 2108 διδομέο

2181 2144 2278 2198 νην
2307 2125 2458 2197 αὺτῷ
2482 2126 2878 2198 μεγαλειότητα
2897 2127 3004 2180 ἀπὸ
3028 2126 3121 2180 τοῦ
3150 2127 3362 2200 Πατρὸς
3384 2128 3772 2201 ἀπαρὰὅλητον

2178 2218 2366 2285 οὖσαν,
2401 2221 2541 2274 ὥστε
2592 2221 2796 2293 μηδένα
2826 2221 3083 2275 δύνασθαι
3117 2222 3210 2275 τοῦ
3262 2223 3459 2287 παντὸς
3484 2222 3578 2276 τοῦ
3609 2224 3772 2294 μεγέ-

2179 2312 2305 2377 θους
2336 2312 2501 2367 αὐτοῦ
2538 2313 2883 2384 μεταλαϐεῖν,
2920 2313 3230 2377 ἀκολούθως
3260 2308 3392 2386 φησὶ
3422 2313 3502 2380 τὸ,
3561 2333 3578 2366 ι
3610 2315 3770 2368 Κατὰ

2181 2406 2346 2476 μόνας
2365 2405 2675 2477 κατῴκισάς
2703 2423 2788 2476 με.
2823 2426 2840 2458 ν
2888 2408 2952 2460 Et
2980 2407 3034 2459 δὲ
3068 2409 3131 2460 ἐκ
3161 2405 3452 2478 προσώπου
3496 2405 3590 2460 τοῦ
3637 2423 3771 2478 προ-

2179 2498 2371 2567 φήτου,
2429 2493 2583 2566 οἶμαι
2635 2495 2926 2565 δηλοῦσθαι
2967 2498 3028 2550 τὸ
3083 2497 3308 2551 σπάνιον
3337 2497 3430 2550 τοῦ
3469 2499 3766 2570 ἀγιασμοῦ,

2178 2589 2271 2642 καὶ
2307 2586 2543 2658 μάλιστα
2579 2589 2635 2639 ὲν
2672 2589 2884 2655 γενεαῖς
2917 2587 3276 2656 ἁμαρτωλῶν,
3319 2591 3500 2642 ὁποῖον
3525 2585 3594 2660 ἦν
3622 2591 3682 2642 τὸ
3709 2592 3768 2642 ἐν

2176 2681 2296 2742 ταῖς
2321 2677 2556 2749 ἡμέραις
2593 2676 2773 2730 Ἡλίου
2798 2677 3050 2744 λέγοντος
3070 2693 3082 2706 ’
3119 2696 3137 2728 ί
3176 2677 3370 2748 Κύριε,
3400 2680 3528 2741 τοὺς
3556 2682 3769 2751 προφή-

2175 2788 2274 2834 τας
2305 2787 2398 2824 σου
2417 2770 2769 2833 ἀπέκτειναν,
2795 2769 2863 2822 τὰ
2881 2769 3247 2841 θυσιαστήριά
3275 2787 3366 2822 σου
3391 2771 3764 2840 κατέσκαψαν,

2176 2864 2269 2917 καὶ
2296 2863 2408 2932 ἐγὼ
2434 2862 2753 2935 ὑπελήφθην
2793 2863 2972 2934 μόνος.
3007 2882 3024 2912 ι
3052 2863 3206 2933 Τάχα
3239 2862 3294 2915 δὲ
3340 2853 3435 2916 καὶ
3472 2865 3500 2915 ὁ
3549 2861 3763 2932 λαμϐά-

2175 2976 2282 3012 νων
2307 2957 2366 3010 τὸ
2413 2957 2693 3028 βραϐεῖον,
2731 2957 2825 3010 καὶ
2879 2957 3018 3027 ὑπὲρ
3069 2957 3194 3019 τοὺς
3229 2955 3370 3008 κατὰ
3426 2955 3524 3025 τὴν
3570 2955 3763 3008 ἑαυτοῦ

2175 3053 2369 3122 γενεὰν
2396 3054 2687 3124 γενόμενος
2708 3091 2722 3115 ,
2761 3053 2878 3123 ἐρεῖ
2907 3051 3006 3122 τὴν
3037 3050 3182 3115 λέξιν
3229 3051 3432 3120 ταύτην
3487 3048 3582 3101 τοῦ
3631 3050 3766 3118 ψαλ-

2583 3165 2600 3196 ¢
2635 3147 2720 3198 ἐπ’
2761 3145 2957 3207 ἐλπίδι,
2995 3163 3012 3196 ι
3070 3145 3164 3198 ἐὰν
3193 3144 3291 3215 μὲν
3329 3145 3357 3196 ὁ
3387 3143 3578 3214 Σωτὴρ
3631 3141 3765 3214 λέγῃ

2175 3239 2316 3292 κατὰ
2339 3239 2437 3308 τὴν
2471 3238 2806 3308 οἰκονομίαν,
2839 3237 2900 3289 οὐ
2931 3237 3242 3307 θαυμαστὸν
3273 3236 3562 3301 ἐλπίζοντα
3603 3235 3766 3288 αὐτὸν

2173 3329 2274 3397 τὴν
2329 3329 2464 3382 ἰδίαν
2516 3329 2960 3383 ἀποκατάστασιν
3011 3327 3190 3395 λέγειν
3218 3328 3305 3379 ἐπ’
3361 3325 3538 3378 ἑλπίδι
3585 3340 3764 3394 κατῳ-

2177 3419 2358 3473 κίσθαι
2390 3421 2494 3473 ὑπὸ
2517 3420 2610 3473 τοῦ
2642 3420 2801 3483 Θεοῦ,
2823 3418 2967 3473 κατὰ
2997 3420 3076 3477 τὸ,
3116 3437 3133 3468 ι
3164 3417 3398 3484 Δόξασόν
3429 3435 3495 3486 με
3516 3457 3530 3480 ,
3564 3415 3764 3486 Πάτερ,

2176 3514 2243 3582 τῇ
2266 3511 2393 3583 δόξα
2497 3508 2641 3580 εἶχον
2670 3512 2774 3582 πρὸ
2806 3511 2898 3563 τοῦ
2953 3511 3157 3580 κόσμον
3200 3504 3341 3563 εἶναι
3397 3509 3548 3580 παρὰ
3603 3507 3706 3562 σοί.
3741 3529 3761 3562 ι

2178 3603 2412 3657 Δύναται
2451 3605 2703 3675 μέντοιγε
2743 3623 2761 3655 ι
2791 3603 2932 3656 κατὰ
2960 3603 3127 3674 μόνας
3163 3623 3180 3654 ι
3213 3601 3468 3672 λέγεσθαι
3501 3600 3606 3654 ὑπὸ
3651 3602 3766 3654 Σω-

2175 3692 2340 3763 τῆρος
2368 3694 2455 3746 διὰ
2485 3694 2574 3748 τὸν
2607 3695 2797 3766 καιρὸν
2827 3695 2886 3748 ὃν
2918 3694 3120 3758 πάντες
3174 3694 3674 3762 ἐσκανδαλίσθησαν
3713 3696 3760 3744 οἱ

2182 3783 2421 3855 μαθηταὶ
2447 3783 2609 3837 αὑτοῦ
2636 3783 3028 3846 καταλιπόντες
3062 3784 3242 3837 αὐτόν.
3274 3785 3450 3854 Σαφὲς
3479 3782 3558 3848 δὲ,
3590 3781 3692 3836 κᾶν
3733 3783 3762 3834 ὁ

2180 3877 2471 3948 Προφήτης
2498 3876 2636 3949 λέγῃ
2667 3895 2769 3939 τις,
2792 3879 2871 3938 τὸ,
2915 3896 2933 3927 ε
2964 3878 3051 3929 ἐπ’
3075 3876 3272 3941 ἐλπίδι,
3309 3895 3326 3928 ι
3363 3874 3562 3938 παντὸς
3601 3873 3762 3941 ἁγίου

2180 3965 2269 4019 διὰ
2292 3965 2388 4036 τὴν
2416 3968 2636 4038 ἀγάπην
2663 3968 2839 4020 πάντα
2861 3967 3191 4032 ἐλπίζοντος.

2762 4173 3054 4226 ΨΛΛΜΟΣ
3102 4172 3174 4224 E'.

2256 4265 2333 4320 Τὰ
2348 4265 2589 4335 ῥήματά
2625 4281 2745 4335 μου
2797 4262 3109 4325 ἐνώτισαι,
3161 4262 3361 4329 Κύριε,
3418 4261 3606 4327 σύνες
3652 4259 3764 4326 τῆς

2177 4356 2449 4427 κραυγῆς
2485 4374 2625 4427 μου.
2674 4357 2952 4424 Πρόσχες
3005 4353 3076 4422 τῇ
3123 4352 3293 4422 φωνῇ
3337 4350 3443 4421 τῆς
3499 4351 3764 4419 δεήσεώς

2170 4467 2312 4519 μου,
2348 4453 2380 4504 ό
2401 4450 2700 4515 ,βασιλεὺς
2722 4465 2843 4517 μου
2867 4446 2966 4500 καὶ
3000 4450 3032 4500 ὀ
3061 4447 3206 4510 Θεός
3228 4463 3368 4514 μου,
3395 4461 3449 4498 κ.
3481 4461 3533 4498 τ.
3562 4445 3609 4497 ἐ.
3642 4445 3764 4516 Χρὴ

479 4561 563 4604 cst
587 4549 802 4618 qualem
853 4547 1055 4600 habere
1092 4559 1321 4601 necesse
1359 4544 1426 4598 sit
1461 4543 1726 4613 spiritalis
1775 4545 1924 4599 vocis
1953 4560 2068 4598 ma-

2178 4543 2321 4613 ἡμᾶς
2353 4543 2553 4595 ἐννοεῖν
2581 4542 2691 4612 (18)
2724 4543 2907 4593 ὁποῖον
2930 4535 3160 4608 μέγεθος
3189 4535 3386 4606 νοητῆς
3414 4535 3596 4606 φωνῆς
3620 4534 3765 4605 ἔχειν

481 4641 845 4711 gnitudinem,
897 4653 1002 4706 qua
1057 4637 1148 4690 Dei
1193 4635 1606 4704 intelligentiam
1660 4649 2060 4704 provocemus:

485 4734 611 4786 item
649 4729 956 4799 hujusmodi
1003 4731 1166 4782 verba
1201 4742 1320 4795 quae
1363 4725 1592 4778 Domino
1631 4726 1982 4790 conveniant,
2014 4734 2068 4778 et

480 4838 669 4879 vocem
699 4822 1098 4890 deprecationis
1133 4820 1183 4873 in
1217 4817 1422 4871 Domini
1455 4816 1759 4870 attentione
1792 4817 2070 4873 conliden-

487 4928 616 4971 tem.
645 4915 817 4970 Nemo
854 4925 1033 4969 autem
1062 4914 1151 4981 qui
1185 4931 1214 4967 a
1250 4920 1472 4980 peccato
1504 4911 1730 4978 regitur,
1750 4912 1893 4966 dicet
1923 4911 2064 4967 Deo:

489 5024 508 5058 ι
550 5005 666 5060 Rex
718 5021 906 5069 meus;
943 5024 960 5054 ι
1001 5015 1055 5058 et
1104 5017 1334 5072 quorum
1379 4998 1515 5054 deus
1557 5009 1747 5053 venter
1781 5009 1893 5064 est,
1926 5001 2066 5055 haud

484 5099 670 5152 dicent
701 5098 810 5151 Deo
841 5113 854 5152 :
901 5114 918 5146 ι
953 5094 1091 5148 Deus
1116 5109 1285 5146 IllCllS.
1322 5112 1339 5143 ι

557 5187 723 5244 Vsus.
755 5189 804 5243 4.
850 5185 1010 5241 Mane
1059 5186 1309 5238 exaudies
1361 5197 1533 5236 vocem
1584 5196 1775 5247 meum,
1811 5188 1915 5235 etc.
1967 5180 2068 5248 Qui

483 5283 679 5352 abjecit
711 5295 873 5352 opera
905 5280 1252 5333 tenebrarum
1285 5285 1337 5328 et
1369 5273 1542 5329 induit
1594 5289 1743 5326 arma
1775 5271 1934 5337 lucis,
1957 5273 2069 5326 hanc

482 5376 645 5432 verba
677 5373 936 5443 proferat.

555 5492 598 5522 ⁸³
627 5488 694 5542 lll
719 5493 850 5557 Iteg.
886 5504 997 5549 xix,
1032 5487 1115 5538 10.
1195 5485 1240 5518 το
1273 5482 1431 5538 Joan.
1459 5499 1593 5549 xvn,
1619 5483 1672 5540 5.

561 5575 1247 5651 (16)_’Evr<i)_fE€pa?ui>.
1307 5586 1412 5651 εις.
1465 5574 1676 5651 Partim
1751 5574 2070 5651 Corderius,

488 5645 814 5715 eodex'lioe,
839 5662 889 5702 et
920 5649 1220 5711 Barbarus;
1253 5647 1432 5699 ()llltlia
1465 5645 1656 5700 Latine
1682 5656 1904 5699 exstant
1931 5649 2071 5717 apud

492 5720 812 5772 Barbarum.
1411 5743 1424 5754 ο

563 5788 674 5855 ll?)
722 5787 864 5840 Ἐὰν
903 5787 1019 5855 μὲν
1074 5787 1139 5839 ἐκ
1198 5785 1542 5852 προσώπου,

493 5858 789 5919 Barbarus,
820 5863 984 5909 codex
1015 5857 1144 5909 [ἴου.

1602 5795 1704 5841 etc.
1759 5785 2066 5850 Cordcrius,

2174 4636 2274 4699 δεῖ,
2340 4637 2426 4704 ἐφ’
2457 4629 2502 4702 ᾧ
2529 4634 2850 4704 καλέσωμεν
2879 4630 2975 4700 τὴν
3010 4629 3226 4682 σύνεσιν
3272 4627 3366 4680 τοῦ
3432 4625 3566 4679 Θεοῦ
3594 4643 3606 4654 ·
3668 4629 3764 4682 καὶ

2177 4727 2403 4781 τοιαῦτα
2429 4729 2650 4799 ῥήματα
2676 4725 2989 4796 ἁρμόζοντα
3023 4722 3097 4784 ὡς
3134 4720 3213 4791 τῷ
3271 4719 3482 4791 Κυρίῳ,
3521 4720 3614 4773 καὶ
3649 4738 3763 4789 φω-

2179 4820 2274 4892 νὴν
2299 4821 2534 4892 δεήσεως
2561 4817 2872 4890 θαρροῦσαν
2908 4816 3002 4870 καὶ
3026 4813 3120 4867 ἐπὶ
3165 4816 3229 4885 τῇ
3257 4814 3497 4885 προσοχῇ
3533 4813 3624 4866 τοῦ
3669 4815 3765 4866 Δε-

2179 4912 2398 4964 σπότου.
2423 4911 2614 4974 Οὐδεὶς
2647 4909 2704 4963 δὲ
2733 4909 2839 4963 ὑπὸ
2884 4907 3157 4980 ἁμαρτίας
3192 4905 3609 4977 βασιλευόμενος
3649 4906 3764 4977 ἐρεῖ

2175 5003 2252 5073 τῷ
2280 5003 2398 5074 Θεῷ
2420 5020 2431 5032 ο
2475 5022 2491 5053 ι
2531 5004 2588 5056 Ὀ
2620 4999 2872 5073 βασιλεύς
2910 5017 3012 5072 μου
3032 5017 3043 5029 ·
3063 5020 3080 5050 ι
3115 5000 3210 5054 καὶ
3233 4991 3308 5053 ὧν
3353 4997 3529 5068 θεὸςή
3565 4997 3760 5060 κοιλία,

2175 5094 2276 5146 οὐκ
2309 5093 2513 5163 ἐροῦσι,
2557 5113 2574 5144 ι
2611 5093 2745 5157 Θεός
2785 5110 2908 5164 μου,
2948 5112 2966 5144 ι
3001 5091 3080 5162 τῷ
3110 5091 3250 5162 Θεῷ.

2255 5184 2324 5237 Τὸ
2356 5186 2507 5253 πρωῒ
2529 5187 2869 5253 εὶσακούσῃ
2897 5183 3008 5252 τῆς
3035 5182 3241 5253 φωνῆς
3267 5201 3401 5253 μου,
3429 5200 3483 5235 κ.
3519 5200 3569 5236 τ.
3609 5184 3656 5236 ὲ.
3709 5183 3763 5232 't)

2175 5275 2513 5347 ἀποθέμενος
2548 5279 2659 5350 (19)
2685 5280 2754 5333 τὰ
2791 5277 2930 5350 ἔργα
2958 5277 3052 5331 τοῦ
3103 5276 3348 5340 σκότους,
3406 5275 3501 5330 καὶ
3539 5276 3757 5328 ἐνδυσά-

2175 5384 2335 5436 μενος
2377 5370 2442 5423 τὰ
2489 5371 2628 5424 ὅπλα
2654 5370 2748 5425 τοῦ
2779 5369 2977 5440 φωτὸς,
3003 5367 3174 5422 ταῦτα
3202 5367 3406 5435 λεγέτω
3426 5367 3495 5421 τὰ
3520 5370 3585 5439 (Si;
3595 5383 3754 5438 ματα.

2257 5577 2368 5648 (18)
2405 5578 2529 5648 Χρὴ
2584 5577 2743 5647 ἡμᾶς
2777 5576 3037 5648 ἐννοεῖν,
3071 5575 3508 5648 etc._B:trl)artts,
3565 5572 3767 5627 Conle-

2185 5646 2320 5705 riu's.
2347 5646 2399 5703 ct
2428 5646 2644 5703 sichcda’:
2673 5665 2803 5702 mss.
2832 5647 3047 5702 Ernesti
3074 5646 3284 5700 Grabii.

2181 5791 2193 5843 ἰ
2254 5719 2365 5789 (19)
2413 5719 2464 5771 '0
2493 5718 2881 5788 ἀποθέμενος,
2915 5727 3022 5773 ctc.
3084 5716 3310 5772 Scheda:
3371 5711 3580 5777 Grahii,
3633 5713 3764 5765 Bar-

2199 5807 2367 5844 ;arus.
