4100 6412
436 439 572 495 ιιϋο

1427 437 1736 493 SELECTA
1779 438 1844 493 IN
1883 437 2219 494 PSALMOS.
2259 467 2329 476 —-
2364 435 2558 490 PSAL.
2606 435 2666 489 ν.

3567 435 3706 488 H70

512 554 581 608 T6
608 554 759 623 πρωῒ
777 553 1243 624 παραστήσομαί
1264 571 1383 619 σοι,
1423 555 1521 608 καὶ
1554 556 1881 626 ἐπόψομαι·
1924 557 2010 612 ὅτι

2195 555 2354 611 Vens.
2390 556 2443 621 5,
2476 554 2530 609 6.
2578 553 2734 608 Mane
2765 553 2949 607 astabo
2981 553 3098 616 tibi,
3130 562 3177 607 et
3210 553 3391 608 videbo
3423 557 3706 622 :quoniam

435 644 571 712 οὐχὶ
604 642 748 708 Θεὸς
773 643 964 696 θέλων
987 643 1248 712 ἀνομίαν
1271 643 1353 696 σὺ
1375 644 1449 708 εἷ,
1481 645 1624 698 οὐδὲ
1658 646 2016 714 παροικήσει

434 753 534 790 σοι
559 737 1066 805 πονηιρευόμενος,
1103 735 1246 791 οὐδὲ
1282 736 1635 808 διαμενοῦσι
1686 738 2018 810 παράνομοι

435 829 754 885 κατέναντι
804 830 922 884 τῶν
974 831 1299 901 ὀφθαλμῶν
1327 849 1466 897 σου,
1502 851 1555 886 κ.
1591 851 1642 886 τ.
1669 833 1714 885 ὲ.
1751 834 1904 904 ⁹’Λμα
1941 832 2018 905 τῷ

440 921 712 976 ἀνατεῖλαι
738 921 850 994 (20)
903 922 994 976 τὸν
1039 924 1188 994 ἥλιον
1241 926 1665 996 παραστήσομαί
1701 943 1802 988 σοι,
1832 926 1928 979 καὶ
1960 927 2017 980 ὲν

439 1013 643 1085 θεωρίᾳ
684 1013 901 1084 ἔσομαι,
939 1033 956 1064 ι
995 1014 1089 1068 τοῦ
1131 1016 1204 1086 μὴ
1240 1013 1377 1069 εἶναί
1421 1034 1480 1070 σε
1531 1016 1752 1070 θέλοντα
1788 1018 2017 1088 ἀνομίαν

433 1103 588 1170 Θεὸν,
623 1105 758 1176 μηδὲ
793 1108 1118 1177 παροικήσει
1147 1125 1228 1160 σοι
1260 1109 1494 1179 πονηρὸς
1513 1149 1526 1169 ,
1550 1109 1670 1163 οὐδὲ
1706 1110 2016 1181 διαμενοῦσι

435 1196 744 1268 παράνομοι
779 1197 1064 1251 κατέναντι
1093 1197 1202 1252 τῶν
1237 1199 1532 1271 ὀφθαλμῶν
1557 1218 1671 1254 σου.
1713 1221 1730 1254 ι
1779 1204 1868 1266 Ὠς
1907 1203 2017 1274 γὰρ

430 1289 552 1342 οὐδὲ
600 1289 842 1360 διαμένει
893 1290 1062 1343 νοσῶν
1118 1293 1175 1344 ἐν
1227 1292 1522 1362 ὀφθαλμοῖς
1574 1293 1665 1346 τοῦ
1719 1295 2015 1365 δυναμένου

432 1379 768 1450 θεραπεῦσαι
834 1382 997 1434 αὑτὸν
1043 1383 1246 1454 ἰατροῦ,
1303 1382 1474 1446 οὕτως
1533 1385 1652 1438 οὐδὲ
1705 1385 2018 1457 διαμενοῦσι

433 1472 738 1544 παράνομοι
767 1475 1010 1528 ἐναντίον
1037 1475 1146 1527 τῶν
1186 1474 1480 1545 ὀφθαλμῶν
1509 1477 1604 1530 τοῦ
1629 1477 1785 1532 Θεοῦ.

515 1563 843 1631 Ἐμίσησας
863 1565 1095 1631 πάντας
1121 1567 1261 1632 τοὺς
1290 1567 1721 1638 ἐργαζομένους
1746 1569 1859 1637 τὴν
1879 1571 2017 1626 ἀνο-

426 1651 578 1720 μίαν
599 1669 613 1683 ·
647 1654 897 1720 ἀπολεῖς
930 1655 1162 1723 πάντας
1193 1658 1336 1723 τοὺς
1373 1659 1720 1728 λαλοῦντας
1762 1661 1828 1714 τὸ
1875 1662 2017 1732 ψεῦ-

429 1744 557 1810 δος,
583 1762 636 1799 κ.
673 1763 725 1798 τ.
763 1747 810 1800 ὲ.
845 1748 983 1812 Τοὺς
1015 1749 1112 1819 μὲν
1135 1752 1192 1802 ὲν
1213 1752 1278 1821 τῇ
1304 1751 1552 1823 πολιτείᾳ
1580 1753 1694 1823 (2|)
1726 1754 2016 1819 πταίοντας

431 1837 834 1908 ἐργαζομένους
891 1839 992 1910 τὴν
1055 1841 1286 1911 ἀνομίαν
1347 1841 1637 1914 ὠνόμασε·
1687 1845 1909 1909 τούτους
1958 1847 2015 1900 δὲ

2121 667 2226 704 non
2280 648 2421 702 Deus
2455 647 2630 700 volens
2675 645 3006 715 iniquitatem
3050 653 3107 698 tu
3131 659 3225 698 es:
3254 661 3420 714 neque
3452 644 3710 698 habitabit

2123 739 2273 802 iuxta
2306 747 2352 790 te
2403 735 2696 804 malignus,
2751 751 2913 803 neque
2941 735 3321 802 permanebunt
3362 735 3549 803 injusti
3587 744 3711 789 ante

2121 831 2303 886 oculos
2335 839 2481 884 tuos.
2527 827 2702 882 Simul
2736 843 2860 882 cum
2897 830 3112 882 oriente
3146 827 3258 882 sole
3287 829 3476 882 astabo
3505 827 3622 891 tibi,
3652 834 3710 883 et

2120 925 2174 980 in
2203 922 2666 992 contemplatione
2699 921 2982 984 versabor,
3023 937 3042 969 ι
3091 919 3219 988 quia
3269 933 3374 974 non
3426 919 3568 973 Deus
3612 931 3709 973 vo-

2121 1017 2238 1072 lens
2265 1013 2602 1083 iniquitatem
2639 1021 2694 1066 tu
2723 1025 2805 1074 es,
2833 1025 3006 1080 neque
3032 1009 3470 1078 babitabitjuxta
3509 1019 3561 1063 te
3591 1024 3706 1063 ma-

2121 1104 2320 1174 lignus,
2338 1118 2512 1172 neque
2535 1101 2932 1172 permanebunt
2955 1101 3138 1172 injusti
3171 1109 3296 1155 ante
3318 1099 3505 1154 oculos
3529 1108 3668 1154 tuos.
3685 1118 3705 1148 ι

2120 1192 2586 1260 Quemadmodum
2629 1191 2772 1246 cnim
2815 1191 2908 1260 qui
2955 1200 3182 1259 aegrotat
3228 1204 3334 1242 non
3367 1197 3550 1244 manet
3583 1197 3712 1241 ante

2117 1282 2304 1338 oculos
2342 1281 2558 1344 medici,
2590 1281 2681 1350 qui
2734 1282 2884 1335 illum
2935 1295 3132 1335 sanare
3166 1280 3360 1348 possit,
3409 1278 3492 1334 sic
3534 1291 3713 1347 neque

2119 1375 2514 1444 permanebunt
2540 1374 2727 1444 injusti
2765 1384 2894 1428 ante
2924 1374 3114 1429 oculos
3147 1373 3263 1428 Dei.

2192 1563 2356 1618 Vens.
2390 1560 2441 1615 7.
2487 1559 2658 1616 Odisti
2693 1574 2870 1614 omnes
2895 1559 2986 1629 qui
3014 1569 3300 1627 operantur
3331 1556 3660 1626 iniquitatem
3692 1569 3712 1608 :

2118 1656 2298 1725 perdes
2331 1670 2508 1707 omnes
2529 1653 2620 1722 qui
2642 1651 2930 1722 loquuntur
2956 1651 3314 1713 mendacium,
3347 1657 3455 1704 etc.
3490 1647 3596 1703 Eos
3619 1647 3714 1716 qui

2121 1747 2172 1799 in
2206 1746 2328 1800 vita:
2353 1741 2694 1799 institutione
2725 1744 3007 1806 aberrant,
3037 1747 3333 1810 cperantes
3365 1737 3710 1806 iniquitatem

2121 1837 2439 1891 nominavit.
2467 1835 2577 1891 Hos
2607 1845 2789 1890 autem
2825 1834 2936 1888 odit
2975 1833 3132 1887 Deus.
3164 1830 3236 1885 At.
3265 1844 3362 1885 eos
3396 1829 3488 1898 qui
3514 1843 3545 1882 a
3567 1827 3713 1882 veri-

432 1934 582 2000 μισεῖ
612 1933 834 1997 ὁΘεός·
891 1934 1018 1998 τοὺς
1073 1934 1130 1986 δὲ
1176 1935 1554 2000 ἀποπεσόντας
1609 1937 1709 2007 τῆς
1757 1937 2010 2007 ἀληθείας

2123 1941 2232 1985 tate
2270 1930 2636 1994 desciverunt,
2669 1936 2722 1982 et
2747 1925 3064 1994 opinionum
3091 1923 3354 1978 varietate
3382 1936 3411 1974 a
3446 1920 3553 1976 ﬁde
3581 1920 3713 1974 alie-

428 2022 766 2093 ὲτεροδόξους
796 2024 1090 2088 λαλοῦντας
1119 2026 1180 2079 τὸ
1199 2026 1395 2096 ψεῦδος
1423 2023 1596 2092 εἶπεν,
1643 2027 1734 2092 οῦς
1768 2029 1960 2082 ἀπολεῖ
1986 2032 2014 2082 6

429 2111 580 2174 θεός.
611 2112 719 2165 Καὶ
743 2114 898 2183 τήρει
927 2112 1188 2185 διαφορὰν
1211 2115 1305 2168 τοῦ
1335 2135 1351 2166 t
1379 2116 1648 2188 ἐμίσησας
1671 2138 1689 2167 ι
1710 2118 1804 2170 καὶ
1831 2137 1848 2168 ι
1874 2119 2012 2172 ἀπο-

429 2189 560 2264 λέῖς·
591 2222 608 2252 ι
632 2203 846 2274 πρῶτον
867 2204 965 2274 μὲν
987 2207 1035 2257 εί
1058 2209 1236 2276 χεῖρον
1253 2206 1344 2260 τοῦ
1375 2227 1392 2258 ι
1413 2208 1636 2272 ἀπολεῖς
1659 2229 1677 2260 ι
1700 2212 1760 2264 τὸ
1783 2230 1800 2261 ι
1826 2211 2015 2282 ἐμίση-

432 2311 548 2357 σας·
592 2313 610 2345 ι
644 2295 896 2366 δεύτερον
925 2295 1003 2358 δὲ,
1033 2297 1122 2350 διά
1145 2298 1196 2350 τί
1221 2299 1280 2351 τὸ
1317 2299 1414 2368 μὲν
1454 2302 1532 2362 είς
1565 2301 1655 2353 τὸν
1706 2300 2013 2372 παρεληλυ-

429 2382 558 2436 θότα
589 2383 828 2436 ἐνέκλινε
856 2385 1066 2453 χρόνον,
1097 2387 1158 2439 τὸ
1187 2387 1244 2440 δὲ
1273 2390 1352 2452 είς
1377 2389 1467 2442 τὸν
1495 2390 1778 2460 μέλλοντα.
1805 2411 1821 2442 t
1856 2393 2015 2446 Ἀπο-

427 2476 538 2538 λεῖς
574 2477 782 2542 πάντας
800 2481 926 2542 τοὺς
954 2479 1248 2545 λαλοῦντας
1279 2482 1339 2534 τὸ
1371 2482 1586 2551 ψεῦδος,
1619 2504 1636 2533 ι
1669 2485 1729 2536 οὐ
1763 2487 1889 2548 τοὺς
1921 2485 2015 2538 λα-

427 2568 714 2640 λήσαντας,
747 2571 883 2625 ἀλλά
917 2575 1042 2637 τοὺς
1074 2575 1370 2639 λαλοῦντας
1402 2577 1462 2630 τὸ
1487 2577 1700 2646 ψεῦδος.
1723 2579 1785 2632 Ei
1819 2579 1873 2632 δὲ
1899 2581 2016 2634 τού-

425 2679 549 2725 τους
577 2663 839 2718 ἀπόλλυσι
885 2665 1108 2738 Κύριος,
1167 2670 1274 2732 πᾶς
1327 2669 1384 2722 δὲ
1427 2669 1714 2742 ἄνθρωπος
1751 2672 2010 2746 ψεύστης.

428 2753 633 2818 πάντας
675 2756 970 2810 ἀπόλλυσιν
1021 2759 1050 2810 6
1098 2757 1261 2823 Θεὸς,
1297 2759 1403 2825 ἵνα,
1440 2760 1501 2813 τὸ
1552 2759 1691 2816 εἶναι
1737 2764 2014 2835 ἄνθρωποι

423 2845 772 2917 ἀποθέμενοι,
809 2847 1065 2916 γίνωνται
1095 2848 1228 2914 θεοὶ,
1260 2851 1380 2903 ἐπεὶ
1411 2853 1504 2904 καὶ
1542 2852 1654 2907 θεοὶ
1707 2857 2011 2923 γεγονότες,

425 2938 519 2990 καὶ
548 2939 654 2991 υίοὶ
698 2939 956 3009 Ὑψίστου
987 2939 1207 3003 πάντες,
1234 2943 1521 3010 γεγόνασιν
1553 2944 1850 3016 ἄνθρωποι.
1875 2949 2014 3011 Τοὺς

422 3030 766 3100 ὲτεροδόξους
830 3027 924 3085 οῦν
985 3031 1176 3084 ἀπολεῖ
1226 3035 1254 3084 6
1317 3035 1450 3098 θεὸς
1512 3037 1570 3089 ἐν
1631 3037 1708 3107 τῷ
1764 3039 2012 3108 μέλλοντι

424 3139 456 3171 α
467 3133 603 3176 ιωνι.

499 3215 714 3284 Ἄνδρα
739 3217 1002 3287 αἱμάτων
1057 3221 1156 3272 καὶ
1200 3221 1409 3273 δόλιον
1444 3221 1854 3284 βδελύσσεται
1898 3227 2012 3280 Κύ-

2123 2041 2189 2077 na
2231 2023 2491 2085 sentiunt,
2521 2022 2805 2092 loquentes
2853 2018 3196 2075 mendacium
3231 2015 3545 2086 appellavit,
3573 2027 3714 2083 quos

2120 2116 2308 2184 perdet
2329 2114 2490 2170 Deus.
2520 2114 2760 2168 Observa
2784 2120 2966 2166 autem
2993 2111 3304 2176 verborum,
3338 2126 3358 2160 ι
3393 2106 3577 2172 odisti,
3609 2123 3628 2156 ι
3656 2111 3712 2159 et

2127 2229 2144 2260 ‹
2165 2209 2376 2278 perdes,
2391 2229 2410 2261 ι
2429 2210 2754 2264 discrimen:
2776 2208 3010 2279 primum
3031 2208 3248 2276 quidem
3267 2221 3336 2259 an
3358 2204 3599 2260 deterius
3615 2204 3712 2267 sit,
3747 2250 3759 2261 .

2127 2316 2145 2348 ε
2171 2299 2379 2368 perdes,
2402 2318 2420 2352 ›
2442 2314 2605 2369 quam
2627 2318 2644 2351 ι
2666 2298 2861 2364 odisti;
2889 2317 2907 2350 ›
2928 2297 3121 2352 deinde
3151 2311 3253 2350 cur
3278 2294 3410 2349 illud
3434 2293 3487 2348 in
3515 2301 3713 2362 prate-

2123 2391 2250 2455 rito,
2286 2393 2391 2446 hoc
2421 2395 2473 2446 iu
2507 2391 2692 2445 futuro
2731 2391 2995 2460 posuerit.
3038 2408 3055 2440 ι
3115 2388 3318 2444 Perdes
3366 2400 3559 2441 omnes
3617 2387 3713 2453 qui

2125 2483 2419 2552 loquuntur
2452 2483 2824 2547 mendacium,
2847 2497 2955 2536 non
2997 2497 3094 2536 eos
3125 2480 3218 2550 qui
3243 2479 3412 2534 locuti
3455 2479 3715 2542 sunt,scd

2123 2574 2212 2640 qui
2250 2571 2415 2643 576
2446 2573 2744 2643 loquuntur
2784 2573 3149 2628 mendacium.
3181 2571 3336 2638 Quod
3363 2571 3407 2626 si
3439 2572 3540 2626 hos
3585 2584 3714 2639 per-

2124 2664 2202 2717 dit
2235 2665 2392 2728 Deus,
2433 2675 2486 2719 et
2541 2665 2722 2720 oumis
2764 2664 2928 2720 homo
2959 2665 3188 2718 mendax
3235 2672 3336 2726 est,
3369 2677 3562 2717 omnes
3588 2676 3715 2729 per-

2123 2759 2203 2812 dit
2261 2759 2424 2823 Deus,
2472 2769 2531 2813 ut
2583 2758 2836 2814 homines
2885 2771 3009 2812 esse
3056 2757 3395 2822 desinentes,
3437 2756 3570 2810 ﬁant
3612 2753 3713 2817 dii,

2122 2851 2562 2919 quandoquidem
2603 2861 2660 2906 et
2693 2851 2786 2920 qui
2822 2851 2894 2905 dii
2943 2849 3071 2905 facti
3117 2859 3243 2904 sunt
3271 2858 3326 2905 et
3358 2849 3452 2904 ﬁlii
3491 2847 3713 2904 Excelsi

2121 2953 2332 3002 omnes,
2371 2939 2424 2993 hi
2454 2939 2674 2994 fuerunt
2703 2940 2972 2996 homines.
3009 2939 3280 2994 Cmterum
3310 2941 3362 2993 in
3393 2938 3578 2993 futuro
3606 2953 3711 2994 sae.

2122 3030 2246 3083 culo
2274 3031 2414 3086 Deus
2439 3031 2628 3100 perdet
2657 3045 2850 3086 omnes
2880 3031 2972 3100 qui
3013 3031 3190 3086 aliena
3239 3048 3268 3084 a
3309 3031 3414 3086 ﬁde
3444 3030 3710 3086 sentiunt.

2200 3213 2362 3266 Vens.
2388 3209 2443 3268 8.
2480 3209 2665 3264 Virum
2694 3213 3012 3280 sanguinum
3046 3223 3093 3266 et
3116 3212 3358 3268 dolosam
3388 3214 3712 3270 abominabi-

414 3325 565 3374 ριος,
591 3325 646 3363 κ.
681 3327 730 3363 τ.
761 3310 806 3362 ὲ.
853 3310 1016 3382 Ἀνὴρ
1041 3311 1292 3382 αἱμάτων
1327 3313 1465 3383 (2l‘)
1494 3315 1520 3365 6
1553 3315 1612 3379 ἐξ
1640 3317 1889 3386 αἱμάτων
1921 3333 2010 3386 γε-

2117 3316 2206 3359 tur
2257 3303 2542 3369 Dominus,
2597 3311 2704 3358 etc.
2752 3302 2844 3358 Vir
2901 3306 3248 3377 sanguinum,
3293 3316 3389 3362 aut
3425 3308 3470 3362 is
3520 3308 3610 3376 qui
3641 3321 3712 3362 ex

423 3397 769 3468 ζεννημένος,
794 3399 826 3471 ἢ
854 3401 883 3452 6
909 3402 1146 3468 φονικός.

503 3489 644 3559 Ἐγὼ
668 3491 736 3544 δὲ
769 3491 839 3544 ἐν
857 3491 937 3558 τῷ
959 3493 1174 3559 πλήθει
1212 3493 1318 3548 τοῦ
1339 3494 1552 3560 ἐλέους
1580 3510 1697 3550 σου
1747 3498 2012 3553 εἷσε-τεύ-

418 3596 602 3648 σομαι
625 3584 712 3648 είς
733 3582 841 3636 τὸν
865 3580 1036 3638 οἶκόν
1055 3601 1172 3639 σου
1199 3599 1214 3614 ⁶
1243 3585 1654 3653 προσκυνήσω
1678 3588 1828 3656 πρὸς
1863 3591 2012 3646 ναὸν

418 3671 593 3739 ἅγιόν
623 3685 740 3727 σου
782 3675 852 3726 ἑν
873 3677 1034 3744 φόϐῳ
1065 3691 1202 3740 σοι’,
1238 3695 1291 3731 κ.
1317 3695 1366 3731 τ.
1396 3680 1443 3732 ὲ.
1485 3679 1606 3732 Τῶν
1641 3684 2013 3754 πονηρευομέ-

418 3782 527 3816 νων
551 3765 660 3836 (22)
683 3765 778 3818 καὶ
813 3769 1149 3839 παρανόμων
1185 3771 1245 3822 ού
1276 3771 1684 3842 παροικούντων
1723 3791 1824 3838 σοι,
1888 3777 2009 3829 οὐδὲ

417 3856 780 3925 διαμενόντων
813 3860 919 3911 ὑπὸ
946 3859 1043 3930 τὴν
1070 3860 1305 3932 θεωρίαν
1340 3881 1433 3916 σου
1453 3903 1466 3926 ,
1499 3864 1611 3934 ἐγὼ
1645 3865 1780 3937 ὲλὲῳ
1811 3867 1889 3938 τῷ
1931 3867 2009 3938 σῷ

418 3945 796 4018 εἰσελεύσομαι
831 3950 910 4012 εἰς
936 3950 1026 4004 τὸν
1065 3947 1210 4005 οἶκόν
1250 3971 1364 4006 σου.
1401 3954 1559 4008 Οῦτω
1589 3956 1695 4027 γὰρ
1720 3959 1814 4011 καὶ
1836 3961 2007 4012 εἰπεῖν

416 4039 717 4109 δυνήσομαι
739 4057 751 4070 ·
795 4061 813 4091 ι
849 4040 922 4092 T6
957 4043 1102 4112 πρωῒ
1135 4049 1562 4118 παραστήσομαί
1597 4069 1698 4113 σοι,
1734 4052 1830 4104 καὶ
1880 4052 2006 4104 ὲπό-

416 4130 506 4196 ψει
540 4146 625 4199 με.
658 4149 676 4180 ι
712 4130 822 4183 Καὶ
861 4131 982 4184 ἐπεὶ
1009 4134 1108 4187 οὐκ
1143 4133 1316 4199 άλλως
1339 4137 1370 4207 ἢ
1392 4139 1525 4209 ἐλέῳ
1557 4139 1635 4210 τῷ
1667 4141 1745 4212 σῷ
1771 4142 2008 4195 εἰσελεύ-

419 4239 582 4293 σομαι
622 4225 703 4288 εἰς
737 4224 830 4278 τὸν
849 4220 997 4281 οἶκόν
1027 4244 1143 4292 σου,
1184 4229 1280 4282 σὺν
1310 4230 1567 4304 εὐλαϐείᾳ
1607 4235 1774 4306 πολλῇ
1809 4236 2007 4307 ὀνομα-

418 4315 620 4388 ζομένῃ
652 4317 802 4388 φόϐῳ
825 4335 918 4372 σου
955 4323 1318 4394 προσκυνήσω
1349 4341 1430 4377 σοι
1461 4325 1731 4398 πνεύματι
1761 4330 1855 4382 καὶ
1873 4330 2005 4400 ἀλη-

415 4408 567 4480 οείᾳ,
596 4409 765 4463 ἐλθὼν
793 4411 929 4483 πρὸς
958 4413 1049 4467 τὸν
1084 4413 1238 4482 ἅγιόν
1286 4433 1377 4468 σου
1415 4418 1561 4473 ναόν.
1617 4420 1764 4482 Ναὺς
1793 4421 1849 4474 δὲ
1909 4421 2004 4473 καὶ

414 4499 564 4566 οἶκος
595 4503 730 4558 Θεοῦ
758 4508 790 4576 ή
824 4506 954 4575 ἁγία
985 4508 1080 4562 καὶ
1134 4509 1387 4582 ἐνάρετος
1418 4513 1754 4577 κατάστασις
1783 4555 1796 4578 ,
1845 4517 1911 4587 ἢν
1955 4519 2002 4569 οἱ

415 4593 631 4662 ἔχοντες
658 4595 797 4666 μετά
824 4599 1137 4670 παρρησίας
1170 4601 1353 4670 φασίν.
1397 4604 1634 4675 Χριστὸς
1669 4605 1726 4659 δὲ
1760 4606 1836 4669 ὡς
1888 4607 2002 4672 υἱὸς

2116 3395 2472 3464 sanguinibus
2509 3402 2666 3447 natus
2693 3403 2796 3460 est,
2831 3405 2926 3450 aut
2960 3397 3004 3450 is
3037 3396 3128 3463 qui
3168 3395 3438 3451 homicida
3468 3406 3576 3453 est.

2189 3487 2355 3543 Vens.
2377 3488 2430 3548 8.
2461 3489 2514 3542 9.
2543 3487 2656 3558 Ego
2685 3499 2856 3542 autem
2888 3495 2938 3541 in
2970 3489 3308 3542 multitudine
3333 3488 3714 3554 misericordia!

2115 3592 2221 3635 tua:
2254 3583 2485 3636 introibo
2524 3584 2579 3636 in
2609 3584 2825 3636 domum
2865 3593 3008 3635 tuam
3035 3595 3052 3633 :
3092 3583 3326 3635 adorabo
3357 3588 3424 3635 ad
3459 3583 3710 3651 templum

2113 3685 2356 3728 sanctum
2400 3685 2548 3727 tuum
2605 3675 2660 3728 in
2691 3675 2878 3728 timore
2913 3684 3028 3740 tuo,
3062 3685 3170 3730 etc.
3219 3672 3354 3728 Cum
3405 3674 3626 3745 maligni
3655 3685 3713 3729 et

2116 3769 2286 3839 iniqui
2315 3785 2420 3824 non
2471 3769 2723 3824 habitent
2748 3769 2904 3836 juxta
2941 3780 3014 3834 te,
3064 3785 3240 3840 neque
3271 3770 3372 3825 sub
3427 3781 3709 3839 aspectum

2115 3871 2263 3914 tuum
2293 3870 2670 3929 permaneant,
2702 3876 2806 3931 ego
2852 3862 3227 3916 misericordia
3253 3870 3344 3916 tua
3381 3863 3614 3916 introibo
3653 3862 3710 3916 in

2111 3955 2332 4006 domum
2365 3959 2532 4005 tuam.
2564 3951 2656 4006 Sic
2703 3953 2848 4006 enim
2878 3953 3042 4007 etiam
3071 3953 3254 4007 dicere
3277 3963 3465 4022 potero
3495 3971 3509 4008 :
3541 3972 3558 4005 ι
3591 3952 3706 4007 Ma-

2116 4059 2181 4098 ne
2214 4046 2406 4098 astabo
2433 4044 2609 4099 tibi.et
2657 4043 2864 4097 videbis
2896 4059 3030 4096 me.»
3073 4043 3140 4096 Et
3168 4045 3426 4112 quoniam
3463 4060 3569 4098 non
3602 4045 3703 4100 ali-

2115 4149 2196 4193 ter
2223 4151 2382 4205 quam
2411 4145 2502 4190 tua
2531 4135 2905 4190 misericordia
2933 4133 3172 4188 introibo
3195 4134 3251 4189 in
3283 4135 3499 4191 domum
3535 4148 3704 4202 tuam,

2111 4244 2233 4284 cum
2267 4227 2472 4296 pietate
2499 4227 2668 4282 multa
2692 4241 2812 4296 quae
2849 4225 3052 4280 dicitur
3091 4224 3255 4280 timor
3280 4237 3422 4293 tuus,
3466 4230 3707 4287 adorabo

2111 4332 2164 4376 te
2193 4320 2245 4374 in
2278 4319 2472 4388 spiritu
2505 4329 2560 4374 et
2597 4319 2828 4373 veritate
2874 4317 3153 4387 ingressus
3187 4317 3243 4372 in
3279 4320 3539 4390 templum
3571 4335 3702 4375 san-

2109 4421 2254 4466 ctum
2284 4410 2759 4480 tuum.Templum
2783 4418 2966 4463 autem
2987 4417 3042 4462 et
3064 4409 3260 4464 domus
3285 4409 3401 4477 Dei,
3453 4421 3540 4466 est
3568 4411 3706 4467 aﬁ'c-

2110 4506 2219 4559 ctio
2263 4514 2454 4559 sancta
2513 4512 2568 4559 et
2608 4503 2814 4558 virtute
2853 4502 3104 4571 praedita,
3140 4519 3302 4574 quam
3337 4504 3428 4574 qui
3478 4506 3703 4570 habent,

2113 4598 2410 4665 loquuntur
2449 4613 2572 4652 cum
2607 4595 2958 4652 conﬁdentia.
3005 4597 3259 4653 Christus
3282 4613 3411 4653 vero
3446 4610 3707 4670 tanquam

414 4687 507 4741 ἐπὶ
531 4688 622 4741 τὸν
653 4687 799 4744 οἷκον
826 4669 1012 4756 αὑτοῦ,
1033 4687 1093 4748 οὗ
1126 4690 1272 4759 οἶκός
1293 4669 1460 4769 ἐσμεν
1489 4701 1673 4770 ἡμεῖς.
1722 4700 1884 4754 Ἀλλὰ
1909 4669 2004 4756 καῖ

2118 4692 2258 4746 lilius
2301 4691 2446 4746 venit
2489 4691 2543 4745 in
2595 4692 2813 4746 domum
2845 4707 3022 4758 suam,
3055 4692 3209 4760 cujus
3243 4708 3343 4748 nos
3375 4692 3570 4748 domus
3613 4710 3706 4748 su-

414 4781 832 4852 προσφωνοῦσιν
875 4785 1082 4858 ἑτέροις
1134 4794 1346 4855 πιστοῖς
1391 4792 1726 4862 γράφοντες
1791 4812 1810 4845 ι
1859 4795 2006 4860 Ναὸς

413 4876 568 4944 ἅγιός
600 4876 744 4941 ἐστε,
781 4877 876 4932 καὶ
917 4880 985 4933 τὰ
1027 4880 1257 4952 σώματα
1315 4883 1468 4954 ὑμῶν
1517 4885 1644 4948 ναὸς
1693 4885 1786 4938 τοῦ
1847 4887 2004 4956 ἁγίου

425 4968 738 5039 ΙἸνεύματός
765 4971 930 5035 ἐστιν,
959 4961 1020 5022 οὗ
1050 4970 1202 5041 ἔχετε
1233 4973 1343 5026 ὑπὸ
1363 4974 1516 5028 Θεοῦ.
1551 4995 1568 5026 ι
1605 4974 1731 5039 Πῶς
1757 4976 1866 5049 γάρ
1904 4979 2005 5032 οὐκ

419 5056 567 5124 οἶκος
605 5060 700 5114 καὶ
724 5062 849 5122 ναὸς
872 5061 1006 5115 Θεοῦ
1041 5065 1068 5115 6
1088 5065 1270 5136 τηρῶν
1299 5065 1389 5118 τὸν
1425 5066 1597 5137 Ἰησοῦ
1629 5067 1786 5136 λόγον
1812 5109 1825 5132 ,
1867 5071 2004 5142 πρὸς

415 5151 473 5203 ὃν
501 5151 530 5203 6
561 5150 688 5214 Υίὸς
718 5152 808 5204 καὶ
838 5153 866 5205 6
891 5152 1080 5224 Πατὴρ
1105 5155 1271 5224 μονὴν
1301 5155 1616 5220 ποιοῦνται;
1653 5158 1886 5211 Δυνατὸν
1911 5160 2006 5212 καὶ

414 5243 512 5313 τὴν
557 5243 1017 5316 ὲκκλησιαστικὴν
1048 5245 1273 5317 γνώμην
1317 5248 1413 5301 καὶ
1464 5248 1814 5303 διδασκαλίαν
1858 5247 2004 5304 οἷκον

415 5336 619 5406 Κυρίου
648 5337 813 5406 φάναι
847 5337 942 5390 καὶ⁴
964 5337 1088 5391 ναον
1110 5337 1299 5393 αὑτοῦ.
1326 5338 1590 5407 Δηλοῦται
1618 5340 1776 5394 τοῦτο
1809 5344 1873 5395 ἐκ
1895 5342 2002 5396 τῶν

412 5427 776 5499 γραφομένων
834 5429 1112 5502 Τιμοθέῳ·
1145 5450 1162 5481 ι
1191 5431 1307 5484 ’Ὶνα
1357 5431 1502 5503 εἰδῇς
1538 5433 1656 5497 πῶς
1706 5434 1788 5486 δεῖ
1843 5451 1902 5487 σε
1945 5437 2002 5488 ὲν

471 5523 514 5555 τ’
547 5522 566 5575 1
600 5525 724 5579 Cor.
768 5541 840 5585 vt.
873 5524 960 5582 l9.

485 5619 596 5689 (20)
629 5622 773 5689 Ἅμα
795 5619 874 5685 τῷ
903 5620 1239 5684 ἀνατεῖλαι,
1280 5633 1388 5675 etc.
1444 5621 1759 5686 Corderius,
1795 5625 1999 5680 Barba-

411 5708 530 5776 rus,
571 5692 732 5746 codd.
777 5692 908 5755 Rue,
940 5692 1327 5754 liaroceianus,
1363 5703 1418 5748 ct
1469 5693 1684 5749 scltcda:
1727 5696 2001 5752 Combeli-

415 5781 598 5899 b'll2l)
637 5831 785 5898 Τοὺς
807 5831 924 5902 μὲν
945 5829 1110 5900 ἐν·τῇ
1149 5835 1442 5900 πολιτείᾳ,
1485 5845 1594 5890 etc.
1633 5835 1820 5889 ":lllil‘l
1867 5835 1998 5894 Batr-

418 5901 602 5962 barus.
633 5901 848 5960 schedte
877 5903 1216 5971 Combclisii,
1243 5916 1296 5960 ct
1330 5907 1484 5961 codd.
1516 5907 1818 5971 Anglicani.

2118 4799 2258 4840 mus.
2287 4783 2428 4851 Quin
2456 4793 2511 4839 et
2543 4785 2632 4840 alii
2683 4784 2866 4840 ﬁdeles
2899 4800 2997 4854 per
3034 4785 3316 4855 epistolam
3357 4786 3436 4842 sic
3469 4786 3704 4855 compel-

2115 4878 2300 4932 lantur
2328 4879 2374 4912 ⁷¹
2415 4897 2428 4932 :
2466 4896 2485 4930 ι
2539 4877 2821 4947 Templum
2868 4889 3114 4934 sanctum
3171 4880 3326 4946 estis,
3378 4887 3432 4933 et
3472 4893 3701 4948 corpora

2115 4979 2292 5025 vestra
2322 4970 2576 5039 templum
2607 4979 2732 5026 sunt
2763 4970 3001 5040 Spiritus
3050 4971 3246 5035 sancti,
3283 4985 3444 5042 quem
3487 4971 3705 5026 habetis

2111 5079 2138 5114 a
2173 5064 2299 5118 Deo.
2333 5081 2351 5115 ι
2389 5063 2670 5129 Quomodo
2713 5065 2857 5118 enim
2891 5081 2996 5119 non
3030 5066 3102 5120 sit
3126 5065 3323 5119 domus
3350 5073 3404 5118 ct
3440 5063 3700 5132 templum

2111 5159 2227 5224 Dei,
2255 5159 2346 5227 qui
2371 5167 2556 5215 servat
2577 5157 2704 5213 Jesu
2730 5177 3060 5227 sermonem,
3086 5170 3141 5214 et
3171 5159 3312 5229 apud
3337 5174 3499 5228 quem
3529 5158 3704 5212 Filius

2107 5261 2164 5304 ct
2191 5250 2354 5308 Pater
2379 5255 2710 5309 mansionem
2739 5255 2947 5311 faciunt
2971 5255 2995 5308 ?
3016 5254 3206 5308 Posset
3237 5253 3402 5308 etiam
3431 5249 3694 5305 ecclesia-

2108 5344 2244 5398 stica
2278 5359 2470 5399 norma
2501 5357 2554 5402 et
2590 5349 2838 5402 doctrina
2872 5349 3064 5402 domus
3105 5347 3316 5400 Domini
3357 5356 3412 5398 et
3438 5343 3696 5412 templum

2109 5439 2227 5509 ejus
2266 5440 2548 5510 appellari.
2583 5440 2637 5497 Id
2677 5453 2826 5513 patet
2863 5459 2927 5497 ex
2969 5444 3034 5497 iis
3067 5458 3186 5509 quae
3214 5441 3414 5509 scripta
3449 5449 3575 5493 sunt
3606 5437 3699 5492 Ti-

2109 5702 2148 5757 B
2181 5633 2317 5754 (ἓν)
2365 5634 2536 5702 Ἀνὴρ
2561 5635 2844 5703 αἱμάτων,
2871 5643 2975 5687 etc.
3014 5631 3240 5685 Scheth
3298 5647 3327 5683 ιι
3352 5645 3426 5684 ss.
3481 5630 3692 5698 Grabii,

2153 5722 2211 5755 ur
2235 5719 2402 5757 mrus.

2153 5719 2402 5760 :II'IHII'IIS.

2180 5775 2296 5842 (εξ)
2325 5775 2445 5829 Τῶν
2475 5771 2997 5843 πονηρευομένων,
3025 5782 3130 5826 etc.
3183 5771 3496 5836 Corderius,
3560 5772 3695 5826 Bar-

2107 5846 2292 5914 batus,
2327 5847 2538 5902 schedac
2569 5845 2903 5910 Conibcﬁsii,
2936 5853 2989 5900 et
3026 5844 3184 5900 codd.
3211 5843 3516 5914 Anglicani.
