4100 6386
420 384 561 440 ΙΙῊ

1854 388 1945 443 EX
1983 387 2287 445 ORIGENE

3569 403 3706 456 H72

426 504 646 557 motheo
682 519 695 555 :
738 519 756 551 ι
788 498 859 554 Ut
891 499 1035 556 scias
1072 501 1344 569 quomodo
1376 510 1429 557 te
1475 510 1726 572 oporteat
1755 504 1807 558 in
1858 505 1998 559 domt

2118 508 2252 576 οίκῳ
2282 505 2489 577 Κυρίου
2528 508 2965 581 ἀναστρέφεσθαι
3004 551 3018 574 ,
3069 512 3191 582 ἣτις
3222 512 3369 567 ἐστὶν
3415 516 3706 587 Ἐκκλησία

429 596 637 650 Domini
692 593 1031 659 conversari,
1072 609 1195 663 quae
1248 605 1335 651 est
1384 594 1626 653 Ecclesia
1670 599 1767 653 Dei
1818 600 1947 654 vivi.
1986 619 2004 651 ι

420 687 585 739 JuXta
614 692 902 754 utramque
931 686 1428 741 considerationem
1468 688 1772 758 ingreditur
1800 691 1923 760 quis
1955 692 2007 745 in

422 778 644 831 domum
676 777 887 831 Domini
920 787 975 831 et
1004 777 1200 833 adorat
1227 781 1293 834 ad
1323 781 1581 851 templum
1602 792 1849 838 sanctum
1869 783 2007 852 ejus,

425 868 595 936 magis
653 868 835 921 divina
894 869 1273 926 misericordia
1312 888 1474 942 quam
1524 874 1741 943 propria
1794 876 2008 931 vivendi

425 961 638 1014 ratione
668 969 725 1015 et
756 961 987 1015 consilio
1010 961 1206 1017 fretus.

497 1052 661 1106 Vens.
704 1053 792 1105 il.
833 1050 1032 1109 Indica
1074 1054 1218 1121 illos,
1251 1055 1391 1110 Deus
1420 1056 1706 1112 :decidant
1748 1075 1779 1112 a
1812 1060 2009 1128 cogita-

422 1148 657 1201 tionibus
704 1149 838 1203 suis.
897 1146 1200 1204 Secundum
1252 1154 1641 1207 multitudinem
1678 1156 2008 1224 impietalum

417 1254 603 1292 eorum
633 1238 832 1308 expelle
861 1255 969 1302 eos,
998 1243 1246 1309 quoniam
1287 1244 1624 1297 irritavetunt
1657 1257 1726 1312 te,
1764 1246 2005 1313 Domine,

418 1338 527 1385 etc.
564 1328 819 1386 Peccanti
867 1333 1040 1403 magis
1084 1334 1305 1405 expedit
1336 1349 1363 1388 a
1412 1336 1521 1390 Deo
1552 1336 1807 1403 judicari,
1844 1353 2005 1406 quant

417 1436 541 1477 esse
569 1432 725 1476 extra
759 1422 1188 1495 ejusjudicium.
1232 1425 1496 1481 Decidere
1531 1437 1710 1481 autem
1752 1444 1780 1481 a
1822 1430 2008 1498 pravis

417 1514 863 1585 cogitationibus,
895 1517 1120 1571 minime
1148 1517 1347 1571 malum
1376 1529 1462 1572 est
1495 1519 1790 1587 decidenti,
1821 1522 1913 1590 qui
1940 1522 2004 1575 ad

419 1604 624 1659 malum
656 1605 871 1661 illarum
922 1607 1084 1661 linem
1135 1624 1239 1663 non
1279 1610 1547 1678 pervenit,
1589 1612 1730 1667 sicut
1772 1628 1874 1667 nec
1908 1613 2005 1667 bo-

415 1716 549 1755 num
583 1710 687 1767 est,
737 1701 805 1755 ad
845 1701 1009 1758 linem
1061 1705 1346 1759 meliorum
1387 1722 1492 1761 non
1530 1709 1857 1779 pertingere.
1910 1712 2006 1766 Esl

413 1806 547 1849 vero
580 1793 720 1848 scitu
737 1792 1039 1863 jucundum
1073 1810 1172 1850 cur
1197 1812 1303 1852 non
1347 1798 1569 1864 dixerit,
1607 1802 1750 1855 unde
1771 1804 2005 1871 expelle-

415 1894 521 1952 ret,
549 1900 616 1940 ne
640 1885 691 1940 id
718 1885 901 1941 multis
929 1888 1277 1957 perspicuum
1306 1890 1469 1947 foret.
1504 1891 1771 1949 Existimo
1814 1910 1907 1949 eos
1936 1895 2003 1950 ab

413 1979 530 2048 ipso
551 1976 811 2047 expulsos
853 1975 1025 2034 fuisse
1053 1980 1122 2033 ab
1150 1979 1523 2050 impietatibus
1559 1986 1671 2039 suis
1701 1986 2002 2040 secundum

412 2072 818 2127 multitudinem
847 2087 1060 2127 earum.
1097 2072 1285 2142 Neque
1313 2077 1457 2130 enim
1496 2077 1635 2131 Deus
1671 2093 1699 2129 a
1724 2092 1781 2132 se
1813 2093 2003 2147 quem-

352 2202 363 2209 .
409 2179 574 2234 quam
620 2163 855 2229 repellit.
894 2162 1052 2231 Nam,
1096 2165 1273 2234 inquit
1313 2167 1379 2231 ",
1416 2184 1435 2219 ι
1476 2168 1565 2237 qui
1601 2169 1856 2240 elongaut
1884 2184 1944 2225 se
1970 2186 2000 2224 a

413 2265 488 2323 te,
522 2257 794 2326 peribunt.
837 2274 857 2307 ι

482 2345 647 2417 577
682 2345 847 2403 Vens.
884 2348 938 2403 9.
978 2348 1219 2411 Domine,
1245 2351 1411 2405 deduc
1450 2369 1531 2406 me
1559 2354 1612 2406 in
1648 2353 1860 2423 justitia
1907 2364 2002 2409 tua

2113 596 2247 651 Θεοῦ
2281 596 2504 662 ζῶντος.
2538 617 2557 651 ι
2596 602 2735 654 Κατ’
2762 602 3079 676 ἀμφοτέρας
3121 607 3354 680 θεωρίας
3399 608 3706 679 εἰσέρχεταί

2112 706 2195 752 τις
2217 690 2298 751 εἰς
2320 690 2411 742 τὸν
2442 686 2587 744 οἷκον
2619 693 2713 745 καὶ
2740 698 3038 764 προσκυνεῖ
3068 700 3203 767 πρὸς
3236 699 3362 752 ναὸν
3415 699 3507 751 τὸν
3549 698 3703 767 ἆγιον

2113 782 2341 851 Κυρίου,
2371 782 2507 853 ἐλέῳ
2563 784 2696 836 Θεοῦ
2751 785 2951 856 μᾶλλον
3000 788 3032 858 ἢ
3086 790 3263 861 οἰκείᾳ
3317 790 3563 863 πολιτείᾳ
3610 793 3704 846 καὶ

2113 875 2399 944 φρονήσει.

2182 1054 2402 1123 Κρῖνον
2450 1057 2698 1123 αὐτοὺς,
2723 1061 2755 1112 ό
2810 1060 2989 1125 Θεός·
3027 1059 3515 1116 ἀποπεσάτωσαν
3582 1062 3702 1117 ἀπὸ

2111 1147 2230 1201 τῶν
2291 1148 2656 1203 ὃιαϐουλιῶν
2704 1151 2921 1206 αὐτῶν.
2965 1154 3126 1208 Κατὰ
3183 1155 3250 1207 τὸ
3305 1154 3538 1223 πλῆθος
3584 1155 3702 1210 τῶν

2110 1237 2399 1292 ἀσεϐειῶν
2430 1238 2631 1292 αὐτῶν
2657 1239 2894 1305 ἕξωσον
2912 1243 3135 1310 αὐτοὺς
3156 1285 3173 1310 ,
3210 1243 3299 1297 ὅτι
3337 1246 3703 1313 παρεπίκρα-

2109 1329 2226 1383 νάν
2252 1346 2347 1393 σε,
2374 1331 2569 1398 Κύριε,
2598 1349 2651 1384 κ.
2694 1350 2744 1385 τ.
2779 1334 2826 1389 ὲ.
2858 1334 2947 1405 Τῷ
2978 1335 3349 1407 ἁμαρτάνοντι
3380 1337 3491 1408 (25)
3552 1337 3700 1392 λυσι-

2110 1421 2255 1473 τελεῖ
2286 1421 2486 1491 μᾶλλον
2517 1423 2619 1475 ὑπὸ
2644 1424 2777 1477 Θεοῦ
2800 1426 3073 1497 κριθῆναι,
3099 1427 3130 1499 ἣ
3163 1427 3268 1494 ἔξω
3287 1424 3425 1482 εἶναι
3453 1429 3553 1499 τῆς
3574 1429 3698 1499 κρί-

2111 1528 2269 1575 σεως.
2290 1512 2401 1566 Καὶ
2427 1512 2487 1565 τὸ
2514 1514 2623 1566 ἀπὸ
2652 1515 2941 1586 μοχθηρῶν
2970 1517 3288 1572 διαϐουλιῶν
3314 1522 3612 1573 ἀποπεσεῖν
3636 1520 3699 1573 ού

2109 1604 2279 1658 κακὸν
2298 1604 2377 1675 τῷ
2395 1606 2782 1671 ἀποπίπτοντι,
2812 1609 2911 1661 οὐκ
2950 1609 3231 1681 ἐρχομένῳ
3267 1612 3359 1664 ἐπὶ
3399 1612 3460 1665 τὸ
3498 1612 3703 1684 μοχθη-

2111 1696 2202 1769 ρὸν
2223 1697 2403 1751 αύτῶν
2434 1698 2591 1762 τέλος
2611 1717 2623 1729 ·
2656 1700 2731 1763 ὡς
2764 1702 2824 1753 ού
2862 1702 3024 1755 καλὸν
3080 1702 3191 1756 τῶν
3248 1706 3575 1775 κρειττόνων
3625 1706 3699 1777 μὴ

2108 1791 2203 1842 ἐπὶ
2234 1789 2387 1855 τέλος
2405 1791 2599 1846 έλθεῖν.
2631 1792 2780 1845 Πάνυ
2814 1792 2870 1845 δὲ
2924 1794 3133 1863 χαρίεν,
3187 1795 3305 1859 πῶς
3348 1798 3447 1850 οὐκ
3507 1797 3699 1869 εἴρηκε

2038 1858 2076 1911 Β
2109 1882 2275 1936 πόθεν
2309 1882 2531 1951 ἔξωσεν,
2560 1885 2645 1937 ἵνα
2684 1884 2757 1955 μὴ
2776 1887 2885 1947 τοῖς
2910 1858 3125 1949 πολλοῖς
3155 1887 3325 1957 σαφὲς
3424 1858 3591 1959 Οἶμαι
3617 1858 3697 1957 δὲ,

2105 1977 2187 2029 ὅτι
2216 1976 2324 2029 ἀπὸ
2355 1975 2461 2028 τῶν
2492 1977 2757 2030 ἀσεϐειῶν
2782 1977 2960 2031 αὐτῶν
2988 1979 3127 2031 κατά
3150 1980 3212 2033 τὸ
3261 1979 3465 2051 πλῆθος
3494 1981 3697 2037 αὐτῶν.

2106 2070 2182 2122 Ut)
2214 2067 2324 2140 γάρ
2362 2070 2454 2138 ἀφ’
2478 2069 2670 2123 ἑαυτοῦ
2700 2070 2894 2136 ἐξωθεῖ
2941 2072 2970 2122 ὁ
2996 2071 3128 2134 Θεός
3177 2090 3336 2137 τινας
3361 2092 3374 2105 ·
3429 2094 3447 2125 ι
3481 2076 3542 2129 Οἱ
3586 2076 3695 2148 γὰρ

2108 2159 2513 2231 μακρύνοντες,
2580 2163 2783 2233 φησιν,
2851 2163 3077 2228 ἑαυτοὺς
3128 2166 3235 2218 ἀπὸ
3270 2165 3387 2232 σοῦ,
3444 2166 3701 2221 ἀπολοῦν-

2104 2268 2217 2307 ται.
2257 2271 2275 2303 ι

2174 2346 2374 2414 Κύριε,
2394 2345 2705 2416 όδήγησόν
2725 2364 2801 2416 με
2827 2347 2898 2400 ἐν
2924 2346 3001 2417 τῇ
3029 2348 3385 2418 δικαιοσύνῃ
3422 2365 3539 2404 σου
3570 2350 3700 2404 ἓνε-

412 2448 628 2508 propter
654 2439 899 2494 inimicos
931 2452 1072 2507 tuos,
1103 2441 1276 2513 dirige
1306 2445 1363 2497 in
1394 2459 1673 2514 conspecm
1723 2458 1813 2500 tuo
1865 2448 1998 2501 viam

2101 2455 2179 2492 κα
2205 2438 2322 2491 τῶν
2344 2437 2574 2508 ἐχθρῶν
2594 2456 2734 2508 μου,
2753 2441 3125 2494 κατεύθυνον
3158 2441 3421 2496 ἐνώπιόν
3440 2457 3555 2496 σοι,Ι
3583 2441 3701 2510 τὴν

410 2548 604 2598 meam,
630 2542 737 2589 etc.
756 2532 858 2601 Qui
889 2534 991 2589 sibi
1019 2538 1274 2605 proponit
1305 2547 1455 2592 recte
1477 2539 1685 2593 sentire
1707 2549 1762 2594 et
1795 2538 1998 2604 facere,

2102 2527 2247 2582 ὀδόν
2292 2547 2435 2598 μου,
2489 2546 2543 2582 κ.
2594 2546 2645 2582 τ.
2689 2531 2733 2583 ὲ.
2787 2532 2845 2582 'U
2900 2532 3289 2603 προτιθέμενος
3357 2534 3471 2605 (24)
3522 2535 3699 2607 ὀρθῶς

412 2624 613 2677 multos
655 2624 1006 2680 adversarios
1042 2626 1225 2681 habet.
1269 2626 1408 2681 Sunt
1442 2629 1587 2682 enim
1638 2640 1694 2683 et
1751 2631 1998 2687 homines

2102 2624 2318 2692 φρονεῖν
2359 2622 2451 2673 καὶ
2484 2620 2764 2691 πράττειν,
2802 2621 3029 2686 πολλοὺς
3072 2624 3351 2687 ἐναντίους
3400 2625 3534 2695 ἔχει.
3570 2629 3695 2681 Εἰσὶ

408 2731 464 2772 et
490 2719 764 2773 dtentones
796 2721 996 2775 invidia
1025 2721 1190 2790 pleni,
1214 2736 1349 2789 quos
1374 2722 1515 2777 bona
1548 2734 1691 2777 recte
1720 2728 1997 2793 agentium

2101 2711 2208 2783 γὰρ
2248 2712 2341 2765 καὶ
2372 2711 2646 2783 ἀνθρωττοι
2670 2713 2762 2764 καὶ
2778 2712 3031 2782 δαίμονες
3058 2712 3328 2786 φθονεροὶ,
3358 2714 3694 2787 λυπούμενοι

409 2809 759 2865 contristant.
789 2810 843 2866 Id
867 2828 989 2866 cum
1019 2815 1360 2883 perspiceret
1402 2812 1701 2883 Propheta,
1727 2831 1832 2869 non
1866 2831 1996 2886 pro-

2101 2804 2192 2858 ἐπὶ
2225 2806 2336 2867 τοῖς
2362 2804 2586 2873 ἀγαθοῖς
2618 2804 2721 2857 τῶν
2744 2806 3175 2879 κατορθούντων.
3196 2808 3369 2861 Τοῦτο
3395 2809 3451 2862 δὲ
3482 2809 3696 2881 θεωρή-

411 2903 542 2972 prin:
587 2918 698 2959 sua:
730 2905 923 2959 virtuti
955 2904 1147 2959 tribuit
1191 2921 1434 2975 pugnare
1469 2920 1657 2961 contra
1690 2923 1784 2963 eos
1815 2908 1904 2979 qui
1941 2910 1995 2963 iu

2101 2913 2197 2960 σας
2225 2897 2321 2951 καὶ
2348 2897 2377 2948 ὁ
2406 2896 2768 2967 προκείμενος
2799 2898 2860 2950 ού
2904 2901 2967 2969 τῇ
3013 2898 3207 2951 ἑαυτοῦ
3242 2899 3468 2971 δυνάμει
3496 2901 3696 2955 δέδωκε

410 3010 471 3050 se
508 2996 878 3065 insurgerent,
907 3000 999 3052 sed
1025 2997 1301 3051 invocavit
1334 2999 1503 3053 Deunt
1545 3010 1603 3053 ut
1641 3017 1860 3055 manum
1892 3002 1991 3071 ipsi

2101 2987 2157 3039 τὸ
2183 2987 2564 3059 ἀπομάχεσθαι
2606 2992 2717 3053 τοῖς
2752 2990 3120 3061 ἐπικειμένοις
3165 2993 3287 3045 κατ’
3319 2992 3508 3057 αὐτοῦ,
3552 2993 3689 3047 ἀλλά

414 3086 743 3157 porrigeret,
776 3102 880 3155 qua
916 3085 1207 3141 incolumis
1229 3090 1489 3144 evaderet
1521 3106 1549 3144 a
1594 3102 1670 3145 tot
1724 3093 1993 3163 tantisque

2101 3080 2437 3153 παρεκάλεσε
2468 3080 2557 3134 τὸν
2589 3081 2722 3135 Θεὸν
2769 3086 2928 3155 χεῖρα
2965 3083 3113 3154 αὐτῷ
3160 3084 3347 3157 ὀρέξαι
3387 3085 3692 3149 σκεπάζου-

407 3179 681 3246 hostibus,
710 3179 897 3235 dicens
929 3196 944 3233 :
984 3179 1125 3249 Ipse,
1158 3181 1403 3249 Domine,
1436 3185 1609 3238 deduc
1638 3200 1722 3239 me
1753 3186 1803 3238 in
1831 3186 1993 3255 justi-

2101 3188 2195 3224 σαν
2223 3169 2383 3223 αὑτὸν
2412 3170 2625 3241 ἀϐλαϐῆ
2656 3171 2763 3224 ἀπὸ
2788 3172 2896 3225 τῶν
2931 3172 3202 3226 τοσούτων
3234 3174 3326 3227 καὶ
3359 3175 3695 3244 τηλικούτων

410 3272 485 3328 tia
517 3281 640 3339 tua;
680 3272 762 3328 sic
790 3272 933 3328 enim
961 3272 1054 3327 ﬁet
1091 3283 1149 3327 ut
1180 3275 1230 3328 iu
1261 3288 1553 3346 conspectu
1594 3286 1683 3331 tuo
1709 3278 1991 3349 .tlirigatur

408 3382 493 3421 VIa
528 3380 673 3422 mea.

483 3525 649 3582 Vens.
680 3527 769 3594 10,
801 3528 889 3583 Η.
926 3528 1196 3594 Quoniam
1222 3546 1325 3583 non
1349 3541 1423 3584 est
1451 3534 1505 3583 in
1535 3548 1624 3585 ore
1653 3549 1834 3586 eorum
1861 3529 1995 3587 veri-

405 3629 487 3672 tas
519 3634 537 3672 :
562 3635 655 3672 cor
679 3635 862 3672 eorum
886 3635 1077 3673 vanum
1105 3633 1199 3673 est.
1226 3621 1539 3691 Sepulcrum
1565 3634 1748 3689 patens
1777 3633 1855 3677 est
1874 3634 1993 3694 gut-

406 3719 496 3762 tur
522 3724 729 3772 eorum,
759 3709 954 3779 linguis
972 3713 1084 3765 suis
1109 3713 1288 3766 dolose
1312 3715 1562 3783 agebant,
1583 3725 1690 3773 ctc.
1720 3716 1852 3770 Cum
1886 3717 1993 3772 ini—

409 3801 537 3855 mici
570 3801 868 3871 impediant
891 3804 1180 3871 quominus
1206 3807 1290 3858 via
1327 3815 1416 3860 tua
1450 3809 1739 3878 perspicua
1769 3810 1841 3865 sit
1864 3825 1995 3866 ocu-

404 3892 475 3947 lis
509 3894 669 3955 meis,
700 3904 755 3948 tu
804 3894 979 3965 dirige
1010 3912 1129 3950 eam
1190 3898 1242 3950 in
1301 3911 1599 3968 conSpcctu
1666 3917 1807 3957 meo.
1859 3901 1993 3957 Novi

404 3985 553 4040 enim
595 3985 713 4041 illos
750 3988 802 4042 in
833 3987 900 4043 iis
947 4004 1067 4057 qum
1093 3992 1157 4045 de
1189 3991 1274 4044 via
1316 3992 1665 4060 pollicentur,
1709 4009 1836 4047 vera
1888 4008 1993 4048 non

404 4074 607 4140 dicere,
635 4093 700 4132 eo
733 4081 878 4149 quod
914 4096 1020 4134 non
1073 4082 1144 4135 sit
1192 4081 1244 4135 in
1282 4098 1377 4137 ore
1420 4098 1610 4139 eorum
1657 4086 1879 4149 veritas,
1936 4095 1993 4139 et

404 4185 604 4224 vanum
638 4172 711 4226 sit
735 4187 832 4226 cor
855 4188 1071 4229 eorum.
1100 4174 1295 4231 Omnia
1315 4186 1496 4231 autem
1527 4194 1646 4247 qua:
1676 4180 1996 4248 pronuntiat

402 4272 592 4333 guttur
620 4279 830 4330 eorum,
866 4276 1080 4323 mortua
1116 4279 1261 4332 sunt,
1296 4271 1439 4339 quod
1475 4271 1649 4339 ipsum
1684 4273 1992 4339 sepulcrum

404 4366 597 4424 patens
624 4358 714 4413 sit.
742 4356 881 4424 Quin
913 4370 970 4415 et
999 4362 1353 4431 sophismatis
1382 4362 1523 4431 pleni
1560 4373 1685 4418 sunt
1714 4378 1994 4419 sermones

403 4463 618 4505 eorum.

484 4633 642 4690 Vens.
685 4636 769 4690 12.
811 4637 876 4689 1η
903 4646 1159 4692 wlemum
1183 4638 1541 4705 exsultabant,
1569 4651 1616 4693 et
1654 4640 1917 4694 Itabitabt's
1937 4641 1994 4693 in

404 4730 501 4793 eis,
538 4739 646 4784 etc.
688 4730 855 4798 Δίων,
890 4732 1173 4801 sarculum,
1207 4744 1292 4789 est
1322 4744 1558 4806 systetna
1581 4735 1888 4805 physicum,
1924 4750 1992 4790 ex

406 4822 574 4874 variis
626 4823 951 4892 corporibus
988 4823 1331 4883 diﬂ‘erentias
1370 4826 1657 4882 continens
1699 4827 1995 4883 rationales

405 4920 628 4981 pr0ptcr
659 4911 752 4967 Dei
787 4914 1182 4984 cognitionem.
1228 4916 1283 4970 In
1332 4926 1620 4981 aeternum,
1663 4916 1862 4985 inquit,
1893 4931 1993 4972 ex-

407 5003 717 5073 sultabant,
751 5007 1012 5075 quoniam
1046 5019 1249 5064 aeterna
1282 5008 1417 5078 ipsis
1439 5017 1526 5064 est
1562 5008 1848 5065 habitatio.

479 5098 547 5152 Et
586 5098 960 5169 gloriabuntur
1006 5102 1065 5155 in
1110 5110 1160 5156 te
1195 5119 1373 5157 omnes
1404 5104 1494 5174 qui
1536 5103 1764 5174 diligunt
1803 5121 1993 5159 nomen

404 5200 576 5257 tuum,
602 5192 851 5259 quoniam
889 5201 946 5245 tu
980 5192 1247 5247 benedice:
1277 5194 1450 5263 justo,
1494 5193 1740 5260 Domine,
1776 5207 1885 5250 etc.
1936 5196 1994 5252 Si

408 5282 662 5337 meliores
692 5291 818 5337 sunt
839 5283 931 5352 qui
961 5282 1191 5352 diligunt
1224 5299 1385 5351 quant
1413 5286 1506 5354 qui
1542 5288 1757 5351 timent,
1788 5288 1994 5357 gloria-

409 5376 483 5429 tio
518 5376 690 5445 magis
710 5379 968 5431 convenit
996 5378 1368 5447 diligentibus.
1396 5378 1591 5448 Siqua:
1615 5389 1796 5432 autem
1825 5378 1993 5433 etiam

484 5452 529 5483 "
556 5466 696 5523 Psal.
730 5484 901 5533 um,
930 5469 1021 5525 27.

481 5582 595 5653 (25)
664 5583 748 5649 Τῷ
791 5585 1211 5655 ἁμαρτάνοντι,
1272 5597 1380 5641 etc.
1417 5586 1735 5651 Corderius,
1790 5585 1993 5640 Barba-

458 5672 522 5707 19.

410 5671 594 5804 1’ξιῖὲθ
631 5724 695 5777 ὀ
724 5725 1165 5797 προτιθέμενος,
1200 5735 1305 5780 ctc.
1330 5727 1500 5782 Codd.
1529 5728 1660 5792 Roc,
1692 5737 1745 5783 et
1790 5726 1993 5782 Baroc-

412 5812 895 5934 υδὲἓῖἘχθρῶν
947 5865 1419 5937 ἐμποδιζόντων,
1473 5879 1577 5925 etc.
1622 5866 1786 5925 [idem
1832 5867 1991 5925 codd.

2099 3260 2398 3332 πολεμίων,
2448 3262 2692 3331 φάσκωνο
2743 3263 2936 3328 Αὐτὸς,
2989 3258 3035 3317 ὦ
3079 3264 3363 3329 Δέσποτα,
3427 3266 3696 3338 ὁδήγησόν

2100 3372 2169 3425 με
2206 3355 2263 3407 ἐν
2293 3357 2360 3426 τῇ
2394 3354 2717 3429 δικαιοσύνῃ
2755 3372 2870 3408 σου·
2914 3356 3057 3409 οὕτω
3088 3357 3198 3427 γὰρ
3230 3356 3605 3430 κατορθωθείη
3635 3359 3698 3412 τὸ

2097 3446 2196 3517 τὴν
2226 3446 2345 3500 ὁδόν
2376 3463 2478 3518 μου
2511 3446 2740 3500 ἐνώπιόν
2773 3464 2867 3500 σου
2898 3447 3355 3517 κατευθυνθῆναι.

2172 3538 2300 3590 Ὅτι
2329 3540 2442 3591 οὐκ
2470 3536 2646 3591 ἐστιν
2690 3538 2761 3591 ἐν
2793 3536 2873 3603 τῷ
2914 3539 3167 3606 στόματι
3199 3538 3400 3592 αὐτῶν
3422 3538 3693 3606 ἀλήθεια,

2098 3629 2137 3696 ἠ
2186 3627 2401 3695 καρδία
2452 3626 2654 3682 αὐτῶν
2700 3628 2945 3696 ματαία.
3009 3626 3201 3696 Τάφος
3255 3629 3631 3698 ἀνεῳγμένος
3662 3633 3697 3683 ό

2096 3716 2332 3787 λάρυγξ
2386 3717 2602 3771 αὐτῶν·
2656 3718 2785 3785 ταῖς
2825 3717 3138 3788 γλώσσαις
3179 3718 3378 3772 αὐτῶν
3421 3720 3695 3774 ἐδολιοῦ-

2098 3825 2240 3873 σαν,
2289 3827 2344 3863 κ.
2389 3827 2442 3864 τ.
2482 3811 2528 3864 ὲ.
2589 3810 2829 3881 Ἐχθρῶν
2876 3809 3277 3881 ἐμποδιζόντων
3301 3811 3413 3882 (‘25)
3440 3810 3538 3882 τὴν
3575 3812 3695 3864 όδόν

2100 3919 2193 3955 σου
2228 3900 2609 3973 φανερωθῆναι
2650 3904 2709 3957 ὲν
2748 3902 3046 3973 ὀφθαλμοῖς
3084 3920 3207 3974 μου,
3260 3902 3325 3955 σὺ
3366 3902 3695 3957 κατεύθυνον

2096 3993 2265 4064 αὐτὴν
2324 3992 2554 4047 ἐνώπιόν
2623 4011 2747 4065 μου.
2800 3990 2930 4049 Οἶδα
2972 3994 3080 4064 γὰρ
3114 3994 3311 4058 αὐτοὺς
3352 3994 3410 4047 ὲν
3456 3988 3537 4058 οἷς
3568 3993 3696 4065 περὶ

2094 4086 2217 4140 όδοῦ
2256 4085 2704 4156 ἐπαγγέλλονται,
2747 4087 2823 4159 μὴ
2868 4085 3254 4159 ἀληθεύοντας,
3308 4086 3386 4157 τῷ
3435 4087 3510 4159 μὴ
3555 4084 3695 4139 εἶναι

2096 4182 2154 4233 ἐν
2188 4178 2265 4251 τῷ
2308 4179 2539 4251 στόματι
2572 4178 2751 4234 αὐτῶν
2797 4179 3077 4252 ἀλήθειαν,
3123 4180 3217 4233 καὶ
3264 4179 3501 4250 ματαίαν
3554 4174 3694 4232 εἶναι

2096 4272 2277 4326 αὐτῶν
2314 4272 2412 4343 τὴν
2458 4271 2707 4345 καρδίαν.
2760 4272 2949 4326 Πάντα
2991 4271 3051 4325 δὲ
3089 4270 3157 4324 τά
3202 4270 3597 4341 ἐκφωνούμενα
3636 4271 3695 4323 ὲν

2095 4364 2174 4437 τῷ
2200 4364 2436 4436 λάρυγγι
2467 4363 2648 4419 αὐτῶν
2682 4364 2851 4435 νεκρά
2880 4364 3017 4429 ἐστι,
3065 4362 3144 4433 τῷ
3172 4358 3307 4416 εἶναι
3339 4363 3501 4415 αὑτὸν
3527 4361 3695 4431 τάφον

2096 4458 2396 4530 ἀνεῳγότα.
2430 4456 2592 4511 Ἀλλὰ
2608 4458 2700 4511 καὶ
2716 4456 3089 4527 λελογισμένοι
3112 4453 3357 4524 σόφισμά
3380 4452 3525 4516 τινές
3556 4456 3695 4507 εἰσιν

2026 4572 2071 4626 ι)
2098 4554 2147 4605 οἱ
2175 4552 2322 4621 λόγοι
2350 4550 2551 4605 αὐτῶν.

2167 4643 2273 4708 Εἰς
2302 4640 2489 4695 αἰῶνα
2516 4637 2987 4710 ἀγαλλιάσονται
3006 4677 3019 4700 ,
3065 4635 3163 4689 καὶ
3199 4632 3696 4700 κατασκηνώσεις

2100 4734 2171 4788 ἐν
2200 4732 2426 4800 αὐτοῖς,
2462 4750 2517 4786 κ.
2542 4750 2595 4788 τ.
2626 4733 2671 4784 ἐ.
2704 4729 2846 4783 Αίὼν
2874 4731 2988 4781 ἐστι
3015 4725 3268 4798 σύστημα
3298 4725 3409 4797 (‘26)
3444 4724 3693 4794 φυσικὸν,

2101 4827 2167 4878 ἐκ
2202 4824 2470 4896 σωμάτων
2492 4822 2750 4876 ποικίλων
2782 4818 3006 4889 λογικὰς
3032 4815 3297 4889 διαφορὰς
3314 4816 3569 4888 περιέχον
3595 4816 3694 4887 τῆς

2101 4918 2196 4972 τοῦ
2226 4917 2360 4972 Θεοῦ
2387 4916 2642 4986 γνώσεως
2664 4916 2871 4968 ἕνεκεν.
2891 4914 2985 4976 Et;
3009 4911 3201 4975 αἰῶνα,
3229 4911 3417 4982 φησιν,
3436 4907 3696 4978 ἀγαλλιά-

2104 5027 2308 5074 σονται,
2343 5010 2425 5062 ὅτι
2460 5008 2556 5062 καὶ
2588 5007 2805 5072 αἰώνιος
2838 5008 3050 5070 ἑαυτοῖς
3083 5004 3522 5075 κατασκήνωσις.

2172 5102 2281 5158 Καὶ
2316 5099 2731 5171 καυχήσονται
2758 5100 2856 5153 ἐπὶ
2884 5099 2983 5151 σοὶ
3018 5094 3239 5159 πάντες
3258 5096 3313 5148 οἱ
3344 5090 3694 5162 ἀγαπῶντες

2101 5194 2168 5248 τὸ
2196 5193 2384 5264 ὄνομά
2419 5209 2555 5249 σου’
2605 5192 2695 5246 ὅτι
2730 5191 2811 5245 σὺ
2852 5188 3211 5259 εὐλογήσας
3255 5186 3523 5249 δίκαιον,
3571 5185 3691 5238 Κύ-

2093 5303 2209 5353 ριε,
2240 5303 2293 5340 κ.
2326 5303 2376 5339 τ.
2408 5286 2453 5338 ὲ.
2486 5286 2548 5338 Εἰ
2580 5284 2860 5355 κρείττους
2878 5281 2990 5354 (27)
3022 5284 3070 5333 οἱ
3101 5279 3428 5349 ἀγαπῶντες
3455 5276 3565 5330 τῶν
3599 5293 3693 5345 φο-

2103 5378 2420 5452 ϐουμένων,
2475 5379 2537 5433 τὸ
2588 5376 2899 5449 καυχᾶσθαι
2948 5373 3147 5447 μᾶλλον
3196 5372 3304 5427 τῶν
3350 5369 3690 5441 ἀγαπώντων

2103 5600 2285 5726 Ιῃῖἒϋ)
2319 5651 2474 5708 Αὶών
2532 5654 2664 5705 ἐστι
2707 5652 3016 5719 σύστημα,
3052 5656 3158 5702 etc.
3218 5645 3445 5700 Scltedm
3482 5641 3693 5711 G'rabil,

2102 5727 2397 5866 Βὸὃΐῖῗί
2422 5793 2750 5860 κρείττους,
2786 5802 2893 5847 etc.
2923 5787 3237 5851 Corderius,
3270 5784 3427 5841 codd.
3465 5784 3596 5851 Hoc,
3639 5793 3692 5842 et

2102 5867 2484 5923 Barocciauus.
