4100 6442
430 403 570 460 1175

1437 399 1744 459 SELECTA
1786 396 1849 451 lN
1891 395 2229 452 PSALMOS.
2261 425 2328 434 -—
2362 391 2558 447 PSAL.
2600 390 2682 444 γι.

3569 382 3704 438 ιιτι

427 524 594 577 ἐστίν.
630 522 692 574 Εἰ
731 521 789 574 δέ
821 519 938 573 ἐστί
975 539 1059 585 τις
1099 520 1323 588 εύλογος
1359 518 1624 589 καύχησις
1660 518 1750 569 καὶ
1783 517 1840 567 ἐν
1867 515 2018 584 φόϐῳ

2127 517 2178 567 in
2221 514 2417 566 timore
2449 509 2540 564 Dei
2572 505 2862 560 laudabilis
2894 513 2978 558 est
3005 501 3278 572 gloriatio,
3306 499 3491 570 utique
3524 499 3703 554 minor

429 616 656 687 Κυρίου,
689 613 925 668 ἐλάττων
951 615 1100 667 ἐστὶν
1127 614 1267 683 αὐτὴ
1298 611 1414 675 τοῦ,
1439 611 1804 680 καυχήσονται
1831 609 1889 659 ἐν
1911 607 2013 658 σοί.

429 709 656 778 Εὑλογεϊ
693 709 748 761 δὲ
802 707 925 760 Νῶε
974 707 1067 759 τὸν
1113 707 1234 776 Σὴμ
1275 704 1370 757 acati.
1411 705 1504 756 τὸν
1564 701 1766 771 Ἰαφὲθ·
1810 699 2020 766 εύλογεϊ

429 801 764 872 Μελχισεδὲκ
798 800 890 853 τὸν
931 799 1207 871 Ἀϐραὰμ,
1245 796 1339 849 καὶ
1371 798 1398 848 6
1435 793 1623 847 Ἰσαὰκ
1662 793 1761 845 τὸν
1799 789 2016 854 Ἰακὼϐ,

429 893 524 946 καὶ
552 895 580 946 6
620 891 816 946 Ἰακὼϐ
845 891 972 953 τοὺς
997 889 1229 954 δώδεκα,
1254 887 1348 941 καὶ
1376 889 1404 939 ό
1433 885 1676 952 Μωῦσῆς
1692 884 1790 946 τὰς
1825 881 2015 951 φυλάς·

427 984 562 1037 ἀλλὰ
599 984 740 1054 ὑπὲρ
786 984 964 1036 πάντα
1007 980 1182 1034 ταῦτα
1237 981 1329 1032 καὶ
1380 977 1522 1049 μετὰ
1569 975 1749 1029 ταῦτα
1783 973 1944 1035 αὐτὸς
1992 975 2021 1025 6

428 1074 630 1146 Κύριος
655 1075 938 1144 εύλογήσει
970 1073 1060 1125 τὸν
1093 1072 1320 1132 δίκαιον,
1373 1069 1635 1136 ἀνάλογον
1665 1065 1764 1136 τῷ,
1804 1084 1821 1116 ι
1851 1063 2020 1127 Αὐτὸς

426 1170 454 1220 6
473 1167 649 1220 λαλῶν
679 1167 928 1237 πάρειμι,
963 1184 982 1216 ι
1003 1165 1096 1217 καὶ
1124 1163 1222 1233 τῷ,
1247 1182 1266 1213 «ι
1292 1162 1384 1232 Μὴ
1404 1162 1566 1224 αὐτὸς
1594 1157 1971 1230 συμπορεύσῃ.
1997 1176 2015 1208 ι

507 1259 602 1324 Ὡς
635 1257 802 1323 ὅπλῳ
827 1256 1108 1322 εὐδοκίας
1132 1253 1564 1322 ἐστεφάνωσας
1590 1249 1771 1320 ἡμᾶς,
1799 1267 1851 1303 κ.
1882 1266 1932 1301 τ.
1972 1249 2018 1302 ἐ.

426 1350 634 1403 Ταυτόν
663 1349 778 1400 ἐστι
818 1347 924 1400 τῶν
959 1347 1070 1419 (28)
1119 1345 1343 1400 δικαίων
1378 1345 1544 1397 ὅπλον
1591 1341 1688 1394 καὶ
1735 1341 2019 1409 στέφανος·

422 1443 499 1506 ὡς
541 1443 630 1495 τὸν
663 1441 1028 1512 όπλισάμενον
1066 1436 1518 1506 ἐστεφανοῦσθαι,
1568 1435 1782 1488 καὶτὸν
1823 1451 2023 1504 στεφα-

424 1533 685 1604 νούμενον
741 1530 1034 1587 ὡπλίσθαι.
1085 1532 1240 1601 Ἔχει
1285 1530 1342 1583 δέ
1383 1528 1542 1582 τοῦτό
1591 1545 1644 1580 τι
1687 1529 1874 1597 ὅμοιον
1922 1525 2020 1597 τῷ,

433 1643 450 1674 ι
480 1625 737 1695 Στεφάνῳ
768 1624 826 1676 δὲ
871 1622 1086 1696 τρυφῆς
1132 1621 1496 1693 ὑπερασπίσει
1537 1638 1616 1674 σε.
1648 1639 1666 1671 ι
1711 1620 1777 1673 Ἠ
1824 1619 2022 1687 γνῶσις

423 1711 518 1771 οὖν
563 1716 658 1770 τοῦ
714 1715 888 1782 Θεοῦ,
937 1717 986 1768 εἱ
1051 1715 1149 1786 μὲν
1212 1714 1480 1785 ἀμύνεται
1527 1714 1654 1776 τοὺς
1707 1711 2020 1782 πολεμίους,

425 1809 588 1862 ὅπλον
620 1808 766 1862 ἐστὶν
798 1807 1068 1870 εὐδοκίαςυ
1098 1809 1146 1859 εἰ
1175 1805 1232 1859 δὲ
1262 1804 1568 1877 βασιλεύειν
1594 1805 1738 1858 ποιεῖ
1761 1819 1882 1855 τινα
1913 1799 2023 1855 τῶν

2123 617 2206 660 est
2233 620 2295 659 ea
2324 619 2429 672 qua
2457 600 2839 673 gloriabuntur
2873 597 2924 650 in
2959 606 3032 650 te.
3073 595 3360 651 Benedicit
3386 593 3500 649 Noe
3538 590 3706 648 Semo

2119 706 2177 751 et
2205 694 2474 764 Japbeto;
2509 692 2790 747 benedicit
2823 689 3219 744 Melchisedech
3273 688 3608 751 Abrahamo,
3650 694 3708 740 et

2123 785 2273 840 Isaac
2303 782 2528 848 Jacobo,
2558 792 2612 837 et
2643 780 2815 835 Jaeob
2852 780 3162 845 duodecim,
3192 787 3247 833 et
3291 777 3506 848 Moyses
3533 775 3702 832 tribu-

2121 878 2256 940 bus;
2311 875 2406 930 sed
2440 889 2608 944 super
2645 875 2764 928 haec
2815 873 2997 926 omnia
3027 881 3082 926 et
3128 883 3250 940 post
3300 871 3435 931 haec,
3479 869 3709 936 ipsemet

2125 962 2394 1017 Dominus
2447 960 2739 1016 benedicet
2781 959 2950 1029 justo,
3004 959 3159 1028 iuxta
3207 959 3339 1012 illud
3391 958 3439 997 ⁷³
3474 974 3487 1012 :
3526 974 3546 1008 ι
3587 953 3709 1024 Ipse

2121 1055 2214 1125 qui
2253 1052 2546 1124 loquebar,
2589 1052 2803 1118 adsum,
2854 1071 2873 1106 ι
2931 1062 2986 1108 et
3043 1052 3186 1105 istud
3230 1051 3319 1104 ’δι
3359 1070 3376 1102 ι
3416 1049 3529 1105 Νοιι
3590 1049 3713 1120 ipse

2123 1150 2276 1204 ibis.»

2200 1240 2361 1296 Vens.
2398 1241 2488 1296 15.
2522 1238 2592 1294 Ut
2615 1247 2762 1294 scuto
2799 1238 2948 1292 bona:
2982 1237 3270 1292 voluntatis
3307 1246 3414 1292 lucc
3443 1237 3710 1291 cor-onusti

2123 1350 2240 1397 nos,
2272 1344 2382 1388 etc.
2412 1332 2557 1387 ldem
2615 1339 2700 1385 est
2736 1327 3011 1398 iustorum
3047 1340 3258 1383 scutum
3286 1336 3340 1382 et
3377 1343 3602 1390 corona,
3635 1327 3710 1382 ita

2126 1437 2184 1481 ut
2215 1427 2306 1497 qui
2341 1427 2443 1481 hoc
2471 1434 2625 1481 scuto
2648 1431 2893 1478 armatus
2918 1433 3022 1488 est,
3053 1431 3370 1486 coronetur,
3410 1431 3463 1476 et
3487 1421 3578 1490 qui
3616 1435 3713 1475 co-

2126 1527 2348 1573 ronatus
2370 1526 2475 1582 est,
2511 1517 2614 1570 hoc
2654 1524 2813 1571 scuto
2846 1523 3112 1570 armetur.
3145 1512 3328 1568 Iunuit
3377 1523 3558 1568 autem
3607 1512 3714 1567 hoc

2123 1610 2252 1679 quid
2280 1609 2456 1664 simile
2480 1608 2568 1662 isti
2603 1608 2649 1638 ⁷³
2677 1624 2690 1661 :
2731 1625 2748 1658 ι
2775 1605 2990 1661 Corona
3021 1615 3202 1660 autem
3230 1605 3547 1660 deliciarum
3589 1619 3714 1674 pro-

2125 1711 2272 1772 teget
2303 1711 2376 1756 te.
2423 1719 2440 1751 ι
2480 1699 2725 1756 Scientia
2762 1697 2947 1768 itaque
2981 1697 3100 1763 Dei,
3148 1699 3274 1752 dum
3309 1699 3527 1767 quidem
3565 1706 3716 1751 arcet

2125 1792 2334 1858 hostes,
2362 1803 2578 1846 scutum
2617 1801 2705 1846 est
2733 1791 2891 1845 bona:
2927 1788 3245 1853 voluntatis,
3276 1789 3405 1843 dum
3437 1803 3570 1844 vero
3614 1787 3716 1841 ali-

425 1896 636 1962 παθῶν,
659 1897 923 1966 στέφανος
944 1895 1289 1966 ὀνομάζεται.
1310 1894 1580 1965 Τέμνεται
1613 1893 1669 1946 δέ
1698 1895 1731 1964 ἡ
1762 1891 1855 1946 τοῦ
1881 1891 2018 1945 Θεοῦ

2127 1898 2284 1952 quem
2332 1898 2511 1948 regem
2571 1882 2702 1937 facit
2753 1879 3071 1943 affectuum,
3121 1893 3325 1935 corona
3378 1879 3714 1932 nominatur.

423 1990 623 2058 γνῶσις
655 1990 732 2052 εἰς
766 1988 878 2054 δύο,
911 1990 992 2052 εἰς
1021 1986 1223 2059 πρᾶξιν
1249 1986 1344 2038 καὶ
1379 1985 1632 2056 Θεωρίαν·
1669 1984 1764 2037 καὶ
1791 1983 1892 2053 τῆς
1920 1981 2018 2052 μὲν

425 2079 675 2152 πράξεως
704 2079 867 2132 ὅπλον
906 2079 1005 2150 τῆς
1049 2078 1298 2141 εὐδοκίας
1335 2078 1473 2140 ἐστὶ,
1510 2078 1608 2148 τῆς
1640 2076 1697 2129 δέ
1728 2073 1960 2145 θεωρίας
1992 2072 2022 2124 ὁ

424 2173 705 2241 στέφανος.
743 2172 1053 2242 Τετήρηται
1089 2170 1146 2222 δέ
1193 2171 1288 2222 καὶ
1327 2171 1360 2241 ἡ
1396 2169 1570 2235 τάξις*
1623 2167 1728 2238 πρὸ
1766 2166 1876 2237 γὰρ
1925 2163 2020 2217 τοῦ

2130 1973 2298 2030 Porro
2339 1973 2433 2028 Dei
2469 1973 2698 2029 scientia
2734 1971 2987 2026 bifariam
3018 1969 3303 2034 dividitur,
3339 1970 3392 2024 in
3441 1971 3719 2024 actionem

2127 2073 2182 2121 et
2203 2066 2381 2138 678
2412 2064 2975 2135 contemplationem;
3026 2071 3188 2132 atque
3217 2063 3450 2118 actionis
3490 2063 3714 2132 quidem

2131 2167 2346 2215 scutum
2379 2171 2464 2216 est
2506 2159 2662 2214 bona:
2690 2155 3014 2220 voluntatis,
3062 2170 3263 2210 corona
3310 2170 3442 2210 vero
3471 2164 3716 2210 contem-

423 2262 688 2330 στεφάνου
731 2262 789 2315 τὸ
830 2262 1014 2325 ὅπλον,
1056 2261 1244 2332 ἐπειδὴ
1289 2261 1383 2315 καὶ
1433 2261 1538 2331 πρὸ
1575 2259 1676 2328 τῆς
1709 2256 1945 2328 Θεωρίας
1994 2255 2024 2328 ἢ

2132 2250 2416 2320 plationis.
2465 2250 2742 2306 Cytorum
2787 2253 2876 2308 hic
2922 2253 3090 2308 etiam
3137 2259 3386 2306 servatus
3417 2257 3506 2303 cst
3555 2248 3716 2303 ordo.

423 2353 621 2428 πρᾶξις
641 2399 653 2410 ,

2023 2468 2090 2480 ...ς

1011 2557 1310 2611 ΨΑΑΜΟΣ
1339 2557 1428 2625 ς’.

495 2650 597 2716 Εἰς
637 2649 702 2702 τὸ
735 2648 910 2716 τέλος
931 2649 1001 2703 ἐν
1022 2650 1236 2720 ὕμνοις
1267 2649 1424 2718 ὑπὲρ
1467 2648 1578 2718 τῆς
1609 2649 1825 2720 ὀγδόης
1867 2653 2028 2720 ψαλ-

419 2738 530 2806 μὸς
568 2739 649 2805 τῷ
681 2740 881 2802 Δαυῒδ,
929 2759 983 2795 κ.
1027 2758 1079 2796 τ.
1117 2742 1164 2794 ἐ.
1211 2741 1387 2812 ’Υπὲρ
1448 2741 1541 2810 τῆς
1575 2741 1766 2812 ὀγδόης
1795 2741 1904 2813 (29)
1936 2742 2029 2796 καὶ

2135 2341 2358 2399 Scutum
2389 2345 2538 2399 enim
2562 2354 2645 2399 est
2677 2353 2806 2399 ante
2831 2342 3368 2412 contemplationem.

2699 2555 3025 2613 PSALMUS
3065 2555 3154 2610 Vl.

2201 2651 2368 2708 Vsus.
2406 2650 2457 2704 l.
2495 2649 2562 2704 In
2609 2649 2768 2718 [mem
2802 2650 2855 2703 in
2901 2649 3225 2703 carminibus
3271 2647 3506 2716 psalmus
3547 2643 3724 2700 David

2125 2759 2221 2809 pro
2262 2755 2472 2806 octava,
2518 2751 2626 2796 etc.
2679 2740 2789 2795 Pro
2827 2749 3024 2796 octava
3071 2739 3236 2794 etiam
3284 2737 3606 2792 undecimus
3640 2735 3724 2790 iu-

419 2832 448 2881 6
474 2830 776 2895 ἑνδέκατος.
809 2832 1137 2904 Διαφέρουσι
1170 2832 1227 2886 δὲ
1260 2833 1318 2886 αἱ
1365 2834 1677 2903 ἐπιγραφαὶ
1709 2833 1902 2887 τούτου
1933 2835 2024 2888 καὶ

2128 2834 2408 2889 scribitur.
2461 2833 2633 2905 llujus
2683 2843 2869 2888 autem
2919 2831 3103 2886 diﬂ‘ert
3149 2831 3435 2900 inscriptio
3495 2844 3525 2883 a
3565 2829 3722 2904 titulo

420 2922 515 2974 τοῦ
551 2923 860 2985 ἑνδεκάτου,
896 2925 978 2977 ὅτι
1030 2914 1186 2986 οὗτος
1239 2924 1338 2994 μέν
1386 2926 1555 2990 ἐστιν,
1591 2943 1607 2975 ι
1632 2925 1729 2988 Εἰς
1757 2925 1820 2977 τὸ
1869 2925 2022 2988 τέλος

421 3015 478 3066 ἐν
505 3013 696 3083 ὕμνοις
720 3015 862 3084 ὑπὲρ
890 3015 990 3083 τῆς
1033 3014 1229 3084 ὀγδόης
1263 3013 1477 3084 ψαλμδς
1511 3013 1588 3084 τῷ
1617 3013 1804 3079 Δαυῒδ,
1831 3034 1848 3066 ι
1879 3015 2025 3068 ἐκεί-

420 3122 510 3168 νος
545 3105 626 3169 δὲ,
674 3127 691 3156 ι
715 3106 811 3168 Εἰς
844 3105 905 3157 τὸ
944 3105 1096 3168 τέλος
1133 3105 1276 3177 ὑπὲρ
1320 3105 1421 3174 τῆς
1464 3105 1656 3176 ὀγδόης
1694 3105 1909 3176 ψαλμὸς
1947 3105 2026 3176 τῷ

421 3197 601 3251 Δαυῖδ.
635 3217 651 3247 δ
691 3197 767 3266 Τῇ
803 3197 860 3249 δὲ
895 3195 1075 3269 ὀγδόῃ,
1107 3169 1280 3266 οἶμαι,
1317 3169 1735 3268 θυμὸς-ἐλέγχει
1765 3169 1861 3251 καὶ
1883 3169 2020 3268 ὀργῆ
2053 3169 2094 3225 C

421 3286 690 3339 παιδεύει.

492 3380 687 3446 Κύριε,
717 3377 802 3448 μὴ
849 3378 931 3445 τῷ
974 3379 1141 3449 θυμῷ
1171 3396 1289 3434 σου
1333 3381 1591 3452 ἐλέγξῃς
1619 3401 1715 3453 με,
1751 3383 1910 3453 μηδὲ
1945 3381 2020 3453 τῇ

421 3468 570 3538 ὀργῇ
604 3487 721 3524 σου
753 3471 1090 3541 παιδεύσῃς
1116 3489 1215 3541 με,
1262 3491 1313 3526 κ.
1348 3491 1399 3527 τ.
1433 3476 1481 3527 ἐ.
1522 3475 1706 3545 Θυμός
1735 3476 1884 3528 ἐστιν
1905 3474 2020 3548 (50)

419 3560 564 3632 ὁρμὴ
599 3562 892 3633 ἐπιθυμίας
921 3563 1127 3634 ἡμέρου
1167 3563 1347 3635 ψυχῆς
1389 3567 1509 3618 κατ’
1545 3563 1738 3637 ἐξοχὴν
1778 3565 2018 3637 ἀμύνης.

422 3651 584 3717 Λέγει
611 3645 722 3702 οὖν’
757 3653 818 3704 Εἰ
840 3652 934 3705 καὶ
959 3651 1213 3723 ὀξύτερον
1242 3655 1270 3706 ό
1299 3653 1470 3724 θυμὸς
1496 3653 1731 3725 ἐλέγχει,
1758 3656 1854 3709 καὶ
1883 3655 2022 3728 ὀργὴ

421 3741 608 3810 τάχιον
639 3742 904 3806 παιδεύει,
939 3743 1049 3810 ἐγὼ
1081 3742 1173 3797 διὰ
1212 3743 1312 3815 τὴν
1348 3745 1637 3800 ἀσθένειάν
1683 3765 1785 3817 μου
1827 3747 2022 3818 δέομαι

423 3831 516 3883 τοῦ
544 3831 724 3896 ἐλέους
750 3850 868 3896 σου,
895 3834 962 3887 δι’
989 3835 1157 3904 ἄλλης
1183 3835 1510 3906 ἐλεγχθῆναι
1545 3838 1639 3890 καὶ
1662 3839 2020 3911 παιδευθῆναι

425 3922 719 3993 θεραπείας
753 3925 812 3976 οὐ
850 3923 1170 3995 τηλικοῦτον
1204 3926 1590 3998 προσαγούσης
1613 3928 1704 3982 τὸν
1730 3929 1912 3984 πόνον.

497 4107 690 4161 ’Ἶασαί
707 4125 805 4178 με,
828 4109 1024 4176 Κύριε,
1046 4109 1138 4163 ὅτι
1159 4109 1456 4180 ἐταράχθη
1484 4112 1556 4166 τὰ
1585 4111 1736 4167 ὀστᾶ
1755 4132 1898 4184 μου,
1923 4115 2021 4168 καὶ

422 4199 462 4256 αι’)
497 4199 666 4266 ψυχή
693 4217 812 4269 μου
842 4198 1140 4269 ἐταράχθη
1182 4201 1439 4270 σφόδρα,
1472 4220 1526 4256 κ.
1576 4221 1627 4256 τ.
1662 4206 1708 4258 ἐ.
1743 4205 2022 4261 Νοσοῦντόι

427 4305 496 4358 με
531 4289 640 4361 (31)
665 4290 766 4362 τὴν
796 4289 973 4362 ψυχὴν
1009 4291 1176 4345 ἴασαι·
1212 4292 1308 4345 καὶ
1340 4292 1448 4364 γὰρ
1477 4296 1885 4367 τεταραγμέναι
1916 4298 2022 4352 εἰσὶ

420 4381 530 4434 τῶν
563 4381 740 4436 όστῶν
787 4383 961 4454 αὐτῆς
992 4386 1048 4438 αἱ
1083 4384 1362 4457 ἁρμονίαι,
1409 4387 1506 4441 καὶ
1538 4387 1676 4460 αὑτὴ
1721 4389 1780 4443 δὲ
1815 4390 2021 4464 σφόδρα

419 4476 776 4548 τετάρακται.

492 4567 604 4620 Καὶ
645 4566 750 4633 σὺ,
787 4567 984 4636 Κύριε,
1019 4567 1134 4634 ἕως
1173 4569 1355 4632 πότε;
1389 4585 1444 4622 κ.
1480 4586 1528 4622 τ.
1569 4570 1616 4622 ἐ.
1654 4569 1824 4624 Τοῦτο
1853 4573 2020 4627 ἐλλει-

425 4657 633 4722 πτικῶς
661 4658 770 4730 (52)
799 4658 1016 4732 εἴρηται
1046 4660 1166 4713 ἀντὶ
1199 4659 1315 4725 τοῦ,
1353 4661 1497 4726 Ἕως
1533 4661 1663 4715 πότε
1691 4663 1753 4716 ού
1788 4665 1890 4737 ῥύῃ
1918 4672 2020 4739 τὴν

422 4749 601 4822 ψυχήν
633 4768 757 4821 μου,
787 4751 911 4805 οὐδέ
944 4751 1138 4816 σώζεις
1173 4769 1239 4824 με
1277 4753 1420 4806 κατὰ
1455 4752 1548 4806 τὸν
1581 4753 1728 4808 ἐλεόν
1759 4773 1872 4820 σου,
1899 4759 2021 4812 οὐδέ

424 4841 776 4912 ὲπιστρέφεις
806 4859 872 4914 με
893 4858 909 4909 ;
951 4844 1009 4897 '0
1029 4845 1104 4915 μὴ
1129 4843 1346 4916 θαρῤῶν
1369 4845 1426 4898 δὲ
1452 4846 1545 4899 ἐπὶ¹
1569 4845 1754 4917 ἔργοις
1783 4849 2023 4921 σωθῆναι

423 4931 560 5003 ἐρεῖ·
603 4951 620 4982 ι
646 4931 826 4986 Σῶσόν
871 4951 938 5003 με
978 4934 1164 4988 ἕνεκεν
1210 4934 1304 4988 τοῦ
1347 4936 1536 5002 ἐλέους
1568 4956 1683 4992 σου.
1719 4960 1736 4991 ι
1777 4942 1930 4997 Μετὰ
1962 4944 2024 4997 τὸ

425 5023 677 5087 ἀκοῦσαι,
708 5025 791 5078 ὅτι
811 5025 1013 5098 Κύριος
1037 5026 1225 5096 ἀφεῖλε
1254 5028 1316 5080 τὸ
1344 5029 1649 5100 ἁμάρτημα
1678 5031 1864 5096 αὑτοῦ,
1899 5050 2019 5086 πει-

429 5117 656 5185 ρασμοῖς
697 5117 792 5169 καὶ
840 5115 1055 5188 θλίψεσι
1103 5118 1350 5172 παλαίων
1387 5122 1416 5173 ό
1453 5121 1616 5174 Δαυῒδ
1664 5123 1757 5175 κα)¹
1800 5124 2020 5194 φαρμά-

427 5221 649 5261 κων.....
678 5206 972 5279 γευόμενος
1003 5210 1133 5279 περὶ
1163 5210 1264 5282 τῆς
1286 5210 1396 5264 τῶν
1437 5213 1744 5284 φαρμάκων
1776 5214 2020 5269 ἀπαλλα-

424 5297 528 5367 γῆς
559 5298 871 5370 παρακαλεῖ
904 5301 994 5353 τὸν
1030 5301 1230 5371 ἰατρόν.

498 5482 544 5515 ⁷³
577 5483 678 5538 lsa.
719 5499 815 5544 LII,
848 5484 903 5538 6.
981 5485 1028 5516 ⁷⁵
1060 5485 1230 5539 Exod.
1263 5502 1460 5556 xxxiii,
1498 5486 1584 5544 l5.
1660 5489 1708 5522 ⁷³
1741 5487 1915 5546 Prov.
1948 5503 2024 5558 tv,
2049 5493 2103 5549 9.

427 5645 466 5698 Β
497 5575 611 5698 (2'8)
649 5579 871 5631 Ταυτόν
897 5577 1028 5631 ἐστι
1056 5577 1193 5642 τῶν,
1222 5590 1328 5636 etc.
1371 5583 1685 5648 Corderius,
1710 5583 2015 5655 partimque

473 5663 529 5698 ar
556 5663 719 5699 ιιιιΊιε.

497 5688 834 5786 ’Ὑπὲρ
866 5716 976 5786 τῆς
1000 5717 1236 5788 ὀγδόης,
1278 5732 1383 5776 etc.
1412 5721 1590 5776 Codex
1628 5722 2012 5780 Coislinianus.

424 5787 610 5912 “tim
649 5789 844 5858 Θυμός
869 5787 1063 5855 ἐστιν,
1083 5798 1187 5847 ctc.
1219 5791 1538 5859 Cordcrius,
1570 5795 1878 5864 partimque
1894 5794 2016 5850 Bar-

464 5877 470 5884 ·
514 5874 522 5883 ·
565 5875 612 5912 s.

464 5874 612 5916 at'us.

2129 2925 2422 2992 undecimi,
2448 2927 2591 2994 quod
2627 2925 2715 2979 hic
2740 2925 3077 2979 inscribatur
3106 2939 3120 2975 :
3158 2941 3176 2973 ι
3218 2921 3278 2975 In
3310 2922 3475 2977 fmem
3507 2921 3560 2974 in
3594 2935 3722 2976 car-

2131 3016 2373 3072 minibus
2403 3031 2506 3086 pro
2549 3027 2744 3071 octava
2787 3015 3032 3086 psalmus
3081 3014 3287 3080 David;
3323 3032 3341 3066 ›
3394 3013 3722 3068 undecimus

2133 3123 2288 3175 vero,
2327 3127 2346 3160 ι
2390 3109 2448 3164 In
2483 3110 2647 3164 linem
2674 3123 2774 3178 pro
2803 3117 2997 3162 octava
3025 3107 3266 3178 psalmus
3319 3105 3510 3161 David.
3556 3125 3575 3158 ι
3614 3105 3720 3160 Oc-

2129 3211 2254 3256 tava
2280 3210 2486 3268 autem,
2511 3202 2725 3272 opinor,
2760 3199 2913 3256 furor
2944 3200 3126 3270 arguit
3158 3210 3213 3255 et
3251 3200 3330 3255 ira
3365 3200 3613 3268 corripit.

2204 3380 2363 3435 Vens.
2384 3381 2441 3437 2.
2461 3380 2784 3443 Dominc,nc
2809 3380 2862 3433 in
2889 3379 3174 3449 furorctuo
3201 3395 3398 3450 arguas
3427 3395 3526 3446 mc,
3558 3395 3721 3447 neque

2129 3475 2184 3528 in
2219 3474 2301 3527 ira
2329 3484 2422 3527 tua
2458 3474 2719 3542 corripias
2742 3490 2844 3536 me,
2876 3481 2986 3528 etc.
3017 3471 3194 3527 Furor
3219 3482 3301 3527 est
3333 3472 3568 3543 impetus
3582 3486 3722 3527 con-

2129 3565 2478 3635 cupiscentiae
2509 3565 2676 3620 animi
2713 3566 2980 3622 mansueti
3009 3580 3104 3636 per
3127 3579 3416 3619 excessum
3446 3563 3716 3619 vindictae.

2129 3655 2222 3708 Ait
2258 3655 2460 3726 igitur:
2492 3654 2604 3710 Etsi
2635 3655 2893 3710 acerbius
2931 3653 3084 3708 furor
3114 3662 3327 3723 arguat,
3357 3663 3413 3708 et
3448 3656 3525 3707 ira
3560 3654 3722 3708 citius

2130 3748 2423 3817 corripiat,
2467 3762 2569 3817 ego
2602 3755 2787 3801 tamen
2841 3754 3064 3816 preptcr
3111 3745 3486 3801 infirmitatem
3543 3760 3720 3800 meam

2130 3839 2398 3909 deprecor
2433 3839 2868 3896 misericordiam
2908 3849 3152 3898 tuam.ut
3205 3838 3311 3892 alia
3358 3839 3586 3894 curandi
3632 3854 3721 3892 ra-

2131 3932 2278 3988 tione
2312 3947 2511 4003 arguar
2539 3943 2596 3988 et
2628 3935 2919 4004 corripiar,
2955 3947 3078 4004 quae
3117 3947 3228 3987 non
3272 3941 3482 3985 tantam
3535 3929 3724 3986 all‘erat

2131 4027 2464 4082 molestiam.

2203 4117 2365 4175 Vens.
2398 4118 2453 4184 5,
2484 4120 2538 4175 4.
2570 4118 2716 4174 Sana
2738 4137 2837 4187 nte,
2865 4120 3105 4185 Domine,
3123 4119 3375 4190 quoniam
3404 4117 3720 4172 conturbata

2128 4218 2250 4261 sunt
2277 4224 2400 4262 ossa
2435 4225 2574 4275 mea,
2601 4219 2653 4264 et
2689 4211 2871 4265 anima
2911 4227 3026 4265 mea
3062 4210 3278 4264 turbata
3305 4219 3381 4263 est
3408 4208 3581 4274 valde,
3611 4217 3717 4264 etc.

2129 4299 2404 4354 lniirmum
2441 4315 2528 4356 me
2569 4302 2748 4357 anima
2803 4317 2980 4366 sana;
3023 4317 3146 4356 nam
3197 4300 3536 4356 conturbata:
3591 4311 3719 4355 sunt

2129 4407 2326 4448 omnes
2361 4395 2570 4449 ossium
2603 4396 2723 4466 ejus
2757 4396 3132 4468 compagines,
3160 4405 3214 4451 et
3245 4395 3359 4466 ipsa
3389 4395 3604 4450 turbata
3635 4404 3720 4450 est

2128 4485 2311 4540 valde.

2198 4574 2363 4633 Vens.
2393 4576 2448 4633 4.
2496 4577 2603 4634 Sed
2654 4590 2732 4644 tu,
2789 4579 3032 4646 Domine,
3087 4579 3395 4651 usquequo.’
3435 4586 3542 4634 etc.
3602 4576 3718 4632 Hoc

2126 4683 2223 4740 per
2243 4670 2593 4727 omissionem
2628 4673 2833 4727 dictum
2876 4682 2959 4728 est
2989 4688 3088 4743 pro
3133 4686 3200 4728 eo
3242 4673 3576 4742 :Usquequo
3610 4687 3716 4726 non

2127 4760 2325 4816 liberas
2359 4763 2597 4818 animam
2628 4779 2826 4830 meam,
2861 4775 2915 4819 et
2951 4779 3056 4819 non
3087 4779 3276 4819 servas
3300 4779 3386 4817 me
3416 4762 3716 4817 secundum

2129 4853 2560 4910 misericordiam
2591 4864 2761 4921 tuam,
2790 4870 2966 4924 neque
2997 4855 3274 4910 convertis
3320 4853 3444 4907 me?
3482 4852 3582 4918 Qui
3619 4869 3718 4905 au-

2131 4953 2238 4999 tem
2282 4962 2389 5002 non
2421 4947 2647 5004 conﬁdit
2683 4948 2735 5001 in
2787 4950 3046 5016 cperibus
3097 4947 3213 5003 suis
3257 4962 3318 5002 se
3371 4945 3716 5007 salvandum,

2129 5038 2276 5094 dicet
2332 5057 2400 5093 ει
2437 5037 2660 5094 Salvqu
2715 5057 2801 5094 me
2855 5038 2939 5095 fac
2999 5049 3225 5109 propter
3279 5037 3716 5093 misericordiam

2131 5139 2300 5184 tuam.
2347 5151 2365 5182 ο
2400 5130 2695 5200 Postquam
2736 5133 2946 5187 audivit
2979 5131 3714 5198 Domiuumabstulissepee-

2127 5232 2309 5275 catum
2359 5223 2498 5290 ejus,
2535 5225 2931 5280 tentatiouibus
2975 5234 3030 5280 et
3066 5225 3512 5280 tribulationibus
3544 5221 3713 5276 collu-

2125 5322 2281 5371 ctaus
2312 5315 2501 5381 David,
2534 5327 2590 5373 et
2625 5320 2881 5375 remediis
2925 5321 3162 5387 gustatis
3194 5320 3394 5373 amaris
3437 5318 3710 5371 medicum

2131 5415 2304 5476 rogat,
2340 5415 2403 5461 ut
2429 5408 2702 5478 ejusmodi
2735 5411 2971 5466 remedia
3007 5410 3245 5465 auferat.

2197 5593 2308 5664 (5|)
2343 5594 2662 5651 Νοσοῦντὰ
2683 5613 2782 5666 με,
2813 5607 2918 5651 etc.
2950 5595 3130 5650 Codex
3160 5593 3544 5656 Coisliuiauus,
3576 5591 3709 5647 Bar-

2124 5661 2188 5714 ba
2199 5661 2308 5718 rus.

2197 5735 2311 5804 (52)
2343 5735 2520 5792 Τοῦτο
2545 5735 2956 5803 ἐλλειπτικῶς,
2980 5745 3086 5791 etc.
3112 5736 3292 5792 Codex
3323 5735 3710 5802 Coisliniauus,

2127 5803 2426 5874 Barbarus,
2462 5811 2768 5878 partimque
2795 5807 3108 5864 Cordcrius.
