4100 6400
447 373 584 430 H75

518 491 680 548 Vens.
723 493 778 549 5.
821 492 1149 562 Convertere,
1204 495 1448 562 Domine,
1490 510 1536 552 et
1589 501 1729 570 eripe
1788 502 2018 554 animum
2050 502 2097 557 A

443 599 649 648 meam;
681 578 882 639 salvum
927 604 1008 640 me
1049 591 1136 658 [ac
1166 601 1377 659 propter
1405 591 1828 646 misericordiam
1851 603 2021 659 luam,

439 687 547 732 etc.
581 677 695 732 Duo
733 679 819 733 hic
845 682 1018 750 ponit.
1055 683 1146 737 Dei
1183 678 1630 750 conversionem,
1660 694 1718 739 et
1742 685 2025 742 liberatio-

440 783 560 822 nem
591 770 788 824 animae
815 786 948 827 sum.
984 773 1097 829 lloc
1129 777 1275 830 enim
1311 776 1478 844 justis
1507 779 1747 834 maxime
1775 789 1896 836 erat
1923 796 2022 836 ex-

437 862 752 929 petendum.
801 883 818 914 ε
856 865 1212 933 Convertere,
1257 889 1276 922 ι
1305 871 1464 940 quasi
1505 871 1673 937 dicat,
1705 873 1850 929 lnter
1891 889 2022 944 pro-

435 953 552 1020 pria
592 970 815 1026 repone.
860 958 966 1014 Sed
1018 968 1072 1016 et
1121 961 1289 1018 libera
1327 981 1448 1021 eam
1496 968 1641 1023 inter
1676 967 1862 1024 hostes
1903 985 2022 1023 ver-

437 1056 676 1103 santem.
722 1049 964 1108 Aversus
997 1070 1058 1108 es
1087 1068 1313 1126 propter
1343 1070 1563 1128 peccata
1610 1078 1752 1126 mea,
1793 1078 2021 1116 conver-

439 1150 554 1194 tere
586 1150 819 1209 propter
869 1144 1267 1216 benignitatem
1311 1159 1482 1217 tuam,
1516 1162 1571 1206 ct
1615 1157 1682 1207 ad
1716 1158 2021 1225 correptio-

440 1247 565 1287 nem
603 1235 790 1290 tradas
818 1251 904 1292 me
939 1241 1354 1299 teutationibus.

511 1323 672 1382 Vens.
714 1327 767 1384 6.
830 1329 1096 1396 Quoniam
1129 1351 1232 1388 non
1282 1347 1358 1390 est
1396 1338 1451 1391 in
1494 1348 1662 1393 morte
1691 1341 1781 1408 qui
1820 1357 2019 1394 memor

429 1418 500 1470 sit
555 1420 664 1485 tui,
727 1420 894 1493 579
954 1425 1010 1478 in
1058 1425 1267 1495 inferno
1311 1439 1484 1482 autent
1529 1433 1645 1500 quis
1685 1433 2018 1500 conﬁtebitur

431 1510 565 1564 tibi?
614 1521 724 1568 etc.
773 1515 875 1582 Qui
934 1520 1247 1574 meminerit
1301 1520 1393 1575 Dei
1447 1522 1676 1578 dicentis
1714 1525 1857 1579 ":1
1904 1525 2016 1595 Ego

431 1616 549 1656 sum
577 1604 708 1672 vita,
743 1625 761 1657 ι
791 1609 836 1660 is
861 1624 965 1662 non
1000 1620 1082 1665 est
1113 1611 1165 1664 in
1198 1621 1393 1668 morte.
1451 1613 1506 1667 In
1543 1627 1718 1670 morte
1765 1634 1884 1687 qute
1933 1629 2016 1674 est

429 1694 652 1751 ultimus
685 1697 776 1752 Dei
813 1700 1005 1767 hostis,
1041 1703 1188 1758 nulla
1239 1703 1314 1759 tui
1366 1710 1631 1762 memoria
1687 1710 1879 1766 haberi
1915 1727 2011 1776 po-

428 1795 555 1840 test.
586 1787 792 1844 ldcirco
819 1791 990 1848 libera
1018 1809 1104 1850 me
1134 1797 1203 1853 ab
1227 1798 1344 1867 illa,
1372 1811 1431 1855 ut
1458 1802 1654 1856 iterum
1692 1803 1767 1858 tui
1800 1819 2013 1858 memor

424 1879 550 1935 sim.
577 1880 872 1953 Propterea
903 1895 958 1942 et
998 1889 1092 1958 qui
1148 1899 1278 1947 ante
1319 1903 1552 1948 mortem
1607 1905 1856 1965 peccant,
1895 1913 2001 1952 non

423 1980 548 2026 sunt
591 1988 862 2033 memores
889 1977 1004 2034 Dei.
1031 1981 1140 2035 Aut
1182 1982 1234 2036 in
1269 1981 1484 2039 inferno
1510 1987 1689 2042 nullus
1727 1989 2012 2078 confitebi-

423 2070 535 2128 tur,
578 2072 674 2117 aut
709 2065 864 2122 valde
895 2070 1071 2136 pauci.
1105 2070 1221 2127 Hoc
1251 2073 1396 2127 enim
1431 2091 1496 2130 ex
1537 2092 1602 2130 eo
1647 2065 1941 2145 declarat,-
1958 2092 2011 2136 et

421 2144 661 2212 fortasse
683 2157 752 2217 ob
795 2159 924 2214 illud
963 2163 1006 2193 ⁷⁷
1049 2181 1064 2216 :
1113 2183 1132 2216 ι
1175 2167 1369 2223 Veniat
1421 2186 1572 2225 mors
1604 2187 1767 2241 super
1793 2175 1931 2242 illos,
1957 2187 2011 2231 et

419 2246 754 2305 descendant
780 2251 830 2304 in
863 2252 1134 2310 infernum
1157 2259 1428 2316 viventes.
1472 2282 1491 2315 ι
1525 2263 1626 2331 Qui
1665 2267 1912 2323 viventes
1951 2271 2006 2325 in

415 2335 698 2392 infernum
766 2341 1142 2412 descendunt,
1196 2350 1290 2404 Dei
1366 2356 1683 2412 meminisse
1738 2373 2002 2429 possunt,

417 2427 632 2498 ipsique
659 2432 932 2502 conﬁteri,
962 2437 1161 2508 quippe
1184 2442 1276 2511 qui
1305 2457 1409 2498 non
1439 2445 1548 2500 sint
1579 2448 1630 2502 in
1661 2427 1858 2506 morte.

487 2591 650 2647 Vens.
678 2595 730 2648 7.
757 2595 1019 2654 Laboravi
1046 2601 1100 2656 in
1120 2606 1314 2672 gemitu
1352 2623 1490 2673 meo,
1529 2619 1635 2666 etc.
1676 2613 1862 2668 Talem
1910 2631 2002 2685 ge-

414 2681 605 2737 mitum
639 2683 732 2740 ﬁlii
758 2687 923 2743 Israel
947 2689 1172 2749 edentes
1205 2694 1258 2748 in
1288 2693 1547 2768 Egypto,
1573 2702 1815 2756 exauditi
1849 2681 1997 2762 sunt.

411 2773 556 2841 Quin
602 2788 656 2832 et
707 2777 905 2836 Paulus
942 2785 1134 2840 eodem
1188 2789 1351 2844 modo
1411 2789 1561 2860 fecit,
1603 2810 1725 2848 cum
1777 2796 1857 2850 ait
1901 2797 1991 2849 τηε

414 2884 439 2919 r
483 2866 588 2934 Qui
635 2885 824 2926 sumus
867 2874 918 2928 in
955 2876 1059 2932 hoc
1089 2879 1467 2948 tabernaculo,
1499 2884 1930 2954 ingemiscimus.
1973 2910 1991 2943 ›

409 2956 542 3016 Tale
577 2973 632 3017 et
655 2962 784 3019 illud
816 2965 860 2998 τ’
894 2986 906 3021 :
946 2987 964 3019 ι
993 2969 1296 3042 Rugiebam
1326 2990 1354 3028 a
1376 2977 1580 3047 gemitu
1605 2981 1791 3037 cordis
1814 2984 1940 3038 mei.
1973 3003 1991 3037 ι

408 3047 594 3120 Neque
624 3055 758 3110 satis
788 3065 872 3111 est
896 3073 1134 3129 gemere,
1182 3063 1276 3118 sed
1326 3076 1543 3135 oportet
1590 3072 1996 3140 quodammodo

1867 377 1955 431 EX
2000 375 2304 432 ORIGENE

3582 384 3719 440 “76

2209 498 2633 568 Ἐπίστρεψον,
2692 503 2892 569 Κύριε,
2941 503 3128 571 ῥῦσαι
3169 502 3285 572 τὴν
3330 504 3543 574 ψυχήν
3578 520 3715 573 patr

2127 589 2338 644 σῶσόν
2363 608 2440 660 με
2467 590 2675 644 ἕνεκεν
2709 592 2816 646 τοῦ
2853 592 3065 658 ἐλέους
3095 609 3233 657 σου,
3262 611 3316 646 κ.
3349 610 3398 647 τ.
3432 595 3476 645 ὲ.
3508 592 3613 646 Δύο
3639 594 3723 646 τί-

2128 678 2286 752 θησιν
2318 682 2578 744 ἐνταῦθα,
2604 683 2713 752 (55)
2749 683 2807 735 τὸ
2823 683 3168 756 ἐπιστρέψαι,
3203 685 3298 738 καὶ
3330 685 3598 755 ῥύσασθαι
3619 687 3720 749 τὴν

2125 772 2300 844 ψυχὴν
2329 774 2514 827 αὐτοῦ.
2553 775 2625 826 Τὸ
2657 773 2766 843 γὰρ
2795 774 3026 845 μάλιστα
3047 779 3157 840 τοῖς
3189 776 3419 840 δικαίοις
3448 772 3516 847 ἦν
3558 794 3718 848 περι-

2127 864 2479 918 σπούδαστον.
2508 885 2526 915 ι
2551 866 2929 936 Ἐπίστρεψον,
2958 885 2976 918 ι
3012 862 3143 930 οἷον,
3169 867 3259 930 Et;
3283 869 3382 939 τὴν
3408 869 3718 938 οἰκειότητα

2124 954 2596 1024 ἀποκατάστησον.
2633 955 2794 1008 Ἀλλὰ
2823 956 2916 1008 καὶ
2946 953 3107 1024 ῥῦσαι
3151 958 3208 1010 ὲν
3239 957 3519 1028 πολεμίοις
3547 959 3717 1030 αὐτὴν

2122 1044 2306 1102 οὖσαν.
2349 1048 2733 1120 Ἀπεστράφης
2754 1048 2842 1103 διὰ
2867 1051 2967 1113 τὰς
2998 1049 3270 1121 ἁμαρτίας
3308 1067 3431 1121 μου,
3459 1051 3715 1124 ἐπίστρε-

2123 1140 2222 1209 ψον
2257 1139 2344 1193 διὰ
2379 1140 2477 1212 τὴν
2520 1141 2932 1213 φιλανθρωπίαν
2964 1159 3080 1206 σου,
3131 1143 3223 1196 καὶ
3259 1143 3398 1214 πρὸς
3431 1144 3716 1198 παίδευσιν

2123 1231 2304 1295 ἐνδούς
2341 1250 2407 1304 με
2433 1235 2542 1296 τοῖς
2579 1237 2922 1304 πειρασμοῖς.

2195 1323 2321 1376 ’Ὁτι
2361 1325 2472 1378 οὐκ
2525 1323 2698 1377 ἔστιν
2735 1326 2805 1378 ἐν
2853 1324 2931 1390 τῷ
2979 1325 3214 1392 θανάτῳ
3255 1329 3288 1380 ό
3315 1327 3715 1395 μνημονεύων

2120 1431 2258 1479 σου,
2278 1416 2347 1469 ἐν
2373 1415 2441 1468 δὲ
2463 1415 2544 1481 τῷ
2565 1415 2678 1484 ᾅδῃ
2708 1418 2802 1481 τίς
2833 1416 3346 1487 ἐξομολογήσεται
3361 1433 3496 1480 σοι;
3518 1435 3570 1470 κ.
3589 1434 3638 1470 τ.
3662 1419 3709 1470 ἐ.

2133 1508 2188 1562 Ὀ
2217 1507 2571 1578 μνημονεύων
2599 1508 2710 1578 (54)
2744 1509 2879 1562 Θεοῦ
2909 1509 3000 1562 τοῦ
3033 1509 3302 1578 λέγοντος·
3329 1528 3348 1560 ‹
3372 1508 3513 1576 Ἐγώ
3536 1511 3651 1579 εἰμι
3675 1512 3707 1579 ἡ

2120 1599 2256 1668 ζωὴ,
2285 1620 2303 1652 ›
2328 1599 2429 1654 οὐκ
2463 1600 2608 1654 ἔστιν
2644 1602 2700 1654 ὲν
2728 1601 2804 1671 τῷ
2831 1601 3064 1672 Θανάτῳ.
3099 1603 3214 1655 Οὐκ
3245 1601 3390 1654 ἐστιν
3417 1603 3475 1654 ἐν
3508 1600 3587 1671 τῷ
3620 1601 3711 1654 θα-

2119 1691 2264 1762 νάτῳ
2291 1690 2368 1762 τῷ
2397 1692 2610 1764 ἐσχάτῳ
2642 1691 2818 1764 ἐχθρῷ
2853 1692 2988 1746 Θεοῦ
3032 1693 3354 1764 τυγχάνοντι
3404 1693 3712 1764 μεμνῆσθαί

2121 1801 2248 1837 σου·
2279 1784 2358 1837 διὸ
2393 1785 2554 1856 ῥῦσαί
2598 1803 2664 1856 με
2706 1787 2801 1840 ἀπ’
2832 1785 3018 1852 αὐτοῦ,
3049 1787 3144 1840 ἵνα
3184 1785 3347 1840 πάλιν
3382 1787 3710 1856 μνημονεύω

2045 1861 2087 1913 Β
2119 1894 2234 1930 σου.
2269 1876 2366 1931 Διὰ
2393 1878 2552 1932 τοῦτο
2591 1878 2647 1932 δὲ
2685 1879 2779 1932 καὶ
2808 1880 2856 1932 οἱ
2894 1879 2998 1950 πρὸ
3032 1878 3266 1932 θανάτου
3299 1879 3709 1950 ἁμαρτάνοντες

2115 1969 2175 2021 ού
2211 1969 2514 2040 μέμνηνται
2557 1970 2650 2023 τοῦ
2698 1969 2855 2026 Θεοῦ.
2890 1971 3048 2023 "Hect
3083 1972 3141 2024 ὲν
3312 1971 3488 2035 οὐδεὶς
3521 1971 3711 2042 ἐξομο-

2115 2058 2429 2129 λογήσεται,
2484 2059 2517 2130 ἢ
2557 2060 2698 2112 πάνυ
2745 2059 2934 2128 ὀλίγον
2965 2061 3126 2114 τοῦτο
3164 2062 3275 2132 γάρ
3311 2061 3567 2131 ἐμφαίνει
3597 2061 3709 2114 άπὸ

2112 2153 2337 2225 ταύτης,
2390 2153 2482 2206 καὶ
2535 2155 2744 2225 μήποτε
2787 2155 2874 2208 διὰ
2923 2156 3018 2208 τό·
3065 2174 3084 2206 ‹
3119 2154 3349 2207 Ἐλθέτω
3380 2155 3444 2226 δὴ
3479 2154 3708 2218 Θάνατος

2113 2249 2199 2299 ἐπ’
2232 2248 2448 2312 αὐτοὺς,
2484 2248 2577 2303 καὶ
2612 2248 3010 2320 καταϐήτωσαν
3050 2251 3130 2312 είς
3163 2249 3291 2320 ᾃδου
3326 2247 3548 2313 ζῶντες.
3581 2267 3598 2298 ι
3643 2248 3707 2300 Oi

2110 2336 2312 2402 ζῶντες
2344 2342 2424 2402 εἰς
2456 2339 2582 2410 ᾅδου
2623 2339 3044 2404 καταϐαίνοντες
3103 2338 3415 2411 μεμνῆσθαι
3453 2338 3706 2391 δύνανται

2109 2430 2201 2483 τοῦ
2237 2430 2374 2484 Θεοῦ
2409 2430 2484 2494 ὡς
2513 2431 2614 2484 οὐκ
2658 2431 2811 2494 ὄντες
2843 2435 2899 2485 ἐν
2930 2433 3008 2504 τῷ
3055 2432 3292 2503 θανάτῳ,
3325 2433 3419 2485 καὶ
3452 2431 3706 2503 ἐξομολο-

2106 2523 2322 2589 γεῖσθαι
2354 2522 2523 2592 αύτῷ.

2188 2616 2514 2669 Ἐκοπίασα
2540 2616 2611 2668 ἐν
2640 2615 2720 2681 τῷ
2753 2617 3069 2686 στεναγμῷ
3085 2635 3227 2686 μου,
3259 2637 3312 2671 κ.
3341 2635 3392 2671 τ.
3428 2619 3473 2670 ἐ.
3512 2617 3704 2671 Τοιοῦ-

2104 2723 2194 2759 τον
2229 2706 2532 2777 στεναγμὸν
2573 2705 2685 2777 (55)
2734 2708 2783 2759 οἱ
2833 2707 2942 2760 υἱοὶ
2997 2709 3215 2780 Ἰσραὴλ
3245 2708 3602 2774 στενάξαντες
3643 2713 3703 2764 ὲν

2102 2797 2383 2868 Αἰγύπτῳ,
2413 2796 2870 2869 εἰσηκούσθησαν.
2904 2799 3014 2853 Καὶ
3048 2798 3260 2862 Παῦλος
3283 2799 3340 2852 δὲ
3365 2798 3560 2866 λέγων’
3592 2818 3609 2850 ι
3636 2802 3702 2853 Οί

2100 2889 2252 2953 ὄντες
2294 2891 2352 2943 ὲν
2394 2889 2471 2961 τῷ
2516 2891 2705 2962 σκήνει
2754 2890 3105 2962 στενάζομεν,
3132 2910 3150 2942 ι
3202 2891 3262 2944 τὸ
3308 2893 3492 2962 ὅμοιον
3529 2895 3694 2946 ποιεῖ.

2100 2981 2354 3038 Τοιοῦτόν
2384 2986 2499 3037 ἐστι
2530 2983 2625 3037 καὶ
2655 2983 2735 3047 τὺ,
2778 3004 2796 3036 ι
2836 2984 3105 3056 Ὠρυόμην
3133 2984 3240 3038 ἀπὸ
3267 2985 3574 3056 στεναγμοῦ
3601 2986 3702 3056 τῆς

2099 3077 2331 3148 καρδίας
2383 3093 2505 3148 μου.
2539 3095 2557 3128 t
2595 3075 2702 3131 Kal
2741 3077 2843 3131 οὐκ
2887 3078 3050 3148 ἀρκεῖ
3089 3076 3366 3141 στενάξαι,
3407 3077 3521 3130 ἀλλ’
3557 3076 3700 3130 ὥστε

404 3143 680 3202 laborare.
703 3146 937 3205 Pulchre
972 3162 1155 3208 autem
1187 3155 1254 3210 ad
1298 3159 1632 3217 suadendam
1681 3167 1990 3224 castitatem

405 3245 622 3262 __,A___._
658 3238 738 3262 με,
772 3241 951 3262 -.ηιμ
993 3261 997 3262 ν
1107 3244 1169 3262 .,
1259 3247 1270 3262 .
1547 3253 1557 3262 ι
1677 3255 1689 3262 -

2104 3143 2358 3224 κοπιάσαι
2384 3143 2502 3225 δεῖ.
2541 3171 2859 3242 Χαριὲντως
2908 3143 2966 3223 δὲ
3005 3172 3084 3234 εἰς
3129 3169 3444 3262 προτροπὴν
3479 3170 3701 3238 ἁγνείας

405 3245 622 3291 utemur
656 3238 740 3293 his
772 3241 954 3297 verbis
989 3261 1002 3298 :
1045 3262 1062 3296 ‹
1105 3244 1326 3302 Lavabo
1372 3266 1468 3319 per
1515 3253 1756 3324 singulas
1805 3269 1994 3315 noctes

403 3321 603 3378 lectum
635 3341 840 3393 meum,
881 3348 900 3381 ›
927 3344 1236 3390 asserentes
1267 3339 1335 3391 ab
1382 3338 1446 3392 iis
1497 3321 1628 3396 solis
1651 3346 1742 3415 qui
1782 3362 1811 3400 a
1847 3364 1998 3404 com-

401 3416 659 3472 mistione
689 3430 817 3474 sunt
843 3425 1054 3490 mundi,
1089 3437 1238 3484 recte
1267 3430 1370 3484 dici
1399 3447 1413 3483 :
1442 3450 1460 3482 ι
1502 3432 1719 3492 Lavabo
1751 3454 1850 3508 per
1880 3444 1992 3497 sin-

401 3507 556 3576 gulas
588 3521 777 3566 noctes
805 3512 1002 3568 lectum
1035 3533 1236 3573 meum.
1282 3540 1300 3572 ι
1344 3521 1406 3575 Hi
1443 3533 1625 3580 autem
1666 3507 1831 3585 etiam
1866 3551 1997 3590 ora-

401 3599 533 3655 tioni
557 3611 835 3669 vacantes,
870 3606 940 3660 ob
963 3622 1026 3662 ea
1051 3625 1168 3678 qua:
1191 3612 1321 3668 olim
1350 3632 1734 3688 peccaverunt,
1762 3633 1992 3680 stratum

400 3705 557 3745 suum
598 3692 858 3766 lacrymis
918 3698 1118 3768 rigant.
1173 3703 1297 3760 Ideo
1354 3709 1491 3763 dixit
1523 3712 1568 3744 ⁸ο
1603 3734 1615 3767 ;
1653 3732 1669 3764 ι
1704 3713 1855 3768 Beati
1900 3720 1993 3787 qui

401 3797 546 3839 nunc
577 3783 734 3841 ﬂetis.
779 3809 797 3839 ι

475 3876 640 3935 Vens.
673 3879 726 3936 8.
775 3880 1045 3941 Turbatus
1079 3900 1152 3943 eu
1191 3907 1223 3945 a
1255 3892 1438 3954 lurore
1472 3898 1655 3953 oculus
1683 3917 1828 3956 meus
1861 3920 1881 3956 :
1905 3903 1994 3958 in-

401 3969 624 4023 veteravi
652 3971 790 4026 inter
815 3990 994 4031 omnes
1018 3978 1259 4036 inimicos
1291 4000 1455 4050 meos,
1496 3996 1606 4049 etc.
1655 3989 1801 4048 Nihil
1834 4011 1990 4066 aeque

399 4068 640 4114 mentem
667 4063 1012 4132 obtenebrat,
1033 4083 1099 4123 ac
1117 4071 1336 4127 animus
1358 4078 1729 4144 perturbatus.
1757 4063 1986 4153 Propter

398 4147 544 4206 hanc
569 4153 712 4209 oculi
745 4159 1233 4226 perturbationem,
1266 4163 1410 4220 haud
1449 4181 1586 4236 pure
1618 4172 1715 4226 sed
1757 4147 1986 4238 conluse

394 4243 572 4299 cernit
623 4244 670 4300 is
714 4247 804 4316 qui
854 4246 1121 4318 spiritalia
1175 4252 1375 4309 intueri
1428 4258 1663 4314 videtur.
1711 4260 1982 4320 Caeterum

393 4332 560 4400 istud,
596 4351 619 4388 ι
653 4336 974 4406 inveteravi,
1009 4359 1030 4394 ι
1067 4342 1208 4398 idem
1240 4354 1322 4401 est
1362 4361 1428 4402 ac
1457 4352 1506 4404 si
1549 4351 1694 4408 dicat
1731 4375 1742 4410 :
1789 4354 1985 4413 Senior

390 4436 447 4481 et
473 4427 764 4484 multorum
797 4447 1062 4488 annorum
1098 4434 1277 4492 factus
1307 4454 1453 4503 sum,
1493 4446 1620 4497 dum
1665 4445 1809 4499 inter
1833 4451 1982 4516 ipsos

2104 3262 2421 3333 χρησόμεθα
2461 3262 2539 3332 τῷ
2585 3263 2728 3334 λόγῳ
2775 3263 2970 3333 τούτῳ-
3018 3261 3254 3316 «Λούσω
3298 3261 3418 3316 καθ’
3456 3263 3696 3333 ἑκάστην

2102 3355 2270 3406 νύκτα
2307 3355 2407 3424 τὴν
2441 3354 2630 3426 κλίνην
2679 3373 2801 3426 μου,
2827 3375 2844 3407 t
2881 3354 2986 3409 ὑπὸ
3030 3355 3209 3424 μόνων
3243 3353 3354 3407 τῶν
3397 3355 3484 3408 ἀεὶ
3527 3354 3700 3408 καθα-

2104 3446 2368 3514 ρευόντων
2403 3446 2512 3499 ἀπὸ
2545 3447 2746 3516 μίξεως
2791 3447 3091 3516 φάσκοντες
3125 3446 3304 3510 καλῶς
3332 3445 3585 3515 λέγεσθαι
3611 3446 3695 3513 τὸ,

2105 3555 2121 3584 ι
2147 3536 2337 3589 Λούσω
2364 3536 2486 3590 καθ’
2513 3539 2750 3608 ἑκάστην
2783 3537 2955 3591 νύκτα
2989 3537 3087 3607 τὴν
3116 3537 3305 3608 κλίνην
3339 3555 3461 3608 μου·
3497 3559 3514 3590 ι
3548 3535 3695 3594 οῦτοι

2097 3625 2173 3688 δὲ,
2204 3628 2298 3680 καὶ
2325 3627 2675 3697 σχολάζοντες
2701 3630 2767 3698 τῇ
2799 3631 3100 3700 προσευχῇ,
3123 3631 3182 3681 ὲν
3208 3628 3442 3700 δάκρυσι
3473 3629 3698 3702 βρέχου-

2098 3731 2180 3769 σιν
2213 3715 2422 3769 ἑαυτῶν
2461 3718 2553 3768 ἐπὶ
2587 3719 2700 3781 τοῖς
2735 3717 3147 3789 ἡμαρτημένοις
3185 3720 3356 3774 πάλαι
3384 3719 3482 3792 τὴν
3515 3737 3693 3794 στρω-

2096 3806 2253 3876 μνήν.
2287 3805 2383 3860 Διὰ
2417 3805 2574 3859 τοῦτο
2599 3801 2739 3860 εἷπε·
2781 3826 2798 3857 ι
2824 3807 3102 3878 Μακάριοι
3130 3810 3178 3862 οἱ
3208 3809 3490 3874 κλαίοντες
3523 3810 3637 3865 νῦν.
3667 3830 3686 3865 ι

2177 3896 2505 3966 Ἐταράχθη
2565 3897 2685 3952 ἀπὸ
2733 3896 2924 3967 θυμοῦ
2957 3901 2990 3952 ὁ
3022 3899 3330 3969 ὀφθαλμός
3362 3918 3504 3970 μου,
3543 3903 3691 3955 ἐπα-

2089 3986 2354 4055 λαιὼθην
2378 3989 2448 4042 ἐν
2479 3988 2631 4043 πᾶσι
2667 3989 2791 4056 τοῖς
2819 3990 3056 4058 ἐχθροῖς
3083 4009 3225 4060 μου,
3269 4010 3324 4047 κ.
3360 4010 3410 4046 τ.
3444 3994 3490 4046 ἑ.
3517 3993 3686 4047 Οὐδὲν

2090 4078 2232 4132 οὕτω
2249 4079 2356 4151 (⁸56)
2373 4080 2563 4150 τυφλοῖ
2578 4081 2702 4135 νοῦν
2719 4081 2794 4146 ὼς
2813 4081 2980 4154 θυμὸς
2998 4085 3424 4156 ταρασσόμενος.
3439 4087 3538 4141 Διὰ
3557 4088 3690 4141 ταύ-

2087 4189 2187 4244 την
2226 4173 2324 4245 τὴν
2364 4173 2458 4228 τοῦ
2500 4173 2780 4246 ὀφθαλμοῦ
2821 4177 3063 4248 ταραχὴν
3111 4178 3172 4230 ού
3224 4177 3505 4250 καθαρῶς,
3542 4180 3680 4236 ἀλλὰ

2089 4267 2512 4338 συγκεχυμένως
2541 4269 2645 4339 ὁρᾷ
2673 4269 2768 4322 καὶ
2797 4271 2825 4322 ὁ
2852 4269 3070 4340 βλέπειν
3103 4271 3172 4324 τὰ
3207 4272 3372 4343 νοητὰ
3396 4273 3586 4327 δοκῶν.
3611 4276 3685 4328 Τὸ

2085 4357 2162 4423 δὲ,
2188 4377 2206 4410 ‹
2225 4357 2596 4431 ἐπαλαιώθην,
2615 4353 2770 4424 toiov,
2785 4361 3019 4426 Παλαιὸς
3040 4363 3133 4416 καὶ
3150 4364 3504 4436 πολυχρόνιος
3527 4367 3687 4435 γέγο-

2089 4466 2174 4512 να,
2202 4452 2260 4502 ὲν
2287 4451 2471 4514 αὐτοῖς
2499 4451 2792 4525 διατρίϐων
2833 4455 2891 4508 ὲν
2919 4453 2996 4524 τῷ
3045 4454 3143 4526 βίῳ
3182 4457 3314 4509 ὅπου
3344 4455 3564 4524 εἰσίν-ἢ,
3583 4459 3683 4512 Τὸν

391 4533 760 4577 commoratus
787 4539 906 4580 sum
943 4525 996 4579 in
1030 4526 1130 4581 hac
1157 4530 1267 4584 vita
1304 4531 1392 4586 ubi
1425 4538 1723 4591 exsistunt.
1758 4537 1855 4594 Vel
1876 4561 1888 4595 :
1909 4543 1982 4595 ln-

2104 4543 2318 4598 παλαιὸν
2353 4546 2485 4617 παρ’
2540 4547 2727 4610 αὐτοῖς
2776 4547 3038 4601 ἀνέλαϐον
3083 4548 3370 4619 ἄνθρωπον
3417 4552 3513 4604 σὺν
3562 4557 3685 4617 ταῖς

393 4623 477 4666 ter
515 4627 611 4670 eos
639 4627 875 4672 veterem
931 4635 1055 4676 cum
1111 4623 1326 4680 actibus
1377 4626 1496 4694 ejus
1559 4629 1834 4687 hominem
1886 4650 1979 4690 as-

390 4707 617 4775 sumpsi,
654 4726 673 4759 ι
712 4710 803 4779 qui
851 4715 1220 4784 corrumpitur
1244 4719 1541 4774 secundum
1578 4722 1847 4779 desideria
1892 4743 1979 4782 er-

391 4797 533 4852 roris
563 4799 632 4852 θί.
660 4815 680 4847 ι

461 4885 627 4944 Vsus.
670 4889 721 4947 9.
757 4891 1022 4951 Discedite
1053 4914 1086 4952 a
1114 4915 1399 4958 memnmes
1424 4905 1513 4973 qui
1545 4908 1837 4972 operamini
1869 4910 1976 4964 ini-

386 4978 664 5049 quitatem,
707 4993 812 5041 etc.
863 4987 1140 5046 Daemoues
1193 5007 1408 5064 semper
1447 4998 1788 5066 iniquitatem
1846 5017 1976 5072 ope-

389 5081 605 5138 rantur;
643 5077 891 5135 humines
944 5097 1049 5135 non
1075 5098 1323 5154 semper;
1359 5090 1535 5159 angeli
1565 5107 1860 5162 nunquam.

461 5253 622 5314 Vens.
655 5260 708 5324 9,
747 5259 831 5314 10.
877 5261 1142 5327 Quoniam
1192 5271 1455 5325 exaudivit
1495 5272 1751 5330 Dominus
1790 5294 1966 5334 vocem

2088 4635 2353 4704 πράξεσιν
2392 4635 2580 4702 αὐτοῦ,
2619 4655 2637 4687 ι
2674 4636 2765 4690 τὸν
2797 4637 3151 4708 φθειρόμενον
3185 4639 3328 4692 κατὰ
3367 4640 3465 4704 τὰς
3494 4642 3683 4694 ἐπιθυ·
3725 4712 3730 4718 Ι

2090 4727 2217 4798 μίας
2248 4728 2344 4800 τῆς
2379 4727 2615 4799 ἀπάτης.
2643 4747 2662 4779 ι

2165 4913 2485 4978 Ἁπόστητε
2517 4910 2802 4981 ἀπ’ἐμοῦ,
2828 4910 3051 4977 πάντες
3083 4915 3137 4966 οἱ
3168 4911 3542 4983 ἐργαζόμενοι
3563 4913 3682 4982 τήν

2081 5003 2359 5072 ἀνομίαν,
2393 5020 2446 5056 κ.
2478 5020 2534 5058 -τ,
2577 5005 2624 5056 ὲ.
2665 5002 2947 5074 Δαιμόνων
2988 5005 3049 5058 τὸ
3084 5005 3195 5076 (57)
3225 5006 3313 5060 διὰ
3349 5007 3550 5071 παντὸς
3577 5010 3678 5082 τὴν

2079 5095 2309 5166 ἀνομίαν
2353 5095 2702 5167 ἐργάζεσθαι·
2745 5095 3047 5168 ἀνθρώπων
3097 5098 3158 5151 τὸ
3207 5099 3281 5170 μὴ
3323 5099 3409 5154 διὰ
3455 5102 3674 5166 παντός’

2079 5188 2328 5257 ἀγγέλων
2359 5187 2420 5242 τὸ
2459 5187 2750 5259 μηδέποτε.

2153 5283 2281 5334 ’Ότι
2297 5280 2625 5348 είσήκουσε
2646 5283 2864 5350 Κύριος
2881 5280 2990 5351 τῆς
3011 5282 3219 5353 φωνῆς
3239 5284 3348 5339 τοῦ
3365 5285 3671 5358 κλαυθμοῦ

457 5395 504 5430 ⁷⁸
527 5398 684 5456 Joan.
719 5419 832 5469 χεν,
867 5405 920 5460 6.
998 5406 1044 5438 ⁷⁷
1074 5407 1217 5465 Psal.
1245 5427 1354 5480 LIV,
1391 5412 1478 5467 16.
1553 5415 1598 5447 ⁷⁸
1625 5415 1666 5469 ll
1690 5417 1814 5474 Cor.
1847 5421 1978 5485 v.4.

2131 5423 2274 5480 Psal.
2303 5438 2512 5490 xxxv",
2555 5423 2608 5479 9.
2685 5424 2730 5456 ⁸ο
2761 5423 2892 5480 Luc.
2919 5425 3103 5493 vum.
3181 5425 3224 5457 ⁰¹
3251 5425 3450 5495 Eplles.
3483 5443 3556 5490 tv,
3579 5425 3665 5479 22.

456 5537 571 5615 (5_5_)_
601 5541 714 5595 Δύο
745 5543 988 5611 τίθησιν
1014 5545 1308 5615 ἐνταῦθα,
1339 5561 1445 5606 etc.
1489 5552 1715 5610 Schedae
1758 5554 1976 5614 Ernesti

385 5607 596 5683 Grabii,
617 5607 941 5683 partimque
971 5615 1286 5672 Corderius.

458 5679 572 5749 (54)
615 5681 675 5733 Ὀ
700 5679 1114 5753 μνημονεύων,
1149 5701 1252 5745 etc.
1281 5690 1510 5749 Schedte
1533 5694 1744 5761 Grabii,
1772 5697 1976 5754 Barba-

383 5765 573 5892 1Ἢῗῖιὸ)
613 5823 886 5880 Τοιοῦτον
915 5833 1274 5900 στεναγμόν,
1314 5843 1418 5888 etc.
1457 5835 1767 5907 Corderius,
1802 5840 1970 5897 codex

2084 5559 2472 5645 Coislni‘nianus.
2507 5561 2802 5645 Barbarus.
2863 5631 2899 5645 ﬂ
2986 5632 2999 5645 ‘
3069 5633 3080 5644 .
3286 5633 3297 5645 _
3395 5632 3428 5645 Α
3469 5635 3479 5645 ι
3519 5633 3549 5645 η
3596 5633 3606 5645 ο

2157 5630 2268 5701 (56)
2299 5631 2491 5685 Οὐδὲν
2522 5631 2694 5698 οὕτω,
2719 5643 2826 5688 etc.
2860 5631 3172 5698 Corderius,
3199 5633 3365 5689 codex
3390 5632 3673 5688 Coislinia-

2083 5717 2209 5760 nus,
2237 5703 2531 5757 Barbarus.

2158 5771 2271 5841 (57)
2307 5774 2612 5842 Δαιμόνιον
2631 5773 2720 5841 τό,
2765 5783 2870 5830 etc.
2929 5773 3152 5830 Srheda:
3184 5773 3368 5831 Grabii
3401 5813 3414 5842 ,
3466 5774 3672 5831 Barba-

2083 5856 2193 5897 ιύε.
