4100 6372
431 370 564 425 1177

1431 380 1738 432 SILLMJ'IA
1781 381 1843 429 ΙΝ
1888 381 2226 436 νδΑωιυδ.
2263 407 2335 422 -—
2373 384 2569 433 l’bAL.
2620 387 2723 432 νη.

3560 389 3698 443 H78

421 506 557 555 μου.
590 486 932 554 Εἰσήκουσε
952 489 1166 556 Κύριος
1198 487 1307 557 τῆς
1337 489 1602 558 δεήσεώς
1636 511 1777 562 μου,
1801 494 2014 561 Κύριος
2041 545 2047 558 ,

2118 497 2273 564 ﬂetus
2297 497 2420 551 mei.
2443 496 2726 549 Exaudirit
2761 495 3015 550 Dominus
3046 497 3466 565 depreciationem
3510 515 3702 564 meam,

423 579 539 647 τὴν
569 578 920 648 προσευχήν
941 598 1061 650 μου
1097 582 1524 650 προσεδέξατο,
1557 603 1610 638 κ.
1643 604 1692 638 τ.
1726 587 1773 640 ὲ.
1816 587 1876 639 Ὀ
1907 587 2015 639 τῶν

426 671 720 723 κλαιόντων
743 671 852 742 (58)
875 673 1223 745 μακαρισμὸν
1243 676 1463 738 συνιεὶς,
1490 678 1581 728 καὶ
1597 677 1820 737 κλαίων,
1844 675 2014 730 ταῦτα

425 765 541 834 ἐρεῖ
570 765 700 816 πᾶσι
732 767 844 828 τοῖς
871 765 1135 836 παροῦσιν
1169 763 1317 836 αύτῷ
1350 767 1736 838 ἐργαζομένοις
1767 767 1866 840 τὴν
1891 771 2015 821 ἀνο-

428 857 579 925 μίαν,
613 859 844 928 ὁρατοῖς,
899 859 1173 928 ἀοράτοις.
1226 858 1450 930 Πρῶτον
1478 860 1536 912 δὲ
1579 863 1607 913 ὀ
1651 861 1787 924 Θεὸς
1830 863 2015 931 φωνῆς

425 949 515 1002 καὶ
549 949 826 1019 κλαυθμοῦ
851 951 1059 1015 ἀκούει,
1083 947 1200 1004 εἶτα
1229 951 1488 1021 δεήσεως,
1516 950 1634 1006 εἶτα
1657 953 1755 1023 τὴν
1782 969 2016 1024 προσευ-

424 1041 523 1111 χὴν
558 1042 934 1112 προσδέχεται.

492 1134 984 1203 Αίσχυνθειήσαν
1011 1135 1106 1187 καὶ
1138 1138 1576 1204 τιιραχθειῗησιιν
1597 1137 1833 1206 σφόδρα
1861 1138 2012 1190 πάν-

422 1241 520 1290 τες
531 1226 585 1278 οἱ
598 1225 952 1296 ἐχθροίμου,
972 1245 1026 1282 κ.
1044 1245 1094 1281 τ.
1111 1228 1156 1280 ὲ.
1175 1229 1236 1280 Ἠ
1254 1229 1483 1299 αἰσχύνη
1503 1230 1609 1298 (59)
1629 1231 1709 1292 εἰς
1724 1230 2014 1300 συναίσθη-

424 1332 507 1367 σιν
545 1315 667 1385 ἄγει
709 1317 800 1370 τὸν
848 1320 1250 1389 ἁμαρτάνοντα.
1299 1320 1610 1386 Παύσασθε,
1658 1319 1842 1392 φησιν,
1889 1321 2012 1392 ὲμοὶ

421 1408 490 1459 τὰ
521 1407 695 1479 ὀνείδη
733 1411 1154 1480 προσφέροντες
1201 1411 1271 1464 τὰ
1312 1415 1486 1466 οἰκεῖα
1523 1412 1578 1466 δὲ
1629 1412 1777 1466 κακὰ
1805 1411 2014 1481 λογιζό-

424 1515 594 1568 μενοι,
627 1501 888 1572 αἰσχύνης
923 1505 1013 1556 καὶ
1046 1505 1294 1576 ταραχῆς
1339 1504 1744 1577 ἀναπλήσθητε.
1794 1506 2012 1560 Δίκαιον

420 1591 526 1662 γὰρ
559 1592 652 1644 καὶ
680 1594 909 1664 φοϐερὸν
942 1594 1002 1648 τὸ
1036 1597 1180 1650 Οεῖον
1207 1601 1510 1669 κριτήριον.

501 1686 1049 1756 ,Ἐπιστραφείησαν
1096 1691 1196 1744 καὶ
1248 1692 1731 1759 αἰσχυνθείησαν
1778 1690 2014 1760 σφόδρα

420 1776 518 1830 διὰ
543 1777 785 1848 τάχους,
819 1799 870 1834 κ.
890 1799 936 1835 τ.
957 1783 1004 1834 ἐ.
1053 1784 1178 1836 Ἐὰν
1218 1784 1681 1854 νικήσωμενμο),
1699 1784 1767 1836 τὰ
1789 1786 2014 1836 ἀντιπα-

2119 586 2376 640 Dominus
2420 587 2712 641 orationem
2760 603 2925 638 meum
2977 589 3222 656 suscepit,
3271 599 3374 642 etc.
3414 589 3514 654 Qui
3568 587 3705 640 lien--

2122 680 2254 732 tium
2283 680 2669 734 beatitudinem
2711 679 2980 748 intelligit,
3007 692 3057 734 et
3091 682 3200 743 llet,
3240 682 3353 734 haec
3392 682 3538 734 dicet
3577 695 3702 734 omo

2121 770 2281 822 nibus
2314 769 2414 837 ipsi
2445 769 2778 831 astantibus,
2812 770 3167 836 operantibus
3203 771 3563 839 iniquitatem,
3592 782 3702 824 tam

2121 861 2425 915 visibilibus
2459 876 2622 930 quam
2660 861 3048 915 invisibililms.
3083 862 3323 916 Primum
3351 874 3530 918 autem
3560 865 3702 918 Dens

2118 969 2307 1007 vocem
2339 964 2395 1007 et
2418 953 2606 1006 ﬂetum
2641 954 2809 1015 audit,
2837 954 3031 1008 deinde
3055 957 3517 1023 deprecationem,
3546 956 3702 1010 deni-

2117 1063 2222 1116 que
2247 1047 2474 1115 suscipit
2505 1047 2832 1100 orationem.

2190 1139 2356 1193 Vens.
2401 1141 2484 1191 11.
2527 1139 2851 1194 Erubescant
2883 1152 2928 1194 et
2966 1141 3343 1193 contui-bentur
3384 1145 3706 1194 rehementer

2118 1248 2292 1284 omnes
2315 1229 2481 1300 580
2505 1232 2706 1284 inimici
2751 1234 2870 1296 mei,
2906 1243 3016 1286 etc.
3058 1231 3238 1285 Pudor
3277 1243 3594 1300 peccantem
3636 1235 3703 1284 ad

2117 1325 2199 1377 sui
2235 1325 2402 1393 ipsius
2434 1340 2648 1378 sensum
2691 1334 2928 1378 revocat.
2981 1325 3238 1388 Desinite,
3305 1326 3510 1395 inquit,
3573 1326 3702 1376 mihi

2117 1418 2361 1472 convicia
2391 1418 2660 1486 ingerere,
2692 1428 2745 1472 et
2777 1419 2998 1488 propria
3040 1419 3179 1471 mala
3225 1429 3562 1488 reputantes,
3599 1435 3701 1486 pu-

2117 1511 2248 1564 dore
2283 1521 2338 1564 et
2368 1512 2785 1579 perturbatione
2831 1512 3173 1580 repleamini.
3216 1510 3427 1564 Justum
3474 1511 3617 1564 enini
3649 1520 3706 1564 et

2120 1601 2459 1654 tremendum
2496 1611 2579 1655 est
2611 1603 2701 1656 Dei
2724 1602 3012 1670 judicium.

2192 1691 2357 1748 Vens.
2399 1694 2485 1748 11.
2521 1691 2906 1750 Convertuntur
2950 1705 2998 1748 et
3041 1694 3350 1750 erubescant
3392 1693 3542 1748 valde
3577 1691 3706 1745 velo-

2118 1784 2267 1849 citer,
2309 1796 2418 1842 etc.
2451 1784 2506 1839 Si
2533 1787 2768 1840 victores
2797 1786 3103 1851 evadimus,
3128 1802 3188 1840 ea
3217 1800 3340 1854 quze
3373 1794 3561 1838 contra
3606 1799 3705 1836 nos

419 1865 637 1920 λαίοντα
668 1873 1138 1940 καταισχύνονται,
1176 1875 1409 1945 μάλιστα
1437 1877 1523 1928 ὅτε
1553 1893 1635 1938 τις
1666 1878 1693 1928 ὀ
1726 1875 2006 1946 ἄνθρωπος

2118 1886 2375 1944 pugnant,
2430 1879 2634 1946 pudore
2701 1876 3154 1940 confunduntur,
3219 1877 3521 1946 praesertim
3579 1889 3702 1926 cum

417 1956 622 2011 τούτων
656 1961 920 2032 κρείττων
955 1965 1290 2034 εὑρίσκεται,
1326 1967 1421 2018 καὶ
1454 1967 1699 2036 συγχέων
1739 1967 2008 2038 ταράσσει

417 2049 557 2102 αὐτὰ
588 2054 653 2122 τῇ
683 2053 876 2107 ἑαυτοῦ
912 2056 1092 2128 σοφία.
1125 2058 1280 2128 Τάχα
1311 2059 1367 2110 δὲ
1400 2059 1494 2112 καὶ
1524 2057 1844 2130 ἐπιστρέφει
1871 2059 2009 2112 αὐτὰ

415 2141 797 2210 αἰσχυνθέντα,
827 2147 920 2200 καὶ
950 2149 1160 2218 ταχέως
1189 2152 1216 2202 ὁ
1248 2150 1403 2219 ἅγιος
1445 2149 1603 2202 τοῦτο
1630 2153 1792 2202 ποιεῖ.

493 2325 604 2378 Τοῦ
631 2327 838 2382 αὑτοῦ.
866 2330 1103 2400 Νοὴσεις
1131 2331 1302 2384 ταῦτα
1329 2330 1583 2398 λέγεσθαι
1613 2330 1706 2383 καὶ
1732 2329 1868 2400 πρὸς
1889 2328 2016 2390 τοὺς

414 2415 513 2486 τὴν
566 2421 910 2492 κατασκευὴν
961 2421 1109 2494 αὑτῴ
1164 2422 1685 2494 κατεργασαμένους
1743 2419 2014 2490 ἀοράτους

425 2510 644 2581 ἐχθροὺς
683 2511 1177 2584 διαφθονουμένους
1213 2519 1278 2587 τῇ
1327 2514 1468 2569 κατὰ
1502 2514 1634 2567 Θεὸν
1667 2511 1830 2566 αὑτοῦ
1877 2526 2012 2581 προ-

417 2603 582 2671 κοπῇ,
619 2605 711 2657 καὶ
747 2607 885 2676 μετὰ
916 2609 1014 2680 τὴν
1072 2609 1350 2680 ἁμαρτίαν
1402 2608 1798 2672 ἐπιϐαίνοντας,
1835 2605 1894 2659 ὲν
1931 2598 2013 2666 οἷς

416 2691 618 2762 ἔλεγον*
651 2714 668 2748 ι
693 2697 806 2750 Οὐκ
836 2697 950 2752 ἐστι
985 2701 1234 2773 σωτηρία
1263 2700 1412 2770 αὐτῷ
1447 2701 1506 2753 ἐν
1532 2698 1609 2770 τῷ
1637 2698 1757 2770 Θεῴ
1788 2695 2009 2750 αὑτοῦ.»

2117 1968 2276 2022 homo
2308 1969 2581 2038 quispiam
2616 1972 2701 2025 bis
2726 1969 2918 2025 melior
2952 1970 3252 2036 invenitur,
3281 1978 3337 2023 et
3363 1967 3706 2022 confundens

2116 2074 2178 2112 ea
2207 2062 2490 2128 perturbat
2516 2064 2784 2131 sapientia
2830 2080 2952 2118 sua.
3000 2063 3162 2118 Forte
3209 2062 3372 2116 etiam
3422 2059 3622 2112 accidit
3647 2067 3708 2110 ut

2117 2166 2178 2204 ea
2209 2151 2496 2219 pudefacta
2526 2166 2838 2210 convertat.
2883 2155 3024 2223 Quin
3067 2166 3124 2209 et
3166 2165 3392 2207 sanctus
3449 2151 3558 2206 cito
3601 2151 3705 2205 hoc

2119 2253 2364 2312 prnéstat.

2191 2327 2468 2397 Eiusdem.
2505 2332 2632 2388 llaec
2666 2335 2833 2389 etiam
2869 2333 2974 2389 dici
3011 2333 3228 2404 putabis
3276 2333 3540 2386 adversus
3566 2329 3708 2382 invi--

2115 2420 2304 2476 sibiles
2342 2425 2548 2488 hostes,
2589 2426 2679 2495 qui
2711 2427 2953 2480 divinum
2997 2426 3116 2496 ejus
3163 2438 3512 2494 progressum
3567 2423 3709 2475 invi-

2117 2510 2328 2574 dentes,
2363 2514 2586 2571 insidias
2615 2517 2664 2570 ei
2711 2525 3052 2582 struxerunt,
3086 2527 3141 2570 et
3177 2524 3300 2586 post
3337 2514 3454 2584 ejus
3509 2529 3708 2582 pecca-

2115 2609 2227 2654 tum
2254 2604 2588 2660 insultabant
2621 2607 2868 2663 dicentes
2899 2607 2946 2637 ⁸¹
2979 2623 2994 2661 :
3033 2625 3052 2658 ι
3085 2606 3200 2661 Non
3235 2615 3320 2662 est
3345 2605 3492 2660 salus
3522 2605 3621 2674 ipsi
3653 2603 3706 2658 in

2128 2694 2234 2749 Deo
2261 2694 2398 2764 ejus.
2439 2715 2460 2751 ι

1236 2927 1329 2981 EX
1361 2922 1898 2982 COMMENTARIIS
1933 2921 2266 2977 ORIGENIS
2308 2923 2371 2977 IN
2411 2922 2752 2980 PSALMUM
2803 2923 2894 2980 Vl.

499 3175 764 3232 Possibile
793 3175 906 3247 (41)
933 3184 1018 3230 est
1039 3177 1398 3232 considerare
1424 3194 1490 3232 ex
1521 3177 1608 3232 bis
1649 3177 1887 3232 maxime
1909 3177 2210 3241 doloribus,
2235 3191 2375 3246 quos
2408 3177 2462 3230 in
2491 3177 2595 3231 hoc
2621 3191 2852 3244 corpore
2876 3175 3036 3246 positi
3061 3177 3350 3240 sentimus,
3389 3175 3480 3242 qui
3515 3191 3708 3245 quant-

411 3273 494 3326 vis
534 3270 716 3338 inagni
746 3269 878 3333 sint,
909 3269 1093 3324 brevis
1125 3278 1274 3325 certe
1303 3279 1431 3324 sunt
1460 3270 1743 3338 temporis,
1773 3285 1871 3338 pro
1893 3283 1958 3322 eo
1989 3271 2134 3338 quod
2166 3269 2210 3323 si
2237 3267 2398 3338 paulo
2424 3268 2864 3322 vehementiores
2895 3267 3222 3330 exstiterint,
3257 3267 3518 3322 continuo
3540 3266 3706 3322 etiam

412 3367 536 3418 vitae
557 3364 788 3419 celerem
817 3363 1058 3418 inferunt
1089 3363 1272 3418 tinem.
1315 3364 1560 3432 Denique
1601 3363 1777 3428 multi,
1811 3363 1855 3418 si
1896 3377 1988 3417 res
2015 3362 2350 3433 poposcerit,
2382 3377 2482 3431 pro
2523 3362 2746 3432 pietatis
2786 3359 3134 3417 confessione
3173 3361 3226 3415 in
3259 3359 3389 3430 ipsis
3418 3361 3707 3414 tormentis

414 3459 651 3514 animam
682 3459 960 3513 reddunt:
995 3458 1087 3513 alii
1119 3475 1256 3515 vero
1281 3460 1333 3514 in
1363 3460 1480 3528 ipso
1502 3459 1614 3530 jam
1643 3475 1862 3514 coronae
1892 3458 2040 3514 aditu
2086 3459 2250 3528 positi
2279 3458 2553 3527 denegant
2579 3458 2760 3524 tidem,
2789 3474 2952 3528 quam
2989 3473 3162 3526 usque
3183 3457 3268 3511 'ad
3303 3466 3533 3512 mortem
3575 3472 3705 3525 pro-

413 3560 712 3620 posuerant
740 3550 1015 3605 conﬁteri.
1058 3549 1125 3605 Et
1153 3552 1254 3604 hoc
1287 3568 1393 3606 non
1418 3553 1607 3621 utique
1650 3549 2022 3604 diminutione
2062 3549 2329 3618 propositi
2379 3547 2684 3618 patiuntur,
2718 3547 2815 3602 sed
2849 3547 2900 3600 vi
2933 3545 3139 3600 doloris
3165 3545 3330 3599 nimia
3364 3553 3418 3598 et
3448 3545 3708 3600 intolera-

411 3642 504 3697 bili
539 3642 808 3713 superati.
836 3641 894 3696 Si
927 3657 1058 3710 ergo
1090 3643 1143 3697 in
1177 3644 1277 3698 bac
1309 3643 1571 3714 praesenti
1609 3643 1722 3696 vita
1757 3651 1864 3695 tam
1899 3640 2279 3695 intolerabiles
2325 3651 2457 3697 sunt
2496 3655 2788 3710 pinnarum
2835 3639 3076 3701 dolores,
3103 3637 3232 3707 quid
3267 3637 3564 3707 putandum
3602 3647 3703 3699 est,

411 3751 536 3790 cum
569 3752 675 3792 non
699 3737 810 3806 jam
837 3737 1102 3792 crassiori
1128 3739 1312 3792 anima
1343 3747 1530 3793 utetur
1570 3738 1914 3802 indumento,
1945 3735 2040 3791 sed
2067 3751 2190 3790 cum
2226 3735 2278 3789 id
2317 3736 2610 3805 spirituale
2645 3734 2902 3792 eﬂ'ectum
2926 3749 2994 3789 ex
3022 3733 3430 3789 resurrectione
3458 3731 3705 3800 recipiet,

409 3841 462 3884 et
494 3844 559 3883 eo
595 3831 986 3886 vehementius
1023 3832 1217 3901 utique
1248 3847 1357 3902 quo
1389 3833 1648 3888 subtilius
1677 3843 1785 3899 est,
1821 3833 2025 3886 sentiet
2050 3831 2158 3884 vim
2194 3830 2439 3886 doloris?
2477 3831 2617 3885 Puto
2662 3833 2810 3886 enim
2845 3831 2989 3900 quod
3031 3841 3236 3901 quanta
3282 3828 3592 3883 dill’erentia
3622 3838 3710 3880 est

412 3923 466 3979 in
494 3926 748 3992 praesenti
775 3924 979 3980 saeculo
1008 3927 1210 3981 nudum
1235 3929 1546 3992 verberari,
1569 3943 1736 3997 quam
1759 3926 2040 3990 vestitum,
2079 3926 2147 3979 ad
2175 3927 2625 3995 persentiendum
2666 3925 2880 3981 scilicet
2912 3927 3245 3986 cruciatum,
3279 3938 3346 3977 eo
3372 3923 3514 3991 quod
3539 3922 3708 3976 velte-

412 4021 648 4075 mentius
695 4021 896 4074 nudum
950 4036 1150 4090 corpus
1197 4024 1444 4077 crucient
1503 4025 1734 4078 verbera
1787 4036 1949 4091 quam
1992 4021 2249 4075 vestitum
2301 4038 2314 4074 :
2367 4032 2578 4075 tantum
2625 4031 2758 4089 puto
2815 4019 3051 4072 futuram
3083 4016 3443 4072 diti‘erenliam
3476 4016 3702 4078 doloris,

416 4130 541 4167 eum
571 4129 769 4183 corpus
800 4113 1096 4170 humanum
1133 4116 1519 4172 crassitudinis
1549 4114 1708 4184 hujus
1765 4115 2084 4168 indumento
2119 4111 2368 4182 deposito
2400 4114 2549 4168 velut
2580 4115 2781 4166 nudum
2809 4126 3008 4180 corpus
3041 4110 3268 4178 coeperit
3292 4109 3562 4164 sustinere
3588 4119 3702 4163 tor-

415 4220 619 4264 menta.

1008 4429 1305 4484 ΨΑΛΜΟΣ
1345 4432 1419 4483 Ζ’.

489 4524 686 4591 Κύριε,
726 4524 758 4576 ό
795 4522 940 4588 Θεός
964 4540 1106 4592 μου,
1139 4521 1237 4576 ἐπὶ
1274 4522 1372 4575 σοὶ
1417 4519 1673 4590 ἤλπισα,
1704 4521 1914 4576 σῶσόν
1939 4538 2018 4592 με

417 4617 484 4671 ἐκ
515 4617 758 4670 πάντων
787 4615 905 4670 τῶν
933 4616 1272 4669 διωκόντων
1298 4633 1396 4684 με,
1434 4615 1534 4670 καὶ
1559 4615 1750 4683 ῥῦσαί
1775 4607 1873 4685 με,
1901 4615 2019 4686 μή·

414 4725 560 4762 ποτε
591 4707 841 4776 ἁρπάσῃ
875 4709 957 4774 ὡς
998 4707 1157 4763 λέων
1184 4706 1301 4775 τὴν
1340 4707 1551 4776 ψυχήν
1584 4725 1726 4776 μου,
1771 4725 1825 4760 κ.
1875 4725 1926 4762 τ.
1965 4709 2014 4762 ἐ.

414 4801 550 4854 Καθ’
574 4801 802 4852 ἕκαστον
824 4799 934 4870 (42)
955 4800 1063 4853 τῶν
1083 4800 1175 4852 ἐπὶ
1195 4798 1440 4872 ἁμαρτίᾳ
1463 4797 1795 4870 ὲρεοισμῶν,
1822 4799 2015 4852 διωκό-

422 4888 561 4960 μεθα
592 4889 696 4941 ὑπὸ
747 4886 838 4941 τοῦ
879 4885 1231 4960 ἐνεργοῦντος
1278 4888 1337 4940 τὸ
1387 4886 1653 4958 ὲρεθίζον.
1706 4887 1907 4958 Διόπερ
1945 4890 2010 4941 ὲκ

400 4981 604 5035 ’τούτου
647 4981 757 5035 νόει
798 4982 911 5034 ὅσοι
957 4979 1211 5033 διώκουσι
1264 4980 1355 5032 τὸν
1405 4977 1712 5049 ἄνθρωπον,
1749 4980 1808 5046 ἐξ
1857 4971 1931 5032 ὧν
1983 4979 2011 5031 ὁ

414 5073 700 5145 Προφήτης
751 5070 1018 5143 ῥυσθῆναι
1079 5069 1320 5141 εὔχεται,
1368 5070 1415 5122 εί
1469 5070 1544 5141 μὴ
1603 5069 1849 5142 ῥυσθείη,
1903 5069 2010 5141 τῆς

413 5165 592 5237 ψυχῆς
630 5165 793 5220 αὐτοῦ
841 5165 916 5227 ὼς
946 5163 1052 5216 ὑπὸ
1080 5163 1294 5223 λέοντος
1321 5161 1839 5234 ἁρπασθησομένης.

489 5261 667 5326 Κύριε
697 5261 729 5312 ό
772 5259 916 5322 Θεός
953 5274 1094 5327 μου,
1132 5259 1183 5310 εὶ
1225 5257 1485 5323 ἐποίησα
1517 5255 1712 5318 τοῦτο,
1754 5259 1806 5309 εἱ
1837 5256 2011 5310 ἐστιν

414 5351 618 5406 ἀδικία
674 5351 744 5404 ἐν
792 5350 966 5420 χερσί
1019 5368 1161 5420 μου,
1220 5368 1274 5404 κ.
1313 5367 1365 5402 τ.
1414 5351 1460 5403 ἐ.
1511 5351 1656 5421 Πρὸς
1703 5351 2011 5422 ἀμνησικα-

483 5487 529 5518 ⁸¹
558 5485 700 5542 Psal.
738 5501 820 5551 ut,
851 5487 904 5540 5.

490 5600 602 5670 (5.9)
645 5601 707 5670 ,Ὁ
736 5600 855 5654 τῶν
882 5602 1234 5663 κλαιόντων,
1263 5610 1366 5655 etc.
1398 5601 1716 5655 Cordcrius.

485 5669 596 5739 (39)
639 5669 701 5725 Ἠ
727 5671 1011 5739 αἰσχύνη,
1043 5679 1146 5724 etc.
1177 5671 1402 5726 Scliedae
1437 5671 1658 5735 Grabii,
1702 5673 1998 5729 Barbarus.

415 5735 597 5861 rug0)
634 5741 776 5797 Ἐὰν
806 5735 1168 5812 νικήσωμεν,
1196 5751 1301 5798 etc.
1325 5741 1552 5798 Scheda:
1577 5743 1784 5807 Grabii,
1811 5742 2004 5800 Barba-

2682 4427 3004 4484 I’SALMUS
3043 4427 3151 4483 VII.

2195 4521 2362 4576 Vens.
2389 4521 2445 4585 2,
2471 4518 2525 4574 3.
2560 4519 2784 4574 Domine
2817 4520 2954 4574 Deus
2983 4537 3150 4585 meus,
3190 4520 3244 4575 in
3273 4527 3321 4574 te
3342 4520 3569 4588 speravi,
3597 4522 3708 4575 sa!-

2121 4629 2237 4666 cum
2264 4611 2341 4666 nie
2363 4611 2450 4680 [ac
2472 4629 2536 4666 ea:
2569 4613 2810 4666 omnibus
2861 4613 3291 4682 persequentibus
3323 4628 3427 4679 me,
3455 4621 3502 4666 et
3542 4613 3707 4667 libera

2120 4724 2222 4772 me,
2266 4723 2328 4760 ne
2382 4706 2593 4776 quando
2641 4707 2815 4774 rapiat
2848 4715 2900 4758 ut
2943 4706 3022 4759 leo
3075 4705 3307 4758 animam
3353 4721 3542 4767 meam,
3597 4715 3706 4760 etc.

2121 4799 2347 4865 Quoties
2374 4800 2439 4851 ad
2480 4807 2762 4867 peccatum
2808 4797 3121 4861 incitamur,
3158 4797 3322 4850 t0ties
3361 4811 3617 4865 urgemur
3638 4799 3709 4850 ab

2120 4905 2184 4943 co
2212 4891 2302 4960 qui
2343 4888 2505 4944 eﬂicit
2551 4891 2992 4945 incitamentum.
3042 4887 3390 4958 Quapropter
3437 4889 3564 4943 hinc
3618 4889 3706 4942 in-

2118 4985 2298 5054 tellige
2325 4992 2456 5054 quot
2515 4993 2898 5053 persecutores
2941 4984 3134 5038 habent
3185 4985 3346 5038 homo
3400 4983 3703 5052 exquibus

2118 5076 2342 5130 liberari
2386 5092 2445 5129 se
2479 5086 2605 5130 orat
2639 5073 2929 5146 Propheta,
2971 5077 3124 5146 cujus
3158 5077 3361 5140 anima,
3395 5075 3446 5128 ni
3477 5075 3709 5131 liberata

2115 5167 2302 5230 fuerit,
2335 5168 2498 5222 veluti
2533 5168 2601 5223 ab
2635 5171 2790 5223 leone
2813 5168 3121 5223 devorando
3157 5169 3248 5222 sit.

2193 5259 2356 5313 Vsus.
2397 5258 2454 5312 4.
2495 5257 2718 5312 Domine
2754 5259 2891 5312 Deus
2942 5277 3104 5321 meus,
3139 5261 3184 5312 si
3215 5259 3316 5328 feci
3346 5257 3512 5322 istud,
3549 5256 3596 5310 si
3632 5269 3708 5309 est

2119 5355 2369 5416 iniquitas
2397 5356 2448 5405 in
2471 5355 2710 5406 inanibus
2737 5355 2887 5415 meis,
2905 5363 3010 5407 etc.
3029 5354 3106 5406 Ad
3133 5352 3452 5418 injuriarum
3468 5350 3708 5406 oblivio-

2187 5606 2298 5679 (41)
2331 5607 2676 5676 Desumptum
2705 5615 2784 5660 est
2819 5606 2919 5659 hoc
2951 5607 3315 5673 fragmentum
3345 5617 3411 5658 ex
3438 5602 3702 5678 Apologia

2113 5700 2380 5770 Pamphili
2414 5699 2668 5768 martyris
2697 5714 2791 5767 pro
2832 5696 3076 5768 Origene.

2187 5812 2300 5875 tit!)
2333 5813 2474 5868 Καθ’
2500 5811 2782 5874 ἕκαστον.
2819 5819 2927 5867 etc.
2956 5809 3136 5866 Codex
3171 5809 3306 5867 Roc.
