4100 6392
425 397 563 450 1Π9

1841 385 1934 434 ΕΛ
1973 382 2278 437 υκιῡειιε

3568 387 3748 442 ιιεο·

426 533 551 571 nem
577 514 707 570 utile
739 523 824 568 est
844 512 948 567 hoc
977 511 1210 567 dictutn.
1246 509 1303 565 Si
1348 507 1476 574 feci,
1503 506 1705 577 inquit,
1729 506 1876 575 quod
1910 519 2004 574 pa-

2115 503 2233 557 κίαν
2252 503 2652 576 (45)χρὴσιμον
2675 504 2736 557 τὸ
2767 505 2951 576 ῥητόν.
2974 504 3037 559 El
3056 505 3306 576 ἐποίησα,
3325 508 3479 576 φησὶ,
3498 506 3656 561 τοῦτο
3679 510 3706 561 δ

427 612 569 666 tior:
602 611 646 664 si
672 608 940 664 iusurrexi
970 605 1236 660 adversus
1287 613 1521 673 patrem,
1560 611 1654 655 aut
1687 602 1868 671 inique
1899 601 2006 670 egi.

423 700 681 771 Proponit
715 700 860 752 enim
890 697 1214 766 iujuriarum
1256 693 1414 764 581
1463 694 1820 757 oblivionem,
1872 691 2010 746 divi-

425 807 551 845 nam
583 791 848 843 invocans
893 786 1350 842 misericordiam.

499 881 660 935 Vens.
693 882 748 936 5.
793 881 848 934 Si
882 880 1090 934 reddidi
1125 878 1536 931 retribuentibus
1559 877 1692 930 mihi
1723 875 1892 940 mala,
1918 876 2012 930 de-

423 977 597 1028 cidunt
629 976 816 1028 merito
850 974 913 1027 ab
943 974 1172 1026 inimicis
1205 973 1334 1025 meis
1367 971 1564 1033 inanis,
1608 980 1713 1024 etc.
1744 970 1851 1024 Lex
1889 979 2009 1022 tau—

423 1082 586 1135 quam
623 1069 947 1135 paedagogus
985 1073 1042 1118 ut
1069 1063 1308 1134 parvulis
1351 1061 1444 1131 qui
1473 1061 1650 1116 adhuc
1685 1061 2011 1115 erudiuntur

424 1161 654 1214 reddere
709 1159 848 1212 mala
890 1160 1176 1225 permittit,
1210 1167 1264 1209 at
1314 1155 1402 1208 hic
1454 1169 1558 1207 non
1611 1154 1843 1220 amplius
1892 1164 2011 1208 erat

424 1252 683 1320 parvulus
739 1253 792 1306 in
834 1251 1052 1306 Christo
1081 1291 1096 1315 ,
1149 1251 1246 1305 sed
1285 1250 1394 1318 jam
1446 1247 1528 1300 vir
1569 1247 1790 1314 quidam
1843 1262 2009 1300 evan-

426 1347 655 1417 gelicus.
712 1365 730 1398 ι
796 1345 1048 1398 Decidam
1107 1343 1331 1396 merito.
1387 1359 1406 1392 ι
1443 1338 1632 1393 Justus
1679 1337 1854 1392 victor
1898 1338 2009 1407 ple-

427 1453 530 1492 nus
585 1440 654 1492 ab
722 1439 960 1492 inimicis
1027 1437 1342 1505 egreditur,
1407 1433 1579 1485 malus
1644 1448 1771 1486 vero
1835 1432 2011 1486 victus

427 1532 632 1585 decidit
664 1532 730 1586 ab
771 1532 878 1584 illis
922 1529 1130 1593 inanis,
1167 1543 1266 1581 nec
1307 1525 1474 1579 ullam
1509 1523 1677 1579 habet
1711 1524 2006 1594 plenitudi-

427 1639 574 1676 IICIII.

499 1713 774 1782 Ejusdem.
821 1712 1002 1766 Inanis
1055 1721 1141 1765 est
1193 1711 1285 1780 qui
1338 1726 1443 1764 nou
1481 1711 1606 1764 dicit
1645 1711 1737 1764 ⁸³ε
1781 1728 1799 1761 ι
1850 1709 1914 1763 Et
1943 1709 2008 1763 de

426 1803 762 1872 plenitudine
807 1804 926 1874 ejus
958 1817 1060 1857 nos
1087 1818 1278 1856 omnes
1309 1803 1643 1870 accepimus.
1684 1821 1702 1853 ι
1741 1801 1842 1868 Qui
1877 1816 2006 1856 vero

2117 599 2330 669 πάσχω·
2362 602 2408 653 εί
2441 599 2744 670 ἐπανέστην
2772 599 2847 669 τῷ
2876 601 3064 671 πατρὶ,
3091 600 3123 671 ἦ
3159 601 3540 672 παρενόμησα.
3569 603 3707 675 Προι-

2117 692 2371 746 6άλλεται
2410 693 2521 766 γὰρ
2561 693 2623 745 τὸ
2662 693 3059 764 ἀμνησίκακον,
3105 693 3196 746 τδν
3241 692 3334 746 τοῦ
3382 692 3516 746 Θεοῦ
3557 693 3707 748 ἐλιον

2117 785 2350 840 ἐκκαλού
2360 803 2538 857 μενος.

2187 881 2258 932 El
2287 877 2677 932 ἀνταπέδωκα
2718 876 2842 942 τοῖς
2869 875 3344 930 ἀνταποδιδοῦσί
3381 893 3484 945 μοι
3521 877 3704 939 κακὰ,

2117 969 2477 1038 ἀποπέσοιμι
2502 968 2616 1036 ἄρα
2636 969 2751 1023 ἀπὸ
2771 968 2890 1022 τῶν
2907 968 3135 1037 ἐχθρῶν
3150 987 3270 1039 μου
3292 969 3490 1035 κενὸς,
3511 987 3563 1022 κ.
3580 986 3630 1022 τ.
3655 970 3702 1024 ἐ.

2117 1061 2180 1115 Ei
2216 1063 2244 1114 ὁ
2277 1061 2622 1129 παιδαγωγὸς
2665 1062 2828 1131 νόμος
2860 1061 2970 1132 (44)
2990 1065 3262 1133 συγχωρεῖ
3291 1062 3705 1116 ἀνταποδιδόναι

2119 1153 2285 1216 κακὰ,
2303 1153 2378 1215 ὠς
2393 1153 2608 1224 νηπίοις
2633 1157 2744 1218 τοῖς
2760 1154 3296 1225 παιδαγωγουμένοις
3310 1154 3408 1218 ἔτι,
3437 1148 3590 1220 οὗτος
3604 1157 3705 1209 οὐκ

2118 1247 2198 1301 ἔτι
2229 1250 2420 1319 νήπιος
2446 1244 2514 1319 ἦν
2538 1251 2595 1300 ἐν
2616 1248 2858 1321 Χριστῷ,
2874 1248 2988 1302 ἀλλ’
3004 1248 3189 1301 ἔκτοτε
3221 1249 3574 1317 εύαγγελικός
3597 1266 3702 1312 τις.

2124 1359 2140 1390 ι
2167 1339 2527 1410 ’Λποπέσοιμι
2556 1339 2684 1410 ἄρα.
2731 1360 2748 1390 ι
2794 1341 2853 1393 '0
2885 1340 2983 1410 μὲν
3010 1339 3234 1404 δίκαιος,
3279 1341 3528 1411 νικήσας,
3565 1339 3703 1408 πλή-

2120 1447 2219 1501 ρης
2253 1430 2362 1484 ὰπδ
2402 1430 2511 1483 τῶν
2561 1430 2769 1502 ἐχθρῶν
2819 1429 3134 1501 ἐξέρχεται·
3179 1431 3208 1481 ὁ
3257 1429 3312 1482 δὲ
3355 1429 3578 1498 φαῦλος,
3627 1428 3705 1492 ὡς

2115 1522 2381 1593 νικηθεὶς,
2426 1522 2724 1576 ἀποπίπτει
2755 1521 2934 1576 αὐτῶν
2988 1522 3165 1587 κενὸς,
3215 1521 3312 1575 καὶ
3355 1502 3506 1575 ούδέν
3564 1521 3706 1592 ἔχων

2118 1614 2504 1686 πληρώματος.

2193 1708 2303 1762 Τοῦ
2354 1707 2562 1763 αὑτοῦ.
2601 1707 2772 1772 Κενός
2801 1711 2948 1762 ἐστιν
2990 1709 3018 1762 ὁ
3051 1707 3124 1781 μὴ
3167 1707 3381 1778 λέγων’
3425 1727 3444 1760 ι
3491 1709 3705 1764 Kal-sx

2115 1799 2209 1854 τοῦ
2242 1799 2612 1872 πληρώματος
2665 1799 2833 1853 αὐτοῦ
2885 1803 3046 1872 ἡμεῖς
3094 1800 3296 1864 πάντες
3345 1799 3632 1870 ἐλάϐομεν.
3678 1819 3702 1851 r

424 1895 688 1962 ejuSutodi
723 1906 872 1959 sunt,
905 1897 1204 1950 arundines
1256 1897 1421 1948 etiam
1475 1906 1764 1959 vocantur,
1801 1910 1922 1963 quae
1955 1897 2005 1948 iu

2115 1892 2174 1942 υἱ
2227 1889 2284 1942 δὲ
2327 1890 2556 1944 τοιοῦτοι
2589 1892 2684 1944 καὶ
2732 1891 2968 1962 κάλαμοι
3012 1891 3260 1960 λέγονται
3309 1890 3602 1962 τρέφοντες
3643 1891 3703 1943 ἐν

425 2003 484 2041 se
533 1987 820 2040 enutriunt
873 1986 1063 2054 feras,
1128 1987 1195 2041 de
1254 1987 1454 2056 quibus
1499 1986 1703 2038 dictum
1755 1997 1841 2040 est
1891 1987 1938 2018 ’δ
1993 2003 2006 2040 :

427 2099 446 2130 ι
495 2079 722 2147 lncrepa
776 2080 920 2134 feras
970 2079 1274 2134 arundinis.
1339 2098 1356 2130 ι
1416 2079 1542 2137 Ει,ι
1594 2077 1875 2143 Diabolus,
1923 2078 2007 2132 in-

423 2173 543 2241 quit
571 2171 670 2226 Job
704 2173 773 2236 ⁸⁸,
811 2172 1012 2226 dormit
1036 2171 1192 2241 juxta
1223 2187 1513 2240 papyrum,
1543 2181 1594 2226 et
1630 2171 1926 2237 calamum,
1955 2182 2010 2226 et

423 2272 723 2317 curectum.
777 2281 797 2314 ι
845 2260 962 2330 Ipse
1005 2263 1150 2316 enim
1187 2277 1277 2314 rex
1313 2271 1394 2314 est
1422 2275 1612 2314 eorum
1641 2276 1758 2329 quae
1793 2272 1920 2318 sunt
1955 2263 2006 2316 in

423 2353 600 2422 aquis.

503 2445 663 2497 Vens.
705 2443 756 2496 6.
792 2441 1152 2514 Perscqnatnr
1183 2443 1429 2497 inimicus
1466 2446 1699 2498 animam
1733 2461 1926 2509 meam,
1961 2455 2008 2499 et

425 2536 852 2603 comprehendat,
879 2546 927 2589 et
957 2535 1228 2588 conculcet
1259 2535 1314 2588 in
1363 2545 1502 2587 terra
1538 2537 1704 2588 vitam
1735 2552 1923 2597 meum,
1959 2547 2007 2590 et

423 2626 649 2694 gloriam
687 2643 856 2680 meam
897 2627 952 2679 in
979 2626 1247 2694 pulverem
1292 2626 1544 2689 deducat,
1593 2635 1703 2682 etc.
1740 2626 1858 2680 Vita
1890 2627 2008 2696 ejus

423 2716 513 2784 qui
551 2718 729 2772 adhuc
755 2718 954 2772 terreni
989 2717 1282 2786 imaginem
1309 2728 1512 2785 portat,
1547 2719 1599 2771 in
1634 2730 1840 2772 terram
1881 2735 2012 2772 con-

421 2807 678 2862 culcatur
708 2810 774 2862 ab
802 2809 1040 2863 inimico.
1087 2807 1215 2876 Ejus
1261 2807 1435 2877 gloria
1465 2809 1568 2862 etsi
1591 2807 1865 2863 celebrari
1903 2809 2007 2862 ali-

422 2900 643 2970 quando
693 2900 964 2962 videatur,
998 2900 1050 2953 in
1101 2898 1378 2968 pulverem
1409 2908 1594 2952 tamen
1641 2900 1870 2953 deducta
1902 2911 2006 2965 est,

424 3008 527 3046 uou
560 3007 718 3048 secus
765 3007 828 3047 ac
872 3009 1061 3047 eorum
1115 2991 1284 3061 gloria
1330 2992 1423 3059 qui
1465 2991 1740 3060 quidpiam
1777 2992 2009 3056 faciunt,

422 3097 479 3136 ut
511 3083 737 3152 gloriam
769 3095 824 3139 et
860 3085 1073 3138 lattdem
1129 3083 1268 3153 vulgi
1303 3094 1520 3153 captent
1553 3093 1608 3138 et
1643 3083 1711 3139 ab
1768 3084 1872 3138 illis
1900 3099 1998 3154 ap-

425 3179 750 3245 probentur.

494 3268 661 3322 Vens.
697 3269 749 3322 7.
794 3267 1057 3336 Exsurge,
1081 3268 1325 3331 Domine,
1349 3272 1402 3323 in
1425 3273 1504 3324 ira
1536 3283 1650 3336 tua,
1679 3282 1727 3323 et
1767 3270 2005 3325 exaltare

419 3363 474 3414 in
527 3363 725 3428 ﬁnibus
777 3362 1117 3414 inimicorum
1165 3379 1397 3414 meorum
1426 3403 1440 3426 ,
1489 3377 1596 3418 etc.
1640 3365 1782 3418 Istud
1834 3381 1852 3414 ι
1904 3379 2005 3416 ex-

421 3467 605 3522 surge,
666 3472 686 3503 ι
749 3468 853 3506 non
906 3469 1194 3521 corporeo,
1249 3456 1342 3506 sed
1385 3472 1450 3507 eo
1495 3456 1873 3522 accipiendum
1922 3463 2003 3508 est

421 3558 585 3599 sensu
661 3542 755 3611 qui
818 3542 1116 3596 vindictam
1175 3553 1231 3597 et
1304 3544 1732 3598 internecionem
1791 3544 2005 3613 signiﬁ-

421 3645 527 3692 cet.

497 3727 772 3798 Ejusdem.
825 3724 881 3778 Si
928 3725 1008 3780 ira
1043 3724 1138 3784 Dei
1182 3723 1411 3792 corripit
1445 3739 1542 3778 eos
1574 3723 1662 3790 qui
1691 3724 1811 3794 ejus
1835 3725 2007 3779 verbo

422 3819 626 3888 corripi
663 3816 972 3882 noluerunt,
1007 3816 1053 3872 is
1077 3817 1175 3885 qui
1206 3817 1323 3871 hate
1374 3817 1530 3882 dicit,
1567 3816 1858 3872 uouuullos
1887 3831 2010 3870 cor-

426 3909 530 3978 ripi
561 3918 739 3978 rogat.
781 3907 1008 3973 Quando
1043 3923 1174 3963 vero
1216 3907 1376 3962 linem
1413 3923 1477 3962 ac
1525 3908 1822 3963 terminum
1847 3922 2007 3961 acce-

425 4001 567 4070 perit
622 3999 934 4065 inimicitia,
980 3999 1215 4054 inimicis
1264 3999 1470 4055 Christi
1514 3999 1626 4068 jam
1685 3998 1907 4063 deletis,
1952 3998 2004 4050 in

422 4091 558 4160 ipsis
588 4090 939 4145 inimicorum
996 4090 1198 4146 ﬁnibus
1237 4090 1498 4146 Dominus
1536 4089 1831 4154 exaltatur,
1869 4098 1922 4142 et
1950 4088 2003 4142 in

421 4186 666 4255 quolibet
699 4200 886 4240 eorum
923 4185 1015 4255 qui
1060 4196 1281 4254 propter
1328 4179 1596 4239 malitiam
1649 4183 1872 4240 Christo
1909 4182 2008 4236 iui-

422 4279 547 4332 tnici
596 4288 777 4344 erant,
833 4279 1095 4332 Dominus
1143 4277 1463 4342 extollitur,
1500 4277 1791 4332 inimicitia
1839 4275 2003 4330 [luem

420 4370 670 4437 capiente
697 4409 710 4432 ,
741 4379 910 4437 atque
946 4369 1398 4424 reconciliatione
1446 4369 1805 4436 amicitiaque
1850 4380 2006 4422 exor-

419 4461 622 4518 diente.
661 4459 855 4516 Simile
884 4461 1015 4530 quid
1046 4463 1196 4517 dices
1229 4473 1286 4517 et
1319 4463 1385 4516 de
1418 4461 1657 4516 inimicis
1698 4460 1857 4531 justi.

494 4645 660 4698 Vnus.
693 4643 744 4697 8.
781 4643 1043 4713 Exsurge,
1079 4642 1302 4696 Domine
1360 4642 1500 4694 Deus
1540 4657 1684 4694 nteus
1709 4680 1723 4705 ,
1767 4642 1822 4693 in
1867 4657 2006 4710 pra:-

420 4745 569 4800 cepto
615 4731 754 4800 quod
789 4732 1080 4795 mandasti,
1125 4740 1173 4782 et
1214 4746 1484 4800 synagoga
1528 4729 1846 4799 populorum
1894 4733 2004 4785 cir-

421 4822 688 4876 cumdabit
720 4831 787 4884 te,
822 4833 928 4875 etc.
960 4821 1124 4888 Quasi
1172 4822 1337 4886 dicat,
1383 4822 1517 4875 Cum
1546 4833 1818 4891 praecepto
1857 4824 2001 4893 quod

423 4915 712 4980 mandasti,
735 4929 992 4985 exsurge,
1015 4915 1306 4969 declarans
1331 4915 1462 4970 illud
1495 4916 1862 4984 potestatibus
1881 4932 2003 4987 qua:

425 5007 746 5078 populorum
801 5022 1097 5078 synagoga:
1152 5016 1206 5062 te
1260 5009 1634 5064 circumdauli
1702 5009 2001 5079 adiutrices

423 5110 576 5159 sunt.

495 5196 658 5254 Vens.
693 5195 748 5262 8,
782 5195 836 5250 9.
879 5194 945 5249 Et
973 5205 1186 5264 prapter
1222 5195 1357 5250 hanc
1398 5198 1453 5250 in
1499 5197 1670 5252 altum
1704 5203 2000 5270 regredere.

425 5289 679 5344 Dominus
721 5289 936 5359 judicat
987 5289 1233 5359 populos,
1281 5299 1392 5344 etc.
1430 5291 1483 5343 In
1518 5293 1690 5347 altum
1738 5297 1881 5351 unde
1907 5296 2005 5350 de-

420 5381 700 5449 scendisti,
726 5382 1013 5452 regredere
1049 5392 1167 5450 post
1201 5386 1675 5440 resurrectionem.

487 5476 534 5509 ³³
558 5475 716 5532 Joan.
747 5495 786 5543 ι,
830 5477 916 5534 lli.
991 5477 1038 5508 ⁸⁵
1071 5477 1212 5531 Psal.
1243 5494 1412 5541 uvu,
1443 5478 1533 5533 5|.
1608 5483 1652 5512 ⁸⁵
1678 5480 1797 5536 Job.
1838 5499 1924 5543 XL,
1957 5480 2044 5536 16.

425 5568 788 5695 ἢέἄδῃΐζέρὸς
828 5572 1294 5642 ἁμνησικακίαν,
1344 5583 1450 5628 etc.
1511 5573 1736 5630 Schedae
1785 5575 1998 5644 Grahii,

494 5707 605 5778 (44)
631 5711 700 5784 E_l
726 5713 758 5762 ό
777 5711 1154 5784 ’παιδαγωγὸς
1185 5716 1388 5784 νόμος,
1419 5725 1523 5770 etc.
1551 5715 1761 5770 Eaedem
1789 5717 2002 5772 schedm

425 5793 556 5830 mss.
585 5790 638 5830 et
667 5779 958 5836 Barbarus.

499 5846 610 5916 (65)
647 5849 712 5903 ’11
741 5847 857 5918 ζωὴ
883 5851 1019 5916 τοῦ,
1053 5863 1156 5909 etc.
1194 5855 1402 5909 Ειυιιυιιι
1437 5856 1668 5924 schcda',
1709 5856 1997 5914 Barbarus.

2114 1984 2329 2046 ἑαυτοῖς
2359 1983 2547 2055 θηρία,
2580 1984 2710 2057 περὶ
2739 1978 2816 2039 ὧν
2839 1983 3086 2057 εἴρηται·
3131 2004 3148 2035 ι
3195 1984 3550 2056 Ἐπιτίμησον
3589 1987 3703 2048 τοῖς

2112 2074 2324 2148 θηρίοις
2356 2077 2626 2149 καλάμου.
2670 2098 2688 2130 ι
2722 2079 2854 2144 Καὶ,
2893 2096 2911 2129 ι
2951 2079 3012 2132 '0
3041 2077 3290 2142 διάϐολος
3313 2078 3369 2130 δὲ
3407 2077 3560 2149 παρὰ
3592 2077 3700 2130 πά-

2113 2186 2283 2240 πυρον
2307 2172 2588 2242 κοιμᾶται,
2617 2195 2634 2224 ι
2665 2171 2830 2243 φησὶν
2861 2173 2889 2224 ὁ
2926 2170 3068 2236 Ἰὼϐ,
3113 2190 3130 2222 ι
3174 2171 3269 2224 καὶ
3293 2169 3575 2241 βούτομον,
3608 2170 3703 2224 καὶ

2114 2260 2378 2332 κάλαμον.
2422 2279 2442 2314 s
2489 2262 2678 2326 Ἀὐτὸς
2708 2262 2818 2334 γάρ
2867 2264 2983 2316 ἐστι
3026 2260 3280 2332 βασιλεὺς
3325 2261 3434 2314 τῶν
3485 2264 3542 2314 ἐν
3588 2263 3701 2323 τοῖς

2113 2353 2290 2407 ὕδασι.

2182 2447 2552 2512 Καταδιώξαι
2577 2447 2692 2515 ἄρα
2722 2450 2755 2500 ό
2781 2447 2997 2515 ἐχθρὸς
3020 2447 3136 2514 τὴν
3167 2446 3381 2516 ψυχήν
3411 2465 3553 2516 μου,
3603 2445 3698 2499 καὶ

2113 2541 2457 2602 καταλάϐοι,
2514 2539 2614 2592 καὶ
2659 2539 3083 2604 καταπατῆσαι
3125 2541 3212 2604 εἰς
3257 2538 3376 2607 γῆν
3403 2538 3516 2605 τὴν
3543 2537 3703 2602 ζωήν

2104 2651 2246 2703 μου,
2273 2632 2369 2686 καὶ
2401 2631 2516 2699 τὴν·
2540 2631 2731 2694 δόξαν
2756 2648 2876 2699 μου
2904 2633 2992 2695 εἰς
3028 2629 3183 2699 χοῦν
3213 2630 3698 2696 κατασκηνώσαι,

2111 2743 2164 2779 κ.
2199 2743 2245 2778 τ.
2281 2725 2326 2778 ἐ.
2367 2725 2432 2776 'H
2463 2721 2576 2794 ζωὴ
2618 2721 2727 2794 (45)
2771 2721 2866 2775 τοῦ
2899 2720 2980 2774 ἔτι
3008 2721 3107 2792 τὴν
3147 2720 3330 2773 εἰκόνα
3377 2719 3472 2772 τοῦ
3512 2720 3698 2789 χοϊκοῦ

2112 2817 2407 2890 φοροῦντος
2439 2815 2902 2885 καταπεπάτηται
2936 2813 3042 2867 ὑπὸ
3087 2811 3182 2866 τοῦ
3223 2810 3416 2884 ἐχθροῦ
3461 2813 3539 2870 εἰς
3571 2811 3696 2882 γῆν.

2112 2906 2280 2972 Οὗτος
2311 2909 2389 2972 δὲ,
2413 2907 2518 2962 κᾶν
2547 2905 2866 2973 δοξάζεσθαι
2905 2921 3035 2958 ποτε
3086 2904 3240 2974 δοκῇ,
3281 2903 3698 2972 κατεσκήνωσεν

2111 2999 2276 3056 αὑτοῦ
2302 3002 2336 3072 ἡ
2369 2999 2497 3067 δόξα
2530 3001 2608 3063 εἰς
2644 2997 2796 3068 χοῦν,
2823 2997 2899 3060 ὡς
2928 2996 3039 3048 τῶν
3072 2993 3369 3048 ποιούντων
3397 3011 3448 3046 τι
3489 2993 3577 3046 διὰ
3615 2993 3701 3046 δό-

2114 3095 2209 3161 ξαν
2238 3094 2332 3148 καὶ
2365 3093 2457 3147 τὸν
2498 3092 2649 3164 παρὰ
2682 3089 2896 3144 πολλῶν
2942 3088 3184 3150 ἔπαινον,
3219 3086 3252 3158 ἢ
3302 3084 3402 3155 τὴν
3437 3083 3568 3154 παρ’
3598 3083 3700 3138 αύ-

2111 3183 2222 3238 τῶν
2247 3183 2544 3254 ἀποδοχήν.

2197 3273 2529 3342 Ἀνάστηθι,
2581 3272 2783 3340 Κύριε,
2817 3270 2890 3323 ὲν
2934 3266 3083 3338 ὀργῇ
3133 3281 3274 3330 σου,
3326 3264 3595 3334 cap-diana
3632 3263 3702 3316 ἐν

2115 3365 2240 3431 τοῖς
2281 3364 2499 3432 πέρασι
2528 3361 2649 3416 τῶν
2685 3359 2915 3430 ἐχθρῶν
2949 3378 3092 3429 μου,
3130 3377 3184 3412 κ.
3220 3376 3271 3411 τ.
3316 3359 3364 3411 ἐ.
3403 3357 3478 3410 Οὐ
3517 3374 3703 3426 σωμα-

2112 3456 2280 3519 τικῶς
2311 3455 2421 3524 (46)
2447 3454 2667 3524 νοητέον
2688 3453 2766 3518 τὸ,
2781 3474 2798 3503 ι
2828 3452 3152 3519 ἀναστῆναι,
3178 3471 3194 3501 ι
3213 3450 3348 3503 ἀλλὰ
3370 3449 3432 3502 τὸ
3452 3466 3703 3520 τιμωρη-

2113 3549 2266 3601 τικὸν
2302 3547 2395 3599 καὶ
2415 3544 2771 3598 ἀναλωτικόν.

2193 3728 2304 3784 Τοῦ
2333 3727 2540 3782 αὑτοῦ.
2573 3728 2636 3780 Εἰ
2671 3729 2704 3797 ἡ
2725 3726 2861 3800 ὀργὴ
2882 3724 2994 3797 (47)
3015 3723 3109 3778 τοῦ
3137 3723 3275 3778 Θεοῦ
3300 3723 3545 3778 παιδεύει
3576 3725 3704 3788 τοὺς

2122 3823 2196 3894 μὴ
2227 3822 2373 3893 λόγῳ
2433 3819 2790 3890 παιδευθῆναι
2839 3818 3171 3891 θελήσαντας
3223 3817 3411 3882 αὑτοῦ,
3461 3818 3490 3869 ὁ
3529 3817 3706 3870 ταῦτα

2115 3916 2291 3984 λέγων
2344 3911 2702 3983 παιδευθῆναι
2755 3928 2910 3975 τινας
2967 3909 3212 3982 εὔχεται.
3245 3911 3414 3964 Ὅταν
3452 3908 3508 3962 δὲ
3549 3909 3704 3973 τέλος

2119 4008 2214 4060 καὶ¹
2241 4006 2416 4078 πέρας
2442 4005 2643 4079 λάϐῃὴ
2688 4003 2880 4076 ἔχθρα,
2932 4003 3040 4056 τῶν
3075 4003 3285 4075 ἐχθρῶν
3323 4001 3422 4056 τοῦ
3464 4001 3702 4073 Χριστοῦ

2117 4099 2601 4172 καταργουμένων,
2644 4095 2874 4167 ὑψοῦται
2916 4097 2972 4149 ἐν
3009 4097 3196 4160 αὐτοῖς
3248 4096 3448 4166 πέρασι
3475 4095 3583 4149 τῶν
3610 4097 3702 4166 ἐχ-

2115 4192 2261 4263 θρῶν
2311 4194 2339 4246 ὁ
2390 4190 2615 4263 Κύριος,
2654 4190 2749 4244 καὶ
2783 4189 2908 4243 καθ’
2936 4187 3168 4242 ἕκαστον
3212 4187 3322 4241 τῶν
3372 4187 3458 4242 διὰ
3506 4189 3704 4252 κακίας

2115 4283 2327 4354 ἐχθρῶν
2359 4282 2596 4354 Χριστοῦ
2625 4281 2854 4352 ὑψοῦται
2893 4282 2921 4334 ὁ
2952 4279 3177 4350 Κύριος,
3217 4281 3389 4350 πέρας
3431 4279 3704 4352 λαϐούσης

2113 4376 2214 4446 τῆς
2243 4374 2463 4446 ἔχθρας,
2493 4375 2588 4428 καὶ
2617 4373 2792 4445 ἀρχὴν
2823 4372 3056 4443 ἐχούσης
3087 4372 3188 4441 τῆς
3228 4370 3576 4442 καταλλαγῆς
3607 4371 3704 4424 καὶ

2117 4465 2317 4535 φιλίας.
2345 4463 2418 4516 Τὸ
2445 4463 2502 4516 δὲ
2531 4464 2716 4534 ὅμοιον
2748 4462 2894 4533 ἐρεῖς
2928 4461 3022 4512 καὶ
3055 4460 3182 4532 περὶ
3219 4460 3327 4514 τῶν
3361 4461 3571 4533 ἐχθρῶν
3605 4461 3701 4513 τοῦ

2029 4574 2078 4629 ι)
2105 4557 2337 4618 δικαίου.

2194 4649 2580 4720 Ἐξεγέρθητι,
2632 4649 2810 4715 Κύριε
2841 4651 2874 4702 ὁ
2921 4648 3068 4714 Θεός
3119 4665 3259 4716 μου,
3314 4646 3385 4699 ἐν
3440 4644 3703 4715 προστά-

2109 4763 2282 4816 γματι
2315 4735 2364 4809 ᾧ
2390 4741 2688 4802 ἐνετείλω,
2712 4739 2811 4793 καὶ
2845 4739 3168 4809 συναγωγὴ
3204 4737 3370 4792 λαῶν
3403 4737 3702 4792 κυκλώσει

2107 4855 2202 4899 σε,
2232 4855 2284 4890 κ.
2321 4853 2372 4889 τ.
2401 4836 2446 4889 ἐ.
2493 4833 2638 4886 Ἀντὶ
2683 4831 2799 4896 τοῦ,
2830 4831 2966 4887 Μεθ’
2996 4825 3056 4887 οὗ
3091 4832 3201 4904 (48)
3230 4833 3480 4886 ἐνετείλω
3528 4849 3698 4904 προσ-

2106 4929 2384 4999 τάγματος
2436 4925 2789 4996 ἐξεγέρθητι,
2839 4927 3197 4998 προστάσσων
3251 4925 3383 4980 αὐτὸ
3436 4925 3700 4996 δυνάμεσι

2109 5020 2500 5092 συνεργούσαις
2529 5020 2596 5090 τῇ
2632 5017 2908 5093 κυκλούσῃ
2952 5036 3009 5072 σε
3053 5022 3346 5090 συναγωγῇ
3380 5017 3547 5071 λαῶν.

2175 5203 2282 5257 Καὶ
2312 5200 2464 5270 ὑπὲρ
2499 5201 2718 5270 ταύτης
2739 5203 2826 5268 εις
2863 5201 3018 5270 ὕψος
3060 5201 3450 5271 ἐπέστρεφον.
3482 5204 3696 5270 Κύριος

2109 5294 2303 5363 κρινεῖ
2336 5293 2546 5360 λαοὺς,
2591 5311 2644 5346 κ.
2677 5311 2729 5346 τ.
2767 5295 2811 5346 ὲ.
2857 5293 2951 5356 Et;
2977 5294 3038 5346 τὸ
3083 5293 3216 5364 ῦψος
3250 5295 3504 5365 (ι19)ὅθεν
3529 5313 3696 5348 κατα-

2110 5388 2380 5460 ϐέϐηκας,
2415 5385 2744 5459 ἐπίστρεψον
2781 5385 2920 5458 μετὰ
2954 5387 3053 5460 τὴν
3080 5387 3398 5443 ἀνάστασιν.

2181 5575 2293 5642 (46)
2314 5577 2396 5629 Οὐ
2427 5571 2792 5644 σωματικῶς,
2823 5585 2930 5628 etc.
2969 5574 3196 5629 Scheda:
3219 5574 3428 5630 Grahii.

2184 5646 2296 5717 (47)
2336 5650 2402 5700 Εἰ
2429 5648 2466 5713 ἠ
2497 5648 2663 5716 ὀργή,
2695 5658 2802 5717 etc.
2827 5646 3136 5717 Gortlcrius.

2149 5711 2296 5798 “(48)
2327 5711 2488 5771 Ἀντί
2520 5711 2645 5771 τοῦν
2668 5716 2808 5770 Μεθ’
2835 5711 2930 5778 οὗ,
2969 5725 3075 5769 etc.
3123 5715 3348 5769 Scheda:
3389 5730 3516 5770 mss.
3555 5715 3694 5771 Gra-

2110 5787 2297 5924 lml-lfl)
2329 5858 2433 5924 Εἰς
2459 5856 2524 5910 τὸ
2558 5856 2734 5924 ὕψος,
2769 5868 2872 5912 etc.
2902 5855 3111 5910 Eaedem
3141 5856 3372 5912 schedx.
