4100 6386
376 413 508 471 1181

1363 405 1676 461 SELECTA
1715 406 1780 460 IN
1817 405 2160 462 PSALMOS.
2203 436 2276 450 ι-
2311 403 2508 459 PSAL.
2552 403 2686 460 V'lII.

3513 404 3650 460 1189

454 531 570 588 Τοῦ
593 531 800 587 αὐτοῦ.
838 549 856 582 ι
901 531 1070 583 Ὅταν
1089 528 1308 599 ὑψωθῶ,
1335 530 1488 600 φησὶ,
1521 529 1728 590 πάντας
1749 526 1954 580 ἑλκύσω

2141 525 2418 595 Ejusdem.
2451 544 2472 579 ι
2513 526 2647 580 Cum
2671 523 2938 580 exaltatus
2971 524 3146 593 fuero,
3177 522 3352 596 inquit
3375 524 3444 590 “,
3463 526 3647 580 omnia

377 622 514 694 πρὸς
548 621 804 692 ἐμαυτόν.
844 639 864 670 ι

446 711 913 778 Συντελεσθήτω
929 711 1004 780 δὴ
1039 711 1297 779 πονηρία
1318 707 1705 780 ἁμαρτωλῶν,
1735 729 1791 763 κ.
1827 727 1880 763 τ.
1910 711 1956 762 ἑ.

379 807 546 858 Ὅταν
586 803 770 858 οὐκέτι
815 802 926 869 (50)
960 802 1250 873 ἁμαρτάνῃ
1278 819 1382 866 τις,
1417 800 1753 853 συντελεῖται
1791 799 1958 852 αὑτοῦ

377 902 410 970 ή
441 898 673 971 πονηρία
697 915 710 929 ο
748 899 781 970 ἢ
830 896 1066 970 πονηρία
1097 896 1205 950 τῶν
1255 893 1597 967 ἁμαρτωλῶν
1635 895 1663 946 ὁ
1712 892 1960 955 διάϐολός

376 993 514 1046 ἐστι.

459 1074 592 1126 Ἐὰν
637 1077 718 1142 μὴ
763 1077 1191 1146 ἑπιστραρῆτε.
1219 1074 1324 1139 ἕως
1365 1073 1484 1138 τοῦ,
1525 1073 1945 1140 καταϐήσεται,

369 1180 426 1218 κ.
460 1180 512 1217 τ.
561 1165 610 1219 ἑ.
671 1166 897 1234 Μήποτε
965 1167 1544 1238 παρασεσιωπημένως
1603 1165 1714 1236 (51)
1771 1164 1949 1218 ταῦτα

370 1257 501 1328 περὶ
544 1256 637 1311 τοῦ
666 1256 914 1310 διαϐόλου
951 1257 1183 1328 εἴρηται.
1214 1252 1382 1322 Οὗτος
1415 1257 1525 1328 γὰρ
1569 1257 1706 1329 πρὸς
1737 1255 1949 1320 τούτοις

370 1351 465 1405 καὶ
484 1350 746 1420 ῶδίνησεν
780 1351 993 1404 ἀδικίαν
1044 1351 1136 1405 καὶ
1169 1351 1237 1404 τὰ
1284 1350 1432 1420 ἑξῆς,
1468 1351 1604 1422 ὀργὴ
1643 1350 1948 1419 τυγχάνων.

383 1443 440 1495 '0
471 1442 657 1514 Πατὴρ
689 1442 744 1494 δὲ
771 1443 864 1496 τοῦ
897 1443 1169 1507 εἰπόντος·
1212 1463 1231 1495 ι
1267 1443 1407 1512 Ἐγώ
1432 1446 1547 1513 εἰμι
1574 1445 1607 1514 ἡ
1631 1443 1764 1514 ζωή,
1801 1462 1819 1493 ι
1853 1442 1952 1511 οὐχ

371 1531 648 1603 ἑτοιμάξει
675 1533 732 1584 ὲν
761 1531 838 1603 τῷ
869 1532 1008 1603 τόξῳ
1042 1533 1207 1586 αὑτοῦ
1244 1533 1413 1604 σκεύη
1465 1533 1696 1587 θανάτου
1718 1548 1731 1561 ’
1769 1530 1951 1600 τίθησι

369 1623 498 1691 γοῦν
524 1622 585 1674 τὸ
612 1621 763 1687 τόξον
795 1623 960 1676 αὑτοῦ
999 1626 1055 1677 ἐν
1090 1627 1154 1695 τῇ
1188 1624 1407 1696 νεφέλῃ,
1454 1623 1542 1676 ἵνα
1579 1624 1652 1694 μὴ
1695 1621 1952 1694 ἐπαγάγῃ

372 1713 514 1784 ὓδωρ
547 1712 932 1783 κατακλυσμοῦ
975 1714 1068 1766 ἐπὶ
1103 1716 1200 1786 τὴν
1243 1715 1367 1784 γῆν.
1404 1715 1494 1767 Διὸ
1541 1714 1669 1786 περὶ
1701 1711 1795 1766 τοῦ
1838 1712 1952 1764 δια-

371 1802 526 1856 ϐόλου
575 1803 748 1857 ταῦτα
787 1804 1042 1873 λέγεσθαι
1076 1805 1377 1876 νομιστέον.
1425 1805 1535 1859 Καὶ
1580 1803 1950 1875 πεπυρωμένα

2070 619 2281 672 trabam
2315 620 2382 671 ad
2415 634 2500 672 me
2530 619 2732 686 ipsum.
2769 637 2788 668 ι

2139 710 2303 781 582
2341 711 2501 764 Vsus.
2548 711 2636 767 10.
2677 709 3086 765 Consummatur
3124 709 3356 779 nequitia
3405 719 3652 777 peceato-

2068 819 2208 865 rum,
2239 815 2348 856 ctc.
2380 801 2610 866 Quando
2641 801 2840 869 aliquis
2876 801 2990 871 jam
3029 799 3262 866 amplius
3296 815 3401 852 non
3434 810 3648 870 peccat,

2067 905 2194 948 tunc
2213 895 2330 962 ejus
2373 894 2636 962 iniquitas
2663 902 3116 955 consummatur;
3144 891 3228 946 vel
3250 893 3417 946 etiam
3448 892 3651 962 iniqui-

2067 996 2148 1040 tas
2173 996 2523 1054 peccatorum
2555 986 2808 1040 diabolus
2840 994 2944 1039 est.

2137 1077 2300 1131 Vens.
2327 1076 2520 1132 15-18.
2547 1075 2669 1130 Nisi
2697 1079 2932 1131 conversi
2955 1078 3184 1146 fueritis,
3207 1091 3378 1145 usque
3402 1074 3469 1128 ad
3495 1074 3648 1141 illud,

2065 1169 2364 1232 descendet,
2404 1179 2511 1223 ctc.
2566 1171 2727 1223 Forte
2782 1169 2896 1222 haec
2951 1170 3113 1222 tacite
3159 1169 3224 1222 de
3252 1164 3469 1220 dialmIo
3501 1165 3650 1220 dicta

2066 1271 2210 1316 sunt.
2247 1260 2344 1317 llic
2381 1266 2527 1315 enim
2575 1277 2696 1316 cum
2732 1261 2846 1330 ipsa
2878 1259 2957 1313 ira
3004 1261 3100 1325 sit,
3134 1261 3391 1327 parturiit
3425 1257 3646 1326 injusti-

2070 1355 2224 1420 tiam,
2255 1365 2310 1409 et
2339 1365 2536 1411 caetera
2559 1371 2680 1423 qua:
2707 1363 3032 1423 sequuntur.
3068 1351 3233 1405 Pater
3280 1360 3462 1405 autem
3501 1349 3647 1404 illius

2066 1449 2157 1517 qui
2199 1449 2383 1502 dixit:
2419 1467 2437 1500 ι
2481 1447 2591 1516 Ego
2635 1462 2755 1500 sum
2807 1447 2936 1508 vita,
2984 1464 3001 1495 ι
3042 1460 3148 1497 non
3203 1452 3359 1513 parat
3407 1444 3460 1496 in
3513 1458 3650 1498 arcu

2066 1554 2171 1594 suo
2205 1554 2334 1594 vasa
2361 1541 2577 1602 mortis,
2607 1539 2698 1593 sed
2729 1538 2879 1608 ponit
2917 1551 3106 1589 arcum
3131 1551 3288 1590 suum
3321 1536 3375 1588 in
3403 1534 3564 1598 nube,
3590 1542 3650 1586 ut

2071 1647 2174 1686 non
2205 1631 2429 1686 inducat
2455 1645 2656 1700 aquam
2706 1628 2893 1682 diluvii
2946 1629 2996 1680 in
3046 1636 3270 1680 terram.
3305 1625 3653 1694 Quapropter

2071 1725 2186 1780 haec
2216 1726 2282 1780 de
2327 1724 2544 1779 diabolo
2577 1722 2685 1777 dici
2721 1720 3147 1776 existimandum
3175 1727 3279 1772 est.
3314 1718 3482 1787 lgnita
3523 1727 3652 1771 Sunt

2069 1817 2290 1885 maligni
2333 1815 2515 1884 jacula
2573 1828 2694 1883 quae
2729 1810 3056 1882 prarparavit
3110 1810 3176 1864 iis
3231 1824 3370 1878 quos
3423 1805 3652 1862 affectus

369 1895 462 1950 τοῦ
485 1897 722 1967 πονηροῦ
753 1898 920 1962 ἐστιν,
947 1895 982 1950 ἃ
1008 1894 1363 1969 ἐξειργάσατο
1387 1901 1498 1961 τοῖς
1527 1897 1834 1969 καιομένοις
1859 1895 1952 1950 καὶ

2065 1918 2231 1963 urunt
2262 1918 2315 1961 et
2345 1908 2663 1962 incendunt.

369 2007 442 2042 πυ
451 2007 541 2062 pou
550 1989 730 2060 μένοις
757 1989 861 2043 ὑπὸ
895 1990 1104 2045 παθῶν.

441 2082 548 2136 Τοῦ
577 2083 742 2137 αὐτοῦ
773 2086 854 2148 είς
887 2085 948 2140 τό
972 2103 984 2116 ·
1023 2087 1131 2140 Καί
1157 2088 1227 2141 ἐν
1255 2086 1417 2153 αὐτῷ
1444 2088 1734 2156 ἡτοίμασε
1760 2086 1950 2155 σκεύη

369 2176 652 2243 θανάτου,
703 2195 758 2231 κ.
816 2195 867 2234 τ.
914 2181 962 2233 ὲ.
1013 2179 1188 2252 Σκεύη
1227 2180 1459 2233 θανάτου
1495 2180 1605 2250 (Βῖ)
1641 2180 1779 2234 εἰσὶν
1817 2179 1964 2234 ἀκά-

370 2267 544 2340 θαρτα
575 2269 791 2338 λογικὰ,
838 2271 872 2341 ἢ
907 2273 965 2325 αἱ
997 2271 1088 2325 τὸν
1121 2271 1350 2326 θάνατον
1389 2273 1609 2343 ἔχουσαι
1639 2272 1838 2343 ψυχαίο
1878 2271 1956 2336 ὡς

371 2363 538 2434 σκεύη
575 2361 719 2435 ζωῆς
751 2367 805 2418 αἱ
851 2365 950 2436 τὴν
980 2365 1124 2436 ζωὴν
1159 2365 1374 2436 ἔχουσαι
1419 2367 1607 2437 ψυχαί.
1653 2365 1810 2420 Οὕτω
1844 2367 1956 2439 γὰρ

369 2450 466 2508 καὶ
498 2453 710 2508 Παῦλον
738 2454 930 2520 σκεῦος
960 2457 1192 2528 ἐκλογῆς
1233 2458 1515 2528 ὠνόμασεν
1561 2460 1588 2510 ὁ
1625 2459 1849 2528 Κύριος.

453 2545 598 2600 Ἰδοὺ
637 2546 936 2614 ὠδίνησεν
976 2546 1236 2611 ἀδικίαν,
1275 2547 1574 2601 συνέλαϐε
1609 2548 1820 2611 πόνον,
1855 2546 1954 2600 καὶ

369 2637 572 2691 ἔτεκεν
597 2639 874 2707 ἀνομίαν,
911 2656 963 2691 κ.
993 2655 1044 2692 τ.
1073 2639 1122 2692 ὲ.
1173 2638 1229 2691 Ὀ
1265 2637 1340 2709 μὴ
1381 2637 1624 2708 φιλόθεος
1661 2639 1792 2710 (55),
1822 2637 1958 2693 ἀλλὰ

369 2729 672 2802 φιλήδονος,
697 2733 960 2802 ἀνάλογον
982 2727 1069 2796 αἷς
1097 2732 1336 2786 δουλεύει
1363 2734 1574 2804 ἡδοναῖς
1593 2731 1956 2808 συλλαμϐάνει

371 2821 532 2874 πόνον
571 2822 670 2876 ἕνα
696 2823 1065 2895 συνημμένον,
1109 2824 1204 2877 καὶ¹
1243 2823 1317 2894 μὴ
1360 2823 1552 2893 ἔχοντα
1603 2822 1806 2893 μεταξὺ
1838 2823 1957 2878 διά-

361 2917 599 2986 λειμμα,
637 2915 731 2968 καὶ
761 2916 940 2968 ὡδίνει
975 2915 1212 2978 ἀδικίαν,
1248 2915 1342 2969 καὶ
1382 2915 1554 2968 τίκτει
1592 2916 1841 2986 ἀνομίαν.
1865 2917 1960 2973 Ἐκ

366 3008 424 3063 δὲ
445 3009 552 3060 τῶν
573 3008 831 3060 ἐναντίων
853 3011 881 3060 ὁ
913 3007 988 3078 μὴ
1034 3007 1332 3079 φιλήδονος,
1364 3007 1499 3060 ἀλλά
1530 3007 1794 3076 φιλόθεος,
1827 3008 1961 3066 ἀνά-

362 3099 524 3168 λογον
555 3095 638 3162 οἷς
663 3100 978 3169 ἀναδέχεται
1007 3099 1076 3151 δι’
1106 3099 1308 3170 ἀρετὴν
1350 3099 1552 3162 πόνοις,
1590 3097 1958 3168 συλλαμϐάνει

369 3191 686 3253 εὐπάθειαν,
737 3190 836 3259 τὴν
879 3190 1079 3260 χαρὰν,
1124 3190 1253 3258 μίαν
1297 3188 1675 3259 συνημμένην,
1725 3189 1822 3245 καὶ
1881 3191 1955 3263 μὴ

370 3284 598 3352 ἔχουσαν
631 3280 833 3352 μεταξὺ
867 3281 1188 3352 διάλειμμα,
1221 3282 1316 3335 καὶ
1361 3281 1544 3336 ῶδίνει
1585 3281 1952 3353 δικαιοσύνην,

371 3371 463 3424 καὶ
491 3371 662 3424 τίκτει
695 3371 952 3442 εὐνομίαν
973 3388 984 3401 ·
1017 3373 1107 3425 καὶ
1138 3370 1312 3438 οὕτως
1344 3373 1534 3428 τέκνον
1567 3372 1778 3443 γίνεται
1802 3375 1948 3428 εὐνοο

374 3463 521 3529 μίας,
548 3463 779 3535 ἀνομίαν
813 3464 1051 3536 ἑκάστην
1082 3464 1276 3536 μισῶν.

440 3747 552 3802 τοῦ
597 3746 786 3802 αὐτοῦ
834 3748 922 3813 είς
968 3747 1034 3801 τὸ
1082 3748 1253 3802 αὐτό.
1286 3747 1514 3801 Ἐτεκεν
1555 3749 1786 3820 ἀνομίαν
1817 3747 1953 3820 (5-1),

362 3837 550 3908 ἐπειδὴ
586 3837 848 3892 συνέλαϐε
883 3839 1064 3903 πόνον,
1101 3841 1196 3893 καὶ
1225 3839 1488 3909 ὠδίνησεν
1533 3841 1772 3895 ἀδικίαν.
1801 3839 1951 3912 Αὕτη

363 3930 469 4002 γάρ
519 3931 669 3984 ἐστιν
704 3931 995 3984 ἀκολουθία
1041 3931 1281 4001 φύσεως.
1328 3933 1606 4004 Ὤδίνησεν
1667 3933 1954 4003 Ἀχιτόφελ

360 4023 456 4094 τὴν
480 4021 723 4095 πονηρὰν
755 4023 1192 4094 εἰσηγησάμενος
1216 4022 1466 4095 γνώμην.

427 4111 675 4168 Λάκκον
705 4111 920 4182 ὤρυξε,
964 4114 1062 4167 καί
1104 4114 1463 4182 ἀνέσκαψεν
1490 4114 1698 4174 αὑτὸν.
1725 4115 1823 4168 καὶ
1856 4115 1955 4184 ἐμ-

360 4205 626 4258 πεσεῖται
657 4208 744 4271 εὶς
771 4205 1001 4273 βόθρον
1023 4205 1095 4259 ὃν
1113 4205 1453 4275 εἰργάσατο.
1506 4205 1889 4276 Ἐπιστρέψει
1920 4211 1953 4261 ό

359 4300 548 4365 πόνος
587 4299 776 4353 αὐτοῦ
809 4302 897 4366 εὶς
925 4299 1204 4368 κεφαλὴν
1237 4299 1450 4363 αὐτοῦ,
1489 4299 1589 4352 καὶ
1625 4299 1722 4352 ἐπὶ
1773 4317 1948 4368 κορυ-

360 4389 488 4457 φὴν
507 4389 695 4443 αὑτοῦ
735 4390 771 4458 ἡ
813 4387 1016 4444 ἀδικία
1057 4387 1243 4443 αὐτοῦ
1275 4387 1696 4455 καταϐήσεται,
1733 4406 1786 4442 κ.
1817 4406 1868 4442 τ.
1902 4390 1949 4442 ὲ.

359 4483 586 4553 Μήποτε
617 4484 646 4536 ὁ
677 4482 882 4547 λάκκος
910 4482 1022 4554 (55)
1054 4483 1254 4552 χωρίον
1284 4481 1557 4546 κολάσεως
1583 4483 1754 4545 ἐστιν,
1781 4484 1860 4546 εἰς
1892 4481 1952 4534 ὃν

359 4575 586 4645 προνοίᾳ
605 4573 738 4627 θεοῦ
781 4575 944 4639 αὐτὸς
972 4575 1169 4647 ὀρύξας
1201 4577 1544 4646 ἐμπεσεῖται.
1589 4575 1858 4639 ’1σόπεδος
1890 4574 1948 4628 δέ
1979 4601 2027 4659 D

355 4667 504 4721 ἐστιν
541 4669 761 4740 αὐτοῦὴ
789 4671 1004 4742 κορυφὴ
1033 4670 1110 4742 τῷ
1139 4667 1312 4740 λοιπῷ
1355 4666 1600 4740 σώματιο
1637 4668 1788 4723 οὐδὲν
1837 4668 1945 4740 γὰρ

355 4758 521 4811 αὐτοῦ
559 4758 700 4812 ἄνωο
737 4759 818 4813 διὸ
869 4760 964 4814 καὶ⁴
996 4759 1214 4831 δράκων
1272 4776 1376 4812 που
1431 4759 1668 4827 λέγεται.
1703 4759 1945 4822 Εἰκότως

353 4847 446 4903 οὖν
479 4854 512 4922 ή
547 4850 853 4923 ἐπαρθεῖσα
912 4853 1007 4906 καὶ
1042 4852 1318 4922 ὑψωθεῖσα
1362 4851 1502 4906 κατά
1552 4851 1651 4922 τῆς
1690 4849 1945 4920 γνώσεως

352 4945 445 4998 τοῦ
471 4945 606 4998 Θεοῦ
631 4945 816 4999 ἀδικία
847 4946 1012 5000 αὐτοῦ
1059 4945 1471 5020 καθαιρουμένη
1521 4947 1616 5000 ἐπὶ
1648 4945 1745 5016 τὴν
1779 4961 1947 5016 κορυ-

353 5036 458 5109 φὴν
492 5037 658 5091 αὐτοῦ
693 5037 1088 5111 καταϐήσεται.

936 5221 1233 5277 ΨΑΛΜΟΣ
1273 5226 1354 5278 H’.

425 5314 530 5378 Είς
582 5310 648 5366 τὸ
713 5312 893 5379 τέλος
940 5313 1095 5382 ὑπὲρ
1141 5315 1262 5369 τῶν
1316 5317 1524 5385 ληνῶν
1570 5313 1816 5385 ψαλμὸς
1857 5309 1938 5377 τῷ

350 5402 550 5466 ducto,
591 5421 646 5458 κ.
683 5423 734 5460 τ.
781 5407 828 5459 ὲ.
885 5407 998 5461 Καὶ
1040 5409 1096 5461 ὲν
1137 5407 1217 5480 τῷ
1241 5409 1352 5480 (56)
1387 5416 1442 5462 π’
1470 5410 1566 5463 καῖ⁹
1619 5416 1708 5478 πγ¹
1738 5405 1940 5478 ψαλμῷ

419 5501 464 5530 ⁸⁸
489 5497 647 5555 Joan.
687 5517 784 5567 xu,
815 5501 904 5556 52.

421 5593 534 5736 ἓὸθ)
572 5595 747 5648 Ὅταν
780 5595 1001 5658 οὐκέτι,
1037 5607 1144 5653 etc.
1177 5599 1496 5663 Corderius.
1526 5604 1823 5659 Barbarus.

448 5667 537 5736 51)
578 5665 824 5733 Μήποτε
874 5672 1504 5736 παρασεσιωπημένως
1527 5715 1542 5736 ,
1600 5685 1704 5732 etc.
1754 5677 1823 5732 Co

348 5665 551 5789 cn(i311)l
578 5665 824 5733 Μήποτε
874 5672 1504 5743 παρασεσιωπημένως
1527 5715 1542 5740 ,
1600 5685 1704 5732 etc.
1754 5677 1936 5734 Codex

450 5759 472 5786 δ
501 5755 533 5789 ll
560 5777 574 5789 .

450 5755 574 5790 allll.

424 5805 533 5878 132)
563 5809 758 5876 Σκεύη
795 5808 1079 5878 θανάτου,
1113 5821 1219 5868 clc.
1251 5811 1478 5869 Scbeda:
1507 5814 1719 5872 Grabii.

423 5877 536 5949 (55)
578 5879 640 5933 '0
666 5878 750 5952 μὴ
787 5877 1087 5953 φιλόθεος.
1132 5884 1312 5942 Codex
1356 5883 1584 5944 Coislin.
1629 5899 1684 5944 ct
1737 5886 1937 5948 Corde-

2141 2093 2307 2152 Vt-ztts.
2357 2092 2446 2146 11.
2499 2091 2753 2159 Eiusdem
2814 2090 2866 2145 in
2915 2088 3046 2142 illud
3084 2086 3195 2144 :Et
3232 2085 3286 2140 in
3337 2102 3397 2140 eo
3441 2086 3651 2152 paravit

2063 2203 2189 2241 vasa
2238 2185 2465 2250 mortis,
2511 2195 2619 2238 etc.
2673 2181 2811 2235 Vasa
2863 2179 3058 2234 mortis
3112 2177 3348 2247 appellat
3406 2177 3654 2245 impurae

2065 2279 2298 2338 animas,
2341 2275 2486 2345 quod
2556 2282 2788 2328 mortem
2859 2270 3222 2332 contineant,
3289 2270 3649 2336 quemadmo-

2063 2369 2190 2422 dum
2243 2383 2368 2421 vasa
2417 2366 2544 2419 vitae
2597 2373 2724 2420 sunt
2775 2363 2976 2417 animas
3033 2376 3154 2432 quae
3196 2361 3364 2415 vitam
3421 2359 3648 2415 habent.

2065 2459 2159 2516 Sic
2187 2459 2330 2514 enim
2360 2468 2412 2512 et
2435 2457 2662 2512 Paulum
2690 2471 2785 2510 vas
2815 2454 3104 2508 electionis
3126 2451 3340 2508 vocavit
3365 2452 3650 2506 Dominus.

2135 2554 2302 2610 Vens.
2337 2554 2423 2608 15.
2461 2552 2598 2607 Ecce
2627 2550 2878 2621 parturiit
2908 2549 3254 2618 injustitiam,
3287 2548 3525 2616 concepit
3551 2548 3652 2602 do—

2063 2646 2226 2700 lorem
2268 2655 2314 2699 et
2363 2643 2563 2714 peperit
2609 2640 2969 2710 iniquitatem,
3019 2651 3127 2694 etc.
3178 2639 3280 2706 Qui
3313 2653 3422 2693 non
3454 2638 3650 2704 Deum,

2064 2739 2158 2794 sed
2202 2738 2508 2809 voluptates
2535 2744 2706 2799 amat,
2759 2733 2810 2787 id
2857 2749 2925 2787 ex
2975 2733 3042 2788 iis
3073 2733 3272 2802 quibus
3300 2735 3472 2787 servit
3500 2731 3654 2786 volu-

2064 2831 2306 2902 ptatibus
2354 2827 2674 2896 assequitur
2705 2834 2762 2878 ut
2792 2823 3068 2892 concipiat
3098 2823 3341 2878 laborem
3380 2837 3488 2876 una
3515 2836 3652 2876 cou~

2065 2936 2289 2985 nexum,
2344 2933 2444 2973 nec
2484 2917 2593 2970 ullo
2643 2913 2934 2969 intervallo
2988 2913 3343 2983 disjunctum,
3379 2912 3653 2981 simulque

2063 3012 2336 3083 parturiat
2383 3009 2709 3076 injustitiam
2747 3021 2814 3061 ac
2851 3005 3032 3074 pariat
3067 3005 3437 3072 iniquitatem.
3468 3004 3650 3058 Econ-

2065 3102 2237 3156 trario
2283 3100 2375 3168 qui
2417 3115 2525 3154 non
2559 3097 2892 3165 voluptates,
2937 3097 3030 3150 sed
3079 3097 3245 3150 Deum
3289 3107 3458 3161 amat,
3491 3098 3543 3150 id
3578 3111 3651 3153 ea

2064 3195 2130 3249 iis
2157 3209 2297 3262 quos
2346 3205 2565 3261 preptcr
2594 3191 2851 3244 virtutem
2898 3189 3129 3256 suscipit
3158 3189 3461 3257 laboribus,
3496 3204 3650 3244 asse-

2061 3285 2271 3358 quitur,
2297 3295 2355 3338 ut
2382 3285 2657 3352 concipiat
2686 3283 2851 3337 animi
2883 3281 3357 3349 tranquillitatem,
3389 3282 3648 3350 gaudium

2067 3393 2174 3432 una
2225 3391 2553 3441 connexum,
2583 3392 2680 3430 nec
2711 3375 2820 3429 ullo
2857 3375 3148 3429 intervallo
3183 3373 3539 3442 disiunctum,
3571 3373 3648 3427 si-

2061 3468 2283 3536 mulque
2313 3469 2589 3538 parturiat
2621 3468 2891 3537 justitiam
2927 3479 2983 3523 et
3017 3467 3199 3538 pariat
3221 3466 3554 3536 aequitatem.
3582 3464 3650 3520 Et

2059 3560 2138 3613 sic
2189 3558 2334 3614 ﬁlius
2380 3557 2565 3613 evadit
2597 3559 2898 3628 aequitatis,
2928 3559 3055 3614 odio
3105 3559 3313 3613 babens
3349 3555 3652 3628 quamlibet

2061 3653 2432 3721 iniquitatem.

2130 3745 2412 3814 Ejusdem.
2449 3741 2669 3814 Peperit
2703 3743 3071 3815 iniquitatem,
3103 3743 3363 3812 quoniam
3397 3742 3650 3812 concepit

2059 3837 2304 3891 dolorem
2333 3846 2387 3891 et
2415 3837 2670 3906 parturiit
2707 3835 3060 3902 injustitiam.
3099 3833 3226 3889 Ilaec
3251 3837 3398 3890 enim
3429 3843 3510 3889 est
3547 3848 3646 3888 na-

2059 3942 2193 3979 tura:
2239 3929 2655 3993 consequentia.
2699 3927 2967 3981 Parturiit
3023 3927 3348 3996 AcbitOpbcl
3396 3925 3650 3995 malignae

2056 4027 2250 4072 auctor
2283 4019 2593 4071 sententiae.

2130 4106 2298 4160 Vsus.
2328 4107 2418 4172 115,
2454 4108 2540 4164 17.
2596 4106 2794 4160 Locum
2835 4108 3064 4175 aperuit,
3107 4117 3153 4160 et
3185 4107 3368 4175 e/fodit
3413 4122 3552 4171 eum,
3596 4117 3648 4161 et

2053 4191 2249 4252 inridet
2274 4199 2327 4250 in
2349 4198 2559 4264 [aventu
2587 4213 2746 4266 quam
2794 4197 2940 4264 fecit.
2966 4196 3316 4252 Conrertetur
3349 4197 3503 4250 dolor
3530 4196 3646 4268 ejus

2054 4292 2107 4344 in
2159 4299 2316 4358 caput
2363 4293 2501 4358 ejus,
2545 4302 2591 4343 et
2628 4292 2681 4344 in
2726 4291 2974 4344 verticem
3015 4291 3181 4358 ipsius
3229 4292 3482 4360 iniquitas
3527 4292 3646 4356 ejus
3729 4353 3735 4359 ,

2053 4382 2352 4446 descendet,
2401 4392 2509 4437 etc.
2548 4381 2716 4437 Forte
2763 4381 2913 4435 lacus
2947 4383 3196 4452 supplicii
3253 4383 3404 4438 locus
3450 4395 3538 4438 est
3589 4385 3643 4440 in

2054 4489 2215 4544 quem
2252 4473 2598 4542 providentia
2627 4474 2722 4528 Dei
2775 4474 2984 4528 incidet
3038 4477 3129 4546 qui
3186 4490 3310 4530 eum
3363 4474 3638 4530 effoderit.

2057 4567 2384 4636 Exaquatur
2415 4578 2596 4623 autem
2652 4583 2912 4624 cacumen
2965 4571 3084 4640 ejus
3140 4571 3350 4639 reliquo
3402 4569 3644 4638 Corpori.

2057 4659 2200 4714 Nihil
2234 4660 2378 4715 enim
2409 4670 2496 4714 est
2535 4675 2724 4731 supra.
2751 4662 3120 4728 Quamobrem
3158 4671 3213 4717 et
3240 4661 3404 4716 draco
3436 4661 3640 4716 alicubi

2051 4755 2276 4810 dicitur.
2326 4754 2521 4809 Merito
2574 4769 2705 4824 ergo
2762 4771 2885 4824 quae
2943 4757 3210 4811 attollitur
3259 4767 3316 4810 et
3369 4755 3644 4810 exaltatur

2053 4859 2246 4901 contra
2287 4847 2380 4900 Dei
2421 4847 2791 4916 cognitionem
2839 4849 3104 4919 injustitia
3154 4849 3292 4919 ejus,
3329 4850 3645 4906 destruetur

2050 4951 2106 4997 et
2143 4942 2196 4996 in
2238 4939 2499 4996 verticem
2535 4941 2704 5010 ipsius
2734 4943 3051 4999 descendet.

2598 5218 2918 5276 PSALMUS
2951 5219 3086 5276 VIII.

2121 5315 2283 5388 583
2316 5317 2479 5373 Vens.
2524 5321 2571 5374 1.
2615 5319 2680 5373 In
2706 5321 2862 5388 ﬁnem
2885 5335 2982 5389 pro
3012 5317 3370 5371 torcularibus
3395 5317 3637 5380 psalmus

2051 5407 2246 5478 David,
2278 5421 2386 5468 etc.
2426 5413 2486 5466 Et
2538 5413 2591 5468 in
2646 5415 2984 5483 octogesimo
3016 5428 3081 5468 ac
3113 5410 3444 5480 octogesimo
3475 5410 3637 5464 tertio

2043 5608 2172 5660 rius.

2117 5676 2230 5745 (54)
2265 5679 2512 5731 Ἐτεκεν
2535 5676 2811 5744 ἀνομίαν,
2839 5683 2946 5731 ctc.
2972 5675 3197 5732 Scbeda:
3226 5673 3432 5729 Grabii.

2115 5747 2229 5818 (55)
2251 5748 2498 5812 Μήποτε
2525 5751 2558 5818 ό
2578 5745 2827 5811 λάκκος,
2859 5757 2966 5801 etc.
2997 5747 3211 5818 Eaedem
3243 5745 3460 5818 scbeda'.
3489 5761 3625 5818 mss.

2121 5817 2234 5888 (56)
2266 5819 2371 5872 Καὶ
2404 5819 2475 5871 ἐν
2498 5817 2596 5882 τῷ,
2636 5830 2743 5871 etc.
2777 5818 3093 5888 Corderius,
3131 5817 3427 5874 Barbarus.
3475 5817 3628 5872 scbe-

2045 5889 2127 5946 (ιω
2161 5890 2348 5946 Camb.
2393 5899 2446 5946 et
2470 5888 2677 5946 Grabii.
