4100 6440
415 437 556 492 H87)

1845 429 1932 483 EX
1974 426 2282 484 ORIGENE

3571 435 3706 490 ιιει

415 550 624 620 psalmo
673 550 1105 620 inscriptionem,
1149 571 1167 604 ι
1219 552 1325 606 Pro
1358 551 1746 616 torcularibus,
1787 567 1805 600 ι
1844 547 1997 601 inve-

2114 544 2220 615 τὴν,
2271 561 2288 596 ι
2348 543 2522 617 ’Υπὲρ
2554 543 2662 597 τῶν
2723 544 2923 616 ληνῶν,
2980 565 3000 597 ι
3052 543 3306 619 εὑρήσεις
3365 548 3702 621 ἐπιγραφήν.

418 644 554 695 nies.
593 640 674 694 Ad
707 642 820 695 lucc
851 657 1070 712 quoque
1105 643 1360 711 accipere
1389 655 1680 710 possumus
1705 639 1848 708 quod
1871 638 2003 692 scri-

415 744 564 802 ptum
588 745 673 788 est
696 737 762 788 de
781 733 893 789 Noe
922 737 1132 790 vineam
1159 734 1460 804 plantante,
1487 745 1541 789 et
1563 735 2002 788 benedictionem

413 826 582 880 Jacob
610 826 678 879 de
712 825 868 890 Juda,
909 845 928 878 ι
962 827 1134 896 ligans
1165 827 1230 879 ad
1259 827 1420 879 vitem
1450 826 1654 893 pullum
1681 840 1836 877 suum
1863 823 1944 887 ἰτς
1979 841 1996 874 ι

413 928 468 970 et
522 921 588 972 de
641 918 928 982 lssaeltar,
985 920 1078 989 qui
1127 919 1316 974 videns
1376 919 1620 987 requiem
1668 917 1812 986 quod
1859 927 2006 970 esset

417 1012 580 1072 bona,
611 1019 667 1063 et
703 1021 904 1064 terram
934 1013 1080 1078 quod
1123 1011 1339 1082 pinguis
1368 1019 1535 1072 esset,
1569 1009 1861 1078 snpposuit
1905 1009 2006 1062 htt-

415 1115 628 1152 merum
667 1101 733 1152 ad
785 1100 1166 1163 laborandum.
1212 1111 1266 1155 et
1309 1101 1488 1156 factus
1513 1110 1598 1155 est
1627 1101 1713 1154 vir
1742 1098 2004 1168 agricola.

413 1189 577 1244 Ozias
618 1205 834 1260 quoque
863 1192 1100 1259 agricola
1141 1201 1277 1257 erat,
1312 1192 1486 1246 vinea:
1513 1190 1753 1246 cultores
1798 1189 2006 1244 habens

417 1284 470 1336 in
505 1284 804 1337 montanis.
861 1283 1002 1350 Quin
1054 1295 1108 1338 ct
1134 1300 1272 1338 uxor
1303 1285 1486 1339 omnis
1529 1283 1665 1351 justi
1692 1293 1776 1338 est
1817 1301 1836 1334 ι
1881 1291 2006 1336 tan-

417 1391 584 1442 quam
617 1377 742 1430 vitis
773 1377 1062 1431 abundans
1103 1378 1155 1430 in
1199 1378 1464 1432 lateribus
1492 1379 1686 1431 dooms
1720 1391 1832 1430 sure
1873 1375 1940 1440 ⁸³,
1983 1395 2001 1427 ι

415 1481 482 1518 ex
509 1481 616 1534 qua
651 1467 838 1522 vinum
893 1469 950 1522 lit
983 1471 1126 1536 quod
1159 1470 1400 1523 lictilieat
1431 1484 1528 1522 cor
1560 1467 1802 1522 hominis
1827 1468 1895 1522 ⁸⁸.
1940 1465 2008 1520 Et

417 1558 782 1614 Ecclesiastes
812 1561 1082 1628 plantavit
1117 1563 1326 1626 vineas,
1366 1561 1502 1614 fodit
1553 1559 1798 1615 torcular
1825 1561 1892 1614 ὀ.
1941 1559 2007 1614 Et

417 1650 674 1705 Salomon
710 1653 786 1705 ait
819 1654 861 1684 ⁹¹
905 1671 918 1706 :
972 1671 990 1704 ι
1047 1651 1184 1707 Vino
1237 1653 1534 1707 toreularia
1581 1662 1674 1706 tua
1729 1652 2004 1707 redunda-

415 1743 570 1796 bunt.
612 1761 632 1795 ι

489 1833 767 1903 Ejusdem.
795 1833 1115 1892 Torcularia
1163 1845 1290 1890 sunt
1323 1845 1531 1891 natura:
1564 1836 1858 1891 rationales
1886 1849 2007 1906 qua:

414 1938 486 1978 cx
515 1924 752 1992 spiritali
783 1927 941 1980 vinea
973 1925 1182 1982 fructus
1208 1929 1536 1998 suscipiunt.

489 2109 655 2166 Vens.
693 2111 744 2165 5.
780 2111 862 2165 Ea:
891 2128 980 2166 ore
1023 2112 1314 2181 infantium
1356 2123 1406 2166 et
1449 2113 1756 2166 laetantium
1784 2113 2009 2183 perfeci-

415 2202 482 2254 sti
505 2202 740 2268 laudem,
773 2216 878 2258 etc.
909 2206 968 2256 lu
1017 2203 1312 2274 Evangelio
1339 2205 1642 2258 secundum
1677 2203 1992 2260 Matthaeum

417 2294 656 2362 primum
695 2296 914 2364 quidem
961 2298 1052 2367 qui
1103 2298 1488 2365 praecedebant
1536 2297 1902 2363 Salvatorem,
1953 2309 2010 2353 et

417 2385 508 2452 qui
549 2387 941 2454 sequebantur,
981 2405 1026 2440 ι·
1058 2390 1372 2442 clamabant
1418 2391 1712 2444 dicentes:
1753 2389 2008 2444 Hosanna

421 2478 532 2530 tilio
585 2476 772 2541 David,
821 2478 1144 2534 benedictus
1200 2481 1292 2549 qui
1353 2480 1502 2533 venit
1544 2481 1596 2533 in
1635 2480 1855 2534 nomine
1899 2479 2009 2536 Do-

419 2567 573 2630 mini,
607 2568 853 2623 ltosanna
885 2569 938 2624 in
967 2571 1248 2626 altissimis
1271 2573 1340 2627 θ’.
1387 2591 1405 2623 ι
1455 2572 1625 2626 Paulo
1657 2581 1781 2640 post
1824 2581 2006 2628 autem

418 2659 687 2727 scriptum
746 2671 833 2716 est
891 2663 1152 2718 videntes
1213 2666 1491 2734 principes
1551 2665 1896 2718 sacerdotum
1954 2675 2011 2721 et

419 2757 635 2810 scribas
669 2755 937 2810 mirabilia
973 2773 1094 2827 qua!
1124 2757 1274 2822 fecit,
1308 2769 1360 2812 et
1393 2775 1590 2829 pueros
1631 2761 1930 2816 clamantes
1955 2761 2008 2814 in

421 2847 622 2916 templo
653 2859 706 2902 et
737 2847 1001 2913 dicentes,
1045 2867 1064 2899 ι
1100 2848 1354 2904 "osanna
1406 2849 1517 2903 lilio
1565 2850 1760 2914 David,
1801 2871 1819 2903 ι
1856 2852 2002 2904 indi-

418 2952 610 3012 gnatos
659 2959 781 2998 esse
828 2953 882 2998 et.
906 2945 1110 3000 dixisse
1141 2946 1189 2999 ei
1234 2945 1281 2978 “
1313 2960 1326 2998 :
1364 2963 1382 2996 ι
1424 2945 1596 3000 Audis
1643 2948 1774 3016 quid
1811 2946 1897 3001 isti
1927 2947 2012 2999 tli-

417 3035 596 3090 cunt?
643 3035 803 3091 Jesus
851 3039 1036 3090 autem
1090 3036 1224 3090 dixit
1263 3037 1341 3091 eis
1385 3055 1401 3093 :
1441 3037 1660 3108 Utique.
1717 3039 2008 3108 Nunquam

420 3129 632 3198 legistis
677 3130 803 3196 quia
839 3144 908 3183 ex
939 3143 1034 3184 ore
1073 3129 1360 3182 infantium
1411 3140 1466 3185 et
1507 3131 1846 3200 laelcutittm,
1890 3151 1908 3182 ι
1955 3143 2010 3187 ct.

421 3223 648 3292 reliqua.
705 3221 932 3278 Videtur
995 3222 1164 3290 igitur
1203 3223 1489 3278 illattltaeus
1545 3230 1768 3280 easdem
1823 3226 2080 3306 turbasc

419 3331 622 3385 pueros
647 3331 874 3380 vocare,
903 3326 958 3370 et
993 3315 1248 3370 Salvator
1275 3333 1381 3371 non
1423 3319 1752 3388 simpliciter
1785 3335 2008 3387 pueros,

421 3409 602 3463 sedet
647 3409 886 3464 infantes
913 3417 969 3464 et
1008 3408 1288 3472 lactentes,
1323 3411 1505 3466 verbis
1547 3412 1740 3481 psalmi
1775 3427 1896 3482 qnce
1935 3413 2014 3467 al-

421 3501 661 3571 legorice
706 3500 978 3570 exposuit,
1033 3500 1234 3554 docens
1273 3516 1373 3555 nos
1405 3511 1460 3556 et
1507 3502 1806 3572 allegorico
1846 3517 2009 3557 sensu

421 3607 546 3647 esse
580 3601 755 3646 totum
789 3592 1056 3661 psalmum
1108 3593 1510 3662 accipiendum.
1553 3593 1776 3658 Qmeres
1831 3603 2011 3645 autem

423 3700 492 3737 an
525 3684 666 3738 idem
702 3684 773 3737 sit
800 3684 991 3739 domus
1023 3684 1213 3747 David,
1266 3694 1324 3737 et
1369 3683 1514 3736 filius
1555 3681 1740 3736 David.
1778 3683 1934 3746 Quod
1967 3681 2012 3734 si

426 3775 566 3828 idem
600 3789 706 3828 non
737 3784 838 3842 est,
863 3791 1019 3830 error
1045 3775 1401 3829 amanuensis
1433 3773 1650 3840 irrepsit
1687 3774 1738 3824 in
1769 3773 2016 3841 Evange—

425 3866 556 3920 léum
586 3869 882 3922 secundum
912 3867 1246 3932 Mattltaeum,
1275 3865 1362 3919 ubi
1400 3864 1568 3920 scribi
1600 3863 1787 3918 debuit
1823 3863 1908 3918 bis
1933 3863 2016 3918 vel

427 3960 609 4012 domui
643 3959 830 4024 David,
861 3959 944 4014 vel
969 3961 1078 4014 lilio
1108 3957 1297 4013 David.

500 4051 664 4106 Vnus.
703 4050 758 4107 5.
787 4051 1018 4123 Propter
1049 4051 1290 4106 inimicos
1318 4057 1458 4114 tuos,
1493 4058 1546 4100 ut
1570 4048 1812 4102 destruas
1839 4049 2018 4102 inimi-

428 4159 548 4194 rum
575 4153 624 4196 et
665 4143 914 4210 ultorem,
962 4151 1070 4197 etc.
1125 4141 1408 4194 Inimicum
1445 4151 1500 4194 ct
1550 4141 1778 4194 ultorem
1829 4157 2015 4196 verum

429 4237 668 4306 intellige
698 4237 1228 4291 Nabuchodonosor.
1260 4234 1539 4288 Diabolum
1563 4235 1828 4289 destruxu
1861 4233 2020 4288 Cliti-

429 4343 516 4382 tus
567 4345 666 4400 per
712 4330 1016 4397 piscatores
1059 4337 1114 4381 et
1166 4325 1479 4381 illitteratus
1525 4336 1579 4382 et
1629 4327 1835 4380 malitia
1883 4341 2017 4394 pue-

430 4437 539 4476 I‘OS.

500 4512 665 4566 Vsus.
701 4511 754 4565 4.
813 4509 1080 4576 Quoniam
1119 4509 1299 4566 ridebo
1335 4509 1492 4563 cwlos
1525 4521 1642 4564 tuos
1688 4527 1846 4580 opera
1880 4512 2020 4581 digi-

2105 637 2252 708 Πρὸς
2309 635 2375 690 δὲ
2423 636 2596 689 ταῦτα
2629 635 2886 708 λάϐωμεν
2913 636 2982 690 τά
3030 639 3158 709 περὶ
3203 639 3327 691 Νῶε
3381 639 3708 708 φυτεύοντος

2106 727 2376 798 ἄμπελον,
2415 730 2514 800 τήν
2543 746 2602 782 τε
2633 731 2761 801 περὶ
2792 729 2886 783 τοῦ
2929 729 3098 784 Ἰούδα
3129 731 3281 802 παρά
3315 730 3511 784 Ἰακὼϐ
3550 733 3706 785 εὐλο-

2105 821 2252 888 γίαν,
2295 839 2314 871 ι
2351 821 2634 892 δεσμεύων
2665 821 2799 893 πρὸς
2827 821 3070 892 ἄμπελον
3097 823 3191 876 τὸν
3221 822 3400 876 πῶλον
3435 824 3600 878 αὑτοῦ
3620 841 3638 868 ·-
3684 844 3703 877 ι

2109 913 2203 965 καὶ
2230 911 2330 984 τὴν
2359 913 2648 985 ’1σσὰχαρ,
2671 913 2752 978 ὃς,
2783 912 2904 967 ίδὼν
2931 915 3030 986 τὴν
3057 915 3388 981 ἀνάπαυσιν,
3424 917 3506 970 ὅτι
3540 917 3706 990 καλὴ,

2109 1005 2203 1056 καὶ
2239 1003 2337 1076 τὴν
2366 1003 2498 1075 γῆν,
2540 1006 2622 1058 ὅτι
2647 1007 2808 1069 πίων,
2842 1007 3086 1076 ὑπέθηκε
3109 1007 3200 1062 τὸν
3219 1001 3369 1079 ὦμον
3404 1011 3483 1073 εἰς
3515 1010 3578 1063 τὸ
3611 1029 3710 1064 πο-

2109 1098 2241 1157 νεῖν,
2284 1096 2378 1149 καὶ
2407 1097 2643 1168 ἐγενήθη
2694 1098 2833 1170 ἀνὴρ
2879 1100 3145 1170 γεωργός.
3202 1099 3314 1154 Καὶ
3365 1101 3471 1172 μὴν
3523 1101 3708 1167 Ὀζίας

2109 1187 2356 1257 γεωργὸς
2391 1183 2484 1258 ἦν,
2535 1189 2954 1260 ἁμπελουργοὺς
2997 1189 3134 1261 ἔχων
3168 1191 3226 1245 ὲν
3253 1193 3318 1262 τῇ
3357 1192 3563 1264 ὀρεινῇ.
3595 1195 3708 1248 Καὶ

2110 1281 2143 1349 ἡ
2175 1279 2312 1350 γυνὴ
2340 1279 2398 1332 δὲ
2429 1279 2635 1343 παντὸς
2672 1281 2883 1335 δικαίου
2917 1301 2954 1352 ι.
2980 1283 3055 1346 ὼς
3081 1282 3326 1353 ἄμπελός
3364 1286 3511 1338 ἐστιν
3546 1287 3708 1359 εὐθη-

2109 1371 2278 1424 νοῦσα
2312 1374 2370 1424 ἐν
2395 1374 2512 1436 τοῖς
2543 1373 2750 1428 κλίτεσι
2782 1375 2880 1444 τῆς
2911 1377 3090 1440 οἰκίας
3119 1375 3306 1441 αὑτοῦ,
3351 1397 3368 1429 ι
3407 1371 3450 1446 ᾧ
3497 1379 3706 1447 γίνεται

2109 1457 2252 1526 οἶνος
2284 1463 2598 1534 εὐφραίνων
2647 1467 2874 1536 καρδίαν
2918 1468 3230 1540 ἀνθρώπου.
3269 1472 3380 1526 Καὶ
3407 1472 3435 1523 ὁ
3479 1472 3709 1542 Ἐκκλη-

2113 1556 2339 1626 σιαστὴς
2378 1556 2678 1625 ἐφύτευσεν
2709 1560 3061 1629 ἀμπελῶνας,
3095 1562 3270 1635 ὤρυξε
3307 1563 3487 1635 ληνόν.
3513 1565 3624 1618 Καὶ
3679 1568 3708 1617 ὁ

2111 1646 2368 1718 Σολομῶν
2402 1665 2604 1720 φησιν·
2653 1669 2670 1701 ι
2726 1651 2868 1728 Οἴνῳ
2903 1653 2962 1706 δὲ
3011 1655 3066 1706 αἱ
3110 1654 3262 1726 ληνοί
3296 1673 3390 1709 σου
3431 1656 3709 1722 ἐκϐλύζω-

2115 1754 2218 1790 σιν.
2263 1759 2280 1790 ι

2190 1833 2302 1888 Τοῦ
2340 1835 2550 1889 αὑτοῦ.
2584 1837 2752 1908 Ληνοί
2799 1840 2904 1892 εἰσι
3083 1842 3274 1911 φύσεις
3305 1844 3544 1912 λογικαὶ,
3581 1843 3708 1907 τοὺς

2656 1893 2665 1908 .
2937 1893 3040 1912 ,κη
3095 1893 3272 1911 .-μη
3593 1893 3705 1907 ω.

2039 1893 2081 1948 Β
2111 1923 2176 1977 ἐκ
2244 1925 2350 1997 τῆς
2397 1929 2780 2000 πνευματικῆς
2825 1931 3071 2002 ἀμπέλου
3141 1937 3388 2006 καρποὺς
3446 1933 3709 1998 ὑποδεξά-

2114 2033 2295 2087 μεναι.

2195 2110 2298 2163 Ἐκ
2334 2113 2637 2179 στόματος
2669 2114 2904 2180 νηπίων
2932 2115 3029 2168 καὶ
3067 2115 3447 2184 θηλαζόντων
3486 2135 3708 2185 κατηρ-

2109 2203 2259 2256 τίσω
2305 2200 2500 2270 αἶνον,
2537 2222 2591 2260 κ.
2637 2223 2688 2258 τ.
2743 2208 2789 2258 ἐ.
2833 2207 2921 2259 Ἐν
2958 2207 3036 2278 τῷ
3076 2208 3218 2262 κατά
3268 2209 3548 2263 Ματθαῖον
3597 2210 3706 2280 (58)

2113 2297 2377 2368 πρότερον
2411 2299 2511 2368 μὲν
2543 2300 2592 2351 οἱ
2640 2299 2975 2371 προάγοντες
3007 2299 3099 2352 τὺν
3145 2301 3397 2373 Σωτῆρα,
3445 2302 3580 2356 ἀλλά
3615 2305 3710 2356 καὶ

2111 2392 2160 2443 οἱ
2188 2390 2610 2457 ἀκολουθοῦντες
2650 2393 2800 2464 αὐτῷ
2844 2409 2862 2442 ι
2891 2389 3120 2462 ἔκραζον
3148 2395 3398 2465 λέγοντες
3421 2410 3436 2425 ⁸
3480 2397 3710 2449 Ὡσαννά

2112 2483 2189 2555 τῷ
2219 2483 2322 2555 υἱῷ
2361 2483 2546 2548 Δαυῒδ,
2584 2485 2948 2556 εὐλογημένος
2979 2487 3007 2538 ὁ
3045 2486 3338 2557 ἐρχόμενος
3385 2490 3442 2541 ἐν
3485 2488 3712 2559 ὀνόματι

2111 2577 2343 2648 Κυρίου,
2368 2576 2588 2630 ὡσαννὰ
2616 2580 2674 2630 ἐν
2701 2581 2814 2640 τοϊς
2835 2577 3079 2648 ὑψίστοις
3102 2596 3116 2608 ·
3150 2599 3168 2631 ι
3189 2579 3368 2647 ὀλίγον
3397 2581 3454 2633 δὲ
3483 2579 3708 2650 ὕστερον

2114 2668 2446 2740 γέγραπται,
2491 2670 2572 2722 ὅτι
2606 2668 2806 2732 ἰδόντες
2839 2671 2886 2722 οἱ
2918 2670 3198 2741 ἀρχιερεῖς
3229 2673 3322 2723 καὶ
3353 2673 3403 2723 οἱ
3446 2689 3710 2743 γραμμα-

2115 2763 2227 2824 τεῖς
2249 2759 2319 2812 τὰ
2343 2758 2622 2829 θαυμάσια
2648 2756 2684 2812 ἀ
2705 2757 2950 2828 ἐποίησε,
2978 2759 3071 2812 καὶ
3101 2760 3223 2823 τοὺς
3257 2759 3454 2823 παῖδας
3477 2761 3709 2832 κράζον-

2113 2867 2214 2916 τας
2266 2852 2324 2904 ὲν
2372 2849 2450 2921 τῷ
2483 2851 2614 2922 ἱερῷ
2678 2851 2771 2903 καὶ
2829 2849 3108 2918 λέγοντας,
3148 2869 3165 2901 ι
3215 2851 3448 2906 Ὡσαννά
3481 2853 3558 2922 τῷ
3609 2853 3708 2924 υἱῷ

2115 2943 2297 3007 Δαυῖδ,
2343 2963 2362 2995 ι
2393 2943 2807 3014 ἠγανάκτησαν,
2846 2943 2941 2996 καὶ
2975 2937 3128 2995 εἷπον
3169 2943 3319 3014 αὐτῷ
3343 2959 3356 2972 ·
3395 2961 3412 2993 ι
3464 2943 3706 3010 Ἀκούεις

2115 3037 2168 3091 τί
2200 3031 2345 3090 οὗτοι
2369 3035 2657 3105 λέγουσιν;
2710 3034 2772 3090 ’0
2799 3035 2856 3087 δὲ
2895 3033 3107 3106 Ἰησοῦς
3149 3035 3299 3103 λέγει
3337 3035 3541 3099 αὐτοῖς·
3574 3035 3706 3088 Ναί.

2117 3128 2388 3182 Οὐδέποτε
2416 3128 2710 3196 ἀνέγνωτε,
2741 3127 2824 3180 ὅτι
2847 3127 2916 3178 ἐκ
2945 3125 3214 3198 στόματος
3239 3125 3450 3196 νηπίων
3494 3127 3587 3179 καὶ
3615 3125 3711 3196 θη-

2115 3221 2412 3288 λαζόντων,
2459 3241 2478 3274 ι
2501 3222 2596 3275 καὶ
2643 3220 2715 3274 τά
2756 3221 2942 3276 λοιπά.
2979 3222 3197 3274 Ἔοικεν
3237 3217 3330 3274 οὖν
3367 3223 3395 3274 ὁ
3433 3220 3712 3283 Ματθαῖος

2115 3319 2240 3381 τοὺς
2271 3317 2466 3380 αὐτοὺς
2493 3316 2684 3386 ὄχλους
2721 3315 2901 3385 λέγειν
2949 3315 3163 3380 παῖδας,
3205 3313 3300 3367 καὶ
3333 3315 3362 3366 ὁ
3395 3313 3584 3386 Σωτὴρ
3616 3313 3713 3384 οὐχ

2115 3409 2304 3472 ἁπλῶς
2355 3399 2574 3470 παῖδας,
2617 3407 2753 3460 ἀλλά
2793 3408 2888 3461 καὶ
2935 3408 3162 3476 νηπίους
3217 3407 3312 3460 καὶ
3357 3405 3712 3478 θηλάζοντας,

2115 3501 2382 3554 διδάσκων
2435 3502 2588 3570 ἡμᾶς
2632 3500 2700 3552 δι’
2731 3493 2806 3552 ὧν
2861 3499 3076 3562 ἐξέθετο
3124 3498 3302 3569 ῥητῶν
3355 3499 3448 3552 τοῦ
3494 3499 3714 3570 ψαλμοῦ

2121 3591 2262 3661 μετά
2293 3589 2645 3661 ἀλληγορίας,
2695 3589 3019 3659 ἁλληγορείν
3060 3588 3153 3640 καὶ
3197 3589 3288 3642 τὸν
3324 3588 3557 3660 ψαλμόν.
3606 3593 3712 3658 Ζη-

2117 3685 2304 3754 τήσεις
2325 3683 2383 3735 δὲ
2417 3681 2646 3752 πότερον
2675 3681 2870 3732 ταυτὸν
2905 3682 3052 3732 ἐστιν
3085 3676 3232 3744 οἶκος
3267 3679 3449 3745 Δαυῒδ,
3477 3682 3570 3735 καὶ
3598 3681 3714 3744 υίὸς

2120 3775 2302 3828 Δαυΐδ.
2332 3775 2443 3828 Καὶ
2476 3775 2523 3826 εἱ
2559 3773 2633 3844 μὴ
2661 3773 2858 3826 ταυτόν
2886 3774 3054 3838 ἐστιν,
3103 3773 3418 3843 ἡμάρτηται
3473 3773 3534 3825 τὸ
3574 3774 3714 3826 κατὰ

2121 3865 2398 3921 Ματθαῖον
2435 3865 2744 3938 γραφικῶς,
2777 3864 2992 3934 ὀφεῖλον
3033 3863 3175 3934 ἔχειν
3219 3865 3338 3935 ἦτοι
3369 3863 3451 3928 δὶς
3476 3863 3554 3936 τῷ
3582 3863 3713 3935 οἴκῳ

2121 3957 2302 4023 Δαυῖδ,
2341 3958 2459 4030 ἦτοι
2483 3957 2560 4028 τῷ
2594 3957 2695 4028 υἱῷ
2717 3956 2902 4010 Δαυῖδ.

2196 4053 2413 4106 Ἕνεκα
2436 4049 2556 4104 τῶν
2579 4050 2810 4121 ἐχθρῶν
2831 4065 2970 4114 σου,
3005 4049 3109 4104 τοῦ
3133 4049 3476 4103 καταλῦσαι
3499 4046 3713 4117 ἐχθρὸν

2123 4143 2224 4197 καὶ
2259 4142 2605 4212 ἐκδικητὴν,
2637 4161 2692 4200 κ,
2727 4160 2776 4196 τ.
2811 4143 2855 4194 ὲ.
2903 4141 3128 4214 Ἐχθρὺν
3151 4143 3245 4196 καὶ
3263 4139 3552 4211 ἐκδικητὴν
3579 4139 3712 4212 (59),

2123 4237 2212 4290 τὸν
2234 4236 2485 4307 ἀληθινὸν
2517 4235 2628 4291 νόει
2653 4234 3141 4305 Ναϐουχοδονόσορ.
3179 4235 3284 4286 Τὸν
3307 4233 3552 4287 διάϐολον
3579 4251 3711 4286 κατ-

2125 4327 2312 4380 έλυσεν
2357 4329 2386 4379 ὁ
2433 4325 2670 4397 Χριστὸς
2719 4324 2789 4377 δι’
2833 4323 3028 4378 ἀλιέων
3073 4323 3166 4377 καὶ
3209 4323 3591 4395 ἀγραμμάτων
3625 4319 3715 4374 καὶ

2123 4423 2190 4492 τῇ
2223 4420 2394 4490 κακίᾳ
2419 4417 2817 4492 νηπιαζόντων.

2197 4519 2316 4570 Ὅτι
2348 4515 2570 4584 ὄψομαι
2593 4513 2738 4580 τοὺς
2768 4511 3065 4581 οὐρανοὺς
3084 4513 3226 4580 ἔργα
3255 4509 3376 4563 τῶν
3403 4508 3714 4563 δακτύλων

427 4613 604 4657 torum
633 4611 866 4666 tuorum,
889 4601 1070 4654 lunam
1089 4609 1137 4653 et
1169 4601 1371 4668 stellas,
1395 4617 1512 4670 qua:
1535 4613 1591 4653 tu
1615 4601 1877 4670 fundasti,
1904 4611 2010 4660 etc.

2119 4623 2255 4674 σου,
2291 4607 2568 4675 cedria-nr
2594 4607 2690 4660 καὶ
2722 4605 3002 4674 ἀστέρας,
3029 4602 3068 4657 ἃ
3101 4603 3181 4657 σὺ
3209 4601 3630 4671 ἐθεμελίωσας,
3661 4619 3716 4654 κ.

432 4713 454 4747 ι
514 4697 786 4762 Quoniam
821 4694 1014 4748 videbo
1069 4693 1257 4748 caelos.
1299 4713 1317 4745 ι
1367 4695 1498 4746 llem
1541 4694 1686 4747 illam
1719 4695 1880 4764 plane
1910 4697 2018 4751 sci-

431 4803 571 4852 mus,
610 4786 777 4858 584
809 4786 1025 4856 quando
1057 4797 1112 4840 et
1140 4787 1408 4840 rationem
1436 4787 1558 4853 ejus
1590 4795 1644 4839 et
1671 4801 1894 4840 causam
1929 4803 2022 4842 co-

429 4882 770 4950 gnoscimus.
812 4898 829 4932 ι
871 4877 1048 4949 Opera
1098 4881 1395 4950 digitorum
1449 4889 1685 4933 tuorum.
1738 4899 1756 4933 ι
1797 4881 2022 4948 Quaares

429 4989 500 5026 an
534 4971 636 5025 alia
670 4973 778 5026 sint
823 4987 988 5041 opera
1039 4971 1332 5042 digitorqu
1365 4971 1459 5025 Dei
1492 4974 1559 5026 ab
1591 4973 1852 5042 Operibus
1903 4991 2021 5030 ma-

431 5077 600 5115 nuum
651 5063 1011 5132 integrarum,
1061 5073 1114 5117 et
1148 5077 1270 5132 quae
1307 5064 1491 5130 priora
1540 5074 1690 5129 sunt,
1739 5067 1791 5118 in
1841 5078 2022 5136 poste.

431 5157 637 5206 rlorum
671 5163 826 5224 parte
867 5153 1226 5208 collocentur.
1265 5171 1283 5203 ι
1319 5153 1534 5207 Lunam
1563 5165 1617 5209 ct
1651 5157 1863 5222 stellas,
1899 5176 2021 5229 qua:

431 5255 486 5298 tu
547 5243 812 5300 fundasti.
855 5267 873 5300 ι
909 5247 1020 5302 Cur
1071 5245 1241 5304 solem
1295 5261 1400 5300 non
1457 5250 1806 5304 nominavit?
1857 5251 2024 5310 Forte

428 5337 555 5408 quia
589 5355 712 5393 cum
765 5339 1459 5410 introduciturquispiam,
1515 5341 1559 5394 is
1609 5344 1844 5410 primum
1901 5361 2022 5415 qua:

501 5483 545 5516 ⁸⁷
571 5483 710 5540 Gen.
743 5501 793 5538 ιιι
827 5494 882 5540 ct
909 5501 1056 5540 thx.

1149 5487 1196 5519 ⁸⁸
1221 5487 1369 5541 i’sal.
1405 5503 1610 5552 cxxvtt,
1637 5489 1692 5546 5.

431 5569 548 5619 xu,
582 5553 636 5610 9.
727 5556 773 5589 ³³
805 5557 937 5610 ibid.
979 5557 1064 5612 16.

505 5693 616 5762 (57)
651 5697 840 5760 Aurel
867 5700 1007 5760 εἱσι,
1034 5706 1142 5750 etc.
1171 5695 1400 5750 Scite-lae
1433 5693 1644 5756 Grabii,
1677 5675 1964 5747 Barbarus.

509 5763 620 5831 (58)
664 5765 768 5818 Ἐν
799 5765 880 5830 τῷ
927 5768 1076 5820 κατὰ
1100 5764 1426 5831 Ματοιιῐον,
1459 5777 1569 5818 etc.
1618 5764 1846 5818 Stlteda:
1895 5765 2033 5818 Gra-

435 5834 531 5896 llii,
571 5831 864 5888 Barbarus.

513 5903 626 5972 (59)
663 5903 914 5974 Ἐχθρὸν
939 5905 1034 5959 καὶ
1063 5903 1410 5972 ἐκδικητὴν,
1459 5913 1564 5958 etc.
1605 5904 1816 5960 Eadem
1869 5905 2030 5960 S'TilP-

1767 5491 1814 5522 ⁸⁸
1839 5491 1984 5548 Psal.
2018 5511 2138 5560 Clll,
2173 5495 2261 5550 lii.

2123 4720 2175 4756 τ.
2213 4703 2258 4754 ὲ.
2291 4720 2309 4751 ι
2350 4701 2471 4752 Ὅτι
2503 4699 2705 4769 ὄψομαι
2731 4695 2840 4767 (60)
2874 4696 3000 4759 τοὺς
3050 4694 3331 4768 οὐρανούς.
3381 4713 3399 4746 ι
3436 4693 3608 4746 Τοῦτο
3659 4695 3722 4746 τὸ

2129 4796 2361 4867 πρᾶγμα
2383 4792 2568 4862 σαφῶς
2597 4787 2962 4860 ἐπιστάμεθα,
2995 4787 3083 4842 ὅτε
3113 4787 3315 4840 καὶτὸν
3335 4787 3494 4856 λόγον
3529 4787 3719 4852 αὑτοῦ,

2129 4887 2222 4940 καὶ
2253 4885 2354 4957 τὴν
2381 4883 2561 4936 αἰτίαν
2607 4879 2973 4950 γινώσκομεν.
3014 4895 3032 4927 ι
3069 4879 3248 4949 Ἔργα
3295 4877 3401 4930 τῶν
3443 4878 3722 4930 δακτύλων

2132 4997 2248 5035 σου.
2277 4999 2293 5031 ι
2329 4977 2595 5048 Ζητήσεις
2629 4975 2676 5026 εἰ
2708 4973 2872 5044 ἕτερά
2897 4973 3013 5024 ὲστι
3042 4971 3111 5024 τά
3143 4971 3278 5042 ἔργα
3308 4970 3414 5024 τῶν
3443 4969 3722 5024 δακτύλων

2132 5071 2228 5126 τοῦ
2263 5069 2399 5125 Θεοῦ
2437 5067 2575 5138 πρὸς
2607 5066 2677 5119 τὰ
2712 5065 2850 5135 ἔργα
2879 5063 2988 5116 τῶν
3019 5062 3154 5116 ὅλων
3205 5062 3403 5134 χειρῶν
3441 5062 3626 5127 αὑτοῦ,
3675 5066 3722 5116 εί

2133 5167 2190 5217 ἐν
2229 5163 2383 5234 μέρει
2412 5159 2530 5212 ἐστὶ
2556 5157 2626 5210 τὰ
2659 5158 2898 5226 πρότερα
2929 5152 3038 5205 τῶν
3085 5152 3369 5224 δευτέρων.
3427 5173 3444 5204 ι
3487 5153 3722 5224 Σελήνην

2133 5257 2226 5310 καὶ
2257 5253 2516 5324 ἀστέρας,
2547 5251 2582 5305 ἃ
2611 5251 2674 5304 σὺ
2699 5245 3088 5318 ἐθεμελίωσας.
3130 5263 3148 5295 ι
3197 5244 3294 5298 Διά
3337 5243 3389 5297 τί
3437 5244 3590 5315 ἥλιον
3623 5245 3722 5298 οὐκ

2133 5347 2453 5418 (inopiae-sv;
2501 5345 2729 5414 Μήποτε
2771 5340 2860 5392 ὅτε
2909 5337 3008 5408 μὲν
3053 5336 3332 5404 εἰσάγεται
3381 5354 3486 5402 τις,
3535 5338 3721 5410 πρῶτα

3454 5481 3497 5512 ἐ
3531 5479 3722 5532 Matth.

2339 5495 2385 5526 ao
2429 5493 2636 5548 [gr-cies.
2683 5507 2743 5557 ιι,
2773 5490 2826 5546 4.
2903 5487 2946 5520 ⁹¹
2979 5485 3140 5540 Prov.
3171 5501 3251 5550 ιιι,
3292 5482 3380 5536 -l0.

2133 5697 2234 5754 tlte.
2261 5709 2316 5752 et
2351 5698 2644 5752 Barbarus.

2216 5769 2329 5840 (60)
2361 5771 2480 5822 Ὅτι
2529 5769 2772 5840 ὄψομαι.
2815 5762 3147 5840 _Cor_t|eritts__.
3179 5759 3506 5840 __Barbarus.
3563 5757 3723 5814 COdti.

2143 5832 2538 5904 Bat'oeeianus,
2568 5832 2622 5894 et
2643 5832 2877 5894 ⁷5ςιιιει1ιυ
2903 5832 3237 5889 Combelisii.
