4100 6426
389 377 524 428 1185

1370 360 1681 418 ΒΕΙΛΞΩΤᾹ
1725 358 1787 413 ΙΝ
1825 356 2167 412 PSALMOS.
2215 388 2276 397 --
2316 355 2510 410 PSAL.
2551 356 2640 410 IX.

3525 365 3663 421 “86

388 491 604 561 συνίησι
634 489 703 542 τὰ
739 489 835 559 τῆς
867 486 1081 550 νυκτὸς,
1120 484 1344 554 ὕστερον
1371 482 1426 535 δέ
1458 500 1590 536 ποτε
1619 482 1687 535 τὰ
1709 481 1808 553 τῆς
1835 480 1972 552 ήμέ-

2090 478 2261 532 noctis
2297 489 2445 544 sunt,
2499 476 2775 546 intelligit,
2824 477 3023 534 deinde
3051 493 3172 549 qua:
3205 481 3273 536 ad
3303 482 3447 538 diem
3495 487 3666 556 perti-

426 600 510 645 ας.

426 601 510 645 ας.

391 601 421 654 ρ
467 675 526 728 Τί
551 673 722 728 ἐστίν
742 670 1072 738 ἅνθρωπος,
1094 668 1181 721 ὅτι
1200 667 1514 737 μιμνήσκῃ
1540 666 1727 721 αὐτοῦ
1748 683 1764 729 ;
1785 665 1823 733 ἢ
1845 666 1976 731 υίὸς

388 767 724 834 ἀνθρώπου,
757 764 848 818 ὅτι
878 761 1211 829 ἐπισκέπτῃ
1241 762 1448 824 αὐτὸν,
1482 777 1535 814 κ.
1569 778 1618 812 τ.
1652 761 1698 812 ὲ.
1741 761 1803 812 Ei
1841 758 1975 812 θαυ-

394 860 580 930 μάζων
610 856 746 926 (61),
781 856 864 908 ὅτι
903 855 1268 924 μιμνήσκεται
1302 851 1508 922 Κύριος
1534 850 1628 903 τοῦ
1662 848 1974 920 ἀνθρώπου,

389 951 589 1004 καὶὸτι
620 945 1012 998 ὲπισκέπτεται
1065 943 1178 996 υἱὸν
1225 939 1538 1012 ἀνθρώπου,
1591 938 1767 992 ταῦτά
1819 955 1974 1010 φησι,

389 1040 571 1110 δῆλον,
603 1038 684 1090 ὅτι
715 1033 1020 1106 εὐεργετῶν
1052 1033 1466 1086 ἐπισκέπτεται.
1497 1028 1668 1082 Τοῦτο
1697 1029 1754 1082 δὲ
1781 1045 1978 1100 σημει-

389 1132 508 1204 ὡσῃ
539 1130 630 1184 διὰ
653 1131 735 1193 τὸ,
775 1146 792 1178 ι
845 1124 1246 1196 Ἐπισκὲψομαι
1288 1124 1345 1176 ὲν
1402 1123 1583 1194 ῥάϐδῳ
1613 1122 1712 1185 τὰς
1750 1122 1980 1192 ἀνομίας

393 1224 594 1287 αὐτῶν,
629 1223 724 1276 καὶ
758 1223 815 1273 ὲν
853 1217 1074 1290 μάστιξι
1107 1217 1207 1280 τὰς
1240 1217 1452 1280 ἀδικίας
1485 1216 1685 1280 αὐτῶν,
1725 1235 1744 1267 ι
1778 1217 1872 1270 καὶ
1893 1215 1979 1268 διὰ

393 1319 474 1379 τὸ,
514 1334 532 1366 ι
583 1315 697 1368 Οὐκ
751 1312 1120 1383 ἐπισκέψομαι
1169 1311 1261 1363 ἐπὶ
1291 1309 1391 1373 τὰς
1438 1309 1746 1380 θυγατέρας
1805 1307 1978 1376 ὑμῶν,

393 1408 522 1461 ὅταν
571 1405 901 1477 πορνεύωσι,
955 1404 1050 1456 καὶ
1085 1401 1177 1456 ἐπὶ
1215 1401 1317 1465 τὰς
1364 1402 1581 1472 νύμφας
1623 1399 1800 1470 ὑμῶν,
1852 1399 1980 1453 ὅταν

399 1500 718 1570 μοιχεύωσι,
761 1517 777 1547 ι
822 1498 916 1550 καὶ
939 1497 1009 1549 τὰ
1042 1497 1223 1566 ὃμοια.

479 1590 856 1654 Ἠλάττωσας
893 1588 1084 1643 αὐτὸν
1127 1588 1331 1655 ,βραχύ
1375 1605 1429 1640 τι
1483 1587 1619 1654 παρ’
1662 1586 1979 1655 ἀγγέλους,

392 1701 448 1738 κ.
479 1701 526 1735 τ.
551 1684 597 1735 ὲ.
625 1683 734 1734 Ka‘t
751 1681 912 1744 αὐτὸς
934 1679 1042 1750 γάρ
1068 1695 1159 1731 σου
1184 1676 1291 1748 (62)
1314 1677 1515 1747 γνῶσιν
1531 1677 1674 1748 ἔχειν
1702 1675 1980 1746 πεφυκὼς,

393 1777 494 1829 οὐκ
540 1773 896 1828 ἀπολείπεται
937 1773 1078 1826 λίαν.
1117 1771 1430 1842 Ὀμοιοῦται
1455 1770 1564 1841 γάρ
1607 1787 1710 1831 σοι,
1750 1768 1892 1822 κατὰ
1924 1769 1984 1822 τὸ

392 1867 636 1930 δυνατὸν,
667 1865 953 1936 ἁγιότητος
977 1865 1068 1917 καὶ
1096 1863 1295 1934 ἀρετῆς
1315 1861 1599 1933 ἀναλήψει.
1628 1861 1737 1915 Καὶ
1761 1861 1848 1914 διὰ
1883 1860 1982 1931 τὴν

394 1959 577 2013 εἰκόνα
608 1958 704 2012 καὶ
729 1957 829 2028 τὴν
860 1955 1118 2027 ὁμοίωσιν
1143 1955 1241 2026 τὴν
1271 1953 1381 2008 τῶν
1407 1953 1617 2024 θνητῶν
1648 1953 1797 2024 αὐτῷ
1828 1952 1981 2016 ζώων

397 2050 734 2122 προστασίαν
773 2048 1099 2118 ἁπένειμας.
1147 2046 1364 2110 Ταύτας
1391 2046 1642 2117 εἰρῆσθαι
1674 2047 1804 2118 περ).
1845 2047 1982 2118 Χρι-

400 2141 526 2196 στοῦ
549 2142 648 2205 τὰς
676 2141 850 2205 λέξεις
879 2142 906 2193 ὁ
937 2139 1146 2202 Παῦλος
1179 2138 1451 2210 Ἑϐραίοις
1483 2139 1637 2209 φησί.
1665 2138 1828 2206 Λέγει
1850 2138 1979 2208 γάρ’

401 2251 422 2284 ι
452 2234 556 2286 Τὸν
583 2234 640 2286 δὲ
673 2231 846 2304 βραχύ
875 2248 929 2283 τι
961 2231 1092 2303 παρ’
1138 2229 1406 2298 ἀγγέλους
1447 2229 1830 2300 ἠλαττωμένον
1859 2230 1983 2299 βλέ-

396 2343 572 2393 πομεν
613 2323 838 2394 Ἰησοῦν,
868 2323 958 2377 διὰ
988 2323 1050 2375 τὸ
1083 2321 1316 2393 πάθημα
1341 2321 1437 2375 τοῦ
1467 2321 1701 2376 θανάτου
1731 2321 1855 2393 δόξῃ
1891 2322 1987 2375 κα1¹

392 2420 528 2488 τιμῇ
556 2414 1021 2485 ἐστεφανωμένον.
1069 2432 1086 2463 ι

469 2687 623 2755 Δόξῃ
653 2685 749 2739 καὶ
781 2682 924 2753 τιμῇ
955 2681 1387 2752 ἐστεφάνωσας
1414 2679 1604 2734 αὐτόν
1623 2696 1636 2710 °
1677 2678 1776 2735 καὶ
1811 2677 1987 2732 κατέ-

397 2795 636 2848 στησας
664 2777 853 2831 αὑτὸν
903 2775 1001 2828 ἐπὶ
1035 2774 1110 2828 τὰ
1150 2773 1296 2842 ἔργα
1335 2772 1455 2826 τῶν
1491 2768 1706 2840 χειρῶν
1747 2784 1886 2830 σου,
1929 2784 1983 2820 κ.

397 2889 449 2925 τ.
482 2872 528 2924 ἑ.
565 2870 675 2923 Καὶ
703 2868 732 2919 ὁ
774 2867 1098 2929 Ἀπόστολος
1139 2864 1251 2936 (65)
1279 2863 1530 2917 ἐντεῦθεν
1558 2862 1809 2931 ὠνόμασε
1839 2879 1858 2911 ι
1894 2857 1988 2912 τὸν

401 2964 713 3034 ἀμάραντον
735 2961 834 3031 τῆς
861 2958 1020 3027 δόξης
1061 2957 1343 3025 στέφανον.
1380 2975 1398 3005 ι
1429 2954 1540 3008 Καὶ
1582 2952 1694 3005 ἔσθ’
1718 2953 1808 3004 ὅτε
1852 2950 1986 3019 τιμῇ

398 3051 846 3124 ἐστεφανωμένος
877 3066 962 3110 τις
984 3047 1045 3098 οὐ
1082 3045 1426 3118 συνῆκεν,ῶς
1459 3047 1516 3096 ὲν
1547 3042 1626 3112 τῷ
1645 3059 1660 3074 ο
1695 3060 1712 3092 ι
1751 3040 1989 3110 Ἀνθρω-

2077 580 2229 628 nent.

2151 659 2315 714 Vsus.
2349 661 2402 714 5.
2433 660 2573 725 Quid
2600 670 2675 714 est
2710 663 2864 712 homo
2900 659 3042 728 quod
3068 677 3269 715 memor
3298 679 3350 716 es
3381 664 3496 729 ejus
3517 666 3543 719 .9
3574 676 3668 717 aut

2077 752 2224 821 filius
2262 754 2516 820 hominis,
2549 755 2799 822 quoniam
2841 754 3026 807 visitas
3069 770 3188 807 eum
3219 757 3244 809 2
3283 764 3390 809 etc.
3432 755 3588 822 Quod
3622 759 3666 810 si

2080 845 2314 900 miratus
2363 845 2652 899 Dominum
2704 845 2943 899 hominis
2995 847 3316 901 meminisse
3361 858 3416 900 et
3444 848 3668 902 visitare

2082 936 2252 991 lilium
2295 937 2555 1000 hominis,
2609 939 2726 992 haec
2756 938 2908 1001 dicit,
2946 937 3153 990 clarum
3179 948 3261 992 est
3292 955 3416 993 eum
3445 940 3670 994 benefa-

2083 1030 2278 1084 ciendo
2311 1030 2559 1085 visitare.
2597 1029 2712 1084 Hoc
2761 1042 2944 1084 autem
2980 1031 3300 1086 observabis
3350 1042 3572 1102 propter
3601 1035 3668 1086 il-

2083 1121 2172 1174 lud
2203 1121 2292 1175 tu:
2332 1139 2350 1171 ι
2403 1121 2648 1176 Visitabo
2697 1123 2749 1175 iu
2799 1123 2948 1191 virga
3003 1123 3324 1191 iniquitates
3370 1141 3584 1191 eorum,
3619 1137 3672 1178 ct

2083 1213 2136 1267 in
2171 1213 2489 1268 verberibus
2517 1227 2744 1282 peccata
2779 1230 2992 1280 eorum,
3038 1235 3057 1267 ι
3091 1226 3145 1270 ct
3175 1219 3669 1286 propteristud”:

2089 1323 2108 1356 ι
2143 1306 2256 1360 Non
2297 1308 2531 1361 visitabo
2579 1323 2742 1377 super
2784 1309 2924 1363 tilias
2958 1318 3190 1374 vestras,
3221 1326 3343 1365 cmn
3391 1311 3674 1364 fornicata:

2085 1398 2310 1462 fuerint,
2363 1410 2417 1453 et
2472 1415 2637 1468 super
2672 1416 2869 1456 uxores
2901 1411 3133 1466 vestras,
3165 1418 3286 1456 cum
3329 1403 3674 1458 adulterave-

2085 1495 2216 1556 rint,
2260 1513 2277 1544 ι
2317 1503 2372 1548 et
2407 1494 2628 1548 similia.

2161 1585 2324 1640 Vsus.
2355 1584 2408 1642 6.
2439 1585 2687 1639 Minuisti
2715 1603 2832 1640 eum
2857 1587 3198 1655 paulominus
3223 1591 3288 1642 ab
3317 1591 3673 1660 nugelis,etc.

2091 1680 2302 1735 Etenim
2334 1694 2456 1732 cum
2507 1679 2622 1748 ipse
2669 1688 2861 1733 natura
2913 1690 3072 1750 aptus
3105 1683 3174 1736 sit
3206 1683 3271 1735 ad
3305 1684 3379 1736 tui
3412 1685 3668 1738 notitiam

2088 1771 2557 1839 consequendam,
2596 1785 2698 1823 non
2730 1771 3024 1826 admodum
3059 1773 3125 1826 ab
3155 1773 3262 1826 illis
3307 1775 3492 1827 distat.
3524 1776 3677 1830 Assi-

2091 1862 2316 1916 milatur
2355 1863 2502 1916 enim
2559 1861 2677 1923 tibi,
2715 1863 2894 1929 quoad
2934 1861 3051 1915 ﬁeri
3080 1873 3278 1930 petest,
3313 1879 3436 1917 cum
3470 1868 3678 1920 sancti-

2089 1961 2254 2007 tatem
2291 1963 2347 2007 et
2375 1952 2631 2006 virtutem
2656 1952 2758 2006 sibi
2786 1953 3149 2023 comparavit.
3179 1953 3246 2007 Et
3288 1967 3518 2024 prepter
3540 1958 3677 2010 ima-

2087 2046 2267 2114 ginem
2325 2061 2388 2100 ac
2440 2046 2907 2105 similitudinem.
2962 2046 3254 2116 imperium
3311 2047 3409 2118 ipsi
3468 2059 3676 2102 morta-

2088 2134 2218 2189 lium
2261 2135 2582 2189 animalium
2632 2137 2934 2191 tradidisti.
2983 2138 3159 2192 Verba
3192 2139 3306 2191 haec
3334 2140 3400 2192 de
3453 2139 3678 2192 Christo

2088 2225 2201 2280 dici
2261 2226 2470 2280 Paulus
2532 2227 2586 2281 in
2662 2228 2908 2297 Epistola
2973 2229 3041 2282 ad
3099 2227 3357 2282 llebrmos
3422 2229 3676 2283 allirmat.

2088 2322 2181 2374 Ait
2231 2321 2378 2373 enim
2437 2321 2482 2351 ⁹⁶
2540 2341 2551 2374 :
2619 2337 2638 2370 ι
2696 2319 2831 2372 Eum
2879 2329 3061 2374 autem
3110 2322 3200 2389 qui
3257 2322 3471 2374 modico
3515 2338 3677 2390 quam

2091 2415 2268 2485 angeli
2347 2414 2656 2467 minoratus
2721 2423 2846 2478 est,
2910 2413 3160 2468 videmus
3235 2411 3465 2479 Jesum,
3552 2431 3684 2482 prc—

2089 2515 2215 2576 pter
2262 2506 2571 2575 passionem
2625 2507 2840 2572 mortis,
2894 2505 3068 2576 gloria
3112 2514 3167 2560 et
3205 2506 3417 2560 honore
3451 2521 3683 2560 corona-

2093 2613 2229 2654 tttm.
2269 2615 2286 2648 ι

2166 2687 2329 2743 Vens.
2360 2689 2414 2752 6,
2447 2691 2498 2742 7.
2545 2688 2732 2743 Gloria
2774 2699 2822 2741 et
2873 2691 3072 2744 honore
3123 2693 3394 2745 eoronasti
3437 2707 3578 2758 eum,
3633 2700 3684 2742 et

2090 2783 2414 2837 constituisti
2443 2798 2563 2836 eum
2607 2799 2767 2848 super
2803 2798 2960 2850 opera
3000 2799 3256 2836 manuum
3299 2793 3538 2847 tuarum,
3571 2793 3681 2836 etc.

2096 2874 2236 2929 llinc
2286 2876 2450 2928 etiam
2504 2871 2796 2942 Apostolus
2852 2890 2872 2923 ι
2931 2873 3449 2927 immarcescibilem
3497 2873 3685 2942 gloria:

2091 2980 2352 3020 coronam
2413 2984 2432 3019 ρ
2489 2964 2794 3017 nominavit
2825 2964 2892 3018 ⁸⁷.
2952 2964 3039 3017 Fit
3078 2964 3244 3019 etiam
3282 2965 3578 3033 aliquando
3626 2975 3686 3017 ut

2091 3058 2214 3126 quis
2265 3072 2323 3111 se
2353 3056 2527 3127 gloria
2562 3062 2883 3109 coronatum
2932 3071 3040 3109 non
3095 3055 3384 3125 intelligat,
3420 3056 3579 3125 juxta
3618 3057 3685 3108 il-

399 3149 578 3211 ποςὲν
610 3145 740 3214 τιμῆ
782 3143 856 3194 ὢν
895 3142 956 3193 οὐ
988 3139 1243 3209 συνῆκεν.
1286 3157 1304 3189 ι
1341 3137 1454 3190 Οὐκ
1473 3133 1679 3190 Ἐπὶτὰ
1715 3132 1852 3202 ἔργα
1892 3149 1984 3184 σου

2094 3148 2184 3203 Iud
2215 3149 2263 3180 ⁹⁸
2297 3166 2310 3202 :
2353 3167 2374 3216 c_
2408 3147 2578 3201 Homo
2609 3162 2733 3200 cum
2776 3147 2828 3200 in
2862 3147 3071 3201 honore
3105 3157 3271 3210 esset,
3306 3162 3412 3200 non
3469 3147 3683 3200 intelle-

398 3242 457 3295 δὲ
498 3236 673 3301 εἶπεν,
703 3237 848 3306 ἅπερ
883 3230 1036 3305 οἶμαι
1073 3227 1215 3286 εἶναι
1246 3230 1316 3283 τὰ
1351 3229 1426 3301 μὴ
1450 3220 1776 3299 βλεπόμενα.
1829 3224 1987 3296 Πρῶ-

401 3350 483 3386 τοι
514 3331 612 3402 μὲν
647 3326 739 3382 οὖν
789 3329 845 3380 ὲν
896 3325 1078 3397 ἔργοις
1113 3321 1282 3394 ἐσμὲν
1311 3321 1511 3393 χειρῶν
1547 3319 1706 3385 Θεοῦ,
1740 3318 1990 3372 τουτέστι

397 3427 511 3489 τοῖς
553 3422 627 3494 μὴ
661 3419 1038 3493 βλεπομένοις.
1075 3415 1266 3470 Ταῦτα
1291 3415 1348 3468 δὲ
1382 3414 1476 3468 καὶ
1513 3412 1654 3484 μετὰ
1693 3411 1791 3482 τὴν
1832 3413 1983 3464 ἐναν-

399 3517 686 3590 ορώπησιν
712 3515 915 3568 νοεῖται
947 3509 1041 3564 τοῦ
1064 3507 1200 3563 Θεοῦ
1229 3507 1326 3561 καὶ
1354 3507 1606 3577 Σωτῆρος
1641 3505 1798 3576 ἡμῶν
1822 3521 1834 3534 ⁸
1865 3500 1990 3575 δόξῃ

398 3614 509 3682 γὰρ
539 3611 634 3664 καί⁹
666 3609 799 3679 τιμῇ
834 3607 862 3658 ὁ
894 3604 1180 3676 ἄνθρωπος
1207 3600 1583 3670 ἐστεφάνωται
1604 3617 1616 3628 ·
1641 3619 1658 3650 ι
1693 3599 1990 3669 Συνήγειρε

396 3704 506 3775 γὰρ
531 3704 679 3773 ἡμᾶς
711 3701 807 3755 καὶ
836 3696 1189 3751 συνεκάθισεν
1213 3696 1270 3751 ἐν
1301 3697 1413 3759 τοῖς
1441 3691 1804 3764 ἐπουρανίοις,
1837 3709 1854 3742 ι
1894 3707 1994 3744 κα-

399 3796 509 3859 θώς
536 3809 699 3866 φησιν
727 3795 755 3846 ό
796 3791 1136 3855 Ἀπόστολος.

473 3971 678 4026 Πάντα
713 3969 1020 4035 ὑπέταξας
1045 3965 1329 4023 ὑποκάτω
1367 3962 1488 4018 τῶν
1531 3961 1734 4016 ποδῶν
1779 3961 1990 4024 αὐτοῦ,

401 4066 668 4134 πρόϐατα
711 4061 810 4116 καὶ
845 4061 1002 4127 ,βόας
1052 4058 1280 4124 πάσας,
1311 4057 1399 4111 ἔτι
1445 4055 1514 4109 δὲ
1559 4053 1662 4108 καὶ
1696 4052 1772 4107 τὰ
1798 4051 1990 4120 κτήνη

401 4157 510 4212 τοῦ
555 4156 788 4218 πεδίου,
831 4154 903 4210 τὰ
943 4151 1185 4207 πετεινὰ
1221 4149 1329 4204 τοῦ
1378 4147 1662 4216 οὐρανοῦ,
1703 4144 1805 4199 καὶ
1849 4143 1991 4209 τοὺς

402 4250 615 4318 ἰχθύας
641 4246 750 4316 τῆς
781 4244 1121 4312 θαλάσσης,
1153 4260 1208 4296 κ.
1241 4259 1292 4296 τ.
1344 4242 1391 4295 ὲ.
1422 4241 1596 4293 Ὅπου
1641 4237 1740 4310 μὲν
1771 4234 1992 4307 καθαρὰ

403 4342 514 4415 (64)
551 4341 798 4413 πρόϐατα
824 4338 919 4392 καὶ
954 4337 1096 4408 βόες,
1129 4354 1147 4386 ‹
1187 4333 1368 4387 πάντα
1397 4352 1416 4383 ›
1453 4329 1824 4402 προσέθηκεν⁸
1861 4326 1992 4382 ἔνθα

399 4432 458 4486 δὲ
495 4431 769 4502 ἐνδέχεται
819 4429 915 4481 καὶ
965 4425 1274 4496 ἀκάθαρτα,
1331 4421 1408 4484 ὡς
1455 4422 1549 4476 ἐπὶ
1602 4420 1713 4475 τῶν
1773 4416 1989 4490 κτηνῶν

2094 3240 2192 3294 xit.
2229 3259 2247 3292 ι
2288 3238 2406 3293 Νοη
2435 3239 2571 3293 dixit
2605 3250 2810 3303 autem,
2849 3238 3023 3308 Super
3053 3253 3216 3306 opera
3259 3248 3368 3305 tua,
3420 3255 3539 3308 quae
3569 3242 3684 3294 cxi-

2095 3331 2258 3385 stimo
2289 3345 2408 3385 esse
2441 3345 2503 3383 ea
2544 3345 2668 3397 qute
2698 3345 2805 3383 non
2848 3331 3117 3385 videntur.
3152 3330 3263 3385 Nos
3301 3332 3467 3402 igitur
3522 3333 3680 3402 primi

2093 3439 2282 3478 sumus
2313 3425 2365 3476 in
2397 3423 2654 3491 cperibus
2688 3439 2944 3477 manuum
2978 3423 3095 3489 Dei,
3130 3424 3182 3478 id
3214 3435 3299 3478 est
3328 3424 3395 3478 iis
3429 3439 3550 3494 qua:
3575 3441 3679 3478 non

2095 3515 2371 3570 videntur.
2425 3513 2552 3568 Haec
2602 3513 2767 3567 etiam
2824 3522 2946 3584 post
3001 3514 3435 3570 incarnationem
3487 3517 3579 3572 Dei
3628 3527 3686 3570 et

2096 3606 2400 3661 Salvatoris
2436 3605 2630 3668 nostri,
2669 3605 2845 3662 locum
2881 3608 3086 3663 habere
3123 3607 3520 3677 intelliguntur.
3555 3624 3682 3662 nam

2093 3701 2264 3770 gloria
2295 3706 2349 3754 et
2383 3699 2589 3754 honore
2630 3711 2928 3756 coronatus
2955 3710 3038 3755 est
3068 3701 3234 3754 homo
3266 3719 3280 3755 :
3319 3718 3337 3750 ι
3381 3699 3686 3755 Conresus-

2095 3792 2285 3848 citavit
2326 3794 2471 3848 enim
2505 3809 2602 3848 nos
2636 3803 2692 3849 et
2716 3794 3014 3849 consedere
3044 3793 3174 3848 iecit
3204 3794 3257 3847 in
3291 3792 3626 3856 cmlestibus,
3660 3811 3679 3843 ι

2097 3896 2156 3939 ut
2187 3886 2265 3940 ait
2285 3886 2582 3955 Apostolus
2608 3887 2676 3942 ⁸⁸.

2171 3975 2335 4029 Vens.
2368 3977 2422 4041 8,
2451 3977 2506 4032 9.
2555 3978 2751 4032 Omnia
2806 3977 3076 4046 subjecisti
3127 3977 3223 4031 sub
3269 3977 3493 4046 pedibus
3542 3976 3681 4045 ejus,

2096 4079 2212 4118 oves
2235 4073 2284 4119 et
2316 4065 2467 4119 boves
2495 4068 2791 4130 universas,
2823 4068 3039 4135 insuper
3066 4076 3114 4119 et
3148 4055 3340 4134 pecora
3371 4067 3566 4134 campi,
3599 4083 3688 4117 co—

2094 4156 2269 4210 lueres
2298 4158 2411 4211 coeli
2433 4168 2482 4210 et
2510 4159 2678 4227 pisces
2706 4159 2892 4222 maris,
2915 4168 3023 4212 etc.
3047 4158 3498 4228 Quandoquidem
3529 4172 3687 4210 num—

2095 4247 2178 4302 da:
2206 4258 2334 4303 sunt
2371 4264 2501 4302 oves
2552 4259 2607 4302 et
2653 4251 2840 4315 boves,
2878 4249 3083 4303 addidit
3119 4268 3138 4301 ‹
3169 4249 3490 4313 universas;
3531 4269 3551 4301 ι
3588 4249 3682 4302 ubi

2095 4353 2229 4393 vero
2273 4341 2551 4394 immunda
2581 4357 2704 4396 esse
2752 4341 3009 4395 animalia
3059 4350 3311 4411 possunt,
3345 4350 3405 4395 ut
3434 4342 3486 4393 in
3524 4356 3686 4410 peco-

2097 4431 2246 4486 ribus
2279 4433 2482 4501 campi,
2515 4448 2624 4486 non
2658 4433 2794 4486 dicit
2827 4432 3036 4486 omnia.
3067 4433 3145 4487 lta
3184 4440 3237 4488 ct
3272 4435 3324 4488 in
3365 4433 3688 4488 volucribus

397 4524 495 4578 τοῦ
525 4523 732 4586 πεδίου,
755 4522 856 4575 οὐκ
901 4520 1119 4592 εἴρηται
1168 4537 1186 4570 ι
1217 4518 1414 4573 πάντα.
1444 4536 1464 4569 ι
1505 4514 1739 4586 Ὁμοίως
1761 4512 1858 4566 καὶ
1894 4510 1984 4564 ἐπὶ

2098 4525 2225 4579 coeli
2259 4534 2314 4580 et
2354 4527 2600 4596 piscibus
2633 4528 2824 4582 maris.

399 4617 509 4670 τῶν
550 4614 814 4669 πετεινῶν
843 4611 937 4667 τοῦ
973 4609 1206 4683 οὐρανοῦ
1248 4612 1344 4664 καὶ
1396 4608 1594 4680 ἰχθύων
1629 4605 1728 4676 τῆς
1781 4603 1986 4658 θαλάσ-

403 4726 522 4782 σης-

998 4889 1054 4941 Ψ
1057 4885 1291 4940 ΑΛΜΟΣ
1317 4884 1393 4937 8'.

472 4987 576 5051 Εἰς
619 4983 681 5036 τὸ
710 4982 884 5047 τέλος
912 4980 1064 5048 ὑπὲρ
1092 4978 1212 5032 τῶν
1239 4978 1510 5048 κρυφίων
1537 4977 1644 5032 τοῦ
1671 4976 1808 5032 υἱοῦ
1836 4979 1996 5046 ψαλ-

401 5077 519 5148 μὸς
563 5075 644 5142 τῷ
685 5072 905 5136 Δαυῒδ,
936 5089 990 5125 κ.
1033 5089 1083 5124 τ.
1117 5072 1164 5124 ὲ.
1209 5069 1437 5140 Κρύφιά
1477 5071 1596 5123 ἐστι
1639 5068 1748 5139 (65)
1794 5067 1994 5137 γνῶσις

404 5169 714 5242 ἀπόρρητος
745 5165 852 5219 τῶν
889 5163 1018 5235 περὶ
1043 5161 1278 5234 Χριστοῦ
1305 5160 1401 5216 τοῦ
1440 5159 1696 5233 ἀληθινοῦ
1724 5160 1860 5214 Θεοῦ
1896 5179 1996 5231 μυ-

407 5259 664 5332 στηρίων.

478 5377 526 5409 ⁸⁸
559 5374 702 5429 Psal.
749 5387 1011 5436 Lxxxvul,
1054 5371 1145 5426 55.
1251 5369 1300 5402 ⁸⁵
1342 5369 1502 5425 Osee.
1555 5381 1643 5432 tv,
1696 5365 1786 5420 M.

409 5449 454 5480 ”
482 5447 678 5518 Ephes.
709 5461 767 5509 Il,
805 5443 858 5497 6.

485 5565 596 5634 (61)
647 5565 718 5616 El
762 5559 1091 5634 θαυμάζων,
1119 5568 1264 5634 etc.
1308 5555 1625 5634 Corderius,
1679 5553 1989 5615 Barbarus,

409 5626 626 5691 schedia
657 5626 995 5693 Couilmfisii,
1031 5631 1201 5683 codex
1231 5626 1618 5681 Baroccianus.

481 5705 592 5777 (ϐῆ)
617 5705 724 5760 Καὶ
760 5702 945 5769 αὐτὸς
977 5700 1088 5772 γάρ
1123 5713 1260 5766 σου,
1289 5709 1393 5754 etc.
1431 5694 1756 5752 Corderius.
1791 5692 1994 5748 Barba-

415 5795 591 5909 milia)
626 5846 730 5899 Hui
765 5848 796 5898 ὁ
830 5843 1236 5907 Ἀπόστολος,
1283 5846 1388 5894 etc.
1430 5835 1659 5893 Schedae
1705 5832 1890 5891 Grahii
1940 5843 1994 5889 ct

1889 5364 1936 5397 “
1977 5363 2140 5420 llcbr.
2196 5378 2272 5427 ιι.
2322 5364 2378 5419 9.

2672 4882 2796 4938 PSA
2806 4881 2992 4939 LMUS
3030 4881 3121 4938 IX.

2173 4976 2338 5047 585
2381 4979 2542 5032 VEns.
2573 4978 2622 5030 1.
2671 4976 2734 5031 1η
2767 4977 2925 5044 ﬁnem
2955 4991 3054 5044 pro
3081 4971 3302 5028 occultis
3327 4973 3426 5042 ﬁlii
3451 4973 3690 5043 paulum:

2105 5066 2310 5129 David,
2360 5075 2467 5122 etc.
2520 5067 2744 5122 Occulta
2805 5076 2889 5121 est
2955 5064 3243 5122 incliabilis
3294 5067 3686 5134 mysteriorum

2102 5159 2308 5214 Christi
2332 5163 2443 5214 veri
2481 5159 2573 5213 Dei
2607 5159 2866 5229 cognitio.

2483 5361 2750 5417 "lPetr.
2800 5377 2854 5428 ν,
2885 5364 2941 5418 4.
3047 5361 3093 5394 ⁸⁸
3143 5360 3289 5417 Psal.
3339 5375 3543 5428 χινιιι,
3595 5361 3684 5418 13.

2103 5547 2439 5612 Combelisii,
2471 5546 2656 5602 Daniel
2678 5545 2977 5602 Barbarus.

2174 5619 2287 5691 (64)
2313 5620 2505 5691 Ὅπου
2526 5615 2926 5691 μὲνμκαοαρά,
2945 5625 3053 5670 etc.
3084 5612 3266 5668 Codex
3291 5614 3662 5668 Baroccianus

2102 5687 2316 5746 schedio
2359 5687 2692 5750 Combeﬂsii,
2726 5698 2780 5741 et
2809 5687 3098 5741 Barbarus.

2175 5756 2288 5833 (65)
2315 5760 2547 5829 Κρύφιά
2587 5759 2758 5824 ἐστι,
2805 5767 2911 5813 etc.
2951 5755 3178 5813 Schcdte
3216 5753 3405 5809 Grabii
3429 5794 3442 5820 ,
3485 5754 3687 5809 Barba-

2103 5847 2218 5890 HIS.
