4100 6432
453 321 584 374 H87

445 535 602 588 corde
628 551 782 598 meo;
814 537 1046 589 narrabo
1098 540 1276 592 omnia
1318 543 1586 596 mirabilia
1626 556 1738 600 tua.
1791 546 2035 603 La’tabor

445 639 495 678 et
521 626 798 679 exsultabo
847 627 1007 694 inte,
1053 630 1282 697 psallam
1336 637 1538 688 nomini
1574 649 1698 699 mo,
1744 639 2033 709 ΑΙιὶδδίηιε,

446 725 552 772 etc.
597 717 697 783 Qui
749 733 815 772 ex
871 728 984 773 toto
1033 723 1200 775 corde
1253 724 1446 794 diligit,
1495 728 1540 780 is
1597 741 1778 797 potest
1807 748 1876 788 ex
1920 745 2034 789 toto

443 812 610 866 corde
643 812 918 866 conﬁteri.
973 832 992 864 (
1029 814 1275 869 Narrabo
1309 819 1491 872 omnia
1539 823 1808 877 mirabilia
1859 836 1970 888 tua,
2010 852 2029 880 ο

441 914 497 956 et
525 919 646 973 qua:
698 916 1024 974 sequuntur.
1081 907 1309 974 Quando
1359 912 1484 979 quis
1527 915 1731 984 scripta
1783 920 2031 987 prodigia

442 1008 564 1060 qua:
589 994 863 1048 mirabilia
895 1006 1023 1049 sunt
1045 999 1258 1064 aperire
1287 1011 1486 1067 potest,
1513 1018 1616 1070 qua
1653 1007 1863 1061 ratione
1889 1007 2030 1062 facta

402 1081 572 1176 fsint.
609 1094 660 1137 et
692 1084 851 1152 cujus
884 1086 960 1139 rei
997 1088 1108 1140 sint
1141 1090 1411 1158 symbola,
1451 1103 1575 1148 tunc
1609 1094 1737 1150 fecit
1771 1114 1892 1166 quae
1942 1101 2031 1154 bic

442 1175 720 1227 dicuntur.
783 1175 894 1230 Hoc
955 1188 1136 1232 autem
1173 1180 1343 1235 solius
1369 1197 1490 1238 esse
1527 1184 1826 1244 Salvatoris
1870 1207 2029 1255 opus.

439 1264 618 1331 palam
650 1277 750 1320 est.
784 1267 938 1332 Quod
970 1269 1013 1322 si
1049 1279 1104 1322 et
1139 1283 1394 1326 creatura
1422 1284 1476 1328 et
1507 1280 1693 1332 omnia
1733 1295 1856 1348 qua:
1903 1282 2030 1338 fecit

443 1357 603 1423 Deus,
639 1361 913 1414 mirabilia
948 1361 1064 1427 ejus
1093 1375 1242 1428 sunt,
1280 1366 1450 1420 multo
1481 1370 1650 1437 magis
1681 1374 2025 1442 perspicuum

440 1453 547 1504 erit
602 1450 908 1506 Salvatoris
959 1469 1081 1507 esse
1137 1458 1467 1513 orationem.
1528 1460 1662 1525 Quis
1697 1465 1840 1517 enim
1899 1482 2027 1522 vero

443 1545 688 1595 narrabit
736 1545 919 1597 omnia
979 1546 1247 1598 mirabilia
1298 1547 1511 1616 Patris,
1573 1552 1677 1606 nisi
1739 1555 2024 1623 Dominus,

440 1637 602 1705 idque
642 1638 899 1705 perfectis
946 1639 1037 1705 qui
1092 1639 1398 1709 intelligere
1459 1642 1727 1710 ejusmodi
1777 1649 2024 1719 prodigia

435 1737 684 1796 possunt,
711 1738 764 1781 et
795 1730 860 1784 de
889 1729 1088 1797 quibus
1121 1733 1464 1796 potissimum
1508 1738 1722 1793 dicetur
1756 1739 1772 1770 ¹
1803 1759 1817 1796 :
1869 1761 1888 1794 ι
1919 1739 2022 1794 Sa-

1869 333 1960 392 EX
2000 336 2307 394 ORIGENE

520 442 688 496 Vens.
741 442 796 509 2,
847 443 900 498 5.
959 443 1260 512 Conﬁtebor
1335 449 1464 516 tibi,
1521 450 1778 522 Domine,
1822 456 1878 510 in
1927 468 2034 512 toto
2067 468 2113 522 Α

3599 370 3740 426 H88

2215 464 2773 560 Ἑξομολογήσομαί
2787 490 2907 540 σοι,
2928 477 3124 546 Κύριε,
3142 479 3214 534 ἐν
3230 481 3346 552 ὅλῃ
3369 486 3583 556 καρδίᾳ
3598 510 3736 560 μου⁸

2137 554 2499 626 διηγήσομαι
2517 559 2714 617 πάντα
2732 564 2806 617 τὰ
2825 567 3129 635 θαυμάσια
3152 586 3288 626 σου.
3309 554 3740 648 Εὐφρανθίήσο-

2131 664 2238 716 μαι
2253 649 2349 702 καί
2368 651 2812 724 ἀγαλλιάσομαι
2827 657 2898 710 ἑν
2911 659 3031 722 σοί,
3047 663 3224 729 ψαλῶ
3240 664 3320 731 τῷ
3333 668 3581 738 ὀνόματί
3592 688 3734 738 σου,

2139 741 2408 808 Ὕψιστῶ
2439 760 2494 796 κ.
2531 762 2581 796 τ.
2605 747 2651 798 ὲ.
2684 749 2742 799 Ὀ
2759 747 2818 812 ἐξ
2843 749 2972 819 ὅλης
2999 753 3227 823 καρδίας
3255 756 3485 825 ἀγαπῶν
3511 762 3734 819 δύναται

2135 832 2195 921 ἐξ
2221 833 2348 921 δλης
2377 835 2604 906 καρδίας
2633 837 3091 907 ἐξομολογεῖσθαι.
3126 863 3142 894 ι
3175 847 3518 921 Διηγήσομαι
3552 855 3730 910 πάντα

2137 919 2206 971 τὰ
2234 918 2510 989 θαυμάσια
2536 941 2659 987 σου,
2699 945 2718 977 ι
2753 929 2845 980 καὶ
2881 929 2950 982 τά
2978 931 3125 1002 ἑξῆς.
3166 937 3332 992 Ὅταν
3361 918 3717 1018 ἀναγεγραμ-

2141 1013 2279 1081 μένα
2319 1016 2595 1085 τεράστια,
2643 1018 2930 1090 θαυμαστά
2964 1028 3326 1097 τυγχάνοντα,
3373 1013 3718 1112 παραστῆσαι

2136 1101 2431 1172 δυνάμενος
2472 1101 2516 1175 ᾧ
2559 1107 2699 1180 λόγῳ
2737 1114 2954 1180 γέγονε,
2986 1119 3081 1170 καὶ
3122 1119 3263 1184 τίνος
3299 1124 3414 1177 ἐστὶ
3447 1101 3712 1197 σύμϐολα,

2137 1199 2406 1268 πεποίηκε
2439 1201 2505 1254 τὰ
2530 1205 2816 1274 εἰρημένα.
2856 1208 3026 1263 Τοῦτο
3052 1212 3106 1264 δὲ
3141 1215 3301 1284 μόνου
3340 1217 3435 1270 τοῦ
3463 1219 3717 1292 Σωτῆρος

2137 1287 2293 1359 ἔργον
2324 1291 2469 1344 ἐστιν
2512 1295 2660 1348 ἰδεῖν.
2691 1298 2754 1352 El
2780 1299 2837 1352 δὲ
2870 1303 2962 1353 καὶ
3007 1305 3038 1373 ἡ
3067 1307 3244 1370 κτίσις
3285 1311 3380 1362 καὶ
3412 1311 3588 1365 πάντα
3607 1287 3714 1368 ’ϐσα

2136 1379 2390 1448 ἐποίησεν
2416 1386 2443 1435 ό
2472 1384 2633 1450 Θεὸς,
2663 1387 2938 1459 θαυμάσια
2971 1395 3134 1448 αὐτοῦ
3182 1399 3317 1462 ἐστι,
3350 1400 3528 1472 πολλῷ
3553 1403 3714 1458 πλέον

2137 1478 2384 1541 φανεῖται
2402 1516 2418 1538 ,,
2450 1477 2531 1530 ὄτι
2557 1480 2651 1532 τοῦ
2686 1482 2936 1554 Σωτῆρός
2967 1487 3116 1540 ἐστιν
3159 1491 3190 1559 ή
3224 1491 3375 1561 εὐχή.
3409 1493 3502 1555 Τίς
3529 1495 3583 1546 δὲ
3607 1495 3714 1565 ἄρα

2134 1564 2450 1636 διηγήσεται
2479 1571 2654 1624 πάντα
2687 1573 2756 1626 τὰ
2802 1575 3081 1645 θαυμάσια
3121 1580 3214 1633 τοῦ
3256 1582 3466 1651 Πατρδς
3491 1586 3539 1636 εὶ
3583 1588 3656 1656 μὴ
3686 1591 3714 1640 ὁ

2134 1655 2338 1726 Κύριος
2359 1661 2471 1721 τοῖς
2489 1660 2680 1730 νοῆσαι
2703 1663 3021 1739 δυναμένοις
3048 1668 3115 1719 τὰ
3137 1670 3438 1740 τηλικαῦτα
3461 1673 3714 1744 θαύματα

2133 1748 2388 1812 τελείοις,
2442 1754 2568 1822 περὶ
2614 1747 2688 1806 ὧν
2743 1757 2939 1824 μᾶλλον
2981 1759 3319 1830 λεχθήσεται·
3363 1783 3381 1814 ι
3415 1765 3615 1834 Σοφίαν
3655 1767 3713 1819 δὲ

437 1821 693 1887 pientiam
725 1831 905 1874 autem
938 1823 1173 1890 loquitur
1199 1825 1340 1879 inter
1367 1827 1673 1896 perfectos?
1707 1849 1726 1880 ι
1757 1860 1829 1869 -
1857 1850 1876 1883 ι
1905 1832 2013 1885 Lae-

2516 1815 2526 1822 .
2743 1815 2754 1824 ι
3043 1815 3074 1829 η
3131 1815 3141 1830 ι
3417 1815 3449 1816 ί
3465 1815 3478 1817 ⁷
3497 1815 3516 1834 Ῐ
3536 1815 3585 1820 ⁷’τ
3598 1815 3605 1817 “
3661 1815 3710 1819 ’⁷

2138 1839 2333 1909 μᾶλλον
2364 1842 2629 1912 λαλοῦμεν
2661 1849 2718 1899 ὲν
2751 1852 2861 1912 τοῖς
2899 1850 3148 1917 τελείοις;
3187 1873 3206 1904 ι
3235 1883 3307 1892 -—
3333 1874 3352 1906 ι
3393 1857 3715 1928 Εὑφρανθή-

437 1911 592 1964 tabor
617 1921 671 1964 et
696 1914 975 1966 cxsultabo
1007 1933 1025 1963 ι
1059 1917 1340 1970 sciscitans
1369 1919 1436 1971 ab
1469 1920 1532 1973 iis
1560 1921 1651 1988 qui
1693 1921 1744 1974 in
1781 1925 2010 1992 quibus-

433 2002 557 2056 dam
588 2003 854 2070 laetantur,
881 2021 1012 2058 num
1042 2006 1096 2059 in
1129 2007 1239 2061 Deo
1264 2009 1532 2071 betentur.
1565 2020 1624 2065 ut
1643 2013 1728 2066 vel
1748 2013 1804 2066 in
1827 2015 2007 2071 laetitia

429 2107 528 2144 sua
584 2103 977 2160 permaneant,
1030 2095 1109 2148 vel
1147 2097 1215 2150 ab
1269 2111 1330 2150 ea
1384 2099 1690 2158 discedant.
1735 2103 1836 2171 Qui
1891 2121 2020 2164 vero

429 2187 678 2238 ascemlit
701 2184 752 2236 iu
783 2186 1061 2240 excelsum
1093 2197 1331 2242 montem
1355 2190 1484 2246 Sion
1517 2203 1571 2248 et
1592 2195 1810 2250 extollit
1831 2212 2016 2253 vocem

429 2293 610 2343 suam,
651 2281 832 2348 psallit
876 2281 1082 2336 nomini
1117 2282 1408 2340 Altissimi.

507 2372 670 2431 Vens.
716 2375 772 2429 4.
814 2375 880 2428 In
913 2379 1254 2431 convertenda
1285 2379 1560 2434 inimicum
1593 2398 1763 2434 meum
1813 2394 2014 2437 retror-

425 2482 540 2518 sum
568 2507 581 2529 ,
617 2468 1028 2535 inﬁrmabuntur
1073 2481 1122 2525 et
1173 2475 1414 2539 peribunt
1475 2493 1506 2527 a
1557 2476 1693 2544 facie
1747 2485 1862 2541 tua,
1902 2487 2009 2533 etc.

426 2559 658 2625 Quinam
720 2564 1033 2618 inlirmandi
1104 2569 1218 2622 sint
1282 2581 1337 2624 et
1391 2570 1615 2638 perituri
1665 2571 1861 2626 afacie
1894 2572 2008 2639 Dei,

429 2671 452 2707 ε
485 2656 664 2710 Vultus
693 2659 835 2710 enim
869 2659 1076 2713 Domini
1109 2678 1272 2732 super
1301 2663 1567 2718 facientes
1599 2663 1739 2716 mala
1767 2665 1808 2730 ³,
1841 2682 1860 2716 ι
1883 2680 2007 2719 cum

423 2769 533 2807 non
584 2756 918 2822 praedixerit,
996 2761 1152 2814 nobis
1230 2760 1451 2830 reliquit
1523 2761 2006 2816 considerandum.

422 2844 653 2910 Quando
682 2847 894 2902 deletus
947 2849 1113 2904 fuerit
1163 2851 1415 2906 inimicus
1459 2851 1510 2905 in
1556 2852 1766 2905 malitia
1815 2867 2009 2921 proce-

423 2938 579 3000 dens,
633 2949 685 2990 ct
737 2949 1038 2994 retrorsum
1103 2942 1378 3009 resilierit,
1432 2957 1497 2996 ex
1550 2958 1615 2996 eo
1649 2943 1794 3013 quod
1843 2943 2006 2998 fuerit

421 3029 732 3100 impeditus,
775 3044 901 3086 tunc
941 3034 993 3087 bi
1027 3036 1119 3104 qui
1166 3036 1373 3089 malitia
1409 3045 1659 3106 potentes
1692 3044 1874 3101 erant,
1917 3036 2003 3090 iu-

421 3122 809 3178 ﬁrtnabuntur.
888 3126 1092 3181 Deinde
1168 3130 1465 3182 secundum
1527 3130 1674 3197 quod
1719 3138 2072 3212 _peccant,c

419 3223 671 3282 pereunt,
719 3217 953 3271 faciente
1003 3219 1108 3273 boc
1165 3219 1298 3288 ipsis
1347 3219 1486 3275 facie
1527 3221 1643 3275 Dei.
1690 3221 1814 3276 Haec
1855 3223 2000 3277 enim

414 3309 659 3375 cognita,
703 3309 887 3362 abolet
920 3319 1164 3363 terrena.

488 3399 653 3455 Vsus.
697 3401 750 3456 5.
791 3401 996 3456 Sedisti
1027 3420 1185 3470 super
1218 3405 1579 3473 thronum,qui
1601 3404 2000 3474 judicasjuui-

414 3492 567 3553 tiam,
607 3501 715 3544 etc.
743 3491 1002 3546 Thronus
1054 3494 1271 3560 quidem
1321 3494 1414 3546 Dei
1462 3494 1757 3562 Christus;
1795 3495 1999 3551 Christi

417 3599 553 3638 vero
584 3585 811 3637 thronus
843 3594 927 3637 est
956 3586 1224 3653 spiritalis
1253 3597 1475 3639 natura.

487 3671 654 3725 Vens.
697 3673 750 3725 6.
812 3671 1109 3739 Increpain
1165 3689 1385 3743 gentes,
1446 3686 1494 3728 et
1535 3677 1696 3743 periit
1753 3677 1944 3748 impius
1980 3695 2001 3734 :

415 3783 599 3819 nomen
629 3781 810 3818 eorum
845 3766 1051 3828 delesli,
1091 3777 1196 3821 etc.
1230 3767 1489 3834 Verbum,
1544 3789 1563 3822 ι
1619 3771 1937 3842 increpasti,
1975 3792 1994 3826 ι

413 3859 816 3910 correctionem
863 3859 1154 3923 signiﬁcat,
1205 3870 1262 3914 ttt
1306 3871 1451 3929 patet
1497 3879 1562 3917 ex
1619 3863 1702 3918 bis
1732 3864 1795 3920 ³;
1841 3883 1860 3917 ι
1895 3866 2000 3920 Ar-

417 3958 542 4014 gue.
575 3945 796 3998 obsecra
817 3987 830 4007 ,
865 3945 1104 4017 increpa.
1144 3968 1160 4000 ι
1186 3979 1258 3990 -
1289 3970 1306 4002 ι
1339 3951 1546 4006 Nomen
1576 3954 1695 4022 ejus
1722 3955 1935 4010 delesti.
1975 3979 1998 4013 ι

419 4035 627 4088 Delevit
693 4036 834 4089 Deus
905 4053 1105 4093 nomen
1170 4060 1188 4092 ι
1230 4042 1460 4108 Abram,
1501 4061 1521 4095 ι
1557 4043 1762 4099 faciens
1819 4043 2002 4115 ipsum

417 4139 439 4174 ι
477 4122 775 4189 Abraham,
812 4142 830 4176 ι
862 4126 937 4177 uti
964 4135 1016 4178 et
1050 4143 1070 4176 ι
1102 4125 1278 4192 Saraa,
1308 4146 1326 4178 ι
1364 4143 1570 4183 vocans
1604 4131 1774 4198 ipsam
1812 4151 1830 4184 ι
1869 4133 1996 4189 Sar-

2134 1946 2296 2000 σομαι
2343 1933 2433 1984 καὶ¹
2477 1935 2898 2006 ἀγαλλιάσομαι,
2940 1959 2959 1990 ι
3014 1942 3412 2014 πυνθανόμενος
3459 1946 3565 2000 τῶν
3615 1947 3708 2000 ἐπί

2130 2039 2268 2075 τισιν
2298 2025 2759 2097 εὐφραινομένων,
2795 2033 2843 2084 εί
2885 2033 2944 2086 ὲν
2968 2034 3086 2104 Θεῷ
3125 2037 3528 2106 εὐφραίνονται,
3565 2041 3646 2092 ἵνα
3677 2041 3708 2110 ἢ

2129 2115 2428 2184 ἐπιμένωσι
2474 2121 2538 2188 τῇ
2587 2120 2924 2192 εὐφροσύνῃ,
2966 2123 2998 2194 ἢ
3042 2123 3370 2182 ἀποστῶσιν.
3413 2129 3470 2180 Ὀ
3521 2129 3577 2183 δὲ
3619 2132 3706 2184 ἐπ’

2129 2206 2253 2277 ὄρος
2304 2209 2509 2274 ἀναϐάς
2549 2213 2750 2284 ὑψηλὸν
2787 2213 2847 2266 τὸ
2887 2216 3023 2270 Σιὼν
3067 2218 3160 2270 καὶ
3199 2218 3347 2286 ὑψῶν
3385 2221 3485 2290 τὴν
3529 2223 3713 2293 φωνὴν

2128 2300 2295 2353 αὑτοῦ
2323 2302 2510 2370 ψάλλει
2533 2305 2610 2376 τῷ
2640 2307 2864 2378 ὀνόματι
2891 2308 2986 2362 τοῦ
3023 2308 3299 2379 Ὑψίστου.

2199 2389 2302 2442 Ἐν
2332 2390 2412 2454 τῷ
2435 2391 2900 2462 ἀποστραφῆναι
2948 2395 3056 2448 τὸν
3091 2397 3310 2464 ἐχθρόν
3342 2416 3462 2467 μου
3505 2401 3595 2464 είς
3637 2398 3710 2454 τὰ

2115 2481 2328 2546 ὀπίσω,
2359 2483 2780 2549 ἀσθενήσουσι
2812 2487 2909 2539 καὶ
2955 2489 3327 2542 ἀπολοῦνται
3371 2491 3487 2543 ἀπὸ
3521 2505 3711 2558 προσ-

2111 2571 2277 2627 ώπου
2310 2587 2535 2639 σουνκ.
2566 2591 2617 2626 τ.
2653 2575 2700 2626 ἐ.
2737 2576 2893 2639 Τίνες
2925 2577 3414 2650 ἀσθενήσουσι(67)
3449 2581 3544 2632 καὶ
3572 2583 3704 2636 ἀπο-

2111 2664 2326 2718 λοῦνται
2372 2666 2482 2718 ἀπὸ
2522 2663 2814 2736 προσώπου
2854 2667 2949 2719 τοῦ
2996 2667 3132 2720 Θεοῦ
3164 2669 3308 2738 (ἐπεὶ
3353 2688 3370 2720 ι
3411 2672 3706 2741 πρόσωπον

2110 2750 2317 2823 Κυρίου
2347 2753 2441 2805 ἐπὶ
2475 2751 2760 2817 ποιοῦντας
2805 2755 2953 2808 κακά
2975 2772 2988 2784 ·
3024 2756 3069 2824 ι)
3103 2757 3164 2809 οὐ
3212 2758 3490 2829 προειπὼν
3511 2801 3524 2819 ,
3569 2763 3702 2831 ἡμῖν

2111 2844 2498 2898 καταλέλοιπεν
2524 2846 2744 2899 ἐννοεῖν.
2785 2847 2953 2901 Ὅταν
2985 2849 3308 2921 καταργηθῇ
3333 2852 3360 2903 ὁ
3405 2850 3598 2922 ἐχθρὸς
3628 2855 3695 2924 τῇ

2108 2938 2278 3010 κακίᾳ
2312 2940 2538 3011 προῖὼν,
2567 2940 2662 2994 καὶ
2691 2941 2994 3015 ἀναποδίσῃ
3023 2942 3199 2995 ὀπίσω
3238 2945 3303 2996 ὲκ
3346 2943 3438 2996 τοῦ
3471 2945 3698 3014 ἐμποδί-

2108 3029 2314 3095 ζεσθαι,
2343 3032 2466 3086 τότε
2499 3035 2547 3086 οἱ
2578 3036 2645 3105 τῇ
2680 3034 2848 3106 κακίᾳ
2879 3035 3089 3106 ἰσχυροὶ
3122 3035 3532 3106 ἀσθενήσουσιν.
3566 3035 3700 3094 Εἶτα

2107 3125 2230 3178 καθ’
2257 3124 2286 3178 δ
2313 3125 2741 3197 ἁμαρτάνουσιν,
2759 3126 3106 3190 ἀπολοῦνται,
3146 3127 3302 3180 τοῦτο
3329 3127 3699 3200 ἐργαξομένου

2105 3217 2288 3281 αὐτοῖς
2319 3207 2413 3272 τοῦ
2439 3219 2730 3290 προσώπου
2759 3219 2852 3272 τοῦ
2885 3219 3043 3273 Θεοῦ.
3069 3220 3281 3290 Νοηθὲν
3315 3220 3421 3293 γὰρ
3444 3220 3698 3289 ἀφανίζει

2105 3312 2173 3364 τά
2203 3312 2390 3382 γήϊνα.

2188 3403 2506 3470 Ἐκάθισας
2539 3405 2637 3459 ἐπὶ
2677 3407 2915 3474 θρόνου,
2953 3410 2987 3460 ὀ
3024 3408 3246 3474 κρίνων
3274 3407 3694 3476 δικαιοσύνην,

2104 3511 2159 3548 κ.
2193 3513 2243 3546 τ.
2275 3496 2321 3548 ὲ.
2360 3496 2561 3566 Θρόνος
2597 3497 2695 3566 μὲν
2729 3496 2865 3549 Θεοῦ
2895 3496 3004 3566 (68)
3039 3499 3068 3550 ὀ
3109 3499 3381 3567 Χριστὸς,
3422 3499 3608 3571 θρόνος
3639 3501 3698 3555 δὲ

2104 3586 2338 3657 Χριστοῦ
2369 3589 2402 3658 ἡ
2436 3586 2727 3658 ἀσώματος
2761 3588 2938 3656 φύσις.

2189 3678 2589 3746 Ἐπετίμησας
2613 3678 2836 3743 ἔθνεσι,
2865 3678 2964 3733 καὶ
2985 3677 3256 3734 ἀπώλετο
3281 3683 3314 3735 ό
3337 3682 3564 3750 ἀσεϐής
3584 3701 3596 3715 ·
3625 3685 3696 3738 τὸ

2104 3769 2292 3839 ὄνομα
2324 3770 2524 3824 αὐτῶν
2561 3769 2893 3839 ἐξήλειψας
2918 3812 2933 3836 ,
2962 3788 3018 3828 κ.
3049 3788 3101 3826 τ.
3133 3772 3180 3824 ἐ.
3214 3773 3286 3825 Τὸ
3308 3814 3322 3838 ,
3365 3792 3383 3825 ι
3427 3774 3696 3848 ἐπετίμη-

2106 3879 2204 3926 σας
2237 3861 2369 3936 (69),
2407 3883 2424 3914 ι
2459 3862 2743 3935 διόρθωσιν
2773 3864 3066 3934 σημαίνει,
3099 3864 3238 3935 ὅπερ
3278 3864 3436 3936 δῆλον
3462 3867 3527 3920 ἐκ
3553 3867 3646 3921 τοῦ
3673 3885 3688 3899 ο

2109 3975 2127 4007 ι
2164 3953 2439 4022 Ἐλεγξον,
2469 3951 2870 4023 παρακάλεσον,
2897 3953 3240 4024 ἐπιτίμησον.
3273 3974 3292 4007 ι
3319 3987 3387 3998 --
3411 3973 3430 4006 ι
3465 3955 3539 4007 Τὸ
3563 3954 3684 4008 ὅνο-

2107 4065 2183 4120 μα
2208 4045 2372 4101 αὑτοῦ
2401 4044 2707 4115 ἐξήλειψας.
2733 4063 2751 4094 ι
2771 4044 3048 4117 Ἐξήλειψε
3070 4047 3126 4100 δὲ
3151 4051 3180 4100 ὁ
3197 4048 3328 4111 Θεὸς
3345 4049 3438 4103 τοῦ
3471 4051 3688 4120 Ἀϐρὰμ

2103 4140 2166 4193 τὸ
2192 4139 2362 4209 ὄνομα
2390 4139 2621 4209 ποιήσας
2650 4137 2812 4190 αὐτὸν
2830 4139 3095 4208 Ἀϐραὰμ,
3121 4143 3214 4196 καὶ
3238 4141 3338 4210 τῆς
3373 4140 3570 4210 Σὰρας
3591 4161 3689 4196 κα-

411 4228 546 4276 rau,
589 4233 608 4264 ι
651 4213 734 4268 sic
768 4223 822 4267 et
855 4233 875 4266 ι
911 4213 1193 4281 Simonis,
1229 4235 1250 4270 ι
1291 4221 1585 4274 nominans
1626 4223 1800 4292 ipsum
1845 4244 1864 4276 ι
1896 4225 1997 4281 Pe-

2116 4225 2206 4280 Lt'bv
2247 4225 2416 4298 αὐτὴν
2446 4227 2712 4296 Σάρραν,
2739 4226 2833 4280 καὶ
2864 4226 2957 4280 τοῦ
2988 4227 3254 4298 Σιμῶνος
3281 4231 3556 4301 ὀνομάσας
3589 4233 3687 4286 αὑ-

413 4317 577 4362 trum.
631 4327 650 4360 ι
693 4309 873 4376 Atque
929 4309 1002 4362 ita
1044 4326 1390 4380 consequens
1445 4312 1612 4386 586
1664 4329 1747 4371 est
1802 4319 1992 4372 borum

2116 4316 2188 4370 τὸν
2212 4317 2456 4386 Πέτρον.
2493 4318 2650 4372 Οὕτω
2675 4337 2734 4372 τε
2783 4318 3077 4373 ἀκόλουθόν
3121 4321 3237 4373 ἐστι
3283 4320 3343 4374 τὸ
3382 4321 3552 4393 ὄνομα
3595 4324 3686 4389 ἐξ·

409 4417 626 4471 quoque
676 4418 870 4456 nomen
923 4401 1088 4455 deleri
1129 4418 1267 4471 quos
1299 4404 1644 4474 increpavit:
1689 4412 1992 4476 prznscrtim

2116 4409 2412 4479 ιλείφεσθαι
2444 4412 2646 4465 τούτων
2674 4405 2755 4476 οἷς
2787 4412 3088 4484 ἐπετίμησε
3107 4428 3118 4442 ·
3155 4413 3250 4465 καὶ
3291 4413 3527 4484 μάλιστα
3562 4417 3685 4468 ἐπεὶ

407 4494 535 4561 quia
571 4492 913 4546 subiufertur
942 4509 954 4545 :
1000 4509 1019 4544 ι
1053 4493 1393 4548 Annumiate
1419 4496 1565 4550 inter
1587 4509 1780 4565 gentes
1809 4501 1986 4555 Studia

2116 4506 2412 4578 mensos-catt.
2435 4506 2492 4558 τό
2515 4523 2529 4536 ·
2567 4525 2583 4556 ι
2630 4505 3014 4574 Ἀναγγείλατε
3041 4507 3100 4557 ἐν
3123 4508 3234 4569 τοῖς
3260 4505 3438 4560 ἔθνεσι
3463 4507 3530 4561 τὰ
3559 4511 3681 4561 ἐπι-

406 4583 545 4648 cjus,
579 4583 836 4650 quoniam
875 4583 1159 4650 requirens
1193 4587 1513 4653 sanguinem
1568 4603 1754 4642 eorum
1805 4605 1991 4644 recor-

408 4676 568 4728 datus
615 4683 720 4728 est.
769 4692 788 4725 ι
847 4673 1090 4728 Observa
1143 4685 1324 4729 autem
1385 4693 1490 4731 non
1549 4681 1754 4734 dictum
1813 4697 1986 4736 esse:

407 4762 613 4818 Nomen
650 4781 835 4819 eorum
866 4763 1055 4820 delesd
1088 4766 1154 4818 de
1181 4766 1318 4822 libro
1349 4771 1646 4826 viventium
1683 4777 1808 4842 (non
1843 4773 1985 4827 enim

407 4860 463 4914 in
521 4860 660 4916 libro
716 4862 1010 4916 viventium
1059 4874 1249 4933 gentes
1291 4877 1447 4922 erant
1488 4867 1750 4940 scriptae),
1802 4869 1894 4924 sed
1956 4887 1986 4925 a

406 4953 751 5007 cautionilms
790 4969 926 5021 quas
972 4956 1326 5025 scripserant,
1375 4959 1425 5012 in
1475 4959 1612 5014 libro
1657 4959 1985 5027 debitorum,

406 5045 489 5098 vel
534 5045 672 5099 libro
722 5054 1058 5101 mortuorum
1105 5050 1245 5116 apud
1277 5050 1577 5120 iniquitatis
1620 5064 1986 5116 oeconomum,

403 5137 517 5206 qui,
557 5147 615 5188 ut
645 5137 936 5190 verisimile
971 5148 1074 5202 est,
1119 5149 1364 5195 mortuos
1401 5142 1612 5209 scribit,
1650 5153 1706 5196 et
1747 5143 1799 5196 in
1843 5153 1985 5197 terra

404 5229 613 5284 scribit.
670 5229 925 5286 Salvator
966 5233 1110 5286 enim
1162 5233 1214 5286 in
1265 5235 1420 5290 cmlis
1469 5235 1730 5289 describit
1770 5235 1984 5288 nomina

403 5325 808 5393 discipulorum.

471 5419 750 5488 Ejusdem.
801 5422 857 5475 Si
907 5438 1105 5478 nomen
1158 5423 1260 5478 hoc
1301 5422 1418 5476 loco
1449 5420 1648 5474 malum
1704 5419 1977 5491 signiﬁcat

473 5515 488 5545 ¹
515 5514 530 5567 Ι
556 5515 678 5570 Cor.
711 5533 770 5580 ιι,
805 5517 857 5571 6.
935 5521 953 5550 ²
990 5518 1128 5574 Psal.
1154 5534 1347 5581 xum,
1384 5515 1470 5570 10.
1551 5515 1571 5545 ³
1599 5513 1638 5566 Il
1663 5512 1803 5566 Tim.
1839 5529 1913 5578 IV,
1949 5513 2004 5567 2.

470 5607 580 5676 (66)
616 5610 672 5661 Ὁ
707 5610 775 5674 ἐξ
816 5611 964 5679 ὅλης
997 5613 1273 5680 καρδίας,
1318 5623 1424 5667 etc.
1463 5611 1645 5664 (Iudex
1687 5608 1980 5664 Coislinia-

400 5693 532 5737 nus;
567 5693 748 5732 verum
778 5683 1069 5735 Corderius
1103 5693 1311 5736 tantum
1343 5682 1502 5737 habet
1529 5681 1767 5733 initium.

472 5747 582 5811 (67)
617 5751 779 5814 Τίνες
805 5752 1217 5818 ἀσθενήσουσι
1244 5795 1259 5820 ,
1295 5765 1400 5809 etc.
1443 5751 1762 5815 Cordcrius,
1810 5761 1862 5804 et
1890 5765 1981 5804 eoo

398 5818 499 5872 dex
526 5821 906 5874 Cuisluuanus.

2093 4596 2409 4668 τηδεύματα
2447 4597 2613 4650 αὐτοῦ
2641 4637 2655 4660 ,
2711 4597 2792 4648 ὃτι
2829 4594 3075 4667 ἐκζητῶν
3131 4596 3200 4649 τά
3253 4597 3462 4668 αἵματα
3503 4598 3683 4651 αὐτῶν

2094 4689 2360 4760 ἐμνήσθη.
2402 4709 2419 4740 ι
2457 4689 2700 4761 Πρόσχες
2733 4690 2827 4743 καὶ
2868 4689 2950 4742 ὅτι
2979 4690 3080 4742 οὐκ
3125 4689 3372 4760 εἴρηται·
3410 4690 3482 4744 Τὸ
3513 4690 3682 4761 ὄνομα

2094 4780 2274 4834 αὐτῶν
2320 4781 2607 4852 ὲξήλειψας
2646 4783 2709 4834 ἐκ
2752 4781 2935 4852 βίϐλου
2969 4782 3219 4847 ζώντων,
3249 4782 3331 4854 (οὐ
3366 4782 3474 4854 γάρ
3507 4789 3563 4836 ὲν
3598 4783 3679 4854 βί-

2095 4871 2205 4941 ϐλῳ
2251 4871 2468 4936 ζώντων
2511 4869 2578 4943 ἦν
2623 4874 3051 4946 ἐγγεγραμμένα
3085 4874 3152 4928 τὰ
3184 4873 3310 4944 ἔθνη
3333 4873 3370 4943 ·)
3407 4874 3524 4927 ἀλλ’
3552 4877 3681 4928 ἀκο-

2093 4958 2298 5024 λούθως
2326 4963 2439 5023 τοῖς
2468 4962 2589 5014 κατ’
2619 4961 2799 5015 αὐτῶν
2826 4962 3230 5035 χειρογράφοις.
3255 4964 3312 5016 ἐν
3337 4962 3504 5034 βίϐλῳ
3531 4964 3679 5031 ὀφει-

2089 5052 2310 5118 λόντων,
2345 5053 2378 5124 ἢ
2411 5053 2578 5124 βίϐλῳ
2600 5053 2808 5126 νεκρῶν
2828 5096 2842 5118 ,
2873 5055 3025 5127 παρὰ
3049 5054 3127 5126 τῷ
3164 5056 3263 5126 τῆς
3291 5055 3506 5119 ἀδικίας
3533 5058 3678 5110 οίκο-

2089 5146 2238 5216 νόμῳ
2257 5185 2272 5209 ,
2297 5145 2373 5209 ὡς
2400 5147 2544 5210 εἰκὸς
2565 5187 2579 5211 ,
2605 5148 2972 5218 ἀναγράφοντι
3017 5150 3244 5220 νεκροὺς
3270 5190 3285 5214 ,
3320 5150 3413 5202 καὶ
3439 5149 3677 5221 ἀναγρά-

2089 5253 2240 5305 φοντι
2265 5240 2346 5302 εἰς
2379 5239 2503 5308 γῆν.
2549 5241 2606 5293 ⁸0
2637 5241 2744 5312 γὰρ
2773 5242 2963 5313 Σωτὴρ
3001 5243 3303 5314 ἀναγράφει
3341 5244 3398 5294 ἐν
3427 5243 3673 5314 οὐρανοῖς

2087 5329 2156 5383 τὰ
2186 5329 2426 5401 ὀνόματα
2452 5331 2559 5385 τῶν
2588 5333 2862 5403 μαθητῶν.

2161 5421 2272 5477 Τοῦ
2307 5425 2515 5479 αὑτοῦ.
2553 5426 2617 5478 El
2645 5426 2704 5479 τὸ
2745 5426 2913 5497 ὄνομα
2942 5425 3052 5497 (70)
3081 5425 3320 5480 ἐνταῦθα
3353 5427 3452 5498 τὴν
3492 5426 3672 5497 κακὴν

2162 5609 2272 5680 (68)
2289 5611 2512 5678 Θρόνος
2540 5601 2853 5678 peresus,
2882 5615 2988 5662 etc.
3019 5607 3242 5680 Scbedte
3264 5605 3476 5680 Grabii.

2161 5676 2271 5750 (69)
2302 5676 2394 5744 Τὸ,
2425 5676 2836 5748 Ἐπὲτίμησας,
2881 5679 3307 5750 ειε.ι(ὲοι·ι]ει”ίιις
3327 5717 3341 5737 ,
3374 5676 3668 5738 Barbarus,

2089 5748 2300 5806 srbedte
2327 5750 2659 5809 Combcﬁsii.
2695 5759 2748 5803 et
2777 5752 2946 5805 codex
2984 5748 3371 5801 Barouianus.

2154 5821 2267 5891 (70)
2297 5822 2365 5876 Ei
2381 5820 2447 5873 τὸ
2477 5821 2682 5890 ὄνομα,
2709 5829 2810 5874 etc.
2847 5819 3070 5875 Scbedae
3103 5816 3312 5888 Grabii.
