4100 6446
435 381 574 436 1189

1436 374 1747 432 SELECTA
1782 375 1850 430 IN
1886 376 2224 436 PSALMOS.
2260 415 2329 424 —
2368 383 2564 439 PSAL.
2597 384 2687 442 ΙΧ.

3577 394 3715 449 1190

438 497 693 567 σημαίνει
737 491 1068 547 κατάστασιν
1095 529 1108 551 ,
1165 488 1412 560 ἐξήλειψε
1459 489 1515 543 δὲ
1549 490 1611 544 τὸ
1637 489 1731 544 τοῦ
1763 492 2012 562 ἁμαρτω·

2142 493 2409 558 habitum,
2463 505 2518 550 et
2563 495 2761 550 delevit
2811 497 3117 565 peccatoris
3153 513 3370 566 nomen,
3408 501 3596 572 utique
3621 506 3715 559 de-

432 587 527 642 λοῦ
557 587 748 657 ὄνομα,
773 583 1053 655 ἐξήλειψεν
1090 581 1198 652 ἄρα
1222 580 1320 652 τὴν
1354 580 1633 652 χειρίστην
1658 584 1825 636 αὐτοῦ
1853 585 2023 638 κατά-

436 694 646 732 στασιν.

507 769 618 822 Καὶ
657 764 1086 821 ἐλπισάτωσαν
1122 764 1221 816 ἐπὶ
1267 763 1342 817 σὲ
1401 765 1456 816 οἱ
1514 765 1913 833 γινώσκοντες
1954 767 2019 819 τὸ

434 859 622 930 ὄνομά
650 877 787 923 σου,
807 857 893 910 ὅτι
915 860 1027 911 οὐκ
1057 855 1447 924 ἐγκατέλιπες
1467 858 1606 923 τοὺς
1631 857 2024 924 ἐκζῧιτοῦντάς

434 968 536 1014 σε,
565 952 740 1019 Κύριε
765 991 778 1013 ,
803 967 858 1003 κ.
887 967 940 1002 τ.
982 951 1028 1001 ὲ.
1056 950 1118 1000 υἱ
1149 947 1505 1017 ὲκζητοῡντες
1536 949 1646 1019 (91)
1677 951 1767 1003 τὸν
1797 949 2019 1022 Κύριον,

434 1045 528 1098 καὶ
559 1045 656 1114 οὐχ
686 1045 734 1096 oi
769 1040 1287 1111 ἐγκαταλειφθέντες
1319 1041 1410 1093 ὑπ’
1444 1041 1608 1094 αὐτοῦ
1631 1084 1644 1107 ,
1688 1041 1928 1110 ἔγνωσαν
1962 1043 2022 1094 τὸ

430 1136 602 1206 ὄνομα
628 1133 816 1189 αὑτοῦ.

507 1227 746 1282 ¹1”άλατε
787 1225 868 1291 τῷ
897 1224 1091 1291 Κυρίῳ
1133 1223 1212 1288 τῷ
1241 1223 1614 1276 κατοικοῦντι
1645 1224 1715 1276 ἐν
1753 1224 1926 1284 Σιὼν,
1962 1241 2016 1278 κ.

429 1340 478 1376 τ.
517 1321 562 1373 ὲ.
609 1321 843 1380 Ἐκεῖνος
873 1317 1066 1385 ψάλλει
1094 1315 1206 1386 (ῖῖ)
1236 1318 1264 1368 6
1296 1316 1433 1386 ἔχων
1465 1317 1522 1369 ὲν
1555 1315 1734 1386 ἐαυτῷ
1765 1316 1854 1368 τὸν
1889 1318 2021 1387 Χρι-

429 1414 576 1468 στόν.
613 1411 783 1465 Τοῦτο
828 1410 968 1463 κατὰ
1008 1409 1107 1480 τὴν
1141 1408 1378 1461 παλαιὰν
1418 1409 1527 1461 τῶν
1573 1408 1838 1462 Ἰουδαίων
1862 1407 2020 1473 δόξαν

429 1503 582 1559 εἶπεν
605 1505 635 1557 6
663 1504 972 1576 Προφήτης.
1014 1503 1204 1570 Ὅμως
1245 1500 1359 1552 ἐστὶ
1401 1501 1494 1553 καὶ
1536 1500 1705 1572 νοητὴ
1733 1501 1826 1552 καὶ
1855 1502 2019 1553 ἐπου-

433 1599 613 1672 ράνιος
644 1595 801 1650 Σιών.
837 1596 946 1648 Καὶ
986 1596 1044 1645 ὲν
1072 1593 1222 1664 πάσῃ
1262 1592 1318 1644 δὲ
1353 1592 1497 1662 ψυχῇ
1530 1591 1662 1664 οὔσῃ
1692 1593 1863 1655 Σιὼν,
1899 1594 2020 1664 ἥτις

428 1690 788 1764 ἑρμηνεύεται
842 1687 1236 1757 σκοπευτήριον
1263 1725 1277 1748 ,
1331 1687 1401 1739 τὰ
1446 1687 1564 1738 θεῖα
1597 1686 1860 1755 διηνεκῶς
1893 1703 2019 1739 σκο-

428 1781 607 1834 ποῦσα
629 1780 724 1834 καὶ
756 1775 1167 1848 φανταζομένη,
1213 1779 1352 1830 οίκεί
1387 1779 1413 1828 6
1439 1776 1592 1839 Θεός.
1640 1775 1892 1848 Ἐκζητεῖ
1923 1779 2017 1831 καὶ

2128 582 2257 638 levit
2290 586 2588 654 pessimum
2620 586 2738 655 ejus
2782 587 3051 642 habitum.

2197 763 2362 821 Vens.
2408 768 2496 824 Η.
2543 768 2608 822 Et
2649 780 2856 837 sperent
2898 772 2951 823 in
3003 783 3052 826 te
3101 776 3191 844 qui
3232 789 3486 832 noverunt
3525 796 3713 836 nomen

2123 865 2317 911 tuum:
2347 861 2599 927 quoniam
2644 876 2744 913 non
2789 863 3120 933 dereliquisti
3147 877 3439 935 qurerentes
3485 878 3554 931 te,
3602 869 3710 921 Do-

2123 950 2280 1013 mine,
2335 961 2441 1004 etc.
2505 951 2606 1017 Qui
2669 955 2965 1022 exquirunt
3033 955 3356 1022 Dominum,
3418 975 3524 1012 non
3581 975 3711 1014 vero

2122 1041 2176 1094 hi
2213 1043 2303 1111 qui
2348 1044 2416 1098 ab
2445 1044 2562 1113 ipso
2587 1045 2833 1100 derelicti
2867 1058 3017 1111 sunt,
3043 1063 3309 1103 noverunt
3341 1067 3536 1105 nomen
3567 1051 3706 1121 ejus.

2195 1224 2362 1279 Vsus.
2410 1225 2492 1278 12.
2537 1224 2762 1279 Psallite
2821 1225 3047 1280 Domino
3092 1227 3182 1296 qui
3222 1228 3420 1281 habitat
3463 1232 3514 1283 in
3556 1230 3712 1295 Sion,

2122 1326 2228 1372 etc.
2268 1316 2457 1370 Psallit
2507 1317 2551 1370 is
2599 1316 2689 1384 qui
2739 1317 2792 1370 in
2841 1332 2900 1370 se
2939 1316 3102 1369 habet
3136 1316 3435 1371 Christum.
3480 1317 3591 1372 Hoc
3623 1334 3708 1372 se-

2123 1409 2360 1461 candum
2407 1416 2646 1460 veterem
2683 1405 3001 1462 Iudaeorum
3051 1408 3359 1476 opinionem
3406 1411 3541 1465 dixit
3579 1413 3710 1466 Pro-

2122 1503 2306 1568 pheta.
2343 1499 2712 1552 Nihilominus
2752 1508 2836 1552 est
2869 1500 3132 1568 spiritalis
3176 1514 3227 1557 et
3271 1502 3514 1557 caelestis
3557 1500 3710 1555 Sion.

2123 1589 2188 1643 Et
2214 1590 2266 1643 in
2302 1590 2448 1642 omni
2484 1589 2665 1641 anima
2695 1603 2818 1656 qua:
2857 1600 2942 1642 est
2975 1591 3124 1652 Sion,
3149 1609 3271 1662 qua:
3319 1594 3715 1662 interpretatur

2122 1682 2378 1752 specula,
2436 1681 2488 1733 id
2538 1689 2622 1734 est
2667 1696 2787 1749 qua:
2833 1681 3013 1734 divina
3055 1698 3274 1754 semper
3307 1688 3622 1753 speculatur
3659 1693 3715 1738 et.

2126 1774 2348 1843 cogitat,
2403 1773 2815 1826 Deushabital.
2877 1773 3126 1840 Exquirit
3171 1778 3334 1829 etiam
3392 1778 3709 1845 sanguinem

426 1871 497 1923 τὰ
533 1869 741 1939 αἵματα
778 1866 886 1919 τῶν
921 1865 1088 1918 ἐθνῶν
1113 1866 1220 1918 ἀπὸ
1247 1868 1354 1919 τῶν
1382 1865 1820 1920 ἀποκτεινάντων
1853 1867 2012 1932 αὐτὰ,

2125 1869 2364 1938 gentium
2401 1868 2467 1920 ah
2499 1867 2585 1920 his
2622 1867 2711 1934 qui
2755 1882 2847 1919 eas
2889 1868 3234 1931 oeciderunt,
3277 1880 3332 1921 et
3385 1885 3595 1921 utemur
3627 1880 3712 1923 est

428 1962 524 2017 καὶ
565 1960 932 2031 μιμνήσκεται
977 1956 1178 2020 αὐτῶν,
1219 1958 1440 2020 ἀνιστὰς
1477 1957 1635 2010 αὐτά.
1686 1958 1894 2012 Οὐκοῦν
1934 1959 2016 2024 τὸ,

433 2071 452 2103 ι
476 2049 749 2104 Ἀπώλετο
770 2049 830 2100 τὸ
862 2047 1205 2118 μνημόσυνον
1230 2047 1394 2100 αὑτοῦ
1424 2050 1539 2118 μετ’
1566 2049 1721 2120 ήχου,
1752 2069 1770 2101 ι
1805 2052 1897 2104 ἐπὶ
1919 2051 2018 2116 τὰς

429 2142 706 2212 ῥομφαίας
739 2140 1210 2211 μετενεχθήσεται.
1253 2139 1508 2193 Ἐκείνων
1532 2139 1588 2194 δὲ
1616 2140 1908 2214 μέμνηται,
1942 2136 2018 2197 ὧν

423 2232 646 2302 ἐγένετο
677 2234 988 2303 καταφυγή.

510 2328 930 2398 Ἀναττείλατε
959 2327 1029 2380 ἐν
1063 2326 1188 2392 τοῖς
1217 2327 1418 2380 ἔθνεσι
1458 2327 1527 2380 τὰ
1579 2327 2018 2398 ἐπιτηδεύματα

421 2420 639 2485 αὑτοῦ,
670 2438 721 2474 κ.
759 2437 808 2473 τ.
847 2421 892 2472 ὲ.
929 2421 1063 2472 Ποῖα
1100 2418 1504 2490 ἐπιτηδεύματα
1546 2418 1701 2490 (75);
1757 2421 1936 2473 πάντα
1980 2420 2017 2474 ἃ

422 2513 659 2584 Χριστὸς
680 2515 790 2575 τοῖς
815 2511 1083 2582 μαθηταῖς
1112 2511 1360 2564 Ἰωάννου
1378 2511 1471 2564 τοῦ
1499 2511 1802 2564 Βαπτιστοῦ
1828 2511 1979 2581 ἔλεγε
1997 2529 2011 2543 ·

430 2622 448 2654 ι
490 2603 854 2674 Πορευθέντες
889 2602 1078 2656 εἴπατε
1117 2602 1150 2656 ἂ
1201 2603 1335 2656 ἴδετε
1363 2621 1374 2632 ·
1408 2603 1597 2672 τυφλοὶ
1627 2603 2011 2669 ἀναϐλέπουσι,

425 2694 588 2764 χωλοὶ
619 2693 999 2766 περιπατοῦσι,
1029 2694 1221 2765 λεπροὶ
1253 2694 1660 2764 καθαρίζονται,
1691 2698 1879 2767 νεκροὶ
1923 2697 2015 2750 ἀν-

423 2785 691 2840 ίστανται.
729 2805 749 2839 ι
800 2784 983 2838 Ταῦτα
1014 2780 1107 2839 οὖν
1149 2787 1216 2838 τὰ
1257 2785 1532 2858 θεοπρεπῆ
1575 2787 2008 2858 ἐπιτηδεύματα·

423 2879 518 2932 καὶ
561 2882 610 2933 οἱ
656 2878 944 2932 ἀπόστολοι
986 2881 1099 2943 τοῖς
1144 2877 1352 2931 ἔθνεσιν
1387 2880 1716 2949 ἀνήγγειλαν
1741 2897 1755 2911 ·
1793 2883 1888 2935 καὶ
1929 2884 2012 2935 ὅτι

421 2968 510 3022 διὰ
532 2968 762 3022 θανάτου
791 2967 1082 3031 ἀθανασία,
1114 2966 1202 3018 διὰ
1233 2968 1468 3038 σταυροῦ
1506 2971 1767 3040 σωτηρία,
1801 2973 1896 3024 καὶ
1926 2974 2014 3025 διὰ

420 3062 598 3132 ταφῆς
640 3061 977 3124 ἀνάστασις,
1025 3059 1120 3112 καὶ
1169 3060 1434 3129 νέκρωσις
1491 3060 1585 3112 τοῦ
1638 3061 2012 3133 νεκρώσαντος

421 3159 570 3230 ἡμᾶς
598 3156 867 3210 διαϐόλου.

503 3247 565 3298 Ὀ
591 3244 766 3314 ὑψῶν
786 3261 863 3313 με
887 3244 956 3298 ἐκ
990 3243 1108 3298 τῶν
1137 3240 1350 3299 πυλῶν
1375 3246 1480 3299 τοῦ
1519 3245 1778 3300 θανάτου
1798 3287 1814 3313 ,
1849 3248 2008 3316 ὅπως
2041 3232 2082 3250 η

415 3335 498 3389 ,ἂν
530 3333 856 3404 ὲξαγγείλω
891 3335 1095 3402 πάσας
1145 3337 1253 3403 τὰς
1305 3337 1569 3402 αὶνέο-εις
1613 3353 1730 3391 σου
1773 3339 1842 3392 ἐν
1879 3340 2009 3408 ταῖς

421 3425 642 3489 πύλαις
669 3421 778 3491 τῆς
809 3426 1100 3495 θυγατρὸς
1140 3426 1292 3480 Σιὼν
1315 3465 1329 3487 ,
1372 3443 1424 3478 κ.
1467 3444 1514 3479 τ.
1547 3428 1590 3479 ὲ.
1638 3425 1812 3481 Πύλαι
1845 3427 2008 3482 θανά-

418 3533 514 3569 του
545 3516 656 3588 (74)
681 3519 735 3570 αί
771 3517 906 3589 πρὸς
941 3517 1169 3571 θάνατον
1204 3519 1467 3590 ἁμαρτίαι
1493 3559 1507 3582 ,
1544 3520 1636 3588 ἀφ’
1665 3512 1739 3572 ὧν
1782 3520 2009 3590 ὑψοῦται

417 3610 447 3661 6
501 3609 638 3682 μηδὲ
680 3609 1038 3681 λογισάμενος
1084 3612 1254 3675 αὑτὰς
1316 3613 1607 3684 ἁμαρτεῖν,
1665 3613 1724 3677 ὃς
1769 3615 1864 3668 καὶ
1911 3616 2009 3688 μό-

417 3717 506 3764 νος
555 3700 778 3754 δύναται
830 3702 1172 3772 ἐξαγγέλλειν
1229 3704 1408 3768 πάσας
1454 3704 1553 3768 τὰς
1612 3706 1848 3770 αἰνέσεις
1898 3709 2012 3760 Κυ-

414 3790 537 3861 ρίου
580 3792 638 3843 ὲν
669 3795 788 3856 ταῖς
824 3793 1019 3857 πύλαις
1067 3795 1166 3864 τῆς
1209 3793 1474 3866 θυγατρὸς
1523 3795 1694 3866 Σιὼν,
1727 3801 1847 3862 ταῖς
1877 3799 2009 3872 ἁρε-

417 3885 560 3945 ταῖς.

502 3973 922 4044 Ἐνεπάγησαν
971 3975 1114 4044 ἔθνη
1142 3975 1212 4029 ἐν
1253 3975 1542 4046 διαφθορᾷ
1596 3972 1635 4049 ᾖ
1688 3979 2004 4049 ἐποίησαν.

429 4065 528 4116 Ἐν
565 4065 768 4134 πατίδι
807 4067 991 4135 ταύτῃ
1027 4061 1067 4138 ᾖ
1099 4067 1377 4136 ἔκρυψαν
1407 4068 1764 4138 συνελήφθη
1798 4074 1830 4124 δ
1852 4073 2008 4140 ποῦς

417 4155 636 4210 αὐτῶν.
664 4157 1029 4211 Γινώσκεται
1051 4159 1268 4226 Κύριος
1295 4160 1550 4229 κρίματα
1574 4161 1781 4226 ποιῶν,
1805 4179 1859 4214 κ.
1883 4180 1932 4216 τ.
1956 4163 2002 4215 ἐ.

429 4247 806 4319 Ἐνεπάγησαν
837 4247 963 4319 ἔθνη
997 4249 1132 4317 (75),
1161 4247 1360 4321 δηλαδὴ
1389 4250 1464 4314 ὼς
1494 4252 1552 4304 ὲν
1579 4249 1755 4323 πηλῷ,
1789 4250 1867 4323 τῷ
1903 4251 2006 4306 σώ-

414 4356 550 4410 ματι
574 4381 589 4404 ,
635 4341 702 4394 δι’
732 4341 797 4412 ἣν
827 4341 1088 4413 ἐποίησαν
1120 4342 1417 4414 διαφθοράν
1439 4360 1452 4374 ·
1485 4343 1581 4396 καὶ
1629 4343 1942 4416 συνελήφθη
1976 4347 2004 4398 ὁ

417 4432 548 4498 ποῦς
578 4434 757 4488 αὐτῶν
777 4474 790 4497 ,
819 4437 848 4488 6
871 4435 1059 4505 νοητὸς
1091 4436 1352 4508 δηλονότι.
1384 4437 1494 4489 Καὶ
1528 4435 1856 4505 γινώσκεται
1891 4437 2004 4492 Κύ-

2123 1976 2332 2022 carum,
2389 1959 2513 2011 dttnt
2567 1973 2659 2012 eas
2707 1960 3019 2012 resuscitat.
3052 1961 3238 2029 Itaque
3271 1961 3438 2024 istud,
3492 1980 3509 2010 ι
3545 1960 3713 2015 Periit

2124 2052 2384 2106 memoria
2421 2051 2538 2118 ejus
2567 2066 2693 2103 cum
2733 2053 2940 2113 sonitu,
2986 2071 3004 2104 ι
3051 2051 3117 2104 ad
3167 2053 3408 2105 frameas
3448 2055 3706 2106 reducen-

2123 2142 2247 2194 dum
2280 2149 2383 2194 est.
2418 2141 2836 2195 Illorutnautcm
2872 2144 3140 2210 meminit,
3171 2160 3404 2212 quorum
3431 2145 3704 2211 refugium

2120 2230 2296 2284 factus
2325 2240 2426 2286 est.

2189 2322 2513 2374 Annunliate
2547 2322 2685 2375 inter
2716 2334 2894 2392 gentes
2925 2325 3107 2377 studia
3148 2325 3288 2392 eius,
3320 2337 3425 2381 etc.
3452 2329 3708 2394 Quantam

2119 2411 2345 2465 studia?
2389 2428 2450 2464 ea
2483 2414 2664 2464 omnia
2711 2429 2830 2481 qua:
2880 2414 3134 2469 Christus
3177 2415 3402 2472 Joannis
3453 2417 3710 2488 Baptista:

2119 2502 2401 2570 discipulis
2452 2501 2672 2558 dicebat
2702 2505 2763 2560 δε
2799 2524 2818 2556 ι
2853 2503 3057 2561 Euntes
3100 2510 3411 2563 renuntiate
3461 2527 3582 2579 quae
3631 2512 3711 2564 vi-

2119 2597 2277 2650 distis
2314 2641 2325 2652 .
2365 2598 2496 2650 cauti
2527 2597 2734 2664 vident,
2767 2598 2946 2653 claudi
2982 2601 3286 2666 ambulant,
3318 2602 3515 2671 leprosi
3548 2620 3706 2657 mnu-

2117 2691 2340 2751 dantur,
2384 2691 2585 2742 mortui
2627 2702 2940 2760 resurgunt.
2984 2713 3000 2745 ι
3037 2693 3162 2749 ΙΙῗοο
3195 2695 3360 2764 igitur
3395 2695 3504 2750 [leo
3543 2697 3704 2767 digna

2117 2790 2244 2836 sant
2284 2781 2482 2848 Studia,
2525 2792 2579 2836 et
2617 2781 2703 2834 illa
2739 2783 2967 2851 apostoli
3005 2785 3257 2853 gentibus
3289 2788 3707 2854 anuuntiarunt,

2117 2873 2386 2943 simulque
2437 2890 2533 2942 per
2588 2887 2821 2931 mortem
2877 2891 3000 2929 csse
3043 2877 3553 2942 immortalitatem,
3613 2896 3710 2947 per

2118 2981 2334 3017 crucem
2376 2966 2628 3031 salutem,
2667 2983 2764 3036 per
2815 2971 3123 3036 sepulcrum
3162 2971 3622 3026 resurrectionem
3653 2981 3707 3028 et

2121 3067 2350 3109 mortem
2383 3057 2581 3110 diaboli
2617 3059 2706 3127 qui
2738 3074 2836 3113 nos
2867 3072 3041 3113 morte
3071 3059 3350 3114 aﬂ‘ecerat.

2192 3227 2358 3282 Vsus.
2409 3229 2491 3282 15.
2535 3229 2638 3294 Qui
2682 3229 2892 3283 exultas
2943 3247 3025 3284 me
3065 3232 3130 3285 de
3177 3234 3344 3298 portis
3394 3235 3597 3292 mortis.
3647 3245 3705 3287 ut

2126 3323 2437 3374 ennuntiem
2493 3339 2670 3375 omnes
2707 3323 3044 3377 laudationes
3083 3335 3202 3376 tuas
3245 3325 3301 3377 in
3357 3327 3524 3393 portis
3573 3327 3706 3394 ﬁlia.-

2119 3413 2273 3476 Sion,
2310 3426 2412 3467 etc.
2447 3412 2624 3467 Portru
2662 3414 2856 3468 mortis
2909 3423 3039 3468 sunt
3080 3425 3300 3482 peccata
3351 3418 3627 3481 mortalia,
3669 3437 3698 3472 a

2116 3505 2311 3572 quibus
2344 3505 2618 3558 exaltatnr
2648 3506 2737 3574 qui
2780 3523 2847 3560 ne
2881 3509 3080 3577 cogitat
3117 3508 3338 3574 quidem
3381 3507 3468 3561 illa
3513 3523 3707 3578 νει-ρει

2117 3606 2302 3651 trare:
2355 3598 2451 3666 qui
2498 3599 2660 3651 etiam
2709 3598 2860 3652 solus
2915 3600 3245 3652 aununtiare
3281 3609 3461 3665 potest
3513 3615 3704 3654 Omnes

2118 3689 2455 3745 laudationes
2510 3691 2722 3745 Domini
2782 3692 2833 3744 iu
2885 3692 3058 3760 portis
3109 3690 3232 3746 ﬁlize
3281 3689 3437 3756 Sion,
3489 3692 3590 3746 hoc
3621 3708 3679 3746 es

2117 3783 2429 3837 virtutibus.

2184 3985 2350 4039 Vens.
2408 3987 2506 4048 16,
2565 3987 2650 4037 i7.
2714 3985 2902 4052 Inﬁrm
2974 3995 3098 4038 sunt
3159 3996 3334 4054 gentes
3384 3985 3438 4038 in
3485 3986 3698 4040 interitu

2111 4093 2262 4144 quem
2292 4077 2548 4145 feceram.
2589 4074 2655 4128 In
2691 4074 2853 4145 587
2884 4075 3073 4144 laqueo
3124 4077 3227 4129 isto
3280 4092 3433 4146 quem
3471 4077 3698 4131 abscon-

2111 4169 2327 4228 derunt,
2359 4166 2763 4234 comprehensus
2813 4177 2887 4216 est
2943 4182 3032 4232 pes
3085 4182 3288 4219 eorum.
3341 4164 3697 4235 Cognoscetur

2112 4255 2375 4310 Dominus
2397 4257 2608 4326 judicia
2645 4255 2872 4324 faciens,
2905 4266 3009 4310 etc.
3065 4256 3247 4308 lulixa-
3298 4263 3428 4309 sunt
3478 4266 3692 4324 gentes,

2111 4344 2322 4399 scilicet
2358 4354 2613 4412 tanquam
2673 4346 2723 4397 in
2775 4344 2910 4407 luto,
2961 4345 3202 4414 corpori,
3264 4359 3358 4413 per
3408 4345 3694 4399 interitum

2109 4451 2271 4504 quem
2307 4435 2578 4499 fecerunt,
2628 4445 2685 4490 et
2727 4435 3152 4503 comprehensus
3200 4447 3278 4488 est
3335 4451 3429 4503 pes
3479 4451 3692 4506 eorum,

419 4541 551 4595 ριος,
584 4527 704 4578 ἐπεὶ
733 4564 746 4588 ,
771 4527 898 4579 ὅταν
922 4527 1104 4589 αὐτοῖς
1138 4527 1198 4580 τὸ
1233 4530 1407 4599 κρῖμα
1437 4529 1828 4600 γενηθήσεται,
1863 4530 2002 4600 γνώ-

2116 4542 2304 4596 nempe
2335 4526 2616 4596 spiritalis.
2635 4527 2698 4580 Et
2725 4535 3092 4597 cognoscetur
3119 4525 3400 4589 DOIIIiIIiIS,
3427 4529 3689 4596 quoniam

418 4632 600 4669 σονται
635 4617 726 4671 τὸν
753 4619 1006 4689 κρίνοντα
1035 4621 1092 4672 ὲν
1114 4619 1450 4694 δικαιοσύνῃ.

493 4797 1078 4868 Ἀποστρίιφήτωσαν
1108 4801 1162 4851 οἱ
1190 4799 1524 4869 ἁμαρτωλοὶ
1559 4802 1644 4864 εἰς
1677 4799 1783 4853 τὸν
1823 4799 1997 4868 ᾅδην,

414 4906 468 4942 κ.
504 4906 554 4942 τ.
589 4891 634 4943 ὲ.
671 4891 880 4962 ’Ὠσπερ
910 4891 938 4942 6
963 4892 1294 4963 παράδεισος
1321 4893 1434 4964 (76)
1466 4892 1572 4945 τῶν
1596 4893 1818 4946 δικαίων
1851 4895 2000 4947 ἐστὶν

413 4983 747 5053 οἰκητήριον,
769 4981 940 5046 οὕτως
962 4983 1093 5054 ᾅδης
1114 4984 1221 5038 τῶν
1245 4985 1584 5057 ἁμαρτωλῶν
1618 4987 1850 5056 κολαστή
1861 5005 1992 5059 ριον.

425 5073 963 5147 Ἀποκλεισθήτωσαν
989 5115 1003 5140 ,
1051 5078 1215 5148 φησὶν
1240 5119 1254 5143 ,
1295 5078 1442 5142 ὅπως
1492 5077 1566 5150 μὴ
1604 5077 1784 5131 ἴδωσιν
1823 5079 1995 5151 Ἰησοῦ

409 5165 587 5238 ψυχὴν
616 5169 1047 5222 καταϐαίνουσαν
1082 5170 1178 5222 καὶ
1223 5170 1617 5224 ἀναϐαίνουσαν
1638 5211 1652 5234 ,
1705 5172 1852 5226 ἔνδον
1883 5173 1996 5226 ἀπ-

409 5261 796 5331 εστραμμένοι.
843 5263 905 5316 Οἱ
943 5262 1052 5333 γὰρ
1087 5262 1554 5334 προσδοκήσαντες
1586 5263 1752 5336 αὐτὴν
1782 5265 2000 5338 ὠσπερ.

410 5351 460 5402 εἰ
513 5350 618 5415 ἔξω
685 5351 910 5406 ἔϐλεπον
985 5353 1372 5426 καθειργμένοι
1433 5356 1491 5407 ὲν
1560 5355 1720 5426 ᾅδου,
1779 5357 1994 5429 πρῶτον

441 5494 503 5524 ’⁸
533 5495 715 5549 Matth.
757 5511 832 5560 st,
862 5495 916 5551 5.

482 5608 1106 5676 (71)Οὶὲκζητοῦντες,
1139 5621 1244 5665 etc.
1279 5613 1593 5667 Corderius.

485 5678 599 5748 (72)
643 5680 906 5755 Ἐκεῖνος
934 5679 1184 5755 adnuat,
1215 5691 1324 5736 ctc.
1355 5684 1578 5738 Scltedte
1602 5683 1813 5748 Grahii,
1860 5699 1987 5755 par-

414 5750 613 5814 timque.
636 5752 928 5802 (Inrdcritts
961 5761 1013 5803 et
1052 5752 1120 5804 Ba
1132 5754 1344 5806 I'iiat‘lIS.

481 5819 588 5889 (75)
621 5821 761 5874 Ποῖα
787 5820 1244 5891 ἐπιτηδεύματα,
1280 5833 1385 5878 etc.
1418 5821 1643 5879 Sclteda:
1674 5824 1880 5880 Crahii.

2109 4636 2232 4674 cum
2255 4619 2667 4688 iudicabuntur,
2712 4631 3044 4690 cognoscunt
3096 4634 3217 4673 cum
3252 4618 3343 4686 qui
3376 4617 3590 4683 iudicat
3627 4622 3684 4680 in

2097 4712 2331 4781 justitia.

2179 4805 2347 4860 Vnus.
2388 4805 2477 4860 18.
2519 4803 2914 4858 Convertuntur
2948 4815 3247 4872 peccatores
3300 4806 3353 4858 in
3399 4805 3690 4874 infernum,

2105 4905 2213 4953 etc.
2252 4897 2405 4950 Sient
2433 4896 3013 4964 paradisnsjustorum
3049 4905 3132 4948 est
3173 4894 3567 4961 habitaculum,
3613 4898 3684 4952 sic

2106 4987 2352 5042 inlernus
2385 4995 2733 5057 peccatorum
2781 4994 2867 5039 est
2903 4986 2970 5038 ad
3015 4983 3236 5039 ferenda
3289 4985 3554 5053 supplicia
3585 4985 3684 5038 do-

2107 5083 2392 5136 micilium.
2424 5080 2864 5146 Conclndautur,
2902 5077 3100 5146 inquit,
3140 5091 3206 5129 ne
3241 5076 3389 5131 intus
3439 5090 3685 5131 conversi

2105 5175 2324 5227 videant
2387 5173 2624 5226 auitnam
2684 5169 2814 5224 Jesu
2888 5167 3314 5223 descendentem
3374 5176 3426 5222 et
3491 5182 3679 5221 ascen-

2105 5267 2345 5318 dentem.
2392 5262 2492 5330 Qui
2523 5264 2670 5317 enim
2721 5261 2865 5314 illaut
2912 5266 3321 5330 exspectarunt,
3373 5259 3426 5312 in
3472 5257 3680 5312 inferne

2103 5358 2330 5421 detenti,
2370 5367 2628 5425 tanquam
2672 5361 2830 5408 extra
2866 5353 3156 5415 viderunt,
3197 5352 3428 5420 primum
3467 5349 3678 5418 quidem

2173 5610 2286 5680 (74)
2322 5604 2825 5680 Πύλαιθανὰτοιέ,
2845 5614 2953 5658 etc.
2981 5602 3312 5680 Corderins,
3325 5599 3622 5651 Barbarus.

2171 5673 2283 5750 (75)
2322 5677 2740 5744 Ἐνεπὰγησαν
2764 5675 2930 5750 ἔρνη.
2959 5683 3063 5728 etc.
3093 5673 3404 5750 Curtlcrins.
3461 5738 3495 5750 Α
3568 5741 3611 5750 Η

2170 5738 2283 5822 (76)
2310 5738 3028 5822 "llansp:g5':;(1pci681doc,
3060 5753 3163 5794 etc.
3207 5738 3658 5822 Selnatzeﬂrahii,

2101 5834 2153 5878 et
2176 5813 2521 5882 ‘Coiubciisii,
2550 5818 2845 5882 Barbarus,
2884 5826 3191 5882 partimque
3217 5813 3533 5868 Corderitts.
