  <div class='ocr_page' id='page_1' title='image "/cluster/home/n/w/nwhite01/storage/ocr_20150623/12:no.2/coo.31924054873074/609.png"; bbox 0 0 4100 6438; ppageno 0'>
   <div class='ocr_carea' id='block_1_1' title="bbox 418 327 548 383">
    <p class='ocr_par' dir='ltr' id='par_1_1' title="bbox 418 327 548 383">
     <span class='ocr_line' id='line_1_1' title="bbox 418 327 548 383; baseline 0.015 -2"><span class='ocrx_word' id='word_1_1' title='bbox 418 327 548 383; x_wconf 66' lang='lat' dir='ltr'><strong>HM</strong></span> 
     </span>
    </p>
   </div>
   <div class='ocr_carea' id='block_1_2' title="bbox 1837 327 2266 385">
    <p class='ocr_par' dir='ltr' id='par_1_2' title="bbox 1837 327 2266 385">
     <span class='ocr_line' id='line_1_2' title="bbox 1837 327 2266 385; baseline 0.005 -3"><span class='ocrx_word' id='word_1_2' title='bbox 1837 327 1925 385; x_wconf 78' lang='lat' dir='ltr'><strong>EX</strong></span> <span class='ocrx_word' id='word_1_3' title='bbox 1963 328 2266 384; x_wconf 66' lang='lat' dir='ltr'><strong>OIIIGENE</strong></span> 
     </span>
    </p>
   </div>
   <div class='ocr_carea' id='block_1_3' title="bbox 3557 337 3697 394">
    <p class='ocr_par' dir='ltr' id='par_1_3' title="bbox 3557 337 3697 394">
     <span class='ocr_line' id='line_1_3' title="bbox 3557 337 3697 394; baseline 0.014 -2"><span class='ocrx_word' id='word_1_4' title='bbox 3557 337 3697 394; x_wconf 72' lang='lat'><strong>“9‘2</strong></span> 
     </span>
    </p>
   </div>
   <div class='ocr_carea' id='block_1_4' title="bbox 419 450 1991 524">
    <p class='ocr_par' dir='ltr' id='par_1_4' title="bbox 419 450 1990 522">
     <span class='ocr_line' id='line_1_4' title="bbox 419 450 1990 522; baseline 0.001 -18"><span class='ocrx_word' id='word_1_5' title='bbox 419 457 715 519; x_wconf 69' lang='lat' dir='ltr'><strong>prophetae,</strong></span> <span class='ocrx_word' id='word_1_6' title='bbox 759 451 951 505; x_wconf 85' lang='lat' dir='ltr'><strong>deinde</strong></span> <span class='ocrx_word' id='word_1_7' title='bbox 990 450 1182 519; x_wconf 86' lang='lat' dir='ltr'><strong>reliqui</strong></span> <span class='ocrx_word' id='word_1_8' title='bbox 1222 452 1561 520; x_wconf 85' lang='lat' dir='ltr'><strong>omnesjusti</strong></span> <span class='ocrx_word' id='word_1_9' title='bbox 1593 468 1606 506; x_wconf 89' lang='lat'><strong>:</strong></span> <span class='ocrx_word' id='word_1_10' title='bbox 1637 454 1990 522; x_wconf 83' lang='lat' dir='ltr'><strong>autprimum</strong></span> 
     </span>
    </p>
   </div>
   <div class='ocr_carea' id='block_1_5' title="bbox 2096 450 3691 524">
    <p class='ocr_par' dir='ltr' id='par_1_5' title="bbox 2101 452 3691 524">
     <span class='ocr_line' id='line_1_5' title="bbox 2101 452 3691 524; baseline 0.003 -18"><span class='ocrx_word' id='word_1_11' title='bbox 2101 454 2198 523; x_wconf 85' lang='grc' dir='ltr'><strong>μὲν</strong></span> <span class='ocrx_word' id='word_1_12' title='bbox 2243 453 2294 505; x_wconf 73' lang='grc' dir='ltr'>οἱ</span> <span class='ocrx_word' id='word_1_13' title='bbox 2333 453 2645 524; x_wconf 74' lang='grc' dir='ltr'><strong>προφῆται,</strong></span> <span class='ocrx_word' id='word_1_14' title='bbox 2693 452 2887 507; x_wconf 77' lang='grc' dir='ltr'>ἔπειτα</span> <span class='ocrx_word' id='word_1_15' title='bbox 2919 454 2968 507; x_wconf 71' lang='grc' dir='ltr'><strong>οἱ</strong></span> <span class='ocrx_word' id='word_1_16' title='bbox 3001 453 3179 508; x_wconf 77' lang='grc' dir='ltr'>λοιποὶ</span> <span class='ocrx_word' id='word_1_17' title='bbox 3223 455 3423 520; x_wconf 86' lang='grc' dir='ltr'>πάντες</span> <span class='ocrx_word' id='word_1_18' title='bbox 3454 455 3691 511; x_wconf 79' lang='grc' dir='ltr'>δίκαιοι·</span> 
     </span>
    </p>
   </div>
   <div class='ocr_carea' id='block_1_6' title="bbox 418 542 1996 614">
    <p class='ocr_par' dir='ltr' id='par_1_6' title="bbox 418 542 1996 614">
     <span class='ocr_line' id='line_1_6' title="bbox 418 542 1996 614; baseline 0.003 -19"><span class='ocrx_word' id='word_1_19' title='bbox 418 543 636 611; x_wconf 87' lang='lat' dir='ltr'><strong>quidem</strong></span> <span class='ocrx_word' id='word_1_20' title='bbox 685 543 777 612; x_wconf 87' lang='lat' dir='ltr'><strong>qui</strong></span> <span class='ocrx_word' id='word_1_21' title='bbox 836 542 976 596; x_wconf 89' lang='lat' dir='ltr'><strong>inter</strong></span> <span class='ocrx_word' id='word_1_22' title='bbox 1029 557 1128 596; x_wconf 87' lang='lat' dir='ltr'><strong>nos</strong></span> <span class='ocrx_word' id='word_1_23' title='bbox 1177 557 1336 596; x_wconf 82' lang='lat' dir='ltr'><strong>erant</strong></span> <span class='ocrx_word' id='word_1_24' title='bbox 1401 552 1756 612; x_wconf 88' lang='lat' dir='ltr'><strong>peccatores,</strong></span> <span class='ocrx_word' id='word_1_25' title='bbox 1811 557 1996 614; x_wconf 86' lang='lat' dir='ltr'><strong>postea</strong></span> 
     </span>
    </p>
   </div>
   <div class='ocr_carea' id='block_1_7' title="bbox 418 643 624 703">
    <p class='ocr_par' dir='ltr' id='par_1_7' title="bbox 418 643 624 703">
     <span class='ocr_line' id='line_1_7' title="bbox 418 643 624 703; baseline 0.005 -18"><span class='ocrx_word' id='word_1_26' title='bbox 418 643 624 703; x_wconf 75' lang='lat' dir='ltr'><strong>gemes.</strong></span> 
     </span>
    </p>
   </div>
   <div class='ocr_carea' id='block_1_8' title="bbox 491 725 2000 799">
    <p class='ocr_par' dir='ltr' id='par_1_8' title="bbox 491 725 2000 799">
     <span class='ocr_line' id='line_1_8' title="bbox 491 725 2000 799; baseline 0.004 -21"><span class='ocrx_word' id='word_1_27' title='bbox 491 727 650 780; x_wconf 64' lang='grc' dir='ltr'>νεεδ.</span> <span class='ocrx_word' id='word_1_28' title='bbox 698 725 780 780; x_wconf 77' lang='grc'><strong>19.</strong></span> <span class='ocrx_word' id='word_1_29' title='bbox 833 725 1098 780; x_wconf 84' lang='lat' dir='ltr'><strong>Patientia</strong></span> <span class='ocrx_word' id='word_1_30' title='bbox 1140 744 1429 795; x_wconf 80' lang='lat' dir='ltr'><strong>pauperum</strong></span> <span class='ocrx_word' id='word_1_31' title='bbox 1481 744 1585 782; x_wconf 88' lang='lat' dir='ltr'><strong>non</strong></span> <span class='ocrx_word' id='word_1_32' title='bbox 1627 731 1812 797; x_wconf 82' lang='lat' dir='ltr'><strong>peribit</strong></span> <span class='ocrx_word' id='word_1_33' title='bbox 1845 731 1896 784; x_wconf 90' lang='lat' dir='ltr'><strong>in</strong></span> <span class='ocrx_word' id='word_1_34' title='bbox 1934 732 2000 799; x_wconf 84' lang='lat' dir='ltr'><strong>ﬁ-</strong></span> 
     </span>
    </p>
   </div>
   <div class='ocr_carea' id='block_1_9' title="bbox 425 819 2000 888">
    <p class='ocr_par' dir='ltr' id='par_1_9' title="bbox 425 819 2000 888">
     <span class='ocr_line' id='line_1_9' title="bbox 425 819 2000 888; baseline 0.006 -20"><span class='ocrx_word' id='word_1_35' title='bbox 425 834 562 878; x_wconf 76' lang='lat' dir='ltr'><strong>nem,</strong></span> <span class='ocrx_word' id='word_1_36' title='bbox 631 827 736 871; x_wconf 90' lang='lat' dir='ltr'><strong>etc.</strong></span> <span class='ocrx_word' id='word_1_37' title='bbox 803 819 1270 885; x_wconf 62' lang='lat' dir='ltr'><strong>Quemadmodum</strong></span> <span class='ocrx_word' id='word_1_38' title='bbox 1329 820 1555 888; x_wconf 83' lang='lat' dir='ltr'><strong>spiritus</strong></span> <span class='ocrx_word' id='word_1_39' title='bbox 1618 839 1720 876; x_wconf 85' lang='lat' dir='ltr'><strong>non</strong></span> <span class='ocrx_word' id='word_1_40' title='bbox 1791 825 2000 878; x_wconf 86' lang='lat' dir='ltr'><strong>exstin-</strong></span> 
     </span>
    </p>
   </div>
   <div class='ocr_carea' id='block_1_10' title="bbox 415 910 1996 980">
    <p class='ocr_par' dir='ltr' id='par_1_10' title="bbox 415 910 1996 980">
     <span class='ocr_line' id='line_1_10' title="bbox 415 910 1996 980; baseline 0.006 -20"><span class='ocrx_word' id='word_1_41' title='bbox 415 910 620 977; x_wconf 73' lang='lat' dir='ltr'><strong>guitur,</strong></span> <span class='ocrx_word' id='word_1_42' title='bbox 667 911 746 964; x_wconf 91' lang='lat' dir='ltr'><strong>sic</strong></span> <span class='ocrx_word' id='word_1_43' title='bbox 799 912 1062 977; x_wconf 89' lang='lat' dir='ltr'><strong>patientia</strong></span> <span class='ocrx_word' id='word_1_44' title='bbox 1117 927 1224 966; x_wconf 92' lang='lat' dir='ltr'><strong>non</strong></span> <span class='ocrx_word' id='word_1_45' title='bbox 1275 915 1436 980; x_wconf 88' lang='lat' dir='ltr'><strong>perit.</strong></span> <span class='ocrx_word' id='word_1_46' title='bbox 1487 933 1503 964; x_wconf 76' lang='grc' dir='ltr'><strong>ι</strong></span> <span class='ocrx_word' id='word_1_47' title='bbox 1543 914 1806 969; x_wconf 82' lang='lat' dir='ltr'><strong>Dominus</strong></span> <span class='ocrx_word' id='word_1_48' title='bbox 1853 916 1996 969; x_wconf 90' lang='lat' dir='ltr'><strong>enim</strong></span> 
     </span>
    </p>
   </div>
   <div class='ocr_carea' id='block_1_11' title="bbox 417 1002 2000 1070">
    <p class='ocr_par' dir='ltr' id='par_1_11' title="bbox 417 1002 2000 1070">
     <span class='ocr_line' id='line_1_11' title="bbox 417 1002 2000 1070; baseline 0.006 -17"><span class='ocrx_word' id='word_1_49' title='bbox 417 1003 643 1070; x_wconf 79' lang='lat' dir='ltr'><strong>spiritus</strong></span> <span class='ocrx_word' id='word_1_50' title='bbox 672 1012 754 1056; x_wconf 88' lang='lat' dir='ltr'><strong>est</strong></span> <span class='ocrx_word' id='word_1_51' title='bbox 786 1004 806 1033; x_wconf 81' lang='grc'><strong><em>⁵</em></strong></span> <span class='ocrx_word' id='word_1_52' title='bbox 840 1019 854 1066; x_wconf 91' lang='grc'><strong>;</strong></span> <span class='ocrx_word' id='word_1_53' title='bbox 895 1022 913 1054; x_wconf 74' lang='grc' dir='ltr'><strong>ι</strong></span> <span class='ocrx_word' id='word_1_54' title='bbox 939 1013 989 1057; x_wconf 89' lang='lat' dir='ltr'><strong>et</strong></span> <span class='ocrx_word' id='word_1_55' title='bbox 1012 1022 1029 1054; x_wconf 81' lang='grc' dir='ltr'><strong>ι</strong></span> <span class='ocrx_word' id='word_1_56' title='bbox 1053 1002 1314 1056; x_wconf 83' lang='lat' dir='ltr'><strong>Patientia</strong></span> <span class='ocrx_word' id='word_1_57' title='bbox 1369 1019 1486 1057; x_wconf 88' lang='lat' dir='ltr'><strong>mea</strong></span> <span class='ocrx_word' id='word_1_58' title='bbox 1531 1005 1786 1060; x_wconf 86' lang='lat' dir='ltr'><strong>Dominus</strong></span> <span class='ocrx_word' id='word_1_59' title='bbox 1832 1006 2000 1062; x_wconf 66' lang='lat' dir='ltr'><strong>“JSic</strong></span> 
     </span>
    </p>
   </div>
   <div class='ocr_carea' id='block_1_12' title="bbox 418 1094 1997 1166">
    <p class='ocr_par' dir='ltr' id='par_1_12' title="bbox 418 1094 1997 1166">
     <span class='ocr_line' id='line_1_12' title="bbox 418 1094 1997 1166; baseline 0.003 -19"><span class='ocrx_word' id='word_1_60' title='bbox 418 1105 474 1147; x_wconf 91' lang='lat' dir='ltr'><strong>et</strong></span> <span class='ocrx_word' id='word_1_61' title='bbox 514 1094 566 1147; x_wconf 90' lang='lat' dir='ltr'><strong>in</strong></span> <span class='ocrx_word' id='word_1_62' title='bbox 610 1094 818 1148; x_wconf 85' lang='lat' dir='ltr'><strong>Galatis</strong></span> <span class='ocrx_word' id='word_1_63' title='bbox 873 1094 1138 1148; x_wconf 80' lang='lat' dir='ltr'><strong>formatur</strong></span> <span class='ocrx_word' id='word_1_64' title='bbox 1173 1094 1425 1150; x_wconf 87' lang='lat' dir='ltr'><strong>Christus</strong></span> <span class='ocrx_word' id='word_1_65' title='bbox 1453 1097 1542 1166; x_wconf 87' lang='lat' dir='ltr'><strong>qui</strong></span> <span class='ocrx_word' id='word_1_66' title='bbox 1575 1097 1722 1150; x_wconf 90' lang='lat' dir='ltr'><strong>omni</strong></span> <span class='ocrx_word' id='word_1_67' title='bbox 1755 1108 1905 1152; x_wconf 86' lang='lat' dir='ltr'><strong>caret</strong></span> <span class='ocrx_word' id='word_1_68' title='bbox 1933 1099 1997 1152; x_wconf 76' lang='lat' dir='ltr'><strong>ti-</strong></span> 
     </span>
    </p>
   </div>
   <div class='ocr_carea' id='block_1_13' title="bbox 419 1185 1995 1259">
    <p class='ocr_par' dir='ltr' id='par_1_13' title="bbox 419 1185 1995 1259">
     <span class='ocr_line' id='line_1_13' title="bbox 419 1185 1995 1259; baseline 0.003 -21"><span class='ocrx_word' id='word_1_69' title='bbox 419 1201 550 1255; x_wconf 78' lang='lat' dir='ltr'><strong>gura</strong></span> <span class='ocrx_word' id='word_1_70' title='bbox 596 1185 638 1237; x_wconf 84' lang='grc'>⁷.</span> <span class='ocrx_word' id='word_1_71' title='bbox 693 1185 793 1238; x_wconf 87' lang='lat' dir='ltr'><strong>llic</strong></span> <span class='ocrx_word' id='word_1_72' title='bbox 838 1195 1021 1239; x_wconf 88' lang='lat' dir='ltr'><strong>autem</strong></span> <span class='ocrx_word' id='word_1_73' title='bbox 1079 1187 1282 1241; x_wconf 92' lang='lat' dir='ltr'><strong>dicitur</strong></span> <span class='ocrx_word' id='word_1_74' title='bbox 1327 1189 1567 1242; x_wconf 88' lang='lat' dir='ltr'><strong>dormire</strong></span> <span class='ocrx_word' id='word_1_75' title='bbox 1614 1206 1627 1241; x_wconf 94' lang='lat'>:</span> <span class='ocrx_word' id='word_1_76' title='bbox 1669 1208 1687 1235; x_wconf 76' lang='grc' dir='ltr'>σ</span> <span class='ocrx_word' id='word_1_77' title='bbox 1730 1189 1995 1259; x_wconf 81' lang='lat' dir='ltr'><strong>Exsurge,</strong></span> 
     </span>
    </p>
   </div>
   <div class='ocr_carea' id='block_1_14' title="bbox 418 1277 895 1345">
    <p class='ocr_par' dir='ltr' id='par_1_14' title="bbox 418 1277 895 1345">
     <span class='ocr_line' id='line_1_14' title="bbox 418 1277 895 1345; baseline -0.002 -17"><span class='ocrx_word' id='word_1_78' title='bbox 418 1277 546 1345; x_wconf 79' lang='lat' dir='ltr'><strong>quid</strong></span> <span class='ocrx_word' id='word_1_79' title='bbox 583 1277 791 1330; x_wconf 83' lang='lat' dir='ltr'><strong>dormis</strong></span> <span class='ocrx_word' id='word_1_80' title='bbox 824 1277 845 1329; x_wconf 87' lang='lat'><strong>?</strong></span> <span class='ocrx_word' id='word_1_81' title='bbox 879 1295 895 1327; x_wconf 75' lang='grc' dir='ltr'><strong>ι</strong></span> 
     </span>
    </p>
   </div>
   <div class='ocr_carea' id='block_1_15' title="bbox 490 1367 2000 1440">
    <p class='ocr_par' dir='ltr' id='par_1_15' title="bbox 490 1367 2000 1440">
     <span class='ocr_line' id='line_1_15' title="bbox 490 1367 2000 1440; baseline 0.002 -19"><span class='ocrx_word' id='word_1_82' title='bbox 490 1368 656 1422; x_wconf 76' lang='lat' dir='ltr'><strong>Vens.</strong></span> <span class='ocrx_word' id='word_1_83' title='bbox 698 1367 788 1422; x_wconf 70' lang='lat'><strong>‘20.</strong></span> <span class='ocrx_word' id='word_1_84' title='bbox 836 1368 1118 1439; x_wconf 70' lang='lat' dir='ltr'><strong>Exsurge,</strong></span> <span class='ocrx_word' id='word_1_85' title='bbox 1182 1370 1442 1435; x_wconf 81' lang='lat' dir='ltr'><strong>Domine,</strong></span> <span class='ocrx_word' id='word_1_86' title='bbox 1513 1389 1616 1425; x_wconf 86' lang='lat' dir='ltr'><strong>non</strong></span> <span class='ocrx_word' id='word_1_87' title='bbox 1675 1372 2000 1440; x_wconf 73' lang='lat' dir='ltr'><strong>confortatur</strong></span> 
     </span>
    </p>
   </div>
   <div class='ocr_carea' id='block_1_16' title="bbox 422 1459 1997 1533">
    <p class='ocr_par' dir='ltr' id='par_1_16' title="bbox 422 1459 1997 1533">
     <span class='ocr_line' id='line_1_16' title="bbox 422 1459 1997 1533; baseline 0.003 -22"><span class='ocrx_word' id='word_1_88' title='bbox 422 1459 599 1525; x_wconf 77' lang='lat' dir='ltr'><strong>homo,</strong></span> <span class='ocrx_word' id='word_1_89' title='bbox 637 1469 741 1513; x_wconf 84' lang='lat' dir='ltr'><strong>etc.</strong></span> <span class='ocrx_word' id='word_1_90' title='bbox 780 1460 988 1514; x_wconf 92' lang='lat' dir='ltr'><strong>Dicenti</strong></span> <span class='ocrx_word' id='word_1_91' title='bbox 1027 1463 1206 1532; x_wconf 85' lang='lat' dir='ltr'><strong>igitur,</strong></span> <span class='ocrx_word' id='word_1_92' title='bbox 1232 1463 1417 1517; x_wconf 84' lang='lat' dir='ltr'><strong>Robur</strong></span> <span class='ocrx_word' id='word_1_93' title='bbox 1451 1479 1653 1527; x_wconf 90' lang='lat' dir='ltr'><strong>meum,</strong></span> <span class='ocrx_word' id='word_1_94' title='bbox 1688 1480 1916 1533; x_wconf 85' lang='lat' dir='ltr'><strong>repones</strong></span> <span class='ocrx_word' id='word_1_95' title='bbox 1942 1474 1997 1517; x_wconf 93' lang='lat' dir='ltr'><strong>lu</strong></span> 
     </span>
    </p>
   </div>
   <div class='ocr_carea' id='block_1_17' title="bbox 422 1547 2000 1625">
    <p class='ocr_par' dir='ltr' id='par_1_17' title="bbox 422 1547 2000 1625">
     <span class='ocr_line' id='line_1_17' title="bbox 422 1547 2000 1625; baseline 0.008 -26"><span class='ocrx_word' id='word_1_96' title='bbox 422 1547 590 1600; x_wconf 89' lang='lat' dir='ltr'><strong>Deum</strong></span> <span class='ocrx_word' id='word_1_97' title='bbox 623 1563 744 1604; x_wconf 89' lang='lat' dir='ltr'><strong>esse</strong></span> <span class='ocrx_word' id='word_1_98' title='bbox 777 1551 865 1617; x_wconf 92' lang='lat' dir='ltr'><strong>qni</strong></span> <span class='ocrx_word' id='word_1_99' title='bbox 901 1552 1191 1606; x_wconf 80' lang='lat' dir='ltr'><strong>continuat</strong></span> <span class='ocrx_word' id='word_1_100' title='bbox 1233 1552 1460 1620; x_wconf 89' lang='lat' dir='ltr'><strong>justum,</strong></span> <span class='ocrx_word' id='word_1_101' title='bbox 1514 1554 1705 1610; x_wconf 82' lang='lat' dir='ltr'><strong>deletis</strong></span> <span class='ocrx_word' id='word_1_102' title='bbox 1748 1557 1866 1625; x_wconf 87' lang='lat' dir='ltr'><strong>ejus</strong></span> <span class='ocrx_word' id='word_1_103' title='bbox 1903 1557 2000 1610; x_wconf 81' lang='lat' dir='ltr'><strong>liu-</strong></span> 
     </span>
    </p>
   </div>
   <div class='ocr_carea' id='block_1_18' title="bbox 422 1638 1641 1708">
    <p class='ocr_par' dir='ltr' id='par_1_18' title="bbox 422 1638 1641 1708">
     <span class='ocr_line' id='line_1_18' title="bbox 422 1638 1641 1708; baseline 0.008 -19"><span class='ocrx_word' id='word_1_104' title='bbox 422 1638 598 1692; x_wconf 90' lang='lat' dir='ltr'><strong>manis</strong></span> <span class='ocrx_word' id='word_1_105' title='bbox 631 1640 1050 1708; x_wconf 77' lang='lat' dir='ltr'><strong>cogitationibus</strong></span> <span class='ocrx_word' id='word_1_106' title='bbox 1085 1653 1138 1696; x_wconf 89' lang='lat' dir='ltr'><strong>et</strong></span> <span class='ocrx_word' id='word_1_107' title='bbox 1173 1644 1344 1698; x_wconf 86' lang='lat' dir='ltr'><strong>animi</strong></span> <span class='ocrx_word' id='word_1_108' title='bbox 1382 1644 1641 1701; x_wconf 85' lang='lat' dir='ltr'><strong>motibus.</strong></span> 
     </span>
    </p>
   </div>
   <div class='ocr_carea' id='block_1_19' title="bbox 985 1964 1425 2024">
    <p class='ocr_par' dir='ltr' id='par_1_19' title="bbox 985 1964 1425 2024">
     <span class='ocr_line' id='line_1_19' title="bbox 985 1964 1425 2024; baseline 0.009 -5"><span class='ocrx_word' id='word_1_109' title='bbox 985 1964 1308 2024; x_wconf 83' lang='lat' dir='ltr'><strong>PSALMUS</strong></span> <span class='ocrx_word' id='word_1_110' title='bbox 1357 1968 1425 2023; x_wconf 79' lang='grc' dir='ltr'>Χ.</span> 
     </span>
    </p>
   </div>
   <div class='ocr_carea' id='block_1_20' title="bbox 916 2058 1501 2133">
    <p class='ocr_par' dir='ltr' id='par_1_20' title="bbox 916 2058 1501 2133">
     <span class='ocr_line' id='line_1_20' title="bbox 916 2058 1501 2133; baseline 0.01 -21"><span class='ocrx_word' id='word_1_111' title='bbox 916 2058 1251 2127; x_wconf 79' lang='lat' dir='ltr'><strong>(Secundum</strong></span> <span class='ocrx_word' id='word_1_112' title='bbox 1309 2061 1501 2133; x_wconf 83' lang='lat' dir='ltr'><strong>Hebr.)</strong></span> 
     </span>
    </p>
   </div>
   <div class='ocr_carea' id='block_1_21' title="bbox 493 2148 1995 2225">
    <p class='ocr_par' dir='ltr' id='par_1_21' title="bbox 493 2148 1995 2225">
     <span class='ocr_line' id='line_1_21' title="bbox 493 2148 1995 2225; baseline 0.005 -23"><span class='ocrx_word' id='word_1_113' title='bbox 493 2148 653 2205; x_wconf 72' lang='lat' dir='ltr'><strong>Vens.</strong></span> <span class='ocrx_word' id='word_1_114' title='bbox 701 2150 750 2202; x_wconf 79' lang='lat' dir='ltr'><strong>l.</strong></span> <span class='ocrx_word' id='word_1_115' title='bbox 794 2148 1015 2220; x_wconf 85' lang='lat' dir='ltr'><strong>thuid,</strong></span> <span class='ocrx_word' id='word_1_116' title='bbox 1065 2151 1308 2220; x_wconf 81' lang='lat' dir='ltr'><strong>Domine,</strong></span> <span class='ocrx_word' id='word_1_117' title='bbox 1368 2155 1627 2209; x_wconf 82' lang='lat' dir='ltr'><strong>recessisti</strong></span> <span class='ocrx_word' id='word_1_118' title='bbox 1654 2154 1852 2225; x_wconf 80' lang='lat' dir='ltr'><strong>longe?</strong></span> <span class='ocrx_word' id='word_1_119' title='bbox 1890 2165 1995 2212; x_wconf 91' lang='lat' dir='ltr'><strong>etc.</strong></span> 
     </span>
    </p>
   </div>
   <div class='ocr_carea' id='block_1_22' title="bbox 414 2238 1994 2313">
    <p class='ocr_par' dir='ltr' id='par_1_22' title="bbox 414 2238 1994 2313">
     <span class='ocr_line' id='line_1_22' title="bbox 414 2238 1994 2313; baseline 0.006 -21"><span class='ocrx_word' id='word_1_120' title='bbox 414 2238 780 2309; x_wconf 74' lang='lat' dir='ltr'><strong>lnterroganti</strong></span> <span class='ocrx_word' id='word_1_121' title='bbox 840 2243 1169 2308; x_wconf 87' lang='lat' dir='ltr'><strong>respondere</strong></span> <span class='ocrx_word' id='word_1_122' title='bbox 1226 2243 1420 2312; x_wconf 81' lang='lat' dir='ltr'><strong>aliquis</strong></span> <span class='ocrx_word' id='word_1_123' title='bbox 1469 2245 1668 2313; x_wconf 88' lang='lat' dir='ltr'><strong>poterit</strong></span> <span class='ocrx_word' id='word_1_124' title='bbox 1729 2247 1859 2299; x_wconf 86' lang='lat' dir='ltr'><strong>illud</strong></span> <span class='ocrx_word' id='word_1_125' title='bbox 1911 2247 1933 2278; x_wconf 85' lang='grc'><strong>⁸</strong></span> <span class='ocrx_word' id='word_1_126' title='bbox 1981 2265 1994 2301; x_wconf 93' lang='lat'>:</span> 
     </span>
    </p>
   </div>
   <div class='ocr_carea' id='block_1_23' title="bbox 422 2327 1997 2402">
    <p class='ocr_par' dir='ltr' id='par_1_23' title="bbox 422 2327 1997 2402">
     <span class='ocr_line' id='line_1_23' title="bbox 422 2327 1997 2402; baseline 0.008 -22"><span class='ocrx_word' id='word_1_127' title='bbox 422 2346 443 2380; x_wconf 70' lang='grc' dir='ltr'><em>ς</em></span> <span class='ocrx_word' id='word_1_128' title='bbox 486 2327 645 2394; x_wconf 77' lang='lat' dir='ltr'><strong>Ecce,</strong></span> <span class='ocrx_word' id='word_1_129' title='bbox 678 2330 768 2399; x_wconf 88' lang='lat' dir='ltr'><strong>qui</strong></span> <span class='ocrx_word' id='word_1_130' title='bbox 801 2330 1064 2398; x_wconf 80' lang='lat' dir='ltr'><strong>elongant</strong></span> <span class='ocrx_word' id='word_1_131' title='bbox 1089 2347 1147 2386; x_wconf 89' lang='lat' dir='ltr'><strong>se</strong></span> <span class='ocrx_word' id='word_1_132' title='bbox 1179 2347 1208 2385; x_wconf 89' lang='lat' dir='ltr'><strong>a</strong></span> <span class='ocrx_word' id='word_1_133' title='bbox 1243 2345 1293 2387; x_wconf 92' lang='lat' dir='ltr'><strong>te</strong></span> <span class='ocrx_word' id='word_1_134' title='bbox 1325 2334 1614 2402; x_wconf 79' lang='lat' dir='ltr'><strong>peribunt;</strong></span> <span class='ocrx_word' id='word_1_135' title='bbox 1646 2354 1664 2386; x_wconf 76' lang='grc' dir='ltr'><strong>ι</strong></span> <span class='ocrx_word' id='word_1_136' title='bbox 1697 2345 1751 2389; x_wconf 90' lang='lat' dir='ltr'><strong>et</strong></span> <span class='ocrx_word' id='word_1_137' title='bbox 1780 2336 1907 2390; x_wconf 88' lang='lat' dir='ltr'><strong>illud</strong></span> <span class='ocrx_word' id='word_1_138' title='bbox 1931 2338 1951 2368; x_wconf 82' lang='grc'><strong>⁹</strong></span> <span class='ocrx_word' id='word_1_139' title='bbox 1982 2353 1997 2392; x_wconf 88' lang='lat'>:</span> 
     </span>
    </p>
   </div>
   <div class='ocr_carea' id='block_1_24' title="bbox 408 2421 1999 2494">
    <p class='ocr_par' dir='ltr' id='par_1_24' title="bbox 408 2421 1999 2494">
     <span class='ocr_line' id='line_1_24' title="bbox 408 2421 1999 2494; baseline 0.008 -25"><span class='ocrx_word' id='word_1_140' title='bbox 408 2439 439 2472; x_wconf 76' lang='grc' dir='ltr'>,ι</span> <span class='ocrx_word' id='word_1_141' title='bbox 487 2421 626 2475; x_wconf 88' lang='lat' dir='ltr'><strong>Deus</strong></span> <span class='ocrx_word' id='word_1_142' title='bbox 680 2423 1070 2492; x_wconf 74' lang='lat' dir='ltr'><strong>approximans</strong></span> <span class='ocrx_word' id='word_1_143' title='bbox 1124 2439 1224 2494; x_wconf 79' lang='lat' dir='ltr'><strong>ego</strong></span> <span class='ocrx_word' id='word_1_144' title='bbox 1283 2440 1423 2489; x_wconf 90' lang='lat' dir='ltr'><strong>sum,</strong></span> <span class='ocrx_word' id='word_1_145' title='bbox 1469 2435 1523 2479; x_wconf 89' lang='lat' dir='ltr'><strong>et</strong></span> <span class='ocrx_word' id='word_1_146' title='bbox 1577 2441 1680 2479; x_wconf 90' lang='lat' dir='ltr'><strong>non</strong></span> <span class='ocrx_word' id='word_1_147' title='bbox 1745 2427 1886 2481; x_wconf 88' lang='lat' dir='ltr'><strong>Deus</strong></span> <span class='ocrx_word' id='word_1_148' title='bbox 1932 2427 1999 2482; x_wconf 85' lang='lat' dir='ltr'><strong>de</strong></span> 
     </span>
    </p>
   </div>
   <div class='ocr_carea' id='block_1_25' title="bbox 416 2509 1995 2581">
    <p class='ocr_par' dir='ltr' id='par_1_25' title="bbox 416 2509 1995 2581">
     <span class='ocr_line' id='line_1_25' title="bbox 416 2509 1995 2581; baseline 0.003 -20"><span class='ocrx_word' id='word_1_149' title='bbox 416 2509 596 2579; x_wconf 82' lang='lat' dir='ltr'><strong>longe,</strong></span> <span class='ocrx_word' id='word_1_150' title='bbox 632 2527 651 2561; x_wconf 71' lang='grc' dir='ltr'><strong>ι</strong></span> <span class='ocrx_word' id='word_1_151' title='bbox 684 2511 816 2564; x_wconf 84' lang='lat' dir='ltr'><strong>dicit</strong></span> <span class='ocrx_word' id='word_1_152' title='bbox 862 2511 1120 2564; x_wconf 79' lang='lat' dir='ltr'><strong>Dominus</strong></span> <span class='ocrx_word' id='word_1_153' title='bbox 1147 2511 1200 2564; x_wconf 89' lang='lat' dir='ltr'><strong>in</strong></span> <span class='ocrx_word' id='word_1_154' title='bbox 1239 2513 1546 2581; x_wconf 80' lang='lat' dir='ltr'><strong>prophetis.</strong></span> <span class='ocrx_word' id='word_1_155' title='bbox 1571 2512 1846 2567; x_wconf 78' lang='lat' dir='ltr'><strong>Auxilium</strong></span> <span class='ocrx_word' id='word_1_156' title='bbox 1892 2528 1995 2567; x_wconf 90' lang='lat' dir='ltr'><strong>non</strong></span> 
     </span>
    </p>
   </div>
   <div class='ocr_carea' id='block_1_26' title="bbox 416 2601 1998 2682">
    <p class='ocr_par' dir='ltr' id='par_1_26' title="bbox 416 2601 1998 2682">
     <span class='ocr_line' id='line_1_26' title="bbox 416 2601 1998 2682; baseline 0.004 -29"><span class='ocrx_word' id='word_1_157' title='bbox 416 2601 599 2655; x_wconf 81' lang='lat' dir='ltr'><strong>ferens</strong></span> <span class='ocrx_word' id='word_1_158' title='bbox 628 2602 709 2654; x_wconf 83' lang='lat' dir='ltr'><strong>liis</strong></span> <span class='ocrx_word' id='word_1_159' title='bbox 731 2603 822 2670; x_wconf 92' lang='lat' dir='ltr'><strong>qui</strong></span> <span class='ocrx_word' id='word_1_160' title='bbox 855 2602 1052 2682; x_wconf 54' lang='lat' dir='ltr'><strong>injuria</strong></span> <span class='ocrx_word' id='word_1_161' title='bbox 1082 2602 1409 2667; x_wconf 75' lang='lat' dir='ltr'><strong>alliciuntur,</strong></span> <span class='ocrx_word' id='word_1_162' title='bbox 1433 2605 1638 2660; x_wconf 73' lang='lat' dir='ltr'><strong>videris</strong></span> <span class='ocrx_word' id='word_1_163' title='bbox 1668 2620 1773 2659; x_wconf 90' lang='lat' dir='ltr'><strong>non</strong></span> <span class='ocrx_word' id='word_1_164' title='bbox 1805 2604 1998 2662; x_wconf 86' lang='lat' dir='ltr'><strong>adesse</strong></span> 
     </span>
    </p>
   </div>
   <div class='ocr_carea' id='block_1_27' title="bbox 415 2691 1998 2763">
    <p class='ocr_par' dir='ltr' id='par_1_27' title="bbox 415 2691 1998 2763">
     <span class='ocr_line' id='line_1_27' title="bbox 415 2691 1998 2763; baseline 0.004 -19"><span class='ocrx_word' id='word_1_165' title='bbox 415 2691 502 2745; x_wconf 89' lang='lat' dir='ltr'><strong>his</strong></span> <span class='ocrx_word' id='word_1_166' title='bbox 529 2706 650 2760; x_wconf 78' lang='lat' dir='ltr'><strong>qua:</strong></span> <span class='ocrx_word' id='word_1_167' title='bbox 683 2691 836 2756; x_wconf 80' lang='lat' dir='ltr'><strong>ﬁunt,</strong></span> <span class='ocrx_word' id='word_1_168' title='bbox 868 2695 958 2747; x_wconf 84' lang='lat' dir='ltr'><strong>sed</strong></span> <span class='ocrx_word' id='word_1_169' title='bbox 989 2706 1135 2748; x_wconf 85' lang='lat' dir='ltr'><strong>stare</strong></span> <span class='ocrx_word' id='word_1_170' title='bbox 1172 2694 1362 2763; x_wconf 88' lang='lat' dir='ltr'><strong>procul</strong></span> <span class='ocrx_word' id='word_1_171' title='bbox 1394 2704 1448 2748; x_wconf 87' lang='lat' dir='ltr'><strong>et</strong></span> <span class='ocrx_word' id='word_1_172' title='bbox 1478 2711 1584 2748; x_wconf 90' lang='lat' dir='ltr'><strong>non</strong></span> <span class='ocrx_word' id='word_1_173' title='bbox 1614 2695 1824 2753; x_wconf 81' lang='lat' dir='ltr'><strong>videre.</strong></span> <span class='ocrx_word' id='word_1_174' title='bbox 1869 2696 1998 2762; x_wconf 70' lang='lat' dir='ltr'><strong>Qua:</strong></span> 
     </span>
    </p>
   </div>
   <div class='ocr_carea' id='block_1_28' title="bbox 417 2782 1996 2857">
    <p class='ocr_par' dir='ltr' id='par_1_28' title="bbox 417 2782 1996 2857">
     <span class='ocr_line' id='line_1_28' title="bbox 417 2782 1996 2857; baseline 0.004 -22"><span class='ocrx_word' id='word_1_175' title='bbox 417 2797 505 2836; x_wconf 87' lang='lat' dir='ltr'><strong>res</strong></span> <span class='ocrx_word' id='word_1_176' title='bbox 535 2782 694 2836; x_wconf 87' lang='lat' dir='ltr'><strong>malis</strong></span> <span class='ocrx_word' id='word_1_177' title='bbox 723 2782 1130 2852; x_wconf 84' lang='lat' dir='ltr'><strong>improbitatem</strong></span> <span class='ocrx_word' id='word_1_178' title='bbox 1178 2794 1364 2854; x_wconf 83' lang='lat' dir='ltr'><strong>auget,</strong></span> <span class='ocrx_word' id='word_1_179' title='bbox 1419 2793 1568 2839; x_wconf 89' lang='lat' dir='ltr'><strong>tuum</strong></span> <span class='ocrx_word' id='word_1_180' title='bbox 1621 2801 1750 2842; x_wconf 76' lang='lat' dir='ltr'><strong>vero</strong></span> <span class='ocrx_word' id='word_1_181' title='bbox 1787 2801 1996 2857; x_wconf 87' lang='lat' dir='ltr'><strong>paupe-</strong></span> 
     </span>
    </p>
   </div>
   <div class='ocr_carea' id='block_1_29' title="bbox 415 2871 1662 2944">
    <p class='ocr_par' dir='ltr' id='par_1_29' title="bbox 415 2871 1662 2944">
     <span class='ocr_line' id='line_1_29' title="bbox 415 2871 1662 2944; baseline 0.006 -22"><span class='ocrx_word' id='word_1_182' title='bbox 415 2884 531 2923; x_wconf 87' lang='lat' dir='ltr'><strong>rem</strong></span> <span class='ocrx_word' id='word_1_183' title='bbox 562 2871 799 2926; x_wconf 77' lang='lat' dir='ltr'><strong>incendit</strong></span> <span class='ocrx_word' id='word_1_184' title='bbox 833 2883 886 2926; x_wconf 87' lang='lat' dir='ltr'><strong>et</strong></span> <span class='ocrx_word' id='word_1_185' title='bbox 917 2875 969 2927; x_wconf 94' lang='lat' dir='ltr'><strong>in</strong></span> <span class='ocrx_word' id='word_1_186' title='bbox 1003 2875 1439 2944; x_wconf 86' lang='lat' dir='ltr'><strong>desperationem</strong></span> <span class='ocrx_word' id='word_1_187' title='bbox 1474 2876 1662 2930; x_wconf 90' lang='lat' dir='ltr'><strong>mittit.</strong></span> 
     </span>
    </p>
   </div>
   <div class='ocr_carea' id='block_1_30' title="bbox 486 3072 1996 3142">
    <p class='ocr_par' dir='ltr' id='par_1_30' title="bbox 486 3072 1996 3142">
     <span class='ocr_line' id='line_1_30' title="bbox 486 3072 1996 3142; baseline 0.003 -17"><span class='ocrx_word' id='word_1_188' title='bbox 486 3072 654 3127; x_wconf 72' lang='lat' dir='ltr'><strong>Vens.</strong></span> <span class='ocrx_word' id='word_1_189' title='bbox 692 3074 747 3130; x_wconf 84' lang='lat'><strong>&#39;5.</strong></span> <span class='ocrx_word' id='word_1_190' title='bbox 788 3072 1053 3138; x_wconf 84' lang='lat' dir='ltr'><strong>Quoniam</strong></span> <span class='ocrx_word' id='word_1_191' title='bbox 1084 3073 1343 3127; x_wconf 83' lang='lat' dir='ltr'><strong>laudatur</strong></span> <span class='ocrx_word' id='word_1_192' title='bbox 1359 3085 1602 3142; x_wconf 79' lang='lat' dir='ltr'><strong>peccator</strong></span> <span class='ocrx_word' id='word_1_193' title='bbox 1632 3077 1686 3129; x_wconf 88' lang='lat' dir='ltr'><strong>in</strong></span> <span class='ocrx_word' id='word_1_194' title='bbox 1715 3075 1996 3130; x_wconf 75' lang='lat' dir='ltr'><strong>desideriis</strong></span> 
     </span>
    </p>
   </div>
   <div class='ocr_carea' id='block_1_31' title="bbox 411 3165 1990 3236">
    <p class='ocr_par' dir='ltr' id='par_1_31' title="bbox 411 3165 1990 3236">
     <span class='ocr_line' id='line_1_31' title="bbox 411 3165 1990 3236; baseline 0.003 -19"><span class='ocrx_word' id='word_1_195' title='bbox 411 3165 607 3218; x_wconf 78' lang='lat' dir='ltr'><strong>animo:</strong></span> <span class='ocrx_word' id='word_1_196' title='bbox 660 3182 797 3228; x_wconf 72' lang='lat' dir='ltr'><strong>sum,</strong></span> <span class='ocrx_word' id='word_1_197' title='bbox 847 3177 953 3219; x_wconf 85' lang='lat' dir='ltr'><strong>etc.</strong></span> <span class='ocrx_word' id='word_1_198' title='bbox 1007 3165 1162 3234; x_wconf 41' lang='lat' dir='ltr'><strong>Saipe</strong></span> <span class='ocrx_word' id='word_1_199' title='bbox 1203 3168 1459 3221; x_wconf 80' lang='lat' dir='ltr'><strong>usuvenit</strong></span> <span class='ocrx_word' id='word_1_200' title='bbox 1509 3177 1566 3221; x_wconf 86' lang='lat' dir='ltr'><strong>ut</strong></span> <span class='ocrx_word' id='word_1_201' title='bbox 1610 3177 1900 3236; x_wconf 85' lang='lat' dir='ltr'><strong>peccantes</strong></span> <span class='ocrx_word' id='word_1_202' title='bbox 1939 3170 1990 3222; x_wconf 92' lang='lat' dir='ltr'><strong>in</strong></span> 
     </span>
    </p>
   </div>
   <div class='ocr_carea' id='block_1_32' title="bbox 413 3256 1988 3330">
    <p class='ocr_par' dir='ltr' id='par_1_32' title="bbox 413 3256 1988 3330">
     <span class='ocr_line' id='line_1_32' title="bbox 413 3256 1988 3330; baseline 0.004 -21"><span class='ocrx_word' id='word_1_203' title='bbox 413 3257 615 3310; x_wconf 90' lang='lat' dir='ltr'><strong>mundo</strong></span> <span class='ocrx_word' id='word_1_204' title='bbox 664 3256 892 3310; x_wconf 78' lang='lat' dir='ltr'><strong>feliciter</strong></span> <span class='ocrx_word' id='word_1_205' title='bbox 926 3267 1108 3326; x_wconf 78' lang='lat' dir='ltr'><strong>agant.</strong></span> <span class='ocrx_word' id='word_1_206' title='bbox 1148 3258 1260 3313; x_wconf 92' lang='lat' dir='ltr'><strong>Iloc</strong></span> <span class='ocrx_word' id='word_1_207' title='bbox 1285 3260 1429 3312; x_wconf 90' lang='lat' dir='ltr'><strong>enim</strong></span> <span class='ocrx_word' id='word_1_208' title='bbox 1479 3269 1534 3313; x_wconf 90' lang='lat' dir='ltr'><strong>et</strong></span> <span class='ocrx_word' id='word_1_209' title='bbox 1577 3260 1867 3330; x_wconf 83' lang='lat' dir='ltr'><strong>Apostolus</strong></span> <span class='ocrx_word' id='word_1_210' title='bbox 1906 3261 1988 3315; x_wconf 90' lang='lat' dir='ltr'><strong>di-</strong></span> 
     </span>
    </p>
   </div>
   <div class='ocr_carea' id='block_1_33' title="bbox 2100 543 3688 619">
    <p class='ocr_par' dir='ltr' id='par_1_33' title="bbox 2100 543 3688 619">
     <span class='ocr_line' id='line_1_33' title="bbox 2100 543 3688 619; baseline 0.003 -20"><span class='ocrx_word' id='word_1_211' title='bbox 2100 545 2133 614; x_wconf 86' lang='grc' dir='ltr'>ἢ</span> <span class='ocrx_word' id='word_1_212' title='bbox 2185 545 2400 616; x_wconf 87' lang='grc' dir='ltr'>πρῶτον</span> <span class='ocrx_word' id='word_1_213' title='bbox 2451 547 2547 617; x_wconf 80' lang='grc' dir='ltr'><strong>μὲν</strong></span> <span class='ocrx_word' id='word_1_214' title='bbox 2606 547 2655 598; x_wconf 90' lang='grc' dir='ltr'>οἱ</span> <span class='ocrx_word' id='word_1_215' title='bbox 2714 547 2772 599; x_wconf 82' lang='grc' dir='ltr'>ὲν</span> <span class='ocrx_word' id='word_1_216' title='bbox 2837 548 2970 617; x_wconf 78' lang='grc' dir='ltr'>ἡμῖν</span> <span class='ocrx_word' id='word_1_217' title='bbox 3032 547 3390 619; x_wconf 69' lang='grc' dir='ltr'>ἁμαρτωλοὶ,</span> <span class='ocrx_word' id='word_1_218' title='bbox 3450 543 3569 602; x_wconf 83' lang='grc' dir='ltr'>εἷτα</span> <span class='ocrx_word' id='word_1_219' title='bbox 3625 550 3688 604; x_wconf 71' lang='grc' dir='ltr'>τὲ</span> 
     </span>
    </p>
   </div>
   <div class='ocr_carea' id='block_1_34' title="bbox 2100 632 3054 707">
    <p class='ocr_par' dir='ltr' id='par_1_34' title="bbox 2100 632 3054 707">
     <span class='ocr_line' id='line_1_34' title="bbox 2100 632 3054 707; baseline 0.003 -19"><span class='ocrx_word' id='word_1_220' title='bbox 2100 634 2248 707; x_wconf 76' lang='grc' dir='ltr'>ἔθνη.</span> <span class='ocrx_word' id='word_1_221' title='bbox 3051 632 3054 634; x_wconf 59' lang='grc'><em>’</em></span> 
     </span>
    </p>
   </div>
   <div class='ocr_carea' id='block_1_35' title="bbox 2185 725 3692 797">
    <p class='ocr_par' dir='ltr' id='par_1_35' title="bbox 2185 725 3692 797">
     <span class='ocr_line' id='line_1_35' title="bbox 2185 725 3692 797; baseline 0.004 -18"><span class='ocrx_word' id='word_1_222' title='bbox 2185 725 2256 779; x_wconf 85' lang='grc' dir='ltr'><em>Ἡ</em></span> <span class='ocrx_word' id='word_1_223' title='bbox 2287 726 2563 796; x_wconf 78' lang='grc' dir='ltr'>ὑπομονὴ</span> <span class='ocrx_word' id='word_1_224' title='bbox 2609 726 2729 780; x_wconf 74' lang='grc' dir='ltr'><strong>τῶν</strong></span> <span class='ocrx_word' id='word_1_225' title='bbox 2783 728 3060 794; x_wconf 73' lang='grc' dir='ltr'><strong>πενήτων</strong></span> <span class='ocrx_word' id='word_1_226' title='bbox 3099 731 3212 784; x_wconf 78' lang='grc' dir='ltr'>οὐκ</span> <span class='ocrx_word' id='word_1_227' title='bbox 3256 731 3565 785; x_wconf 75' lang='grc' dir='ltr'>ἀπολεῖται</span> <span class='ocrx_word' id='word_1_228' title='bbox 3602 733 3692 797; x_wconf 83' lang='grc' dir='ltr'>εἱς</span> 
     </span>
    </p>
   </div>
   <div class='ocr_carea' id='block_1_36' title="bbox 2101 816 3687 893">
    <p class='ocr_par' dir='ltr' id='par_1_36' title="bbox 2101 816 3687 893">
     <span class='ocr_line' id='line_1_36' title="bbox 2101 816 3687 893; baseline 0.004 -24"><span class='ocrx_word' id='word_1_229' title='bbox 2101 816 2208 870; x_wconf 76' lang='grc' dir='ltr'><strong>τὸν</strong></span> <span class='ocrx_word' id='word_1_230' title='bbox 2235 817 2439 880; x_wconf 72' lang='grc' dir='ltr'>αἰῶνα,</span> <span class='ocrx_word' id='word_1_231' title='bbox 2474 837 2526 872; x_wconf 89' lang='grc' dir='ltr'><strong>κ.</strong></span> <span class='ocrx_word' id='word_1_232' title='bbox 2558 835 2608 872; x_wconf 87' lang='grc' dir='ltr'><strong>τ.</strong></span> <span class='ocrx_word' id='word_1_233' title='bbox 2638 819 2683 870; x_wconf 87' lang='grc' dir='ltr'><strong>ἑ.</strong></span> <span class='ocrx_word' id='word_1_234' title='bbox 2723 819 2933 890; x_wconf 81' lang='grc' dir='ltr'>Ὥσπερ</span> <span class='ocrx_word' id='word_1_235' title='bbox 2962 819 3022 872; x_wconf 78' lang='grc' dir='ltr'>τὸ</span> <span class='ocrx_word' id='word_1_236' title='bbox 3048 820 3265 892; x_wconf 82' lang='grc' dir='ltr'>πνεῦμα</span> <span class='ocrx_word' id='word_1_237' title='bbox 3300 822 3410 893; x_wconf 93' lang='grc'>(77)</span> <span class='ocrx_word' id='word_1_238' title='bbox 3446 823 3506 876; x_wconf 79' lang='grc' dir='ltr'><strong>οὐ</strong></span> <span class='ocrx_word' id='word_1_239' title='bbox 3535 823 3687 876; x_wconf 78' lang='grc' dir='ltr'>σϐέν-</span> 
     </span>
    </p>
   </div>
   <div class='ocr_carea' id='block_1_37' title="bbox 2100 911 3684 990">
    <p class='ocr_par' dir='ltr' id='par_1_37' title="bbox 2100 911 3684 990">
     <span class='ocr_line' id='line_1_37' title="bbox 2100 911 3684 990; baseline 0.006 -28"><span class='ocrx_word' id='word_1_240' title='bbox 2100 928 2287 974; x_wconf 84' lang='grc' dir='ltr'>νυται,</span> <span class='ocrx_word' id='word_1_241' title='bbox 2343 911 2583 980; x_wconf 77' lang='grc' dir='ltr'>οὖτωςή</span> <span class='ocrx_word' id='word_1_242' title='bbox 2633 912 2878 984; x_wconf 75' lang='grc' dir='ltr'><strong>ὑπομονὴ</strong></span> <span class='ocrx_word' id='word_1_243' title='bbox 2923 914 3024 966; x_wconf 79' lang='grc' dir='ltr'><strong>οὐκ</strong></span> <span class='ocrx_word' id='word_1_244' title='bbox 3076 915 3394 970; x_wconf 75' lang='grc' dir='ltr'>ἀπόλλυται.</span> <span class='ocrx_word' id='word_1_245' title='bbox 3458 917 3515 970; x_wconf 84' lang='grc'><strong>’0</strong></span> <span class='ocrx_word' id='word_1_246' title='bbox 3573 920 3684 990; x_wconf 80' lang='grc' dir='ltr'><strong>γὰρ</strong></span> 
     </span>
    </p>
   </div>
   <div class='ocr_carea' id='block_1_38' title="bbox 2113 1002 3687 1081">
    <p class='ocr_par' dir='ltr' id='par_1_38' title="bbox 2113 1002 3687 1081">
     <span class='ocr_line' id='line_1_38' title="bbox 2113 1002 3687 1081; baseline 0.008 -28"><span class='ocrx_word' id='word_1_247' title='bbox 2113 1019 2131 1051; x_wconf 77' lang='grc' dir='ltr'><strong>ι</strong></span> <span class='ocrx_word' id='word_1_248' title='bbox 2173 1002 2376 1074; x_wconf 84' lang='grc' dir='ltr'>Κύριος</span> <span class='ocrx_word' id='word_1_249' title='bbox 2408 1003 2470 1055; x_wconf 85' lang='grc' dir='ltr'>τὺ</span> <span class='ocrx_word' id='word_1_250' title='bbox 2501 1003 2718 1073; x_wconf 87' lang='grc' dir='ltr'>πνεῦμά</span> <span class='ocrx_word' id='word_1_251' title='bbox 2749 1005 2892 1057; x_wconf 78' lang='grc' dir='ltr'>ἐστι·</span> <span class='ocrx_word' id='word_1_252' title='bbox 2928 1024 2946 1057; x_wconf 73' lang='grc' dir='ltr'><strong>ι</strong></span> <span class='ocrx_word' id='word_1_253' title='bbox 2984 1006 3111 1059; x_wconf 84' lang='grc' dir='ltr'>καί·</span> <span class='ocrx_word' id='word_1_254' title='bbox 3139 1025 3156 1058; x_wconf 83' lang='grc' dir='ltr'><strong>ι</strong></span> <span class='ocrx_word' id='word_1_255' title='bbox 3196 1008 3258 1060; x_wconf 83' lang='grc' dir='ltr'><strong>Ἠ</strong></span> <span class='ocrx_word' id='word_1_256' title='bbox 3291 1009 3535 1080; x_wconf 85' lang='grc' dir='ltr'>ὑπομονή</span> <span class='ocrx_word' id='word_1_257' title='bbox 3584 1029 3687 1081; x_wconf 89' lang='grc' dir='ltr'><strong>μου</strong></span> 
     </span>
    </p>
   </div>
   <div class='ocr_carea' id='block_1_39' title="bbox 2102 1093 3687 1172">
    <p class='ocr_par' dir='ltr' id='par_1_39' title="bbox 2102 1093 3687 1172">
     <span class='ocr_line' id='line_1_39' title="bbox 2102 1093 3687 1172; baseline 0.007 -28"><span class='ocrx_word' id='word_1_258' title='bbox 2102 1093 2324 1165; x_wconf 87' lang='grc' dir='ltr'>Κύριος.</span> <span class='ocrx_word' id='word_1_259' title='bbox 2344 1115 2360 1146; x_wconf 73' lang='grc' dir='ltr'><strong>ι</strong></span> <span class='ocrx_word' id='word_1_260' title='bbox 2401 1094 2558 1147; x_wconf 79' lang='grc' dir='ltr'><strong>Οὕτω</strong></span> <span class='ocrx_word' id='word_1_261' title='bbox 2591 1097 2684 1148; x_wconf 76' lang='grc' dir='ltr'><strong>καὶ</strong></span> <span class='ocrx_word' id='word_1_262' title='bbox 2707 1097 2764 1148; x_wconf 84' lang='grc' dir='ltr'>ὲν</span> <span class='ocrx_word' id='word_1_263' title='bbox 2783 1096 3048 1162; x_wconf 79' lang='grc' dir='ltr'><strong>Γαλάταις</strong></span> <span class='ocrx_word' id='word_1_264' title='bbox 3099 1099 3411 1169; x_wconf 79' lang='grc' dir='ltr'>μορφοῦται</span> <span class='ocrx_word' id='word_1_265' title='bbox 3453 1101 3687 1172; x_wconf 73' lang='grc' dir='ltr'>Χριστὸς</span> 
     </span>
    </p>
   </div>
   <div class='ocr_carea' id='block_1_40' title="bbox 2100 1184 3684 1263">
    <p class='ocr_par' dir='ltr' id='par_1_40' title="bbox 2100 1184 3684 1263">
     <span class='ocr_line' id='line_1_40' title="bbox 2100 1184 3684 1263; baseline 0.008 -27"><span class='ocrx_word' id='word_1_266' title='bbox 2100 1184 2344 1256; x_wconf 80' lang='grc' dir='ltr'>ἄμορφος</span> <span class='ocrx_word' id='word_1_267' title='bbox 2364 1185 2456 1241; x_wconf 82' lang='grc' dir='ltr'><strong>ὢν.</strong></span> <span class='ocrx_word' id='word_1_268' title='bbox 2497 1187 2755 1240; x_wconf 87' lang='grc' dir='ltr'>Ἐνταῦθα</span> <span class='ocrx_word' id='word_1_269' title='bbox 2789 1187 3004 1256; x_wconf 84' lang='grc' dir='ltr'>λέγεται</span> <span class='ocrx_word' id='word_1_270' title='bbox 3034 1191 3126 1244; x_wconf 77' lang='grc' dir='ltr'><strong>καὶ</strong></span> <span class='ocrx_word' id='word_1_271' title='bbox 3157 1191 3484 1263; x_wconf 74' lang='grc' dir='ltr'>κοιμᾶσθαι’</span> <span class='ocrx_word' id='word_1_272' title='bbox 3530 1212 3546 1244; x_wconf 82' lang='grc' dir='ltr'><strong>ι</strong></span> <span class='ocrx_word' id='word_1_273' title='bbox 3582 1195 3684 1260; x_wconf 78' lang='grc' dir='ltr'><strong>Ἐξ-</strong></span> 
     </span>
    </p>
   </div>
   <div class='ocr_carea' id='block_1_41' title="bbox 2099 1277 2885 1347">
    <p class='ocr_par' dir='ltr' id='par_1_41' title="bbox 2099 1277 2885 1347">
     <span class='ocr_line' id='line_1_41' title="bbox 2099 1277 2885 1347; baseline 0.004 -18"><span class='ocrx_word' id='word_1_274' title='bbox 2099 1277 2376 1347; x_wconf 84' lang='grc' dir='ltr'>εγέρθητι,</span> <span class='ocrx_word' id='word_1_275' title='bbox 2413 1279 2499 1331; x_wconf 82' lang='grc' dir='ltr'>ἵνα</span> <span class='ocrx_word' id='word_1_276' title='bbox 2532 1279 2582 1332; x_wconf 85' lang='grc' dir='ltr'>τί</span> <span class='ocrx_word' id='word_1_277' title='bbox 2613 1280 2830 1344; x_wconf 84' lang='grc' dir='ltr'>ὑπνοῖς;</span> <span class='ocrx_word' id='word_1_278' title='bbox 2865 1299 2885 1332; x_wconf 72' lang='grc' dir='ltr'><strong>ι</strong></span> 
     </span>
    </p>
   </div>
   <div class='ocr_carea' id='block_1_42' title="bbox 2182 1369 3684 1445">
    <p class='ocr_par' dir='ltr' id='par_1_42' title="bbox 2182 1369 3684 1445">
     <span class='ocr_line' id='line_1_42' title="bbox 2182 1369 3684 1445; baseline 0.005 -23"><span class='ocrx_word' id='word_1_279' title='bbox 2182 1369 2511 1438; x_wconf 73' lang='grc' dir='ltr'><strong>Ἀνάστηθι,</strong></span> <span class='ocrx_word' id='word_1_280' title='bbox 2547 1373 2726 1440; x_wconf 85' lang='grc' dir='ltr'>Κύριε</span> <span class='ocrx_word' id='word_1_281' title='bbox 2747 1413 2760 1435; x_wconf 90' lang='grc'><strong>,</strong></span> <span class='ocrx_word' id='word_1_282' title='bbox 2791 1371 2877 1440; x_wconf 80' lang='grc' dir='ltr'>μὴ</span> <span class='ocrx_word' id='word_1_283' title='bbox 2910 1375 3322 1441; x_wconf 80' lang='grc' dir='ltr'>κραταιούσθω</span> <span class='ocrx_word' id='word_1_284' title='bbox 3353 1375 3684 1445; x_wconf 78' lang='grc' dir='ltr'>ἅνθρωπος,</span> 
     </span>
    </p>
   </div>
   <div class='ocr_carea' id='block_1_43' title="bbox 2101 1461 3684 1539">
    <p class='ocr_par' dir='ltr' id='par_1_43' title="bbox 2101 1461 3684 1539">
     <span class='ocr_line' id='line_1_43' title="bbox 2101 1461 3684 1539; baseline 0.005 -26"><span class='ocrx_word' id='word_1_285' title='bbox 2101 1480 2152 1514; x_wconf 91' lang='grc' dir='ltr'><strong>κ.</strong></span> <span class='ocrx_word' id='word_1_286' title='bbox 2173 1480 2221 1515; x_wconf 84' lang='grc' dir='ltr'><strong>τ.</strong></span> <span class='ocrx_word' id='word_1_287' title='bbox 2243 1464 2289 1516; x_wconf 79' lang='grc' dir='ltr'>ὲ.</span> <span class='ocrx_word' id='word_1_288' title='bbox 2313 1462 2403 1533; x_wconf 80' lang='grc' dir='ltr'><strong>Τῷ</strong></span> <span class='ocrx_word' id='word_1_289' title='bbox 2419 1461 2511 1517; x_wconf 74' lang='grc' dir='ltr'>οὖν</span> <span class='ocrx_word' id='word_1_290' title='bbox 2531 1465 2739 1533; x_wconf 80' lang='grc' dir='ltr'>λέγοντι</span> <span class='ocrx_word' id='word_1_291' title='bbox 2757 1464 2887 1536; x_wconf 90' lang='grc'>(78),</span> <span class='ocrx_word' id='word_1_292' title='bbox 2913 1461 3401 1537; x_wconf 80' lang='grc' dir='ltr'>Κραταίωμάμου,</span> <span class='ocrx_word' id='word_1_293' title='bbox 3431 1469 3574 1539; x_wconf 74' lang='grc' dir='ltr'>ἐρεῖς</span> <span class='ocrx_word' id='word_1_294' title='bbox 3597 1470 3684 1530; x_wconf 76' lang='grc' dir='ltr'><strong>σὺ,</strong></span> 
     </span>
    </p>
   </div>
   <div class='ocr_carea' id='block_1_44' title="bbox 2099 1553 3685 1632">
    <p class='ocr_par' dir='ltr' id='par_1_44' title="bbox 2099 1553 3685 1628">
     <span class='ocr_line' id='line_1_44' title="bbox 2099 1553 3685 1628; baseline 0.005 -24"><span class='ocrx_word' id='word_1_295' title='bbox 2099 1553 2180 1604; x_wconf 82' lang='grc' dir='ltr'>ὅτι</span> <span class='ocrx_word' id='word_1_296' title='bbox 2212 1555 2240 1605; x_wconf 86' lang='grc' dir='ltr'>ὁ</span> <span class='ocrx_word' id='word_1_297' title='bbox 2272 1554 2402 1618; x_wconf 79' lang='grc' dir='ltr'>Θεός</span> <span class='ocrx_word' id='word_1_298' title='bbox 2427 1557 2573 1608; x_wconf 79' lang='grc' dir='ltr'>ἐστιν</span> <span class='ocrx_word' id='word_1_299' title='bbox 2601 1555 2700 1626; x_wconf 67' lang='grc' dir='ltr'><strong>ἤδη</strong></span> <span class='ocrx_word' id='word_1_300' title='bbox 2726 1558 2753 1608; x_wconf 84' lang='grc' dir='ltr'>ὁ</span> <span class='ocrx_word' id='word_1_301' title='bbox 2783 1557 3209 1628; x_wconf 81' lang='grc' dir='ltr'>κραταιούμενος</span> <span class='ocrx_word' id='word_1_302' title='bbox 3240 1558 3414 1626; x_wconf 82' lang='grc' dir='ltr'>ἆγιον,</span> <span class='ocrx_word' id='word_1_303' title='bbox 3448 1559 3557 1612; x_wconf 85' lang='grc' dir='ltr'><strong>τῶν</strong></span> <span class='ocrx_word' id='word_1_304' title='bbox 3592 1560 3685 1612; x_wconf 88' lang='grc' dir='ltr'><strong>ἀν-</strong></span> 
     </span>
    </p>
   </div>
   <div class='ocr_carea' id='block_1_45' title="bbox 2101 1644 3686 1724">
    <p class='ocr_par' dir='ltr' id='par_1_45' title="bbox 2101 1644 3686 1724">
     <span class='ocr_line' id='line_1_45' title="bbox 2101 1644 3686 1724; baseline 0.007 -27"><span class='ocrx_word' id='word_1_305' title='bbox 2101 1644 2387 1714; x_wconf 80' lang='grc' dir='ltr'>θρωπίνων</span> <span class='ocrx_word' id='word_1_306' title='bbox 2419 1648 2582 1702; x_wconf 82' lang='grc' dir='ltr'>αὐτοῦ</span> <span class='ocrx_word' id='word_1_307' title='bbox 2612 1648 2886 1720; x_wconf 84' lang='grc' dir='ltr'><strong>λογισμῶν</strong></span> <span class='ocrx_word' id='word_1_308' title='bbox 2913 1651 3004 1704; x_wconf 76' lang='grc' dir='ltr'><strong>καὶ</strong></span> <span class='ocrx_word' id='word_1_309' title='bbox 3037 1652 3351 1722; x_wconf 77' lang='grc' dir='ltr'><strong>κινημάτων</strong></span> <span class='ocrx_word' id='word_1_310' title='bbox 3375 1652 3686 1724; x_wconf 83' lang='grc' dir='ltr'>ἀναιρεθέν-</span> 
     </span>
    </p>
   </div>
   <div class='ocr_carea' id='block_1_46' title="bbox 2101 1751 2229 1788">
    <p class='ocr_par' dir='ltr' id='par_1_46' title="bbox 2101 1751 2229 1788">
     <span class='ocr_line' id='line_1_46' title="bbox 2101 1751 2229 1788; baseline 0.008 -1"><span class='ocrx_word' id='word_1_311' title='bbox 2101 1751 2211 1788; x_wconf 86' lang='grc' dir='ltr'>των</span> <span class='ocrx_word' id='word_1_312' title='bbox 2218 1782 2229 1788; x_wconf 94' lang='grc'><strong>.</strong></span> 
     </span>
    </p>
   </div>
   <div class='ocr_carea' id='block_1_47' title="bbox 2698 1978 3078 2031">
    <p class='ocr_par' dir='ltr' id='par_1_47' title="bbox 2698 1978 3078 2031">
     <span class='ocr_line' id='line_1_47' title="bbox 2698 1978 3078 2031; baseline 0.005 -2"><span class='ocrx_word' id='word_1_313' title='bbox 2698 1978 2990 2030; x_wconf 81' lang='grc' dir='ltr'>ΨΑΛΜΟΣ</span> <span class='ocrx_word' id='word_1_314' title='bbox 3023 1980 3078 2031; x_wconf 73' lang='grc' dir='ltr'>ιο.</span> 
     </span>
    </p>
   </div>
   <div class='ocr_carea' id='block_1_48' title="bbox 2671 2067 3107 2139">
    <p class='ocr_par' dir='ltr' id='par_1_48' title="bbox 2671 2067 3107 2139">
     <span class='ocr_line' id='line_1_48' title="bbox 2671 2067 3107 2139; baseline -0.002 -19"><span class='ocrx_word' id='word_1_315' title='bbox 2671 2067 2864 2139; x_wconf 84' lang='grc' dir='ltr'>(Κατὰ</span> <span class='ocrx_word' id='word_1_316' title='bbox 2917 2068 3107 2138; x_wconf 79' lang='grc' dir='ltr'>Ἐ6ρ.)</span> 
     </span>
    </p>
   </div>
   <div class='ocr_carea' id='block_1_49' title="bbox 2176 2160 3678 2230">
    <p class='ocr_par' dir='ltr' id='par_1_49' title="bbox 2176 2160 3678 2230">
     <span class='ocr_line' id='line_1_49' title="bbox 2176 2160 3678 2230; baseline 0.002 -16"><span class='ocrx_word' id='word_1_317' title='bbox 2176 2161 2308 2214; x_wconf 80' lang='grc' dir='ltr'><strong>Ἵνα</strong></span> <span class='ocrx_word' id='word_1_318' title='bbox 2349 2161 2406 2214; x_wconf 83' lang='grc' dir='ltr'><em>τί</em></span> <span class='ocrx_word' id='word_1_319' title='bbox 2423 2201 2437 2222; x_wconf 90' lang='grc'><strong>,</strong></span> <span class='ocrx_word' id='word_1_320' title='bbox 2489 2161 2664 2229; x_wconf 78' lang='grc' dir='ltr'>Κύριε</span> <span class='ocrx_word' id='word_1_321' title='bbox 2684 2200 2697 2224; x_wconf 89' lang='grc'><strong>,</strong></span> <span class='ocrx_word' id='word_1_322' title='bbox 2736 2160 3083 2230; x_wconf 67' lang='grc' dir='ltr'>ἀφέστηκας</span> <span class='ocrx_word' id='word_1_323' title='bbox 3113 2163 3436 2229; x_wconf 74' lang='grc' dir='ltr'><strong>μακρόθεν,</strong></span> <span class='ocrx_word' id='word_1_324' title='bbox 3471 2180 3525 2215; x_wconf 91' lang='grc' dir='ltr'><strong>κ.</strong></span> <span class='ocrx_word' id='word_1_325' title='bbox 3554 2180 3603 2215; x_wconf 89' lang='grc' dir='ltr'><strong>τ.</strong></span> <span class='ocrx_word' id='word_1_326' title='bbox 3631 2163 3678 2217; x_wconf 82' lang='grc' dir='ltr'><strong>ἐ.</strong></span> 
     </span>
    </p>
   </div>
   <div class='ocr_carea' id='block_1_50' title="bbox 2112 2251 3667 2326">
    <p class='ocr_par' dir='ltr' id='par_1_50' title="bbox 2112 2251 3667 2326">
     <span class='ocr_line' id='line_1_50' title="bbox 2112 2251 3667 2326; baseline 0.002 -20"><span class='ocrx_word' id='word_1_327' title='bbox 2112 2253 2489 2326; x_wconf 84' lang='grc' dir='ltr'>Ἀποκρίνεται</span> <span class='ocrx_word' id='word_1_328' title='bbox 2512 2254 2574 2307; x_wconf 82' lang='grc' dir='ltr'>ἄν</span> <span class='ocrx_word' id='word_1_329' title='bbox 2597 2271 2680 2317; x_wconf 88' lang='grc' dir='ltr'><strong>τις</strong></span> <span class='ocrx_word' id='word_1_330' title='bbox 2703 2253 2814 2326; x_wconf 85' lang='grc'>(79)</span> <span class='ocrx_word' id='word_1_331' title='bbox 2849 2254 2985 2325; x_wconf 82' lang='grc' dir='ltr'>πρὸς</span> <span class='ocrx_word' id='word_1_332' title='bbox 3010 2251 3102 2307; x_wconf 78' lang='grc' dir='ltr'><strong>τὸν</strong></span> <span class='ocrx_word' id='word_1_333' title='bbox 3135 2254 3559 2326; x_wconf 81' lang='grc' dir='ltr'>ὲπαπορήσαντα</span> <span class='ocrx_word' id='word_1_334' title='bbox 3591 2256 3667 2315; x_wconf 86' lang='grc' dir='ltr'><strong>τὸ.</strong></span> 
     </span>
    </p>
   </div>
   <div class='ocr_carea' id='block_1_51' title="bbox 2107 2345 3675 2419">
    <p class='ocr_par' dir='ltr' id='par_1_51' title="bbox 2107 2345 3675 2419">
     <span class='ocr_line' id='line_1_51' title="bbox 2107 2345 3675 2419; baseline 0.001 -23"><span class='ocrx_word' id='word_1_335' title='bbox 2107 2365 2124 2396; x_wconf 78' lang='grc' dir='ltr'><strong>ι</strong></span> <span class='ocrx_word' id='word_1_336' title='bbox 2172 2347 2300 2400; x_wconf 81' lang='grc' dir='ltr'>Ἰδοὺ</span> <span class='ocrx_word' id='word_1_337' title='bbox 2320 2348 2368 2399; x_wconf 79' lang='grc' dir='ltr'>οἱ</span> <span class='ocrx_word' id='word_1_338' title='bbox 2394 2345 2758 2419; x_wconf 80' lang='grc' dir='ltr'>μακρύνοντες</span> <span class='ocrx_word' id='word_1_339' title='bbox 2788 2346 3015 2409; x_wconf 80' lang='grc' dir='ltr'>ἑαυτοὺς</span> <span class='ocrx_word' id='word_1_340' title='bbox 3035 2345 3143 2398; x_wconf 80' lang='grc' dir='ltr'><strong>ἀπὸ</strong></span> <span class='ocrx_word' id='word_1_341' title='bbox 3171 2345 3263 2398; x_wconf 89' lang='grc' dir='ltr'><strong>σοῦ</strong></span> <span class='ocrx_word' id='word_1_342' title='bbox 3285 2345 3630 2404; x_wconf 80' lang='grc' dir='ltr'>ἀπολοῦνται·</span> <span class='ocrx_word' id='word_1_343' title='bbox 3657 2367 3675 2398; x_wconf 72' lang='grc' dir='ltr'><strong>ι</strong></span> 
     </span>
    </p>
   </div>
   <div class='ocr_carea' id='block_1_52' title="bbox 2101 2432 3682 2510">
    <p class='ocr_par' dir='ltr' id='par_1_52' title="bbox 2101 2432 3682 2510">
     <span class='ocr_line' id='line_1_52' title="bbox 2101 2432 3682 2510; baseline 0.003 -24"><span class='ocrx_word' id='word_1_344' title='bbox 2101 2433 2192 2486; x_wconf 73' lang='grc' dir='ltr'><strong>καὶ</strong></span> <span class='ocrx_word' id='word_1_345' title='bbox 2217 2432 2298 2498; x_wconf 84' lang='grc' dir='ltr'><strong>τὸ,</strong></span> <span class='ocrx_word' id='word_1_346' title='bbox 2333 2453 2353 2484; x_wconf 67' lang='grc' dir='ltr'><strong>ι</strong></span> <span class='ocrx_word' id='word_1_347' title='bbox 2385 2433 2515 2496; x_wconf 74' lang='grc' dir='ltr'>Θεὸς</span> <span class='ocrx_word' id='word_1_348' title='bbox 2539 2433 2772 2501; x_wconf 75' lang='grc' dir='ltr'>ὲγγίζων</span> <span class='ocrx_word' id='word_1_349' title='bbox 2802 2433 2912 2502; x_wconf 78' lang='grc' dir='ltr'><strong>ἐγώ</strong></span> <span class='ocrx_word' id='word_1_350' title='bbox 2937 2436 3071 2505; x_wconf 79' lang='grc' dir='ltr'>εἰμι,</span> <span class='ocrx_word' id='word_1_351' title='bbox 3098 2435 3192 2488; x_wconf 69' lang='grc' dir='ltr'><strong>κα)¹</strong></span> <span class='ocrx_word' id='word_1_352' title='bbox 3220 2436 3280 2487; x_wconf 78' lang='grc' dir='ltr'><strong>οὐ</strong></span> <span class='ocrx_word' id='word_1_353' title='bbox 3311 2435 3442 2500; x_wconf 85' lang='grc' dir='ltr'><strong>Θεὸς</strong></span> <span class='ocrx_word' id='word_1_354' title='bbox 3476 2437 3682 2510; x_wconf 75' lang='grc' dir='ltr'>πόρρω-</span> 
     </span>
    </p>
   </div>
   <div class='ocr_carea' id='block_1_53' title="bbox 2099 2523 3681 2599">
    <p class='ocr_par' dir='ltr' id='par_1_53' title="bbox 2099 2523 3681 2599">
     <span class='ocr_line' id='line_1_53' title="bbox 2099 2523 3681 2599; baseline 0.003 -23"><span class='ocrx_word' id='word_1_355' title='bbox 2099 2525 2220 2587; x_wconf 86' lang='grc' dir='ltr'>Θεν,</span> <span class='ocrx_word' id='word_1_356' title='bbox 2260 2543 2279 2576; x_wconf 70' lang='grc' dir='ltr'><strong>ι</strong></span> <span class='ocrx_word' id='word_1_357' title='bbox 2333 2523 2479 2592; x_wconf 83' lang='grc' dir='ltr'>λέγει</span> <span class='ocrx_word' id='word_1_358' title='bbox 2513 2524 2716 2594; x_wconf 82' lang='grc' dir='ltr'>Κύριος</span> <span class='ocrx_word' id='word_1_359' title='bbox 2749 2524 2806 2577; x_wconf 80' lang='grc' dir='ltr'><strong>ἐν</strong></span> <span class='ocrx_word' id='word_1_360' title='bbox 2834 2527 2948 2587; x_wconf 86' lang='grc' dir='ltr'>τοῖς</span> <span class='ocrx_word' id='word_1_361' title='bbox 2977 2527 3305 2596; x_wconf 75' lang='grc' dir='ltr'><strong>προφήταις.</strong></span> <span class='ocrx_word' id='word_1_362' title='bbox 3337 2525 3428 2598; x_wconf 79' lang='grc' dir='ltr'><strong>Μὴ</strong></span> <span class='ocrx_word' id='word_1_363' title='bbox 3470 2527 3681 2599; x_wconf 82' lang='grc' dir='ltr'>βοηθῶν</span> 
     </span>
    </p>
   </div>
   <div class='ocr_carea' id='block_1_54' title="bbox 2097 2615 3677 2689">
    <p class='ocr_par' dir='ltr' id='par_1_54' title="bbox 2097 2615 3677 2689">
     <span class='ocr_line' id='line_1_54' title="bbox 2097 2615 3677 2689; baseline 0.003 -21"><span class='ocrx_word' id='word_1_364' title='bbox 2097 2619 2211 2680; x_wconf 84' lang='grc' dir='ltr'>τοῖς</span> <span class='ocrx_word' id='word_1_365' title='bbox 2253 2615 2659 2687; x_wconf 78' lang='grc' dir='ltr'>ἀδικουμένοις,</span> <span class='ocrx_word' id='word_1_366' title='bbox 2697 2616 2874 2680; x_wconf 85' lang='grc' dir='ltr'>δοκεῖς</span> <span class='ocrx_word' id='word_1_367' title='bbox 2914 2616 2987 2688; x_wconf 85' lang='grc' dir='ltr'>μὴ</span> <span class='ocrx_word' id='word_1_368' title='bbox 3025 2619 3279 2687; x_wconf 82' lang='grc' dir='ltr'>παρεῖναι</span> <span class='ocrx_word' id='word_1_369' title='bbox 3310 2621 3422 2682; x_wconf 85' lang='grc' dir='ltr'>τοῖς</span> <span class='ocrx_word' id='word_1_370' title='bbox 3455 2620 3677 2689; x_wconf 80' lang='grc' dir='ltr'>γινομέ-</span> 
     </span>
    </p>
   </div>
   <div class='ocr_carea' id='block_1_55' title="bbox 2097 2707 3675 2780">
    <p class='ocr_par' dir='ltr' id='par_1_55' title="bbox 2097 2707 3675 2780">
     <span class='ocr_line' id='line_1_55' title="bbox 2097 2707 3675 2780; baseline 0 -20"><span class='ocrx_word' id='word_1_371' title='bbox 2097 2725 2230 2772; x_wconf 82' lang='grc' dir='ltr'>νοις,</span> <span class='ocrx_word' id='word_1_372' title='bbox 2259 2707 2433 2771; x_wconf 85' lang='grc' dir='ltr'>δοκεῖς</span> <span class='ocrx_word' id='word_1_373' title='bbox 2466 2707 2600 2760; x_wconf 79' lang='grc' dir='ltr'>ἀλλὰ</span> <span class='ocrx_word' id='word_1_374' title='bbox 2632 2708 2912 2780; x_wconf 75' lang='grc' dir='ltr'>πόρρωθεν</span> <span class='ocrx_word' id='word_1_375' title='bbox 2941 2707 3158 2760; x_wconf 80' lang='grc' dir='ltr'>ἑστάναι</span> <span class='ocrx_word' id='word_1_376' title='bbox 3206 2708 3298 2760; x_wconf 74' lang='grc' dir='ltr'><strong>καὶ</strong></span> <span class='ocrx_word' id='word_1_377' title='bbox 3336 2708 3470 2777; x_wconf 76' lang='grc' dir='ltr'><strong>μηδὲ</strong></span> <span class='ocrx_word' id='word_1_378' title='bbox 3505 2710 3638 2778; x_wconf 85' lang='grc' dir='ltr'>ὀρᾷν</span> <span class='ocrx_word' id='word_1_379' title='bbox 3659 2725 3675 2739; x_wconf 90' lang='grc'><strong>·</strong></span> 
     </span>
    </p>
   </div>
   <div class='ocr_carea' id='block_1_56' title="bbox 2097 2797 3675 2871">
    <p class='ocr_par' dir='ltr' id='par_1_56' title="bbox 2097 2797 3675 2871">
     <span class='ocr_line' id='line_1_56' title="bbox 2097 2797 3675 2871; baseline 0.002 -21"><span class='ocrx_word' id='word_1_380' title='bbox 2097 2799 2234 2871; x_wconf 80' lang='grc' dir='ltr'>ὅπερ</span> <span class='ocrx_word' id='word_1_381' title='bbox 2264 2802 2378 2863; x_wconf 83' lang='grc' dir='ltr'>τοῖς</span> <span class='ocrx_word' id='word_1_382' title='bbox 2419 2799 2516 2870; x_wconf 83' lang='grc' dir='ltr'>μὲν</span> <span class='ocrx_word' id='word_1_383' title='bbox 2555 2802 2810 2870; x_wconf 79' lang='grc' dir='ltr'>πονηροῖς</span> <span class='ocrx_word' id='word_1_384' title='bbox 2850 2797 3001 2862; x_wconf 78' lang='grc' dir='ltr'>αὔξει</span> <span class='ocrx_word' id='word_1_385' title='bbox 3037 2798 3135 2869; x_wconf 81' lang='grc' dir='ltr'><strong>τὴν</strong></span> <span class='ocrx_word' id='word_1_386' title='bbox 3169 2799 3466 2869; x_wconf 80' lang='grc' dir='ltr'>πονηρίαν,</span> <span class='ocrx_word' id='word_1_387' title='bbox 3496 2798 3588 2852; x_wconf 81' lang='grc' dir='ltr'><strong>τὸν</strong></span> <span class='ocrx_word' id='word_1_388' title='bbox 3618 2800 3675 2853; x_wconf 81' lang='grc' dir='ltr'><strong>δὲ</strong></span> 
     </span>
    </p>
   </div>
   <div class='ocr_carea' id='block_1_57' title="bbox 2099 2890 3464 2968">
    <p class='ocr_par' dir='ltr' id='par_1_57' title="bbox 2099 2890 3464 2968">
     <span class='ocr_line' id='line_1_57' title="bbox 2099 2890 3464 2968; baseline 0.001 -24"><span class='ocrx_word' id='word_1_389' title='bbox 2099 2890 2189 2945; x_wconf 78' lang='grc' dir='ltr'><strong>σὺν</strong></span> <span class='ocrx_word' id='word_1_390' title='bbox 2223 2890 2427 2962; x_wconf 78' lang='grc' dir='ltr'>πένητα.</span> <span class='ocrx_word' id='word_1_391' title='bbox 2455 2891 2745 2965; x_wconf 78' lang='grc' dir='ltr'>ἐμπυρίζει</span> <span class='ocrx_word' id='word_1_392' title='bbox 2773 2893 2868 2968; x_wconf 72' lang='grc' dir='ltr'><strong>καὶ</strong></span> <span class='ocrx_word' id='word_1_393' title='bbox 2900 2892 3158 2963; x_wconf 78' lang='grc' dir='ltr'>ἀθυμίαις</span> <span class='ocrx_word' id='word_1_394' title='bbox 3190 2891 3464 2962; x_wconf 75' lang='grc' dir='ltr'>ἐμϐάλλει.</span> 
     </span>
    </p>
   </div>
   <div class='ocr_carea' id='block_1_58' title="bbox 2171 3071 3677 3141">
    <p class='ocr_par' dir='ltr' id='par_1_58' title="bbox 2171 3071 3677 3141">
     <span class='ocr_line' id='line_1_58' title="bbox 2171 3071 3677 3141; baseline -0.003 -14"><span class='ocrx_word' id='word_1_395' title='bbox 2171 3073 2300 3127; x_wconf 74' lang='grc' dir='ltr'><strong>Ὀτι</strong></span> <span class='ocrx_word' id='word_1_396' title='bbox 2327 3073 2650 3129; x_wconf 78' lang='grc' dir='ltr'>ἐπαινεῖται</span> <span class='ocrx_word' id='word_1_397' title='bbox 2670 3075 2701 3126; x_wconf 87' lang='grc' dir='ltr'><strong><em>ό</em></strong></span> <span class='ocrx_word' id='word_1_398' title='bbox 2728 3072 3078 3141; x_wconf 74' lang='grc' dir='ltr'>ἁμαρτωλὸς</span> <span class='ocrx_word' id='word_1_399' title='bbox 3104 3072 3173 3126; x_wconf 78' lang='grc' dir='ltr'><strong>ὲν</strong></span> <span class='ocrx_word' id='word_1_400' title='bbox 3189 3071 3318 3137; x_wconf 83' lang='grc' dir='ltr'>ταῖς</span> <span class='ocrx_word' id='word_1_401' title='bbox 3343 3071 3677 3140; x_wconf 69' lang='grc' dir='ltr'><strong>ἐπιθυμίαις</strong></span> 
     </span>
    </p>
   </div>
   <div class='ocr_carea' id='block_1_59' title="bbox 2095 3162 3677 3234">
    <p class='ocr_par' dir='ltr' id='par_1_59' title="bbox 2095 3162 3677 3234">
     <span class='ocr_line' id='line_1_59' title="bbox 2095 3162 3677 3234; baseline -0.003 -16"><span class='ocrx_word' id='word_1_402' title='bbox 2095 3164 2204 3233; x_wconf 82' lang='grc' dir='ltr'><strong>τῆς</strong></span> <span class='ocrx_word' id='word_1_403' title='bbox 2231 3164 2440 3234; x_wconf 70' lang='grc' dir='ltr'>ψυχῆς</span> <span class='ocrx_word' id='word_1_404' title='bbox 2464 3164 2682 3226; x_wconf 83' lang='grc' dir='ltr'>αὐτοῦ,</span> <span class='ocrx_word' id='word_1_405' title='bbox 2718 3181 2768 3216; x_wconf 80' lang='grc' dir='ltr'><strong>κ.</strong></span> <span class='ocrx_word' id='word_1_406' title='bbox 2801 3182 2849 3216; x_wconf 91' lang='grc' dir='ltr'>τ.</span> <span class='ocrx_word' id='word_1_407' title='bbox 2885 3164 2930 3215; x_wconf 84' lang='grc' dir='ltr'>ὲ.</span> <span class='ocrx_word' id='word_1_408' title='bbox 2972 3162 3240 3226; x_wconf 85' lang='grc' dir='ltr'>Πολλάκις</span> <span class='ocrx_word' id='word_1_409' title='bbox 3273 3162 3677 3234; x_wconf 76' lang='grc' dir='ltr'>ἁμαρτάνοντες</span> 
     </span>
    </p>
   </div>
   <div class='ocr_carea' id='block_1_60' title="bbox 2094 3253 3678 3330">
    <p class='ocr_par' dir='ltr' id='par_1_60' title="bbox 2094 3253 3678 3330">
     <span class='ocr_line' id='line_1_60' title="bbox 2094 3253 3678 3330; baseline -0.003 -19"><span class='ocrx_word' id='word_1_410' title='bbox 2094 3277 2238 3324; x_wconf 80' lang='grc' dir='ltr'>τινες</span> <span class='ocrx_word' id='word_1_411' title='bbox 2269 3257 2380 3330; x_wconf 84' lang='grc'>(80)</span> <span class='ocrx_word' id='word_1_412' title='bbox 2415 3257 2733 3329; x_wconf 80' lang='grc' dir='ltr'>εὐθηνοῦσιν</span> <span class='ocrx_word' id='word_1_413' title='bbox 2762 3259 2821 3312; x_wconf 81' lang='grc' dir='ltr'><strong>ἐν</strong></span> <span class='ocrx_word' id='word_1_414' title='bbox 2853 3257 2931 3328; x_wconf 84' lang='grc' dir='ltr'>τῷ</span> <span class='ocrx_word' id='word_1_415' title='bbox 2979 3258 3189 3328; x_wconf 79' lang='grc' dir='ltr'>κόσμῳ.</span> <span class='ocrx_word' id='word_1_416' title='bbox 3227 3255 3398 3310; x_wconf 90' lang='grc' dir='ltr'>Τοῦτο</span> <span class='ocrx_word' id='word_1_417' title='bbox 3426 3253 3533 3326; x_wconf 87' lang='grc' dir='ltr'><strong>γὰρ</strong></span> <span class='ocrx_word' id='word_1_418' title='bbox 3573 3253 3678 3324; x_wconf 62' lang='grc' dir='ltr'><strong>ἔφη</strong></span> 
     </span>
    </p>
   </div>
   <div class='ocr_carea' id='block_1_61' title="bbox 407 3330 1991 3422">
    <p class='ocr_par' dir='ltr' id='par_1_61' title="bbox 407 3349 1983 3422">
     <span class='ocr_line' id='line_1_61' title="bbox 407 3349 1983 3422; baseline 0.003 -20"><span class='ocrx_word' id='word_1_419' title='bbox 407 3349 485 3402; x_wconf 87' lang='lat' dir='ltr'><strong>cit</strong></span> <span class='ocrx_word' id='word_1_420' title='bbox 521 3350 563 3380; x_wconf 86' lang='grc'><strong>¹⁰</strong></span> <span class='ocrx_word' id='word_1_421' title='bbox 597 3367 609 3403; x_wconf 92' lang='lat'><strong>:</strong></span> <span class='ocrx_word' id='word_1_422' title='bbox 650 3367 668 3401; x_wconf 83' lang='grc' dir='ltr'><strong>ι</strong></span> <span class='ocrx_word' id='word_1_423' title='bbox 707 3351 826 3404; x_wconf 81' lang='lat' dir='ltr'><strong>Mali</strong></span> <span class='ocrx_word' id='word_1_424' title='bbox 861 3352 1135 3416; x_wconf 49' lang='lat' dir='ltr'><strong>hominet,</strong></span> <span class='ocrx_word' id='word_1_425' title='bbox 1169 3362 1223 3406; x_wconf 83' lang='lat' dir='ltr'><strong>et</strong></span> <span class='ocrx_word' id='word_1_426' title='bbox 1259 3354 1580 3407; x_wconf 87' lang='lat' dir='ltr'><strong>seductores</strong></span> <span class='ocrx_word' id='word_1_427' title='bbox 1614 3355 1900 3422; x_wconf 78' lang='lat' dir='ltr'><strong>proﬁcient</strong></span> <span class='ocrx_word' id='word_1_428' title='bbox 1935 3355 1983 3408; x_wconf 93' lang='lat' dir='ltr'><strong>in</strong></span> 
     </span>
    </p>
   </div>
   <div class='ocr_carea' id='block_1_62' title="bbox 2096 3330 3678 3422">
    <p class='ocr_par' dir='ltr' id='par_1_62' title="bbox 2096 3346 3678 3421">
     <span class='ocr_line' id='line_1_62' title="bbox 2096 3346 3678 3421; baseline -0.003 -19"><span class='ocrx_word' id='word_1_429' title='bbox 2096 3351 2187 3404; x_wconf 73' lang='grc' dir='ltr'>καὶ</span> <span class='ocrx_word' id='word_1_430' title='bbox 2236 3352 2264 3402; x_wconf 89' lang='grc' dir='ltr'>ὁ</span> <span class='ocrx_word' id='word_1_431' title='bbox 2303 3350 2621 3412; x_wconf 84' lang='grc' dir='ltr'>Ἀπόστολος</span> <span class='ocrx_word' id='word_1_432' title='bbox 2645 3366 2658 3379; x_wconf 72' lang='grc' dir='ltr'><strong>ο</strong></span> <span class='ocrx_word' id='word_1_433' title='bbox 2710 3369 2728 3400; x_wconf 76' lang='grc' dir='ltr'><strong>ι</strong></span> <span class='ocrx_word' id='word_1_434' title='bbox 2763 3350 3000 3421; x_wconf 74' lang='grc' dir='ltr'>Πονηροὶ</span> <span class='ocrx_word' id='word_1_435' title='bbox 3043 3351 3316 3421; x_wconf 82' lang='grc' dir='ltr'>ἄνθρωποι</span> <span class='ocrx_word' id='word_1_436' title='bbox 3352 3348 3445 3400; x_wconf 78' lang='grc' dir='ltr'><strong>καὶ</strong></span> <span class='ocrx_word' id='word_1_437' title='bbox 3482 3346 3678 3416; x_wconf 84' lang='grc' dir='ltr'>γόητες</span> 
     </span>
    </p>
   </div>
   <div class='ocr_carea' id='block_1_63' title="bbox 409 3441 1987 3511">
    <p class='ocr_par' dir='ltr' id='par_1_63' title="bbox 409 3441 1987 3511">
     <span class='ocr_line' id='line_1_63' title="bbox 409 3441 1987 3511; baseline 0.003 -17"><span class='ocrx_word' id='word_1_438' title='bbox 409 3441 581 3511; x_wconf 86' lang='lat' dir='ltr'><strong>pejus,</strong></span> <span class='ocrx_word' id='word_1_439' title='bbox 614 3452 864 3496; x_wconf 88' lang='lat' dir='ltr'><strong>errantes</strong></span> <span class='ocrx_word' id='word_1_440' title='bbox 915 3453 969 3497; x_wconf 89' lang='lat' dir='ltr'><strong>et</strong></span> <span class='ocrx_word' id='word_1_441' title='bbox 1009 3443 1061 3496; x_wconf 90' lang='lat' dir='ltr'><strong>in</strong></span> <span class='ocrx_word' id='word_1_442' title='bbox 1117 3457 1361 3497; x_wconf 88' lang='lat' dir='ltr'><strong>errorem</strong></span> <span class='ocrx_word' id='word_1_443' title='bbox 1405 3446 1701 3498; x_wconf 84' lang='lat' dir='ltr'><strong>mittentes.</strong></span> <span class='ocrx_word' id='word_1_444' title='bbox 1757 3465 1774 3498; x_wconf 73' lang='grc' dir='ltr'><strong>ι</strong></span> <span class='ocrx_word' id='word_1_445' title='bbox 1829 3446 1896 3499; x_wconf 87' lang='grc' dir='ltr'>Ει</span> <span class='ocrx_word' id='word_1_446' title='bbox 1936 3446 1987 3498; x_wconf 91' lang='lat' dir='ltr'><strong>in</strong></span> 
     </span>
    </p>
   </div>
   <div class='ocr_carea' id='block_1_64' title="bbox 408 3532 1991 3603">
    <p class='ocr_par' dir='ltr' id='par_1_64' title="bbox 408 3532 1991 3603">
     <span class='ocr_line' id='line_1_64' title="bbox 408 3532 1991 3603; baseline 0.001 -16"><span class='ocrx_word' id='word_1_447' title='bbox 408 3532 520 3587; x_wconf 80' lang='lat' dir='ltr'><strong>alio</strong></span> <span class='ocrx_word' id='word_1_448' title='bbox 545 3533 753 3602; x_wconf 84' lang='lat' dir='ltr'><strong>psalmo</strong></span> <span class='ocrx_word' id='word_1_449' title='bbox 785 3535 1002 3586; x_wconf 87' lang='lat' dir='ltr'><strong>canitur</strong></span> <span class='ocrx_word' id='word_1_450' title='bbox 1033 3535 1073 3564; x_wconf 87' lang='lat'>”</span> <span class='ocrx_word' id='word_1_451' title='bbox 1104 3552 1116 3587; x_wconf 94' lang='lat'>:</span> <span class='ocrx_word' id='word_1_452' title='bbox 1183 3552 1201 3583; x_wconf 85' lang='grc'><em>‹</em></span> <span class='ocrx_word' id='word_1_453' title='bbox 1245 3535 1348 3602; x_wconf 89' lang='lat' dir='ltr'><strong>Ipsi</strong></span> <span class='ocrx_word' id='word_1_454' title='bbox 1387 3545 1708 3603; x_wconf 88' lang='lat' dir='ltr'><strong>peccatores</strong></span> <span class='ocrx_word' id='word_1_455' title='bbox 1743 3547 1795 3588; x_wconf 88' lang='lat' dir='ltr'><strong>et</strong></span> <span class='ocrx_word' id='word_1_456' title='bbox 1822 3537 1991 3588; x_wconf 84' lang='lat' dir='ltr'><strong>almu-</strong></span> 
     </span>
    </p>
   </div>
   <div class='ocr_carea' id='block_1_65' title="bbox 411 3625 1984 3695">
    <p class='ocr_par' dir='ltr' id='par_1_65' title="bbox 411 3625 1984 3695">
     <span class='ocr_line' id='line_1_65' title="bbox 411 3625 1984 3695; baseline 0.001 -18"><span class='ocrx_word' id='word_1_457' title='bbox 411 3625 603 3680; x_wconf 86' lang='lat' dir='ltr'><strong>dantes</strong></span> <span class='ocrx_word' id='word_1_458' title='bbox 652 3627 704 3680; x_wconf 94' lang='lat' dir='ltr'><strong>in</strong></span> <span class='ocrx_word' id='word_1_459' title='bbox 765 3626 993 3688; x_wconf 72' lang='lat' dir='ltr'><strong>saeculo,</strong></span> <span class='ocrx_word' id='word_1_460' title='bbox 1050 3626 1406 3678; x_wconf 77' lang='lat' dir='ltr'><strong>obtinuerant</strong></span> <span class='ocrx_word' id='word_1_461' title='bbox 1459 3626 1625 3695; x_wconf 76' lang='lat'><strong>588</strong></span> <span class='ocrx_word' id='word_1_462' title='bbox 1679 3627 1916 3680; x_wconf 82' lang='lat' dir='ltr'><strong>divitias.</strong></span> <span class='ocrx_word' id='word_1_463' title='bbox 1967 3648 1984 3678; x_wconf 74' lang='grc' dir='ltr'><strong>ι</strong></span> 
     </span>
    </p>
   </div>
   <div class='ocr_carea' id='block_1_66' title="bbox 409 3716 1992 3786">
    <p class='ocr_par' dir='ltr' id='par_1_66' title="bbox 409 3716 1992 3786">
     <span class='ocr_line' id='line_1_66' title="bbox 409 3716 1992 3786; baseline -0.001 -12"><span class='ocrx_word' id='word_1_464' title='bbox 409 3717 710 3774; x_wconf 83' lang='lat' dir='ltr'><strong>Peccantes</strong></span> <span class='ocrx_word' id='word_1_465' title='bbox 742 3718 905 3786; x_wconf 82' lang='lat' dir='ltr'><strong>igitur</strong></span> <span class='ocrx_word' id='word_1_466' title='bbox 935 3727 992 3770; x_wconf 88' lang='lat' dir='ltr'><strong>et</strong></span> <span class='ocrx_word' id='word_1_467' title='bbox 1023 3716 1232 3784; x_wconf 87' lang='lat' dir='ltr'><strong>injusti,</strong></span> <span class='ocrx_word' id='word_1_468' title='bbox 1275 3729 1383 3769; x_wconf 89' lang='lat' dir='ltr'><strong>tum</strong></span> <span class='ocrx_word' id='word_1_469' title='bbox 1424 3733 1452 3768; x_wconf 89' lang='lat' dir='ltr'><strong>a</strong></span> <span class='ocrx_word' id='word_1_470' title='bbox 1486 3719 1706 3785; x_wconf 86' lang='lat' dir='ltr'><strong>seipsis,</strong></span> <span class='ocrx_word' id='word_1_471' title='bbox 1763 3727 1874 3770; x_wconf 90' lang='lat' dir='ltr'><strong>tum</strong></span> <span class='ocrx_word' id='word_1_472' title='bbox 1924 3721 1992 3772; x_wconf 87' lang='lat' dir='ltr'><strong>ab</strong></span> 
     </span>
    </p>
   </div>
   <div class='ocr_carea' id='block_1_67' title="bbox 409 3807 1988 3877">
    <p class='ocr_par' dir='ltr' id='par_1_67' title="bbox 409 3807 1988 3877">
     <span class='ocr_line' id='line_1_67' title="bbox 409 3807 1988 3877; baseline 0.001 -16"><span class='ocrx_word' id='word_1_473' title='bbox 409 3808 787 3864; x_wconf 79' lang='lat' dir='ltr'><strong>adulatoribus</strong></span> <span class='ocrx_word' id='word_1_474' title='bbox 839 3817 890 3862; x_wconf 89' lang='lat' dir='ltr'><strong>et</strong></span> <span class='ocrx_word' id='word_1_475' title='bbox 945 3809 1203 3877; x_wconf 82' lang='lat' dir='ltr'><strong>parasitis</strong></span> <span class='ocrx_word' id='word_1_476' title='bbox 1249 3808 1362 3862; x_wconf 84' lang='lat' dir='ltr'><strong>suis</strong></span> <span class='ocrx_word' id='word_1_477' title='bbox 1409 3807 1724 3874; x_wconf 82' lang='lat' dir='ltr'><strong>laudantur,</strong></span> <span class='ocrx_word' id='word_1_478' title='bbox 1772 3819 1828 3864; x_wconf 91' lang='lat' dir='ltr'><strong>et</strong></span> <span class='ocrx_word' id='word_1_479' title='bbox 1867 3825 1988 3864; x_wconf 87' lang='lat' dir='ltr'><strong>cum</strong></span> 
     </span>
    </p>
   </div>
   <div class='ocr_carea' id='block_1_68' title="bbox 410 3898 1809 3970">
    <p class='ocr_par' dir='ltr' id='par_1_68' title="bbox 410 3898 1809 3970">
     <span class='ocr_line' id='line_1_68' title="bbox 410 3898 1809 3970; baseline 0.001 -16"><span class='ocrx_word' id='word_1_480' title='bbox 410 3898 830 3964; x_wconf 86' lang='lat' dir='ltr'><strong>benedicuntur,</strong></span> <span class='ocrx_word' id='word_1_481' title='bbox 864 3901 1035 3970; x_wconf 82' lang='lat' dir='ltr'><strong>magis</strong></span> <span class='ocrx_word' id='word_1_482' title='bbox 1067 3901 1134 3954; x_wconf 90' lang='lat' dir='ltr'><strong>ad</strong></span> <span class='ocrx_word' id='word_1_483' title='bbox 1174 3911 1458 3969; x_wconf 87' lang='lat' dir='ltr'><strong>peccatum</strong></span> <span class='ocrx_word' id='word_1_484' title='bbox 1488 3901 1809 3955; x_wconf 85' lang='lat' dir='ltr'><strong>incitantur.</strong></span> 
     </span>
    </p>
   </div>
   <div class='ocr_carea' id='block_1_69' title="bbox 482 4097 1986 4156">
    <p class='ocr_par' dir='ltr' id='par_1_69' title="bbox 482 4097 1986 4156">
     <span class='ocr_line' id='line_1_69' title="bbox 482 4097 1986 4156; baseline 0.001 -2"><span class='ocrx_word' id='word_1_485' title='bbox 482 4099 645 4154; x_wconf 69' lang='lat' dir='ltr'><strong>Vens.</strong></span> <span class='ocrx_word' id='word_1_486' title='bbox 688 4098 743 4153; x_wconf 74' lang='grc'>4.</span> <span class='ocrx_word' id='word_1_487' title='bbox 787 4097 1085 4154; x_wconf 84' lang='lat' dir='ltr'><strong>Secundum</strong></span> <span class='ocrx_word' id='word_1_488' title='bbox 1133 4100 1521 4154; x_wconf 82' lang='lat' dir='ltr'><strong>multitudinem</strong></span> <span class='ocrx_word' id='word_1_489' title='bbox 1571 4101 1669 4155; x_wconf 72' lang='grc' dir='ltr'><strong>ἔγω</strong></span> <span class='ocrx_word' id='word_1_490' title='bbox 1723 4118 1834 4156; x_wconf 75' lang='lat' dir='ltr'><strong>sure</strong></span> <span class='ocrx_word' id='word_1_491' title='bbox 1887 4120 1986 4156; x_wconf 89' lang='lat' dir='ltr'><strong>non</strong></span> 
     </span>
    </p>
   </div>
   <div class='ocr_carea' id='block_1_70' title="bbox 406 4190 1988 4262">
    <p class='ocr_par' dir='ltr' id='par_1_70' title="bbox 406 4190 1988 4262">
     <span class='ocr_line' id='line_1_70' title="bbox 406 4190 1988 4262; baseline 0.003 -17"><span class='ocrx_word' id='word_1_492' title='bbox 406 4202 624 4262; x_wconf 73' lang='lat' dir='ltr'><strong>qum-et,</strong></span> <span class='ocrx_word' id='word_1_493' title='bbox 656 4203 764 4245; x_wconf 88' lang='lat' dir='ltr'><strong>etc.</strong></span> <span class='ocrx_word' id='word_1_494' title='bbox 799 4190 928 4256; x_wconf 88' lang='lat' dir='ltr'><strong>Quis</strong></span> <span class='ocrx_word' id='word_1_495' title='bbox 955 4192 978 4244; x_wconf 87' lang='lat'><strong>?</strong></span> <span class='ocrx_word' id='word_1_496' title='bbox 1011 4209 1078 4245; x_wconf 88' lang='lat' dir='ltr'><strong>an</strong></span> <span class='ocrx_word' id='word_1_497' title='bbox 1116 4194 1392 4256; x_wconf 80' lang='lat' dir='ltr'><strong>Dominus.</strong></span> <span class='ocrx_word' id='word_1_498' title='bbox 1423 4210 1489 4247; x_wconf 87' lang='lat' dir='ltr'><strong>an</strong></span> <span class='ocrx_word' id='word_1_499' title='bbox 1524 4195 1820 4262; x_wconf 85' lang='lat' dir='ltr'><strong>peccator?</strong></span> <span class='ocrx_word' id='word_1_500' title='bbox 1849 4196 1988 4250; x_wconf 80' lang='lat' dir='ltr'><strong>forte</strong></span> 
     </span>
    </p>
   </div>
   <div class='ocr_carea' id='block_1_71' title="bbox 410 4283 1985 4353">
    <p class='ocr_par' dir='ltr' id='par_1_71' title="bbox 410 4283 1985 4353">
     <span class='ocr_line' id='line_1_71' title="bbox 410 4283 1985 4353; baseline 0.004 -17"><span class='ocrx_word' id='word_1_501' title='bbox 410 4294 688 4352; x_wconf 79' lang='lat' dir='ltr'><strong>peccator.</strong></span> <span class='ocrx_word' id='word_1_502' title='bbox 724 4283 908 4353; x_wconf 86' lang='lat' dir='ltr'><strong>Neque</strong></span> <span class='ocrx_word' id='word_1_503' title='bbox 937 4285 1080 4338; x_wconf 91' lang='lat' dir='ltr'><strong>enim</strong></span> <span class='ocrx_word' id='word_1_504' title='bbox 1120 4287 1185 4338; x_wconf 89' lang='lat' dir='ltr'><strong>dc</strong></span> <span class='ocrx_word' id='word_1_505' title='bbox 1223 4287 1299 4338; x_wconf 88' lang='lat' dir='ltr'><strong>ira</strong></span> <span class='ocrx_word' id='word_1_506' title='bbox 1329 4287 1416 4339; x_wconf 87' lang='lat' dir='ltr'><strong>Dei</strong></span> <span class='ocrx_word' id='word_1_507' title='bbox 1447 4287 1710 4342; x_wconf 88' lang='lat' dir='ltr'><strong>sollicitus</strong></span> <span class='ocrx_word' id='word_1_508' title='bbox 1747 4297 1852 4352; x_wconf 78' lang='lat' dir='ltr'><strong>est,</strong></span> <span class='ocrx_word' id='word_1_509' title='bbox 1888 4304 1985 4343; x_wconf 88' lang='lat' dir='ltr'><strong>nec</strong></span> 
     </span>
    </p>
   </div>
   <div class='ocr_carea' id='block_1_72' title="bbox 406 4376 1986 4448">
    <p class='ocr_par' dir='ltr' id='par_1_72' title="bbox 406 4376 1986 4448">
     <span class='ocr_line' id='line_1_72' title="bbox 406 4376 1986 4448; baseline 0.003 -18"><span class='ocrx_word' id='word_1_510' title='bbox 406 4386 563 4430; x_wconf 85' lang='lat' dir='ltr'><strong>curat</strong></span> <span class='ocrx_word' id='word_1_511' title='bbox 590 4391 647 4430; x_wconf 93' lang='lat' dir='ltr'><strong>se</strong></span> <span class='ocrx_word' id='word_1_512' title='bbox 673 4376 1025 4430; x_wconf 87' lang='lat' dir='ltr'><strong>multitudine</strong></span> <span class='ocrx_word' id='word_1_513' title='bbox 1060 4388 1409 4446; x_wconf 82' lang='lat' dir='ltr'><strong>peccatorum</strong></span> <span class='ocrx_word' id='word_1_514' title='bbox 1429 4379 1776 4448; x_wconf 65' lang='lat' dir='ltr'><strong>prazgravari.</strong></span> <span class='ocrx_word' id='word_1_515' title='bbox 1807 4380 1986 4446; x_wconf 83' lang='lat' dir='ltr'><strong>Quare</strong></span> 
     </span>
    </p>
   </div>
   <div class='ocr_carea' id='block_1_73' title="bbox 396 4467 1012 4538">
    <p class='ocr_par' dir='ltr' id='par_1_73' title="bbox 396 4467 1012 4538">
     <span class='ocr_line' id='line_1_73' title="bbox 396 4467 1012 4538; baseline 0.002 -17"><span class='ocrx_word' id='word_1_516' title='bbox 396 4476 458 4521; x_wconf 82' lang='lat' dir='ltr'><strong>et</strong></span> <span class='ocrx_word' id='word_1_517' title='bbox 487 4467 773 4536; x_wconf 88' lang='lat' dir='ltr'><strong>plurimum</strong></span> <span class='ocrx_word' id='word_1_518' title='bbox 805 4478 1012 4538; x_wconf 84' lang='lat' dir='ltr'><strong>peccat.</strong></span> 
     </span>
    </p>
   </div>
   <div class='ocr_carea' id='block_1_74' title="bbox 481 4557 1988 4627">
    <p class='ocr_par' dir='ltr' id='par_1_74' title="bbox 481 4557 1988 4627">
     <span class='ocr_line' id='line_1_74' title="bbox 481 4557 1988 4627; baseline 0.001 -17"><span class='ocrx_word' id='word_1_519' title='bbox 481 4557 650 4612; x_wconf 66' lang='lat' dir='ltr'><strong>Vens.</strong></span> <span class='ocrx_word' id='word_1_520' title='bbox 690 4558 744 4611; x_wconf 83' lang='lat'><strong>5.</strong></span> <span class='ocrx_word' id='word_1_521' title='bbox 784 4557 1090 4627; x_wconf 80' lang='lat' dir='ltr'><strong>Inquiualte</strong></span> <span class='ocrx_word' id='word_1_522' title='bbox 1129 4568 1249 4612; x_wconf 76' lang='lat' dir='ltr'><strong>sunt</strong></span> <span class='ocrx_word' id='word_1_523' title='bbox 1280 4559 1377 4611; x_wconf 78' lang='lat' dir='ltr'><strong>ria:</strong></span> <span class='ocrx_word' id='word_1_524' title='bbox 1407 4558 1551 4612; x_wconf 83' lang='lat' dir='ltr'><strong>illius</strong></span> <span class='ocrx_word' id='word_1_525' title='bbox 1584 4561 1639 4612; x_wconf 87' lang='lat' dir='ltr'><strong>in</strong></span> <span class='ocrx_word' id='word_1_526' title='bbox 1665 4560 1808 4613; x_wconf 88' lang='lat' dir='ltr'><strong>omni</strong></span> <span class='ocrx_word' id='word_1_527' title='bbox 1857 4568 1988 4614; x_wconf 74' lang='lat' dir='ltr'><strong>tent-</strong></span> 
     </span>
    </p>
   </div>
   <div class='ocr_carea' id='block_1_75' title="bbox 2096 3436 3681 3512">
    <p class='ocr_par' dir='ltr' id='par_1_75' title="bbox 2096 3436 3681 3512">
     <span class='ocr_line' id='line_1_75' title="bbox 2096 3436 3681 3512; baseline -0.003 -19"><span class='ocrx_word' id='word_1_528' title='bbox 2096 3443 2460 3512; x_wconf 68' lang='grc' dir='ltr'>προκόψουσιν</span> <span class='ocrx_word' id='word_1_529' title='bbox 2489 3443 2581 3494; x_wconf 75' lang='grc' dir='ltr'><strong>ἐπὶ</strong></span> <span class='ocrx_word' id='word_1_530' title='bbox 2608 3441 2668 3493; x_wconf 83' lang='grc' dir='ltr'><strong>τὸ</strong></span> <span class='ocrx_word' id='word_1_531' title='bbox 2696 3443 2897 3512; x_wconf 88' lang='grc' dir='ltr'>χεῖρον,</span> <span class='ocrx_word' id='word_1_532' title='bbox 2927 3441 3234 3504; x_wconf 82' lang='grc' dir='ltr'>πλανῶντες</span> <span class='ocrx_word' id='word_1_533' title='bbox 3267 3441 3361 3493; x_wconf 75' lang='grc' dir='ltr'><strong>καὶ</strong></span> <span class='ocrx_word' id='word_1_534' title='bbox 3395 3436 3681 3507; x_wconf 83' lang='grc' dir='ltr'>πλανώμε-</span> 
     </span>
    </p>
   </div>
   <div class='ocr_carea' id='block_1_76' title="bbox 2093 3525 3676 3604">
    <p class='ocr_par' dir='ltr' id='par_1_76' title="bbox 2093 3525 3676 3604">
     <span class='ocr_line' id='line_1_76' title="bbox 2093 3525 3676 3604; baseline -0.004 -18"><span class='ocrx_word' id='word_1_535' title='bbox 2093 3551 2191 3586; x_wconf 90' lang='grc' dir='ltr'>νοι.</span> <span class='ocrx_word' id='word_1_536' title='bbox 2238 3553 2256 3586; x_wconf 77' lang='grc' dir='ltr'><strong>ι</strong></span> <span class='ocrx_word' id='word_1_537' title='bbox 2295 3535 2404 3587; x_wconf 75' lang='grc' dir='ltr'>Καὶ</span> <span class='ocrx_word' id='word_1_538' title='bbox 2454 3536 2510 3586; x_wconf 80' lang='grc' dir='ltr'>ὲν</span> <span class='ocrx_word' id='word_1_539' title='bbox 2553 3533 2722 3604; x_wconf 78' lang='grc' dir='ltr'>ἑτέρῳ</span> <span class='ocrx_word' id='word_1_540' title='bbox 2753 3531 2951 3602; x_wconf 70' lang='grc' dir='ltr'>ψαλμῷ</span> <span class='ocrx_word' id='word_1_541' title='bbox 2982 3532 3197 3602; x_wconf 83' lang='grc' dir='ltr'>ᾄδεται·</span> <span class='ocrx_word' id='word_1_542' title='bbox 3235 3549 3252 3581; x_wconf 77' lang='grc' dir='ltr'><strong>ι</strong></span> <span class='ocrx_word' id='word_1_543' title='bbox 3288 3525 3446 3583; x_wconf 74' lang='grc' dir='ltr'>Οὗτοι</span> <span class='ocrx_word' id='word_1_544' title='bbox 3493 3532 3676 3600; x_wconf 69' lang='grc' dir='ltr'>ἁμαρι</span> 
     </span>
    </p>
   </div>
   <div class='ocr_carea' id='block_1_77' title="bbox 2094 3620 3677 3693">
    <p class='ocr_par' dir='ltr' id='par_1_77' title="bbox 2094 3620 3677 3693">
     <span class='ocr_line' id='line_1_77' title="bbox 2094 3620 3677 3693; baseline -0.003 -17"><span class='ocrx_word' id='word_1_545' title='bbox 2094 3624 2252 3677; x_wconf 73' lang='grc' dir='ltr'>τωλοὶ</span> <span class='ocrx_word' id='word_1_546' title='bbox 2281 3624 2375 3676; x_wconf 78' lang='grc' dir='ltr'><strong>καὶ</strong></span> <span class='ocrx_word' id='word_1_547' title='bbox 2405 3621 2754 3693; x_wconf 79' lang='grc' dir='ltr'>εὐθηνοῦντες</span> <span class='ocrx_word' id='word_1_548' title='bbox 2789 3625 2869 3686; x_wconf 81' lang='grc' dir='ltr'>εἰς</span> <span class='ocrx_word' id='word_1_549' title='bbox 2899 3623 2989 3674; x_wconf 82' lang='grc' dir='ltr'><strong>τὸν</strong></span> <span class='ocrx_word' id='word_1_550' title='bbox 3021 3621 3190 3674; x_wconf 80' lang='grc' dir='ltr'>αἰῶνα</span> <span class='ocrx_word' id='word_1_551' title='bbox 3215 3620 3480 3690; x_wconf 82' lang='grc' dir='ltr'>κατέσχον</span> <span class='ocrx_word' id='word_1_552' title='bbox 3511 3620 3677 3672; x_wconf 79' lang='grc' dir='ltr'>πλού-</span> 
     </span>
    </p>
   </div>
   <div class='ocr_carea' id='block_1_78' title="bbox 2093 3713 3675 3784">
    <p class='ocr_par' dir='ltr' id='par_1_78' title="bbox 2093 3713 3675 3784">
     <span class='ocr_line' id='line_1_78' title="bbox 2093 3713 3675 3784; baseline -0.004 -14"><span class='ocrx_word' id='word_1_553' title='bbox 2093 3736 2236 3781; x_wconf 88' lang='grc' dir='ltr'>τους.</span> <span class='ocrx_word' id='word_1_554' title='bbox 2289 3737 2308 3770; x_wconf 71' lang='grc' dir='ltr'><strong>ι</strong></span> <span class='ocrx_word' id='word_1_555' title='bbox 2379 3716 2755 3770; x_wconf 80' lang='grc' dir='ltr'>Ἐπαινοῦνται</span> <span class='ocrx_word' id='word_1_556' title='bbox 2817 3714 2910 3769; x_wconf 71' lang='grc' dir='ltr'><strong>οὖν</strong></span> <span class='ocrx_word' id='word_1_557' title='bbox 2955 3715 3058 3768; x_wconf 84' lang='grc' dir='ltr'><strong>ὑπό</strong></span> <span class='ocrx_word' id='word_1_558' title='bbox 3103 3732 3162 3768; x_wconf 86' lang='grc' dir='ltr'><strong>τε</strong></span> <span class='ocrx_word' id='word_1_559' title='bbox 3217 3713 3425 3766; x_wconf 77' lang='grc' dir='ltr'>ἑαυτῶν</span> <span class='ocrx_word' id='word_1_560' title='bbox 3478 3714 3675 3784; x_wconf 87' lang='grc' dir='ltr'>ἁμαρ-</span> 
     </span>
    </p>
   </div>
   <div class='ocr_carea' id='block_1_79' title="bbox 2093 3807 3676 3880">
    <p class='ocr_par' dir='ltr' id='par_1_79' title="bbox 2093 3807 3676 3880">
     <span class='ocr_line' id='line_1_79' title="bbox 2093 3807 3676 3880; baseline -0.002 -18"><span class='ocrx_word' id='word_1_561' title='bbox 2093 3809 2252 3863; x_wconf 74' lang='grc' dir='ltr'>τωλοὶ</span> <span class='ocrx_word' id='word_1_562' title='bbox 2281 3810 2374 3862; x_wconf 66' lang='grc' dir='ltr'><strong>καὶ</strong></span> <span class='ocrx_word' id='word_1_563' title='bbox 2406 3809 2579 3862; x_wconf 80' lang='grc' dir='ltr'>ἄδικοι</span> <span class='ocrx_word' id='word_1_564' title='bbox 2609 3809 2701 3861; x_wconf 71' lang='grc' dir='ltr'><strong>καὶ</strong></span> <span class='ocrx_word' id='word_1_565' title='bbox 2739 3808 2890 3880; x_wconf 71' lang='grc' dir='ltr'>παρὰ</span> <span class='ocrx_word' id='word_1_566' title='bbox 2923 3808 3030 3861; x_wconf 88' lang='grc' dir='ltr'><strong>τῶν</strong></span> <span class='ocrx_word' id='word_1_567' title='bbox 3069 3807 3317 3861; x_wconf 82' lang='grc' dir='ltr'>κολάκων</span> <span class='ocrx_word' id='word_1_568' title='bbox 3358 3807 3452 3860; x_wconf 68' lang='grc' dir='ltr'><strong>καὶ</strong></span> <span class='ocrx_word' id='word_1_569' title='bbox 3494 3823 3676 3878; x_wconf 82' lang='grc' dir='ltr'>παρα-</span> 
     </span>
    </p>
   </div>
   <div class='ocr_carea' id='block_1_80' title="bbox 2095 3898 3677 3972">
    <p class='ocr_par' dir='ltr' id='par_1_80' title="bbox 2095 3898 3677 3972">
     <span class='ocr_line' id='line_1_80' title="bbox 2095 3898 3677 3972; baseline -0.003 -18"><span class='ocrx_word' id='word_1_570' title='bbox 2095 3902 2256 3955; x_wconf 80' lang='grc' dir='ltr'>σίτων</span> <span class='ocrx_word' id='word_1_571' title='bbox 2294 3900 2472 3954; x_wconf 73' lang='grc' dir='ltr'>αὐτῶν</span> <span class='ocrx_word' id='word_1_572' title='bbox 2495 3941 2508 3966; x_wconf 92' lang='grc'><strong>,</strong></span> <span class='ocrx_word' id='word_1_573' title='bbox 2541 3902 2634 3954; x_wconf 71' lang='grc' dir='ltr'><strong>καὶ</strong></span> <span class='ocrx_word' id='word_1_574' title='bbox 2675 3900 3054 3972; x_wconf 74' lang='grc' dir='ltr'>εὐλογοῦμενοι</span> <span class='ocrx_word' id='word_1_575' title='bbox 3098 3899 3260 3954; x_wconf 82' lang='grc' dir='ltr'>πλέον</span> <span class='ocrx_word' id='word_1_576' title='bbox 3289 3898 3562 3952; x_wconf 81' lang='grc' dir='ltr'>κινοῦνται</span> <span class='ocrx_word' id='word_1_577' title='bbox 3596 3900 3677 3962; x_wconf 75' lang='grc' dir='ltr'><strong>εἰς</strong></span> 
     </span>
    </p>
   </div>
   <div class='ocr_carea' id='block_1_81' title="bbox 2093 3996 2384 4068">
    <p class='ocr_par' dir='ltr' id='par_1_81' title="bbox 2093 3996 2384 4068">
     <span class='ocr_line' id='line_1_81' title="bbox 2093 3996 2384 4068; baseline -0.007 -18"><span class='ocrx_word' id='word_1_578' title='bbox 2093 3996 2384 4068; x_wconf 84' lang='grc' dir='ltr'>ἁμαρτίαν.</span> 
     </span>
    </p>
   </div>
   <div class='ocr_carea' id='block_1_82' title="bbox 2161 4083 3675 4157">
    <p class='ocr_par' dir='ltr' id='par_1_82' title="bbox 2161 4083 3675 4157">
     <span class='ocr_line' id='line_1_82' title="bbox 2161 4083 3675 4157; baseline -0.015 -12"><span class='ocrx_word' id='word_1_579' title='bbox 2161 4089 2322 4145; x_wconf 78' lang='grc' dir='ltr'><strong>Κατὰ</strong></span> <span class='ocrx_word' id='word_1_580' title='bbox 2365 4089 2431 4142; x_wconf 84' lang='grc' dir='ltr'><strong>τὸ</strong></span> <span class='ocrx_word' id='word_1_581' title='bbox 2465 4088 2698 4157; x_wconf 78' lang='grc' dir='ltr'>πλῆθος</span> <span class='ocrx_word' id='word_1_582' title='bbox 2724 4087 2834 4156; x_wconf 80' lang='grc' dir='ltr'><strong>τῆς</strong></span> <span class='ocrx_word' id='word_1_583' title='bbox 2868 4085 3049 4156; x_wconf 69' lang='grc' dir='ltr'>ὀργῆς</span> <span class='ocrx_word' id='word_1_584' title='bbox 3077 4085 3264 4140; x_wconf 81' lang='grc' dir='ltr'>αὑτοῦ</span> <span class='ocrx_word' id='word_1_585' title='bbox 3295 4087 3405 4138; x_wconf 80' lang='grc' dir='ltr'>οὐκ</span> <span class='ocrx_word' id='word_1_586' title='bbox 3437 4083 3675 4151; x_wconf 70' lang='grc' dir='ltr'><strong>ἐκζητή-</strong></span> 
     </span>
    </p>
   </div>
   <div class='ocr_carea' id='block_1_83' title="bbox 2090 4177 3675 4250">
    <p class='ocr_par' dir='ltr' id='par_1_83' title="bbox 2090 4177 3675 4250">
     <span class='ocr_line' id='line_1_83' title="bbox 2090 4177 3675 4250; baseline -0.006 -15"><span class='ocrx_word' id='word_1_587' title='bbox 2090 4196 2202 4244; x_wconf 79' lang='grc' dir='ltr'>σει,</span> <span class='ocrx_word' id='word_1_588' title='bbox 2237 4199 2288 4234; x_wconf 86' lang='grc' dir='ltr'><strong>κ.</strong></span> <span class='ocrx_word' id='word_1_589' title='bbox 2316 4198 2365 4233; x_wconf 89' lang='grc' dir='ltr'><strong>τ.</strong></span> <span class='ocrx_word' id='word_1_590' title='bbox 2399 4181 2443 4232; x_wconf 80' lang='grc' dir='ltr'>ἐ.</span> <span class='ocrx_word' id='word_1_591' title='bbox 2482 4179 2606 4243; x_wconf 82' lang='grc' dir='ltr'>Τίς;</span> <span class='ocrx_word' id='word_1_592' title='bbox 2633 4179 2861 4250; x_wconf 75' lang='grc' dir='ltr'>πότερον</span> <span class='ocrx_word' id='word_1_593' title='bbox 2897 4179 2924 4230; x_wconf 87' lang='grc' dir='ltr'>ὁ</span> <span class='ocrx_word' id='word_1_594' title='bbox 2955 4177 3157 4249; x_wconf 80' lang='grc' dir='ltr'>Κύριος</span> <span class='ocrx_word' id='word_1_595' title='bbox 3189 4177 3319 4248; x_wconf 78' lang='grc'>(81),</span> <span class='ocrx_word' id='word_1_596' title='bbox 3357 4177 3389 4248; x_wconf 88' lang='grc' dir='ltr'>ἢ</span> <span class='ocrx_word' id='word_1_597' title='bbox 3422 4178 3675 4247; x_wconf 82' lang='grc' dir='ltr'>ἁμαρτω-</span> 
     </span>
    </p>
   </div>
   <div class='ocr_carea' id='block_1_84' title="bbox 2090 4267 3671 4342">
    <p class='ocr_par' dir='ltr' id='par_1_84' title="bbox 2090 4267 3671 4342">
     <span class='ocr_line' id='line_1_84' title="bbox 2090 4267 3671 4342; baseline -0.004 -18"><span class='ocrx_word' id='word_1_598' title='bbox 2090 4271 2178 4335; x_wconf 81' lang='grc' dir='ltr'>λός</span> <span class='ocrx_word' id='word_1_599' title='bbox 2205 4289 2218 4336; x_wconf 92' lang='grc'><strong>;</strong></span> <span class='ocrx_word' id='word_1_600' title='bbox 2245 4273 2339 4325; x_wconf 73' lang='grc' dir='ltr'><strong>καὶ</strong></span> <span class='ocrx_word' id='word_1_601' title='bbox 2377 4273 2587 4342; x_wconf 81' lang='grc' dir='ltr'>μήποτε</span> <span class='ocrx_word' id='word_1_602' title='bbox 2617 4271 2645 4322; x_wconf 85' lang='grc' dir='ltr'>ὁ</span> <span class='ocrx_word' id='word_1_603' title='bbox 2675 4269 3018 4342; x_wconf 80' lang='grc' dir='ltr'>ἁμαρτωλός.</span> <span class='ocrx_word' id='word_1_604' title='bbox 3061 4270 3135 4321; x_wconf 81' lang='grc' dir='ltr'><strong>Οὐ</strong></span> <span class='ocrx_word' id='word_1_605' title='bbox 3161 4269 3267 4339; x_wconf 78' lang='grc' dir='ltr'>γὰρ</span> <span class='ocrx_word' id='word_1_606' title='bbox 3292 4268 3511 4339; x_wconf 79' lang='grc' dir='ltr'>ὲκζητεῖ</span> <span class='ocrx_word' id='word_1_607' title='bbox 3543 4267 3671 4337; x_wconf 74' lang='grc' dir='ltr'>περὶ</span> 
     </span>
    </p>
   </div>
   <div class='ocr_carea' id='block_1_85' title="bbox 2088 4357 3670 4434">
    <p class='ocr_par' dir='ltr' id='par_1_85' title="bbox 2088 4357 3670 4434">
     <span class='ocr_line' id='line_1_85' title="bbox 2088 4357 3670 4434; baseline -0.004 -19"><span class='ocrx_word' id='word_1_608' title='bbox 2088 4364 2260 4434; x_wconf 77' lang='grc' dir='ltr'>ὀργῆς</span> <span class='ocrx_word' id='word_1_609' title='bbox 2289 4361 2382 4414; x_wconf 83' lang='grc' dir='ltr'><strong>τοῦ</strong></span> <span class='ocrx_word' id='word_1_610' title='bbox 2414 4361 2548 4414; x_wconf 80' lang='grc' dir='ltr'>Θεοῦ</span> <span class='ocrx_word' id='word_1_611' title='bbox 2570 4401 2582 4423; x_wconf 82' lang='grc'><strong>,</strong></span> <span class='ocrx_word' id='word_1_612' title='bbox 2611 4360 2717 4412; x_wconf 74' lang='grc' dir='ltr'>οὐδ’</span> <span class='ocrx_word' id='word_1_613' title='bbox 2751 4362 2832 4412; x_wconf 85' lang='grc' dir='ltr'>ὅτι</span> <span class='ocrx_word' id='word_1_614' title='bbox 2869 4359 3069 4430; x_wconf 75' lang='grc' dir='ltr'>πλῆθος</span> <span class='ocrx_word' id='word_1_615' title='bbox 3101 4358 3383 4430; x_wconf 85' lang='grc' dir='ltr'>ἁμαρτιῶν</span> <span class='ocrx_word' id='word_1_616' title='bbox 3413 4357 3546 4429; x_wconf 72' lang='grc' dir='ltr'>ἔχει.</span> <span class='ocrx_word' id='word_1_617' title='bbox 3578 4357 3670 4409; x_wconf 85' lang='grc' dir='ltr'><strong>Διὸ</strong></span> 
     </span>
    </p>
   </div>
   <div class='ocr_carea' id='block_1_86' title="bbox 2091 4452 2930 4524">
    <p class='ocr_par' dir='ltr' id='par_1_86' title="bbox 2091 4452 2930 4524">
     <span class='ocr_line' id='line_1_86' title="bbox 2091 4452 2930 4524; baseline -0.002 -16"><span class='ocrx_word' id='word_1_618' title='bbox 2091 4456 2182 4508; x_wconf 73' lang='grc' dir='ltr'>καὶ</span> <span class='ocrx_word' id='word_1_619' title='bbox 2216 4455 2356 4508; x_wconf 73' lang='grc' dir='ltr'>κατὰ</span> <span class='ocrx_word' id='word_1_620' title='bbox 2380 4453 2581 4524; x_wconf 83' lang='grc' dir='ltr'>πλῆθος</span> <span class='ocrx_word' id='word_1_621' title='bbox 2606 4452 2930 4524; x_wconf 83' lang='grc' dir='ltr'>ἁμαρτάνει.</span> 
     </span>
    </p>
   </div>
   <div class='ocr_carea' id='block_1_87' title="bbox 2164 4539 3665 4613">
    <p class='ocr_par' dir='ltr' id='par_1_87' title="bbox 2164 4539 3665 4613">
     <span class='ocr_line' id='line_1_87' title="bbox 2164 4539 3665 4613; baseline -0.007 -14"><span class='ocrx_word' id='word_1_622' title='bbox 2164 4544 2570 4613; x_wconf 76' lang='grc' dir='ltr'>Βεὸηλοῦνται</span> <span class='ocrx_word' id='word_1_623' title='bbox 2619 4546 2678 4596; x_wconf 80' lang='grc' dir='ltr'>αἱ</span> <span class='ocrx_word' id='word_1_624' title='bbox 2727 4542 2850 4596; x_wconf 77' lang='grc' dir='ltr'><strong>ὁδοὶ</strong></span> <span class='ocrx_word' id='word_1_625' title='bbox 2885 4540 3071 4595; x_wconf 82' lang='grc' dir='ltr'>αὑτοῦ</span> <span class='ocrx_word' id='word_1_626' title='bbox 3112 4541 3182 4593; x_wconf 74' lang='grc' dir='ltr'>ἐν</span> <span class='ocrx_word' id='word_1_627' title='bbox 3229 4540 3407 4594; x_wconf 74' lang='grc' dir='ltr'>παντὶ</span> <span class='ocrx_word' id='word_1_628' title='bbox 3462 4539 3665 4608; x_wconf 78' lang='grc' dir='ltr'>καιρῷ,</span> 
     </span>
    </p>
   </div>
   <div class='ocr_carea' id='block_1_88' title="bbox 401 4633 1991 4723">
    <p class='ocr_par' dir='ltr' id='par_1_88' title="bbox 401 4648 1984 4718">
     <span class='ocr_line' id='line_1_88' title="bbox 401 4648 1984 4718; baseline 0.001 -16"><span class='ocrx_word' id='word_1_629' title='bbox 401 4665 551 4718; x_wconf 80' lang='lat' dir='ltr'><strong>pore,</strong></span> <span class='ocrx_word' id='word_1_630' title='bbox 591 4659 694 4703; x_wconf 90' lang='lat' dir='ltr'><strong>etc.</strong></span> <span class='ocrx_word' id='word_1_631' title='bbox 734 4648 918 4703; x_wconf 83' lang='lat' dir='ltr'><strong>Justus</strong></span> <span class='ocrx_word' id='word_1_632' title='bbox 959 4650 1236 4703; x_wconf 88' lang='lat' dir='ltr'><strong>benedicit</strong></span> <span class='ocrx_word' id='word_1_633' title='bbox 1269 4648 1554 4702; x_wconf 90' lang='lat' dir='ltr'><strong>Dominum</strong></span> <span class='ocrx_word' id='word_1_634' title='bbox 1587 4651 1638 4703; x_wconf 90' lang='lat' dir='ltr'><strong>in</strong></span> <span class='ocrx_word' id='word_1_635' title='bbox 1677 4651 1824 4704; x_wconf 89' lang='lat' dir='ltr'><strong>omni</strong></span> <span class='ocrx_word' id='word_1_636' title='bbox 1855 4662 1984 4706; x_wconf 89' lang='lat' dir='ltr'><strong>tem-</strong></span> 
     </span>
    </p>
   </div>
   <div class='ocr_carea' id='block_1_89' title="bbox 2096 4633 3667 4723">
    <p class='ocr_par' dir='ltr' id='par_1_89' title="bbox 2096 4633 3667 4712">
     <span class='ocr_line' id='line_1_89' title="bbox 2096 4633 3667 4712; baseline -0.007 -16"><span class='ocrx_word' id='word_1_637' title='bbox 2096 4661 2144 4699; x_wconf 87' lang='grc' dir='ltr'><strong>κ.</strong></span> <span class='ocrx_word' id='word_1_638' title='bbox 2175 4659 2224 4697; x_wconf 84' lang='grc' dir='ltr'><strong>τ.</strong></span> <span class='ocrx_word' id='word_1_639' title='bbox 2261 4644 2306 4696; x_wconf 79' lang='grc' dir='ltr'>ὲ.</span> <span class='ocrx_word' id='word_1_640' title='bbox 2347 4643 2406 4694; x_wconf 84' lang='lat' dir='ltr'><strong>&#39;U</strong></span> <span class='ocrx_word' id='word_1_641' title='bbox 2449 4641 2545 4712; x_wconf 80' lang='grc' dir='ltr'><strong>μὲν</strong></span> <span class='ocrx_word' id='word_1_642' title='bbox 2585 4639 2788 4701; x_wconf 82' lang='grc' dir='ltr'>δίκαιος</span> <span class='ocrx_word' id='word_1_643' title='bbox 2821 4636 2932 4707; x_wconf 71' lang='grc'>(82)</span> <span class='ocrx_word' id='word_1_644' title='bbox 2985 4636 3194 4705; x_wconf 79' lang='grc' dir='ltr'>εὐλογεί</span> <span class='ocrx_word' id='word_1_645' title='bbox 3240 4637 3332 4689; x_wconf 84' lang='grc' dir='ltr'><strong>τὸν</strong></span> <span class='ocrx_word' id='word_1_646' title='bbox 3376 4633 3582 4706; x_wconf 86' lang='grc' dir='ltr'>Κύριον</span> <span class='ocrx_word' id='word_1_647' title='bbox 3609 4636 3667 4686; x_wconf 81' lang='grc' dir='ltr'>ἐν</span> 
     </span>
    </p>
   </div>
   <div class='ocr_carea' id='block_1_90' title="bbox 405 4741 1979 4810">
    <p class='ocr_par' dir='ltr' id='par_1_90' title="bbox 405 4741 1979 4810">
     <span class='ocr_line' id='line_1_90' title="bbox 405 4741 1979 4810; baseline 0.002 -16"><span class='ocrx_word' id='word_1_648' title='bbox 405 4755 558 4810; x_wconf 85' lang='lat' dir='ltr'><strong>pore,</strong></span> <span class='ocrx_word' id='word_1_649' title='bbox 587 4749 847 4808; x_wconf 88' lang='lat' dir='ltr'><strong>peccator</strong></span> <span class='ocrx_word' id='word_1_650' title='bbox 888 4748 1070 4793; x_wconf 88' lang='lat' dir='ltr'><strong>autem</strong></span> <span class='ocrx_word' id='word_1_651' title='bbox 1120 4741 1368 4809; x_wconf 90' lang='lat' dir='ltr'><strong>inquinat</strong></span> <span class='ocrx_word' id='word_1_652' title='bbox 1408 4742 1525 4795; x_wconf 88' lang='lat' dir='ltr'><strong>vias</strong></span> <span class='ocrx_word' id='word_1_653' title='bbox 1569 4756 1696 4796; x_wconf 88' lang='lat' dir='ltr'><strong>suas</strong></span> <span class='ocrx_word' id='word_1_654' title='bbox 1739 4744 1791 4796; x_wconf 93' lang='lat' dir='ltr'><strong>in</strong></span> <span class='ocrx_word' id='word_1_655' title='bbox 1834 4744 1979 4797; x_wconf 84' lang='lat' dir='ltr'><strong>omni</strong></span> 
     </span>
    </p>
   </div>
   <div class='ocr_carea' id='block_1_91' title="bbox 405 4831 1981 4902">
    <p class='ocr_par' dir='ltr' id='par_1_91' title="bbox 405 4831 1981 4902">
     <span class='ocr_line' id='line_1_91' title="bbox 405 4831 1981 4902; baseline 0.003 -18"><span class='ocrx_word' id='word_1_656' title='bbox 405 4841 669 4898; x_wconf 77' lang='lat' dir='ltr'><strong>tempore.</strong></span> <span class='ocrx_word' id='word_1_657' title='bbox 705 4849 725 4883; x_wconf 77' lang='grc' dir='ltr'><strong>ι</strong></span> <span class='ocrx_word' id='word_1_658' title='bbox 760 4831 1064 4900; x_wconf 73' lang='lat' dir='ltr'><strong>lnquinatae</strong></span> <span class='ocrx_word' id='word_1_659' title='bbox 1103 4843 1253 4899; x_wconf 89' lang='lat' dir='ltr'><strong>sunt,</strong></span> <span class='ocrx_word' id='word_1_660' title='bbox 1291 4853 1309 4885; x_wconf 76' lang='grc' dir='ltr'><strong>ι</strong></span> <span class='ocrx_word' id='word_1_661' title='bbox 1359 4833 1513 4902; x_wconf 88' lang='lat' dir='ltr'><strong>quasi</strong></span> <span class='ocrx_word' id='word_1_662' title='bbox 1546 4834 1692 4888; x_wconf 86' lang='lat' dir='ltr'><strong>dicat</strong></span> <span class='ocrx_word' id='word_1_663' title='bbox 1729 4853 1742 4888; x_wconf 90' lang='lat'><strong>:</strong></span> <span class='ocrx_word' id='word_1_664' title='bbox 1776 4835 1829 4888; x_wconf 93' lang='lat' dir='ltr'><strong>In</strong></span> <span class='ocrx_word' id='word_1_665' title='bbox 1867 4851 1981 4888; x_wconf 88' lang='lat' dir='ltr'><strong>ma-</strong></span> 
     </span>
    </p>
   </div>
   <div class='ocr_carea' id='block_1_92' title="bbox 406 4923 1002 4982">
    <p class='ocr_par' dir='ltr' id='par_1_92' title="bbox 406 4923 1002 4982">
     <span class='ocr_line' id='line_1_92' title="bbox 406 4923 1002 4982; baseline 0.01 -6"><span class='ocrx_word' id='word_1_666' title='bbox 406 4923 522 4976; x_wconf 89' lang='lat' dir='ltr'><strong>litia</strong></span> <span class='ocrx_word' id='word_1_667' title='bbox 555 4924 816 4978; x_wconf 80' lang='lat' dir='ltr'><strong>demersae</strong></span> <span class='ocrx_word' id='word_1_668' title='bbox 851 4938 1002 4982; x_wconf 89' lang='lat' dir='ltr'><strong>sunt.</strong></span> 
     </span>
    </p>
   </div>
   <div class='ocr_carea' id='block_1_93' title="bbox 478 5015 1980 5084">
    <p class='ocr_par' dir='ltr' id='par_1_93' title="bbox 478 5015 1980 5084">
     <span class='ocr_line' id='line_1_93' title="bbox 478 5015 1980 5084; baseline 0.003 -14"><span class='ocrx_word' id='word_1_669' title='bbox 478 5015 727 5070; x_wconf 85' lang='lat' dir='ltr'><strong>Omnium</strong></span> <span class='ocrx_word' id='word_1_670' title='bbox 763 5020 1100 5073; x_wconf 83' lang='lat' dir='ltr'><strong>inimicorum</strong></span> <span class='ocrx_word' id='word_1_671' title='bbox 1161 5035 1377 5073; x_wconf 83' lang='lat' dir='ltr'><strong>suorum</strong></span> <span class='ocrx_word' id='word_1_672' title='bbox 1429 5020 1829 5084; x_wconf 79' lang='lat' dir='ltr'><strong>dominabitur,</strong></span> <span class='ocrx_word' id='word_1_673' title='bbox 1873 5029 1980 5074; x_wconf 80' lang='lat' dir='ltr'><strong>etc.</strong></span> 
     </span>
    </p>
   </div>
   <div class='ocr_carea' id='block_1_94' title="bbox 404 5108 1984 5181">
    <p class='ocr_par' dir='ltr' id='par_1_94' title="bbox 404 5108 1984 5181">
     <span class='ocr_line' id='line_1_94' title="bbox 404 5108 1984 5181; baseline -0.001 -18"><span class='ocrx_word' id='word_1_674' title='bbox 404 5108 789 5164; x_wconf 88' lang='lat' dir='ltr'><strong>Tentatiouum</strong></span> <span class='ocrx_word' id='word_1_675' title='bbox 822 5111 941 5165; x_wconf 68' lang='lat' dir='ltr'><strong>aliae</strong></span> <span class='ocrx_word' id='word_1_676' title='bbox 972 5113 1210 5181; x_wconf 88' lang='lat' dir='ltr'><strong>corpori,</strong></span> <span class='ocrx_word' id='word_1_677' title='bbox 1255 5112 1375 5166; x_wconf 73' lang='lat' dir='ltr'><strong>alia:</strong></span> <span class='ocrx_word' id='word_1_678' title='bbox 1407 5113 1622 5175; x_wconf 73' lang='lat' dir='ltr'><strong>animm,</strong></span> <span class='ocrx_word' id='word_1_679' title='bbox 1657 5111 1777 5165; x_wconf 72' lang='lat' dir='ltr'><strong>alia:</strong></span> <span class='ocrx_word' id='word_1_680' title='bbox 1823 5112 1984 5165; x_wconf 81' lang='lat' dir='ltr'><strong>rebus</strong></span> 
     </span>
    </p>
   </div>
   <div class='ocr_carea' id='block_1_95' title="bbox 478 5206 1814 5275">
    <p class='ocr_par' dir='ltr' id='par_1_95' title="bbox 478 5206 1814 5275">
     <span class='ocr_line' id='line_1_95' title="bbox 478 5206 1814 5275; baseline 0 -13"><span class='ocrx_word' id='word_1_681' title='bbox 478 5206 498 5237; x_wconf 77' lang='grc'>⁸</span> <span class='ocrx_word' id='word_1_682' title='bbox 526 5206 685 5262; x_wconf 84' lang='lat' dir='ltr'><strong>Joan.</strong></span> <span class='ocrx_word' id='word_1_683' title='bbox 719 5224 791 5270; x_wconf 85' lang='grc' dir='ltr'><strong>ιν,</strong></span> <span class='ocrx_word' id='word_1_684' title='bbox 822 5207 912 5261; x_wconf 66' lang='lat'><strong>24.</strong></span> <span class='ocrx_word' id='word_1_685' title='bbox 993 5208 1012 5239; x_wconf 75' lang='grc'>⁸</span> <span class='ocrx_word' id='word_1_686' title='bbox 1035 5209 1177 5264; x_wconf 86' lang='lat' dir='ltr'><strong>Psal.</strong></span> <span class='ocrx_word' id='word_1_687' title='bbox 1203 5209 1405 5275; x_wconf 73' lang='lat' dir='ltr'><strong>Lxx,5.</strong></span> <span class='ocrx_word' id='word_1_688' title='bbox 1483 5211 1500 5240; x_wconf 79' lang='grc'>⁷</span> <span class='ocrx_word' id='word_1_689' title='bbox 1533 5209 1710 5264; x_wconf 80' lang='lat' dir='ltr'><strong>Galat.</strong></span> <span class='ocrx_word' id='word_1_690' title='bbox 1740 5224 1814 5262; x_wconf 84' lang='grc' dir='ltr'><strong>ιν.</strong></span> 
     </span>
    </p>
   </div>
   <div class='ocr_carea' id='block_1_96' title="bbox 407 5277 950 5344">
    <p class='ocr_par' dir='ltr' id='par_1_96' title="bbox 407 5277 950 5344">
     <span class='ocr_line' id='line_1_96' title="bbox 407 5277 950 5344; baseline -0.002 -14"><span class='ocrx_word' id='word_1_691' title='bbox 407 5277 449 5310; x_wconf 83' lang='grc'><strong>³¹</strong></span> <span class='ocrx_word' id='word_1_692' title='bbox 487 5277 629 5331; x_wconf 72' lang='lat' dir='ltr'><strong>l’sal.</strong></span> <span class='ocrx_word' id='word_1_693' title='bbox 662 5293 829 5344; x_wconf 74' lang='lat' dir='ltr'><strong>Lxxu,</strong></span> <span class='ocrx_word' id='word_1_694' title='bbox 866 5277 950 5331; x_wconf 68' lang='lat'><strong>1‘2.</strong></span> 
     </span>
    </p>
   </div>
   <div class='ocr_carea' id='block_1_97' title="bbox 474 5359 1983 5438">
    <p class='ocr_par' dir='ltr' id='par_1_97' title="bbox 474 5359 1983 5438">
     <span class='ocr_line' id='line_1_97' title="bbox 474 5359 1983 5438; baseline -0.007 -18"><span class='ocrx_word' id='word_1_695' title='bbox 474 5369 586 5438; x_wconf 84' lang='lat'><strong>(77)</strong></span> <span class='ocrx_word' id='word_1_696' title='bbox 622 5369 846 5436; x_wconf 81' lang='grc' dir='ltr'>’Ὠσπερ</span> <span class='ocrx_word' id='word_1_697' title='bbox 888 5367 952 5421; x_wconf 79' lang='grc' dir='ltr'><strong>τὸ</strong></span> <span class='ocrx_word' id='word_1_698' title='bbox 1007 5366 1262 5432; x_wconf 76' lang='grc' dir='ltr'>πνεῦμα,</span> <span class='ocrx_word' id='word_1_699' title='bbox 1321 5371 1425 5416; x_wconf 86' lang='lat' dir='ltr'><strong>etc.</strong></span> <span class='ocrx_word' id='word_1_700' title='bbox 1493 5362 1722 5414; x_wconf 66' lang='lat' dir='ltr'><strong>Scliedw</strong></span> <span class='ocrx_word' id='word_1_701' title='bbox 1773 5359 1983 5423; x_wconf 79' lang='lat' dir='ltr'><strong>Grabii,</strong></span> 
     </span>
    </p>
   </div>
   <div class='ocr_carea' id='block_1_98' title="bbox 402 5440 1985 5578">
    <p class='ocr_par' dir='ltr' id='par_1_98' title="bbox 402 5440 1985 5578">
     <span class='ocr_line' id='line_1_98' title="bbox 402 5440 1985 5578; baseline -0.005 -17"><span class='ocrx_word' id='word_1_702' title='bbox 402 5440 703 5578; x_wconf 45' lang='grc' dir='ltr'><strong>Βαίᾘέῗῖξ</strong></span> <span class='ocrx_word' id='word_1_703' title='bbox 725 5505 838 5564; x_wconf 78' lang='grc' dir='ltr'>οὖν</span> <span class='ocrx_word' id='word_1_704' title='bbox 866 5507 1127 5578; x_wconf 69' lang='grc' dir='ltr'><strong>λέγοντι,</strong></span> <span class='ocrx_word' id='word_1_705' title='bbox 1155 5513 1261 5557; x_wconf 89' lang='lat' dir='ltr'><strong>etc.</strong></span> <span class='ocrx_word' id='word_1_706' title='bbox 1293 5502 1507 5558; x_wconf 70' lang='lat' dir='ltr'><strong>Emdem</strong></span> <span class='ocrx_word' id='word_1_707' title='bbox 1532 5500 1834 5564; x_wconf 77' lang='lat' dir='ltr'><strong>schedae,et</strong></span> <span class='ocrx_word' id='word_1_708' title='bbox 1857 5499 1985 5554; x_wconf 87' lang='lat' dir='ltr'><strong>Bar-</strong></span> 
     </span>
    </p>
   </div>
   <div class='ocr_carea' id='block_1_99' title="bbox 403 5580 1984 5716">
    <p class='ocr_par' dir='ltr' id='par_1_99' title="bbox 403 5580 1984 5716">
     <span class='ocr_line' id='line_1_99' title="bbox 403 5580 1984 5716; baseline -0.003 -17"><span class='ocrx_word' id='word_1_709' title='bbox 403 5580 584 5716; x_wconf 56' lang='grc' dir='ltr'><strong>Μδιδ)</strong></span> <span class='ocrx_word' id='word_1_710' title='bbox 607 5649 1006 5716; x_wconf 76' lang='grc' dir='ltr'>Ἀποκρίνεται</span> <span class='ocrx_word' id='word_1_711' title='bbox 1032 5646 1109 5699; x_wconf 79' lang='grc' dir='ltr'><em>ἄν</em></span> <span class='ocrx_word' id='word_1_712' title='bbox 1141 5661 1251 5709; x_wconf 86' lang='grc' dir='ltr'>τις,</span> <span class='ocrx_word' id='word_1_713' title='bbox 1271 5651 1378 5696; x_wconf 86' lang='lat' dir='ltr'><strong>etc.</strong></span> <span class='ocrx_word' id='word_1_714' title='bbox 1408 5641 1635 5696; x_wconf 69' lang='lat' dir='ltr'><strong>Schedze</strong></span> <span class='ocrx_word' id='word_1_715' title='bbox 1675 5641 1860 5696; x_wconf 83' lang='lat' dir='ltr'><strong>Grabii</strong></span> <span class='ocrx_word' id='word_1_716' title='bbox 1886 5680 1902 5705; x_wconf 89' lang='lat'><strong>,</strong></span> <span class='ocrx_word' id='word_1_717' title='bbox 1932 5650 1984 5695; x_wconf 86' lang='lat' dir='ltr'><strong>ct</strong></span> 
     </span>
    </p>
   </div>
   <div class='ocr_carea' id='block_1_100' title="bbox 407 5717 1979 5848">
    <p class='ocr_par' dir='ltr' id='par_1_100' title="bbox 407 5717 1979 5848">
     <span class='ocr_line' id='line_1_100' title="bbox 407 5717 1979 5848; baseline -0.006 -6"><span class='ocrx_word' id='word_1_718' title='bbox 407 5717 914 5848; x_wconf 46' lang='lat' dir='ltr'><strong>Bdt&#39;t&#39;sbti‘lnlllsolldmc</strong></span> <span class='ocrx_word' id='word_1_719' title='bbox 935 5781 1377 5848; x_wconf 70' lang='grc' dir='ltr'>ἀμαρτάνογτές</span> <span class='ocrx_word' id='word_1_720' title='bbox 1408 5799 1564 5848; x_wconf 77' lang='grc' dir='ltr'>τινες</span> <span class='ocrx_word' id='word_1_721' title='bbox 1581 5824 1597 5847; x_wconf 89' lang='grc'><strong>,</strong></span> <span class='ocrx_word' id='word_1_722' title='bbox 1623 5793 1730 5838; x_wconf 88' lang='lat' dir='ltr'><strong>etc.</strong></span> <span class='ocrx_word' id='word_1_723' title='bbox 1767 5780 1979 5836; x_wconf 65' lang='lat' dir='ltr'><strong>Emdcn&#39;i</strong></span> 
     </span>
    </p>
   </div>
   <div class='ocr_carea' id='block_1_101' title="bbox 1893 5202 2405 5268">
    <p class='ocr_par' dir='ltr' id='par_1_101' title="bbox 1893 5202 2405 5268">
     <span class='ocr_line' id='line_1_101' title="bbox 1893 5202 2405 5268; baseline -0.014 -8"><span class='ocrx_word' id='word_1_724' title='bbox 1893 5208 1914 5238; x_wconf 84' lang='grc'><strong>⁸</strong></span> <span class='ocrx_word' id='word_1_725' title='bbox 1948 5205 2092 5260; x_wconf 80' lang='lat' dir='ltr'><strong>Psal.</strong></span> <span class='ocrx_word' id='word_1_726' title='bbox 2119 5220 2288 5268; x_wconf 76' lang='lat' dir='ltr'><strong>Lxxu,</strong></span> <span class='ocrx_word' id='word_1_727' title='bbox 2317 5202 2405 5254; x_wconf 73' lang='lat'><strong>27.</strong></span> 
     </span>
    </p>
   </div>
   <div class='ocr_carea' id='block_1_102' title="bbox 2091 4726 3674 4805">
    <p class='ocr_par' dir='ltr' id='par_1_102' title="bbox 2091 4726 3674 4805">
     <span class='ocr_line' id='line_1_102' title="bbox 2091 4726 3674 4805; baseline -0.005 -18"><span class='ocrx_word' id='word_1_728' title='bbox 2091 4735 2250 4787; x_wconf 78' lang='grc' dir='ltr'>παντὶ</span> <span class='ocrx_word' id='word_1_729' title='bbox 2281 4732 2460 4805; x_wconf 83' lang='grc' dir='ltr'>καιρῴ</span> <span class='ocrx_word' id='word_1_730' title='bbox 2483 4750 2494 4762; x_wconf 70' lang='grc' dir='ltr'><strong>ι</strong></span> <span class='ocrx_word' id='word_1_731' title='bbox 2529 4735 2556 4785; x_wconf 86' lang='grc' dir='ltr'>ὁ</span> <span class='ocrx_word' id='word_1_732' title='bbox 2583 4731 2639 4784; x_wconf 78' lang='grc' dir='ltr'><strong>δὲ</strong></span> <span class='ocrx_word' id='word_1_733' title='bbox 2672 4729 2992 4802; x_wconf 76' lang='grc' dir='ltr'>ἁμαρτωλὸς</span> <span class='ocrx_word' id='word_1_734' title='bbox 3022 4727 3238 4798; x_wconf 80' lang='grc' dir='ltr'>βεϐηλοῖ</span> <span class='ocrx_word' id='word_1_735' title='bbox 3267 4727 3366 4790; x_wconf 81' lang='grc' dir='ltr'>τὰς</span> <span class='ocrx_word' id='word_1_736' title='bbox 3389 4726 3540 4789; x_wconf 81' lang='grc' dir='ltr'>ὁδοὺς</span> <span class='ocrx_word' id='word_1_737' title='bbox 3571 4727 3674 4779; x_wconf 77' lang='grc' dir='ltr'>αὑ-</span> 
     </span>
    </p>
   </div>
   <div class='ocr_carea' id='block_1_103' title="bbox 2090 4815 3669 4895">
    <p class='ocr_par' dir='ltr' id='par_1_103' title="bbox 2090 4815 3669 4895">
     <span class='ocr_line' id='line_1_103' title="bbox 2090 4815 3669 4895; baseline -0.005 -17"><span class='ocrx_word' id='word_1_738' title='bbox 2090 4824 2181 4878; x_wconf 87' lang='grc' dir='ltr'><strong>τοῦ</strong></span> <span class='ocrx_word' id='word_1_739' title='bbox 2219 4826 2276 4878; x_wconf 82' lang='grc' dir='ltr'>ὲν</span> <span class='ocrx_word' id='word_1_740' title='bbox 2299 4826 2460 4877; x_wconf 68' lang='grc' dir='ltr'>’παντὶ</span> <span class='ocrx_word' id='word_1_741' title='bbox 2489 4821 2684 4895; x_wconf 80' lang='grc' dir='ltr'>καιρῷ.</span> <span class='ocrx_word' id='word_1_742' title='bbox 2725 4842 2740 4872; x_wconf 81' lang='grc' dir='ltr'><strong>ι</strong></span> <span class='ocrx_word' id='word_1_743' title='bbox 2771 4819 3130 4892; x_wconf 77' lang='grc' dir='ltr'>Βεϐηλοῦνται</span> <span class='ocrx_word' id='word_1_744' title='bbox 3158 4818 3234 4884; x_wconf 81' lang='grc' dir='ltr'><strong>δὲ,</strong></span> <span class='ocrx_word' id='word_1_745' title='bbox 3265 4839 3285 4872; x_wconf 72' lang='grc' dir='ltr'><strong>ι</strong></span> <span class='ocrx_word' id='word_1_746' title='bbox 3312 4819 3434 4873; x_wconf 79' lang='grc' dir='ltr'><strong>ἀντὶ</strong></span> <span class='ocrx_word' id='word_1_747' title='bbox 3463 4815 3669 4888; x_wconf 80' lang='grc' dir='ltr'>τοῦ,Τῇ</span> 
     </span>
    </p>
   </div>
   <div class='ocr_carea' id='block_1_104' title="bbox 2091 4917 2618 4988">
    <p class='ocr_par' dir='ltr' id='par_1_104' title="bbox 2091 4917 2618 4988">
     <span class='ocr_line' id='line_1_104' title="bbox 2091 4917 2618 4988; baseline -0.004 -17"><span class='ocrx_word' id='word_1_748' title='bbox 2091 4917 2259 4988; x_wconf 74' lang='grc' dir='ltr'>κακίᾳ</span> <span class='ocrx_word' id='word_1_749' title='bbox 2294 4917 2618 4987; x_wconf 73' lang='grc' dir='ltr'>βυθίζονται.</span> 
     </span>
    </p>
   </div>
   <div class='ocr_carea' id='block_1_105' title="bbox 2163 5005 3668 5079">
    <p class='ocr_par' dir='ltr' id='par_1_105' title="bbox 2163 5005 3668 5079">
     <span class='ocr_line' id='line_1_105' title="bbox 2163 5005 3668 5079; baseline -0.005 -13"><span class='ocrx_word' id='word_1_750' title='bbox 2163 5013 2412 5066; x_wconf 76' lang='grc' dir='ltr'><strong>Πάντων</strong></span> <span class='ocrx_word' id='word_1_751' title='bbox 2431 5010 2552 5065; x_wconf 76' lang='grc' dir='ltr'><strong>τῶν</strong></span> <span class='ocrx_word' id='word_1_752' title='bbox 2566 5009 2792 5079; x_wconf 75' lang='grc' dir='ltr'><strong>ἐχθρῶν</strong></span> <span class='ocrx_word' id='word_1_753' title='bbox 2810 5007 2996 5062; x_wconf 77' lang='grc' dir='ltr'>αὑτοῦ</span> <span class='ocrx_word' id='word_1_754' title='bbox 3010 5006 3459 5073; x_wconf 77' lang='grc' dir='ltr'>κατακυριεύσει</span> <span class='ocrx_word' id='word_1_755' title='bbox 3470 5022 3600 5068; x_wconf 87' lang='grc' dir='ltr'>,κ.τ.</span> <span class='ocrx_word' id='word_1_756' title='bbox 3621 5005 3668 5059; x_wconf 81' lang='grc' dir='ltr'><strong>ἑ.</strong></span> 
     </span>
    </p>
   </div>
   <div class='ocr_carea' id='block_1_106' title="bbox 2095 5093 3668 5174">
    <p class='ocr_par' dir='ltr' id='par_1_106' title="bbox 2095 5093 3668 5174">
     <span class='ocr_line' id='line_1_106' title="bbox 2095 5093 3668 5174; baseline -0.005 -20"><span class='ocrx_word' id='word_1_757' title='bbox 2095 5102 2216 5156; x_wconf 89' lang='grc' dir='ltr'>Τῶν</span> <span class='ocrx_word' id='word_1_758' title='bbox 2249 5101 2568 5174; x_wconf 85' lang='grc' dir='ltr'>πειρασμῶν</span> <span class='ocrx_word' id='word_1_759' title='bbox 2599 5098 2710 5170; x_wconf 79' lang='grc'>(85)</span> <span class='ocrx_word' id='word_1_760' title='bbox 2740 5099 2789 5150; x_wconf 90' lang='grc' dir='ltr'>οἱ</span> <span class='ocrx_word' id='word_1_761' title='bbox 2836 5098 2932 5168; x_wconf 80' lang='grc' dir='ltr'><strong>μὲν</strong></span> <span class='ocrx_word' id='word_1_762' title='bbox 2959 5097 3038 5166; x_wconf 82' lang='grc' dir='ltr'>τῷ</span> <span class='ocrx_word' id='word_1_763' title='bbox 3078 5094 3288 5165; x_wconf 83' lang='grc' dir='ltr'>σώματι</span> <span class='ocrx_word' id='word_1_764' title='bbox 3319 5093 3668 5160; x_wconf 83' lang='grc' dir='ltr'>προάγονται,</span> 
     </span>
    </p>
   </div>
   <div class='ocr_carea' id='block_1_107' title="bbox 2483 5191 3663 5263">
    <p class='ocr_par' dir='ltr' id='par_1_107' title="bbox 2483 5191 3663 5263">
     <span class='ocr_line' id='line_1_107' title="bbox 2483 5191 3663 5263; baseline -0.005 -10"><span class='ocrx_word' id='word_1_765' title='bbox 2483 5199 2504 5230; x_wconf 82' lang='grc'><strong>⁹</strong></span> <span class='ocrx_word' id='word_1_766' title='bbox 2532 5197 2731 5252; x_wconf 86' lang='lat' dir='ltr'><strong>Jerem.</strong></span> <span class='ocrx_word' id='word_1_767' title='bbox 2752 5210 2911 5263; x_wconf 73' lang='lat' dir='ltr'><strong>XXIII,</strong></span> <span class='ocrx_word' id='word_1_768' title='bbox 2947 5194 3037 5248; x_wconf 73' lang='grc'><strong>25.</strong></span> <span class='ocrx_word' id='word_1_769' title='bbox 3145 5193 3188 5223; x_wconf 84' lang='grc'><strong>¹⁰</strong></span> <span class='ocrx_word' id='word_1_770' title='bbox 3217 5191 3260 5245; x_wconf 92' lang='lat' dir='ltr'><strong>Il</strong></span> <span class='ocrx_word' id='word_1_771' title='bbox 3292 5191 3433 5246; x_wconf 87' lang='lat' dir='ltr'><strong>Tim.</strong></span> <span class='ocrx_word' id='word_1_772' title='bbox 3463 5207 3545 5258; x_wconf 85' lang='grc' dir='ltr'>ιιι,</span> <span class='ocrx_word' id='word_1_773' title='bbox 3578 5193 3663 5247; x_wconf 78' lang='grc'><strong>15.</strong></span> 
     </span>
    </p>
   </div>
   <div class='ocr_carea' id='block_1_108' title="bbox 2087 5354 2734 5421">
    <p class='ocr_par' dir='ltr' id='par_1_108' title="bbox 2087 5354 2734 5421">
     <span class='ocr_line' id='line_1_108' title="bbox 2087 5354 2734 5421; baseline -0.002 -9"><span class='ocrx_word' id='word_1_774' title='bbox 2087 5357 2324 5421; x_wconf 81' lang='lat' dir='ltr'><strong>schedae,</strong></span> <span class='ocrx_word' id='word_1_775' title='bbox 2351 5365 2404 5408; x_wconf 89' lang='lat' dir='ltr'><strong>et</strong></span> <span class='ocrx_word' id='word_1_776' title='bbox 2440 5354 2734 5410; x_wconf 83' lang='lat' dir='ltr'><strong>Barbarus.</strong></span> 
     </span>
    </p>
   </div>
   <div class='ocr_carea' id='block_1_109' title="bbox 2161 5424 3666 5499">
    <p class='ocr_par' dir='ltr' id='par_1_109' title="bbox 2161 5424 3666 5499">
     <span class='ocr_line' id='line_1_109' title="bbox 2161 5424 3666 5499; baseline -0.002 -18"><span class='ocrx_word' id='word_1_777' title='bbox 2161 5427 2272 5499; x_wconf 88' lang='lat'><strong>(8|)</strong></span> <span class='ocrx_word' id='word_1_778' title='bbox 2309 5428 2403 5492; x_wconf 83' lang='grc' dir='ltr'>Τις</span> <span class='ocrx_word' id='word_1_779' title='bbox 2420 5442 2438 5490; x_wconf 88' lang='grc'><strong><em>;</em></strong></span> <span class='ocrx_word' id='word_1_780' title='bbox 2462 5429 2712 5494; x_wconf 82' lang='grc' dir='ltr'>πότερον</span> <span class='ocrx_word' id='word_1_781' title='bbox 2741 5430 2772 5481; x_wconf 85' lang='grc' dir='ltr'><em>ὁ</em></span> <span class='ocrx_word' id='word_1_782' title='bbox 2801 5428 3036 5494; x_wconf 85' lang='grc' dir='ltr'>Κύριος,</span> <span class='ocrx_word' id='word_1_783' title='bbox 3059 5436 3168 5480; x_wconf 88' lang='lat' dir='ltr'><strong>etc.</strong></span> <span class='ocrx_word' id='word_1_784' title='bbox 3195 5424 3406 5480; x_wconf 71' lang='lat' dir='ltr'><strong>Eaedem</strong></span> <span class='ocrx_word' id='word_1_785' title='bbox 3433 5425 3666 5486; x_wconf 72' lang='lat' dir='ltr'><strong>scbedae.</strong></span> 
     </span>
    </p>
   </div>
   <div class='ocr_carea' id='block_1_110' title="bbox 2088 5501 3674 5639">
    <p class='ocr_par' dir='ltr' id='par_1_110' title="bbox 2088 5501 3674 5639">
     <span class='ocr_line' id='line_1_110' title="bbox 2088 5501 2461 5555; baseline -0.005 0"><span class='ocrx_word' id='word_1_786' title='bbox 2088 5509 2141 5555; x_wconf 90' lang='lat' dir='ltr'><strong>et</strong></span> <span class='ocrx_word' id='word_1_787' title='bbox 2170 5501 2461 5554; x_wconf 83' lang='lat' dir='ltr'><strong>Barbarus.</strong></span> 
     </span>
     <span class='ocr_line' id='line_1_111' title="bbox 2163 5566 3674 5639; baseline -0.005 -12"><span class='ocrx_word' id='word_1_788' title='bbox 2163 5569 2278 5638; x_wconf 74' lang='lat'><strong>(82)</strong></span> <span class='ocrx_word' id='word_1_789' title='bbox 2319 5571 2370 5621; x_wconf 90' lang='lat'><strong>&#39;0</strong></span> <span class='ocrx_word' id='word_1_790' title='bbox 2397 5568 2515 5639; x_wconf 78' lang='grc' dir='ltr'><strong>μὲν</strong></span> <span class='ocrx_word' id='word_1_791' title='bbox 2546 5568 2795 5635; x_wconf 76' lang='grc' dir='ltr'>δίκαιος,</span> <span class='ocrx_word' id='word_1_792' title='bbox 2823 5578 2930 5624; x_wconf 88' lang='lat' dir='ltr'><strong>etc.</strong></span> <span class='ocrx_word' id='word_1_793' title='bbox 2962 5568 3174 5622; x_wconf 62' lang='lat' dir='ltr'><strong>Eaedem</strong></span> <span class='ocrx_word' id='word_1_794' title='bbox 3201 5567 3434 5632; x_wconf 69' lang='lat' dir='ltr'><strong>scbcdm,</strong></span> <span class='ocrx_word' id='word_1_795' title='bbox 3461 5576 3510 5619; x_wconf 90' lang='lat' dir='ltr'><strong>et</strong></span> <span class='ocrx_word' id='word_1_796' title='bbox 3547 5566 3674 5621; x_wconf 78' lang='lat' dir='ltr'><strong>Bar-</strong></span> 
     </span>
    </p>
   </div>
   <div class='ocr_carea' id='block_1_111' title="bbox 2088 5640 3682 5834">
    <p class='ocr_par' dir='ltr' id='par_1_111' title="bbox 2088 5640 3682 5834">
     <span class='ocr_line' id='line_1_112' title="bbox 2088 5640 3682 5834; baseline -0.008 -67"><span class='ocrx_word' id='word_1_797' title='bbox 2309 5710 2428 5765; x_wconf 74' lang='grc' dir='ltr'><strong>Τῶν</strong></span> <span class='ocrx_word' id='word_1_798' title='bbox 2445 5707 2816 5779; x_wconf 68' lang='grc' dir='ltr'>πειρασμῶν,</span> <span class='ocrx_word' id='word_1_799' title='bbox 2845 5719 2950 5764; x_wconf 86' lang='lat' dir='ltr'><strong>etc.</strong></span> <span class='ocrx_word' id='word_1_800' title='bbox 2979 5707 3190 5765; x_wconf 71' lang='lat' dir='ltr'><strong>Eaedem</strong></span> <span class='ocrx_word' id='word_1_801' title='bbox 3221 5707 3453 5768; x_wconf 64' lang='lat' dir='ltr'><strong>schedia,</strong></span> <span class='ocrx_word' id='word_1_802' title='bbox 3481 5715 3536 5760; x_wconf 86' lang='lat' dir='ltr'><strong>et</strong></span> <span class='ocrx_word' id='word_1_803' title='bbox 3555 5703 3682 5757; x_wconf 81' lang='lat' dir='ltr'><strong>Bar-</strong></span> 
     </span>
     <span class='ocr_line' id='line_1_113' title="bbox 2103 5797 2274 5834; baseline 0.006 -1"><span class='ocrx_word' id='word_1_804' title='bbox 2103 5797 2274 5834; x_wconf 68' lang='lat' dir='ltr'><strong>iarus.</strong></span> 
     </span>
    </p>
   </div>
   <div class='ocr_carea' id='block_1_112' title="bbox 2103 5797 2274 5836">
    <p class='ocr_par' dir='ltr' id='par_1_112' title="bbox 2103 5797 2274 5836">
     <span class='ocr_line' id='line_1_114' title="bbox 2103 5797 2274 5836; baseline -0.012 0"><span class='ocrx_word' id='word_1_805' title='bbox 2103 5799 2153 5836; x_wconf 76' lang='grc' dir='ltr'><strong>);ι</strong></span> <span class='ocrx_word' id='word_1_806' title='bbox 2166 5797 2274 5836; x_wconf 80' lang='lat' dir='ltr'><strong>rus.</strong></span> 
     </span>
    </p>
   </div>
  </div>
