4100 6444
459 359 596 412 1195

1460 355 1768 410 ΞΕΗΞΕΤᾹ
1808 352 1871 406 ΙΝ
1913 350 2246 408 PSALMOS.
2291 386 2358 394 ——
2397 354 2591 409 PSAL.
2656 353 2716 409 Χ.

3580 351 3716 409 ΗΜ

452 477 502 529 0i
528 475 586 528 δὲ
620 474 784 546 ψυχῇ,
819 477 866 528 οἱ
897 477 952 529 δὲ
981 479 1090 537 τοῖς
1123 476 1278 538 ἐκτός
1307 493 1316 504 ·
1355 478 1446 528 καὶ
1472 478 1519 528 οἱ
1547 477 1643 547 μέν
1675 478 1777 528 εἰσι
1816 473 2028 545 πληγῶι

2143 475 2385 530 externis
2423 476 2754 542 inferuntur,
2797 484 2849 529 ct
2898 473 3014 532 alim
3051 474 3103 527 in
3150 487 3311 529 causa
3348 481 3483 528 sunt
3527 473 3716 546 plaga-

452 566 547 618 καὶ
575 564 954 635 στρεϐλώσεων
975 565 1069 618 καὶ
1089 564 1342 635 διωγμῶν
1367 566 1459 617 καὶ
1488 565 1742 634 φυλακῶν
1761 563 1923 618 αἴτιοι
1943 582 1956 594 ⁸
1985 566 2034 617 οἱ

452 656 508 709 δέ
549 659 682 710 εἰσιν
707 657 1007 729 ἀκάθαρτοι
1034 659 1284 727 λογισμοὶ
1313 658 1609 726 γεννῶντες
1635 659 1906 728 ἁμαρτίαν
1943 659 2035 711 καέι

451 748 694 818 δόγματα
725 749 894 819 ψευδῆ
918 767 930 778 ·
957 752 1006 804 οἱ
1037 750 1094 801 δὲ
1127 750 1329 820 ζημίας
1351 749 1531 820 ἔχουσι
1562 750 1880 822 χρημάτων,
1909 750 2036 802 ἁπο-

452 840 610 903 6ολὰς
653 842 890 904 τέκνων,
926 842 1020 896 καὶ
1060 842 1335 911 γυναικῶν
1366 844 1717 914 ἀφαιρέσεις⁸
1751 843 1847 895 καὶ
1879 841 2034 914 δῆλον

451 936 515 988 ὲκ
543 931 745 988 τούτων
765 975 779 999 ,
803 933 891 986 ὅτι
919 935 1204 1005 ἐκυρίευσε
1234 935 1433 997 παντὸς
1465 935 1673 988 δικαίου
1709 937 1736 988 6
1768 937 2029 998 Σατανᾶς.

451 1026 512 1078 Ei
553 1026 662 1095 γὰρ
707 1026 928 1078 πάντων
966 1026 1073 1078 τῶν
1115 1025 1324 1098 ἐχθρῶν
1353 1027 1518 1079 αὑτοῦ
1560 1028 1974 1100 κατακυριεύσει
2006 1032 2033 1084 6

448 1115 712 1182 Σατανᾶς,
752 1117 845 1169 καὶ
872 1117 1069 1170 δίκαιοι
1099 1119 1298 1180 πάντες
1328 1118 1491 1171 αὑτοῦ
1517 1119 1698 1190 ἐχθροί
1730 1123 1855 1182 εἰσι,
1895 1121 2031 1172 πάν-

445 1226 552 1261 των
586 1209 693 1280 ἄρα
739 1209 1178 1280 κατακυριεύσει.
1213 1210 1287 1262 Οὐ
1341 1209 1438 1279 μὲν
1489 1211 1652 1264 παντὶ
1691 1211 1746 1264 δὲ
1792 1210 2032 1281 δηλονότι

448 1299 734 1370 πράγματι
763 1301 1062 1372 κυριεύσει,
1091 1301 1204 1353 ἀλλ’
1239 1301 1296 1353 ἐν
1324 1318 1429 1353 τινι
1456 1319 1467 1330 ·
1509 1301 1666 1371 μόνος
1690 1302 1798 1373 γὰρ
1841 1303 1868 1354 6
1900 1301 2034 1373 Χρι-

447 1393 568 1454 στὸς
596 1393 868 1463 ἁμαρτίαν
898 1395 998 1446 οὐκ
1028 1395 1308 1464 εποίησεν,
1331 1395 1440 1446 οὐδ’
1473 1393 1671 1466 εὑρέθη
1699 1395 1848 1457 δόλος
1873 1397 1929 1447 ὲν
1954 1393 2032 1464 τῷ

447 1483 674 1552 στόματι
722 1484 906 1536 αὑτοῦ.
939 1486 1009 1537 Ἦ
1054 1486 1192 1555 τάχα
1241 1487 1299 1538 τὸ
1333 1485 1576 1556 βούλημα
1621 1487 1786 1540 αὐτοῦ
1820 1486 2031 1556 τίθησιν

446 1573 614 1644 ήθεία
638 1575 847 1646 Γραφὴ,
877 1576 1013 1647 ὅπερ
1045 1578 1162 1630 ἐστὶ
1193 1580 1272 1640 εὶς
1296 1578 1467 1648 πέρας
1492 1579 1718 1646 ἀγαγεῖν
1745 1577 1806 1630 16
1825 1578 1923 1630 οὐκ
1955 1579 2034 1630 ὲν-

445 1664 749 1736 δεχόμενον·
783 1667 921 1735 εἴγε
949 1687 976 1719 «ι
1012 1668 1380 1736 διελογίσαντο
1408 1670 1597 1738 βουλὰς
1638 1665 1724 1733 αἷς
1752 1672 1812 1723 οὐ
1847 1670 1922 1740 μὴ
1948 1669 2032 1722 δύ-

443 1772 638 1810 νωνται
679 1760 883 1829 στῆναι.
919 1779 936 1810 ›
977 1760 1088 1813 Καὶ
1127 1759 1234 1830 γὰρ
1278 1761 1334 1813 ἐν
1369 1760 1444 1831 τῷ
1496 1762 1614 1814 Ἰὼϐ
1639 1762 1968 1832 ψευδόμενος
2000 1764 2030 1814 6

440 1847 682 1912 διάϐολός
718 1826 849 1920 φησι
871 1868 882 1880 ⁸
919 1870 936 1903 ι
967 1826 1274 1923 Περιελθίῦν
1326 1826 1427 1925 τὴν.
1455 1855 1556 1925 γῆν
1599 1826 1689 1908 καὶ
1716 1826 2029 1928 ἐμπεριπα-
2056 1826 2101 1880 ’Β
2133 1841 2387 1908 deceptor
2427 1842 2674 1895 (Ῐίίηνοίιιε
2707 1843 2780 1895 ait
2810 1842 2852 1872 ¹³
2883 1859 2894 1894 ε

444 1943 612 2011 τησας
640 1941 739 2010 τὴν
771 1943 859 1995 ὑπ’
889 1943 1134 2014 οὐρανὸν,
1165 1947 1416 2017 πάρειμι,
1451 1968 1468 2000 ι
1507 1949 1686 2000 καίτοι
1717 1949 1883 2019 μηδὲν
1911 1950 2028 2002 πεί-

445 2050 544 2097 σας
571 2034 649 2104 τῷ
687 2033 804 2087 Ἰὼϐ
839 2034 1036 2088 ἄτοπον
1072 2037 1431 2107 πεπραχέναι.

522 2127 631 2180 Τοῦ
669 2127 876 2180 αὐτοῦ.
913 2128 975 2179 Εἰ
1016 2129 1065 2179 oi
1111 2129 1511 2199 προκόπτοντες
1545 2129 1655 2200 (84)
1691 2131 1830 2184 κατὰ
1867 2130 2029 2201 μείω-

445 2232 529 2268 σιν
566 2217 762 2278 κακίας
791 2215 1195 2287 προκόπτουσι,
1230 2218 1426 2272 δίκαιοι
1457 2217 1705 2285 λέγονται
1739 2220 1788 2271 οἱ
1821 2219 2029 2275 τελείαν

446 2290 555 2374 ἕξιν
574 2309 672 2378 τῆς
697 2309 1038 2380 δικαιοσύνης
1066 2311 1416 2382 κτησάμενοι,
1437 2311 1528 2364 καὶ
1555 2313 1602 2364 οἱ
1625 2310 2029 2381 ἀνεμποδίστως

442 2397 860 2468 προκόπτοντες.
896 2417 914 2449 ι
936 2399 1158 2464 Δίκαιος
1197 2400 1325 2471 γὰρ,
1354 2403 1538 2472 φησὶν,
1574 2401 1761 2455 ἑαυτοῦ
1793 2404 2027 2473 κατήγο-

443 2504 534 2560 ρος
562 2491 619 2542 ὲν
641 2491 1000 2563 πρωτολογία.
1033 2511 1053 2545 ι
1082 2493 1190 2545 Καὶ
1223 2495 1271 2544 εἰ
1303 2491 1530 2557 δίκαιος,
1549 2493 1666 2556 πῶς
1686 2496 2024 2566 κατήγορος;

435 2581 553 2633 Καὶ
593 2583 642 2633 εί
666 2583 992 2654 κατήγορος,
1031 2585 1248 2647 πάντως
1276 2585 1337 2636 οὐ
1372 2583 1578 2647 δίκαιος
1604 2585 1825 2649 τέλειος.
1863 2606 1881 2637 ι
1916 2588 2028 2640 Καὶ

441 2670 672 2740 γνώριζε
691 2673 904 2744 δικαίῳ,
930 2675 1023 2728 καὶ
1049 2674 1349 2747 προσθήσει
1370 2673 1463 2728 τοῦ
1485 2675 1756 2744 δέχεσθαι.
1785 2695 1804 2729 ι
1832 2677 2026 2744 Καλῶς

435 2760 532 2819 οὖν
570 2765 783 2833 λέγεται
827 2769 854 2819 6
895 2767 1141 2830 διάϐολος
1192 2767 1410 2821 πάντων
1459 2766 1570 2818 τῶν
1608 2767 1819 2838 ἐχθρῶν
1860 2771 2026 2826 αὐτοῦ

432 2857 858 2928 κατακυριεύειν
883 2901 896 2922 ,
933 2859 994 2910 οὐ
1023 2857 1131 2910 τῶν
1174 2856 1393 2910 τελείων
1421 2857 1698 2927 δηλονότι,
1741 2859 1874 2912 ἀλλὰ
1915 2859 2025 2917 τῶν

442 2949 778 3002 σπευδόντων
812 2951 905 3002 ἐπὶ
939 2949 1035 3019 τὴν
1070 2948 1405 3020 τελειότητα.
1443 2951 1504 3001 El
1528 2949 1636 3020 γὰρ
1668 2951 1741 3020 μὴ
1770 2946 1838 3021 ἦν
1873 2954 2027 3022 μῖσος

439 3041 575 3110 πρὸς
602 3040 691 3094 τὸν
711 3041 953 3093 Σατανᾶν
983 3041 1080 3092 καὶ
1104 3039 1292 3103 ἀτελὲς
1317 3041 1412 3093 καὶ
1440 3039 1664 3102 τέλειον,
1689 3042 1790 3094 οὐκ
1817 3042 1882 3097 ἂν
1912 3043 2028 3096 ἕλε-

439 3146 535 3196 γεν
565 3131 592 3182 6
615 3128 776 3181 Δαυῖδ
797 3146 809 3158 ο
845 3145 862 3177 ι
897 3129 939 3179 Τ
943 3127 1112 3178 ἐλειον
1143 3129 1298 3196 μῖσος
1321 3125 1542 3196 ἐμίσουν
1573 3126 1770 3190 αὐτούς
1791 3145 1802 3156 ·
1829 3130 1908 3192 είς
1934 3130 2025 3199 ἐχ-
2042 3172 2093 3232 C

440 3219 603 3289 Οροὺς
636 3217 884 3287 ἐγένοντό
920 3233 1026 3286 μοι.
1069 3235 1086 3265 ρ

514 3389 596 3448 Οὗ
623 3390 771 3460 ἀρᾶς
802 3389 866 3443 τὸ
891 3392 1084 3457 στόμα
1109 3388 1294 3442 αὑτοῦ
1323 3387 1501 3458 τέμει,
1531 3388 1626 3442 καὶ
1654 3389 1890 3455 πικρίας
1922 3390 2022 3443 καὶ

436 3485 657 3549 δόλου,
693 3501 746 3536 κ.
794 3500 844 3535 τ.
878 3483 922 3535 ἑ.
969 3480 1075 3533 Τοῦ
1119 3479 1352 3552 πονηροῦ
1397 3480 1456 3533 16
1506 3481 1677 3550 στόμα
1719 3479 1831 3550 (85)
1870 3481 2020 3534 οὐδὲν

439 3577 739 3648 προσφέρει
770 3573 1089 3644 εὔχρηστον,
1127 3571 1240 3624 ἀλλ’
1269 3572 1370 3624 ὅσα
1404 3572 1562 3625 πόνον
1598 3573 1688 3625 καὶ
1729 3571 1897 3625 κόπον
1924 3575 2022 3643 sp.-

439 3673 584 3724 ποιεῖ
614 3672 724 3734 τοῖς
761 3668 1090 3740 δεχομένοις,
1120 3670 1230 3721 Καὶ
1276 3669 1346 3722 τὰ
1395 3667 1502 3720 τῶν
1533 3667 1734 3738 ἐτέρων
1777 3666 2021 3736 στόματα

437 3762 598 3832 γέμει
625 3763 761 3831 ἀρᾶς
789 3760 898 3814 τῶν
929 3759 1368 3827 κακολογούντων
1393 3759 1482 3812 τὸν
1511 3758 1853 3830 Δημιουργὸν
1871 3799 1886 3823 ,
1915 3757 2022 3810 λοι-

436 3849 619 3920 δορίας
642 3849 746 3902 τῶν
769 3849 1042 3920 λοιδόρων,
1067 3847 1289 3917 πικρίας
1316 3847 1425 3900 τῶν
1447 3845 1714 3916 θυμικῶν,
1749 3845 1843 3896 καὶ
1871 3841 2020 3895 δόλου

438 3939 545 3993 τῶν
579 3940 789 3994 δολίων.

515 4117 623 4172 Τοῦ
663 4116 868 4172 αὐτοῦ.
929 4118 985 4171 '0
1016 4119 1115 4188 τῆς
1161 4119 1444 4188 ἁγιότητος
1473 4113 1722 4169 ἐκπεσὼν
1754 4112 1887 4184 (86),
1919 4112 2020 4181 τῆς

439 4209 696 4281 ἀληθείας
739 4209 832 4262 καὶ
867 4208 1114 4276 εὐλογίας
1159 4209 1346 4280 πόρρω
1380 4206 1570 4261 ἑαυτὸν
1600 4204 1922 4273 ἀπαγαγὼν,
1960 4203 2021 4254 16

441 4302 615 4371 στόμα
645 4301 1074 4372 πεπληρωμένον
1108 4303 1245 4371 ἀρᾶς
1275 4300 1410 4372 ἔχει,
1445 4299 1510 4351 δι’
1539 4292 1613 4352 ὧν
1642 4297 1788 4366 λέγει
1819 4294 2020 4366 πειρώ-

441 4409 602 4462 μενος
645 4394 749 4447 ὑπὸ
794 4393 1012 4446 κόλασιν
1049 4395 1140 4447 καὶ
1169 4391 1308 4465 ἀρὰν
1343 4394 1516 4444 ποιεῖν
1567 4390 1693 4454 τοὺς
1721 4387 2017 4459 ἀπατωμέ-

443 4500 580 4546 νους.
620 4486 772 4554 Ἔχει
806 4485 862 4538 δὲ
891 4484 1054 4538 αὐτοῦ
1092 4487 1120 4538 6
1146 4485 1301 4553 λόγος
1342 4483 1438 4534 σὺν
1477 4481 1554 4551 τῷ
1591 4479 1792 4552 δολερῷ
1819 4478 2017 4550 πολλὴν
2047 4515 2094 4568 'D

436 4574 742 4646 δεινότητα’
785 4576 864 4629 διὸ
891 4578 984 4629 σὺν
1020 4579 1085 4647 τῇ
1119 4576 1227 4647 ἀρᾷ
1261 4576 1353 4628 καὶ
1397 4572 1624 4645 πικρίας
1671 4572 1764 4626 καὶ
1803 4570 1954 4624 δόλου
1990 4571 2018 4622 6

438 4666 594 4736 λόγος
617 4667 779 4721 αὐτοῦ
810 4669 1183 4740 πεπλήρωται.

525 4759 873 4828 Ἐγκάθηται
895 4759 1107 4826 ἐνέδρα
1133 4757 1283 4827 μετὰ
1319 4755 1639 4811 πλουσίων
1667 4756 1736 4808 ὲν
1763 4755 2019 4822 ἀποκρύ-

439 4867 594 4917 φοις,
633 4867 686 4901 κ.
729 4867 780 4902 τ.
835 4851 881 4904 ὲ.
950 4851 1037 4903 Ἐν
1091 4851 1188 4921 μὲν
1234 4852 1345 4913 τοῖς
1391 4848 1572 4919 ἔχουσι
1625 4846 1734 4917 (87)
1789 4845 2019 4898 πλοῦτον

441 4940 713 5009 ἀγνωσίας
747 4942 841 4994 καὶ
872 4940 1082 5004 ἀδικίας
1109 4945 1137 4994 6
1176 4940 1418 5002 διάϐολος
1445 4935 1799 5008 ὲγκαθέζεται
1820 4954 1832 4967 ·
1875 4937 1932 4990 ἐν
1961 4936 2017 4989 δὲ

439 5033 550 5093 τοῖς
593 5028 952 5100 κεκτημένοις
982 5030 1181 5097 γνῶσιν
1217 5030 1311 5084 καὶ
1341 5028 1541 5100 ἀρετὴν
1573 5027 1628 5079 αἱ
1666 5025 1816 5094 ἅγιαι
1857 5025 2017 5078 δυνα-

443 5139 562 5192 μεις
589 5120 1047 5185 ὲπαναπαύονται,
1067 5113 1141 5174 ὧν
1172 5120 1416 5190 σύμϐολά
1443 5120 1558 5171 ἐστι
1583 5117 1651 5172 τὰ
1677 5115 1897 5169 πετεινὰ
1923 5116 2018 5168 τοῦ

439 5214 671 5286 οὐρανοῦ
713 5213 1156 5284 κατασκηνοῦντα
1196 5216 1251 5266 ὲν
1293 5216 1404 5276 τοῖς
1454 5213 1668 5276 κλάδοις
1712 5212 2014 5274 σινάπεως·

440 5306 468 5358 ὃ
498 5306 750 5378 σημαίνει
779 5306 874 5376 τὴν
905 5305 1311 5375 ἐνυπάρχουσαν
1341 5307 1468 5376 ἡμῖν
1503 5303 1643 5357 κατὰ
1666 5303 1893 5372 δύναμιν
1926 5302 2020 5369 βα-

444 5397 645 5451 σιλείαν
679 5398 940 5469 οὐρανῶν.

515 5497 557 5527 ¹¹
590 5494 731 5549 Psal.
774 5509 864 5557 xx,
908 5494 992 5546 1:2.
1069 5492 1112 5522 ¹³
1139 5490 1261 5546 Job.
1294 5506 1330 5556 I,
1363 5491 1415 5545 7.

517 5591 628 5658 (84)
654 5591 795 5644 Elei
819 5588 1282 5656 προκόπτοντες,
1311 5595 1416 5640 etc.
1451 5585 1672 5641 Eadem
1710 5583 1924 5638 schedae
1958 5587 2012 5636 et

445 5663 774 5803 Ῠὲῐὲὲῃᾶῗέῧ
801 5725 1066 5803 πονηροῦ
1093 5725 1159 5803 ξὸ
1179 5725 1506 5803 στόμωσις.
1542 5723 1752 5780 Eaedem
1777 5720 2012 5789 schedw,

445 5795 737 5864 Barbarus,
767 5798 1073 5869 partimque
1096 5795 1375 5850 Eusebius.

759 5891 1031 5951 ΡΑτιιοι..
1057 5887 1177 5948 Gn.
1210 5885 1354 5948 ΧΗ.

1497 5491 1540 5522 ιδ
1568 5490 1727 5545 Prov.
1763 5504 1916 5550 vaII,
1953 5488 2044 5541 17.

2144 583 2263 621 rum
2284 609 2299 632 ,
2357 578 2748 621 tormentorum
2780 609 2793 630 ,
2855 565 3293 636 persecutionum
3318 605 3332 628 ,
3405 579 3713 620 CQI'CCI'IIIII.

2139 661 2271 714 Aliae
2304 675 2432 714 vero
2466 661 2690 729 impura:
2715 669 2842 713 sunt
2873 658 3229 729 cogitationes
3259 674 3376 728 quae
3411 669 3633 730 peccata
3659 673 3718 715 et

2139 751 2272 806 falsa
2323 751 2574 820 dogmata
2620 762 2911 818 generant.
2958 749 3216 816 Quaedam
3268 749 3463 805 damna
3530 769 3715 806 rerum

2139 843 2366 907 habent,
2393 842 2691 897 liberorum
2727 844 3099 907 amissionem,
3131 860 3373 900 uxorum
3415 844 3712 912 jacturam.

2138 933 2314 1002 Atque
2341 934 2463 986 hinc
2495 933 2671 1000 palam
2725 940 2807 987 est
2852 933 3000 988 omni
3031 932 3185 1001 justo
3237 934 3504 990 dominari
3555 933 3714 988 Sata-

2139 1040 2286 1078 nam.
2330 1021 2386 1076 Si
2417 1025 2560 1076 enim
2587 1022 2830 1077 omnium
2877 1023 3226 1079 inimicorum
3275 1040 3494 1080 suorum
3537 1024 3715 1079 domi-

2134 1117 2358 1171 :ttabilttr
2398 1116 2654 1180 Satanas,
2683 1115 2888 1185 etjusti
2924 1132 3112 1176 omnes
3155 1118 3271 1188 ejus
3319 1117 3523 1172 inimici
3560 1126 3710 1182 sunt,

2137 1207 2386 1261 omnibus
2433 1222 2568 1276 ergo
2633 1206 2870 1262 Satanas
2920 1207 3314 1264 dominabitur.
3375 1210 3445 1263 At
3497 1226 3602 1264 non
3658 1210 3710 1263 iu

2135 1293 2280 1345 omni
2328 1308 2385 1346 re
2415 1293 2802 1358 dominabitur,
2837 1295 2930 1349 sed
2973 1297 3024 1348 in
3063 1298 3322 1365 quadam.
3370 1296 3529 1353 Solus
3558 1300 3709 1354 enim

2135 1383 2386 1439 Christus
2429 1395 2710 1453 peccatum
2759 1402 2864 1440 non
2917 1387 3076 1452 fecit,
3117 1405 3214 1443 nec
3241 1400 3323 1444 est
3357 1393 3607 1446 inventus
3655 1392 3710 1446 in

2135 1487 2228 1526 ore
2256 1474 2372 1542 ejus
2389 1475 2564 1528 dolus.
2596 1475 2687 1529 Vel
2718 1476 2950 1531 fortasse
2983 1479 3162 1533 divina
3197 1479 3476 1550 Scriptura
3504 1482 3571 1534 ad
3593 1481 3710 1548 ejus

2136 1564 2372 1632 respexit
2432 1563 2762 1618 voluntatem
2825 1581 2945 1633 quae
3003 1577 3085 1624 est
3139 1569 3203 1622 ad
3269 1569 3431 1623 ﬁnem
3507 1572 3709 1625 dueere

2133 1655 2278 1723 quod
2315 1671 2420 1708 non
2457 1664 2655 1724 potest,
2687 1657 2730 1709 si
2760 1658 2978 1724 quidem
3017 1676 3035 1708 ‹
3066 1661 3448 1727 cogitaverunt
3481 1661 3708 1716 consilia

2135 1763 2256 1815 qtae
2290 1762 2395 1800 non
2443 1758 2737 1816 potuerunt
2790 1749 3038 1804 stabilire
3066 1750 3128 1804 ¹².
3171 1769 3190 1800 ι
3229 1750 3358 1803 Nam
3397 1761 3451 1805 et
3503 1752 3554 1805 in
3606 1750 3708 1806 Job

2955 1860 2972 1893 ι
3009 1841 3246 1897 Circuivi
3288 1854 3513 1908 terram,
3538 1851 3594 1897 et
3625 1845 3708 1897 in-

2131 1929 2414 1983 ambulans
2447 1939 2615 1983 totatn
2653 1946 2776 1999 qua:
2810 1932 2909 1986 sub
2937 1932 3077 1986 cmlo
3114 1944 3216 1995 est,
3239 1933 3449 1986 adsum.
3484 1952 3502 1984 ι
3541 1932 3705 2004 Atqui

2131 2017 2340 2074 cllicere
2369 2037 2474 2073 non
2507 2019 2685 2088 potuit
2722 2029 2777 2073 ut
2803 2019 2906 2074 Job
2935 2023 3230 2090 quidquam
3263 2033 3534 2091 peccaret.

2203 2110 2476 2179 Ejusdem.
2526 2109 2709 2178 Siqui
2760 2111 3069 2180 proﬁciunt,
3139 2126 3234 2180 per
3297 2116 3703 2166 decrementqu

2133 2201 2353 2255 malitia:
2404 2201 2715 2271 proﬁciunt,
2759 2201 2893 2271 justi
2944 2203 3204 2257 dicuntur
3260 2205 3350 2271 qui
3404 2203 3702 2270 perfectum

2131 2293 2375 2347 habitum
2403 2292 2628 2363 iustitia:
2654 2293 2955 2361 possident,
2988 2302 3040 2348 et
3067 2295 3159 2363 qui
3203 2294 3412 2363 absque
3456 2293 3564 2348 ullo
3602 2295 3705 2348 im-

2130 2383 2442 2453 pedimento
2475 2383 2784 2454 proﬁciunt.
2844 2401 2862 2434 ι
2902 2383 3087 2440 Justus
3132 2385 3296 2450 enim,
3345 2387 3520 2455 inquit
3549 2387 3614 2454 “,
3648 2387 3701 2440 in

2131 2475 2400 2545 principio
2427 2475 2692 2530 sermonis
2730 2486 3015 2531 accusator
3037 2485 3122 2532 est
3150 2478 3254 2532 sui.
3288 2497 3307 2528 ι
3335 2477 3406 2530 Et
3434 2477 3701 2544 sijustus,

2129 2569 2400 2639 quomodo
2449 2567 2794 2623 accusator?
2851 2569 2909 2623 Si
2971 2579 3151 2624 autem
3230 2579 3539 2632 accusator,
3599 2585 3706 2625 non

2131 2663 2290 2733 plane
2329 2663 2604 2732 perfectus
2635 2668 2717 2714 est
2745 2660 2942 2730 justus.
2975 2679 2992 2711 t
3031 2661 3174 2716 Doce
3201 2661 3429 2732 justum,
3463 2671 3513 2716 et
3548 2661 3702 2716 festi-

2131 2753 2282 2808 nahit
2313 2755 2563 2824 accipere
2613 2751 2678 2804 “'.
2721 2771 2740 2803 ι
2794 2754 2963 2808 Recte
3013 2755 3180 2825 igitur
3211 2755 3458 2810 diabolus
3501 2755 3705 2810 dicitur

2131 2844 2372 2899 omnium
2408 2844 2755 2899 inimicorum
2803 2859 3027 2898 suorum
3074 2845 3364 2910 dominari,
3416 2861 3520 2899 non
3576 2861 3702 2917 per-

2131 2935 2395 2992 fectorum
2432 2936 2707 3002 videlicet,
2741 2936 2833 2990 sed
2859 2951 3046 2990 eorum
3075 2939 3168 3005 qui
3200 2938 3267 2990 ad
3310 2937 3703 3005 perfectionem

2132 3031 2377 3083 tendunt.
2400 3027 2533 3080 Nam
2561 3028 2604 3083 si
2625 3043 2732 3082 non
2755 3036 2902 3081 esset
2923 3026 3183 3082 adversus
3216 3026 3474 3082 Satanam
3493 3029 3700 3098 odium,

2130 3130 2183 3174 et
2213 3119 2588 3190 imperfectum
2617 3128 2673 3174 et
2707 3119 3032 3190 perfectum,
3081 3133 3188 3174 non
3245 3121 3436 3188 utique
3478 3120 3704 3176 dixisset

2130 3212 2298 3265 David
2328 3212 2370 3241 ¹⁶
2405 3230 2418 3266 :
2466 3229 2484 3261 ι
2518 3210 2767 3266 Perfecto
2798 3211 2922 3266 odio
2950 3211 3174 3267 oderam
3207 3210 3348 3277 illos,
3395 3219 3448 3265 et
3491 3211 3701 3267 inimici

2128 3303 2254 3357 facti
2283 3313 2408 3358 sunt
2444 3302 2597 3358 mihi.
2631 3321 2650 3353 ι

2195 3394 2359 3450 Vens.
2402 3395 2454 3448 7.
2494 3395 2662 3463 Cujus
2707 3393 3076 3449 maledictione
3118 3411 3173 3448 os
3229 3394 3440 3462 plenum
3486 3403 3585 3462 est,
3648 3406 3699 3450 et

2126 3487 2482 3541 amaritudine
2509 3496 2555 3541 et
2595 3487 2738 3552 dolo,
2771 3496 2876 3542 etc.
2914 3487 2992 3542 Ex
3014 3501 3110 3542 ore
3135 3487 3378 3557 perversi
3405 3486 3537 3541 nihil
3570 3489 3700 3543 boni

2125 3579 2331 3648 prodit,
2366 3578 2460 3634 sed
2489 3593 2825 3648 quaecunque
2861 3577 3105 3633 dolorem
3158 3587 3213 3631 et
3257 3577 3500 3632 laborem
3535 3577 3701 3649 5‘39

2126 3670 2556 3740 percipientibus
2606 3671 2844 3739 pariunt.
2912 3668 3159 3723 Aliorum
3211 3683 3449 3738 quoque,
3508 3684 3699 3724 eorum

2127 3775 2321 3830 nempe
2369 3761 2461 3830 qui
2507 3761 2576 3816 de
2625 3760 2890 3816 Creatore
2925 3760 3069 3815 male
3116 3760 3435 3830 loquuntur,
3471 3761 3702 3816 maledi~

2125 3852 2308 3905 ctione
2339 3869 2354 3916 ;
2381 3865 2568 3905 eormn
2597 3851 2686 3920 qui
2720 3851 3122 3918 conviciantur,
3141 3851 3404 3905 conviciis
3431 3868 3445 3914 ;
3481 3851 3701 3906 iracun-

2128 3939 2318 3995 dorum
2357 3940 2742 4004 amaritudine,
2779 3948 2832 3994 et
2877 3939 3185 3994 dolosorum
3229 3952 3291 3994 os
3331 3938 3453 3993 dolo
3479 3938 3698 4008 plenum

2124 4041 2232 4085 est.

2198 4122 2474 4191 Ejusdem.
2517 4121 2622 4187 Qui
2663 4135 2692 4174 a
2728 4121 3019 4176 sanctitate
3048 4119 3288 4186 excidit,
3319 4129 3374 4175 et
3404 4134 3434 4172 a
3469 4119 3702 4176 veritate

2126 4230 2190 4270 ac
2215 4213 2590 4268 benedictione
2621 4213 2976 4282 semetipsum
3019 4211 3266 4278 abduxit,
3296 4212 3342 4266 is
3372 4225 3434 4265 os
3474 4211 3693 4280 plenum

2125 4304 2288 4360 habet
2327 4303 2724 4367 maledictione,
2763 4317 2862 4372 per
2884 4318 2947 4358 ea
2975 4317 3094 4372 qua:
3123 4302 3292 4367 dicit,
3325 4310 3541 4356 tentans
3567 4317 3695 4370 scp-

2121 4397 2286 4467 plicio
2334 4405 2390 4451 et
2439 4395 2807 4450 maledictioni
2858 4397 3114 4464 deceptos
3165 4393 3454 4462 subjicere.
3525 4391 3699 4449 Habet

2125 4499 2303 4544 autem
2351 4502 2528 4543 sermo
2569 4488 2686 4558 eius
2730 4502 2835 4541 una
2871 4501 2992 4542 cum
3023 4485 3235 4540 fallacia
3270 4500 3517 4554 magnam
3559 4486 3699 4539 acri-

2127 4581 2388 4646 moniam,
2429 4579 2655 4649 ideoque
2695 4593 2876 4634 sermo
2920 4579 3039 4648 ejus
3079 4578 3219 4631 ultra
3255 4575 3697 4630 maledictionem

2125 4671 2490 4728 amaritudine
2524 4678 2580 4723 et
2603 4669 2726 4724 dolo
2749 4669 2940 4739 plenus
2969 4677 3074 4724 est.

2185 4765 2358 4818 ‘VERS.
2396 4762 2448 4818 8.
2491 4761 2650 4818 Sedet
2677 4763 2729 4815 in
2756 4761 2965 4815 insidiis
3012 4776 3128 4814 cum
3157 4759 3400 4814 divitibus
3434 4757 3491 4811 in
3521 4757 3697 4811 occul-

2121 4859 2207 4926 tis,
2239 4867 2345 4912 etc.
2388 4854 2445 4910 1n
2472 4856 2554 4912 his
2591 4856 2683 4926 qui
2711 4869 2920 4909 summa
2971 4853 3276 4924 ignorantia
3319 4861 3375 4906 et
3430 4850 3695 4920 injustitia

2124 4949 2421 5013 abundant,
2456 4947 2656 5002 insidet
2680 4946 2924 5002 diabolus
2961 4964 2974 5000 :
3006 4947 3058 5000 in
3103 4947 3187 5000 bis
3227 4959 3355 5000 vero
3396 4945 3487 5013 qui
3514 4944 3695 4999 scien-

2125 5040 2256 5095 tiam
2287 5048 2342 5092 et
2370 5038 2622 5094 virtutem
2648 5037 2750 5093 sibi
2774 5045 3196 5107 compararunt,
3221 5044 3422 5091 sancta
3452 5042 3693 5104 potesta-

2125 5141 2205 5186 tes
2237 5131 2624 5200 requiescunt,
2681 5144 2912 5199 quorum
2983 5127 3225 5199 symbola
3265 5134 3392 5181 sunt
3443 5125 3695 5179 volucres

2124 5221 2246 5277 οωΙί
2276 5223 2328 5277 in
2377 5223 2545 5278 ramis
2598 5222 2772 5292 sinapi
2820 5221 3152 5276 habitantes.
3194 5218 3311 5284 Quo
3349 5216 3693 5286 signiﬁcatur

2129 5326 2352 5383 regnum
2385 5313 2672 5377 ccelorum,
2710 5313 2851 5382 quod
2883 5311 3083 5366 virtute
3115 5311 3168 5364 in
3203 5308 3356 5362 nobis
3379 5314 3479 5360 est.

2121 5488 2163 5520 "
2194 5485 2353 5541 Prov.
2389 5503 2464 5552 Ix,
2495 5487 2548 5542 9.
2629 5489 2672 5519 ιθ
2706 5486 2851 5542 Psal.
2885 5499 3144 5546 CXXXVIII,
3173 5482 3264 5535 22.

2193 5582 2304 5652 (86)
2352 5582 2406 5635 Ὁ
2439 5580 2549 5649 τῆς
2577 5582 2888 5652 ἁγιότητος
2905 5575 3208 5639 ἐκπεσών,
3227 5582 3343 5628 -οιο,
3365 5568 3690 5626 Corderius.

2123 5743 2161 5796 Β
2193 5672 2306 5796 (ἶἹ)
2349 5673 2584 5742 Ἑνμὲν
2602 5671 2723 5738 τοῖς
2742 5672 2984 5740 ¹έχουσι,
3012 5677 3118 5725 etc.
3149 5665 3373 5722 Scheda:
3399 5663 3606 5730 Grabii,
3636 5665 3694 5718 et

2167 5761 2226 5796 ar
2271 5758 2415 5796 arus.

2167 5758 2415 5798 aruarus.

3295 5867 3377 5931 '38
