4100 6380
458 340 592 395 1195

454 565 732 619 pauperem
768 548 892 601 dum
934 547 1154 599 attrahit
1185 560 1328 612 eum,
1382 554 1490 600 clc.
1548 545 1659 600 lloc
1693 544 1838 599 dicto
1875 553 2032 598 uten-

455 647 581 696 dum
618 649 699 696 cst
725 640 987 694 adversus
1019 638 1236 693 divites.

528 731 690 788 Vens.
733 731 821 788 14.
875 728 1032 783 Vides
1071 728 1324 799 quoniam
1360 736 1413 782 tu
1443 727 1676 782 laborem
1712 735 1760 782 et
1796 725 2032 781 dolorem

455 824 757 879 consideras
781 860 797 886 ,
826 830 882 875 ut
915 819 1097 874 tradas
1136 834 1224 872 eos
1256 820 1309 871 in
1341 834 1526 873 manus
1559 828 1712 884 tuas,
1755 826 1861 873 etc.
1896 817 2030 873 Cum

454 916 672 971 labores
728 922 782 969 et
834 912 1052 968 dolores
1086 922 1345 983 operatur
1374 912 1643 975 Satanas,
1686 910 1895 964 animas
1925 923 2030 976 pu-

455 1008 686 1062 niendas
717 1004 883 1060 tradit
911 1002 1107 1072 judici.
1138 1000 1288 1059 «Tibi
1322 1004 1613 1059 derelictus
1649 1010 1733 1057 est
1768 1014 2025 1070 panper,»

453 1103 521 1155 ab
568 1102 655 1155 his
697 1102 789 1169 qui
840 1096 907 1151 ad
964 1104 1140 1151 sortes
1174 1096 1442 1150 veniunt:
1476 1111 1599 1148 nam
1641 1092 1805 1148 stulta
1846 1089 2030 1144 mundi

453 1194 609 1263 eligit
643 1194 804 1248 Deus.
842 1210 860 1243 ι
898 1189 1159 1259 Orpliano
1189 1194 1243 1239 tu
1272 1201 1395 1242 eras
1428 1186 1662 1257 adjutor.
1696 1202 1712 1235 ι
1740 1183 2031 1253 Orphanus

455 1296 541 1345 est
588 1286 678 1355 qui
736 1282 1027 1353 malignum
1079 1292 1285 1349 patrem
1320 1277 1536 1348 abjecit.
1598 1296 1615 1327 ι
1648 1276 1755 1330 Vos
1807 1294 1825 1327 ι
1858 1274 2029 1339 enim,

453 1378 635 1447 inquit
663 1377 915 1431 Salvator
952 1374 1019 1440 ’⁷,
1057 1390 1074 1424 ι
1113 1387 1178 1427 cx
1208 1382 1361 1442 patre
1388 1370 1599 1425 diabolo
1638 1369 1788 1425 estis.
1829 1385 1847 1421 ι

529 1558 693 1612 Vens.
738 1554 823 1609 15.
852 1553 1071 1607 Comere
1098 1550 1367 1604 brachium
1388 1548 1678 1617 peccatoris
1707 1555 1753 1601 et
1784 1545 2027 1615 maligni,

454 1659 564 1704 etc.
611 1649 665 1701 Si
719 1645 976 1701 contritio
1039 1641 1248 1697 brachii
1308 1639 1451 1694 delet
1511 1648 1752 1707 peccata,
1806 1638 2027 1691 liberari

456 1756 584 1796 vero
616 1758 643 1793 a
686 1740 928 1809 peccatis
963 1733 1322 1792 beneficentia
1351 1742 1435 1787 est
1458 1773 1471 1797 ,
1508 1734 1578 1785 ita
1622 1732 1750 1785 mihi
1800 1747 2025 1800 persua—

452 1850 573 1889 sum
605 1844 689 1888 est
720 1834 884 1887 Deum
926 1831 1139 1903 punire.
1181 1828 1468 1883 Bracliiun:
1512 1836 1690 1878 autem
1725 1824 1857 1877 dicit
1905 1824 2022 1876 ani-

453 1940 596 1978 mant
636 1940 759 1993 qua:
786 1922 924 1976 mala
962 1930 1188 1991 operata
1228 1927 1332 1972 est.
1379 1934 1396 1967 ι
1424 1914 1710 1981 Qnmretnr
1745 1923 2023 1983 peccatum

453 2015 614 2078 illius,
652 2023 704 2069 et
733 2029 838 2067 non
866 2013 1198 2067 invenietur.
1226 2029 1243 2061 ι
1272 2008 1365 2063 Vel
1390 2023 1512 2061 cum
1540 2013 1813 2075 quaeretur
1839 2019 2027 2074 pecca-

452 2115 562 2158 tum
621 2103 926 2174 pcccatoris
961 2111 1018 2156 et
1074 2100 1317 2170 maligni,
1367 2115 1473 2152 non
1539 2097 1844 2151 invenietur
1889 2095 2024 2163 ipse,

450 2199 650 2269 quippe
678 2198 768 2268 qui
803 2205 946 2250 totus
980 2194 1157 2249 factus
1189 2193 1261 2248 sit
1306 2200 1584 2262 peccatum
1632 2199 1685 2245 et
1732 2189 2023 2258 iniquitas;

452 2292 561 2357 vel,
592 2293 806 2360 quando
836 2298 1112 2360 quaeretur
1138 2287 1279 2341 illius
1312 2295 1619 2355 peccatum,
1652 2298 1757 2339 non
1787 2282 2030 2338 invenie-

454 2394 563 2449 tur,
597 2398 663 2437 eo
691 2382 830 2451 quod
861 2382 973 2451 ipse
1010 2380 1296 2436 mundatus
1332 2378 1421 2434 sit.

525 2563 689 2618 Vens.
737 2560 819 2615 16.
864 2559 1119 2612 Dominus
1157 2556 1392 2626 regnabit
1438 2555 1494 2609 in
1534 2565 1823 2620 wternum,
1876 2565 1925 2609 et
1970 2557 2024 2609 in

452 2652 703 2708 sa’culum
726 2648 934 2713 urculi,
960 2658 1064 2702 etc.
1114 2665 1133 2698 ι
1165 2646 1390 2717 Oportet
1423 2646 1566 2699 enim
1597 2644 1884 2699 Dominum
1916 2664 1935 2699 ι
1973 2647 2024 2701 in

453 2753 757 2798 mtcrnutni
786 2755 1035 2810 regnare,
1074 2738 1246 2792 donec
1285 2746 1449 2807 ponat
1490 2736 1739 2790 inimicos
1765 2751 1893 2793 suos
1928 2738 2029 2793 sub

450 2837 677 2906 pedibus
729 2833 911 2901 ejus.»
974 2831 1106 2884 Nam
1154 2845 1379 2901 regnum
1433 2829 1598 2897 ipsius
1644 2830 2028 2900 contemplatio

451 2938 535 2982 est
569 2926 810 2980 omnium
837 2924 1239 2992 pmtcritorum
1266 2930 1318 2975 et
1353 2921 1654 2975 futurorum
1686 2923 2024 2988 saeculorum,

450 3034 545 3088 per
601 3033 763 3087 quam
820 3015 1332 3083 contemplationem
1405 3014 1569 3067 etiam
1628 3013 1832 3067 inimici
1893 3013 2028 3070 ﬁunt

1870 330 1956 387 EX
1996 328 2295 387 ORICENE

527 456 670 513 Vsus
709 456 761 511 9.
807 454 1102 509 Insidiatur
1138 460 1195 507 ut
1252 452 1424 521 rapiat
1468 450 1749 522 pauperem
1792 468 1808 506 :
1846 465 2033 517 rapere
2068 452 2106 508 Α

3575 342 3719 399 1198

2218 435 2538 517 Ἔνεὲρεῦει
2605 451 2712 505 τοῦ
2782 451 3049 521 ἁρπάσαι
3117 451 3375 521 πτωχὸν,
3446 455 3718 523 ἁρπάσαι

2134 542 2377 611 πτωχὸν
2412 543 2483 596 ἐν
2513 542 2592 609 τῷ
2630 545 2885 599 ἐλκῦσαι
2914 546 3119 612 αὑτὸν,
3160 562 3214 598 κ.
3249 563 3301 599 τ.
3338 548 3385 600 ὲ.
3423 548 3611 622 Τούτῳ
3643 553 3723 625 τῷ

2135 634 2284 705 ῥητῷ
2310 634 2423 705 (88)
2464 636 2725 707 χρηστέον
2755 636 2892 707 πρὸς
2920 638 3044 700 τοὺς
3074 636 3382 702 πλουσίους.

2204 725 2477 792 Βλέπεις,
2519 726 2609 781 ὅτι
2650 724 2728 781 σὺ
2767 728 2957 782 πόνον
3002 729 3100 781 καὶ
3147 729 3341 799 θυμὸν
3386 734 3719 801 κατανοεῖς,

2132 816 2240 871 τοῦ
2276 818 2647 887 παραδοῦναι
2680 820 2904 886 αὐτοὺς
2939 823 3027 887 εὶς
3070 821 3274 891 χεῖράς
3301 840 3451 890 σου,
3496 843 3549 878 κ.
3584 842 3636 880 τ.
3668 831 3717 882 ὲ.

2133 911 2338 975 Πόνους
2364 912 2459 966 καὶ⁸
2489 912 2694 984 θυμοὺς
2722 914 2835 987 (89)
2865 917 2893 968 6
2923 916 3167 978 Σατανᾶς
3200 916 3587 988 ἐργαζόμενος,
3612 936 3721 973 πα-

2135 1003 2384 1075 ραδίδωσι
2434 1004 2535 1069 τάς
2576 1005 2755 1077 ψυχὰς
2792 1009 2871 1071 εἰς
2911 1006 3131 1060 κόλασιν
3174 1007 3251 1078 τῷ
3296 1012 3481 1081 κριτῇ.
3542 1028 3561 1061 ι
3626 1010 3718 1065 Σοὶ

2132 1096 2614 1164 ἐγκαταλέλειπται
2646 1100 2673 1152 6
2701 1099 2935 1169 πτωχὸς,
2983 1119 3001 1151 ι
3039 1099 3150 1152 ἀπὸ
3186 1098 3294 1152 τῶν
3321 1103 3399 1165 είς
3426 1103 3553 1166 τοὺς
3582 1103 3717 1174 κλή-

2136 1204 2261 1257 ρους
2294 1190 2602 1260 ἐρχομένων
2622 1207 2634 1220 ·
2666 1191 2745 1245 διὸ
2776 1191 2841 1244 τά
2874 1191 3032 1262 μωρά
3062 1192 3154 1245 τοῦ
3186 1192 3393 1261 κόσμου
3430 1195 3714 1264 ἐκλέγεται

2130 1282 2159 1333 6
2184 1280 2338 1345 Θεός.
2374 1299 2391 1332 ι
2444 1283 2694 1354 Ὀρφανῷ
2723 1284 2786 1335 σὺ
2810 1279 2952 1354 ἦσθα
2977 1284 3188 1354 βοηθός.
3223 1303 3241 1335 ι
3283 1286 3548 1357 Ὀρφανός
3567 1288 3713 1341 ἐστιν

2132 1374 2159 1426 ὁ
2199 1374 2488 1427 ἀποϐαλὼν
2521 1376 2612 1429 τὸν
2658 1377 2892 1448 πονηρὸν
2938 1379 3169 1451 πατέρα.
3222 1398 3241 1431 ‹
3298 1379 3485 1450 Ὑμεῖς
3525 1399 3543 1431 ι
3579 1379 3709 1451 γὰρ,

2131 1465 2294 1535 φησὶν
2321 1466 2349 1517 6
2375 1467 2583 1537 Σωτὴρ,
2615 1487 2631 1519 ι
2671 1470 2735 1521 ἐκ
2756 1469 2848 1521 τοῦ
2871 1472 3077 1541 πατρὸς
3104 1470 3197 1522 τοῦ
3223 1470 3643 1524 διαϐόλου-ἐστέ.
3682 1489 3704 1524 ι

2201 1557 2540 1623 Σύντριψον
2586 1557 2694 1609 τὸν
2732 1557 3031 1627 ,ϐραχίονα
3076 1558 3184 1612 τοῦ
3224 1559 3575 1629 ἀμαρτωλοῦ
3608 1562 3707 1615 καὶ

2131 1646 2417 1713 πονηροῦ,
2449 1665 2501 1700 κ.
2539 1667 2585 1700 τ.
2621 1650 2667 1701 ὲ.
2698 1648 2760 1701 Εἰ
2790 1652 2821 1721 ἡ
2860 1650 3116 1722 συντριϐὴ
3154 1651 3265 1721 (90)
3293 1651 3385 1703 τοῦ
3424 1652 3709 1723 βραχίονος

2130 1740 2378 1809 ἀφανίζει
2404 1741 2503 1805 τὰς
2525 1744 2820 1814 ἁμαρτίας,
2850 1744 2909 1796 τὸ
2935 1744 2990 1796 δὲ
3018 1744 3399 1814 ἀπαλλαγῆναι
3425 1744 3710 1815 ἁμαρτιῶν

2130 1833 2436 1903 εὐεργεσία,
2474 1833 2644 1898 οὕτως
2670 1834 2779 1903 ἐγὼ
2814 1836 3067 1906 πείθομαι
3102 1834 3350 1900 κολάζειν
3383 1839 3533 1891 Θεόν.
3569 1838 3710 1909 Βρα-

2130 1925 2281 1995 χίονα
2318 1925 2373 1977 δὲ
2412 1926 2559 1994 λέγει
2599 1927 2696 1997 τὴν
2738 1927 2951 1999 πονηρά
2990 1930 3478 2001 κατεργασαμένην
3506 1930 3702 2002 ψυχήν.

2136 2034 2152 2066 ι
2185 2015 2610 2089 Ζητηθήσεταιή
2642 2018 2883 2091 ἁμαρτία
2905 2019 3090 2081 αὐτοῦ,
3116 2021 3208 2073 καὶ
3239 2021 3298 2073 οὺ
3335 2022 3407 2092 μὴ
3432 2022 3646 2093 εὑρεθῇ.
3682 2040 3703 2075 ι

2133 2105 2287 2157 Ἤτοι
2323 2105 2659 2179 ζητουμένης
2686 2109 2781 2179 τῆς
2814 2108 3086 2179 ἁμαρτίας
3126 2109 3220 2163 τοῦ
3258 2112 3581 2181 ἀμαρτωλοῦ
3611 2113 3707 2165 καὶ

2130 2196 2387 2267 πονηροῦ,
2441 2198 2608 2261 αὐτὸς
2658 2200 2756 2269 οὐχ
2813 2200 3189 2270 εὑρεθήσεται,
3241 2200 3360 2263 ὅλος
3418 2201 3705 2271 γενόμενος

2129 2290 2374 2361 ἁμαρτία
2416 2290 2508 2360 καὶ
2538 2292 2798 2362 πονηρίαο
2836 2291 2866 2361 ἢ
2900 2292 3050 2344 ἔσται
3093 2292 3180 2344 ὅτε
3213 2292 3578 2364 ζητηθήσεται
3606 2294 3705 2347 αὑ-

2129 2382 2220 2435 τοῦ
2252 2384 2284 2453 ή
2317 2383 2578 2454 ἁμαρτία,
2615 2384 2707 2436 καὶ
2732 2384 2830 2454 οὐχ
2863 2384 3237 2455 εὑρεθήσεται,
3265 2384 3343 2455 τῷ
3372 2385 3706 2459 κεκαθάρθαι

2126 2473 2310 2527 αὐτόν.

2197 2567 2559 2620 Βασιλεύσει
2592 2567 2804 2635 Κύριος
2838 2569 2925 2633 εὶς
2961 2566 3069 2620 τὸν
3106 2567 3313 2632 αἰῶνα,
3349 2568 3447 2623 καὶ
3482 2570 3569 2635 εἰς
3599 2569 3709 2623 τὸν

2126 2651 2312 2704 αἰῶνα
2335 2652 2441 2706 τοῦ
2470 2652 2705 2721 αἰῶνος,
2740 2672 2792 2708 κ.
2825 2672 2876 2708 τ.
2909 2657 2953 2708 ἐ.
2993 2674 3011 2707 ι
3051 2658 3141 2709 Δεῖ
3180 2675 3198 2708 ι
3233 2657 3343 2728 γὰρ
3395 2676 3413 2708 ι
3456 2658 3545 2712 τὸν
3588 2658 3703 2711 Κύ-

2132 2756 2245 2812 ριον
2279 2740 2389 2813 (91)
2435 2742 2736 2814 βασιλεύειν
2774 2766 2793 2798 ι
2824 2745 2913 2799 διὰ
2940 2747 3050 2799 τῶν
3088 2746 3313 2811 αἰώνων,
3357 2766 3378 2799 ι
3424 2749 3583 2818 ἄχρις
3637 2748 3705 2801 ἂν

2129 2835 2193 2905 θῇ
2235 2835 2440 2900 πάντας
2477 2839 2600 2901 τοὺς
2630 2838 2857 2910 ἐχθροὺς
2883 2840 3048 2893 αὑτοῦ
3091 2840 3197 2892 ὑπὸ
3241 2843 3361 2905 τοὺς
3401 2841 3563 2905 πόδας
3601 2841 3701 2894 αὐ-

2126 2925 2243 2979 τοῦ.
2277 2946 2294 2977 ι
2337 2927 2399 2979 Ἦ
2426 2926 2533 2998 γὰρ
2567 2928 2807 2998 βασιλεία
2833 2930 2998 2983 αὑτοῦ
3026 2934 3171 2984 ἐστιν
3202 2932 3234 3001 ἡ
3261 2932 3460 3003 θεωρία
3490 2932 3701 2987 πάντων

2128 3020 2237 3073 τῶν
2260 3021 2557 3089 γεγονότων
2593 3023 2686 3075 καὶ
2715 3024 3099 3094 γενησομένων
3127 3023 3356 3086 αἰώνων,
3385 3024 3450 3076 δι’
3481 3018 3547 3094 ἧς
3573 3023 3705 3077 θεω-

450 3109 632 3163 amici.
674 3106 788 3163 lloc
822 3108 966 3162 enim
1009 3115 1093 3159 est
1130 3104 1275 3173 quod
1309 3104 1439 3158 dicit
1483 3104 1611 3158 illud
1642 3122 1655 3159 :
1695 3124 1713 3156 ι
1744 3105 2026 3171 Qumretur

2133 3113 2253 3187 piat;
2277 3114 2372 3167 καὶ
2397 3115 2445 3167 οί
2471 3114 2656 3187 ἐχθροὶ
2680 3116 2820 3184 φίλοι
2847 3117 3104 3185 γίνονται.
3136 3119 3199 3171 "0
3231 3118 3328 3188 μέν
3354 3134 3505 3187 φησι,
3546 3136 3563 3168 ι
3600 3109 3705 3187 Ζη-

451 3208 734 3267 peccatum
787 3197 956 3261 illius,
1012 3208 1067 3253 et
1122 3212 1227 3250 non
1274 3195 1643 3250 invenietur.»
1714 3196 1925 3265 Regnat
1970 3197 2023 3250 in

2130 3206 2422 3278 τηθήσεται
2457 3210 2489 3279 ή
2524 3209 2765 3279 ἁμαρτία
2799 3208 2984 3273 αὑτοῦ,
3017 3212 3109 3263 καὶ
3133 3211 3229 3280 οὐχ
3263 3210 3635 3281 εὑρεθήσεται.
3684 3228 3703 3261 ι

449 3301 710 3346 αξιοι-ηοω
740 3289 1020 3352 Dominus,
1052 3288 1329 3357 prOprium
1366 3298 1546 3341 autem
1573 3303 1756 3357 regum
1784 3298 1866 3342 est
1893 3289 2023 3343 sub-

445 3384 608 3452 jectis
632 3382 795 3452 590
824 3382 935 3436 suis
971 3378 1304 3449 prospicere.
1346 3398 1363 3430 ι
1384 3376 1667 3443 Peribitis,
1703 3388 1895 3448 gentes
1914 3418 1931 3445 ,
1961 3379 2026 3435 de

450 3485 596 3531 terra
644 3475 810 3531 illius.
843 3491 862 3524 ι
907 3470 1077 3525 Terra
1108 3467 1341 3524 'Domini
1379 3479 1457 3523 est
1495 3471 1876 3541 contemplatio
1905 3486 2024 3526 om-

453 3568 602 3622 nium
635 3565 1060 3635 prmteritorum,
1087 3581 1248 3634 quam
1285 3574 1338 3619 et
1372 3579 1594 3631 regnum
1612 3563 1880 3618 ‘ctelorum
1907 3577 2025 3617 esse

454 3659 707 3713 dicimus.
741 3652 945 3711 Gentes
979 3665 1138 3721 sunt,
1169 3670 1291 3723 qua:
1325 3655 1515 3708 salutis
1551 3655 1881 3725 prmeonium
1917 3669 2023 3707 non

453 3749 743 3815 admisere,
772 3748 864 3801 sed
895 3746 948 3800 in
973 3762 1165 3800 omnes
1192 3748 1377 3802 divisae
1408 3757 1551 3801 sunt.
1572 3743 1865 3811 'Peribitis,
1896 3760 2026 3816 gen-

456 3854 557 3908 tes,
583 3852 851 3912 quatenus
878 3850 1066 3908 gentes
1084 3840 1238 3895 eStis.
1285 3840 1397 3895 Una
1439 3842 1582 3896 enim
1625 3856 1757 3909 gens
1790 3850 1871 3895 est
1908 3837 2024 3891 uni-

454 3950 607 3987 versa
646 3944 813 3997 terra,
837 3932 881 3986 si
912 3933 964 3986 in
998 3946 1161 3986 unum
1186 3935 1545 3988 consenserit.

525 4025 685 4080 Vens.
730 4024 817 4078 17.
864 4024 1191 4079 Desiderium
1227 4041 1540 4095 pauperum
1581 4024 1851 4079 exaudivit
1910 4021 2019 4077 Do-

450 4120 643 4181 minus,
670 4129 775 4172 etc.
814 4115 1154 4170 Desiderium
1186 4128 1316 4171 tunc
1339 4115 1871 4180 exaudit'Dominus,
1898 4130 2020 4169 cum

452 4209 782 4265 desideranti
807 4207 1003 4261 anima:
1033 4208 1213 4278 cupita
1248 4207 1497 4278 largitur.
1528 4206 1847 4261 Desiderant
1878 4207 2022 4261 enim

452 4308 510 4353 ut
564 4297 846 4352 brachium
908 4298 1213 4363 peccatoris
1268 4307 1615 4361 conteratur,
1684 4305 1734 4350 et
1791 4299 1859 4351 ab
1908 4297 2024 4365 ejus

452 4389 739 4461 tyrannide
773 4390 1095 4443 liberentur.
1134 4388 1287 4454 Quod
1327 4398 1381 4444 et
1426 4388 1627 4443 factum
1660 4396 1761 4443 est.
1807 4390 2019 4444 Deside-

2128 3301 2412 3356 Βασιλεύει
2432 3304 2487 3356 δὲ
2511 3306 2591 3367 εἰς
2610 3304 2701 3356 τὸν
2727 3302 2895 3356 αἰῶνα
2917 3305 2945 3355 6
2967 3304 3186 3374 Κύριος
3213 3303 3341 3356 ἴδιον
3363 3303 3418 3356 δὲ
3444 3302 3709 3373 βασιλέων

2126 3394 2187 3447 τὸ
2218 3398 2461 3466 προνοεῖν
2482 3394 2587 3447 τῶν
2614 3395 2717 3449 ὑπὸ
2747 3395 2844 3465 τὴν
2872 3398 3049 3466 χεῖρα.
3077 3414 3094 3445 ι
3119 3395 3454 3460 Ἀπολεῖσθε,
3473 3396 3621 3466 ἔθνη,
3647 3396 3710 3448 ἐκ

2126 3486 2224 3556 τῆς
2248 3486 2353 3555 γῆς
2393 3485 2576 3539 αὑτοῦ.
2619 3505 2637 3536 ι
2678 3487 2752 3555 Γῆ
2802 3486 3007 3556 Κυρίου
3044 3488 3076 3556 ἡ
3111 3484 3312 3555 θεωρία
3352 3486 3571 3541 πάντων
3602 3486 3711 3542 τῶν

2126 3577 2447 3644 γεγονότων,
2485 3576 2551 3646 ἦν
2595 3576 2689 3628 καὶ
2733 3576 3008 3645 βασιλείαν
3047 3577 3291 3647 οὐρανῶν
3330 3574 3469 3628 εἷναί
3504 3594 3707 3647 φαμεν.

2130 3668 2296 3739 Ἐθνη
2333 3669 2401 3722 τὰ
2436 3669 2510 3738 μὴ
2560 3667 2827 3737 δεξάμενα
2858 3667 2918 3720 τὸ
2954 3670 3220 3739 σωτήριον
3252 3669 3544 3739 κήρυγμα,
3594 3669 3710 3722 ἀλλ’

2126 3762 2206 3822 είς
2232 3759 2437 3821 πάντας
2481 3760 2947 3830 κατατεμνόμενα.
3016 3758 3349 3826 ’Δπολεῖσθε,
3379 3759 3530 3832 ἔθνη,
3572 3760 3710 3816 καθὸ

2124 3849 2253 3921 ἔθνη
2281 3850 2421 3902 ἐστέ.
2452 3850 2545 3903 ’Ἐν
2570 3850 2677 3921 γὰρ
2704 3850 2852 3914 ἔθνος
2876 3852 3021 3903 πᾶσα
3046 3853 3079 3923 ἡ
3107 3850 3199 3921 γῆ,
3229 3850 3322 3905 ἐὰν
3346 3851 3563 3922 ὁμονοῇ.

2201 4023 2319 4092 Τὴν
2341 4024 2659 4093 ἐπιθυμίαν
2674 4022 2792 4077 τῶν
2812 4023 3089 4093 πενήτων
3108 4025 3439 4095 είσήκουσε
3466 4026 3705 4094 Κύριος.

2124 4135 2175 4173 κ.
2197 4135 2247 4171 τ.
2271 4118 2315 4168 ἐ.
2346 4116 2657 4188 Τηνικαῦτα
2684 4118 2959 4171 εἰσακούει
2983 4118 3094 4189 (92)
3111 4117 3211 4187 τῆς
3234 4116 3527 4187 ἐπιθυμίας
3556 4119 3585 4170 6
3603 4120 3713 4173 Κῦ-

2128 4226 2261 4280 ριος,
2296 4208 2533 4277 ὁπηνίκα
2568 4208 2631 4260 ἂν
2665 4209 2724 4261 τὸ
2756 4209 3089 4281 ἐπιθυμητὸν
3128 4208 3385 4280 παράσχῃ
3412 4211 3478 4281 τῇ
3502 4208 3710 4263 ἐπιθυ-

2129 4304 2303 4377 μούσῃ
2354 4304 2518 4375 ψυχῇ.
2584 4303 2941 4375 Ἐπιθυμοῦσι
3010 4304 3119 4375 γὰρ
3189 4302 3540 4374 συντριϐῆναι
3613 4303 3707 4357 τοῦ

2125 4396 2450 4467 ἀμαρτωλοῦ
2486 4396 2576 4448 τὸν
2622 4395 2881 4465 βραχίονα
2920 4396 3013 4448 καὶ
3045 4396 3142 4467 τῆς
3186 4396 3351 4450 αὑτοῦ
3392 4396 3709 4467 τυραννίδος

451 4484 592 4537 rium
628 4483 772 4535 enim
819 4483 973 4536 bona:
1020 4482 1218 4537 mentis
1266 4491 1355 4536 est
1400 4480 1587 4535 ellicax
1631 4483 1827 4549 oratio,
1860 4498 2020 4550 quam

2129 4487 2576 4559 ἐλευθερωθῆναι.
2622 4490 2684 4540 Ὃ
2719 4488 2812 4539 καὶ
2849 4486 3090 4555 γέγονεν.
3137 4485 3430 4556 Ἐπιθυμία
3465 4487 3573 4557 γὰρ
3599 4486 3711 4540 δια-

451 4577 640 4630 videns
675 4575 721 4628 is
755 4574 848 4643 qui
889 4574 1050 4628 corda
1098 4575 1287 4640 novit,
1348 4575 1625 4643 adimplet.
1668 4573 1782 4630 Non
1840 4582 2020 4627 autem

451 4666 636 4720 omnia
668 4666 936 4720 desideria
985 4666 1161 4720 audiri
1207 4665 1582 4719 arbitrandmn
1623 4676 1740 4731 est,
1769 4668 1863 4721 sed
1902 4679 2023 4735 qua:

453 4759 678 4813 honesta
702 4768 848 4813 sunt.
873 4778 890 4811 ι
916 4758 1372 4829 Praeparationem
1396 4759 1576 4813 cordis
1600 4774 1787 4814 eorum
1814 4760 2024 4814 audivit

451 4853 602 4907 auris
662 4861 825 4909 tua.»
892 4851 1349 4922 Prmparationem
1431 4852 1612 4905 contis
1686 4852 2021 4907 beandorum

453 4961 750 5014 pauperum
780 4948 937 5000 audit
963 4945 1113 4999 auris
1137 4943 1370 5007 Domini,
1418 4958 1523 4997 non
1566 4944 1798 4998 attendit
1841 4955 2022 5000 autem

450 5040 518 5094 iis
554 5040 645 5109 qui
694 5038 978 5108 praeparati
1019 5050 1126 5090 non
1178 5043 1319 5088 sunt.
1374 5034 1508 5099 lloc,
1567 5034 1776 5104 inquit,
1820 5036 2026 5105 appetit

450 5134 678 5202 quilibet
712 5148 898 5187 eorum
922 5131 1013 5201 qui
1038 5129 1248 5199 injuriis
1276 5129 1603 5182 allieiuntnr.
1632 5128 1761 5181 Nam
1795 5129 1837 5182 si
1864 5128 2022 5184 modo

454 5228 596 5282 Deus
640 5240 905 5296 pauperes
933 5232 987 5278 et
1021 5224 1311 5278 destitutos
1344 5222 1666 5283 vindicaret,
1719 5236 1879 5275 nemo
1909 5238 2024 5275 am-

452 5320 592 5390 plius
627 5318 976 5388 gloriaretur,
1000 5316 1094 5370 sed
1123 5324 1177 5369 et
1198 5314 1287 5383 qui
1322 5313 1550 5383 injurias
1581 5313 1845 5378 inierunt,
1878 5314 2018 5370 male

526 5411 565 5445 ⁸⁷
601 5408 756 5464 Joan.
802 5423 915 5470 vni,
976 5406 1065 5459 M.

523 5504 634 5572 (88)
691 5503 882 5565 Τούτῳ
929 5498 1009 5566 τῷ
1054 5496 1239 5567 ῥητῷ,
1290 5506 1396 5553 etc.
1441 5498 1650 5555 Eaedem
1694 5499 1929 5565 schedae,
1963 5510 2020 5556 et

451 5574 894 5712 Βθῖἑὲἶιῖῗένους
924 5641 1020 5695 καὶ
1044 5642 1290 5711 θυμούς,
1318 5648 1421 5697 etc.
1462 5638 1684 5695 Schedze
1706 5638 1917 5705 Grabii,
1955 5654 2019 5695 ac

458 5714 746 5848 81:91:33";
771 5782 807 5849 ἡ
844 5780 1153 5848 συντριϐή,
1181 5790 1285 5836 etc.
1317 5779 1526 5834 Eaedem
1564 5777 1771 5833 scheibe
1809 5776 2019 5847 Gl‘allii,

2128 4579 2277 4643 νοίας
2304 4578 2512 4650 ἀγαθῆς
2542 4579 2769 4649 ἐνεργής
2800 4578 2916 4629 ἐστι
2942 4576 3237 4647 προσευχὴ,
3270 4577 3335 4647 ἦν
3372 4576 3494 4629 ἰδὼν
3518 4579 3546 4629 6
3572 4592 3710 4647 καρ-

2128 4670 2457 4741 διογνώστης
2485 4670 2791 4741 ἐπλήρωσε.
2829 4668 2903 4720 Οὐ
2951 4668 3131 4731 πάσας
3162 4667 3454 4739 ἐπιθυμίας
3486 4667 3593 4740 χρὴ
3624 4684 3709 4721 νο⁴

2128 4763 2309 4834 μίζειν
2341 4759 2651 4826 ἀκούεσθαι,
2682 4758 2815 4811 ἀλλά
2844 4759 2940 4821 τὰς
2979 4759 3224 4821 ἀστείας.
3263 4779 3281 4811 ι
3318 4760 3395 4829 Τῇ
3425 4759 3714 4832 ἑτοιμασίᾳ

2128 4855 2229 4925 τῆς
2267 4852 2493 4925 καρδίας
2522 4850 2701 4904 αὐτῶν
2732 4850 3006 4921 προσέσχε
3036 4851 3097 4904 τὸ
3120 4847 3215 4914 οὖς
3244 4868 3357 4904 σου.
3399 4870 3418 4903 ι
3464 4851 3711 4921 Ἐτοιμόο

2127 4964 2252 5019 τητι
2293 4946 2523 5017 καρδίας
2569 4944 3020 5016 μακαριζομένων
3062 4928 3309 5015 πενήτων
3352 4943 3608 5016 προσέχει
3646 4944 3710 4997 τὸ

2130 5036 2222 5105 οὖς
2246 5039 2338 5092 τοῦ
2366 5038 2591 5109 Κυρίου,
2621 5037 2682 5090 οὑ
2711 5036 2966 5107 προσέχει
2996 5035 3050 5089 δὲ
3083 5039 3194 5099 τοῖς
3224 5037 3549 5107 ἀνετοίμοις.
3577 5036 3713 5089 Τού-

2130 5150 2244 5197 του,
2266 5132 2449 5202 φησιν,
2473 5129 2700 5193 ἕκαστος
2726 5130 2937 5200 ἐφίεται
2960 5128 3067 5181 τῶν
3092 5128 3483 5199 ἀδικουμένων.
3514 5130 3577 5183 El
3601 5130 3709 5201 γάρ

2132 5225 2189 5275 ἐν
2218 5222 2295 5292 τῷ
2324 5220 2549 5293 παρόντι
2571 5221 2793 5289 γένηται
2824 5220 2974 5291 παρά
3000 5220 3094 5272 τοῦ
3128 5219 3263 5273 Θεοῦ
3292 5220 3572 5291 ἐκδίκησις
3599 5221 3707 5274 τῶν

2132 5314 2507 5384 ἀπεριστάτων
2533 5316 2627 5367 καὶ
2653 5311 2944 5378 ταπεινῶν,
2971 5312 3145 5377 οὐδεὶς
3170 5312 3250 5365 ἔτι
3279 5311 3708 5384 μεγαλαυχήσει,

2130 5494 2579 5631 θιὲῗὶὺιῗὲἓξίὰρ
2628 5557 2735 5612 τὸν
2776 5560 3016 5627 Κύριον,
3064 5568 3172 5615 etc.
3212 5558 3427 5614 Ea:de
3470 5558 3711 5624 schedia,

2130 5648 2183 5830 Ξ
2204 5636 2677 5829 (ῐεὲςυῖξήὲῖκαῦτα
2690 5700 3012 5765 εἰσακούει,
3032 5710 3137 5756 etc.
3166 5700 3375 5755 Eaedem
3400 5701 3637 5766 schedaa,
3658 5707 3714 5756 et

2177 5794 2234 5829 ar
2278 5789 2423 5827 arus.

2177 5789 2423 5829 amarus.
