4100 6436
464 391 597 444 ΗΕΠ

1491 380 1797 437 SELECTA
1838 380 1901 435 ΙΝ
1940 375 2280 434 PSALMOS.
2323 409 2389 420 -
2429 377 2624 434 PSAL
2652 378 2720 434 Χ.

3583 381 3721 436 “98

457 483 594 537 ἀλλὰ
625 483 718 536 καὶ
760 484 808 536 οἱ
851 479 1165 542 ἀδικοῦντες
1211 479 1506 532 παύσονται
1537 477 1630 530 τοῦ
1668 476 1850 539 κακῶς
1884 473 2037 545 δρᾷν,

2143 485 2323 539 agere,
2357 481 2410 527 et
2448 471 2484 528 ii
2529 472 2724 543 quibus
2776 471 2984 542 injurifr
3029 470 3366 539 inferuntur,
3420 473 3559 527 male
3611 477 3719 545 pati

459 574 555 628 καὶ
582 577 628 628 οἱ
658 574 1001 644 ἀδικούμενοι
1026 572 1120 626 τοῦ
1150 572 1399 642 πάσχειν.

1055 749 1346 804 ΨΑΛΜΟΣ
1383 751 1440 803 I'.

530 843 648 895 Ὅτι
676 841 804 897 ἰδοὺ
835 845 888 896 οἱ
925 842 1262 912 ἁμαρτωλοὶ
1305 843 1611 896 ἐνέτειναν
1646 842 1847 906 τόξον,
1881 842 2043 911 ἡτοί-

454 949 660 1003 μασαν
691 931 852 1000 ,ϐέλη
889 934 975 997 εὶς
1006 931 1325 1002 φαρέτραν,
1354 931 1460 985 τοῦ
1499 932 1930 994 κατατοξεῦσαι
1973 933 2043 986 ἐν

454 1023 802 1094 σκοτομήνῃ
838 1023 979 1090 τοὺς
1006 1024 1200 1090 εὐθεῖς
1229 1023 1302 1092 τῇ
1328 1023 1560 1093 καρδίᾳ,
1593 1043 1646 1078 κ.
1676 1042 1727 1079 τ.
1757 1025 1803 1078 ἐ.
1827 1024 1919 1094 Μὴ
1948 1025 2041 1096 ἀρ-

459 1116 734 1187 κούμενοι,
779 1117 932 1188 φησὶ,
982 1120 1048 1188 τῇ
1087 1118 1198 1187 (9'5)
1233 1117 1442 1170 ἑαυτῶν
1477 1115 1723 1190 ἀπωλείᾳ
1765 1119 1814 1171 οἱ
1861 1118 2039 1189 ἁμαρ-

456 1208 636 1271 τωλοὶ,
684 1208 800 1262 ἀλλ’
841 1209 1210 1281 ἐπισπώμενοι
1252 1210 1351 1274 τὰς
1391 1209 1666 1282 ἁμαρτίας
1708 1210 1784 1274 ὡς
1818 1211 2038 1282 σχοινίῳ

460 1300 678 1372 μακρῷ,
723 1303 835 1364 τοῖς
882 1301 974 1354 τοῦ
1009 1301 1142 1354 Θεοῦ
1187 1300 1513 1372 πολεμοῦσιν
1560 1300 1886 1374 ἀνθρώποις,
1941 1303 2037 1354 καὶ

460 1390 838 1458 κατατοξεύειν
880 1393 1076 1458 αὐτοὺς
1110 1393 1406 1466 πειρῶνται
1444 1396 1557 1458 τοῖς
1587 1395 1685 1466 τῆς
1719 1393 1898 1447 αὐτῶν
1939 1412 2036 1447 κα-

459 1484 582 1548 κίας
618 1487 736 1550 ἰοῖς,
771 1485 864 1538 καὶ
897 1484 976 1556 τῷ
1009 1485 1322 1556 βασκαίνειν
1355 1486 1532 1540 αὐτῶν
1564 1489 1629 1558 τῇ
1661 1486 1900 1560 τοσαύτῃ
1938 1485 2033 1540 τοῦ

459 1580 786 1650 ἡγεμονικοῦ
814 1578 1162 1651 καθαρότητι,
1189 1579 1248 1631 τὸ
1279 1578 1467 1642 σκότος
1501 1577 1891 1650 προϐάλλονται
1915 1579 2034 1632 κατ’

457 1671 657 1738 αὐτῶν,
693 1672 768 1736 ὡς
805 1673 861 1726 αἱ
900 1671 1090 1743 σηπίαι
1136 1671 1197 1724 τὸ
1246 1671 1439 1740 μέλαν.
1484 1669 1595 1724 Καὶ
1625 1669 1796 1723 ταῦτα
1843 1669 2032 1742 δρῶσι,

455 1762 554 1827 τὰς
576 1765 809 1833 φυσικὰς
838 1765 931 1818 καὶ
951 1764 1090 1818 κατὰ
1113 1762 1272 1832 φύσιν
1294 1761 1459 1834 ὀρθὰς
1481 1761 1801 1825 καθελόντες
1826 1763 2036 1827 ἐννοίας
2067 1780 2112 1835 Β

455 1855 517 1919 ἐξ
544 1855 774 1918 ἑαυτῶν,
806 1855 872 1919 ἃς
900 1855 963 1926 δὴ
1006 1855 1138 1918 Θεὸς
1163 1853 1546 1925 κατηρτίσατο.

535 1944 645 1999 Τοῦ
693 1945 901 1999 αὐτοῦ.
956 1945 1122 2012 Τόξον
1188 1945 1334 1998 ἐστὶν
1374 1944 1683 2016 ἀκάθαρτος
1737 1944 1859 2008 νοῦς
1902 1945 2037 2016 (94).

471 2035 634 2104 Ἐγὼ,
667 2037 850 2106 φησὶν,
885 2035 977 2089 ἐπὶ
1007 2035 1084 2106 τῷ
1119 2034 1309 2104 Κυρίῳ
1353 2035 1604 2088 πέποιθα.
1651 2037 1714 2088 Οἱ
1744 2035 2042 2107 πολεμοῦν-

457 2143 548 2190 τες
603 2126 937 2198 ἁμαρτωλοί.
981 2127 1077 2190 Τίς
1125 2125 1191 2182 ἂν
1239 2122 1331 2180 οὖν
1379 2127 1532 2199 δείσῃ
1579 2127 1673 2180 καλ⁷
1729 2127 1874 2200 φύγῃ
1908 2126 2040 2182 Θεὸν

457 2216 595 2286 έχων
644 2215 856 2286 βοηθὸν,
893 2217 988 2270 καὶ
1021 2217 1313 2287 πολεμίους
1350 2216 1734 2288 ἁμαρτωλούς;
1777 2235 1795 2269 ι
1859 2217 2038 2271 Ἡτοί-

459 2323 642 2378 μασαν
689 2308 815 2380 βέλη
849 2309 929 2372 είς
963 2307 1256 2380 φαρέτραν.
1319 2327 1338 2361 ι
1392 2307 1552 2374 Βέλος
1594 2309 1741 2362 ἐστὶν
1785 2308 2042 2380 ἐμπαθὴς

455 2397 736 2469 λογισμὸς,
784 2400 1030 2471 φαρέτρα
1063 2401 1119 2454 δὲ
1161 2398 1272 2465 ἕξις
1315 2399 1562 2470 χειρίστη
1597 2399 1872 2472 λογισμῶν
1901 2403 2039 2456 ἅκα-

457 2490 674 2562 θάρτων
725 2490 1152 2563 πεπληρωμένη.
1207 2491 1393 2544 Ταῦτα
1431 2490 1526 2543 ἐπὶ
1569 2490 1836 2563 δαιμόνων
1884 2492 2041 2546 πολε-

460 2580 705 2650 μούντων
755 2581 1122 2652 λαμϐάνονται
1168 2580 1393 2650 νοητῶς.
1446 2581 1706 2652 Νοηθεῖεν
1754 2581 1797 2634 δ’
1832 2579 1898 2635 ἂν
1944 2581 2040 2635 καὶ

458 2673 734 2746 αἰσθητῶς
776 2675 869 2728 ἐπὶ
901 2673 1174 2745 αἰσθητῶν
1201 2673 1430 2744 ἐχθρῶν.
1472 2692 1490 2725 ι
1527 2674 1616 2726 Ἐν
1642 2675 1970 2747 σκοτομήνῃ.
2013 2693 2032 2726 ι

459 2763 775 2835 Σκοτομήνη
823 2765 969 2818 ἐστὶν
1014 2764 1207 2831 ἄγνοια
1253 2763 1430 2832 ψυχῆς
1479 2761 1721 2832 λογικῆς.
1780 2762 1867 2814 Ἐν
1916 2763 2040 2814 ἀσε-

461 2854 607 2925 λήνῳ
645 2855 801 2908 νυκτί
835 2873 998 2926 φησιν
1041 2854 1239 2916 αὐτοὺς
1273 2852 1594 2924 ἐνεδρεύειν,
1638 2851 1812 2922 δηλῶν
1847 2852 1909 2906 τὸ
1939 2851 2038 2905 λα-

457 2945 646 3017 θραῖον
678 2947 778 3016 τῆς
818 2945 1129 3016 ἐπιϐουλῆς.
1177 2941 1368 3008 Εὐθεῖς
1397 2943 1454 2996 δέ
1495 2946 1560 3014 τῇ
1605 2943 1803 3014 καρδίᾳ
1845 2943 2039 2996 ἑαυτὸν

455 3037 604 3107 λέγει
653 3039 748 3092 καὶ
784 3037 910 3100 τοὺς
942 3037 1059 3107 μετ’
1111 3034 1300 3100 αὑτοῦ,
1333 3035 1395 3087 οὐ
1434 3033 1756 3105 κομπάζων,
1791 3032 1906 3088 ἀλλ’
1937 3034 2037 3104 ἐμ-

2149 563 2498 619 desisterent.

2718 747 3040 808 PSALMUS
3080 752 3146 807 X.

2219 840 2384 896 Vens.
2435 843 2489 898 5.
2534 840 2796 908 Quoniam
2848 859 2965 897 ecce
3019 852 3320 914 peccatores
3379 845 3719 902 intenderunt

2144 947 2350 997 arcum,
2400 942 2720 1000 paraverunt
2780 934 3006 1002 sagittas
3057 949 3182 987 suas
3235 934 3290 987 in
3341 935 3615 1003 pharetra,
3661 947 3720 992 ut

2141 1023 2392 1091 sagittent
2421 1023 2478 1077 in
2504 1022 2726 1078 obscuro
2753 1034 2920 1080 rectos
2942 1024 3118 1091 corde,
3149 1033 3258 1080 etc.
3297 1024 3413 1080 Non
3447 1026 3715 1089 contenti,

2143 1113 2342 1182 inquit,
2377 1122 2699 1183 peccatores
2743 1116 2950 1185 seipsos
2993 1129 3114 1172 esse
3153 1116 3431 1186 perditos,
3467 1118 3560 1173 sed
3592 1133 3720 1189 pcc-

2143 1212 2262 1259 cata
2316 1205 2469 1273 quasi
2519 1203 2644 1260 fune
2702 1207 2858 1277 longo
2909 1208 3268 1273 attrahentes,
3323 1207 3416 1262 Dei
3473 1208 3722 1265 homines

2145 1293 2442 1363 infestant,
2502 1310 2704 1366 eosque
2757 1299 3036 1354 venenatis
3092 1299 3312 1355 malitiae
3361 1315 3471 1354 sua:
3522 1298 3720 1368 jaculis

2142 1383 2428 1452 perfodere
2472 1385 2743 1451 nituntur,
2775 1395 2829 1440 et
2861 1401 3049 1442 eorum
3084 1389 3298 1443 eximia:
3324 1388 3546 1458 puritati
3581 1389 3721 1444 invi-

2143 1476 2352 1541 dentes,
2378 1479 2628 1532 tenebras
2655 1477 2785 1548 ipsis
2811 1476 3121 1545 oﬂundnnt,
3153 1495 3260 1534 non
3286 1494 3444 1536 secus
3467 1495 3532 1536 ac
3554 1480 3720 1550 sepiae

2143 1575 2529 1622 atramentum.
2610 1568 2791 1636 Atque
2854 1569 2957 1625 hoc
3013 1570 3258 1637 faciunt,
3333 1571 3610 1628 naturales
3665 1581 3723 1627 et

2143 1658 2441 1714 secundum
2489 1668 2738 1714 naturam
2786 1671 2984 1728 rectas,
3029 1678 3166 1732 quas
3208 1663 3352 1718 Deus
3389 1663 3718 1730 inseruerat,

2143 1750 2500 1821 cegitationes
2525 1767 2592 1807 ex
2624 1753 2815 1824 seipsis
2853 1753 3137 1810 abolendo.

2215 1926 2486 1998 Ejusdem.
2531 1931 2706 1986 Arcus
2761 1940 3107 2001 peccatorum
3151 1942 3234 1986 est
3274 1932 3484 2001 impura
3539 1948 3712 1990 mens.

2141 2019 2277 2091 Ego,
2343 2021 2540 2091 inquit,
2607 2023 2659 2076 in
2715 2023 2944 2078 Domino
2994 2024 3228 2080 conﬁdo.
3287 2023 3388 2090 Qui
3448 2035 3713 2094 pugnant,

2140 2121 2454 2183 peccatores
2487 2123 2633 2169 sunt.
2669 2114 2800 2182 Quis
2837 2124 3016 2169 autem
3053 2114 3264 2169 timebit
3292 2126 3346 2170 et
3381 2117 3586 2186 fugiet,
3619 2117 3713 2186 qui

2140 2201 2498 2271 opitulantem
2528 2202 2718 2268 Deum,
2750 2211 2803 2258 et
2824 2213 3130 2274 pugnantes
3151 2204 3349 2260 habeat
3379 2207 3718 2276 peccatores?

2146 2313 2166 2346 ι
2209 2293 2551 2350 Paravcrunt
2606 2296 2832 2366 sagittas
2879 2295 2931 2350 in
2976 2297 3253 2366 pharetra.
3287 2316 3304 2350 ι
3372 2297 3576 2368 Sagitta
3631 2309 3718 2353 est

2142 2384 2308 2438 animi
2372 2384 2654 2441 aﬂectibus
2716 2385 3032 2457 perturbata
3088 2387 3382 2457 cogitatio;
3459 2389 3717 2459 pharetra

2141 2476 2317 2533 malus
2366 2478 2584 2534 habitus
2618 2488 2702 2535 est
2744 2480 2972 2549 impuris
3022 2480 3442 2551 cogitationibus
3502 2481 3713 2551 plenus.

2141 2568 2269 2626 llaec
2297 2571 2656 2641 spiritualiter
2699 2571 2768 2627 de
2804 2572 3136 2627 daemonibus
3171 2573 3534 2642 pugnantibus
3557 2571 3719 2626 intelv

2142 2667 2402 2735 ligantur.
2435 2665 2635 2724 Verum
2680 2669 2724 2724 si
2764 2669 2830 2724 ad
2862 2683 3078 2723 sensum
3119 2668 3447 2734 referantur,
3488 2667 3718 2724 sensilcs

2140 2758 2324 2814 hostes
2356 2761 2602 2817 innuent.
2639 2781 2657 2814 ι
2693 2761 2748 2816 ln
2776 2761 3030 2816 obscuro.
3061 2781 3079 2814 ι
3107 2760 3262 2832 591
3288 2758 3600 2816 Obscuritas
3631 2769 3717 2814 est

2143 2851 2452 2920 ignorantia
2489 2853 2766 2908 rationalis
2788 2854 3004 2910 animae.
3050 2851 3107 2906 in
3151 2853 3297 2907 illum
3334 2861 3493 2908 nocte
3523 2853 3598 2906 ait
3621 2867 3717 2908 eos

2141 2941 2414 3009 insidiari,
2450 2944 2765 3014 signiﬁcans
2789 2945 3019 3000 latentes
3046 2943 3292 2999 insidias.
3324 2943 3520 3000 Rcctos
3549 2945 3718 3000 corde

2142 3034 2292 3099 dicit,
2319 3043 2373 3088 et
2399 3049 2478 3100 se,
2516 3044 2571 3090 et
2600 3050 2698 3092 eos
2731 3037 2822 3106 qui
2853 3051 3034 3092 secum
3070 3043 3247 3102 erant,
3278 3050 3451 3104 neque
3482 3036 3532 3089 id
3562 3049 3718 3090 arro-

455 3131 660 3198 φαίνων
694 3129 792 3200 τὴν
837 3127 1032 3180 ἐαυτοῦ
1065 3127 1294 3188 ἔννοιαν,
1343 3125 1437 3179 καὶ
1483 3124 1649 3196 μηδὲν
1700 3123 2038 3198 ἐργάσασθαι

2141 3135 2338 3194 ganter
2364 3125 2528 3192 dicit,
2560 3127 2654 3182 sed
2686 3137 2745 3182 ut
2775 3136 3010 3182 mentem
3046 3141 3202 3181 suam
3237 3128 3522 3190 ostendat,
3571 3129 3716 3197 quod

453 3221 533 3282 εἰς
558 3216 761 3287 βλάϐην
792 3215 884 3268 τοῦ
919 3214 1108 3267 Σαούλ.

527 3310 742 3376 Κύριος
765 3309 836 3362 ἐν
868 3306 993 3372 ναῷ
1030 3306 1176 3377 ἁγίῳ
1210 3304 1419 3360 αὐτοῦ·
1447 3307 1684 3374 Κύριος,
1710 3305 1778 3358 ἐν
1803 3304 2038 3374 οὐρανῷ

456 3403 489 3455 ό
522 3401 733 3469 θρόνος
771 3398 978 3452 αὐτοῦ.
1019 3400 1082 3451 Ol
1125 3397 1419 3467 ὀφθαλμοὶ
1465 3396 1652 3451 αὐτοῦ
1680 3398 1766 3462 εἰς
1800 3394 1909 3448 τὸν
1935 3393 2039 3448 πέ-

454 3507 609 3560 νητα
650 3488 1100 3553 ἀποϐλέπουσι,
1140 3489 1212 3542 τὰ
1243 3487 1525 3558 βλέφαρα
1558 3486 1744 3542 αὑτοῦ
1783 3485 2037 3552 ἐξετάζει

453 3583 595 3650 τοὺς
621 3581 789 3648 υἱοὺς
817 3580 936 3635 τῶν
956 3578 1304 3649 ἀνθρώπων,
1338 3598 1390 3634 κ.
1421 3597 1470 3632 τ.
1503 3580 1548 3632 ἐ.
1588 3581 1742 3633 Οἰκεῖ
1764 3578 1896 3639 Θεὸς
1923 3578 2037 3649 (95)

453 3678 512 3730 ἐν
542 3675 674 3746 ἁγία
700 3675 792 3728 καὶ
814 3673 1053 3746 οὐρανίῳ
1084 3673 1288 3744 νοήσει,
1315 3670 1585 3742 οὐρανίως
1616 3667 1914 3740 βασιλεύων
1942 3669 2037 3721 καὶ

454 3765 671 3829 θεῖκῶς.
719 3766 784 3819 Al
824 3765 880 3818 δὲ
919 3765 1216 3819 ἐποπτικού¹
1248 3762 1413 3817 αὑτοῦ
1449 3763 1704 3834 δυνάμεις
1741 3759 2037 3833 φρουροῦσι

455 3857 546 3912 τὸν
593 3857 820 3928 πένητα.
883 3856 971 3918 Ὡς
1018 3855 1221 3923 ἀγαθὸς
1256 3855 1312 3908 δὲ
1362 3854 1651 3925 βλεφάροις
1693 3853 1935 3920 ἐξετάζει
1968 3851 2037 3905 τά

459 3947 578 4000 καθ’
614 3949 782 4019 ἡμᾶς,
822 3946 935 4000 ἀλλ’
970 3947 1072 4000 οὐκ
1111 3946 1429 4016 ὀφθαλμοῖς,
1463 3945 1538 4008 ὡς
1581 3944 1645 3998 ἂν
1681 3944 1754 4016 μὴ
1789 3962 2036 4016 παρατη-

461 4035 721 4108 ρούμενος
757 4036 936 4089 αὐτῶν
970 4035 1148 4092 πάντα
1191 4035 1259 4090 τὰ
1293 4035 1698 4106 ἁμαρτήματα·
1743 4033 1902 4087 τοῦτο
1929 4036 2037 4108 γὰρ

454 4127 763 4201 ἀνθρώποις
803 4127 1092 4200 ἀφόρητον.
1157 4127 1482 4199 Ὀφθαλμοῖς
1509 4126 1566 4180 δὲ
1600 4124 1785 4195 βλέπει
1817 4125 1909 4178 τὸν
1941 4125 2039 4178 πέ-

455 4237 612 4294 νητα,
651 4219 845 4290 δαψιλῆ
891 4219 987 4290 τὴν
1025 4217 1342 4291 εὐεργεσίαν
1381 4216 1724 4288 ποιούμενος,
1760 4215 1860 4270 κᾶν
1903 4211 1983 4279 εἷς
2007 4217 2036 4268 ό

456 4311 626 4384 πένης
657 4312 907 4384 ὑπάρχῃ·
946 4310 1053 4365 τῶν
1085 4311 1142 4365 δέ
1174 4309 1382 4363 πολλῶν
1407 4309 1505 4372 τὰς
1531 4308 1778 4373 κολάσεις
1813 4308 2034 4362 συστέλ-

452 4401 580 4466 λων,
615 4402 672 4455 αἳ
705 4403 795 4456 καὶ
826 4401 961 4456 πολὺ
989 4402 1048 4454 τὸ
1078 4400 1458 4472 κεκρυμμένον
1488 4400 1719 4471 ἔχουσιν.
1765 4401 1854 4454 Ἐν
1881 4399 1937 4453 δὲ
1963 4401 2030 4471 τῇ

454 4494 588 4548 Θεοῦ
643 4493 885 4559 ἐξετάσει
946 4495 1228 4567 παρρησία
1287 4492 1395 4546 τῶν
1453 4492 1676 4561 ἀγαθῶν
1736 4493 2033 4563 γινομένων

455 4588 643 4659 πολλή.
687 4607 704 4639 ι
756 4587 846 4658 Τῷ
900 4587 1104 4659 βήματι
1162 4607 1179 4639 ι
1233 4588 1341 4659 γὰρ
1375 4606 1393 4640 ι
1443 4584 1607 4640 αὐτοῦ
1655 4585 2034 4656 φανερωθῆναι

455 4681 664 4743 πάντας
694 4680 793 4746 δεῖ,
830 4680 917 4734 ἴνα
954 4679 1248 4751 κομίσηται
1292 4679 1522 4742 ἕκαστος
1564 4677 1632 4730 τὰ
1663 4677 1767 4729 ῖδια
1797 4676 1890 4729 τοῦ
1925 4676 2031 4729 σώ-

458 4789 647 4842 ματος,
670 4773 706 4828 ἃ.
739 4773 995 4846 ἔπραξεν,
1022 4774 1132 4828 εἴτε
1157 4771 1360 4842 ἀγαθὸν
1383 4770 1491 4825 εἴτε
1517 4770 1704 4823 κακόν.
1752 4788 1770 4821 ι

539 4866 648 4922 Τοῦ
687 4865 893 4934 αὐτοῦ.
930 4865 969 4918 Γ
972 4863 1222 4935 ενὼμεθα
1263 4864 1493 4936 πένητες
1524 4860 1656 4932 (96),
1696 4861 1784 4913 ἵνα
1819 4858 2029 4930 βλέπω-

455 4981 539 5018 σιν
569 4962 716 5034 ἡμᾶς
752 4961 799 5013 οἱ
838 4957 931 5012 τοῦ
962 4959 1169 5031 Κυρίου
1198 4955 1488 5028 ὀφθαλμοί.
1531 4956 1595 5010 Εἰ
1624 4954 1680 5008 δέ
1708 4955 1756 5006 οἱ
1791 4951 2033 5005 πλούσιοι

445 5057 550 5110 οὐκ
592 5053 700 5107 εισὶ
745 5051 998 5122 πένητες,
1030 5050 1131 5103 οὑκ
1170 5048 1455 5102 ἐπιϐλέπει
1506 5048 1634 5110 τοὺς
1679 5043 1967 5106 πλουσίους
2006 5043 2036 5096 ό

451 5149 674 5219 Κύριος.
712 5143 836 5206 Τοῖς
866 5141 1160 5212 ὀφθαλμοῖς
1189 5139 1373 5211 βλέπει
1423 5139 1515 5192 τὸν
1564 5138 1791 5208 πένητα,
1839 5134 2032 5205 δαψιλῆ

449 5243 549 5314 τὴν
575 5237 890 5310 εὐεργεσίαν
923 5234 1263 5306 ποιούμενος,
1299 5231 1401 5287 κᾶν
1430 5228 1510 5296 εἷς
1532 5233 1560 5284 ό
1585 5229 1879 5300 πενόμενος
1905 5243 2034 5295 τυγ-

452 5349 626 5401 χανει.

531 5473 571 5506 ⁸³
609 5471 648 5524 ll
688 5469 814 5524 Cor.
857 5483 909 5532 ν,
947 5466 1034 5521 10.

523 5603 762 5678 (9⁵5)Μὴ
792 5602 1170 5672 ἀρκούμενοι,
1218 5598 1392 5669 φησι,
1434 5596 1531 5667 τῇ,
1562 5608 1668 5652 etc.
1708 5594 2028 5657 Corderius,

454 5677 859 5814 θιὲῗςᾚὲἓέν
889 5739 1061 5814 ἐστὶν
1082 5737 1414 5808 ἀκάθαρτος
1461 5735 1627 5802 νοῦς,
1668 5744 1775 5791 etc.
1807 5729 2034 5788 Scheda:

454 5811 662 5882 Grabii,
696 5825 749 5870 et
787 5811 1081 5866 Barbarus.

2142 3220 2277 3275 nihil
2313 3235 2548 3290 unquam
2581 3219 2632 3274 in
2661 3219 2917 3276 damnum
2945 3219 3073 3276 Saul
3105 3221 3398 3290 paraverit.

2211 3312 2378 3368 Vens.
2402 3312 2458 3368 5.
2498 3311 2755 3366 Dominus
2791 3313 2844 3366 in
2873 3310 3064 3380 templo
3089 3321 3270 3367 sancto
3290 3326 3411 3375 suo;
3439 3309 3715 3375 Dominus,

2137 3403 2194 3458 in
2234 3403 2360 3458 eazlo
2422 3404 2568 3458 sedes
2624 3405 2762 3475 ejus.
2796 3401 2951 3458 Oculi
2994 3403 3110 3471 ejus
3145 3403 3197 3456 in
3226 3417 3507 3472 pauperem
3547 3401 3714 3462 respi-

2139 3496 2306 3562 ciunt,
2362 3496 2621 3567 palpebrae
2672 3496 2787 3564 eius
2836 3496 3162 3565 interrogant
3221 3493 3361 3562 ﬁlios
3425 3493 3714 3558 hominum,

2138 3599 2246 3646 etc.
2290 3587 2509 3645 llabitat
2543 3589 2687 3644 Deus
2720 3588 2774 3644 in
2805 3597 2992 3644 saneta
3034 3596 3089 3642 et
3117 3585 3324 3642 coalesti
3357 3585 3712 3654 cogitatione,

2139 3678 2347 3736 cmlesti
2391 3694 2457 3734 ac
2487 3678 2671 3735 divino
2705 3678 2865 3734 modo
2903 3692 3160 3749 regnans.
3205 3676 3556 3745 lnspectrices
3596 3676 3717 3746 ejus

2139 3773 2284 3827 vires
2317 3770 2612 3827 defendunt
2647 3784 2961 3840 pauperem.
3003 3769 3071 3822 At
3115 3783 3245 3824 vero
3285 3776 3343 3821 ut
3372 3767 3568 3833 bonus,
3599 3765 3716 3835 pal-

2138 3862 2342 3931 pehris,
2395 3878 2501 3916 non
2560 3861 2734 3916 oculis
2779 3861 3062 3916 examinat
3101 3872 3188 3912 res
3218 3865 3472 3922 nostras,
3519 3857 3717 3927 quippe

2138 3953 2230 4021 qui
2279 3966 2386 4005 non
2434 3953 2615 4006 omnia
2646 3963 2832 4005 earum
2867 3948 3058 4003 delicta
3100 3947 3397 4003 observet:
3431 3946 3531 3999 hoc
3568 3947 3714 3999 enim

2138 4042 2446 4098 hominibus
2521 4039 2859 4096 intolerabile
2928 4038 3090 4093 foret.
3170 4035 3356 4092 Oculis
3423 4050 3714 4105 pauperem

2138 4133 2384 4202 respicit,
2419 4133 2638 4189 uberem
2665 4131 3082 4186 beneﬁcentiam
3110 4131 3394 4190 exhibens,
3427 4136 3716 4196 quantum-

2137 4226 2219 4281 vis
2267 4225 2461 4281 unicus
2516 4225 2560 4280 is
2612 4238 2817 4293 pauper
2872 4221 3073 4286 fuerit;
3125 4219 3479 4289 plurimorum
3534 4228 3713 4271 autem

2137 4317 2400 4388 supplicia
2441 4315 2725 4380 cohibens,
2761 4327 2882 4383 qua
2914 4312 3075 4368 etiam
3115 4310 3274 4364 valde
3305 4307 3519 4364 occulta
3563 4318 3710 4362 sunt.

2137 4410 2406 4467 Caeterum
2437 4408 2488 4462 in
2529 4405 2713 4461 divino
2758 4404 3006 4460 examine
3044 4415 3239 4469 magna
3293 4399 3397 4453 erit
3447 4398 3712 4453 bonorum

2139 4501 2423 4559 securitas.
2460 4519 2479 4553 ι
2510 4497 2738 4555 Omnes»
2769 4497 2912 4553 enim
2951 4490 3312 4548 unanifestari
3351 4499 3564 4561 oportet
3586 4498 3713 4542 ante

2139 4595 2374 4653 tribunal
2419 4593 2554 4664 ejus,
2605 4602 2664 4647 ut
2696 4592 2894 4648 referat
2923 4589 3294 4658 unusquisque
3343 4584 3554 4656 propria
3589 4597 3712 4638 cor-

2137 4691 2305 4760 poris,
2333 4697 2494 4758 prout
2522 4687 2710 4758 gessit,
2738 4685 2853 4739 sive
2881 4683 3105 4748 bonum,
3143 4679 3258 4734 sive
3289 4677 3486 4730 malum
3518 4673 3582 4728 ίδ.
3617 4692 3634 4726 ι

2207 4866 2480 4936 Eiusdem.
2539 4863 2760 4919 Fiamus
2785 4873 3049 4931 pauperes
3088 4868 3149 4912 ut
3195 4872 3293 4913 nos
3321 4855 3461 4912 oculi
3499 4855 3712 4910 Domini

2140 4957 2457 5028 respiciant.
2489 4949 2766 5009 Si'divites
2798 4964 2904 5003 non
2933 4953 3062 5002 sunt
3088 4957 3377 5017 pauperes,
3401 4957 3505 4997 non
3541 4939 3714 5010 respi-

2137 5051 2213 5106 cit
2244 5049 2438 5105 divites
2467 5044 2747 5101 Dominus.
2779 5039 2966 5098 Oculis
2993 5052 3286 5108 pauperem
3331 5033 3551 5104 respicit
3579 5033 3714 5086 ube-

2139 5156 2253 5196 rem
2303 5136 2716 5194 beneﬂccntiam
2755 5131 3050 5198 exhibens,
3109 5126 3358 5201 quamvis
3407 5124 3596 5180 unicus
3641 5123 3715 5177 sit

2139 5244 2360 5302 pauper.

2207 5580 2512 5652 (955)01er
2544 5577 2709 5644 Θεός,
2740 5584 2845 5630 etc.
2887 5571 3068 5628 Codex
3095 5562 3481 5626 Coislinianus,
3511 5559 3717 5617 Corde-

2139 5659 2276 5717 t‘ius,
2312 5653 2605 5706 Barbarus.
2797 5712 2808 5717 _
3226 5705 3258 5717 η
3301 5703 3314 5717 ,
3505 5698 3542 5717 η
3569 5699 3630 5717 ,4.
3655 5699 3688 5712 ..

2213 5698 2695 5796 narrasse.
2735 5712 3008 5781 πένητες,
3068 5717 3174 5764 etc.
3226 5702 3454 5760 Schedzc
3503 5698 3718 5768 Grabii,

2145 5796 2437 5852 Barbarus.
