  <div class='ocr_page' id='page_1' title='image "/cluster/home/n/w/nwhite01/storage/ocr_20150623/12:no.2/coo.31924054873074/613.png"; bbox 0 0 4100 6388; ppageno 0'>
   <div class='ocr_carea' id='block_1_1' title="bbox 432 372 3709 447">
    <p class='ocr_par' dir='ltr' id='par_1_1' title="bbox 432 372 3709 447">
     <span class='ocr_line' id='line_1_1' title="bbox 432 372 3709 447; baseline 0.004 -26"><span class='ocrx_word' id='word_1_1' title='bbox 432 378 565 433; x_wconf 69' lang='lat'><strong>“99</strong></span> <span class='ocrx_word' id='word_1_2' title='bbox 1854 373 1942 427; x_wconf 70' lang='lat' dir='ltr'><strong>lix</strong></span> <span class='ocrx_word' id='word_1_3' title='bbox 1978 372 2280 429; x_wconf 69' lang='lat' dir='ltr'><strong>()RlGENE</strong></span> <span class='ocrx_word' id='word_1_4' title='bbox 3568 388 3709 447; x_wconf 62' lang='lat' dir='ltr'><strong>uno</strong></span> 
     </span>
    </p>
   </div>
   <div class='ocr_carea' id='block_1_2' title="bbox 505 489 2124 574">
    <p class='ocr_par' dir='ltr' id='par_1_2' title="bbox 505 489 2086 560">
     <span class='ocr_line' id='line_1_2' title="bbox 505 489 2086 560; baseline -0.003 -14"><span class='ocrx_word' id='word_1_5' title='bbox 505 495 664 548; x_wconf 72' lang='lat' dir='ltr'><strong>Vens.</strong></span> <span class='ocrx_word' id='word_1_6' title='bbox 708 494 758 547; x_wconf 83' lang='lat'><strong>6.</strong></span> <span class='ocrx_word' id='word_1_7' title='bbox 808 491 1059 545; x_wconf 82' lang='lat' dir='ltr'><strong>Dominus</strong></span> <span class='ocrx_word' id='word_1_8' title='bbox 1101 492 1391 560; x_wconf 79' lang='lat' dir='ltr'><strong>interrogat</strong></span> <span class='ocrx_word' id='word_1_9' title='bbox 1424 490 1631 559; x_wconf 80' lang='lat' dir='ltr'><strong>justum</strong></span> <span class='ocrx_word' id='word_1_10' title='bbox 1678 498 1722 541; x_wconf 75' lang='lat' dir='ltr'><strong>et</strong></span> <span class='ocrx_word' id='word_1_11' title='bbox 1758 489 2009 559; x_wconf 71' lang='lat' dir='ltr'><strong>impium;</strong></span> <span class='ocrx_word' id='word_1_12' title='bbox 2046 495 2086 550; x_wconf 77' lang='grc' dir='ltr'>Α</span> 
     </span>
    </p>
   </div>
   <div class='ocr_carea' id='block_1_3' title="bbox 2088 489 3707 574">
    <p class='ocr_par' dir='ltr' id='par_1_3' title="bbox 2188 494 3707 574">
     <span class='ocr_line' id='line_1_3' title="bbox 2188 494 3707 574; baseline 0.008 -30"><span class='ocrx_word' id='word_1_13' title='bbox 2188 494 2401 559; x_wconf 62' lang='grc' dir='ltr'>Κύριος</span> <span class='ocrx_word' id='word_1_14' title='bbox 2429 494 2687 557; x_wconf 71' lang='grc' dir='ltr'>ἐξετάζει.</span> <span class='ocrx_word' id='word_1_15' title='bbox 2732 496 2837 549; x_wconf 63' lang='grc' dir='ltr'><strong>τὸν</strong></span> <span class='ocrx_word' id='word_1_16' title='bbox 2871 496 3103 552; x_wconf 68' lang='grc' dir='ltr'>δίκαιον</span> <span class='ocrx_word' id='word_1_17' title='bbox 3143 500 3237 553; x_wconf 70' lang='grc' dir='ltr'>καὶ</span> <span class='ocrx_word' id='word_1_18' title='bbox 3274 502 3376 554; x_wconf 65' lang='lat' dir='ltr'><strong>m-</strong></span> <span class='ocrx_word' id='word_1_19' title='bbox 3409 504 3600 574; x_wconf 64' lang='grc' dir='ltr'><strong>ἀσεϐῆ</strong></span> <span class='ocrx_word' id='word_1_20' title='bbox 3626 524 3638 537; x_wconf 75' lang='grc' dir='ltr'><strong><em>ο</em></strong></span> <span class='ocrx_word' id='word_1_21' title='bbox 3676 514 3707 559; x_wconf 74' lang='grc' dir='ltr'>ὁ</span> 
     </span>
    </p>
   </div>
   <div class='ocr_carea' id='block_1_4' title="bbox 426 584 2045 664">
    <p class='ocr_par' dir='ltr' id='par_1_4' title="bbox 426 584 2010 662">
     <span class='ocr_line' id='line_1_4' title="bbox 426 584 2010 662; baseline -0.006 -18"><span class='ocrx_word' id='word_1_22' title='bbox 426 594 518 662; x_wconf 88' lang='lat' dir='ltr'><strong>qui</strong></span> <span class='ocrx_word' id='word_1_23' title='bbox 563 600 735 643; x_wconf 85' lang='lat' dir='ltr'><strong>autem</strong></span> <span class='ocrx_word' id='word_1_24' title='bbox 777 588 950 656; x_wconf 80' lang='lat' dir='ltr'><strong>diligit</strong></span> <span class='ocrx_word' id='word_1_25' title='bbox 998 586 1332 654; x_wconf 74' lang='lat' dir='ltr'><strong>iniquitatem</strong></span> <span class='ocrx_word' id='word_1_26' title='bbox 1378 584 1486 637; x_wconf 86' lang='lat' dir='ltr'><strong>odit</strong></span> <span class='ocrx_word' id='word_1_27' title='bbox 1533 585 1769 636; x_wconf 76' lang='lat' dir='ltr'><strong>animum</strong></span> <span class='ocrx_word' id='word_1_28' title='bbox 1834 600 2010 641; x_wconf 72' lang='lat' dir='ltr'><strong>suam.</strong></span> 
     </span>
    </p>
   </div>
   <div class='ocr_carea' id='block_1_5' title="bbox 2087 584 3706 664">
    <p class='ocr_par' dir='ltr' id='par_1_5' title="bbox 2116 584 3706 664">
     <span class='ocr_line' id='line_1_5' title="bbox 2116 584 3706 664; baseline 0.009 -29"><span class='ocrx_word' id='word_1_29' title='bbox 2116 584 2184 636; x_wconf 71' lang='grc' dir='ltr'><strong>δὲ·</strong></span> <span class='ocrx_word' id='word_1_30' title='bbox 2236 586 2483 652; x_wconf 70' lang='grc' dir='ltr'>ἀγαπῶν</span> <span class='ocrx_word' id='word_1_31' title='bbox 2532 587 2772 640; x_wconf 68' lang='grc' dir='ltr'>ἀδικίαν</span> <span class='ocrx_word' id='word_1_32' title='bbox 2813 588 2983 658; x_wconf 80' lang='grc' dir='ltr'>μισεῖ</span> <span class='ocrx_word' id='word_1_33' title='bbox 3038 590 3150 655; x_wconf 70' lang='grc' dir='ltr'><strong>τὴν</strong></span> <span class='ocrx_word' id='word_1_34' title='bbox 3200 592 3419 645; x_wconf 67' lang='grc' dir='ltr'>ἑαυτοῦ</span> <span class='ocrx_word' id='word_1_35' title='bbox 3470 596 3706 664; x_wconf 57' lang='grc' dir='ltr'><strong>ψυχὴν,</strong></span> 
     </span>
    </p>
   </div>
   <div class='ocr_carea' id='block_1_6' title="bbox 427 675 2046 754">
    <p class='ocr_par' dir='ltr' id='par_1_6' title="bbox 427 675 2010 747">
     <span class='ocr_line' id='line_1_6' title="bbox 427 675 2010 747; baseline -0.004 -14"><span class='ocrx_word' id='word_1_36' title='bbox 427 690 534 737; x_wconf 92' lang='lat' dir='ltr'><strong>etc.</strong></span> <span class='ocrx_word' id='word_1_37' title='bbox 572 680 919 747; x_wconf 78' lang='lat' dir='ltr'><strong>Quapropter</strong></span> <span class='ocrx_word' id='word_1_38' title='bbox 957 676 1135 729; x_wconf 89' lang='lat' dir='ltr'><strong>omnis</strong></span> <span class='ocrx_word' id='word_1_39' title='bbox 1170 675 1260 743; x_wconf 85' lang='lat' dir='ltr'><strong>qui</strong></span> <span class='ocrx_word' id='word_1_40' title='bbox 1300 683 1499 741; x_wconf 85' lang='lat' dir='ltr'><strong>peccat</strong></span> <span class='ocrx_word' id='word_1_41' title='bbox 1533 689 1639 725; x_wconf 90' lang='lat' dir='ltr'><strong>non</strong></span> <span class='ocrx_word' id='word_1_42' title='bbox 1670 687 1831 727; x_wconf 90' lang='lat' dir='ltr'><strong>secus</strong></span> <span class='ocrx_word' id='word_1_43' title='bbox 1863 688 1926 727; x_wconf 90' lang='lat' dir='ltr'><strong>ac</strong></span> <span class='ocrx_word' id='word_1_44' title='bbox 1966 675 2010 726; x_wconf 91' lang='lat' dir='ltr'><strong>si</strong></span> 
     </span>
    </p>
   </div>
   <div class='ocr_carea' id='block_1_7' title="bbox 2091 675 3710 754">
    <p class='ocr_par' dir='ltr' id='par_1_7' title="bbox 2116 677 3710 754">
     <span class='ocr_line' id='line_1_7' title="bbox 2116 677 3710 754; baseline 0.009 -28"><span class='ocrx_word' id='word_1_45' title='bbox 2116 692 2167 727; x_wconf 91' lang='grc' dir='ltr'><strong>κ.</strong></span> <span class='ocrx_word' id='word_1_46' title='bbox 2206 692 2254 728; x_wconf 90' lang='grc' dir='ltr'><strong>τ.</strong></span> <span class='ocrx_word' id='word_1_47' title='bbox 2292 678 2336 727; x_wconf 81' lang='grc' dir='ltr'>ὲ.</span> <span class='ocrx_word' id='word_1_48' title='bbox 2372 677 2463 729; x_wconf 81' lang='grc' dir='ltr'>Διὸ</span> <span class='ocrx_word' id='word_1_49' title='bbox 2498 680 2605 740; x_wconf 79' lang='grc' dir='ltr'><strong>πᾶς</strong></span> <span class='ocrx_word' id='word_1_50' title='bbox 2639 680 2666 731; x_wconf 83' lang='grc' dir='ltr'>ὁ</span> <span class='ocrx_word' id='word_1_51' title='bbox 2696 680 3024 751; x_wconf 75' lang='grc' dir='ltr'><strong>ἁμαρτάνων</strong></span> <span class='ocrx_word' id='word_1_52' title='bbox 3060 682 3170 751; x_wconf 79' lang='grc'>(97)</span> <span class='ocrx_word' id='word_1_53' title='bbox 3208 683 3282 745; x_wconf 83' lang='grc' dir='ltr'>ὡς</span> <span class='ocrx_word' id='word_1_54' title='bbox 3320 685 3384 737; x_wconf 79' lang='grc' dir='ltr'><strong>ἄν</strong></span> <span class='ocrx_word' id='word_1_55' title='bbox 3417 703 3501 748; x_wconf 76' lang='grc' dir='ltr'><strong>τις</strong></span> <span class='ocrx_word' id='word_1_56' title='bbox 3535 690 3710 754; x_wconf 82' lang='grc' dir='ltr'>μισῶν</span> 
     </span>
    </p>
   </div>
   <div class='ocr_carea' id='block_1_8' title="bbox 426 765 2045 847">
    <p class='ocr_par' dir='ltr' id='par_1_8' title="bbox 426 765 2011 838">
     <span class='ocr_line' id='line_1_8' title="bbox 426 765 2011 838; baseline -0.006 -10"><span class='ocrx_word' id='word_1_57' title='bbox 426 775 622 836; x_wconf 88' lang='lat' dir='ltr'><strong>oderit,</strong></span> <span class='ocrx_word' id='word_1_58' title='bbox 677 771 968 826; x_wconf 80' lang='lat' dir='ltr'><strong>insidiatur</strong></span> <span class='ocrx_word' id='word_1_59' title='bbox 1010 768 1243 838; x_wconf 74' lang='lat' dir='ltr'><strong>propriae</strong></span> <span class='ocrx_word' id='word_1_60' title='bbox 1288 767 1521 822; x_wconf 76' lang='lat' dir='ltr'><strong>animte;</strong></span> <span class='ocrx_word' id='word_1_61' title='bbox 1555 765 2011 835; x_wconf 86' lang='lat' dir='ltr'><strong>quemadmodum</strong></span> 
     </span>
    </p>
   </div>
   <div class='ocr_carea' id='block_1_9' title="bbox 2092 765 3711 847">
    <p class='ocr_par' dir='ltr' id='par_1_9' title="bbox 2114 768 3711 847">
     <span class='ocr_line' id='line_1_9' title="bbox 2114 768 3711 847; baseline 0.01 -27"><span class='ocrx_word' id='word_1_62' title='bbox 2114 768 2451 822; x_wconf 75' lang='grc' dir='ltr'>ἐπιϐουλεύει</span> <span class='ocrx_word' id='word_1_63' title='bbox 2481 774 2544 841; x_wconf 83' lang='grc' dir='ltr'>τῇ</span> <span class='ocrx_word' id='word_1_64' title='bbox 2587 771 2691 842; x_wconf 80' lang='grc' dir='ltr'>ίδίᾳ</span> <span class='ocrx_word' id='word_1_65' title='bbox 2724 771 2889 842; x_wconf 70' lang='grc' dir='ltr'>ψυχῇ.</span> <span class='ocrx_word' id='word_1_66' title='bbox 2933 772 3142 845; x_wconf 73' lang='grc' dir='ltr'>Ὥσπερ</span> <span class='ocrx_word' id='word_1_67' title='bbox 3173 773 3265 827; x_wconf 74' lang='grc' dir='ltr'><strong>οὖν</strong></span> <span class='ocrx_word' id='word_1_68' title='bbox 3296 779 3322 830; x_wconf 82' lang='grc' dir='ltr'>ὁ</span> <span class='ocrx_word' id='word_1_69' title='bbox 3360 779 3614 847; x_wconf 81' lang='grc' dir='ltr'>πράττων</span> <span class='ocrx_word' id='word_1_70' title='bbox 3648 782 3711 836; x_wconf 83' lang='grc' dir='ltr'><strong>τὸ</strong></span> 
     </span>
    </p>
   </div>
   <div class='ocr_carea' id='block_1_10' title="bbox 424 858 2043 944">
    <p class='ocr_par' dir='ltr' id='par_1_10' title="bbox 424 858 2013 936">
     <span class='ocr_line' id='line_1_10' title="bbox 424 858 2013 936; baseline -0.005 -15"><span class='ocrx_word' id='word_1_71' title='bbox 424 876 479 921; x_wconf 89' lang='lat' dir='ltr'><strong>et</strong></span> <span class='ocrx_word' id='word_1_72' title='bbox 511 866 601 936; x_wconf 91' lang='lat' dir='ltr'><strong>qui</strong></span> <span class='ocrx_word' id='word_1_73' title='bbox 625 864 771 932; x_wconf 82' lang='lat' dir='ltr'><strong>juste</strong></span> <span class='ocrx_word' id='word_1_74' title='bbox 803 864 936 933; x_wconf 90' lang='lat' dir='ltr'><strong>agit,</strong></span> <span class='ocrx_word' id='word_1_75' title='bbox 974 863 1214 932; x_wconf 89' lang='lat' dir='ltr'><strong>seipsum</strong></span> <span class='ocrx_word' id='word_1_76' title='bbox 1250 861 1448 931; x_wconf 85' lang='lat' dir='ltr'><strong>diligit,</strong></span> <span class='ocrx_word' id='word_1_77' title='bbox 1491 860 1616 914; x_wconf 90' lang='lat' dir='ltr'><strong>dum</strong></span> <span class='ocrx_word' id='word_1_78' title='bbox 1659 868 1714 912; x_wconf 90' lang='lat' dir='ltr'><strong>et</strong></span> <span class='ocrx_word' id='word_1_79' title='bbox 1741 858 1807 914; x_wconf 92' lang='lat' dir='ltr'><strong>de</strong></span> <span class='ocrx_word' id='word_1_80' title='bbox 1831 860 2013 929; x_wconf 86' lang='lat' dir='ltr'><strong>seipse</strong></span> 
     </span>
    </p>
   </div>
   <div class='ocr_carea' id='block_1_11' title="bbox 2093 858 3712 944">
    <p class='ocr_par' dir='ltr' id='par_1_11' title="bbox 2112 862 3712 944">
     <span class='ocr_line' id='line_1_11' title="bbox 2112 862 3712 944; baseline 0.011 -31"><span class='ocrx_word' id='word_1_81' title='bbox 2112 862 2319 915; x_wconf 88' lang='grc' dir='ltr'>δίκαιον</span> <span class='ocrx_word' id='word_1_82' title='bbox 2368 863 2528 918; x_wconf 78' lang='grc' dir='ltr'>αὑτὸν</span> <span class='ocrx_word' id='word_1_83' title='bbox 2581 865 2791 936; x_wconf 79' lang='grc' dir='ltr'>ἀγαπᾷ,</span> <span class='ocrx_word' id='word_1_84' title='bbox 2841 868 3033 921; x_wconf 75' lang='grc' dir='ltr'>ἑαυτόν</span> <span class='ocrx_word' id='word_1_85' title='bbox 3086 886 3146 920; x_wconf 89' lang='grc' dir='ltr'><strong>τε</strong></span> <span class='ocrx_word' id='word_1_86' title='bbox 3190 870 3284 922; x_wconf 76' lang='grc' dir='ltr'><strong>καὶ</strong></span> <span class='ocrx_word' id='word_1_87' title='bbox 3334 872 3424 923; x_wconf 71' lang='grc' dir='ltr'>τὸν</span> <span class='ocrx_word' id='word_1_88' title='bbox 3480 873 3712 944; x_wconf 76' lang='grc' dir='ltr'><strong>πλησίον</strong></span> 
     </span>
    </p>
   </div>
   <div class='ocr_carea' id='block_1_12' title="bbox 426 953 2045 1031">
    <p class='ocr_par' dir='ltr' id='par_1_12' title="bbox 426 953 2009 1031">
     <span class='ocr_line' id='line_1_12' title="bbox 426 953 2009 1031; baseline -0.007 -14"><span class='ocrx_word' id='word_1_89' title='bbox 426 972 480 1017; x_wconf 91' lang='lat' dir='ltr'><strong>et</strong></span> <span class='ocrx_word' id='word_1_90' title='bbox 516 963 581 1015; x_wconf 91' lang='lat' dir='ltr'><strong>de</strong></span> <span class='ocrx_word' id='word_1_91' title='bbox 625 961 877 1031; x_wconf 81' lang='lat' dir='ltr'><strong>proximo</strong></span> <span class='ocrx_word' id='word_1_92' title='bbox 925 958 1062 1013; x_wconf 84' lang='lat' dir='ltr'><strong>bene</strong></span> <span class='ocrx_word' id='word_1_93' title='bbox 1104 966 1364 1021; x_wconf 88' lang='lat' dir='ltr'><strong>meretur,</strong></span> <span class='ocrx_word' id='word_1_94' title='bbox 1414 965 1706 1025; x_wconf 90' lang='lat' dir='ltr'><strong>utrumque</strong></span> <span class='ocrx_word' id='word_1_95' title='bbox 1745 954 1907 1009; x_wconf 90' lang='lat' dir='ltr'><strong>simul</strong></span> <span class='ocrx_word' id='word_1_96' title='bbox 1947 953 2009 1007; x_wconf 79' lang='lat' dir='ltr'><strong>ad</strong></span> 
     </span>
    </p>
   </div>
   <div class='ocr_carea' id='block_1_13' title="bbox 2086 953 3705 1031">
    <p class='ocr_par' dir='ltr' id='par_1_13' title="bbox 2113 955 3705 1030">
     <span class='ocr_line' id='line_1_13' title="bbox 2113 955 3705 1030; baseline 0.008 -23"><span class='ocrx_word' id='word_1_97' title='bbox 2113 955 2439 1026; x_wconf 73' lang='grc' dir='ltr'>εὐεργετῶν,</span> <span class='ocrx_word' id='word_1_98' title='bbox 2489 957 2567 1028; x_wconf 77' lang='grc' dir='ltr'>τῷ</span> <span class='ocrx_word' id='word_1_99' title='bbox 2598 960 2677 1021; x_wconf 86' lang='grc' dir='ltr'><strong>είς</strong></span> <span class='ocrx_word' id='word_1_100' title='bbox 2710 958 2909 1030; x_wconf 73' lang='grc' dir='ltr'>ἀρετὴν</span> <span class='ocrx_word' id='word_1_101' title='bbox 2963 960 3125 1013; x_wconf 68' lang='grc' dir='ltr'>αὑτὸν</span> <span class='ocrx_word' id='word_1_102' title='bbox 3174 962 3326 1030; x_wconf 80' lang='grc' dir='ltr'>ἄγειν</span> <span class='ocrx_word' id='word_1_103' title='bbox 3367 964 3442 1027; x_wconf 78' lang='grc' dir='ltr'>ὡς</span> <span class='ocrx_word' id='word_1_104' title='bbox 3490 966 3705 1020; x_wconf 74' lang='grc' dir='ltr'>ἑαυτόν.</span> 
     </span>
    </p>
   </div>
   <div class='ocr_carea' id='block_1_14' title="bbox 422 1046 2041 1129">
    <p class='ocr_par' dir='ltr' id='par_1_14' title="bbox 422 1046 2011 1119">
     <span class='ocr_line' id='line_1_14' title="bbox 422 1046 2011 1119; baseline -0.006 -10"><span class='ocrx_word' id='word_1_105' title='bbox 422 1055 677 1109; x_wconf 82' lang='lat' dir='ltr'><strong>virtutem</strong></span> <span class='ocrx_word' id='word_1_106' title='bbox 711 1052 1050 1107; x_wconf 83' lang='lat' dir='ltr'><strong>adducentlo.</strong></span> <span class='ocrx_word' id='word_1_107' title='bbox 1098 1050 1326 1119; x_wconf 87' lang='lat' dir='ltr'><strong>lmpium</strong></span> <span class='ocrx_word' id='word_1_108' title='bbox 1372 1058 1553 1102; x_wconf 86' lang='lat' dir='ltr'><strong>autem</strong></span> <span class='ocrx_word' id='word_1_109' title='bbox 1600 1048 1732 1101; x_wconf 88' lang='lat' dir='ltr'><strong>dicit</strong></span> <span class='ocrx_word' id='word_1_110' title='bbox 1764 1062 1885 1100; x_wconf 88' lang='lat' dir='ltr'><strong>eum</strong></span> <span class='ocrx_word' id='word_1_111' title='bbox 1918 1046 2011 1115; x_wconf 86' lang='lat' dir='ltr'><strong>qui</strong></span> 
     </span>
    </p>
   </div>
   <div class='ocr_carea' id='block_1_15' title="bbox 2090 1046 3709 1129">
    <p class='ocr_par' dir='ltr' id='par_1_15' title="bbox 2126 1047 3709 1129">
     <span class='ocr_line' id='line_1_15' title="bbox 2126 1047 3709 1129; baseline 0.008 -31"><span class='ocrx_word' id='word_1_112' title='bbox 2126 1047 2321 1117; x_wconf 72' lang='grc' dir='ltr'><strong>Ἀσεῦἧ</strong></span> <span class='ocrx_word' id='word_1_113' title='bbox 2347 1048 2400 1100; x_wconf 79' lang='grc' dir='ltr'>δὲ</span> <span class='ocrx_word' id='word_1_114' title='bbox 2432 1048 2526 1101; x_wconf 76' lang='grc' dir='ltr'>νῦν</span> <span class='ocrx_word' id='word_1_115' title='bbox 2556 1049 2703 1118; x_wconf 84' lang='grc' dir='ltr'>λέγει</span> <span class='ocrx_word' id='word_1_116' title='bbox 2736 1051 2825 1103; x_wconf 81' lang='grc' dir='ltr'><strong>τὸν</strong></span> <span class='ocrx_word' id='word_1_117' title='bbox 2850 1049 2936 1103; x_wconf 74' lang='grc' dir='ltr'><strong>διὰ</strong></span> <span class='ocrx_word' id='word_1_118' title='bbox 2965 1051 3025 1103; x_wconf 76' lang='grc' dir='ltr'>τὸ</span> <span class='ocrx_word' id='word_1_119' title='bbox 3055 1053 3392 1123; x_wconf 76' lang='grc' dir='ltr'>ἁμαρτάνειν</span> <span class='ocrx_word' id='word_1_120' title='bbox 3428 1073 3709 1129; x_wconf 74' lang='grc' dir='ltr'>καταφρο-</span> 
     </span>
    </p>
   </div>
   <div class='ocr_carea' id='block_1_16' title="bbox 424 1138 2043 1217">
    <p class='ocr_par' dir='ltr' id='par_1_16' title="bbox 424 1138 2011 1217">
     <span class='ocr_line' id='line_1_16' title="bbox 424 1138 2011 1217; baseline -0.007 -15"><span class='ocrx_word' id='word_1_121' title='bbox 424 1147 698 1217; x_wconf 86' lang='lat' dir='ltr'><strong>peccando</strong></span> <span class='ocrx_word' id='word_1_122' title='bbox 732 1147 899 1199; x_wconf 87' lang='lat' dir='ltr'><strong>Deum</strong></span> <span class='ocrx_word' id='word_1_123' title='bbox 931 1143 1257 1208; x_wconf 83' lang='lat' dir='ltr'><strong>contemnit,</strong></span> <span class='ocrx_word' id='word_1_124' title='bbox 1295 1142 1387 1210; x_wconf 88' lang='lat' dir='ltr'><strong>qui</strong></span> <span class='ocrx_word' id='word_1_125' title='bbox 1422 1150 1473 1193; x_wconf 88' lang='lat' dir='ltr'><strong>et</strong></span> <span class='ocrx_word' id='word_1_126' title='bbox 1506 1156 1630 1194; x_wconf 91' lang='lat' dir='ltr'><strong>eum</strong></span> <span class='ocrx_word' id='word_1_127' title='bbox 1673 1140 1822 1209; x_wconf 84' lang='lat' dir='ltr'><strong>justo</strong></span> <span class='ocrx_word' id='word_1_128' title='bbox 1861 1138 2011 1209; x_wconf 88' lang='lat' dir='ltr'><strong>judi-</strong></span> 
     </span>
    </p>
   </div>
   <div class='ocr_carea' id='block_1_17' title="bbox 2089 1138 3708 1217">
    <p class='ocr_par' dir='ltr' id='par_1_17' title="bbox 2112 1139 3708 1215">
     <span class='ocr_line' id='line_1_17' title="bbox 2112 1139 3708 1215; baseline 0.006 -24"><span class='ocrx_word' id='word_1_129' title='bbox 2112 1139 2307 1193; x_wconf 74' lang='grc' dir='ltr'>νοῦντα</span> <span class='ocrx_word' id='word_1_130' title='bbox 2339 1140 2495 1205; x_wconf 77' lang='grc' dir='ltr'>Θεοῦ,</span> <span class='ocrx_word' id='word_1_131' title='bbox 2540 1141 2599 1203; x_wconf 81' lang='grc' dir='ltr'>ὃς</span> <span class='ocrx_word' id='word_1_132' title='bbox 2645 1142 2736 1194; x_wconf 73' lang='grc' dir='ltr'><strong>καὶ</strong></span> <span class='ocrx_word' id='word_1_133' title='bbox 2772 1144 3012 1215; x_wconf 86' lang='grc' dir='ltr'>κρίνεται</span> <span class='ocrx_word' id='word_1_134' title='bbox 3055 1145 3193 1214; x_wconf 82' lang='grc' dir='ltr'>μετὰ</span> <span class='ocrx_word' id='word_1_135' title='bbox 3222 1145 3315 1197; x_wconf 67' lang='grc' dir='ltr'>τοῦ</span> <span class='ocrx_word' id='word_1_136' title='bbox 3362 1145 3597 1212; x_wconf 78' lang='grc' dir='ltr'>δικαίου,</span> <span class='ocrx_word' id='word_1_137' title='bbox 3631 1150 3708 1214; x_wconf 83' lang='grc' dir='ltr'>ὡς</span> 
     </span>
    </p>
   </div>
   <div class='ocr_carea' id='block_1_18' title="bbox 422 1231 2041 1306">
    <p class='ocr_par' dir='ltr' id='par_1_18' title="bbox 422 1232 2009 1306">
     <span class='ocr_line' id='line_1_18' title="bbox 422 1232 2009 1306; baseline -0.004 -14"><span class='ocrx_word' id='word_1_138' title='bbox 422 1250 598 1302; x_wconf 85' lang='lat' dir='ltr'><strong>catur,</strong></span> <span class='ocrx_word' id='word_1_139' title='bbox 653 1248 710 1291; x_wconf 91' lang='lat' dir='ltr'><strong>ut</strong></span> <span class='ocrx_word' id='word_1_140' title='bbox 757 1246 904 1306; x_wconf 90' lang='lat' dir='ltr'><strong>patet</strong></span> <span class='ocrx_word' id='word_1_141' title='bbox 932 1251 997 1289; x_wconf 78' lang='lat' dir='ltr'><strong>ex</strong></span> <span class='ocrx_word' id='word_1_142' title='bbox 1032 1235 1279 1304; x_wconf 79' lang='lat' dir='ltr'><strong>pluribus</strong></span> <span class='ocrx_word' id='word_1_143' title='bbox 1329 1232 1486 1297; x_wconf 90' lang='lat' dir='ltr'><strong>locis,</strong></span> <span class='ocrx_word' id='word_1_144' title='bbox 1543 1241 1653 1287; x_wconf 88' lang='lat' dir='ltr'><strong>tum</strong></span> <span class='ocrx_word' id='word_1_145' title='bbox 1702 1232 2009 1301; x_wconf 67' lang='lat' dir='ltr'><strong>prtesertim</strong></span> 
     </span>
    </p>
   </div>
   <div class='ocr_carea' id='block_1_19' title="bbox 2089 1231 3708 1306">
    <p class='ocr_par' dir='ltr' id='par_1_19' title="bbox 2114 1231 3708 1304">
     <span class='ocr_line' id='line_1_19' title="bbox 2114 1231 3708 1304; baseline 0.007 -21"><span class='ocrx_word' id='word_1_146' title='bbox 2114 1231 2445 1303; x_wconf 76' lang='grc' dir='ltr'>πολλαχόθεν</span> <span class='ocrx_word' id='word_1_147' title='bbox 2494 1234 2675 1304; x_wconf 77' lang='grc' dir='ltr'>δῆλον,</span> <span class='ocrx_word' id='word_1_148' title='bbox 2717 1238 2811 1288; x_wconf 72' lang='grc' dir='ltr'><strong>καὶ</strong></span> <span class='ocrx_word' id='word_1_149' title='bbox 2858 1237 2919 1289; x_wconf 83' lang='grc' dir='ltr'><strong>ἐκ</strong></span> <span class='ocrx_word' id='word_1_150' title='bbox 2970 1236 3062 1289; x_wconf 71' lang='grc' dir='ltr'>τοῦ</span> <span class='ocrx_word' id='word_1_151' title='bbox 3096 1239 3151 1289; x_wconf 79' lang='grc' dir='ltr'><strong>ὲν</strong></span> <span class='ocrx_word' id='word_1_152' title='bbox 3212 1239 3494 1291; x_wconf 55' lang='lat' dir='ltr'><strong>Persam-</strong></span> <span class='ocrx_word' id='word_1_153' title='bbox 3526 1259 3550 1289; x_wconf 71' lang='lat'>1</span> <span class='ocrx_word' id='word_1_154' title='bbox 3598 1243 3708 1296; x_wconf 75' lang='grc' dir='ltr'>Καὶ</span> 
     </span>
    </p>
   </div>
   <div class='ocr_carea' id='block_1_20' title="bbox 423 1320 2042 1403">
    <p class='ocr_par' dir='ltr' id='par_1_20' title="bbox 423 1325 2005 1395">
     <span class='ocr_line' id='line_1_20' title="bbox 423 1325 2005 1395; baseline -0.004 -12"><span class='ocrx_word' id='word_1_155' title='bbox 423 1348 488 1386; x_wconf 75' lang='lat' dir='ltr'><strong>ex</strong></span> <span class='ocrx_word' id='word_1_156' title='bbox 524 1333 615 1385; x_wconf 86' lang='lat' dir='ltr'><strong>illo</strong></span> <span class='ocrx_word' id='word_1_157' title='bbox 658 1331 916 1385; x_wconf 73' lang='lat' dir='ltr'><strong>Geneseos</strong></span> <span class='ocrx_word' id='word_1_158' title='bbox 949 1330 989 1361; x_wconf 84' lang='grc'>¹⁹</span> <span class='ocrx_word' id='word_1_159' title='bbox 1024 1347 1037 1385; x_wconf 88' lang='lat'><strong>:</strong></span> <span class='ocrx_word' id='word_1_160' title='bbox 1078 1348 1093 1379; x_wconf 77' lang='grc' dir='ltr'><strong>ι</strong></span> <span class='ocrx_word' id='word_1_161' title='bbox 1125 1327 1191 1381; x_wconf 84' lang='grc' dir='ltr'>Ει</span> <span class='ocrx_word' id='word_1_162' title='bbox 1231 1327 1540 1395; x_wconf 84' lang='lat' dir='ltr'><strong>eritjustus</strong></span> <span class='ocrx_word' id='word_1_163' title='bbox 1565 1326 1705 1378; x_wconf 86' lang='lat' dir='ltr'><strong>sicut</strong></span> <span class='ocrx_word' id='word_1_164' title='bbox 1739 1325 1952 1394; x_wconf 91' lang='lat' dir='ltr'><strong>impius.</strong></span> <span class='ocrx_word' id='word_1_165' title='bbox 1987 1342 2005 1377; x_wconf 74' lang='grc' dir='ltr'><strong>ι</strong></span> 
     </span>
    </p>
   </div>
   <div class='ocr_carea' id='block_1_21' title="bbox 2090 1320 3709 1403">
    <p class='ocr_par' dir='ltr' id='par_1_21' title="bbox 2117 1320 3709 1403">
     <span class='ocr_line' id='line_1_21' title="bbox 2117 1320 3709 1403; baseline 0.006 -27"><span class='ocrx_word' id='word_1_166' title='bbox 2117 1320 2269 1376; x_wconf 77' lang='grc' dir='ltr'>ἔσται</span> <span class='ocrx_word' id='word_1_167' title='bbox 2301 1325 2507 1390; x_wconf 84' lang='grc' dir='ltr'>δίκαιος</span> <span class='ocrx_word' id='word_1_168' title='bbox 2546 1326 2619 1390; x_wconf 83' lang='grc' dir='ltr'>ὡς</span> <span class='ocrx_word' id='word_1_169' title='bbox 2666 1328 2693 1379; x_wconf 85' lang='grc' dir='ltr'>ὁ</span> <span class='ocrx_word' id='word_1_170' title='bbox 2743 1328 2979 1399; x_wconf 70' lang='grc' dir='ltr'>ἀσεϐής·</span> <span class='ocrx_word' id='word_1_171' title='bbox 3039 1349 3057 1381; x_wconf 70' lang='grc' dir='ltr'><strong>ι</strong></span> <span class='ocrx_word' id='word_1_172' title='bbox 3108 1332 3135 1383; x_wconf 84' lang='grc' dir='ltr'>ὁ</span> <span class='ocrx_word' id='word_1_173' title='bbox 3170 1329 3280 1401; x_wconf 74' lang='grc' dir='ltr'>γὰρ</span> <span class='ocrx_word' id='word_1_174' title='bbox 3329 1331 3506 1403; x_wconf 82' lang='grc' dir='ltr'>πάντη</span> <span class='ocrx_word' id='word_1_175' title='bbox 3550 1333 3709 1396; x_wconf 82' lang='grc' dir='ltr'><strong>ἄθεος</strong></span> 
     </span>
    </p>
   </div>
   <div class='ocr_carea' id='block_1_22' title="bbox 421 1415 2040 1493">
    <p class='ocr_par' dir='ltr' id='par_1_22' title="bbox 421 1415 2008 1493">
     <span class='ocr_line' id='line_1_22' title="bbox 421 1415 2008 1493; baseline -0.008 -13"><span class='ocrx_word' id='word_1_176' title='bbox 421 1424 558 1480; x_wconf 80' lang='lat' dir='ltr'><strong>Nam</strong></span> <span class='ocrx_word' id='word_1_177' title='bbox 602 1423 695 1492; x_wconf 87' lang='lat' dir='ltr'><strong>qui</strong></span> <span class='ocrx_word' id='word_1_178' title='bbox 742 1438 967 1493; x_wconf 81' lang='lat' dir='ltr'><strong>prorsus</strong></span> <span class='ocrx_word' id='word_1_179' title='bbox 1006 1423 1124 1477; x_wconf 83' lang='lat' dir='ltr'><strong>sine</strong></span> <span class='ocrx_word' id='word_1_180' title='bbox 1172 1420 1283 1474; x_wconf 90' lang='lat' dir='ltr'><strong>Deo</strong></span> <span class='ocrx_word' id='word_1_181' title='bbox 1342 1427 1445 1483; x_wconf 83' lang='lat' dir='ltr'><strong>est,</strong></span> <span class='ocrx_word' id='word_1_182' title='bbox 1504 1432 1609 1471; x_wconf 90' lang='lat' dir='ltr'><strong>non</strong></span> <span class='ocrx_word' id='word_1_183' title='bbox 1666 1424 1913 1485; x_wconf 74' lang='lat' dir='ltr'><strong>resurget</strong></span> <span class='ocrx_word' id='word_1_184' title='bbox 1957 1415 2008 1468; x_wconf 92' lang='lat' dir='ltr'><strong>in</strong></span> 
     </span>
    </p>
   </div>
   <div class='ocr_carea' id='block_1_23' title="bbox 1297 1415 2916 1493">
    <p class='ocr_par' dir='ltr' id='par_1_23' title="bbox 1342 1415 2916 1492">
     <span class='ocr_line' id='line_1_23' title="bbox 1342 1415 2916 1492; baseline 0 -21"><span class='ocrx_word' id='word_1_185' title='bbox 1342 1427 1445 1483; x_wconf 83' lang='lat' dir='ltr'><strong>est,</strong></span> <span class='ocrx_word' id='word_1_186' title='bbox 1504 1432 1609 1471; x_wconf 89' lang='lat' dir='ltr'><strong>non</strong></span> <span class='ocrx_word' id='word_1_187' title='bbox 1666 1424 1913 1485; x_wconf 74' lang='lat' dir='ltr'><strong>resurget</strong></span> <span class='ocrx_word' id='word_1_188' title='bbox 1957 1415 2008 1468; x_wconf 92' lang='lat' dir='ltr'><strong>in</strong></span> <span class='ocrx_word' id='word_1_189' title='bbox 2110 1418 2213 1471; x_wconf 87' lang='grc' dir='ltr'><strong>οὐκ</strong></span> <span class='ocrx_word' id='word_1_190' title='bbox 2244 1419 2605 1490; x_wconf 78' lang='grc' dir='ltr'>ἀναστήσεται</span> <span class='ocrx_word' id='word_1_191' title='bbox 2632 1422 2689 1475; x_wconf 72' lang='grc' dir='ltr'>ἐν</span> <span class='ocrx_word' id='word_1_192' title='bbox 2720 1422 2916 1492; x_wconf 79' lang='grc' dir='ltr'>κρίσει.</span> 
     </span>
    </p>
   </div>
   <div class='ocr_carea' id='block_1_24' title="bbox 416 1518 645 1587">
    <p class='ocr_par' dir='ltr' id='par_1_24' title="bbox 416 1518 645 1587">
     <span class='ocr_line' id='line_1_24' title="bbox 416 1518 645 1587; baseline -0.013 -16"><span class='ocrx_word' id='word_1_193' title='bbox 416 1518 645 1587; x_wconf 73' lang='lat' dir='ltr'><strong>judicio.</strong></span> 
     </span>
    </p>
   </div>
   <div class='ocr_carea' id='block_1_25' title="bbox 494 1596 2113 1680">
    <p class='ocr_par' dir='ltr' id='par_1_25' title="bbox 494 1602 2011 1680">
     <span class='ocr_line' id='line_1_25' title="bbox 494 1602 2011 1680; baseline -0.005 -17"><span class='ocrx_word' id='word_1_194' title='bbox 494 1611 769 1680; x_wconf 72' lang='lat' dir='ltr'><strong>Ejusdem,</strong></span> <span class='ocrx_word' id='word_1_195' title='bbox 821 1607 1063 1662; x_wconf 78' lang='lat' dir='ltr'><strong>Tametsi</strong></span> <span class='ocrx_word' id='word_1_196' title='bbox 1086 1605 1215 1673; x_wconf 78' lang='lat' dir='ltr'><strong>quis</strong></span> <span class='ocrx_word' id='word_1_197' title='bbox 1256 1604 1407 1659; x_wconf 86' lang='lat' dir='ltr'><strong>dicat</strong></span> <span class='ocrx_word' id='word_1_198' title='bbox 1438 1618 1498 1657; x_wconf 90' lang='lat' dir='ltr'><strong>se</strong></span> <span class='ocrx_word' id='word_1_199' title='bbox 1542 1619 1649 1656; x_wconf 85' lang='lat' dir='ltr'><strong>non</strong></span> <span class='ocrx_word' id='word_1_200' title='bbox 1682 1602 1863 1657; x_wconf 85' lang='lat' dir='ltr'><strong>odisse</strong></span> <span class='ocrx_word' id='word_1_201' title='bbox 1894 1603 2011 1655; x_wconf 90' lang='lat' dir='ltr'><strong>ani-</strong></span> 
     </span>
    </p>
   </div>
   <div class='ocr_carea' id='block_1_26' title="bbox 2083 1596 3702 1680">
    <p class='ocr_par' dir='ltr' id='par_1_26' title="bbox 2191 1596 3702 1676">
     <span class='ocr_line' id='line_1_26' title="bbox 2191 1596 3702 1676; baseline 0.004 -25"><span class='ocrx_word' id='word_1_202' title='bbox 2191 1598 2297 1652; x_wconf 82' lang='grc' dir='ltr'><strong>Τοῦ</strong></span> <span class='ocrx_word' id='word_1_203' title='bbox 2330 1599 2535 1653; x_wconf 68' lang='grc' dir='ltr'>αὐτοῦ.</span> <span class='ocrx_word' id='word_1_204' title='bbox 2576 1596 2699 1654; x_wconf 79' lang='grc' dir='ltr'>Κᾶν</span> <span class='ocrx_word' id='word_1_205' title='bbox 2743 1600 2817 1672; x_wconf 84' lang='grc' dir='ltr'>μὴ</span> <span class='ocrx_word' id='word_1_206' title='bbox 2859 1600 2991 1675; x_wconf 83' lang='grc' dir='ltr'>λέγῃ</span> <span class='ocrx_word' id='word_1_207' title='bbox 3025 1619 3107 1664; x_wconf 82' lang='grc' dir='ltr'><strong>τις</strong></span> <span class='ocrx_word' id='word_1_208' title='bbox 3138 1600 3268 1672; x_wconf 67' lang='lat'><strong>(98),</strong></span> <span class='ocrx_word' id='word_1_209' title='bbox 3305 1601 3383 1655; x_wconf 82' lang='grc' dir='ltr'>ὄτι</span> <span class='ocrx_word' id='word_1_210' title='bbox 3423 1601 3574 1673; x_wconf 82' lang='grc' dir='ltr'><strong>μισεῖ</strong></span> <span class='ocrx_word' id='word_1_211' title='bbox 3603 1603 3702 1676; x_wconf 78' lang='grc' dir='ltr'><strong>τὴν</strong></span> 
     </span>
    </p>
   </div>
   <div class='ocr_carea' id='block_1_27' title="bbox 423 1691 2042 1767">
    <p class='ocr_par' dir='ltr' id='par_1_27' title="bbox 423 1695 2010 1766">
     <span class='ocr_line' id='line_1_27' title="bbox 423 1695 2010 1766; baseline -0.004 -12"><span class='ocrx_word' id='word_1_212' title='bbox 423 1718 565 1755; x_wconf 89' lang='lat' dir='ltr'><strong>mam</strong></span> <span class='ocrx_word' id='word_1_213' title='bbox 598 1718 775 1766; x_wconf 89' lang='lat' dir='ltr'><strong>suam,</strong></span> <span class='ocrx_word' id='word_1_214' title='bbox 813 1700 1084 1755; x_wconf 90' lang='lat' dir='ltr'><strong>evincitur</strong></span> <span class='ocrx_word' id='word_1_215' title='bbox 1117 1708 1298 1751; x_wconf 80' lang='lat' dir='ltr'><strong>tamen</strong></span> <span class='ocrx_word' id='word_1_216' title='bbox 1336 1696 1504 1764; x_wconf 81' lang='lat' dir='ltr'><strong>ipsam</strong></span> <span class='ocrx_word' id='word_1_217' title='bbox 1546 1696 1745 1762; x_wconf 81' lang='lat' dir='ltr'><strong>odisse,</strong></span> <span class='ocrx_word' id='word_1_218' title='bbox 1776 1710 1839 1748; x_wconf 84' lang='lat' dir='ltr'><strong>eo</strong></span> <span class='ocrx_word' id='word_1_219' title='bbox 1866 1695 2010 1765; x_wconf 86' lang='lat' dir='ltr'><strong>quod</strong></span> 
     </span>
    </p>
   </div>
   <div class='ocr_carea' id='block_1_28' title="bbox 2083 1691 3702 1767">
    <p class='ocr_par' dir='ltr' id='par_1_28' title="bbox 2112 1691 3702 1767">
     <span class='ocr_line' id='line_1_28' title="bbox 2112 1691 3702 1767; baseline 0.003 -22"><span class='ocrx_word' id='word_1_220' title='bbox 2112 1691 2306 1745; x_wconf 73' lang='grc' dir='ltr'>ἑαυτοῦ</span> <span class='ocrx_word' id='word_1_221' title='bbox 2341 1692 2542 1765; x_wconf 70' lang='grc' dir='ltr'>ψυχὴν,</span> <span class='ocrx_word' id='word_1_222' title='bbox 2601 1694 2883 1765; x_wconf 79' lang='grc' dir='ltr'>ἐλέγχεται</span> <span class='ocrx_word' id='word_1_223' title='bbox 2934 1695 3018 1749; x_wconf 74' lang='grc' dir='ltr'><strong>διὰ</strong></span> <span class='ocrx_word' id='word_1_224' title='bbox 3072 1695 3165 1749; x_wconf 75' lang='grc' dir='ltr'><strong>τοῦ</strong></span> <span class='ocrx_word' id='word_1_225' title='bbox 3216 1696 3430 1749; x_wconf 84' lang='grc' dir='ltr'>ἀδικίαν</span> <span class='ocrx_word' id='word_1_226' title='bbox 3481 1698 3702 1767; x_wconf 79' lang='grc' dir='ltr'>ἀγαπᾷν</span> 
     </span>
    </p>
   </div>
   <div class='ocr_carea' id='block_1_29' title="bbox 421 1784 2040 1863">
    <p class='ocr_par' dir='ltr' id='par_1_29' title="bbox 421 1787 2010 1863">
     <span class='ocr_line' id='line_1_29' title="bbox 421 1787 2010 1863; baseline -0.003 -17"><span class='ocrx_word' id='word_1_227' title='bbox 421 1794 763 1863; x_wconf 81' lang='lat' dir='ltr'><strong>iniquitatem</strong></span> <span class='ocrx_word' id='word_1_228' title='bbox 805 1792 992 1861; x_wconf 80' lang='lat' dir='ltr'><strong>diligat</strong></span> <span class='ocrx_word' id='word_1_229' title='bbox 1031 1808 1044 1843; x_wconf 92' lang='lat'>:</span> <span class='ocrx_word' id='word_1_230' title='bbox 1077 1789 1331 1843; x_wconf 87' lang='lat' dir='ltr'><strong>similiter</strong></span> <span class='ocrx_word' id='word_1_231' title='bbox 1361 1788 1525 1843; x_wconf 89' lang='lat' dir='ltr'><strong>etiam</strong></span> <span class='ocrx_word' id='word_1_232' title='bbox 1559 1788 1604 1841; x_wconf 88' lang='lat' dir='ltr'><strong>is</strong></span> <span class='ocrx_word' id='word_1_233' title='bbox 1637 1787 1728 1857; x_wconf 85' lang='lat' dir='ltr'><strong>qui</strong></span> <span class='ocrx_word' id='word_1_234' title='bbox 1773 1789 2010 1842; x_wconf 91' lang='lat' dir='ltr'><strong>inconti-</strong></span> 
     </span>
    </p>
   </div>
   <div class='ocr_carea' id='block_1_30' title="bbox 2081 1784 3700 1863">
    <p class='ocr_par' dir='ltr' id='par_1_30' title="bbox 2116 1784 3700 1857">
     <span class='ocr_line' id='line_1_30' title="bbox 2116 1784 3700 1857; baseline 0.003 -20"><span class='ocrx_word' id='word_1_235' title='bbox 2116 1784 2288 1856; x_wconf 80' lang='grc' dir='ltr'>μισῶν</span> <span class='ocrx_word' id='word_1_236' title='bbox 2338 1786 2529 1856; x_wconf 74' lang='grc' dir='ltr'>αὐτὴν·</span> <span class='ocrx_word' id='word_1_237' title='bbox 2578 1788 2777 1857; x_wconf 78' lang='grc' dir='ltr'>ὁμοίως</span> <span class='ocrx_word' id='word_1_238' title='bbox 2825 1788 2879 1841; x_wconf 79' lang='grc' dir='ltr'>δὲ</span> <span class='ocrx_word' id='word_1_239' title='bbox 2920 1790 3012 1843; x_wconf 75' lang='grc' dir='ltr'><strong>καὶ</strong></span> <span class='ocrx_word' id='word_1_240' title='bbox 3042 1791 3069 1842; x_wconf 88' lang='grc' dir='ltr'><strong>ό</strong></span> <span class='ocrx_word' id='word_1_241' title='bbox 3115 1788 3408 1842; x_wconf 77' lang='grc' dir='ltr'>ἀκολασίαν</span> <span class='ocrx_word' id='word_1_242' title='bbox 3447 1789 3700 1857; x_wconf 79' lang='grc' dir='ltr'>ἀγαπῶν,</span> 
     </span>
    </p>
   </div>
   <div class='ocr_carea' id='block_1_31' title="bbox 420 1856 2039 1954">
    <p class='ocr_par' dir='ltr' id='par_1_31' title="bbox 420 1879 1821 1954">
     <span class='ocr_line' id='line_1_31' title="bbox 420 1879 1821 1954; baseline -0.006 -13"><span class='ocrx_word' id='word_1_243' title='bbox 420 1888 661 1941; x_wconf 78' lang='lat' dir='ltr'><strong>nentiam</strong></span> <span class='ocrx_word' id='word_1_244' title='bbox 689 1884 887 1954; x_wconf 82' lang='lat' dir='ltr'><strong>diligit,</strong></span> <span class='ocrx_word' id='word_1_245' title='bbox 918 1882 1004 1936; x_wconf 95' lang='lat' dir='ltr'><strong>vel</strong></span> <span class='ocrx_word' id='word_1_246' title='bbox 1042 1882 1342 1949; x_wconf 76' lang='lat' dir='ltr'><strong>ignaviam,</strong></span> <span class='ocrx_word' id='word_1_247' title='bbox 1374 1880 1456 1935; x_wconf 80' lang='lat' dir='ltr'><strong>vel</strong></span> <span class='ocrx_word' id='word_1_248' title='bbox 1490 1879 1821 1935; x_wconf 82' lang='lat' dir='ltr'><strong>vecordiam.</strong></span> 
     </span>
    </p>
   </div>
   <div class='ocr_carea' id='block_1_32' title="bbox 1212 1856 2831 1954">
    <p class='ocr_par' dir='ltr' id='par_1_32' title="bbox 1213 1856 2831 1953">
     <span class='ocr_line' id='line_1_32' title="bbox 1213 1856 2831 1953; baseline 0.001 -18"><span class='ocrx_word' id='word_1_249' title='bbox 1213 1882 1342 1945; x_wconf 87' lang='lat' dir='ltr'><strong>iatn,</strong></span> <span class='ocrx_word' id='word_1_250' title='bbox 1374 1880 1456 1935; x_wconf 79' lang='lat' dir='ltr'><strong>vel</strong></span> <span class='ocrx_word' id='word_1_251' title='bbox 1490 1879 1821 1935; x_wconf 82' lang='lat' dir='ltr'><strong>vecordiam.</strong></span> <span class='ocrx_word' id='word_1_252' title='bbox 2042 1856 2082 1913; x_wconf 75' lang='grc' dir='ltr'><strong>Β</strong></span> <span class='ocrx_word' id='word_1_253' title='bbox 2113 1880 2144 1950; x_wconf 83' lang='grc' dir='ltr'>ἣ</span> <span class='ocrx_word' id='word_1_254' title='bbox 2180 1880 2396 1943; x_wconf 76' lang='grc' dir='ltr'>δειλίαν,</span> <span class='ocrx_word' id='word_1_255' title='bbox 2431 1882 2462 1951; x_wconf 79' lang='grc' dir='ltr'>ἢ</span> <span class='ocrx_word' id='word_1_256' title='bbox 2501 1882 2831 1953; x_wconf 67' lang='grc' dir='ltr'>ἀφροσύνην.</span> 
     </span>
    </p>
   </div>
   <div class='ocr_carea' id='block_1_33' title="bbox 490 1971 2109 2044">
    <p class='ocr_par' dir='ltr' id='par_1_33' title="bbox 490 1971 1999 2043">
     <span class='ocr_line' id='line_1_33' title="bbox 490 1971 1999 2043; baseline -0.003 -14"><span class='ocrx_word' id='word_1_257' title='bbox 490 1976 651 2030; x_wconf 72' lang='lat' dir='ltr'><strong>Vens.</strong></span> <span class='ocrx_word' id='word_1_258' title='bbox 695 1977 746 2030; x_wconf 88' lang='lat'><strong>7.</strong></span> <span class='ocrx_word' id='word_1_259' title='bbox 808 1973 964 2029; x_wconf 77' lang='lat' dir='ltr'><strong>Pluet</strong></span> <span class='ocrx_word' id='word_1_260' title='bbox 1025 1991 1183 2043; x_wconf 81' lang='lat' dir='ltr'><strong>super</strong></span> <span class='ocrx_word' id='word_1_261' title='bbox 1238 1984 1535 2043; x_wconf 78' lang='lat' dir='ltr'><strong>peccatores</strong></span> <span class='ocrx_word' id='word_1_262' title='bbox 1589 1971 1823 2041; x_wconf 84' lang='lat' dir='ltr'><strong>laqueos,</strong></span> <span class='ocrx_word' id='word_1_263' title='bbox 1893 1981 1999 2027; x_wconf 89' lang='lat' dir='ltr'><strong>etc.</strong></span> 
     </span>
    </p>
   </div>
   <div class='ocr_carea' id='block_1_34' title="bbox 2083 1971 3702 2044">
    <p class='ocr_par' dir='ltr' id='par_1_34' title="bbox 2195 1974 3702 2044">
     <span class='ocr_line' id='line_1_34' title="bbox 2195 1974 3702 2044; baseline 0 -17"><span class='ocrx_word' id='word_1_264' title='bbox 2195 1974 2519 2041; x_wconf 55' lang='grc' dir='ltr'><strong>Ἔπιῆίῑτέξει</strong></span> <span class='ocrx_word' id='word_1_265' title='bbox 2561 1975 2658 2027; x_wconf 78' lang='grc' dir='ltr'><strong>ἐπὶ</strong></span> <span class='ocrx_word' id='word_1_266' title='bbox 2709 1976 3099 2043; x_wconf 65' lang='grc' dir='ltr'>ἁμαρτωλοὺς</span> <span class='ocrx_word' id='word_1_267' title='bbox 3144 1976 3419 2044; x_wconf 69' lang='grc' dir='ltr'>παγίδας,</span> <span class='ocrx_word' id='word_1_268' title='bbox 3457 1993 3510 2028; x_wconf 87' lang='grc' dir='ltr'><strong>κ.</strong></span> <span class='ocrx_word' id='word_1_269' title='bbox 3563 1994 3613 2028; x_wconf 88' lang='grc' dir='ltr'><strong>τ.</strong></span> <span class='ocrx_word' id='word_1_270' title='bbox 3653 1974 3702 2027; x_wconf 81' lang='grc' dir='ltr'>ὲ.</span> 
     </span>
    </p>
   </div>
   <div class='ocr_carea' id='block_1_35' title="bbox 418 2062 2037 2138">
    <p class='ocr_par' dir='ltr' id='par_1_35' title="bbox 418 2062 2000 2136">
     <span class='ocr_line' id='line_1_35' title="bbox 418 2062 2000 2136; baseline -0.006 -9"><span class='ocrx_word' id='word_1_271' title='bbox 418 2071 600 2127; x_wconf 83' lang='lat' dir='ltr'><strong>Utcos</strong></span> <span class='ocrx_word' id='word_1_272' title='bbox 634 2068 841 2136; x_wconf 86' lang='lat' dir='ltr'><strong>laqueis</strong></span> <span class='ocrx_word' id='word_1_273' title='bbox 871 2066 984 2121; x_wconf 88' lang='lat' dir='ltr'><strong>suis</strong></span> <span class='ocrx_word' id='word_1_274' title='bbox 1026 2067 1280 2121; x_wconf 88' lang='lat' dir='ltr'><strong>irretiens</strong></span> <span class='ocrx_word' id='word_1_275' title='bbox 1311 2076 1364 2119; x_wconf 88' lang='lat' dir='ltr'><strong>et</strong></span> <span class='ocrx_word' id='word_1_276' title='bbox 1392 2064 1671 2133; x_wconf 83' lang='lat' dir='ltr'><strong>subjectos</strong></span> <span class='ocrx_word' id='word_1_277' title='bbox 1704 2062 2000 2133; x_wconf 87' lang='lat' dir='ltr'><strong>accipiens,</strong></span> 
     </span>
    </p>
   </div>
   <div class='ocr_carea' id='block_1_36' title="bbox 2082 2062 3701 2138">
    <p class='ocr_par' dir='ltr' id='par_1_36' title="bbox 2113 2064 3701 2138">
     <span class='ocr_line' id='line_1_36' title="bbox 2113 2064 3701 2138; baseline 0.004 -23"><span class='ocrx_word' id='word_1_278' title='bbox 2113 2064 2228 2117; x_wconf 87' lang='grc' dir='ltr'>Ἵνα</span> <span class='ocrx_word' id='word_1_279' title='bbox 2272 2065 2375 2118; x_wconf 80' lang='grc' dir='ltr'>ὑπὸ</span> <span class='ocrx_word' id='word_1_280' title='bbox 2424 2068 2518 2130; x_wconf 80' lang='grc' dir='ltr'>τὰς</span> <span class='ocrx_word' id='word_1_281' title='bbox 2560 2067 2755 2121; x_wconf 76' lang='grc' dir='ltr'>ἑαυτοῦ</span> <span class='ocrx_word' id='word_1_282' title='bbox 2799 2068 3033 2136; x_wconf 87' lang='grc' dir='ltr'>παγίδας</span> <span class='ocrx_word' id='word_1_283' title='bbox 3062 2067 3171 2137; x_wconf 79' lang='grc'>(99)</span> <span class='ocrx_word' id='word_1_284' title='bbox 3206 2070 3438 2138; x_wconf 80' lang='grc' dir='ltr'>ποιήσας</span> <span class='ocrx_word' id='word_1_285' title='bbox 3482 2069 3701 2131; x_wconf 74' lang='grc' dir='ltr'>αὐτοὺς,</span> 
     </span>
    </p>
   </div>
   <div class='ocr_carea' id='block_1_37' title="bbox 413 2150 2032 2231">
    <p class='ocr_par' dir='ltr' id='par_1_37' title="bbox 413 2160 1146 2231">
     <span class='ocr_line' id='line_1_37' title="bbox 413 2160 1146 2231; baseline -0.01 -12"><span class='ocrx_word' id='word_1_286' title='bbox 413 2166 663 2231; x_wconf 74' lang='lat' dir='ltr'><strong>disponat</strong></span> <span class='ocrx_word' id='word_1_287' title='bbox 700 2173 957 2230; x_wconf 83' lang='lat' dir='ltr'><strong>tauquam</strong></span> <span class='ocrx_word' id='word_1_288' title='bbox 989 2160 1146 2213; x_wconf 78' lang='lat' dir='ltr'><strong>lilios.</strong></span> 
     </span>
    </p>
   </div>
   <div class='ocr_carea' id='block_1_38' title="bbox 1865 2150 3484 2231">
    <p class='ocr_par' dir='ltr' id='par_1_38' title="bbox 2111 2150 3484 2230">
     <span class='ocr_line' id='line_1_38' title="bbox 2111 2150 3484 2230; baseline 0.003 -24"><span class='ocrx_word' id='word_1_289' title='bbox 2111 2155 2202 2206; x_wconf 66' lang='grc' dir='ltr'><strong>καὶ</strong></span> <span class='ocrx_word' id='word_1_290' title='bbox 2232 2150 2409 2210; x_wconf 75' lang='grc' dir='ltr'>λαϐὼν</span> <span class='ocrx_word' id='word_1_291' title='bbox 2437 2159 2804 2229; x_wconf 73' lang='grc' dir='ltr'>ὑποχειρίους,</span> <span class='ocrx_word' id='word_1_292' title='bbox 2834 2160 3167 2230; x_wconf 77' lang='grc' dir='ltr'>οἱκονομήσῃ</span> <span class='ocrx_word' id='word_1_293' title='bbox 3196 2158 3271 2221; x_wconf 81' lang='grc' dir='ltr'>ὡς</span> <span class='ocrx_word' id='word_1_294' title='bbox 3302 2158 3484 2221; x_wconf 61' lang='grc' dir='ltr'>ἰδίους.</span> 
     </span>
    </p>
   </div>
   <div class='ocr_carea' id='block_1_39' title="bbox 486 2231 2105 2321">
    <p class='ocr_par' dir='ltr' id='par_1_39' title="bbox 486 2250 2001 2321">
     <span class='ocr_line' id='line_1_39' title="bbox 486 2250 2001 2321; baseline -0.003 -12"><span class='ocrx_word' id='word_1_295' title='bbox 486 2255 652 2309; x_wconf 71' lang='lat' dir='ltr'><strong>Vens.</strong></span> <span class='ocrx_word' id='word_1_296' title='bbox 694 2256 747 2310; x_wconf 92' lang='lat'><strong>8.</strong></span> <span class='ocrx_word' id='word_1_297' title='bbox 794 2254 1069 2320; x_wconf 79' lang='lat' dir='ltr'><strong>Quoniam</strong></span> <span class='ocrx_word' id='word_1_298' title='bbox 1099 2253 1279 2321; x_wconf 83' lang='lat' dir='ltr'><strong>justus</strong></span> <span class='ocrx_word' id='word_1_299' title='bbox 1339 2250 1601 2305; x_wconf 79' lang='lat' dir='ltr'><strong>Dominus</strong></span> <span class='ocrx_word' id='word_1_300' title='bbox 1668 2260 1715 2305; x_wconf 86' lang='lat' dir='ltr'><strong>et</strong></span> <span class='ocrx_word' id='word_1_301' title='bbox 1762 2251 2001 2320; x_wconf 71' lang='lat' dir='ltr'><strong>justitias</strong></span> 
     </span>
    </p>
   </div>
   <div class='ocr_carea' id='block_1_40' title="bbox 2085 2231 3704 2321">
    <p class='ocr_par' dir='ltr' id='par_1_40' title="bbox 2182 2231 3704 2319">
     <span class='ocr_line' id='line_1_40' title="bbox 2182 2231 3704 2319; baseline 0.003 -20"><span class='ocrx_word' id='word_1_302' title='bbox 2182 2248 2309 2300; x_wconf 75' lang='grc' dir='ltr'>’Ὁτι</span> <span class='ocrx_word' id='word_1_303' title='bbox 2358 2248 2588 2315; x_wconf 75' lang='grc' dir='ltr'>δίκαιος</span> <span class='ocrx_word' id='word_1_304' title='bbox 2636 2252 2851 2319; x_wconf 73' lang='grc' dir='ltr'>Κύριος</span> <span class='ocrx_word' id='word_1_305' title='bbox 2886 2231 2979 2305; x_wconf 70' lang='grc' dir='ltr'><strong>κᾶὶ</strong></span> <span class='ocrx_word' id='word_1_306' title='bbox 3029 2251 3421 2317; x_wconf 69' lang='grc' dir='ltr'>δικαιοσύνας</span> <span class='ocrx_word' id='word_1_307' title='bbox 3470 2251 3704 2319; x_wconf 72' lang='grc' dir='ltr'>ἠγάπη-</span> 
     </span>
    </p>
   </div>
   <div class='ocr_carea' id='block_1_41' title="bbox 414 2336 2033 2414">
    <p class='ocr_par' dir='ltr' id='par_1_41' title="bbox 414 2342 2003 2414">
     <span class='ocr_line' id='line_1_41' title="bbox 414 2342 2003 2414; baseline -0.003 -13"><span class='ocrx_word' id='word_1_308' title='bbox 414 2350 622 2414; x_wconf 71' lang='lat' dir='ltr'><strong>clilexit,</strong></span> <span class='ocrx_word' id='word_1_309' title='bbox 645 2357 753 2402; x_wconf 89' lang='lat' dir='ltr'><strong>etc.</strong></span> <span class='ocrx_word' id='word_1_310' title='bbox 807 2345 1080 2408; x_wconf 84' lang='lat' dir='ltr'><strong>Justitias,</strong></span> <span class='ocrx_word' id='word_1_311' title='bbox 1108 2344 1164 2397; x_wconf 90' lang='lat' dir='ltr'><strong>id</strong></span> <span class='ocrx_word' id='word_1_312' title='bbox 1198 2353 1281 2397; x_wconf 89' lang='lat' dir='ltr'><strong>est</strong></span> <span class='ocrx_word' id='word_1_313' title='bbox 1316 2344 1491 2410; x_wconf 75' lang='lat' dir='ltr'><strong>iustos</strong></span> <span class='ocrx_word' id='word_1_314' title='bbox 1516 2354 1653 2410; x_wconf 82' lang='lat' dir='ltr'><strong>quos</strong></span> <span class='ocrx_word' id='word_1_315' title='bbox 1688 2342 1755 2395; x_wconf 81' lang='lat' dir='ltr'><strong>ab</strong></span> <span class='ocrx_word' id='word_1_316' title='bbox 1788 2342 2003 2397; x_wconf 83' lang='lat' dir='ltr'><strong>actione</strong></span> 
     </span>
    </p>
   </div>
   <div class='ocr_carea' id='block_1_42' title="bbox 2084 2336 3703 2414">
    <p class='ocr_par' dir='ltr' id='par_1_42' title="bbox 2109 2336 3703 2411">
     <span class='ocr_line' id='line_1_42' title="bbox 2109 2336 3703 2411; baseline 0.004 -22"><span class='ocrx_word' id='word_1_317' title='bbox 2109 2354 2241 2401; x_wconf 70' lang='lat' dir='ltr'><strong>car,</strong></span> <span class='ocrx_word' id='word_1_318' title='bbox 2284 2357 2337 2393; x_wconf 88' lang='grc' dir='ltr'><strong>κ.</strong></span> <span class='ocrx_word' id='word_1_319' title='bbox 2391 2359 2441 2393; x_wconf 88' lang='grc' dir='ltr'><strong>τ.</strong></span> <span class='ocrx_word' id='word_1_320' title='bbox 2493 2336 2538 2393; x_wconf 78' lang='grc' dir='ltr'>ὲ.</span> <span class='ocrx_word' id='word_1_321' title='bbox 2592 2341 2950 2404; x_wconf 81' lang='grc' dir='ltr'>Δικαιοσύνας</span> <span class='ocrx_word' id='word_1_322' title='bbox 2987 2340 3062 2411; x_wconf 83' lang='grc' dir='ltr'>(Ἰ)</span> <span class='ocrx_word' id='word_1_323' title='bbox 3105 2342 3229 2404; x_wconf 75' lang='grc' dir='ltr'>τοὺς</span> <span class='ocrx_word' id='word_1_324' title='bbox 3275 2340 3519 2405; x_wconf 85' lang='grc' dir='ltr'>δικαίους</span> <span class='ocrx_word' id='word_1_325' title='bbox 3558 2342 3703 2411; x_wconf 81' lang='grc' dir='ltr'>λέγει</span> 
     </span>
    </p>
   </div>
   <div class='ocr_carea' id='block_1_43' title="bbox 413 2424 2032 2507">
    <p class='ocr_par' dir='ltr' id='par_1_43' title="bbox 413 2431 1999 2507">
     <span class='ocr_line' id='line_1_43' title="bbox 413 2431 1999 2507; baseline -0.006 -12"><span class='ocrx_word' id='word_1_326' title='bbox 413 2442 491 2494; x_wconf 82' lang='lat' dir='ltr'><strong>sic</strong></span> <span class='ocrx_word' id='word_1_327' title='bbox 519 2438 769 2507; x_wconf 78' lang='lat' dir='ltr'><strong>appellat.</strong></span> <span class='ocrx_word' id='word_1_328' title='bbox 802 2434 1122 2505; x_wconf 83' lang='lat' dir='ltr'><strong>llujusmodi</strong></span> <span class='ocrx_word' id='word_1_329' title='bbox 1152 2445 1233 2488; x_wconf 88' lang='lat' dir='ltr'><strong>est</strong></span> <span class='ocrx_word' id='word_1_330' title='bbox 1272 2433 1403 2487; x_wconf 92' lang='lat' dir='ltr'><strong>illud</strong></span> <span class='ocrx_word' id='word_1_331' title='bbox 1436 2433 1480 2463; x_wconf 89' lang='grc'><strong>²⁰</strong></span> <span class='ocrx_word' id='word_1_332' title='bbox 1515 2450 1529 2487; x_wconf 84' lang='grc' dir='ltr'><strong>ι</strong></span> <span class='ocrx_word' id='word_1_333' title='bbox 1564 2454 1581 2483; x_wconf 77' lang='grc' dir='ltr'><strong>ι</strong></span> <span class='ocrx_word' id='word_1_334' title='bbox 1612 2431 1863 2486; x_wconf 81' lang='lat' dir='ltr'><strong>Charitas</strong></span> <span class='ocrx_word' id='word_1_335' title='bbox 1886 2446 1999 2487; x_wconf 84' lang='lat' dir='ltr'><strong>non</strong></span> 
     </span>
    </p>
   </div>
   <div class='ocr_carea' id='block_1_44' title="bbox 2080 2424 3699 2507">
    <p class='ocr_par' dir='ltr' id='par_1_44' title="bbox 2110 2424 3699 2504">
     <span class='ocr_line' id='line_1_44' title="bbox 2110 2424 3699 2504; baseline 0.004 -20"><span class='ocrx_word' id='word_1_336' title='bbox 2110 2424 2218 2484; x_wconf 77' lang='grc' dir='ltr'>ἀπὸ</span> <span class='ocrx_word' id='word_1_337' title='bbox 2272 2433 2369 2504; x_wconf 74' lang='grc' dir='ltr'>τῆς</span> <span class='ocrx_word' id='word_1_338' title='bbox 2417 2433 2671 2504; x_wconf 78' lang='grc' dir='ltr'>πράξεως</span> <span class='ocrx_word' id='word_1_339' title='bbox 2721 2434 2919 2496; x_wconf 73' lang='grc' dir='ltr'>αὐτοὺς</span> <span class='ocrx_word' id='word_1_340' title='bbox 2967 2434 3258 2504; x_wconf 77' lang='grc' dir='ltr'>ὀνομάσας.</span> <span class='ocrx_word' id='word_1_341' title='bbox 3307 2435 3562 2489; x_wconf 73' lang='grc' dir='ltr'>Τοιοῦτον</span> <span class='ocrx_word' id='word_1_342' title='bbox 3586 2438 3699 2490; x_wconf 87' lang='grc' dir='ltr'>καί·</span> 
     </span>
    </p>
   </div>
   <div class='ocr_carea' id='block_1_45' title="bbox 413 2524 2032 2603">
    <p class='ocr_par' dir='ltr' id='par_1_45' title="bbox 413 2526 1856 2603">
     <span class='ocr_line' id='line_1_45' title="bbox 413 2526 1856 2603; baseline -0.006 -16"><span class='ocrx_word' id='word_1_343' title='bbox 413 2534 522 2603; x_wconf 76' lang='lat' dir='ltr'><strong>agit</strong></span> <span class='ocrx_word' id='word_1_344' title='bbox 556 2546 861 2603; x_wconf 76' lang='lat' dir='ltr'><strong>perper-am,</strong></span> <span class='ocrx_word' id='word_1_345' title='bbox 894 2547 912 2581; x_wconf 73' lang='grc' dir='ltr'><strong>ι</strong></span> <span class='ocrx_word' id='word_1_346' title='bbox 946 2529 997 2583; x_wconf 89' lang='lat' dir='ltr'><strong>id</strong></span> <span class='ocrx_word' id='word_1_347' title='bbox 1038 2536 1143 2591; x_wconf 84' lang='lat' dir='ltr'><strong>est,</strong></span> <span class='ocrx_word' id='word_1_348' title='bbox 1177 2527 1271 2596; x_wconf 86' lang='lat' dir='ltr'><strong>qui</strong></span> <span class='ocrx_word' id='word_1_349' title='bbox 1298 2528 1470 2583; x_wconf 82' lang='lat' dir='ltr'><strong>liabet</strong></span> <span class='ocrx_word' id='word_1_350' title='bbox 1504 2526 1856 2581; x_wconf 82' lang='lat' dir='ltr'><strong>charitatem.</strong></span> 
     </span>
    </p>
   </div>
   <div class='ocr_carea' id='block_1_46' title="bbox 2082 2524 3701 2603">
    <p class='ocr_par' dir='ltr' id='par_1_46' title="bbox 2115 2524 3701 2599">
     <span class='ocr_line' id='line_1_46' title="bbox 2115 2524 3701 2599; baseline 0.004 -27"><span class='ocrx_word' id='word_1_351' title='bbox 2115 2542 2131 2572; x_wconf 79' lang='grc' dir='ltr'><strong>ι</strong></span> <span class='ocrx_word' id='word_1_352' title='bbox 2196 2525 2259 2575; x_wconf 82' lang='lat' dir='ltr'><strong>&#39;ll</strong></span> <span class='ocrx_word' id='word_1_353' title='bbox 2293 2524 2482 2595; x_wconf 80' lang='grc' dir='ltr'>ἀγάπη</span> <span class='ocrx_word' id='word_1_354' title='bbox 2507 2526 2565 2577; x_wconf 80' lang='grc' dir='ltr'>οὺ</span> <span class='ocrx_word' id='word_1_355' title='bbox 2598 2525 3001 2596; x_wconf 76' lang='grc' dir='ltr'>περισσεύεται,</span> <span class='ocrx_word' id='word_1_356' title='bbox 3042 2545 3059 2576; x_wconf 75' lang='grc' dir='ltr'><strong>ι</strong></span> <span class='ocrx_word' id='word_1_357' title='bbox 3087 2525 3207 2578; x_wconf 75' lang='grc' dir='ltr'>ἀντὶ</span> <span class='ocrx_word' id='word_1_358' title='bbox 3233 2524 3349 2589; x_wconf 74' lang='grc' dir='ltr'>τοῦ,</span> <span class='ocrx_word' id='word_1_359' title='bbox 3373 2529 3400 2580; x_wconf 84' lang='grc' dir='ltr'>ὁ</span> <span class='ocrx_word' id='word_1_360' title='bbox 3434 2526 3575 2597; x_wconf 81' lang='grc' dir='ltr'>ἔχων</span> <span class='ocrx_word' id='word_1_361' title='bbox 3602 2527 3701 2599; x_wconf 82' lang='grc' dir='ltr'><strong>τὴν</strong></span> 
     </span>
    </p>
   </div>
   <div class='ocr_carea' id='block_1_47' title="bbox 2112 2632 2349 2686">
    <p class='ocr_par' dir='ltr' id='par_1_47' title="bbox 2112 2632 2349 2686">
     <span class='ocr_line' id='line_1_47' title="bbox 2112 2632 2349 2686; baseline -0.004 -19"><span class='ocrx_word' id='word_1_362' title='bbox 2112 2632 2349 2686; x_wconf 84' lang='grc' dir='ltr'>αγαπην.</span> 
     </span>
    </p>
   </div>
   <div class='ocr_carea' id='block_1_48' title="bbox 972 2865 2591 2924">
    <p class='ocr_par' dir='ltr' id='par_1_48' title="bbox 972 2865 1428 2924">
     <span class='ocr_line' id='line_1_48' title="bbox 972 2865 1428 2924; baseline 0 0"><span class='ocrx_word' id='word_1_363' title='bbox 972 2869 1094 2924; x_wconf 80' lang='lat' dir='ltr'><strong>PSA</strong></span> <span class='ocrx_word' id='word_1_364' title='bbox 1108 2865 1296 2922; x_wconf 77' lang='lat' dir='ltr'><strong>LMUS</strong></span> <span class='ocrx_word' id='word_1_365' title='bbox 1337 2865 1428 2924; x_wconf 78' lang='lat' dir='ltr'><strong>XI.</strong></span> 
     </span>
    </p>
   </div>
   <div class='ocr_carea' id='block_1_49' title="bbox 1505 2865 3124 2924">
    <p class='ocr_par' dir='ltr' id='par_1_49' title="bbox 2682 2868 3124 2923">
     <span class='ocr_line' id='line_1_49' title="bbox 2682 2868 3124 2923; baseline -0.002 -1"><span class='ocrx_word' id='word_1_366' title='bbox 2682 2868 2976 2922; x_wconf 78' lang='grc' dir='ltr'><strong>ΨΑΛΜΟΣ</strong></span> <span class='ocrx_word' id='word_1_367' title='bbox 3020 2870 3124 2923; x_wconf 73' lang='lat' dir='ltr'><strong>iA&#39;.</strong></span> 
     </span>
    </p>
   </div>
   <div class='ocr_carea' id='block_1_50' title="bbox 480 2953 2099 3038">
    <p class='ocr_par' dir='ltr' id='par_1_50' title="bbox 480 2953 2068 3038">
     <span class='ocr_line' id='line_1_50' title="bbox 480 2953 2068 3038; baseline -0.007 -17"><span class='ocrx_word' id='word_1_368' title='bbox 480 2966 645 3038; x_wconf 67' lang='lat'><strong>.592</strong></span> <span class='ocrx_word' id='word_1_369' title='bbox 673 2964 836 3020; x_wconf 72' lang='lat' dir='ltr'><strong>Vens.</strong></span> <span class='ocrx_word' id='word_1_370' title='bbox 868 2962 923 3017; x_wconf 72' lang='lat'><strong>2.</strong></span> <span class='ocrx_word' id='word_1_371' title='bbox 960 2961 1177 3016; x_wconf 84' lang='lat' dir='ltr'><strong>Salvum</strong></span> <span class='ocrx_word' id='word_1_372' title='bbox 1212 2977 1293 3012; x_wconf 84' lang='lat' dir='ltr'><strong>me</strong></span> <span class='ocrx_word' id='word_1_373' title='bbox 1321 2958 1428 3027; x_wconf 78' lang='lat' dir='ltr'><strong>fac,</strong></span> <span class='ocrx_word' id='word_1_374' title='bbox 1472 2953 1715 3024; x_wconf 83' lang='lat' dir='ltr'><strong>Domine,</strong></span> <span class='ocrx_word' id='word_1_375' title='bbox 1748 2959 1997 3027; x_wconf 83' lang='lat' dir='ltr'><strong>quoniam</strong></span> <span class='ocrx_word' id='word_1_376' title='bbox 2028 3013 2068 3038; x_wconf 59' lang='grc' dir='ltr'>η</span> 
     </span>
    </p>
   </div>
   <div class='ocr_carea' id='block_1_51' title="bbox 2069 2953 3688 3038">
    <p class='ocr_par' dir='ltr' id='par_1_51' title="bbox 2178 2958 3688 3029">
     <span class='ocr_line' id='line_1_51' title="bbox 2178 2958 3688 3029; baseline 0.003 -17"><span class='ocrx_word' id='word_1_377' title='bbox 2178 2958 2389 3013; x_wconf 73' lang='grc' dir='ltr'>Σῶσόν</span> <span class='ocrx_word' id='word_1_378' title='bbox 2413 2974 2508 3029; x_wconf 80' lang='grc' dir='ltr'><strong>με,</strong></span> <span class='ocrx_word' id='word_1_379' title='bbox 2541 2962 2736 3029; x_wconf 73' lang='grc' dir='ltr'>Κύριε,</span> <span class='ocrx_word' id='word_1_380' title='bbox 2764 2961 2851 3013; x_wconf 72' lang='grc' dir='ltr'>ὅτι</span> <span class='ocrx_word' id='word_1_381' title='bbox 2872 2960 3232 3015; x_wconf 69' lang='grc' dir='ltr'>ἐκλέλοιπεν</span> <span class='ocrx_word' id='word_1_382' title='bbox 3255 2963 3441 3028; x_wconf 82' lang='grc' dir='ltr'>ὅσιος,</span> <span class='ocrx_word' id='word_1_383' title='bbox 3472 2980 3524 3015; x_wconf 89' lang='grc' dir='ltr'><strong>κ.</strong></span> <span class='ocrx_word' id='word_1_384' title='bbox 3560 2981 3612 3017; x_wconf 88' lang='grc' dir='ltr'><strong>τ.</strong></span> <span class='ocrx_word' id='word_1_385' title='bbox 3643 2965 3688 3017; x_wconf 79' lang='grc' dir='ltr'>ὲ.</span> 
     </span>
    </p>
   </div>
   <div class='ocr_carea' id='block_1_52' title="bbox 411 3013 2030 3129">
    <p class='ocr_par' dir='ltr' id='par_1_52' title="bbox 411 3013 2030 3129">
     <span class='ocr_line' id='line_1_52' title="bbox 595 3013 1771 3035; baseline -0.009 -1"><span class='ocrx_word' id='word_1_386' title='bbox 595 3013 1101 3035; x_wconf 51' lang='grc' dir='ltr'><strong>Ε“’--“⁷ν--νννν</strong></span> <span class='ocrx_word' id='word_1_387' title='bbox 1321 3013 1427 3027; x_wconf 85' lang='lat'><strong>..</strong></span> <span class='ocrx_word' id='word_1_388' title='bbox 1701 3013 1771 3027; x_wconf 86' lang='lat'><strong>..</strong></span> 
     </span>
     <span class='ocr_line' id='line_1_53' title="bbox 411 3013 2030 3129; baseline -0.009 -15"><span class='ocrx_word' id='word_1_389' title='bbox 411 3013 596 3129; x_wconf 46' lang='lat' dir='ltr'><strong>(legum</strong></span> <span class='ocrx_word' id='word_1_390' title='bbox 663 3065 914 3120; x_wconf 79' lang='lat' dir='ltr'><strong>sanctus,</strong></span> <span class='ocrx_word' id='word_1_391' title='bbox 988 3060 1091 3105; x_wconf 80' lang='lat' dir='ltr'><strong>etc.</strong></span> <span class='ocrx_word' id='word_1_392' title='bbox 1154 3049 1451 3103; x_wconf 88' lang='lat' dir='ltr'><strong>Deliciente</strong></span> <span class='ocrx_word' id='word_1_393' title='bbox 1497 3059 1710 3113; x_wconf 86' lang='lat' dir='ltr'><strong>sancto,</strong></span> <span class='ocrx_word' id='word_1_394' title='bbox 1773 3031 2030 3102; x_wconf 87' lang='lat' dir='ltr'><strong>saluteml</strong></span> 
     </span>
    </p>
   </div>
   <div class='ocr_carea' id='block_1_53' title="bbox 2073 3013 3692 3129">
    <p class='ocr_par' dir='ltr' id='par_1_53' title="bbox 2115 3050 3692 3125">
     <span class='ocr_line' id='line_1_54' title="bbox 2115 3050 3692 3125; baseline 0.004 -22"><span class='ocrx_word' id='word_1_395' title='bbox 2115 3050 2491 3115; x_wconf 78' lang='grc' dir='ltr'>Ἐκλείποντος</span> <span class='ocrx_word' id='word_1_396' title='bbox 2514 3052 2661 3105; x_wconf 76' lang='grc' dir='ltr'>ὁσίου</span> <span class='ocrx_word' id='word_1_397' title='bbox 2701 3052 2797 3124; x_wconf 73' lang='lat'><strong>(2),</strong></span> <span class='ocrx_word' id='word_1_398' title='bbox 2837 3053 3113 3125; x_wconf 81' lang='grc' dir='ltr'><strong>σωτηρίας</strong></span> <span class='ocrx_word' id='word_1_399' title='bbox 3145 3052 3314 3109; x_wconf 80' lang='grc' dir='ltr'>δεῖται</span> <span class='ocrx_word' id='word_1_400' title='bbox 3346 3055 3421 3117; x_wconf 80' lang='grc' dir='ltr'><strong>ὡς</strong></span> <span class='ocrx_word' id='word_1_401' title='bbox 3447 3055 3692 3125; x_wconf 82' lang='grc' dir='ltr'>χαλεπώ-</span> 
     </span>
    </p>
   </div>
   <div class='ocr_carea' id='block_1_54' title="bbox 411 3134 2030 3222">
    <p class='ocr_par' dir='ltr' id='par_1_54' title="bbox 411 3134 1998 3222">
     <span class='ocr_line' id='line_1_55' title="bbox 411 3134 1998 3222; baseline -0.009 -16"><span class='ocrx_word' id='word_1_402' title='bbox 411 3161 689 3222; x_wconf 87' lang='lat' dir='ltr'><strong>precatur,</strong></span> <span class='ocrx_word' id='word_1_403' title='bbox 719 3157 777 3202; x_wconf 89' lang='lat' dir='ltr'><strong>ut</strong></span> <span class='ocrx_word' id='word_1_404' title='bbox 815 3146 907 3217; x_wconf 87' lang='lat' dir='ltr'><strong>qui</strong></span> <span class='ocrx_word' id='word_1_405' title='bbox 934 3142 1207 3199; x_wconf 76' lang='lat' dir='ltr'><strong>difﬁcilius</strong></span> <span class='ocrx_word' id='word_1_406' title='bbox 1243 3156 1509 3197; x_wconf 89' lang='lat' dir='ltr'><strong>evasurus</strong></span> <span class='ocrx_word' id='word_1_407' title='bbox 1549 3142 1638 3195; x_wconf 89' lang='lat' dir='ltr'><strong>sit.</strong></span> <span class='ocrx_word' id='word_1_408' title='bbox 1686 3160 1703 3191; x_wconf 83' lang='grc' dir='ltr'><strong>ι</strong></span> <span class='ocrx_word' id='word_1_409' title='bbox 1729 3134 1998 3207; x_wconf 84' lang='lat' dir='ltr'><strong>Quoniam</strong></span> 
     </span>
    </p>
   </div>
   <div class='ocr_carea' id='block_1_55' title="bbox 2075 3134 3694 3222">
    <p class='ocr_par' dir='ltr' id='par_1_55' title="bbox 2103 3146 3694 3219">
     <span class='ocr_line' id='line_1_56' title="bbox 2103 3146 3694 3219; baseline 0.003 -22"><span class='ocrx_word' id='word_1_410' title='bbox 2103 3162 2263 3216; x_wconf 85' lang='grc' dir='ltr'>τερον</span> <span class='ocrx_word' id='word_1_411' title='bbox 2290 3146 2733 3217; x_wconf 81' lang='grc' dir='ltr'>περιγενόμενος.</span> <span class='ocrx_word' id='word_1_412' title='bbox 2770 3167 2787 3197; x_wconf 79' lang='grc' dir='ltr'><strong>ι</strong></span> <span class='ocrx_word' id='word_1_413' title='bbox 2827 3148 2947 3200; x_wconf 86' lang='grc' dir='ltr'>’Ότι</span> <span class='ocrx_word' id='word_1_414' title='bbox 2973 3146 3327 3219; x_wconf 82' lang='grc' dir='ltr'>ὼλιγώθησαν</span> <span class='ocrx_word' id='word_1_415' title='bbox 3361 3150 3417 3200; x_wconf 82' lang='lat' dir='ltr'><strong>al</strong></span> <span class='ocrx_word' id='word_1_416' title='bbox 3452 3149 3694 3219; x_wconf 86' lang='grc' dir='ltr'>ἁλήθειαι</span> 
     </span>
    </p>
   </div>
   <div class='ocr_carea' id='block_1_56' title="bbox 410 3235 2029 3310">
    <p class='ocr_par' dir='ltr' id='par_1_56' title="bbox 410 3235 1999 3305">
     <span class='ocr_line' id='line_1_57' title="bbox 410 3235 1999 3305; baseline -0.008 0"><span class='ocrx_word' id='word_1_417' title='bbox 410 3249 696 3305; x_wconf 61' lang='lat' dir='ltr'><strong>diminuta.</strong></span> <span class='ocrx_word' id='word_1_418' title='bbox 721 3254 850 3300; x_wconf 90' lang='lat' dir='ltr'><strong>sunt</strong></span> <span class='ocrx_word' id='word_1_419' title='bbox 871 3243 1130 3297; x_wconf 80' lang='lat' dir='ltr'><strong>veritates</strong></span> <span class='ocrx_word' id='word_1_420' title='bbox 1165 3255 1192 3292; x_wconf 91' lang='lat' dir='ltr'><strong>a</strong></span> <span class='ocrx_word' id='word_1_421' title='bbox 1215 3238 1340 3293; x_wconf 83' lang='lat' dir='ltr'><strong>ﬁliis</strong></span> <span class='ocrx_word' id='word_1_422' title='bbox 1369 3239 1708 3293; x_wconf 69' lang='lat' dir='ltr'><strong>hominum.)</strong></span> <span class='ocrx_word' id='word_1_423' title='bbox 1744 3235 1799 3293; x_wconf 92' lang='lat' dir='ltr'><strong>Si</strong></span> <span class='ocrx_word' id='word_1_424' title='bbox 1826 3239 1999 3292; x_wconf 90' lang='lat' dir='ltr'><strong>sancti</strong></span> 
     </span>
    </p>
   </div>
   <div class='ocr_carea' id='block_1_57' title="bbox 2079 3235 3698 3310">
    <p class='ocr_par' dir='ltr' id='par_1_57' title="bbox 2104 3236 3698 3310">
     <span class='ocr_line' id='line_1_58' title="bbox 2104 3236 3698 3310; baseline 0.002 -22"><span class='ocrx_word' id='word_1_425' title='bbox 2104 3236 2212 3288; x_wconf 82' lang='grc' dir='ltr'>ἀπὸ</span> <span class='ocrx_word' id='word_1_426' title='bbox 2245 3237 2352 3291; x_wconf 83' lang='grc' dir='ltr'><strong>τῶν</strong></span> <span class='ocrx_word' id='word_1_427' title='bbox 2381 3238 2511 3290; x_wconf 80' lang='grc' dir='ltr'>υἱῶν</span> <span class='ocrx_word' id='word_1_428' title='bbox 2534 3237 2643 3293; x_wconf 86' lang='grc' dir='ltr'><strong>τῶν</strong></span> <span class='ocrx_word' id='word_1_429' title='bbox 2675 3238 3000 3309; x_wconf 77' lang='grc' dir='ltr'>ἀνθρώπιον.</span> <span class='ocrx_word' id='word_1_430' title='bbox 3041 3260 3057 3291; x_wconf 84' lang='grc'>›</span> <span class='ocrx_word' id='word_1_431' title='bbox 3095 3240 3155 3293; x_wconf 84' lang='grc' dir='ltr'><strong>Εἰ</strong></span> <span class='ocrx_word' id='word_1_432' title='bbox 3177 3242 3226 3293; x_wconf 80' lang='grc' dir='ltr'>οἱ</span> <span class='ocrx_word' id='word_1_433' title='bbox 3259 3240 3358 3310; x_wconf 82' lang='grc' dir='ltr'>μὲν</span> <span class='ocrx_word' id='word_1_434' title='bbox 3389 3241 3524 3293; x_wconf 81' lang='grc' dir='ltr'>ὅσιοι</span> <span class='ocrx_word' id='word_1_435' title='bbox 3547 3238 3698 3292; x_wconf 80' lang='grc' dir='ltr'>ἐκλε-</span> 
     </span>
    </p>
   </div>
   <div class='ocr_carea' id='block_1_58' title="bbox 409 3329 2028 3403">
    <p class='ocr_par' dir='ltr' id='par_1_58' title="bbox 409 3330 2001 3403">
     <span class='ocr_line' id='line_1_59' title="bbox 409 3330 2001 3403; baseline -0.008 -7"><span class='ocrx_word' id='word_1_436' title='bbox 409 3341 750 3403; x_wconf 75' lang='lat' dir='ltr'><strong>tlel‘ccerunt,</strong></span> <span class='ocrx_word' id='word_1_437' title='bbox 787 3347 844 3390; x_wconf 91' lang='lat' dir='ltr'><strong>et</strong></span> <span class='ocrx_word' id='word_1_438' title='bbox 880 3334 1144 3389; x_wconf 87' lang='lat' dir='ltr'><strong>veritates</strong></span> <span class='ocrx_word' id='word_1_439' title='bbox 1166 3330 1450 3385; x_wconf 73' lang='lat' dir='ltr'><strong>diminutze</strong></span> <span class='ocrx_word' id='word_1_440' title='bbox 1483 3338 1639 3397; x_wconf 89' lang='lat' dir='ltr'><strong>sunt,</strong></span> <span class='ocrx_word' id='word_1_441' title='bbox 1673 3346 1781 3384; x_wconf 91' lang='lat' dir='ltr'><strong>non</strong></span> <span class='ocrx_word' id='word_1_442' title='bbox 1814 3330 2001 3398; x_wconf 90' lang='lat' dir='ltr'><strong>utique</strong></span> 
     </span>
    </p>
   </div>
   <div class='ocr_carea' id='block_1_59' title="bbox 2077 3329 3696 3403">
    <p class='ocr_par' dir='ltr' id='par_1_59' title="bbox 2103 3329 3696 3402">
     <span class='ocr_line' id='line_1_60' title="bbox 2103 3329 3696 3402; baseline 0.001 -20"><span class='ocrx_word' id='word_1_443' title='bbox 2103 3330 2374 3393; x_wconf 85' lang='grc' dir='ltr'>λοίπασιν,</span> <span class='ocrx_word' id='word_1_444' title='bbox 2412 3332 2466 3383; x_wconf 83' lang='grc' dir='ltr'>αἱ</span> <span class='ocrx_word' id='word_1_445' title='bbox 2497 3329 2553 3383; x_wconf 75' lang='grc' dir='ltr'>δὲ</span> <span class='ocrx_word' id='word_1_446' title='bbox 2587 3330 2838 3401; x_wconf 76' lang='grc' dir='ltr'>ἁλήθειαι</span> <span class='ocrx_word' id='word_1_447' title='bbox 2868 3330 3249 3401; x_wconf 80' lang='grc' dir='ltr'>ὠλιγώθησαν,</span> <span class='ocrx_word' id='word_1_448' title='bbox 3277 3333 3377 3384; x_wconf 79' lang='grc' dir='ltr'><strong>οὐκ</strong></span> <span class='ocrx_word' id='word_1_449' title='bbox 3415 3334 3472 3385; x_wconf 80' lang='grc' dir='ltr'>ἐν</span> <span class='ocrx_word' id='word_1_450' title='bbox 3515 3333 3696 3402; x_wconf 85' lang='grc' dir='ltr'>μόνοις</span> 
     </span>
    </p>
   </div>
   <div class='ocr_carea' id='block_1_60' title="bbox 408 3420 2027 3495">
    <p class='ocr_par' dir='ltr' id='par_1_60' title="bbox 408 3424 1996 3488">
     <span class='ocr_line' id='line_1_61' title="bbox 408 3424 1996 3488; baseline -0.006 -2"><span class='ocrx_word' id='word_1_451' title='bbox 408 3432 462 3486; x_wconf 84' lang='lat' dir='ltr'><strong>in</strong></span> <span class='ocrx_word' id='word_1_452' title='bbox 502 3430 631 3487; x_wconf 81' lang='lat' dir='ltr'><strong>solis</strong></span> <span class='ocrx_word' id='word_1_453' title='bbox 670 3426 884 3483; x_wconf 82' lang='lat' dir='ltr'><strong>sanctis</strong></span> <span class='ocrx_word' id='word_1_454' title='bbox 922 3425 1217 3488; x_wconf 84' lang='lat' dir='ltr'><strong>veritates,</strong></span> <span class='ocrx_word' id='word_1_455' title='bbox 1278 3438 1378 3478; x_wconf 91' lang='lat' dir='ltr'><strong>nec</strong></span> <span class='ocrx_word' id='word_1_456' title='bbox 1426 3424 1477 3479; x_wconf 92' lang='lat' dir='ltr'><strong>in</strong></span> <span class='ocrx_word' id='word_1_457' title='bbox 1510 3424 1653 3479; x_wconf 83' lang='lat' dir='ltr'><strong>veris</strong></span> <span class='ocrx_word' id='word_1_458' title='bbox 1715 3424 1996 3479; x_wconf 87' lang='lat' dir='ltr'><strong>sanctitas.</strong></span> 
     </span>
    </p>
   </div>
   <div class='ocr_carea' id='block_1_61' title="bbox 2079 3420 3698 3495">
    <p class='ocr_par' dir='ltr' id='par_1_61' title="bbox 2102 3420 3698 3495">
     <span class='ocr_line' id='line_1_62' title="bbox 2102 3420 3698 3495; baseline 0.001 -20"><span class='ocrx_word' id='word_1_459' title='bbox 2102 3420 2214 3486; x_wconf 84' lang='grc' dir='ltr'>τοῖς</span> <span class='ocrx_word' id='word_1_460' title='bbox 2264 3423 2435 3485; x_wconf 79' lang='grc' dir='ltr'>ὁσίοις</span> <span class='ocrx_word' id='word_1_461' title='bbox 2491 3424 2545 3475; x_wconf 81' lang='grc' dir='ltr'><strong>αἱ</strong></span> <span class='ocrx_word' id='word_1_462' title='bbox 2595 3422 2866 3493; x_wconf 82' lang='grc' dir='ltr'>ἀλήθειαι,</span> <span class='ocrx_word' id='word_1_463' title='bbox 2916 3424 3010 3475; x_wconf 77' lang='grc' dir='ltr'><strong>καὶ</strong></span> <span class='ocrx_word' id='word_1_464' title='bbox 3057 3423 3155 3475; x_wconf 69' lang='grc' dir='ltr'><strong>οὐκ</strong></span> <span class='ocrx_word' id='word_1_465' title='bbox 3190 3425 3246 3475; x_wconf 86' lang='grc' dir='ltr'>ὲν</span> <span class='ocrx_word' id='word_1_466' title='bbox 3283 3427 3397 3487; x_wconf 83' lang='grc' dir='ltr'>τοῖς</span> <span class='ocrx_word' id='word_1_467' title='bbox 3442 3424 3698 3495; x_wconf 80' lang='grc' dir='ltr'>ἀληθέσιν</span> 
     </span>
    </p>
   </div>
   <div class='ocr_carea' id='block_1_62' title="bbox 412 3513 2031 3592">
    <p class='ocr_par' dir='ltr' id='par_1_62' title="bbox 412 3515 1998 3592">
     <span class='ocr_line' id='line_1_63' title="bbox 412 3515 1998 3592; baseline -0.004 -14"><span class='ocrx_word' id='word_1_468' title='bbox 412 3525 481 3578; x_wconf 84' lang='lat' dir='ltr'><strong>At</strong></span> <span class='ocrx_word' id='word_1_469' title='bbox 515 3521 776 3592; x_wconf 87' lang='lat' dir='ltr'><strong>quoniam</strong></span> <span class='ocrx_word' id='word_1_470' title='bbox 809 3518 985 3573; x_wconf 78' lang='lat' dir='ltr'><strong>sancti</strong></span> <span class='ocrx_word' id='word_1_471' title='bbox 1020 3515 1355 3583; x_wconf 86' lang='lat' dir='ltr'><strong>defecerunt,</strong></span> <span class='ocrx_word' id='word_1_472' title='bbox 1407 3526 1695 3585; x_wconf 85' lang='lat' dir='ltr'><strong>propterea</strong></span> <span class='ocrx_word' id='word_1_473' title='bbox 1742 3518 1998 3571; x_wconf 88' lang='lat' dir='ltr'><strong>veritates</strong></span> 
     </span>
    </p>
   </div>
   <div class='ocr_carea' id='block_1_63' title="bbox 2080 3513 3699 3592">
    <p class='ocr_par' dir='ltr' id='par_1_63' title="bbox 2103 3513 3699 3585">
     <span class='ocr_line' id='line_1_64' title="bbox 2103 3513 3699 3585; baseline 0.001 -18"><span class='ocrx_word' id='word_1_474' title='bbox 2103 3516 2340 3585; x_wconf 82' lang='grc' dir='ltr'>ὁσιότης.</span> <span class='ocrx_word' id='word_1_475' title='bbox 2384 3515 2495 3567; x_wconf 72' lang='grc' dir='ltr'>Καὶ</span> <span class='ocrx_word' id='word_1_476' title='bbox 2530 3514 2716 3582; x_wconf 79' lang='grc' dir='ltr'>ἐπειδὴ</span> <span class='ocrx_word' id='word_1_477' title='bbox 2752 3515 2800 3565; x_wconf 87' lang='grc' dir='ltr'>οἱ</span> <span class='ocrx_word' id='word_1_478' title='bbox 2834 3515 2968 3565; x_wconf 84' lang='grc' dir='ltr'>ὅσιοι</span> <span class='ocrx_word' id='word_1_479' title='bbox 3013 3513 3377 3579; x_wconf 77' lang='grc' dir='ltr'>ἐκλελοίπασι,</span> <span class='ocrx_word' id='word_1_480' title='bbox 3413 3514 3500 3567; x_wconf 78' lang='grc' dir='ltr'><strong>διὰ</strong></span> <span class='ocrx_word' id='word_1_481' title='bbox 3538 3515 3699 3569; x_wconf 80' lang='grc' dir='ltr'>τοῦτο</span> 
     </span>
    </p>
   </div>
   <div class='ocr_carea' id='block_1_64' title="bbox 409 3602 2028 3675">
    <p class='ocr_par' dir='ltr' id='par_1_64' title="bbox 409 3605 1997 3675">
     <span class='ocr_line' id='line_1_65' title="bbox 409 3605 1997 3675; baseline -0.006 -6"><span class='ocrx_word' id='word_1_482' title='bbox 409 3616 692 3669; x_wconf 73' lang='lat' dir='ltr'><strong>diminutae</strong></span> <span class='ocrx_word' id='word_1_483' title='bbox 743 3619 889 3665; x_wconf 90' lang='lat' dir='ltr'><strong>sunt.</strong></span> <span class='ocrx_word' id='word_1_484' title='bbox 962 3607 1027 3661; x_wconf 84' lang='lat' dir='ltr'><strong>Et</strong></span> <span class='ocrx_word' id='word_1_485' title='bbox 1076 3607 1311 3662; x_wconf 80' lang='lat' dir='ltr'><strong>fortasse</strong></span> <span class='ocrx_word' id='word_1_486' title='bbox 1366 3616 1680 3661; x_wconf 87' lang='lat' dir='ltr'><strong>sanctorum</strong></span> <span class='ocrx_word' id='word_1_487' title='bbox 1750 3605 1997 3675; x_wconf 85' lang='lat' dir='ltr'><strong>paucitas</strong></span> 
     </span>
    </p>
   </div>
   <div class='ocr_carea' id='block_1_65' title="bbox 2078 3602 3697 3675">
    <p class='ocr_par' dir='ltr' id='par_1_65' title="bbox 2102 3602 3697 3675">
     <span class='ocr_line' id='line_1_66' title="bbox 2102 3602 3697 3675; baseline 0.001 -16"><span class='ocrx_word' id='word_1_488' title='bbox 2102 3605 2462 3675; x_wconf 81' lang='grc' dir='ltr'>ὠλιγῶθησαν</span> <span class='ocrx_word' id='word_1_489' title='bbox 2510 3605 2566 3656; x_wconf 90' lang='grc' dir='ltr'>αἱ</span> <span class='ocrx_word' id='word_1_490' title='bbox 2605 3603 2874 3674; x_wconf 83' lang='grc' dir='ltr'>ἁλήθειαι.</span> <span class='ocrx_word' id='word_1_491' title='bbox 2922 3602 3033 3655; x_wconf 74' lang='grc' dir='ltr'><strong>Καὶ</strong></span> <span class='ocrx_word' id='word_1_492' title='bbox 3066 3603 3205 3672; x_wconf 87' lang='grc' dir='ltr'>τάχα</span> <span class='ocrx_word' id='word_1_493' title='bbox 3258 3606 3291 3675; x_wconf 82' lang='grc' dir='ltr'>ἡ</span> <span class='ocrx_word' id='word_1_494' title='bbox 3339 3605 3538 3669; x_wconf 82' lang='grc' dir='ltr'>σπάνις</span> <span class='ocrx_word' id='word_1_495' title='bbox 3587 3607 3697 3662; x_wconf 88' lang='grc' dir='ltr'><strong>τῶν</strong></span> 
     </span>
    </p>
   </div>
   <div class='ocr_carea' id='block_1_66' title="bbox 408 3695 2027 3769">
    <p class='ocr_par' dir='ltr' id='par_1_66' title="bbox 408 3695 1998 3761">
     <span class='ocr_line' id='line_1_67' title="bbox 408 3695 1998 3761; baseline -0.006 -2"><span class='ocrx_word' id='word_1_496' title='bbox 408 3721 575 3761; x_wconf 88' lang='lat' dir='ltr'><strong>causa</strong></span> <span class='ocrx_word' id='word_1_497' title='bbox 641 3704 742 3758; x_wconf 78' lang='lat' dir='ltr'><strong>fuit</strong></span> <span class='ocrx_word' id='word_1_498' title='bbox 791 3703 982 3757; x_wconf 86' lang='lat' dir='ltr'><strong>barum</strong></span> <span class='ocrx_word' id='word_1_499' title='bbox 1039 3698 1335 3753; x_wconf 86' lang='lat' dir='ltr'><strong>multarum</strong></span> <span class='ocrx_word' id='word_1_500' title='bbox 1402 3698 1730 3751; x_wconf 75' lang='lat' dir='ltr'><strong>hzereseum.</strong></span> <span class='ocrx_word' id='word_1_501' title='bbox 1804 3695 1998 3750; x_wconf 86' lang='lat' dir='ltr'><strong>Dolose</strong></span> 
     </span>
    </p>
   </div>
   <div class='ocr_carea' id='block_1_67' title="bbox 2074 3695 3693 3769">
    <p class='ocr_par' dir='ltr' id='par_1_67' title="bbox 2102 3695 3693 3769">
     <span class='ocr_line' id='line_1_68' title="bbox 2102 3695 3693 3769; baseline 0.003 -20"><span class='ocrx_word' id='word_1_502' title='bbox 2102 3699 2263 3750; x_wconf 84' lang='grc' dir='ltr'>ὁσίων</span> <span class='ocrx_word' id='word_1_503' title='bbox 2320 3695 2466 3749; x_wconf 82' lang='grc' dir='ltr'>αἰτία</span> <span class='ocrx_word' id='word_1_504' title='bbox 2500 3696 2692 3764; x_wconf 83' lang='grc' dir='ltr'>γέγονε</span> <span class='ocrx_word' id='word_1_505' title='bbox 2747 3696 2854 3749; x_wconf 83' lang='grc' dir='ltr'><strong>τῶν</strong></span> <span class='ocrx_word' id='word_1_506' title='bbox 2898 3696 3110 3749; x_wconf 78' lang='grc' dir='ltr'>πολλῶν</span> <span class='ocrx_word' id='word_1_507' title='bbox 3161 3697 3365 3751; x_wconf 85' lang='grc' dir='ltr'>τούτων</span> <span class='ocrx_word' id='word_1_508' title='bbox 3398 3699 3693 3769; x_wconf 82' lang='grc' dir='ltr'>αἱρέσεων.</span> 
     </span>
    </p>
   </div>
   <div class='ocr_carea' id='block_1_68' title="bbox 408 3788 2027 3865">
    <p class='ocr_par' dir='ltr' id='par_1_68' title="bbox 408 3788 1995 3865">
     <span class='ocr_line' id='line_1_69' title="bbox 408 3788 1995 3865; baseline -0.008 -12"><span class='ocrx_word' id='word_1_509' title='bbox 408 3807 598 3853; x_wconf 87' lang='lat' dir='ltr'><strong>mutuo</strong></span> <span class='ocrx_word' id='word_1_510' title='bbox 644 3796 1052 3865; x_wconf 88' lang='lat' dir='ltr'><strong>colloquuntur,</strong></span> <span class='ocrx_word' id='word_1_511' title='bbox 1086 3802 1141 3848; x_wconf 92' lang='lat' dir='ltr'><strong>et</strong></span> <span class='ocrx_word' id='word_1_512' title='bbox 1171 3806 1266 3861; x_wconf 89' lang='lat' dir='ltr'><strong>per</strong></span> <span class='ocrx_word' id='word_1_513' title='bbox 1313 3789 1548 3859; x_wconf 85' lang='lat' dir='ltr'><strong>maligna</strong></span> <span class='ocrx_word' id='word_1_514' title='bbox 1607 3788 1746 3841; x_wconf 87' lang='lat' dir='ltr'><strong>labia</strong></span> <span class='ocrx_word' id='word_1_515' title='bbox 1791 3788 1842 3840; x_wconf 91' lang='lat' dir='ltr'><strong>in</strong></span> <span class='ocrx_word' id='word_1_516' title='bbox 1900 3803 1995 3841; x_wconf 88' lang='lat' dir='ltr'><strong>sua</strong></span> 
     </span>
    </p>
   </div>
   <div class='ocr_carea' id='block_1_69' title="bbox 2077 3788 3696 3865">
    <p class='ocr_par' dir='ltr' id='par_1_69' title="bbox 2103 3788 3696 3863">
     <span class='ocr_line' id='line_1_70' title="bbox 2103 3788 3696 3863; baseline 0.003 -21"><span class='ocrx_word' id='word_1_517' title='bbox 2103 3788 2254 3843; x_wconf 79' lang='grc' dir='ltr'>Μετὰ</span> <span class='ocrx_word' id='word_1_518' title='bbox 2285 3789 2435 3842; x_wconf 80' lang='grc' dir='ltr'>δόλου</span> <span class='ocrx_word' id='word_1_519' title='bbox 2483 3789 2732 3861; x_wconf 81' lang='grc' dir='ltr'>ἀλλήλοις</span> <span class='ocrx_word' id='word_1_520' title='bbox 2767 3790 3269 3860; x_wconf 80' lang='grc' dir='ltr'>προσδιαλέγονται,</span> <span class='ocrx_word' id='word_1_521' title='bbox 3312 3790 3398 3843; x_wconf 88' lang='grc' dir='ltr'>διὰ</span> <span class='ocrx_word' id='word_1_522' title='bbox 3438 3792 3696 3863; x_wconf 84' lang='grc' dir='ltr'>πονηρῶν</span> 
     </span>
    </p>
   </div>
   <div class='ocr_carea' id='block_1_70' title="bbox 411 3878 2030 3955">
    <p class='ocr_par' dir='ltr' id='par_1_70' title="bbox 411 3878 1997 3945">
     <span class='ocr_line' id='line_1_71' title="bbox 411 3878 1997 3945; baseline -0.009 0"><span class='ocrx_word' id='word_1_523' title='bbox 411 3890 639 3945; x_wconf 87' lang='lat' dir='ltr'><strong>invicem</strong></span> <span class='ocrx_word' id='word_1_524' title='bbox 664 3890 832 3943; x_wconf 87' lang='lat' dir='ltr'><strong>corda</strong></span> <span class='ocrx_word' id='word_1_525' title='bbox 855 3885 1158 3941; x_wconf 87' lang='lat' dir='ltr'><strong>immittunt</strong></span> <span class='ocrx_word' id='word_1_526' title='bbox 1188 3882 1322 3937; x_wconf 82' lang='lat' dir='ltr'><strong>falsa</strong></span> <span class='ocrx_word' id='word_1_527' title='bbox 1351 3898 1364 3934; x_wconf 89' lang='lat'><strong>:</strong></span> <span class='ocrx_word' id='word_1_528' title='bbox 1394 3895 1516 3934; x_wconf 88' lang='lat' dir='ltr'><strong>cum</strong></span> <span class='ocrx_word' id='word_1_529' title='bbox 1545 3888 1725 3933; x_wconf 87' lang='lat' dir='ltr'><strong>autem</strong></span> <span class='ocrx_word' id='word_1_530' title='bbox 1755 3878 1997 3934; x_wconf 81' lang='lat' dir='ltr'><strong>scientite</strong></span> 
     </span>
    </p>
   </div>
   <div class='ocr_carea' id='block_1_71' title="bbox 2075 3878 3694 3955">
    <p class='ocr_par' dir='ltr' id='par_1_71' title="bbox 2101 3880 3694 3955">
     <span class='ocr_line' id='line_1_72' title="bbox 2101 3880 3694 3955; baseline 0.003 -22"><span class='ocrx_word' id='word_1_531' title='bbox 2101 3880 2324 3953; x_wconf 81' lang='grc' dir='ltr'>χειλέων</span> <span class='ocrx_word' id='word_1_532' title='bbox 2368 3883 2447 3945; x_wconf 83' lang='grc' dir='ltr'>εἰς</span> <span class='ocrx_word' id='word_1_533' title='bbox 2493 3881 2588 3952; x_wconf 81' lang='grc' dir='ltr'><strong>τὴν</strong></span> <span class='ocrx_word' id='word_1_534' title='bbox 2627 3881 2870 3953; x_wconf 78' lang='grc' dir='ltr'>ἀλλήλων</span> <span class='ocrx_word' id='word_1_535' title='bbox 2922 3881 3148 3953; x_wconf 82' lang='grc' dir='ltr'>καρδίαν</span> <span class='ocrx_word' id='word_1_536' title='bbox 3189 3883 3255 3936; x_wconf 81' lang='grc' dir='ltr'>τὰ</span> <span class='ocrx_word' id='word_1_537' title='bbox 3300 3882 3470 3954; x_wconf 68' lang='grc' dir='ltr'>ψευδῆ</span> <span class='ocrx_word' id='word_1_538' title='bbox 3518 3894 3694 3955; x_wconf 79' lang='grc' dir='ltr'>παρα-</span> 
     </span>
    </p>
   </div>
   <div class='ocr_carea' id='block_1_72' title="bbox 408 3972 2027 4046">
    <p class='ocr_par' dir='ltr' id='par_1_72' title="bbox 408 3972 1764 4043">
     <span class='ocr_line' id='line_1_73' title="bbox 408 3972 1764 4043; baseline -0.01 -6"><span class='ocrx_word' id='word_1_539' title='bbox 408 3998 512 4037; x_wconf 87' lang='lat' dir='ltr'><strong>non</strong></span> <span class='ocrx_word' id='word_1_540' title='bbox 543 3981 845 4043; x_wconf 82' lang='lat' dir='ltr'><strong>studemus,</strong></span> <span class='ocrx_word' id='word_1_541' title='bbox 886 3987 1012 4032; x_wconf 87' lang='lat' dir='ltr'><strong>tunc</strong></span> <span class='ocrx_word' id='word_1_542' title='bbox 1049 3975 1309 4030; x_wconf 86' lang='lat' dir='ltr'><strong>veritates</strong></span> <span class='ocrx_word' id='word_1_543' title='bbox 1343 3972 1764 4026; x_wconf 88' lang='lat' dir='ltr'><strong>imminuuntur.</strong></span> 
     </span>
    </p>
   </div>
   <div class='ocr_carea' id='block_1_73' title="bbox 2070 3972 3689 4046">
    <p class='ocr_par' dir='ltr' id='par_1_73' title="bbox 2098 3973 3689 4046">
     <span class='ocr_line' id='line_1_74' title="bbox 2098 3973 3689 4046; baseline 0.001 -19"><span class='ocrx_word' id='word_1_544' title='bbox 2098 3975 2446 4045; x_wconf 73' lang='grc' dir='ltr'><strong>’πέμποντες⁸</strong></span> <span class='ocrx_word' id='word_1_545' title='bbox 2494 3974 2583 4026; x_wconf 84' lang='grc' dir='ltr'>ὅτε</span> <span class='ocrx_word' id='word_1_546' title='bbox 2629 3974 2684 4026; x_wconf 85' lang='grc' dir='ltr'><strong>δὲ</strong></span> <span class='ocrx_word' id='word_1_547' title='bbox 2723 3973 2851 4046; x_wconf 69' lang='grc' dir='ltr'>περὶ</span> <span class='ocrx_word' id='word_1_548' title='bbox 2895 3974 3093 4043; x_wconf 87' lang='grc' dir='ltr'>γνῶσιν</span> <span class='ocrx_word' id='word_1_549' title='bbox 3144 3975 3241 4027; x_wconf 69' lang='grc' dir='ltr'><strong>οὐκ</strong></span> <span class='ocrx_word' id='word_1_550' title='bbox 3291 3975 3689 4046; x_wconf 74' lang='grc' dir='ltr'>ὰ’σχολο.5μεθα,</span> 
     </span>
    </p>
   </div>
   <div class='ocr_carea' id='block_1_74' title="bbox 2099 4063 2792 4137">
    <p class='ocr_par' dir='ltr' id='par_1_74' title="bbox 2099 4063 2792 4137">
     <span class='ocr_line' id='line_1_75' title="bbox 2099 4063 2792 4137; baseline 0.007 -21"><span class='ocrx_word' id='word_1_551' title='bbox 2099 4063 2405 4133; x_wconf 81' lang='grc' dir='ltr'>ὁλιγοῦνται</span> <span class='ocrx_word' id='word_1_552' title='bbox 2440 4066 2495 4117; x_wconf 82' lang='grc' dir='ltr'>αἱ</span> <span class='ocrx_word' id='word_1_553' title='bbox 2521 4064 2792 4137; x_wconf 81' lang='grc' dir='ltr'>ἁλήθειαι.</span> 
     </span>
    </p>
   </div>
   <div class='ocr_carea' id='block_1_75' title="bbox 478 4148 2097 4230">
    <p class='ocr_par' dir='ltr' id='par_1_75' title="bbox 478 4148 1995 4218">
     <span class='ocr_line' id='line_1_76' title="bbox 478 4148 1995 4218; baseline -0.005 -8"><span class='ocrx_word' id='word_1_554' title='bbox 478 4155 640 4210; x_wconf 70' lang='lat' dir='ltr'><strong>Vens.</strong></span> <span class='ocrx_word' id='word_1_555' title='bbox 680 4156 736 4209; x_wconf 79' lang='grc'>5.</span> <span class='ocrx_word' id='word_1_556' title='bbox 793 4154 940 4207; x_wconf 86' lang='lat' dir='ltr'><strong>Vana</strong></span> <span class='ocrx_word' id='word_1_557' title='bbox 965 4152 1129 4206; x_wconf 79' lang='lat' dir='ltr'><strong>locuti</strong></span> <span class='ocrx_word' id='word_1_558' title='bbox 1164 4158 1285 4203; x_wconf 86' lang='lat' dir='ltr'><strong>sunt</strong></span> <span class='ocrx_word' id='word_1_559' title='bbox 1326 4148 1682 4218; x_wconf 79' lang='lat' dir='ltr'><strong>unusquisque</strong></span> <span class='ocrx_word' id='word_1_560' title='bbox 1709 4148 1777 4202; x_wconf 84' lang='lat' dir='ltr'><strong>ad</strong></span> <span class='ocrx_word' id='word_1_561' title='bbox 1815 4151 1995 4218; x_wconf 73' lang='lat' dir='ltr'><strong>proxi-</strong></span> 
     </span>
    </p>
   </div>
   <div class='ocr_carea' id='block_1_76' title="bbox 2073 4148 3692 4230">
    <p class='ocr_par' dir='ltr' id='par_1_76' title="bbox 2170 4155 3692 4230">
     <span class='ocr_line' id='line_1_77' title="bbox 2170 4155 3692 4230; baseline 0.005 -21"><span class='ocrx_word' id='word_1_562' title='bbox 2170 4155 2402 4209; x_wconf 79' lang='grc' dir='ltr'>Μάτίιια</span> <span class='ocrx_word' id='word_1_563' title='bbox 2442 4155 2751 4224; x_wconf 72' lang='grc' dir='ltr'>ἐλάλησεν</span> <span class='ocrx_word' id='word_1_564' title='bbox 2786 4156 3047 4224; x_wconf 78' lang='grc' dir='ltr'>ἕκαστος</span> <span class='ocrx_word' id='word_1_565' title='bbox 3086 4160 3237 4227; x_wconf 54' lang='grc' dir='ltr'>πρὸς</span> <span class='ocrx_word' id='word_1_566' title='bbox 3279 4160 3385 4213; x_wconf 73' lang='grc' dir='ltr'><strong>τὼ·</strong></span> <span class='ocrx_word' id='word_1_567' title='bbox 3419 4163 3692 4230; x_wconf 70' lang='grc' dir='ltr'>πλησίον</span> 
     </span>
    </p>
   </div>
   <div class='ocr_carea' id='block_1_77' title="bbox 404 4242 2023 4327">
    <p class='ocr_par' dir='ltr' id='par_1_77' title="bbox 404 4242 1993 4315">
     <span class='ocr_line' id='line_1_78' title="bbox 404 4242 1993 4315; baseline -0.004 -12"><span class='ocrx_word' id='word_1_568' title='bbox 404 4266 545 4303; x_wconf 83' lang='lat' dir='ltr'><strong>mum</strong></span> <span class='ocrx_word' id='word_1_569' title='bbox 593 4265 768 4311; x_wconf 85' lang='lat' dir='ltr'><strong>suum,</strong></span> <span class='ocrx_word' id='word_1_570' title='bbox 807 4256 913 4302; x_wconf 85' lang='lat' dir='ltr'><strong>etc.</strong></span> <span class='ocrx_word' id='word_1_571' title='bbox 958 4242 1251 4315; x_wconf 75' lang='lat' dir='ltr'><strong>Propterea</strong></span> <span class='ocrx_word' id='word_1_572' title='bbox 1288 4256 1461 4310; x_wconf 85' lang='lat' dir='ltr'><strong>neque</strong></span> <span class='ocrx_word' id='word_1_573' title='bbox 1502 4250 1703 4296; x_wconf 82' lang='lat' dir='ltr'><strong>temere</strong></span> <span class='ocrx_word' id='word_1_574' title='bbox 1758 4243 1993 4297; x_wconf 86' lang='lat' dir='ltr'><strong>otiosum</strong></span> 
     </span>
    </p>
   </div>
   <div class='ocr_carea' id='block_1_78' title="bbox 2065 4242 3684 4327">
    <p class='ocr_par' dir='ltr' id='par_1_78' title="bbox 2097 4248 3684 4327">
     <span class='ocr_line' id='line_1_79' title="bbox 2097 4248 3684 4327; baseline 0.003 -24"><span class='ocrx_word' id='word_1_575' title='bbox 2097 4250 2307 4311; x_wconf 75' lang='grc' dir='ltr'>αὑτοῦ,</span> <span class='ocrx_word' id='word_1_576' title='bbox 2334 4267 2387 4302; x_wconf 86' lang='grc' dir='ltr'><strong>κ.</strong></span> <span class='ocrx_word' id='word_1_577' title='bbox 2418 4268 2465 4302; x_wconf 85' lang='grc' dir='ltr'><strong>τ.</strong></span> <span class='ocrx_word' id='word_1_578' title='bbox 2506 4251 2551 4303; x_wconf 81' lang='grc' dir='ltr'>ὲ.</span> <span class='ocrx_word' id='word_1_579' title='bbox 2582 4250 2680 4301; x_wconf 82' lang='grc' dir='ltr'>Διὰ</span> <span class='ocrx_word' id='word_1_580' title='bbox 2705 4248 2861 4303; x_wconf 77' lang='grc' dir='ltr'>τοῦτο</span> <span class='ocrx_word' id='word_1_581' title='bbox 2890 4249 2965 4320; x_wconf 79' lang='grc'>(5)</span> <span class='ocrx_word' id='word_1_582' title='bbox 2994 4252 3128 4321; x_wconf 83' lang='grc' dir='ltr'>μήτε</span> <span class='ocrx_word' id='word_1_583' title='bbox 3159 4252 3321 4319; x_wconf 72' lang='grc' dir='ltr'>λόγον</span> <span class='ocrx_word' id='word_1_584' title='bbox 3345 4253 3513 4323; x_wconf 81' lang='grc' dir='ltr'>ἀργὸν</span> <span class='ocrx_word' id='word_1_585' title='bbox 3544 4254 3684 4327; x_wconf 78' lang='grc' dir='ltr'>εἰκῆ,</span> 
     </span>
    </p>
   </div>
   <div class='ocr_carea' id='block_1_79' title="bbox 402 4337 2021 4413">
    <p class='ocr_par' dir='ltr' id='par_1_79' title="bbox 402 4337 1990 4409">
     <span class='ocr_line' id='line_1_80' title="bbox 402 4337 1990 4409; baseline -0.006 -10"><span class='ocrx_word' id='word_1_586' title='bbox 402 4356 727 4409; x_wconf 87' lang='lat' dir='ltr'><strong>sermonem,</strong></span> <span class='ocrx_word' id='word_1_587' title='bbox 757 4356 929 4409; x_wconf 86' lang='lat' dir='ltr'><strong>neque</strong></span> <span class='ocrx_word' id='word_1_588' title='bbox 966 4338 1340 4408; x_wconf 88' lang='lat' dir='ltr'><strong>blasphemum</strong></span> <span class='ocrx_word' id='word_1_589' title='bbox 1371 4376 1385 4402; x_wconf 92' lang='lat'><strong>,</strong></span> <span class='ocrx_word' id='word_1_590' title='bbox 1419 4352 1595 4405; x_wconf 88' lang='lat' dir='ltr'><strong>neque</strong></span> <span class='ocrx_word' id='word_1_591' title='bbox 1629 4337 1851 4392; x_wconf 86' lang='lat' dir='ltr'><strong>muuino</strong></span> <span class='ocrx_word' id='word_1_592' title='bbox 1900 4338 1990 4406; x_wconf 88' lang='lat' dir='ltr'><strong>qui</strong></span> 
     </span>
    </p>
   </div>
   <div class='ocr_carea' id='block_1_80' title="bbox 2070 4337 3689 4413">
    <p class='ocr_par' dir='ltr' id='par_1_80' title="bbox 2104 4338 3689 4413">
     <span class='ocr_line' id='line_1_81' title="bbox 2104 4338 3689 4413; baseline 0.004 -22"><span class='ocrx_word' id='word_1_593' title='bbox 2104 4342 2238 4411; x_wconf 79' lang='grc' dir='ltr'>μήτε</span> <span class='ocrx_word' id='word_1_594' title='bbox 2266 4340 2603 4410; x_wconf 69' lang='grc' dir='ltr'>βλάσφημον,</span> <span class='ocrx_word' id='word_1_595' title='bbox 2632 4338 2664 4411; x_wconf 82' lang='grc' dir='ltr'>ἢ</span> <span class='ocrx_word' id='word_1_596' title='bbox 2688 4339 2822 4403; x_wconf 84' lang='grc' dir='ltr'>ὅλως</span> <span class='ocrx_word' id='word_1_597' title='bbox 2846 4340 3142 4411; x_wconf 73' lang='grc' dir='ltr'>ἐπίληπτον</span> <span class='ocrx_word' id='word_1_598' title='bbox 3177 4344 3543 4413; x_wconf 79' lang='grc' dir='ltr'>προσάγωμεν</span> <span class='ocrx_word' id='word_1_599' title='bbox 3576 4350 3689 4410; x_wconf 82' lang='grc' dir='ltr'>τοῖς</span> 
     </span>
    </p>
   </div>
   <div class='ocr_carea' id='block_1_81' title="bbox 401 4424 2020 4508">
    <p class='ocr_par' dir='ltr' id='par_1_81' title="bbox 401 4424 1990 4507">
     <span class='ocr_line' id='line_1_82' title="bbox 401 4424 1990 4507; baseline -0.004 -16"><span class='ocrx_word' id='word_1_600' title='bbox 401 4438 551 4507; x_wconf 84' lang='lat' dir='ltr'><strong>carpi</strong></span> <span class='ocrx_word' id='word_1_601' title='bbox 582 4436 773 4505; x_wconf 87' lang='lat' dir='ltr'><strong>possit,</strong></span> <span class='ocrx_word' id='word_1_602' title='bbox 803 4433 1052 4504; x_wconf 79' lang='lat' dir='ltr'><strong>proximo</strong></span> <span class='ocrx_word' id='word_1_603' title='bbox 1088 4433 1424 4503; x_wconf 83' lang='lat' dir='ltr'><strong>ingeramus.</strong></span> <span class='ocrx_word' id='word_1_604' title='bbox 1464 4449 1481 4481; x_wconf 84' lang='lat'><strong>(</strong></span> <span class='ocrx_word' id='word_1_605' title='bbox 1512 4430 1681 4485; x_wconf 89' lang='lat' dir='ltr'><strong>Labia</strong></span> <span class='ocrx_word' id='word_1_606' title='bbox 1719 4424 1901 4485; x_wconf 86' lang='lat' dir='ltr'><strong>dolosa</strong></span> <span class='ocrx_word' id='word_1_607' title='bbox 1938 4431 1990 4484; x_wconf 90' lang='lat' dir='ltr'><strong>in</strong></span> 
     </span>
    </p>
   </div>
   <div class='ocr_carea' id='block_1_82' title="bbox 2071 4424 3690 4508">
    <p class='ocr_par' dir='ltr' id='par_1_82' title="bbox 2102 4428 3690 4508">
     <span class='ocr_line' id='line_1_83' title="bbox 2102 4428 3690 4508; baseline 0.004 -28"><span class='ocrx_word' id='word_1_608' title='bbox 2102 4430 2349 4499; x_wconf 87' lang='grc' dir='ltr'>πλησίον.</span> <span class='ocrx_word' id='word_1_609' title='bbox 2412 4449 2428 4481; x_wconf 80' lang='grc' dir='ltr'><strong>ι</strong></span> <span class='ocrx_word' id='word_1_610' title='bbox 2483 4428 2651 4500; x_wconf 86' lang='grc' dir='ltr'>Χείλη</span> <span class='ocrx_word' id='word_1_611' title='bbox 2698 4428 2848 4481; x_wconf 85' lang='grc' dir='ltr'>δόλια</span> <span class='ocrx_word' id='word_1_612' title='bbox 2896 4428 2951 4482; x_wconf 81' lang='grc' dir='ltr'>ὲν</span> <span class='ocrx_word' id='word_1_613' title='bbox 3004 4429 3207 4500; x_wconf 73' lang='grc' dir='ltr'>καρδίᾳ</span> <span class='ocrx_word' id='word_1_614' title='bbox 3234 4430 3334 4482; x_wconf 70' lang='grc' dir='ltr'>’καὶ</span> <span class='ocrx_word' id='word_1_615' title='bbox 3385 4434 3443 4484; x_wconf 82' lang='grc' dir='ltr'><strong>ἐν</strong></span> <span class='ocrx_word' id='word_1_616' title='bbox 3491 4435 3690 4508; x_wconf 65' lang='grc' dir='ltr'>καρδίᾳ</span> 
     </span>
    </p>
   </div>
   <div class='ocr_carea' id='block_1_83' title="bbox 402 4520 2021 4596">
    <p class='ocr_par' dir='ltr' id='par_1_83' title="bbox 402 4521 1988 4593">
     <span class='ocr_line' id='line_1_84' title="bbox 402 4521 1988 4593; baseline -0.006 -8"><span class='ocrx_word' id='word_1_617' title='bbox 402 4532 562 4585; x_wconf 86' lang='lat' dir='ltr'><strong>corde</strong></span> <span class='ocrx_word' id='word_1_618' title='bbox 583 4538 640 4585; x_wconf 88' lang='lat' dir='ltr'><strong>et</strong></span> <span class='ocrx_word' id='word_1_619' title='bbox 662 4528 827 4584; x_wconf 85' lang='lat' dir='ltr'><strong>corde</strong></span> <span class='ocrx_word' id='word_1_620' title='bbox 852 4526 1018 4581; x_wconf 89' lang='lat' dir='ltr'><strong>locuti</strong></span> <span class='ocrx_word' id='word_1_621' title='bbox 1054 4534 1202 4579; x_wconf 91' lang='lat' dir='ltr'><strong>sunt.</strong></span> <span class='ocrx_word' id='word_1_622' title='bbox 1235 4544 1254 4575; x_wconf 75' lang='grc' dir='ltr'><strong>ι</strong></span> <span class='ocrx_word' id='word_1_623' title='bbox 1296 4524 1568 4591; x_wconf 87' lang='lat' dir='ltr'><strong>Quoniam</strong></span> <span class='ocrx_word' id='word_1_624' title='bbox 1614 4525 1800 4579; x_wconf 85' lang='lat' dir='ltr'><strong>dolosa</strong></span> <span class='ocrx_word' id='word_1_625' title='bbox 1839 4521 1988 4593; x_wconf 81' lang='lat' dir='ltr'><strong>cogi-</strong></span> 
     </span>
    </p>
   </div>
   <div class='ocr_carea' id='block_1_84' title="bbox 2067 4520 3686 4596">
    <p class='ocr_par' dir='ltr' id='par_1_84' title="bbox 2099 4520 3686 4596">
     <span class='ocr_line' id='line_1_85' title="bbox 2099 4520 3686 4596; baseline 0.003 -20"><span class='ocrx_word' id='word_1_626' title='bbox 2099 4522 2386 4593; x_wconf 80' lang='grc' dir='ltr'>ὲλάλησαν.</span> <span class='ocrx_word' id='word_1_627' title='bbox 2415 4542 2432 4574; x_wconf 78' lang='grc' dir='ltr'><strong>ι</strong></span> <span class='ocrx_word' id='word_1_628' title='bbox 2456 4524 2671 4594; x_wconf 81' lang='grc' dir='ltr'>Ἐπειδὴ</span> <span class='ocrx_word' id='word_1_629' title='bbox 2702 4520 2853 4576; x_wconf 80' lang='grc' dir='ltr'>δόλια</span> <span class='ocrx_word' id='word_1_630' title='bbox 2897 4523 3209 4596; x_wconf 83' lang='grc' dir='ltr'>ὲνενόησαν,</span> <span class='ocrx_word' id='word_1_631' title='bbox 3254 4525 3341 4578; x_wconf 79' lang='grc' dir='ltr'>διὰ</span> <span class='ocrx_word' id='word_1_632' title='bbox 3374 4525 3531 4579; x_wconf 75' lang='grc' dir='ltr'>τοῦτο</span> <span class='ocrx_word' id='word_1_633' title='bbox 3561 4528 3686 4583; x_wconf 76' lang='grc' dir='ltr'>ἐλά-</span> 
     </span>
    </p>
   </div>
   <div class='ocr_carea' id='block_1_85' title="bbox 401 4613 2020 4691">
    <p class='ocr_par' dir='ltr' id='par_1_85' title="bbox 401 4616 1543 4691">
     <span class='ocr_line' id='line_1_86' title="bbox 401 4616 1543 4691; baseline -0.005 -13"><span class='ocrx_word' id='word_1_634' title='bbox 401 4633 673 4688; x_wconf 79' lang='lat' dir='ltr'><strong>laverunt,</strong></span> <span class='ocrx_word' id='word_1_635' title='bbox 714 4630 1004 4691; x_wconf 88' lang='lat' dir='ltr'><strong>propterea</strong></span> <span class='ocrx_word' id='word_1_636' title='bbox 1034 4631 1171 4670; x_wconf 89' lang='lat' dir='ltr'><strong>vana</strong></span> <span class='ocrx_word' id='word_1_637' title='bbox 1200 4616 1363 4673; x_wconf 78' lang='lat' dir='ltr'><strong>locuti</strong></span> <span class='ocrx_word' id='word_1_638' title='bbox 1394 4627 1543 4673; x_wconf 91' lang='lat' dir='ltr'><strong>sunt.</strong></span> 
     </span>
    </p>
   </div>
   <div class='ocr_carea' id='block_1_86' title="bbox 1066 4613 2685 4691">
    <p class='ocr_par' dir='ltr' id='par_1_86' title="bbox 1069 4613 2685 4686">
     <span class='ocr_line' id='line_1_87' title="bbox 1069 4613 2685 4686; baseline -0.001 -17"><span class='ocrx_word' id='word_1_639' title='bbox 1069 4631 1171 4670; x_wconf 90' lang='lat' dir='ltr'><strong>ana</strong></span> <span class='ocrx_word' id='word_1_640' title='bbox 1200 4616 1363 4673; x_wconf 78' lang='lat' dir='ltr'><strong>locuti</strong></span> <span class='ocrx_word' id='word_1_641' title='bbox 1394 4627 1543 4673; x_wconf 90' lang='lat' dir='ltr'><strong>sunt.</strong></span> <span class='ocrx_word' id='word_1_642' title='bbox 2098 4613 2269 4686; x_wconf 85' lang='grc' dir='ltr'>λησαν</span> <span class='ocrx_word' id='word_1_643' title='bbox 2299 4616 2685 4686; x_wconf 80' lang='grc' dir='ltr'>ματαιότητας.</span> 
     </span>
    </p>
   </div>
   <div class='ocr_carea' id='block_1_87' title="bbox 472 4706 2091 4781">
    <p class='ocr_par' dir='ltr' id='par_1_87' title="bbox 472 4706 1987 4781">
     <span class='ocr_line' id='line_1_88' title="bbox 472 4706 1987 4781; baseline -0.005 -11"><span class='ocrx_word' id='word_1_644' title='bbox 472 4716 639 4770; x_wconf 70' lang='lat' dir='ltr'><strong>Vens.</strong></span> <span class='ocrx_word' id='word_1_645' title='bbox 658 4714 712 4767; x_wconf 70' lang='grc'>4.</span> <span class='ocrx_word' id='word_1_646' title='bbox 743 4712 1023 4781; x_wconf 75' lang='lat' dir='ltr'><strong>Disperdat</strong></span> <span class='ocrx_word' id='word_1_647' title='bbox 1054 4712 1310 4764; x_wconf 85' lang='lat' dir='ltr'><strong>Dominus</strong></span> <span class='ocrx_word' id='word_1_648' title='bbox 1338 4711 1580 4763; x_wconf 78' lang='lat' dir='ltr'><strong>universa</strong></span> <span class='ocrx_word' id='word_1_649' title='bbox 1610 4706 1753 4761; x_wconf 81' lang='lat' dir='ltr'><strong>labia</strong></span> <span class='ocrx_word' id='word_1_650' title='bbox 1782 4707 1987 4775; x_wconf 83' lang='lat' dir='ltr'><strong>dolosa,</strong></span> 
     </span>
    </p>
   </div>
   <div class='ocr_carea' id='block_1_88' title="bbox 2069 4706 3688 4781">
    <p class='ocr_par' dir='ltr' id='par_1_88' title="bbox 2183 4708 3688 4780">
     <span class='ocr_line' id='line_1_89' title="bbox 2183 4708 3688 4780; baseline 0.004 -21"><span class='ocrx_word' id='word_1_651' title='bbox 2183 4708 2637 4776; x_wconf 76' lang='grc' dir='ltr'>Ἐξολοθρεύο-αι</span> <span class='ocrx_word' id='word_1_652' title='bbox 2678 4708 2895 4775; x_wconf 76' lang='grc' dir='ltr'>Κύριος</span> <span class='ocrx_word' id='word_1_653' title='bbox 2935 4708 3131 4761; x_wconf 73' lang='grc' dir='ltr'>πάντα</span> <span class='ocrx_word' id='word_1_654' title='bbox 3168 4710 3239 4764; x_wconf 80' lang='grc' dir='ltr'>τὰ</span> <span class='ocrx_word' id='word_1_655' title='bbox 3277 4712 3454 4780; x_wconf 74' lang='grc' dir='ltr'>χείλη</span> <span class='ocrx_word' id='word_1_656' title='bbox 3488 4712 3559 4766; x_wconf 80' lang='grc' dir='ltr'>τὰ</span> <span class='ocrx_word' id='word_1_657' title='bbox 3589 4712 3688 4765; x_wconf 80' lang='grc' dir='ltr'><strong>δό-</strong></span> 
     </span>
    </p>
   </div>
   <div class='ocr_carea' id='block_1_89' title="bbox 398 4800 2017 4877">
    <p class='ocr_par' dir='ltr' id='par_1_89' title="bbox 398 4802 1989 4877">
     <span class='ocr_line' id='line_1_90' title="bbox 398 4802 1989 4877; baseline -0.002 -15"><span class='ocrx_word' id='word_1_658' title='bbox 398 4818 447 4863; x_wconf 85' lang='lat' dir='ltr'><strong>et</strong></span> <span class='ocrx_word' id='word_1_659' title='bbox 483 4809 718 4877; x_wconf 83' lang='lat' dir='ltr'><strong>linguam</strong></span> <span class='ocrx_word' id='word_1_660' title='bbox 750 4805 1171 4873; x_wconf 82' lang='lat' dir='ltr'><strong>magniloquam,</strong></span> <span class='ocrx_word' id='word_1_661' title='bbox 1199 4814 1306 4860; x_wconf 90' lang='lat' dir='ltr'><strong>etc.</strong></span> <span class='ocrx_word' id='word_1_662' title='bbox 1339 4804 1472 4857; x_wconf 90' lang='lat' dir='ltr'><strong>Dum</strong></span> <span class='ocrx_word' id='word_1_663' title='bbox 1507 4802 1650 4857; x_wconf 83' lang='lat' dir='ltr'><strong>enim</strong></span> <span class='ocrx_word' id='word_1_664' title='bbox 1696 4818 1815 4872; x_wconf 68' lang='lat' dir='ltr'><strong>quae</strong></span> <span class='ocrx_word' id='word_1_665' title='bbox 1841 4804 1989 4859; x_wconf 88' lang='lat' dir='ltr'><strong>dete-</strong></span> 
     </span>
    </p>
   </div>
   <div class='ocr_carea' id='block_1_90' title="bbox 2063 4800 3682 4877">
    <p class='ocr_par' dir='ltr' id='par_1_90' title="bbox 2096 4800 3682 4877">
     <span class='ocr_line' id='line_1_91' title="bbox 2096 4800 3682 4877; baseline 0.001 -21"><span class='ocrx_word' id='word_1_666' title='bbox 2096 4805 2219 4866; x_wconf 82' lang='grc' dir='ltr'>λια,</span> <span class='ocrx_word' id='word_1_667' title='bbox 2249 4801 2344 4855; x_wconf 72' lang='grc' dir='ltr'><strong>καὶ</strong></span> <span class='ocrx_word' id='word_1_668' title='bbox 2382 4801 2672 4870; x_wconf 76' lang='grc' dir='ltr'>γλῶσσαν</span> <span class='ocrx_word' id='word_1_669' title='bbox 2693 4800 3207 4871; x_wconf 72' lang='grc' dir='ltr'>μεγαλορρήμονα,</span> <span class='ocrx_word' id='word_1_670' title='bbox 3242 4821 3295 4856; x_wconf 89' lang='grc' dir='ltr'><strong>κ.</strong></span> <span class='ocrx_word' id='word_1_671' title='bbox 3322 4819 3371 4856; x_wconf 88' lang='grc' dir='ltr'><strong>τ.</strong></span> <span class='ocrx_word' id='word_1_672' title='bbox 3405 4806 3450 4857; x_wconf 80' lang='grc' dir='ltr'><strong>ὲ.</strong></span> <span class='ocrx_word' id='word_1_673' title='bbox 3495 4805 3553 4857; x_wconf 84' lang='lat' dir='ltr'><strong>&#39;U</strong></span> <span class='ocrx_word' id='word_1_674' title='bbox 3575 4805 3682 4877; x_wconf 81' lang='grc' dir='ltr'><strong>γὰρ</strong></span> 
     </span>
    </p>
   </div>
   <div class='ocr_carea' id='block_1_91' title="bbox 403 4890 2022 4966">
    <p class='ocr_par' dir='ltr' id='par_1_91' title="bbox 403 4895 1992 4966">
     <span class='ocr_line' id='line_1_92' title="bbox 403 4895 1992 4966; baseline 0.001 -17"><span class='ocrx_word' id='word_1_675' title='bbox 403 4899 547 4952; x_wconf 82' lang='lat' dir='ltr'><strong>riora</strong></span> <span class='ocrx_word' id='word_1_676' title='bbox 578 4907 729 4963; x_wconf 75' lang='lat' dir='ltr'><strong>sunt,</strong></span> <span class='ocrx_word' id='word_1_677' title='bbox 774 4896 1033 4952; x_wconf 89' lang='lat' dir='ltr'><strong>Dominus</strong></span> <span class='ocrx_word' id='word_1_678' title='bbox 1068 4897 1256 4957; x_wconf 77' lang='lat' dir='ltr'><strong>delet,</strong></span> <span class='ocrx_word' id='word_1_679' title='bbox 1320 4897 1434 4964; x_wconf 88' lang='lat' dir='ltr'><strong>ipsa</strong></span> <span class='ocrx_word' id='word_1_680' title='bbox 1492 4895 1771 4966; x_wconf 83' lang='lat' dir='ltr'><strong>disperdit,</strong></span> <span class='ocrx_word' id='word_1_681' title='bbox 1825 4906 1885 4950; x_wconf 90' lang='lat' dir='ltr'><strong>ut</strong></span> <span class='ocrx_word' id='word_1_682' title='bbox 1928 4896 1992 4951; x_wconf 89' lang='lat' dir='ltr'><strong>iis</strong></span> 
     </span>
    </p>
   </div>
   <div class='ocr_carea' id='block_1_92' title="bbox 2061 4890 3680 4966">
    <p class='ocr_par' dir='ltr' id='par_1_92' title="bbox 2095 4890 3680 4965">
     <span class='ocr_line' id='line_1_93' title="bbox 2095 4890 3680 4965; baseline 0.003 -21"><span class='ocrx_word' id='word_1_683' title='bbox 2095 4892 2299 4963; x_wconf 86' lang='grc' dir='ltr'>Κύριος</span> <span class='ocrx_word' id='word_1_684' title='bbox 2331 4891 2403 4960; x_wconf 63' lang='lat' dir='ltr'><strong>(lt)</strong></span> <span class='ocrx_word' id='word_1_685' title='bbox 2434 4890 2770 4960; x_wconf 74' lang='grc' dir='ltr'>ἐξαφανίζων</span> <span class='ocrx_word' id='word_1_686' title='bbox 2793 4891 2861 4943; x_wconf 80' lang='grc' dir='ltr'><strong>τά</strong></span> <span class='ocrx_word' id='word_1_687' title='bbox 2888 4892 3128 4964; x_wconf 83' lang='grc' dir='ltr'>χείρονα,</span> <span class='ocrx_word' id='word_1_688' title='bbox 3159 4894 3491 4965; x_wconf 72' lang='grc' dir='ltr'>ἐξολοθρεύει</span> <span class='ocrx_word' id='word_1_689' title='bbox 3520 4896 3680 4964; x_wconf 71' lang='grc' dir='ltr'>αὐτὰ,</span> 
     </span>
    </p>
   </div>
   <div class='ocr_carea' id='block_1_93' title="bbox 403 4978 2022 5060">
    <p class='ocr_par' dir='ltr' id='par_1_93' title="bbox 403 4988 1989 5060">
     <span class='ocr_line' id='line_1_94' title="bbox 403 4988 1989 5060; baseline 0.003 -18"><span class='ocrx_word' id='word_1_690' title='bbox 403 5001 525 5059; x_wconf 72' lang='lat' dir='ltr'><strong>quae</strong></span> <span class='ocrx_word' id='word_1_691' title='bbox 558 4990 954 5059; x_wconf 81' lang='lat' dir='ltr'><strong>superveniunt</strong></span> <span class='ocrx_word' id='word_1_692' title='bbox 980 4990 1195 5057; x_wconf 88' lang='lat' dir='ltr'><strong>deletis,</strong></span> <span class='ocrx_word' id='word_1_693' title='bbox 1248 4990 1425 5060; x_wconf 88' lang='lat' dir='ltr'><strong>prima</strong></span> <span class='ocrx_word' id='word_1_694' title='bbox 1468 4988 1562 5045; x_wconf 90' lang='lat' dir='ltr'><strong>Dei</strong></span> <span class='ocrx_word' id='word_1_695' title='bbox 1602 5000 1857 5046; x_wconf 87' lang='lat' dir='ltr'><strong>creatura</strong></span> <span class='ocrx_word' id='word_1_696' title='bbox 1901 4992 1989 5048; x_wconf 92' lang='lat' dir='ltr'><strong>cui</strong></span> 
     </span>
    </p>
   </div>
   <div class='ocr_carea' id='block_1_94' title="bbox 2060 4978 3679 5060">
    <p class='ocr_par' dir='ltr' id='par_1_94' title="bbox 2094 4978 3679 5057">
     <span class='ocr_line' id='line_1_95' title="bbox 2094 4978 3679 5057; baseline 0.004 -23"><span class='ocrx_word' id='word_1_697' title='bbox 2094 4982 2179 5035; x_wconf 80' lang='grc' dir='ltr'>ἵνα</span> <span class='ocrx_word' id='word_1_698' title='bbox 2221 4978 2497 5055; x_wconf 65' lang='grc' dir='ltr'>ἀνακύψῃ,</span> <span class='ocrx_word' id='word_1_699' title='bbox 2546 4981 2950 5051; x_wconf 74' lang='grc' dir='ltr'>ἀφανισθέντων</span> <span class='ocrx_word' id='word_1_700' title='bbox 2991 4983 3102 5039; x_wconf 84' lang='grc' dir='ltr'><strong>τῶν</strong></span> <span class='ocrx_word' id='word_1_701' title='bbox 3136 4986 3679 5057; x_wconf 76' lang='grc' dir='ltr'>ἐπισυμϐεϐηκότων,</span> 
     </span>
    </p>
   </div>
   <div class='ocr_carea' id='block_1_95' title="bbox 396 5070 2015 5153">
    <p class='ocr_par' dir='ltr' id='par_1_95' title="bbox 396 5081 1699 5153">
     <span class='ocr_line' id='line_1_96' title="bbox 396 5081 1699 5153; baseline 0.002 -19"><span class='ocrx_word' id='word_1_702' title='bbox 396 5081 675 5135; x_wconf 85' lang='lat' dir='ltr'><strong>deteriora</strong></span> <span class='ocrx_word' id='word_1_703' title='bbox 705 5091 1161 5149; x_wconf 84' lang='lat' dir='ltr'><strong>supervenerant,</strong></span> <span class='ocrx_word' id='word_1_704' title='bbox 1195 5082 1387 5137; x_wconf 85' lang='lat' dir='ltr'><strong>altiora</strong></span> <span class='ocrx_word' id='word_1_705' title='bbox 1415 5084 1699 5153; x_wconf 88' lang='lat' dir='ltr'><strong>suscipiat.</strong></span> 
     </span>
    </p>
   </div>
   <div class='ocr_carea' id='block_1_96' title="bbox 2064 5070 3683 5153">
    <p class='ocr_par' dir='ltr' id='par_1_96' title="bbox 2090 5070 3683 5149">
     <span class='ocr_line' id='line_1_97' title="bbox 2090 5070 3683 5149; baseline 0.004 -21"><span class='ocrx_word' id='word_1_706' title='bbox 2090 5075 2152 5128; x_wconf 83' lang='grc' dir='ltr'><strong>τὸ</strong></span> <span class='ocrx_word' id='word_1_707' title='bbox 2199 5075 2414 5146; x_wconf 87' lang='grc' dir='ltr'>πρῶτον</span> <span class='ocrx_word' id='word_1_708' title='bbox 2460 5076 2664 5145; x_wconf 86' lang='grc' dir='ltr'>κτίσμα</span> <span class='ocrx_word' id='word_1_709' title='bbox 2717 5076 2810 5130; x_wconf 78' lang='grc' dir='ltr'>τοῦ</span> <span class='ocrx_word' id='word_1_710' title='bbox 2861 5075 3019 5141; x_wconf 80' lang='grc' dir='ltr'>Θεοῦ,</span> <span class='ocrx_word' id='word_1_711' title='bbox 3062 5070 3107 5144; x_wconf 82' lang='grc' dir='ltr'><strong>ᾧ</strong></span> <span class='ocrx_word' id='word_1_712' title='bbox 3153 5077 3561 5149; x_wconf 72' lang='grc' dir='ltr'>ὲπισυμϐέὸηγε</span> <span class='ocrx_word' id='word_1_713' title='bbox 3613 5080 3683 5134; x_wconf 76' lang='grc' dir='ltr'>τὰ</span> 
     </span>
    </p>
   </div>
   <div class='ocr_carea' id='block_1_97' title="bbox 2089 5168 2331 5240">
    <p class='ocr_par' dir='ltr' id='par_1_97' title="bbox 2089 5168 2331 5240">
     <span class='ocr_line' id='line_1_98' title="bbox 2089 5168 2331 5240; baseline 0.008 -20"><span class='ocrx_word' id='word_1_714' title='bbox 2089 5168 2331 5240; x_wconf 86' lang='grc' dir='ltr'>χείρονα.</span> 
     </span>
    </p>
   </div>
   <div class='ocr_carea' id='block_1_98' title="bbox 480 5324 1623 5393">
    <p class='ocr_par' dir='ltr' id='par_1_98' title="bbox 480 5324 1623 5393">
     <span class='ocr_line' id='line_1_99' title="bbox 480 5324 1623 5393; baseline -0.001 -13"><span class='ocrx_word' id='word_1_715' title='bbox 480 5326 522 5356; x_wconf 83' lang='grc'><strong>¹⁹</strong></span> <span class='ocrx_word' id='word_1_716' title='bbox 555 5324 692 5380; x_wconf 84' lang='lat' dir='ltr'><strong>Gen.</strong></span> <span class='ocrx_word' id='word_1_717' title='bbox 735 5338 892 5391; x_wconf 82' lang='lat' dir='ltr'><strong>xvut,</strong></span> <span class='ocrx_word' id='word_1_718' title='bbox 932 5325 1023 5379; x_wconf 72' lang='lat'><strong>25&#39;.</strong></span> <span class='ocrx_word' id='word_1_719' title='bbox 1101 5325 1146 5355; x_wconf 83' lang='grc'><strong>²⁰</strong></span> <span class='ocrx_word' id='word_1_720' title='bbox 1186 5324 1205 5378; x_wconf 89' lang='lat' dir='ltr'><strong>l</strong></span> <span class='ocrx_word' id='word_1_721' title='bbox 1245 5326 1370 5381; x_wconf 84' lang='lat' dir='ltr'><strong>Cor.</strong></span> <span class='ocrx_word' id='word_1_722' title='bbox 1410 5343 1526 5393; x_wconf 80' lang='lat' dir='ltr'><strong>xm,</strong></span> <span class='ocrx_word' id='word_1_723' title='bbox 1568 5328 1623 5380; x_wconf 69' lang='grc'>4.</span> 
     </span>
    </p>
   </div>
   <div class='ocr_carea' id='block_1_99' title="bbox 476 5481 2275 5557">
    <p class='ocr_par' dir='ltr' id='par_1_99' title="bbox 476 5481 2275 5557">
     <span class='ocr_line' id='line_1_100' title="bbox 476 5481 2275 5557; baseline 0.002 -16"><span class='ocrx_word' id='word_1_724' title='bbox 476 5482 585 5557; x_wconf 74' lang='grc' dir='ltr'>(9ῖ)</span> <span class='ocrx_word' id='word_1_725' title='bbox 623 5486 721 5557; x_wconf 83' lang='grc' dir='ltr'><strong>Διρ</strong></span> <span class='ocrx_word' id='word_1_726' title='bbox 743 5481 863 5557; x_wconf 81' lang='grc' dir='ltr'>πᾶς</span> <span class='ocrx_word' id='word_1_727' title='bbox 899 5487 931 5538; x_wconf 84' lang='grc' dir='ltr'>ό</span> <span class='ocrx_word' id='word_1_728' title='bbox 974 5484 1348 5555; x_wconf 75' lang='grc' dir='ltr'>ἁμαρτάνων,</span> <span class='ocrx_word' id='word_1_729' title='bbox 1378 5496 1482 5542; x_wconf 89' lang='lat' dir='ltr'><strong>etc.</strong></span> <span class='ocrx_word' id='word_1_730' title='bbox 1525 5486 1727 5542; x_wconf 87' lang='lat' dir='ltr'><strong>Catena</strong></span> <span class='ocrx_word' id='word_1_731' title='bbox 1770 5487 1982 5556; x_wconf 86' lang='lat' dir='ltr'><strong>collegii</strong></span> <span class='ocrx_word' id='word_1_732' title='bbox 2092 5488 2275 5544; x_wconf 87' lang='lat' dir='ltr'><strong>barus.</strong></span> 
     </span>
    </p>
   </div>
   <div class='ocr_carea' id='block_1_100' title="bbox 406 5556 2025 5631">
    <p class='ocr_par' dir='ltr' id='par_1_100' title="bbox 406 5556 1349 5631">
     <span class='ocr_line' id='line_1_101' title="bbox 406 5556 1349 5631; baseline 0.002 -24"><span class='ocrx_word' id='word_1_733' title='bbox 406 5556 527 5631; x_wconf 62' lang='lat' dir='ltr'><strong>novi</strong></span> <span class='ocrx_word' id='word_1_734' title='bbox 553 5556 900 5631; x_wconf 72' lang='lat' dir='ltr'><strong>Oxonicnsis.</strong></span> <span class='ocrx_word' id='word_1_735' title='bbox 929 5625 940 5631; x_wconf 84' lang='lat'><strong>_</strong></span> <span class='ocrx_word' id='word_1_736' title='bbox 1322 5627 1349 5631; x_wconf 37' lang='grc' dir='ltr'><strong>Α</strong></span> 
     </span>
    </p>
   </div>
   <div class='ocr_carea' id='block_1_101' title="bbox 2062 5556 3681 5631">
    <p class='ocr_par' dir='ltr' id='par_1_101' title="bbox 2092 5558 3681 5631">
     <span class='ocr_line' id='line_1_102' title="bbox 2092 5558 3681 5631; baseline 0.006 -22"><span class='ocrx_word' id='word_1_737' title='bbox 2092 5628 2119 5631; x_wconf 15' lang='grc' dir='ltr'>ζ</span> <span class='ocrx_word' id='word_1_738' title='bbox 2162 5559 2239 5631; x_wconf 73' lang='lat'><strong>(2)</strong></span> <span class='ocrx_word' id='word_1_739' title='bbox 2290 5558 2707 5627; x_wconf 78' lang='grc' dir='ltr'>Ἐκλείποντος</span> <span class='ocrx_word' id='word_1_740' title='bbox 2737 5558 2933 5628; x_wconf 79' lang='grc' dir='ltr'>ὁσίου,</span> <span class='ocrx_word' id='word_1_741' title='bbox 2978 5568 3084 5616; x_wconf 88' lang='lat' dir='ltr'><strong>etc.</strong></span> <span class='ocrx_word' id='word_1_742' title='bbox 3121 5560 3346 5617; x_wconf 73' lang='lat' dir='ltr'><strong>Schedte</strong></span> <span class='ocrx_word' id='word_1_743' title='bbox 3381 5562 3589 5627; x_wconf 82' lang='lat' dir='ltr'><strong>Grabii,</strong></span> <span class='ocrx_word' id='word_1_744' title='bbox 3625 5575 3681 5619; x_wconf 88' lang='lat' dir='ltr'><strong>et</strong></span> 
     </span>
    </p>
   </div>
   <div class='ocr_carea' id='block_1_102' title="bbox 477 5622 2096 5695">
    <p class='ocr_par' dir='ltr' id='par_1_102' title="bbox 477 5622 2096 5695">
     <span class='ocr_line' id='line_1_103' title="bbox 477 5622 2096 5695; baseline 0.002 -16"><span class='ocrx_word' id='word_1_745' title='bbox 477 5626 586 5695; x_wconf 79' lang='lat'><strong>(98)</strong></span> <span class='ocrx_word' id='word_1_746' title='bbox 610 5625 736 5677; x_wconf 77' lang='grc' dir='ltr'>Κᾶν</span> <span class='ocrx_word' id='word_1_747' title='bbox 756 5622 842 5693; x_wconf 81' lang='grc' dir='ltr'>μὴ</span> <span class='ocrx_word' id='word_1_748' title='bbox 871 5625 1020 5695; x_wconf 70' lang='grc' dir='ltr'>λέγῃ</span> <span class='ocrx_word' id='word_1_749' title='bbox 1050 5643 1158 5691; x_wconf 85' lang='grc' dir='ltr'>τις,</span> <span class='ocrx_word' id='word_1_750' title='bbox 1182 5638 1284 5683; x_wconf 88' lang='lat' dir='ltr'><strong>etc.</strong></span> <span class='ocrx_word' id='word_1_751' title='bbox 1311 5627 1624 5682; x_wconf 82' lang='lat' dir='ltr'><strong>Corderius.</strong></span> <span class='ocrx_word' id='word_1_752' title='bbox 2091 5629 2096 5682; x_wconf 78' lang='lat' dir='ltr'><strong>l</strong></span> 
     </span>
    </p>
   </div>
   <div class='ocr_carea' id='block_1_103' title="bbox 767 5622 2386 5695">
    <p class='ocr_par' dir='ltr' id='par_1_103' title="bbox 767 5622 2386 5695">
     <span class='ocr_line' id='line_1_104' title="bbox 767 5622 2386 5695; baseline 0.003 -18"><span class='ocrx_word' id='word_1_753' title='bbox 767 5622 842 5692; x_wconf 81' lang='grc' dir='ltr'>μὴ</span> <span class='ocrx_word' id='word_1_754' title='bbox 871 5625 1020 5695; x_wconf 70' lang='grc' dir='ltr'>λέγῃ</span> <span class='ocrx_word' id='word_1_755' title='bbox 1050 5643 1158 5691; x_wconf 85' lang='grc' dir='ltr'>τις,</span> <span class='ocrx_word' id='word_1_756' title='bbox 1182 5638 1284 5683; x_wconf 87' lang='lat' dir='ltr'><strong>etc.</strong></span> <span class='ocrx_word' id='word_1_757' title='bbox 1311 5627 1624 5682; x_wconf 82' lang='lat' dir='ltr'><strong>Corderius.</strong></span> <span class='ocrx_word' id='word_1_758' title='bbox 2091 5622 2386 5682; x_wconf 74' lang='lat' dir='ltr'><strong>Barbarus.</strong></span> 
     </span>
    </p>
   </div>
   <div class='ocr_carea' id='block_1_104' title="bbox 476 5694 2095 5769">
    <p class='ocr_par' dir='ltr' id='par_1_104' title="bbox 476 5694 1983 5769">
     <span class='ocr_line' id='line_1_105' title="bbox 476 5694 1983 5769; baseline 0.005 -24"><span class='ocrx_word' id='word_1_759' title='bbox 613 5696 887 5769; x_wconf 50' lang='grc' dir='ltr'>Ἵνα-ὑπο</span> <span class='ocrx_word' id='word_1_760' title='bbox 906 5694 1026 5769; x_wconf 65' lang='grc' dir='ltr'>τᾲς</span> <span class='ocrx_word' id='word_1_761' title='bbox 1058 5697 1281 5769; x_wconf 72' lang='grc' dir='ltr'>ἑαυτοῦ</span> <span class='ocrx_word' id='word_1_762' title='bbox 1312 5699 1584 5768; x_wconf 69' lang='grc' dir='ltr'>παγίδας,</span> <span class='ocrx_word' id='word_1_763' title='bbox 1613 5709 1719 5754; x_wconf 88' lang='lat' dir='ltr'><strong>etc.</strong></span> <span class='ocrx_word' id='word_1_764' title='bbox 1755 5699 1983 5752; x_wconf 71' lang='lat' dir='ltr'><strong>Scltcdte</strong></span> 
     </span>
    </p>
   </div>
   <div class='ocr_carea' id='block_1_105' title="bbox 1604 5694 3223 5769">
    <p class='ocr_par' dir='ltr' id='par_1_105' title="bbox 1613 5698 3223 5769">
     <span class='ocr_line' id='line_1_106' title="bbox 1613 5698 3223 5769; baseline 0 -16"><span class='ocrx_word' id='word_1_765' title='bbox 1613 5709 1719 5754; x_wconf 89' lang='lat' dir='ltr'><strong>etc.</strong></span> <span class='ocrx_word' id='word_1_766' title='bbox 1755 5699 1983 5752; x_wconf 84' lang='lat' dir='ltr'><strong>Sehedae</strong></span> <span class='ocrx_word' id='word_1_767' title='bbox 2162 5699 2237 5769; x_wconf 78' lang='grc'>(5)</span> <span class='ocrx_word' id='word_1_768' title='bbox 2263 5699 2364 5769; x_wconf 76' lang='grc' dir='ltr'><strong>Διὰ</strong></span> <span class='ocrx_word' id='word_1_769' title='bbox 2387 5698 2584 5759; x_wconf 78' lang='grc' dir='ltr'>τοῦτο,</span> <span class='ocrx_word' id='word_1_770' title='bbox 2616 5710 2720 5754; x_wconf 89' lang='lat' dir='ltr'><strong>etc.</strong></span> <span class='ocrx_word' id='word_1_771' title='bbox 2751 5699 2963 5754; x_wconf 70' lang='lat' dir='ltr'><strong>Eaedem</strong></span> <span class='ocrx_word' id='word_1_772' title='bbox 2992 5699 3223 5754; x_wconf 68' lang='lat' dir='ltr'><strong>schedaz.</strong></span> 
     </span>
    </p>
   </div>
   <div class='ocr_carea' id='block_1_106' title="bbox 409 5764 2028 5839">
    <p class='ocr_par' dir='ltr' id='par_1_106' title="bbox 409 5764 1414 5839">
     <span class='ocr_line' id='line_1_107' title="bbox 409 5764 1414 5839; baseline 0.007 -27"><span class='ocrx_word' id='word_1_773' title='bbox 409 5764 612 5839; x_wconf 37' lang='lat' dir='ltr'><strong>Cra-Dii,</strong></span> <span class='ocrx_word' id='word_1_774' title='bbox 643 5778 695 5816; x_wconf 87' lang='lat' dir='ltr'><strong>et</strong></span> <span class='ocrx_word' id='word_1_775' title='bbox 732 5764 916 5839; x_wconf 81' lang='lat' dir='ltr'><strong>Daniel</strong></span> <span class='ocrx_word' id='word_1_776' title='bbox 948 5767 1239 5821; x_wconf 80' lang='lat' dir='ltr'><strong>Barbarus.</strong></span> <span class='ocrx_word' id='word_1_777' title='bbox 1405 5764 1414 5768; x_wconf 53' lang='grc'>⁷</span> 
     </span>
    </p>
   </div>
   <div class='ocr_carea' id='block_1_107' title="bbox 2055 5764 3674 5839">
    <p class='ocr_par' dir='ltr' id='par_1_107' title="bbox 2160 5764 3674 5839">
     <span class='ocr_line' id='line_1_108' title="bbox 2160 5764 3674 5839; baseline 0.007 -21"><span class='ocrx_word' id='word_1_778' title='bbox 2160 5764 2235 5837; x_wconf 67' lang='grc' dir='ltr'>(ι)</span> <span class='ocrx_word' id='word_1_779' title='bbox 2278 5768 2331 5819; x_wconf 88' lang='lat'><strong>&#39;0</strong></span> <span class='ocrx_word' id='word_1_780' title='bbox 2364 5770 2473 5839; x_wconf 72' lang='grc' dir='ltr'><strong>γάρ</strong></span> <span class='ocrx_word' id='word_1_781' title='bbox 2506 5770 2742 5837; x_wconf 74' lang='grc' dir='ltr'>Κύριος,</span> <span class='ocrx_word' id='word_1_782' title='bbox 2786 5780 2890 5825; x_wconf 89' lang='lat' dir='ltr'><strong>etc.</strong></span> <span class='ocrx_word' id='word_1_783' title='bbox 2922 5770 3133 5825; x_wconf 55' lang='lat' dir='ltr'><strong>Eaedem</strong></span> <span class='ocrx_word' id='word_1_784' title='bbox 3168 5770 3402 5837; x_wconf 65' lang='lat' dir='ltr'><strong>schedaa,</strong></span> <span class='ocrx_word' id='word_1_785' title='bbox 3442 5788 3504 5827; x_wconf 90' lang='lat' dir='ltr'><strong>ac</strong></span> <span class='ocrx_word' id='word_1_786' title='bbox 3538 5773 3674 5828; x_wconf 88' lang='lat' dir='ltr'><strong>Bar-</strong></span> 
     </span>
    </p>
   </div>
   <div class='ocr_carea' id='block_1_108' title="bbox 478 5834 2275 5902">
    <p class='ocr_par' dir='ltr' id='par_1_108' title="bbox 478 5834 2275 5902">
     <span class='ocr_line' id='line_1_109' title="bbox 478 5834 2275 5902; baseline 0.004 -19"><span class='ocrx_word' id='word_1_787' title='bbox 478 5834 550 5902; x_wconf 79' lang='grc'><strong>(1)</strong></span> <span class='ocrx_word' id='word_1_788' title='bbox 582 5835 997 5899; x_wconf 58' lang='grc' dir='ltr'>Δικαιοσύνης,</span> <span class='ocrx_word' id='word_1_789' title='bbox 1053 5848 1158 5890; x_wconf 81' lang='lat' dir='ltr'><strong>etc.</strong></span> <span class='ocrx_word' id='word_1_790' title='bbox 1194 5838 1405 5892; x_wconf 67' lang='lat' dir='ltr'><strong>Etedem</strong></span> <span class='ocrx_word' id='word_1_791' title='bbox 1452 5839 1683 5901; x_wconf 60' lang='lat' dir='ltr'><strong>schedio,</strong></span> <span class='ocrx_word' id='word_1_792' title='bbox 1733 5854 1795 5891; x_wconf 89' lang='lat' dir='ltr'><strong>ac</strong></span> <span class='ocrx_word' id='word_1_793' title='bbox 1843 5837 1978 5890; x_wconf 82' lang='lat' dir='ltr'><strong>Bar—</strong></span> <span class='ocrx_word' id='word_1_794' title='bbox 2088 5834 2275 5892; x_wconf 78' lang='lat' dir='ltr'><strong>bat-us.</strong></span> 
     </span>
    </p>
   </div>
  </div>
