4100 6376
432 352 566 411 19.Οῆ

977 469 1295 529 PSALMUS
1335 469 1451 528 XII.

503 583 664 641 Vens.
718 586 768 643 1.
823 583 1120 655 Usquequo,
1178 584 1423 652 Domine,
1473 584 1792 639 Oblivisceris
1833 601 1914 638 me
1952 584 2007 637 in

426 681 587 747 ﬁnem
608 679 632 732 ?
655 689 765 735 etc.
795 678 957 733 Forte
982 693 1087 732 non
1115 676 1432 747 simpliciter
1452 675 1868 742 dicitoblivisci,
1887 677 2004 738 sed,

424 767 479 823 in
529 769 687 824 ﬁnem
740 768 1009 824 oblivisci.
1060 769 1125 823 Et
1176 770 1230 823 in
1284 767 1393 824 alio
1437 766 1646 837 psalmo
1695 768 2007 821 nominatur

423 861 678 915 oblivioni
729 861 945 915 tradita.
997 878 1015 911 ι
1052 860 1343 931 Usquequo
1387 868 1601 915 avertes
1634 858 1823 912 faciem
1860 868 2003 912 tuam

424 968 452 1005 a
504 953 623 1007 me?
658 973 676 1006 ι
737 953 887 1007 Hanc
938 952 1133 1007 faciem
1197 968 1413 1023 semper
1467 952 1644 1022 angeli
1703 952 2003 1005 intuentur.

424 1045 649 1111 Quando
707 1046 849 1100 enim
895 1046 1079 1115 capaci
1119 1045 1314 1099 anima:
1365 1055 1640 1114 aspectum
1687 1042 1842 1097 faciei
1893 1058 2005 1097 sua:

423 1137 661 1192 ostendit
692 1137 851 1202 Deus,
879 1146 1006 1191 tunc
1030 1138 1097 1190 ab
1118 1151 1181 1191 ea
1214 1145 1391 1193 cessat
1422 1148 1671 1193 avertere
1696 1145 1750 1190 et
1780 1136 2005 1190 abscon-

427 1231 555 1285 dere
596 1228 788 1284 faciem
820 1244 995 1284 suam.
1028 1228 1179 1295 Quod
1209 1237 1262 1284 et
1287 1245 1414 1298 erga
1447 1228 1680 1300 Moysem
1715 1227 2005 1297 aliquando

425 1323 680 1387 faciebat,
716 1338 822 1377 non
850 1323 1033 1377 sinens
1063 1322 1249 1376 faciem
1280 1338 1431 1376 suam
1461 1322 1529 1376 ab
1556 1337 1619 1379 eo
1636 1322 1799 1375 videri
1830 1336 2004 1391 quan-

424 1416 514 1471 diu
545 1417 704 1470 homo
737 1426 874 1470 erat.
893 1417 1104 1468 Avertit
1130 1416 1267 1470 Deus
1292 1415 1483 1470 faciem
1514 1430 1669 1469 suam
1702 1414 2001 1471 oeconomia

423 1508 684 1576 quadam,
704 1508 918 1576 quando
935 1508 1149 1578 indigna
1166 1507 1281 1577 ejus
1295 1507 1574 1578 prmeeptis
1590 1508 2000 1562 committimus.

424 1597 538 1652 lloc
566 1608 745 1652 autem
769 1597 919 1663 facit,
951 1606 1006 1651 ut
1034 1614 1132 1652 nos
1161 1598 1226 1651 ad
1245 1614 1304 1652 se
1336 1608 1571 1654 revocet.
1606 1599 1721 1662 Vel,
1745 1599 2002 1668 quoniam

423 1690 593 1745 facies
641 1688 840 1753 Patris,
874 1689 1040 1743 Filius
1084 1701 1185 1753 est,
1241 1698 1296 1743 et
1343 1690 1479 1759 petit
1512 1706 1673 1760 quam
1720 1690 2004 1748 celerrime

416 1782 597 1850 ipsum
620 1795 835 1835 carnem
860 1796 1094 1847 sumere,
1132 1782 1254 1838 ideo
1283 1784 1397 1839 haec
1422 1785 1585 1838 verba
1623 1784 1824 1854 posuit.

492 2064 655 2121 Vens.
685 2067 739 2121 2.
772 2067 1022 2133 Quandiu
1059 2086 1252 2137 ponam
1296 2070 1518 2125 consilia
1548 2071 1602 2124 in
1641 2072 1818 2127 anima
1845 2076 2002 2129 meo?

418 2169 527 2215 etc.
579 2158 815 2214 Consilia
869 2162 1033 2215 multa
1096 2164 1327 2230 primum
1375 2164 1427 2217 in
1465 2165 1645 2218 anima
1690 2181 1785 2218 sua
1839 2165 2003 2238 594

416 2251 687 2322 quispiam
735 2253 902 2321 ponit,
940 2253 1133 2309 deinde
1156 2255 1207 2308 in
1239 2255 1343 2309 fine
1368 2271 1620 2327 magnum
1663 2256 1714 2310 in
1746 2260 2000 2313 omnibus

420 2344 513 2399 Dei
566 2345 875 2413 consilium,
910 2345 1063 2416 cujus
1108 2348 1333 2417 spiritus
1390 2349 1443 2402 in
1504 2350 1651 2419 virga
1713 2348 1865 2405 Iesse
1914 2368 1999 2405 re-

417 2436 641 2505 quievit.

494 2548 656 2605 Vens.
688 2550 741 2604 4.
790 2551 1049 2606 [flumina
1082 2554 1261 2608 oculos
1294 2571 1454 2623 meos,
1483 2572 1544 2609 ne
1568 2556 1779 2627 quando
1816 2554 2002 2607 obdor-

418 2644 579 2695 miam
624 2644 678 2697 in
725 2656 911 2712 morte,
954 2655 1059 2699 etc.
1105 2664 1123 2697 ι
1158 2647 1458 2701 Accendite
1510 2648 1561 2701 in
1612 2649 1765 2703 vobis
1814 2647 1995 2701 lumen

417 2734 660 2788 scientia:
683 2735 746 2788 ³³.
790 2754 808 2787 ι
847 2736 899 2790 In
938 2738 1182 2792 tenebris
1220 2748 1296 2793 tot
1328 2739 1732 2795 calamitatibus
1756 2755 1993 2810 premor,

417 2833 475 2878 ut
505 2826 548 2879 si
576 2826 834 2881 auxilium
860 2838 1006 2882 tuum
1031 2829 1329 2894 distuleris,
1352 2839 1405 2885 et
1428 2831 1825 2902 desperationis
1865 2846 1998 2887 meae

418 2918 671 2973 tenebras
726 2933 832 2972 non
883 2919 1151 2988 ahegeris,
1208 2922 1259 2975 in
1312 2933 1540 2977 mortem
1599 2924 1887 2978 vertendus
1926 2924 1996 2978 sit

1850 349 1935 406 EX
1977 348 2287 407 ORIGENE

2042 475 2089 532 A

3563 350 3703 407 19.04

2686 466 2980 521 ΨΑΛΜΟΣ
3014 467 3113 520 lB’.

2103 578 2107 583 ’
2190 582 2343 647 ’Έως
2362 582 2524 644 πότε,
2543 580 2735 648 Κύριε,
2753 579 3018 647 ἐπιλήσῃ
3037 596 3155 648 μου
3174 580 3259 644 εὶς
3278 577 3452 644 τέλος
3470 593 3487 640 ;
3508 596 3561 631 κ.
3581 596 3628 632 τ.
3650 580 3697 632 ἑ.

2115 675 2339 744 Μήποτε
2391 672 2467 736 ὡς
2510 672 2645 744 πρὸς
2684 672 2744 724 τὸ
2802 671 2951 735 τέλος
2994 670 3103 741 (10)
3153 670 3298 738 λέγει
3350 669 3699 740 ἐπιλελῆσθαι

2114 765 2277 820 αὐτοῦ
2310 765 2399 818 τὸν
2428 765 2561 818 Θεὸν
2583 806 2596 828 ,
2628 764 2721 817 καὶ
2749 765 2847 833 οὑχ
2878 762 3062 826 ἁπλῶς
3096 761 3466 832 ἐπιλελῆσθαι.
3498 763 3609 815 Καὶ
3643 765 3701 815 ἐν

2114 858 2258 928 ἄλλῳ
2287 856 2486 928 ψαλμῷ
2536 855 2935 927 ἐπιλελησμὲνη
2965 854 3296 925 ὠνόμασται.
3347 855 3524 917 «Ἕως
3567 854 3701 907 πότε

2112 948 2472 1021 ἀποστρέψεις
2502 948 2562 1001 τὸ
2602 949 2893 1021 πρόσωπόν
2923 966 3014 1000 σου
3047 946 3141 1000 ἀπ’
3176 945 3307 1016 ἐμοῦ
3336 963 3351 1011 ;
3391 965 3408 996 ι
3436 946 3608 999 Τοῦτο
3640 945 3702 999 τὸ

2113 1041 2402 1110 πρόσωπον
2421 1044 2471 1094 οἱ
2502 1041 2722 1110 ἄγγελοι
2759 1041 3014 1111 βλέπουσι
3049 1038 3361 1102 διαπαντός.
3392 1040 3561 1092 Ὅταν
3591 1039 3702 1111 γάρ

2111 1134 2301 1186 ἑαυτὸν
2348 1132 2622 1207 ὲμφανίζῃ
2657 1132 2734 1204 τῷ
2782 1130 3072 1203 χωρητικῷ
3109 1131 3206 1200 τῆς
3240 1129 3366 1193 Θέας
3404 1131 3497 1183 τοῦ
3529 1149 3698 1203 προσ·
3720 1118 3735 1215 ξ

2111 1225 2259 1279 ὡπου
2303 1226 2464 1280 αὑτοῦ
2503 1228 2530 1279 6
2566 1227 2717 1290 Θεὸς,
2768 1224 3035 1279 παύσεται
3068 1224 3428 1295 ἀποστρέφων
3467 1226 3560 1277 ἀπ’
3600 1226 3699 1278 αὑ-

2111 1317 2232 1382 τοῦ,
2278 1318 2371 1370 καὶ
2405 1317 2663 1387 κρύπτων
2692 1318 2754 1370 τὸ
2780 1316 3071 1389 πρόσωπον
3098 1317 3293 1370 ἑαυτοῦ
3312 1334 3323 1346 ·
3356 1318 3493 1387 ὅπερ
3524 1318 3700 1370 ὲποίει

2111 1410 2239 1462 ποτε
2269 1410 2361 1461 καὶ
2391 1410 2482 1462 ἐπὶ
2516 1410 2816 1473 Μωῡσέως,
2862 1409 3175 1480 φειδόμενος
3203 1408 3368 1463 αὑτοῦ
3390 1451 3403 1475 ,
3448 1410 3553 1473 ’ἐως
3605 1411 3701 1465 ἇν-

2112 1500 2329 1574 θρωπος
2364 1496 2452 1573 ἦν.
2492 1502 2849 1573 Ἀποστρέφει
2877 1505 2905 1556 6
2929 1503 3062 1565 Θεὸς
3100 1502 3160 1556 τὸ
3213 1503 3502 1573 πρόσωπον
3531 1504 3697 1558 αὐτοῦ

2115 1592 2505 1663 κηδεμονικῶς,
2535 1594 2659 1645 ὅταν
2699 1593 2893 1659 ἀνάξια
2922 1593 3029 1647 τῶν
3066 1593 3294 1647 ἐντολῶν
3331 1595 3495 1647 αὐτοῦ
3524 1596 3699 1667 πράτο

2111 1702 2312 1755 τωμεν.
2360 1686 2512 1737 Ποιεῖ
2554 1685 2609 1738 δὲ
2654 1685 2811 1737 τοῦτο
2868 1686 2954 1740 ἵνα
2991 1687 3138 1757 ἡμᾶς
3184 1687 3576 1757 ἐπισπάσηται.
3624 1690 3697 1742 Ἦ

2110 1776 2231 1829 ἐπεὶ
2264 1776 2552 1848 πρόςωπον
2594 1777 2689 1830 106
2726 1778 2935 1849 Πατρὸς
2977 1778 3106 1842 Υἱὸς
3130 1821 3144 1845 ,
3195 1780 3336 1831 αἰτεῖ
3399 1780 3696 1853 ταχύτερον

2110 1869 2274 1923 αὐτοῦ
2318 1870 2569 1939 γενέσθαι
2596 1868 2694 1941 τὴν
2723 1871 3017 1941 σάρκωσιν,
3064 1872 3122 1924 τὸ
3157 1869 3365 1923 τοιοῦτο
3410 1873 3571 1943 ῥητὸν
3608 1874 3697 1927 τέ-

2110 1957 2312 2015 θεικεν.

2183 2073 2332 2139 Ἕως
2369 2073 2535 2139 τίνος
2585 2071 2842 2142 θήσομαι
2890 2070 3131 2139 βουλὰς
3188 2073 3258 2128 ἐν
3310 2073 3487 2143 ψυχῇ
3538 2091 3693 2144 μου,

2109 2180 2163 2218 κ.
2208 2180 2259 2215 τ.
2308 2163 2355 2215 ἑ.
2396 2161 2599 2226 Βουλάς
2629 2163 2837 2216 τίθεταί
2864 2181 2947 2226 τις
2972 2164 3083 2234 (Η)
3120 2164 3333 2236 πρῶτον
3360 2164 3608 2230 πλείονας
3634 2168 3694 2220 έν

2106 2257 2171 2326 τῇ
2205 2255 2347 2326 ψυχῇ
2384 2255 2549 2310 αὑτοῦ
2570 2296 2584 2320 ,
2618 2250 2736 2307 εἶτα
2758 2254 2850 2308 ἐπὶ
2876 2255 3020 2308 τέλει
3052 2256 3149 2325 τὴν
3172 2256 3263 2308 ἐπὶ
3285 2259 3415 2308 πᾶσι
3448 2258 3693 2330 μεγάλην

2108 2345 2297 2417 βουλὴν
2332 2346 2430 2417 τὴν
2469 2346 2563 2398 τοῦ
2600 2344 2757 2407 Θεοῦ,
2811 2340 2878 2418 ἧς
2910 2346 2971 2400 τὸ
3010 2347 3228 2418 πνεῦμα
3278 2350 3693 2404 ὲπανεπαύσατο

2105 2439 2198 2491 ἐπὶ
2231 2440 2330 2509 τὴν
2364 2437 2422 2503 ἐξ
2467 2439 2665 2492 Ἰεσσαὶ
2700 2440 2912 2511 ῥάϐδον.

2176 2553 2441 2609 Φώτισον
2463 2555 2605 2622 τοὺς
2630 2556 2977 2625 ὀφθαλμούς
2999 2574 3139 2625 μου,
3154 2555 3238 2626 μή
3261 2570 3405 2611 ποτε
3432 2557 3691 2611 ὐπνὼσω

2105 2647 2193 2711 εἷς
2226 2645 2508 2711 θάνατον,
2545 2665 2600 2702 κ.
2634 2665 2682 2701 τ.
2724 2647 2768 2701 ὲ.
2814 2668 2831 2698 ι
2865 2649 3139 2701 Φωτίσατε
3183 2649 3391 2711 ἑαυτοῖς
3431 2649 3539 2719 (12)
3571 2650 3688 2718 φῶς

2108 2735 2383 2804 γνώσεως.
2414 2756 2431 2787 ι
2474 2739 2562 2801 Ὠς
2602 2738 2661 2790 ὲν
2701 2737 2881 2791 σκότει
2915 2740 3034 2801 ταῖς
3073 2741 3374 2810 συμφοραῖς
3426 2739 3682 2811 περιέχο-

2107 2844 2241 2897 μαι,
2292 2828 2386 2881 καὶ
2419 2830 2465 2881 εί
2501 2830 2573 2902 μή
2620 2847 2719 2900 μου
2754 2834 2814 2882 τὸ
2840 2831 2937 2902 τῆς
2975 2830 3211 2902 ἀθυμίας
3252 2830 3523 2902 άπελὰσῃς
3554 2831 3681 2885 σκό-

2103 2936 2215 2985 τος,
2244 2920 2357 2973 ἀλλ’
2394 2922 2605 2993 ὑπερϐῇ
2662 2922 2758 2994 τὴν
2797 2922 3068 2993 βοήθειαν,
3101 2926 3181 2987 είς
3207 2924 3435 2977 θάνατον
3462 2927 3489 2977 6
3519 2923 3681 2987 ὕπνος

418 3025 661 3078 somnus,
698 3029 822 3069 cum
848 3013 1067 3070 tristitia
1102 3030 1327 3086 prorsus
1354 3017 1593 3072 animam
1626 3033 1800 3073 meam
1824 3032 1993 3074 occu-

2107 3012 2603 3085 μεταϐληθήσεται,
2640 3015 2738 3085 τῆς
2775 3014 2951 3087 λύπης
2990 3015 3266 3079 παντελῶς
3300 3015 3394 3069 τοῦ
3428 3013 3679 3087 λογισμοῦ

416 3104 647 3171 paverit.

493 3216 655 3272 Vens.
679 3218 732 3272 5.
760 3216 845 3272 Ne
860 3220 1069 3289 quando
1093 3220 1236 3273 dicat
1260 3220 1502 3274 inimicus
1528 3239 1709 3277 meus:
1735 3222 1997 3277 Prmvalui

416 3309 669 3363 adversm
706 3326 845 3363 eum.
898 3310 1121 3377 Quoties
1163 3326 1471 3381 peccamus,
1516 3316 1677 3370 tcties
1706 3316 1837 3372 dicit
1891 3317 1997 3371 ini-

418 3398 592 3453 micus
618 3414 631 3451 :
662 3418 679 3450 ι
722 3398 982 3453 Praevalui
1013 3402 1272 3457 adversus
1308 3418 1453 3457 eum.
1488 3406 1587 3471 Qui
1620 3406 1882 3461 tribulant
1910 3422 1996 3462 me

416 3490 832 3545 cxsultahunt.si
866 3499 1047 3545 motus
1078 3490 1253 3548 fuero.
1295 3511 1314 3546 ι
1346 3495 1535 3565 Angeli
1567 3498 1803 3565 gaudent
1833 3513 1997 3567 super

414 3582 825 3649 paenitentibus,
854 3583 1126 3639 dzemones
1143 3599 1302 3654 super
1325 3589 1677 3655 peccantibus
1698 3589 1992 3644 exsultant.

419 3669 495 3723 Illi
527 3671 671 3725 enim
709 3673 943 3739 virtutis,
975 3674 1027 3727 hi
1070 3677 1293 3731 malitiae
1334 3688 1607 3733 amatores
1642 3690 1787 3732 sunt.
1813 3677 1866 3732 In
1896 3692 1992 3733 ex-

415 3763 709 3818 sultatione
744 3776 797 3819 et
827 3765 1011 3821 laetitia
1049 3780 1228 3833 erunt,
1264 3770 1307 3824 si
1336 3771 1494 3825 modo
1520 3770 1753 3824 viderint
1788 3786 1874 3825 me
1925 3771 1996 3824 ab

413 3868 478 3910 ea
513 3868 632 3924 qua:
654 3855 707 3909 in
745 3866 794 3911 te
824 3868 927 3925 εει,
955 3874 1050 3930 spe
1073 3859 1277 3930 lapsum
1298 3873 1354 3917 et
1386 3862 1787 3931 desperantem.

2104 3105 2479 3177 κρατησάσης.

2177 3219 2272 3289 Μή
2294 3236 2438 3274 ποτε
2469 3221 2625 3275 εἴποι
2659 3224 2691 3274 ὁ
2716 3221 2931 3291 ἐχθρός
2953 3239 3094 3291 μου·
3131 3224 3383 3292 Ἵσχυσα
3404 3223 3555 3291 πρὸς
3577 3223 3685 3277 αὺ-

2100 3311 2225 3365 τάν.
2277 3312 2494 3376 Ὁσάκις
2524 3313 2931 3384 ἁμαρτάνομεν,
2980 3314 3305 3378 τοσαυτάκις
3345 3315 3491 3383 λέγει
3529 3314 3688 3368 τοῦτο

2100 3401 2129 3453 6
2178 3403 2392 3474 ἐχθρός·
2446 3423 2463 3455 ι
2496 3405 2721 3474 Ἵσχυσα
2759 3406 2896 3475 πρὸς
2936 3405 3118 3459 αὐτόν.
3176 3408 3238 3458 Ui
3296 3407 3568 3472 θλίϐοντές
3620 3425 3687 3478 με

2099 3491 2541 3560 ἁγαλλιάσονται,
2576 3494 2670 3545 ἐὰν
2701 3492 2967 3545 σαλευθῶ.
3006 3512 3025 3543 ι
3060 3494 3121 3545 Oi
3152 3493 3370 3561 ἄγγελοι
3405 3496 3689 3566 χαίρουσιν

2103 3584 2199 3638 ἐπὶ
2233 3588 2347 3648 τοῖς
2393 3584 2764 3654 μετανοοῦσιν,
2801 3585 2849 3636 οί
2894 3583 3147 3655 δαίμονες
3176 3585 3269 3637 ἐπὶ
3295 3588 3408 3647 τοῖς
3432 3586 3692 3656 ἁμαρτά-

2099 3691 2279 3729 νουσιν
2312 3675 2651 3743 άγάλλονται.
2686 3679 2747 3729 Oi
2781 3676 2880 3747 μὲν
2908 3676 3017 3748 γάρ
3046 3676 3104 3732 τέ
3134 3677 3272 3730 εἰσιν
3305 3676 3527 3748 ἀρετῆς,
3555 3680 3605 3730 οί
3628 3679 3687 3732 δὲ

2098 3763 2299 3828 κακίας
2334 3765 2581 3836 ἐρασταί.
2628 3768 2715 3819 Ἐν
2739 3766 3059 3835 ἀγαλλιάσει
3094 3766 3307 3820 ἔσονται
3343 3767 3438 3821 καὶ
3486 3769 3687 3841 εὐφρο-

2100 3854 2257 3927 σύνῃ,
2290 3857 2385 3911 ἐὰν
2408 3857 2567 3927 μόνον
2591 3857 2739 3912 ἴδωσί
2770 3876 2837 3929 με
2861 3859 2959 3930 τῆς
2988 3860 3068 3923 είς
3096 3858 3155 3911 σὲ
3176 3857 3388 3923 ἐλπίδος
3409 3861 3687 3913 ἐκπεπτω-

2105 3946 2239 4001 κότα
2266 3948 2361 4002 καλ¹
2392 3948 2791 4003 ἀπελπίσαντα.

376 4071 383 4089 ³
484 4055 764 4129 Ejusdem.
794 4058 945 4116 Licet
973 4076 1078 4114 non
1117 4059 1340 4116 omnino
1366 4058 1582 4127 cadam,
1616 4058 1777 4115 modo
1815 4069 1991 4115 tamen

2172 4058 2281 4113 Τοῦ
2310 4059 2516 4115 αὐτοῦ.
2552 4060 2669 4115 Κᾶν
2698 4061 2772 4134 μὴ
2803 4060 3083 4125 παντελῶς
3110 4062 3282 4126 πέσω,
3313 4062 3471 4133 μόνον
3500 4063 3557 4116 δὲ
3587 4079 3684 4117 σα-

417 4160 595 4205 motus
635 4147 808 4216 fuero,
854 4151 1206 4206 exsultabunt
1231 4154 1320 4220 qui
1358 4148 1618 4205 tribulant
1658 4166 1766 4218 me,
1817 4150 1991 4220 inquit

2106 4153 2289 4220 λευθῶ,
2318 4158 2366 4209 οἱ
2403 4155 2675 4221 θλίϐοντες
2711 4175 2778 4229 με
2817 4157 3257 4225 ἁγαλλιάσονται,
3295 4159 3460 4228 φησιν
3488 4159 3516 4210 6
3545 4160 3684 4230 Προ-

408 4241 695 4311 Propheta.
756 4240 823 4296 Et
882 4251 941 4296 ut
985 4242 1251 4311 Propheta
1302 4242 1437 4297 dicit
1494 4242 1544 4297 in
1592 4242 1992 4312 septuagesimo

2106 4248 2291 4318 φήτης.
2328 4248 2437 4301 Καὶ
2457 4248 2532 4312 ὠς
2558 4250 2587 4300 ὁ
2612 4250 2900 4322 Προφήτης
2934 4250 3097 4320 φησιν
3120 4252 3176 4302 ὲν
3203 4248 3281 4321 τῷ
3302 4249 3686 4321 ἑϐδομηκοπῴ

411 4332 655 4387 secundo
699 4332 908 4403 psalmo
934 4331 978 4365 ⁸³
1014 4350 1028 4386 :
1060 4354 1077 4383 ι
1118 4332 1217 4388 Mei
1268 4344 1446 4387 autem
1505 4348 1641 4401 pcne
1692 4332 1818 4387 moti
1868 4341 1994 4385 sunt

2106 4337 2331 4409 δευτέρῳ
2357 4338 2576 4411 ψαλμῷ·
2623 4359 2640 4391 ι
2687 4341 2851 4413 Ἑμοῦ
2890 4342 2947 4394 δὲ
2974 4340 3125 4413 παρὰ
3157 4342 3351 4415 μικρὸν
3392 4342 3686 4413 ἐσαλεύθη-

413 4422 598 4491 pedes.

485 4532 761 4607 Ejusdem.
806 4537 1049 4609 Magnam
1079 4540 1157 4594 eis
1185 4539 1425 4593 laetitiam
1458 4536 1616 4593 affert
1650 4522 1878 4591 ali6rum
1911 4536 1993 4588 la—

414 4644 564 4698 psus,
593 4630 684 4698 qui
713 4629 984 4683 tristitiam
1009 4632 1189 4700 potius
1210 4645 1403 4700 parere
1427 4629 1667 4684 deberet.
1702 4627 1851 4694 Quod
1875 4627 1997 4697 qui-

416 4724 536 4777 dem
580 4731 667 4775 tua
705 4720 878 4776 fretus
906 4722 1281 4777 misericordia
1312 4737 1421 4776 non
1450 4721 1648 4791 patiar.
1676 4718 1807 4772 Nam
1849 4720 1998 4774 salu-

416 4826 533 4869 tare
558 4824 709 4869 tuum
736 4823 1009 4883 ξηροί-ιο.
1032 4814 1085 4869 in
1107 4830 1214 4884 quo
1235 4814 1448 4869 laetatur
1463 4813 1553 4880 qui
1576 4811 1802 4868 salutem
1827 4828 1855 4866 a
1885 4811 1995 4867 Deo

415 4916 674 4977 expertus
705 4916 805 4961 est.
834 4904 1101 4960 Caeterum
1128 4905 1409 4976 prophetia
1441 4905 1509 4959 de
1548 4903 1763 4960 Christo
1797 4904 1847 4958 id
1873 4919 1996 4959 esse

413 5007 625 5069 potest,
663 4997 918 5069 quoniam
966 5013 1084 5053 cum
1132 4998 1201 5053 ad
1254 4996 1434 5051 mundi
1478 4999 1705 5052 salutem
1736 4996 1993 5063 venisset,

415 5089 762 5155 illuminavit,
804 5099 859 5145 et
891 5090 1157 5144 destruxit
1204 5103 1327 5143 eum
1365 5088 1453 5157 qui
1502 5088 1735 5159 superbe
1766 5088 1832 5143 de
1852 5088 1996 5156 _‘alio-

416 5202 532 5243 rmn
565 5185 968 5242 calamitatibus
1001 5186 1291 5257 gaudebat.
1326 5184 1640 5257 Respiciens
1663 5186 1809 5241 enim
1834 5186 1997 5243 adve-

486 5372 529 5406 ³⁸
556 5378 710 5431 Osee.
748 5390 799 5437 x,
837 5375 917 5429 l2.
996 5373 1040 5405 ³³
1071 5372 1214 5429 Psal.
1242 5390 1409 5438 Lxxu,
1434 5374 1485 5427 2.

487 5584 600 5655 (10)
644 5585 886 5652 Μήποτε
936 5588 1014 5652 ὡς
1065 5586 1215 5655 πρὸς
1248 5584 1315 5638 τὸ
1361 5585 1555 5653 τέλος.
1604 5598 1710 5641 etc.
1768 5584 1995 5641 Schedae

415 5652 622 5718 Grabii,
656 5672 719 5710 ac
748 5657 1037 5710 Barbarus.

490 5724 532 5793 (l
550 5726 599 5791 1)
624 5728 856 5790 Romi“;
880 5727 1101 5781 τίθετηί
1123 5745 1230 5793 τις,
1256 5736 1358 5780 clc.
1384 5725 1608 5781 Scheth
1627 5726 1837 5792 Grabii,
1856 5726 1992 5781 Cor-

419 5796 623 5855 deritts.
663 5808 715 5849 ct
752 5795 1038 5850 Barbarus.

2102 4445 2201 4481 σαν
2227 4432 2275 4482 οἱ
2306 4429 2482 4494 πόδες.
2522 4450 2539 4482 ι

2178 4541 2285 4595 Τοῦ
2316 4544 2521 4598 αὑτοῦ.
2568 4544 2939 4615 Ἐπιχαίρουσι
2972 4545 3080 4617 γὰρ
3125 4545 3383 4600 πίπτουσι
3420 4546 3531 4615 (l5)
3552 4585 3567 4609 ,
3598 4546 3684 4598 λυ-

2103 4631 2318 4685 πεῖσθαι
2354 4633 2493 4689 δέον.
2522 4634 2700 4706 Ὅπερ
2728 4635 2787 4687 οὺ
2815 4634 3074 4705 πείσομαι
3104 4634 3239 4689 ἐλέει
3270 4636 3347 4707 τῷ
3378 4635 3475 4707 σῷ.
3502 4636 3680 4707 Προσ-

2098 4721 2240 4775 δοκῶ
2280 4724 2389 4797 γάρ
2437 4742 2530 4778 σου
2574 4726 2632 4778 τὸ
2674 4726 2941 4796 σωτήριον
2964 4765 2978 4789 ,
3015 4727 3101 4794 ἐφ’
3137 4719 3181 4794 ᾧ
3208 4744 3292 4791 τις
3332 4726 3683 4799 εὐφραίνεται

2102 4816 2295 4887 πεῖραν
2325 4816 2457 4869 Θεοῦ
2487 4816 2761 4888 σωτηρίας
2800 4817 2957 4887 ἔχων.
2986 4818 3218 4872 Δύναται
3251 4819 3307 4872 δὲ
3342 4820 3437 4873 καὶ
3473 4835 3685 4891 προφη-

2098 4906 2222 4960 τεία
2270 4902 2408 4962 εἶναι
2442 4909 2570 4980 περὶ
2604 4907 2863 4979 Χριστοῦ·
2912 4908 3080 4964 ἐλθὼν
3113 4910 3222 4983 γὰρ
3266 4910 3358 4964 ἐπὶ
3410 4910 3683 4983 σωτηρίαν

2101 5002 2329 5073 κόσμου,
2358 5004 2590 5073 ὲφώτισέ
2620 5022 2678 5058 τε
2701 5005 2796 5058 καὶ
2824 5005 3037 5059 καθεῖλε
3060 5006 3152 5061 τὸν
3173 5007 3536 5081 ὑπερηφάνως
3565 5009 3684 5060 ἐπι-

2100 5095 2361 5166 χαίροντα
2395 5098 2509 5161 τοῖς
2540 5097 2938 5171 κλονουμένοις.
2988 5099 3314 5169 Ἐπιϐλέψας
3355 5100 3463 5171 γάρ
3491 5097 3678 5169 ἐπεδή-

2107 5207 2300 5260 μησεν.
2339 5192 2398 5245 Ὀ
2433 5192 2488 5245 δὲ
2523 5192 2774 5248 εὐπαθῶν
2803 5193 3065 5247 ἐπινίκιον
3095 5194 3262 5264 ὕμνον
3290 5194 3556 5265 προσάγει
3598 5192 3675 5245 λέ-

2174 5580 2287 5653 (12)
2317 5578 2616 5653 Φωτίοναζε
2641 5575 2895 5653 ἑαυτοῖς,
2943 5582 3047 5631 etc.
3083 5573 3125 5628 E
3150 5575 3337 5631 codice
3381 5574 3681 5645 Auglicano

2102 5650 2219 5709 haec
2244 5650 2807 5719 exscripsitVGrabius.

2174 5723 2287 5788 (l5)
2325 5714 2731 5787 Ἐπιχαίρουσι
2776 5715 2885 5784 γὰρ
2917 5716 3225 5780 πίπτουσι,
3256 5726 3359 5770 etc.
3389 5714 3430 5770 E
3477 5714 3679 5768 Catena

2110 5792 2325 5861 Collegii
2353 5792 2473 5847 novi
2507 5790 2855 5843 Oxoniensis.
