4100 6434
438 362 574 418 12ὓό

1461 356 1772 415 SELECTA
1808 357 1874 413 IN
1904 357 2240 414 PSALEIOS.
2271 391 2339 399 —
2377 359 2569 416 PSAL.
2603 359 2738 415 XIII.

3565 362 3698 416 I906

432 500 563 552 γων·
599 502 617 533 ι
642 480 793 553 ᾌσω
834 479 913 551 τῷ
953 478 1144 550 Κυρίῳ
1191 477 1268 550 τῷ
1318 478 1738 550 εὖεργετὴσαντί
1791 497 1881 550 με,
1921 481 2014 534 καὶ

2120 482 2219 536 ait.
2257 481 2408 537 Unde
2439 481 2698 550 pr0plteta
2737 479 2999 534 beneﬁcio
3030 479 3256 535 allectus
3293 478 3534 535 victoriae
3566 495 3699 534 catt-

429 573 585 643 ψαλῶ
635 572 714 643 τῷ
761 573 984 642 ὀνόματι
1036 570 1242 642 Κυρίου
1276 570 1368 623 τοῦ
1411 570 1656 640 ὑψίστου,
1697 591 1713 621 ι
1752 588 2012 642 πραγμα-

431 665 600 729 τικῶς
651 663 836 735 μαθὼν
877 664 939 717 τὸ
981 665 1117 736 πρὸς
1168 663 1293 727 τοὺς
1349 663 1674 733 εὐχομένους
1705 662 1883 728 καλῶς
1911 663 2017 717 ὑπὸ

431 755 526 808 τοῦ
574 755 777 825 Κυρίου
818 754 1138 826 λεγόμενονο
1201 773 1218 804 ι
1247 753 1368 806 Ἔτι
1423 770 1515 805 σου
1557 751 1843 816 λαλοῦντος
1883 752 2012 823 ὲρῶ·

448 847 578 900 Ἰδοὺ
608 846 860 918 πάρειμι.
903 865 921 899 t
959 847 1126 915 Λέγει
1156 848 1268 909 τοῖς
1301 844 1549 899 συνοῦσιν
1589 844 1664 908 ὠς
1710 839 1785 898 ὧν
1825 845 2017 915 ἢθελεν

435 936 623 1006 ἔτυχε·
687 938 768 990 διὸ
817 938 910 992 καὶ
965 938 1144 1008 ὑμνεῖ.
1205 937 1362 992 Ούτω
1421 937 1500 990 δεῖ
1555 939 1648 990 καὶ
1702 939 1849 1008 ἡμᾶς
1896 938 2016 992 καθ’

434 1029 670 1100 ἑκάστην
702 1030 845 1101 ᾄδειν
871 1029 1189 1102 εὐεργεσίαν
1219 1033 1286 1102 τῇ
1316 1029 1539 1102 θεωρίᾳ,
1569 1030 1662 1084 καὶ
1691 1030 1768 1102 τῷ
1794 1029 2019 1100 ψάλλειν

434 1122 632 1192 πρᾶξιν
656 1121 983 1191 ἐπάγοντας.

513 1320 664 1392 Ἐγὼ
689 1321 757 1375 δὲ
779 1322 878 1376 ἐπὶ
906 1321 984 1388 τῷ
1014 1324 1171 1377 ἐλέει
1207 1339 1324 1378 σου
1372 1323 1624 1392 ἤλπισα·
1649 1323 2014 1394 ἀγαλλιάσε-

431 1431 525 1468 tat
580 1416 619 1482 ἡ
667 1415 882 1484 καρδία
918 1434 1038 1486 μου
1089 1417 1159 1469 ἐν
1194 1415 1273 1481 τῷ
1306 1419 1577 1484 σωτηρίῳ
1605 1433 1742 1482 σου,
1781 1435 1834 1470 κ.
1878 1435 1932 1470 τ.
1966 1418 2013 1470 ὲ.

444 1506 671 1559 Ἐκεῖνοι
704 1507 1209 1578 μὲν-ἐπιχαίροντες
1236 1509 1280 1576 (1
1294 1508 1347 1579 4)
1381 1511 1446 1578 τῇ
1484 1507 1688 1562 πτώσει
1714 1527 1814 1580 μου
1850 1526 2018 1580 προσ-

429 1597 660 1652 δοκῶσιν
694 1600 1143 1670 ἁγαλλιασθῆναι·
1191 1599 1304 1670 ἐγὼ
1331 1600 1387 1653 δὲ
1417 1601 1510 1654 ἐπὶ
1544 1603 1626 1655 σοὶ
1650 1602 1744 1655 καὶ
1769 1601 1847 1671 τῷ
1876 1600 2016 1654 ἐλέει

430 1688 509 1760 τῷ
541 1689 619 1760 σῷ
644 1691 870 1760 ἤλπισα.

504 1783 668 1851 ’ᾼσω
689 1781 768 1847 τῷ
793 1782 988 1863 Κρρίῳ
1013 1783 1092 1849 τῷ
1114 1783 1577 1854 εὐεργετήσαντι
1589 1800 1684 1854 με,
1714 1783 1811 1838 καὶ
1838 1781 2014 1851 ψαλῶ

428 1871 509 1937 τῷ
537 1875 779 1943 ὀνόματι
810 1875 1033 1942 Κυρίου
1062 1874 1168 1928 τοῦ
1195 1876 1460 1944 ὑψίστου
1482 1915 1496 1939 ,
1523 1893 1577 1928 κ.
1612 1892 1662 1927 τ.
1699 1875 1744 1927 ὲ.
1778 1874 1834 1927 Ὀ
1858 1874 2012 1943 εὐερ-

428 1965 678 2034 γετηθεὶς
711 1967 821 2036 (15)
860 1967 1032 2037 ᾀδέτω
1053 2007 1067 2032 ,
1099 1969 1193 2021 καὶ
1218 1969 1246 2020 6
1275 1966 1524 2037 εὐθυμῶν
1569 1965 1836 2036 ψαλλέτω.
1875 1966 2014 2036 Φησὶ

428 2059 556 2131 γάρ’
594 2080 610 2111 ι
646 2059 888 2132 Εὐθυμεῖ
913 2079 995 2126 τις
1019 2063 1076 2114 ὲν
1114 2064 1282 2133 ἠμῖν;
1310 2062 1579 2133 ψαλλέτω.
1609 2081 1626 2112 t
1647 2061 1793 2130 ’Έξω
1819 2062 1912 2115 καὶ
1933 2063 2012 2125 είς

426 2149 518 2202 τὸν
563 2149 689 2221 ἑξῆς
741 2150 932 2221 χρόνον
972 2153 1329 2224 ἀνεπίληστον
1366 2155 1424 2206 ὲν
1454 2155 1520 2224 τῇ
1555 2151 1700 2223 ψυχῇ
1733 2153 1833 2224 τῆς
1864 2153 2015 2224 εὐερπ

429 2240 618 2308 γεσίας
647 2241 709 2294 τὸ
746 2242 999 2312 μέγεθος,

977 2469 1271 2524 ΨΛΛΜΟΣ
1311 2469 1413 2524 II".

501 2551 686 2612 Εἶπεν
711 2557 916 2628 ἄφρων
943 2558 1014 2614 ἐν
1049 2561 1263 2630 καρδίᾳ
1295 2560 1502 2614 αὐτοῦ·
1536 2563 1658 2614 Οὐκ
1688 2560 1820 2614 ἔστι
1851 2563 2014 2628 Θεός.

429 2647 845 2718 Διεφθάρησαν
873 2651 972 2704 καὶ
993 2651 1451 2721 ἐϐδελύχθησαν
1476 2652 1546 2706 ἐν
1565 2651 2015 2723 ἐπιτηδεύμασι,

428 2752 484 2789 κ.
518 2754 567 2791 τ.
606 2737 653 2791 ἑ.
715 2738 777 2790 Εἰ
798 2740 856 2792 ἐν
882 2743 994 2803 τοῖς
1026 2741 1423 2814 ἐπιτηδεύμασι
1451 2742 1560 2814 (16)
1589 2741 2015 2814 διαφθείρονται,

428 2829 528 2902 οὐχ
554 2829 588 2900 ἡ
612 2828 791 2899 φαύλη
817 2829 993 2884 ἔννοια
1019 2830 1323 2903 διαφθείρει
1356 2831 1478 2885 τινὰ
1495 2873 1509 2896 ,
1552 2830 1690 2886 ἀλλά
1719 2831 1779 2884 τὸ
1812 2831 2016 2903 ταύτης

429 2919 783 2990 ἀποτέλεσμα
830 2921 863 2990 ἡ
910 2921 1100 2976 κακία.
1189 2922 1321 2975 Ἀπὸ
1369 2922 1660 2986 διαθέσεως
1719 2921 2018 2993 καρδιακῆς

430 3009 675 3074 είπόντες
701 3011 774 3082 μὴ
800 3006 940 3065 εἶναι
971 3013 1106 3067 Θεὸν
1126 3055 1140 3078 ,
1179 3014 1487 3078 ἀκολούθως
1531 3013 1718 3068 λοιπὸν
1760 3014 1835 3077 ὡς
1869 3013 2016 3067 ἄθεοι

2119 574 2283 628 ticum
2314 574 2463 628 cauit
2495 573 2678 627 dicens
2714 590 2729 629 :
2769 591 2788 624 ι
2837 571 3080 628 Caulabo
3117 573 3370 636 Domino,
3413 573 3505 641 qui
3563 573 3702 627 bona

2118 665 2306 720 tribuit
2335 665 2487 729 mihi,
2519 673 2573 720 et
2621 665 2843 734 psallam
2881 665 3084 720 nomini
3119 663 3332 718 Domini
3359 665 3631 719 altissimi.
3676 685 3696 718 ι

2120 756 2314 828 Beipsa
2351 757 2494 811 enim
2533 756 2798 812 didicerat
2817 763 2872 810 et
2908 763 3163 823 expertus
3196 763 3334 818 erat,
3374 753 3514 824 quod
3541 768 3568 804 a
3597 752 3703 806 Do-

2119 849 2265 905 mino
2307 859 2455 905 recte
2505 847 2856 919 precantibus
2887 846 3087 901 dictum
3120 855 3201 900 est
3233 845 3316 897 “2
3355 864 3373 896 ι
3425 845 3614 898 Adhuc
3652 855 3703 899 te

2119 943 2374 1012 loquente
2403 942 2581 997 dicam
2615 959 2628 996 :
2659 940 2798 996 Ecce
2848 939 3059 994 adsum.
3096 957 3114 989 ι
3153 938 3359 994 Amieis
3407 947 3589 992 narrat
3640 952 3702 990 se

2121 1035 2228 1088 voti
2283 1041 2588 1103 compotem
2637 1047 2778 1098 esse,
2818 1047 2987 1101 quare
3022 1040 3077 1085 et
3118 1031 3376 1101 hymnum
3406 1031 3571 1084 canit.
3625 1026 3700 1081 Ita

2119 1144 2218 1182 nos
2245 1141 2458 1197 quoque
2505 1127 2664 1181 decet
2711 1125 2923 1196 singula
2973 1124 3065 1179 Dei
3102 1123 3362 1179 beneﬁcia
3415 1121 3703 1176 recoleudo

2119 1231 2299 1274 mente
2334 1233 2552 1284 canere,
2583 1226 2637 1272 et
2663 1231 2829 1287 opera
2867 1216 3174 1284 pra-stando
3205 1214 3457 1284 psallere.

2193 1312 2353 1366 Vens.
2382 1310 2437 1364 6.
2473 1309 2582 1381 Ego
2611 1319 2784 1363 autem
2826 1310 2878 1362 in
2923 1308 3288 1361 misericordia
3331 1318 3421 1360 tua
3459 1307 3703 1374 speravi;

2118 1402 2398 1457 exsultabit
2432 1417 2523 1456 cor
2550 1416 2722 1454 meum
2761 1401 2814 1452 in
2854 1398 3076 1454 salutari
3103 1408 3214 1461 lno,
3241 1408 3347 1450 etc.
3379 1397 3452 1450 Illi
3483 1397 3701 1465 quidem

2121 1499 2186 1550 de
2227 1494 2383 1563 lapsu
2425 1507 2546 1548 meo
2585 1493 2884 1562 gaudentes
2929 1498 3251 1560 exspectant
3285 1489 3400 1543 fore
3435 1497 3492 1542 ut
3523 1487 3704 1541 exsul-

2122 1597 2256 1654 teut,
2311 1603 2410 1658 ego
2445 1601 2573 1642 vero
2626 1587 2683 1640 iu
2738 1594 2790 1641 le
2833 1593 2887 1640 et
2937 1589 2991 1638 in
3037 1582 3420 1641 misericordia.
3455 1590 3545 1636 tua
3576 1595 3703 1649 spe—

2151 1701 2260 1736 In”.

2151 1721 2162 1736 .
2186 1700 2260 1736 vr.

2122 1700 2427 1830 l"‘(iantabo
2462 1771 2682 1824 Domino
2710 1769 2800 1838 qui
2832 1769 2966 1821 bona
2998 1766 3178 1820 tribuit
3217 1765 3366 1829 milii,
3406 1774 3454 1818 et
3478 1764 3706 1833 psallam

2065 1839 2086 1890 ⁵
2121 1865 2320 1920 nomini
2354 1861 2567 1916 Domini
2590 1859 2858 1923 altissimi,
2895 1867 3000 1912 etc.
3039 1854 3140 1922 Qui
3174 1855 3440 1910 beneﬁcio
3477 1854 3705 1909 affectus

2120 1967 2225 2022 est,
2267 1964 2451 2020 canat,
2486 1963 2540 2009 et
2576 1953 2666 2024 qui
2701 1968 2856 2020 aequo
2895 1949 3076 2003 animo
3110 1956 3214 2012 est,
3260 1946 3457 2016 psallat
3495 1945 3560 2001 ³⁵.
3616 1945 3707 1999 Ait

2120 2049 2264 2104 enim
2296 2063 2307 2097 :
2349 2065 2369 2100 ‹
2418 2045 2599 2116 [Equo
2630 2044 2755 2113 quis
2783 2042 2962 2096 animo
2995 2039 3112 2094 est?
3154 2039 3371 2109 psallat.
3413 2057 3430 2090 ι
3465 2036 3708 2092 Manebit

2122 2151 2179 2198 et
2216 2141 2268 2196 in
2296 2147 2571 2210 posterum
2612 2144 2822 2203 tempus
2856 2133 2912 2186 in
2957 2131 3134 2186 anima
3175 2145 3294 2184 mea
3335 2127 3707 2184 beneficentia

2120 2242 2228 2290 tua:
2251 2229 2589 2303 magnitudo,
2613 2242 2776 2299 quam
2805 2225 2950 2281 nulla
2979 2238 3216 2294 unquam
3252 2220 3456 2278 delebit
3479 2220 3703 2276 oblivio.

2559 2456 2721 2530 595
2762 2449 3085 2510 PSALMUS
3134 2447 3271 2504 XIII.

2193 2559 2360 2614 Vens.
2413 2555 2464 2610 1.
2522 2552 2666 2607 Dixit
2709 2549 2960 2617 insipiens
3015 2546 3068 2598 in
3109 2543 3269 2597 corde
3297 2555 3444 2595 suo:
3487 2541 3606 2594 Non
3632 2551 3706 2594 est

2124 2655 2284 2710 Deus.
2299 2647 2547 2716 Corrupti
2569 2653 2748 2700 suntet
2767 2637 3143 2695 abominabiles
3167 2634 3294 2704 facti
3312 2644 3430 2689 sunt
3453 2635 3506 2690 in
3520 2635 3709 2689 studiis

2118 2746 2254 2810 suis,
2296 2750 2408 2797 etc.
2456 2738 2513 2794 Si
2543 2737 2596 2791 in
2632 2733 2828 2789 studiis
2863 2737 3314 2804 corrumpuntur,
3366 2741 3472 2781 nou
3523 2725 3707 2795 utique

2120 2834 2262 2890 mala
2295 2828 2553 2902 cogitatio
2601 2821 2908 2891 corrumpit
2945 2818 3274 2888 quempiam,
3317 2817 3408 2871 sed
3439 2816 3556 2886 ejus
3582 2813 3712 2870 επο-

2121 2935 2242 2981 ctus
2270 2921 2499 2978 malitia.
2555 2917 2692 2973 Cum
2733 2929 2796 2968 ex
2845 2911 3028 2968 cordis
3067 2909 3265 2963 aﬂectu
3303 2907 3567 2962 dixissent
3602 2922 3708 2960 non

2119 3029 2241 3070 esse
2265 3015 2459 3073 Deum,
2490 3012 2886 3074 consequenter
2905 2999 3123 3054 utatltei
3156 3000 3429 3063 vixerunt,
3454 3007 3509 3052 et
3541 2997 3707 3052 vitam

431 3093 685 3157 ἐϐίωσαν,
713 3097 807 3148 καὶ
833 3098 922 3150 τὸν
952 3096 1064 3166 βίον
1087 3098 1243 3168 ἔσχον
1267 3099 1663 3170 διεφθαρμένον
1699 3099 1794 3152 καὶ
1833 3098 2012 3173 πάσης

2119 3116 2350 3179 egerunt
2376 3110 2690 3170 corruptam
2726 3106 2781 3152 et
2808 3095 2956 3151 omni
2985 3092 3330 3148 immunditia
3359 3090 3598 3161 plenam.

427 3187 768 3259 ἀκαθαρσίας
797 3187 1103 3242 ἀνάπλεων.

497 3277 729 3345 Πάντες
755 3278 1076 3344 ἐξέκλιναν
1095 3319 1109 3344 ,
1145 3278 1266 3348 ἅμα
1292 3277 1712 3349 ἡχρειώθησαν
1729 3322 1744 3348 ,
1795 3300 1848 3336 κ.
1877 3299 1929 3337 τ.
1962 3283 2010 3337 ἐ.

428 3370 490 3422 Οἱ
515 3368 763 3438 λέγοντες
791 3370 924 3440 (17)·
949 3389 967 3423 ι
993 3371 1178 3425 Δοῦλοι
1199 3370 1410 3443 ἀχρεῖοί
1432 3373 1620 3442 ἐσμεν,
1644 3393 1662 3426 ι
1683 3372 1906 3445 δυνάμει
1928 3374 2015 3429 λέ-

429 3476 638 3529 γουσιν,
683 3461 984 3534 Ἦχρειὼθη
994 3481 1112 3533 μεν.

506 3552 602 3616 Τίς
636 3550 816 3606 δώσει
845 3553 913 3605 ἐκ
945 3553 1100 3606 Σιὼν
1140 3555 1204 3608 τὸ
1252 3554 1552 3625 σωτήριον
1581 3557 1686 3611 τοῦ
1739 3557 2015 3627 Ἰσραήλ;

430 3661 485 3697 κ.
517 3662 569 3698 τ.
607 3645 654 3697 ὲ.
716 3663 734 3696 ι
758 3643 915 3710 Ἥξει
945 3647 1009 3700 ὲκ
1040 3645 1177 3700 Σιὼν
1210 3648 1318 3718 (18)
1342 3650 1369 3702 6
1393 3648 1690 3721 ῥυόμενος,
1747 3651 1841 3703 καὶ
1876 3651 2014 3704 ἀπο-

431 3735 657 3806 στρέψει
692 3736 949 3800 ἀσεϐείας
979 3738 1085 3790 ἀπὸ
1127 3738 1340 3793 Ἰακώϐ.
1375 3759 1392 3792 t
1449 3741 1511 3793 El
1548 3741 1606 3794 δὲ
1649 3743 1714 3795 ἐκ
1749 3740 1884 3795 Σιὼν
1922 3742 2014 3814 ἔρ-

429 3843 586 3896 χεται
619 3829 648 3880 6
673 3828 863 3899 Σωτὴρ
882 3869 896 3892 ,
947 3829 1108 3891 αὐτὸς
1134 3829 1191 3883 δὲ
1224 3833 1288 3883 ἐκ
1331 3830 1424 3884 τοῦ
1460 3833 1672 3903 Πατρὸς
1702 3833 1891 3906 ἐξῆλθε
1922 3837 2017 3889 καὶ

429 3913 600 3989 ἧκεν,
636 3919 669 3989 ἡ
714 3918 853 3973 Σιὼν
904 3919 998 3974 νῦν
1037 3921 1304 3992 σύμϐολόν
1341 3925 1456 3976 ἐστι
1496 3925 1588 3977 τοῦ
1639 3926 1876 3998 Πατρός.
1939 3929 2014 3981 Οὐ

428 4009 532 4080 τὴν
583 4010 882 4081 γενομένην
941 4014 1216 4085 σωτηρίαν
1264 4018 1378 4078 τοῖς
1425 4017 1518 4069 ἐπὶ
1569 4015 1811 4088 Ἐζεχίου
1857 4020 2016 4090 μόνον

430 4101 863 4172 προσαγορεύει,
915 4104 1052 4157 ἀλλά
1080 4107 1176 4159 καὶ
1219 4106 1318 4176 τὴν
1367 4108 1582 4172 πολλοῖς
1626 4107 1853 4182 ὕστερον
1891 4110 2018 4181 χρό-

429 4213 545 4259 νοις
576 4196 875 4268 γενομένην
907 4197 1115 4250 ὲκεῖθεν
1147 4198 1240 4251 τοῦ
1274 4199 1525 4270 Σωτῆρος
1552 4200 1710 4272 ἡμῶν
1744 4203 2013 4272 σωτήριον

430 4287 771 4357 ἐπιφάνειαν.
837 4289 1062 4343 Πάντων
1100 4290 1209 4361 γὰρ
1262 4290 1661 4356 ἐκκλινάντων,
1701 4294 2017 4363 ἀναγκαίως

2193 3283 2432 3342 Vnus!»
2468 3281 2662 3337 Omnes
2702 3276 3119 3341 declinaverunt,
3159 3273 3319 3328 simul
3361 3272 3576 3328 inutiles
3625 3273 3710 3339 {a-

2118 3380 2185 3432 cti
2210 3384 2356 3440 sunt,
2385 3383 2490 3429 etc.
2523 3369 2623 3438 Qui
2648 3367 2870 3423 dicunt:
2901 3384 2917 3416 ι
2947 3363 3099 3420 Servi
3129 3363 3347 3420 inutiles
3376 3378 3566 3418 sumus
3589 3362 3656 3428 “,
3683 3381 3703 3416 ι

2118 3470 2317 3526 virtute
2343 3467 2553 3532 dicunt,
2587 3460 2811 3517 luutiles
2834 3459 2963 3514 laeti
2993 3473 3202 3513 sumus.

2194 3561 2358 3616 Vnus.
2393 3559 2444 3613 7.
2473 3557 2602 3622 Quis
2631 3554 2776 3608 dabit
2803 3569 2870 3607 ea:
2909 3553 3041 3607 Sion
3086 3550 3324 3606 salutare
3355 3548 3527 3605 Israel
3547 3550 3574 3604 Ρ
3599 3559 3706 3606 etc.

2124 3673 2141 3705 ι
2176 3651 2366 3707 Veniet
2391 3663 2456 3703 ex
2496 3647 2626 3703 Sion
2679 3645 2771 3716 qui
2816 3644 3036 3708 liberat,
3070 3651 3122 3696 et
3155 3650 3364 3697 avertet
3399 3641 3710 3710 impietates

2120 3760 2148 3798 a
2182 3743 2349 3797 .lacob
2380 3741 2447 3799 ³⁷.
2487 3759 2505 3793 t
2540 3739 2596 3795 Si
2644 3754 2710 3794 ex
2765 3738 2894 3792 Sion
2933 3736 3082 3792 venit
3114 3734 3389 3798 Salvator,
3425 3734 3542 3803 ipse
3581 3749 3710 3787 vero

2120 3852 2185 3890 ex
2210 3835 2371 3894 Patre
2390 3833 2526 3888 exiit
2556 3840 2610 3886 et
2639 3831 2808 3896 venit,
2843 3830 2972 3885 Sion
3005 3828 3105 3884 hoc
3132 3828 3185 3882 in
3216 3828 3334 3882 loco
3359 3825 3536 3882 Patris
3562 3841 3708 3897 sym-

2121 3927 2302 3982 bolum
2328 3935 2432 3980 est.
2457 3923 2760 3978 Aununtiat
2791 3931 2972 3976 autem
3020 3919 3246 3974 salutem
3286 3933 3395 3973 non
3441 3918 3507 3970 iis
3534 3919 3707 3973 solum

2120 4017 2214 4087 qui
2247 4027 2490 4086 tempore
2508 4015 2756 4070 Ezechiae
2784 4022 2966 4077 erant,
2995 4012 3090 4067 sed
3119 4022 3173 4065 et
3210 4019 3329 4080 post
3362 4009 3528 4063 multa
3566 4019 3708 4066 tem-

2122 4123 2249 4177 pora
2298 4107 2424 4162 inde
2453 4107 2696 4162 futurum
2726 4106 2910 4160 multis
2942 4102 3235 4159 saiutarem
3265 4101 3566 4156 Salvatoris
3610 4117 3710 4155 no-

2121 4201 2218 4254 stri
2251 4200 2562 4254 adventum.
2602 4195 2736 4250 Nam
2777 4211 2906 4253 cum
2941 4209 3133 4251 omnes
3179 4191 3568 4256 declinassent.
3610 4207 3708 4247 ne-

2121 4307 2275 4349 cesse
2298 4301 2418 4348 erat
2449 4300 2509 4346 ut
2535 4291 2753 4346 adesset
2791 4289 2881 4360 qui
2905 4297 3130 4358 peccata
3157 4285 3465 4342 dimitteret
3494 4295 3548 4339 et
3573 4284 3708 4340 libe-

431 4377 539 4433 ἔδει
571 4377 756 4432 λοιπὸν
805 4383 1062 4452 παρεῖναι
1103 4381 1192 4433 τὸν
1234 4381 1532 4452 δυνάμενον
1578 4385 1798 4454 ἀφεῖναι
1830 4386 2014 4458 ἀμαρ-

431 4469 553 4497 -Ιμρ
585 4470 674 4497 ...Α
712 4468 877 4497 -ἔιρηι
967 4489 983 4497 -
1007 4472 1100 4497 913-.
1142 4470 1279 4497 \‘..‘.-.
1311 4492 1324 4497 _
1366 4472 1418 4497 βλ
1491 4474 1566 4497 τι--
1611 4475 1673 4497 ι--
1705 4474 2015 4497 --ι---..---

2124 4394 2291 4441 raret.
2339 4384 2546 4440 Dicitur
2574 4390 2780 4448 autem,
2823 4400 2842 4432 ι
2880 4397 2946 4436 ex
2991 4380 3147 4447 Sion,
3191 4399 3210 4432 ι
3246 4379 3372 4450 quia
3403 4394 3467 4433 ex
3496 4379 3708 4433 semine

2127 4477 2292 4497 l--__-l
2347 4486 2390 4497 ,ι
2440 4476 2556 4497 ---ΒΑ
2599 4491 2657 4497 -..
2701 4474 2830 4497 οε-..
2871 4475 3046 4497 -.-μεμε
3088 4472 3174 4497 -..Ξ
3206 4482 3467 4497 -.Α-ιιιιη..-
3501 4483 3574 4497 Α...
3649 4481 3704 4497 ..ι

429 4469 553 4534 τίας
585 4470 680 4524 καὶ
710 4468 902 4526 σῶσαι.
963 4489 983 4522 s
1007 4472 1102 4525 Ἐκ
1142 4470 1279 4525 Σιὼν
1310 4492 1328 4524 ι
1363 4472 1440 4536 δὲ,
1487 4474 1570 4527 ὅτι
1609 4475 1674 4528 ὲκ
1701 4474 2016 4546 σπέρματος

444 4559 693 4633 Ἰσραὴλ,
738 4562 831 4616 καὶ
866 4561 948 4615 ὅτι
989 4562 1054 4615 ὲκ
1089 4561 1224 4616 Σιὼν
1246 4562 1428 4634 ἥξεισό
1466 4564 1781 4636 ἐρχόμενος,
1814 4566 1890 4630 ὡς
1920 4567 2015 4636 γέ·-

430 4667 693 4725 γραπται.
736 4672 754 4704 ι
792 4653 880 4707 Ἐν
911 4653 989 4724 τῷ
1018 4654 1342 4727 ἐπιστρέψαι
1369 4655 1574 4726 Κύριον
1606 4657 1704 4729 τὴν
1736 4657 2016 4729 αἰχμαλωο

433 4741 555 4798 σίαν
598 4741 693 4796 τοῦ
739 4742 870 4806 λαοῦ
912 4743 1100 4799 αὐτοῦ.
1128 4765 1146 4797 t
1197 4745 1559 4816 Αἰχμαλωσία
1605 4747 1754 4800 ἐστὶν
1812 4750 1846 4818 ἡ
1905 4750 2016 4804 ἀπὸ

431 4831 684 4900 γνώσεως
709 4833 802 4887 καὶ
825 4835 1025 4906 ἀρετῆς
1049 4836 1141 4891 ἐπὶ
1171 4836 1446 4904 ἀγνωσίαν
1490 4837 1583 4890 καὶ
1620 4835 1816 4892 κακίαν
1853 4837 2018 4893 ἀκού-

433 4941 547 4988 σιος
591 4925 910 4996 μετάϐασις.
969 4945 988 4978 ι
1042 4928 1457 4996 Ἀγαλλιάσεται
1508 4929 1739 4993 Ἰακὼϐ,
1790 4931 1885 4985 καὶ
1925 4932 2015 4988 εύ-

431 5015 802 5088 φρανθήσεται
851 5018 1088 5090 Ἰσραήλ.
1117 5039 1135 5070 ι
1188 5020 1602 5088 Ἀγαλλιάσεται
1636 5021 1734 5093 μὲν
1777 5023 1806 5076 6
1836 5039 2014 5095 πρατ-

429 5108 586 5180 τικὴν
615 5110 884 5165 ἀπάθειαν
909 5112 1251 5182 κτησάμενος
1271 5130 1284 5142 ·
1333 5113 1684 5185 εὐφραίνεται
1712 5114 1776 5170 δὲ
1807 5117 1836 5169 6
1867 5133 2011 5186 γνω-

432 5201 623 5271 πικῆς
650 5200 881 5273 θεωρίας
907 5201 1285 5267 καταξιωθείς.

508 5293 620 5347 Τοῦ
653 5294 862 5348 αὑτοῦ.
900 5295 1127 5366 Μυρίων
1150 5297 1244 5349 ἐπὶ
1292 5296 1390 5368 τὴς
1425 5298 1754 5370 οἰκουμένης
1775 5299 1884 5369 (19)
1928 5317 2018 5353 κυ-

2127 4477 2316 4542 Israel,
2342 4486 2396 4531 et
2434 4476 2561 4545 quia
2593 4491 2659 4530 ex
2701 4474 2834 4530 Sion
2871 4475 3052 4529 veniet
3085 4472 3175 4544 qui
3206 4482 3469 4528 venturus
3497 4483 3600 4534 est,
3649 4481 3710 4526 ut

2119 4569 2386 4639 scriptum
2405 4576 2510 4625 est.
2543 4587 2562 4620 ‹
2593 4566 2732 4624 Cum
2764 4566 3026 4622 averterit
3051 4565 3311 4621 Dominus
3331 4565 3704 4634 captivitatem

2121 4660 2294 4730 plebis
2324 4675 2456 4716 suae.
2489 4678 2507 4711 ›
2532 4657 2832 4728 Captivitas
2857 4668 2943 4714 est
2974 4657 3307 4712 voluntarius
3335 4672 3362 4710 a
3395 4657 3624 4711 scientia
3652 4665 3708 4710 et

2121 4751 2323 4808 virtute
2352 4751 2418 4807 ad
2443 4751 2810 4820 ignorantiam
2831 4759 2884 4804 et
2921 4750 3182 4805 malitiam
3213 4749 3492 4805 transitus.
3531 4767 3549 4800 ι
3598 4748 3708 4802 Ex-

2119 4841 2344 4898 sultabit
2361 4840 2551 4908 Jacob,
2582 4850 2638 4899 et
2671 4842 2943 4899 laetabitur
2975 4841 3164 4898 Israel.
3205 4861 3224 4895 ι
3266 4843 3572 4898 Exsultabit
3613 4841 3704 4911 qui

2125 4935 2382 4990 aetr'tcem
2424 4934 2776 4990 aﬂ'ectionum
2825 4935 3128 4990 carentiam
3184 4936 3443 5005 possidet,
3492 4935 3707 4990 laetatur

2120 5033 2303 5080 autem
2343 5027 2434 5098 qui
2464 5026 2532 5083 ad
2555 5025 2920 5098 cognitionem
2945 5035 3001 5082 et
3029 5027 3549 5098 contemplationem
3583 5041 3707 5097 per-

2118 5119 2288 5175 venit.

2197 5296 2472 5368 Ejusdem.
2519 5295 2755 5353 Inﬁnitis
2779 5305 2894 5352 toto
2917 5297 3053 5353 orbe
3094 5294 3497 5352 dominantibus
3524 5295 3704 5364 malis,

502 5385 549 5419 “
589 5388 691 5443 Isa.
721 5404 873 5452 Lvm,
897 5389 951 5443 9.
1027 5390 1071 5422 ³⁸
1093 5389 1287 5447 Jacob.
1315 5408 1366 5457 ν,
1398 5393 1484 5449 13.
1563 5395 1607 5425 ³⁸
1637 5395 1768 5450 Luc.
1789 5411 1922 5461 xvu,
1949 5395 2015 5450 10

2119 5394 2156 5426 ³⁷
2190 5393 2298 5450 Isa.
2324 5410 2438 5460 us,
2467 5391 2560 5448 20.

433 5479 619 5609 63ιῇ
681 5481 926 5537 Ἐκεῖνοι
977 5482 1094 5554 μὲν
1143 5484 1580 5554 ἐπιχαίροντες,
1628 5499 1735 5542 etc.
1790 5487 2019 5543 Scltedze

565 5571 580 5604 )
629 5590 643 5604 α

486 5553 709 5691 l'(all)5')'.'0
733 5624 1158 5691 εὐεργετηθείς,
1185 5633 1287 5679 etc.
1322 5625 1546 5682 Schedae
1568 5626 1776 5682 Grabii.

505 5693 618 5765 (16)
635 5696 703 5748 El
729 5695 934 5765 ἐντοῖς
959 5695 1411 5765 ἐπιτηδεύμασι,
1431 5707 1538 5753 etc.
1561 5695 2010 5754 St'ltederaltii.

437 5763 553 5888 ri
570 5765 617 5832 7)
656 5767 717 5819 Ol
748 5763 1050 5833 λέγοντες,
1087 5778 1195 5822 etc.
1237 5763 1470 5823 Sclteda:
1495 5767 1705 5836 Grabii,
1731 5781 1786 5825 et
1816 5769 2014 5825 Corde-

2197 5487 2312 5557 (18)
2367 5468 2529 5552 Ἥξει
2559 5486 2630 5540 ἐκ
2661 5484 2837 5551 Σιών,
2871 5495 2984 5541 etc.
3030 5483 3255 5540 Scitedze
3311 5481 3522 5547 Grabii,
3563 5480 3702 5536 Bar-

2125 5557 2312 5699 ba('lll95)
2356 5629 2597 5696 Μυρίων
2769 5624 2877 5699 τῆς
2922 5622 3433 5699 οἰκουμένηςηοιε.
3487 5621 3700 5699 Emdetn

2122 5695 2335 5754 scltedae
2367 5698 2591 5762 Grabii;
2629 5696 2862 5751 Ililarius
2884 5710 3010 5748 vero
3042 5705 3278 5749 tractatu
3310 5695 3360 5744 iu
3387 5696 3530 5747 ttuuc
3553 5695 3702 5761 psal-

2122 5784 2269 5822 mum
2307 5785 2457 5823 uuut.
2489 5769 2544 5830 5,
2575 5768 2655 5821 sic
2675 5767 2834 5820 vertit
2859 5784 2907 5818 ιι
2930 5762 3024 5820 IIis
3058 5763 3701 5832 igituritagrassantibus

2121 5839 2298 5904 malis,
2325 5849 2379 5894 et
2421 5848 2531 5895 toto
2554 5839 2686 5894 orbe
2719 5835 3147 5904 dominantibus,
3173 5838 3425 5890 conscius
3466 5833 3702 5905 Spiritus
