4100 6442
395 411 530 466 1209

1418 408 1729 464 SELECTA
1770 408 1835 461 IN
1874 407 2209 463 PSALMOS.
2250 436 2317 447 —-
2359 405 2558 460 PSAL.
2602 404 2717 459 XV.

3533 410 3669 464 tztn

469 532 579 587 Τοῦ
610 530 816 585 αὑτοῦ.
872 530 929 583 Ὀ
959 530 1099 582 κατὰ
1138 530 1228 582 τὸν
1266 529 1373 601 (24)
1411 531 1559 593 ἐντὸς
1582 571 1595 594 ,
1643 532 1840 601 φησὶν,
1888 532 1964 584 ἄν·

2158 529 2429 599 FIjusdcm.
2479 527 2606 594 Qui,
2656 525 2852 595 inquit,
2899 536 2952 580 et
2997 529 3294 584 secundum
3351 532 3667 587 interiorem

393 627 608 697 θρωπον
648 625 740 675 καὶ
791 622 929 675 κατὰ
968 621 1058 672 τὸν
1108 622 1261 683 ἐκτὸς
1317 622 1735 692 ἀπηλλαγμένος
1796 624 1974 692 πάσης

392 716 593 779 κακίας
624 717 715 768 καὶ
748 714 936 785 μώμου
964 714 1189 776 παντὸς,
1220 715 1398 766 πᾶσαν
1434 713 1489 766 δὲ
1524 715 1725 786 ἀρετὴν
1751 715 1969 785 μετιών.

470 981 575 1044 '0;-
625 981 734 1032 οὐκ
769 979 1073 1032 ἑδόλωσεν
1119 979 1187 1031 ἐν·
1250 976 1503 1046 γλώσσῃ
1559 980 1775 1045 αὐτοῦ,
1835 980 1977 1034 οὐδὲ

390 1072 642 1138 ἐποίησε
676 1071 754 1135 τῷ
795 1072 1064 1136 πλησίον
1097 1069 1283 1123 αὐτοῦ
1310 1070 1531 1133 κίικέν,
1586 1090 1639 1125 κ.
1671 1090 1721 1125 τ.
1760 1074 1805 1125 ἑ.
1890 1075 1978 1137 Ὠς

390 1166 483 1217 καὶ
510 1167 558 1217 0i.
585 1165 822 1218 διάκονοι
859 1164 966 1234 (23)
1002 1164 1093 1216 106
1130 1166 1373 1232 Σατανᾶ,
1424 1168 1514 1219 ὅτε
1564 1168 1977 1238 μετασχηματί-

390 1256 574 1319 ζονται
614 1257 689 1317 ὡς
736 1256 973 1307 διάκονοι
1017 1257 1385 1328 δικαιοσύνης.
1437 1277 1453 1309 ‹
1482 1259 1591 1310 Καὶ
1625 1260 1722 1310 οὐκ
1753 1258 1973 1328 ἐποίησε

387 1345 466 1416 τῷ
502 1345 727 1418 πλησίον
756 1346 918 1399 αὑτοῦ
955 1348 1144 1401 κακόν.
1181 1368 1199 1399 ι

392 1458 483 1494 ποι
507 1436 608 1494 ὦσι
640 1441 885 1511 πλησίον,
918 1442 1015 1493 ούκ
1049 1441 1384 1512 ἀπαγορεύει
1413 1445 1445 1511 ἡ
1478 1442 1622 1508 λέξις
1664 1444 1833 1494 ποιεῖν
1862 1446 1974 1506 τοῖς

395 1534 468 1603 μὴ
502 1533 731 1604 πλησίον
766 1533 952 1586 κακόν.
1018 1534 1091 1585 Τὸ
1118 1534 1163 1586 δ’
1209 1535 1392 1604 ὅμοιον
1428 1535 1519 1586 καὶ
1552 1534 1644 1586 ἐπὶ
1676 1533 1769 1586 106
1790 1576 1803 1598 ,
1866 1554 1882 1584 ιι
1918 1536 1974 1586 ’0

389 1625 606 1695 ὀμνύων
654 1624 733 1695 τῷ
788 1626 1012 1696 πλησίον
1059 1625 1246 1691 αὐτοῦ,
1285 1626 1377 1678 καὶ
1429 1628 1527 1679 οὐκ
1572 1627 1799 1679 ἀθετῶν.
1865 1628 1975 1680 Καὶ

388 1716 689 1785 ὀνειδισμὸν
717 1716 817 1769 οὐκ
848 1716 1036 1769 ἔλαϐεν
1070 1718 1162 1769 ἐπὶ
1193 1720 1317 1779 τοὺς
1348 1718 1573 1786 ἔγγιστα
1602 1719 1791 1771 αὑτοῦ.
1822 1739 1838 1768 ι
1918 1720 1974 1771 Ὀ

389 1810 771 1879 ἀνεπιλήπτως
835 1810 982 1881 βιοὺς
1034 1810 1370 1881 ὀνειδισμοὺς
1432 1812 1492 1864 ού
1552 1812 1817 1881 λαμϐάνει
1882 1813 1974 1864 ἐπὶ

1275 1351 1399 1401 Ἐὰν
1434 1350 1505 1421 μὴ
1536 1351 1733 1413 πάντες
1767 1349 1974 1419 ἄνθρω-

2084 621 2356 675 hominem
2385 633 2437 671 et
2462 618 2761 672 secundum
2789 622 3140 685 exteriorem,
3174 621 3241 673 ab
3273 623 3421 675 omni
3459 624 3666 676 malitia

2080 721 2133 765 et
2159 713 2276 765 labe
2308 711 2520 763 alienus
2550 721 2657 774 est,
2677 720 2731 764 et
2756 726 2973 764 onmem
3000 712 3254 765 virtutem
3288 723 3592 777 assecutus,
3622 715 3669 767 is

2081 815 2164 857 est
2197 802 2287 871 qui
2340 802 2646 872 ingreditur
2682 802 2801 856 sine
2853 802 3066 857 macula
3108 812 3163 858 et
3200 812 3462 874 operatur
3510 804 3668 873 justi—

2082 895 2235 948 tiam.

2154 983 2318 1036 Vens.
2354 982 2407 1035 5.
2443 980 2545 1047 Qui
2573 997 2675 1034 non
2723 982 2825 1050 egit
2857 981 3038 1035 dolum
3071 982 3125 1036 in
3179 983 3360 1051 lingua
3407 1000 3527 1045 sua,
3572 1000 3665 1037 nec

2082 1074 2203 1142 [erit
2229 1076 2471 1142 proximo
2493 1090 2588 1127 suo
2615 1072 2834 1137 malum,
2868 1083 2979 1129 etc.
3007 1074 3164 1129 Sicut
3188 1076 3394 1129 faciunt
3427 1075 3663 1130 ministri

2083 1166 2318 1228 Satanze,
2356 1166 2572 1232 quando
2605 1165 3065 1219 transformamur
3100 1166 3153 1218 in
3200 1168 3476 1222 ministros
3503 1168 3667 1235 justi-

2083 1259 2185 1309 tite.
2226 1275 2244 1308 σ
2278 1256 2386 1311 Nec
2421 1256 2553 1310 fecit.
2582 1258 2833 1325 proximo
2872 1272 2970 1311 suo
3001 1258 3221 1314 malum.
3268 1276 3285 1309 ι
3323 1257 3435 1311 Nisi
3473 1276 3667 1314 omnes

2080 1350 2326 1404 homines
2378 1350 2488 1403 sint
2528 1350 2789 1418 proximi,
2838 1364 2944 1403 non
2986 1359 3131 1403 velut
3166 1352 3265 1404 hoc
3306 1350 3428 1405 loco
3460 1354 3661 1407 malum

2080 1442 2148 1496 iis
2170 1442 2283 1495 liceri
2315 1440 2406 1509 qui
2441 1456 2546 1492 non
2571 1448 2696 1493 sunt
2727 1440 2981 1507 proximi.
3020 1440 3163 1494 ldcm
3197 1442 3482 1494 dicemlum
3513 1454 3567 1497 et
3597 1446 3663 1496 de

2081 1536 2163 1588 his
2204 1552 2215 1585 :
2254 1552 2275 1582 ο
2306 1532 2406 1598 Qui
2434 1531 2589 1598 jurat
2632 1532 2882 1601 proximo
2924 1548 3043 1598 suo,
3091 1541 3145 1587 et
3180 1549 3287 1587 non
3321 1534 3541 1602 decipit.
3599 1537 3663 1589 Et

2078 1626 2431 1695 Opprubrinm
2468 1641 2571 1677 non
2604 1625 2812 1692 accepit
2838 1626 3102 1679 adversus
3136 1626 3414 1693 proximos
3446 1643 3590 1681 suos.
3638 1648 3656 1680 ι

2079 1720 2238 1790 597
2272 1718 2373 1783 Qui
2409 1716 2678 1785 inculpate
2710 1717 2860 1777 vivit,
2885 1718 3177 1785 opprobria
3212 1733 3317 1771 non
3347 1717 3545 1787 accipit
3570 1721 3663 1771 ad-

2078 1826 2266 1866 versus
2326 1811 2606 1877 proximos
2660 1824 2808 1863 suos.
2842 1808 2943 1874 Qui
2975 1809 3026 1860 in
3081 1809 3312 1877 proximi
3351 1810 3661 1864 calamitate

387 1902 512 1964 τοὺς
565 1900 790 1970 ἔγγιστα
843 1900 1044 1953 αὑτοῦ·
1101 1903 1129 1953 6
1183 1904 1238 1954 ὲν
1294 1904 1551 1975 συμφορᾷ
1596 1903 1690 1955 106
1744 1904 1964 1974 πλησίον

2074 1918 2179 1958 non
2206 1911 2513 1970 exasperat,
2542 1914 2643 1953 nee
2673 1900 2886 1952 laetatur
2911 1902 2975 1954 de
3007 1900 3183 1953 alieno
3205 1899 3377 1968 lapsu,
3410 1900 3507 1951 sed
3530 1916 3661 1952 eou-

392 1992 465 2063 μὴ
499 1995 966 2064 ἐπικερτομήσας,
1029 1995 1164 2064 μηδὲ
1213 1995 1499 2066 ἐπιχαρεὶς
1536 1995 1785 2066 πτώματι
1820 1996 1975 2049 ἀλλο-

386 2085 540 2155 τρίῳ,
574 2086 710 2139 ἀλλὰ
743 2087 1053 2155 συναλγῶν*
1149 2090 1176 2140 6
1210 2086 1282 2157 μὴ
1309 2088 1574 2151 ὀνειδίσας
1602 2089 1692 2141 τὸν
1724 2089 1969 2157 ἔγγιστα,

385 2176 460 2239 ὡς
499 2180 529 2230 ὁ
558 2179 847 2249 Φαρισαῖος
892 2180 983 2232 τὸν
1013 2178 1271 2249 τελώνην,
1303 2178 1334 2248 ἣ
1371 2182 1397 2231 6
1426 2180 1499 2250 μὴ
1528 2180 1841 2243 ὀνειδισθεὶς
1880 2181 1972 2233 ἐπὶ

384 2271 496 2331 τοῖς
542 2268 800 2336 ἔγγιστα,
847 2270 921 2332 ὡς
964 2272 993 2321 ὁ
1038 2271 1185 2324 Ἠλεὶ
1238 2274 1330 2325 ἐπὶ
1372 2274 1481 2334 τοῖς
1532 2271 1770 2335 τέκνοις,
1817 2270 1970 2341 ἢκαὶ

388 2359 571 2424 ἁπλῶς
605 2364 632 2414 6
668 2362 1048 2432 ἀνεπιλήπτως
1082 2363 1248 2433 βιούς.

939 2543 1230 2595 ΨΛΑΜΟΣ
1276 2543 1353 2595 1Ε¹
1364 2584 1376 2595 .

455 2635 734 2699 Φύλαξιῖν
758 2654 852 2703 με,
896 2636 1091 2703 Κύριε,
1132 2635 1219 2686 ὅτι
1254 2635 1350 2687 ἐπὶ
1385 2636 1479 2687 σοὶ
1531 2635 1786 2701 ﬁlatim.
1821 2630 1975 2687 Εἷπα

387 2726 464 2793 τῷ
482 2728 695 2794 Κυρίῳ·
715 2730 928 2796 Κύριίς
939 2747 1058 2798 μου
1080 2727 1137 2783 εἷ
1154 2729 1256 2791 σὺ,
1284 2727 1371 2780 ὅτι
1388 2728 1505 2781 τῶν
1521 2728 1884 2797 ἀγαθῶνμου
1904 2730 1974 2780 οὐ

385 2822 593 2889 χρείαν
617 2822 795 2888 ἔχεις,
825 2839 877 2874 κ,
913 2838 962 2873 τ.
1005 2823 1049 2873 ἐ.
1101 2822 1189 2885 Ὠς
1232 2821 1508 2890 πολεμέων
1545 2819 1657 2889 (26)
1690 2817 1973 2886 ἐπικειμέ-

2074 1995 2236 2049 dolet.
2276 1993 2393 2058 Vel,
2431 1994 2523 2060 qui
2557 2008 2665 2047 non
2698 1992 2993 2059 exprobrat
3028 1992 3279 2059 proximo
3306 1993 3661 2059 quemadmo-

2072 2086 2197 2140 dum
2236 2086 2585 2155 exprobravit
2625 2086 2932 2139 Pbarismns
2971 2083 3280 2150 publicano,
3324 2083 3405 2136 vel
3447 2083 3535 2151 qui
3587 2083 3659 2136 ob

2070 2179 2376 2249 proximum
2410 2194 2516 2233 non
2554 2178 2768 2246 accepit
2792 2175 3169 2244 opprobrium,
3198 2175 3651 2242 quemadmmlum

2072 2268 2188 2323 "eli
2229 2270 2298 2322 ob
2326 2268 2465 2323 ﬁlios
2495 2282 2645 2331 suos,
2695 2266 2778 2320 vel
2804 2266 2967 2322 etiam
2992 2264 3342 2335 simpliciter,
3366 2264 3456 2335 qui
3487 2265 3659 2320 incul-

2070 2369 2195 2431 pate
2230 2361 2387 2415 vixit.

2138 2632 2302 2687 Vsus.
2324 2631 2441 2694 1,2.
2458 2631 2718 2685 Conserva
2740 2647 2837 2695 me,
2864 2629 3100 2691 Domine,
3121 2631 3365 2694 quoniam
3384 2630 3587 2693 speravi
3605 2631 3657 2684 in

2074 2740 2141 2779 te.
2170 2728 2285 2780 Dixi
2306 2726 2571 2779 Domino:
2602 2725 2740 2777 Deus
2772 2741 2913 2776 meus
2941 2741 2991 2776 es
3027 2739 3105 2787 tu,
3125 2725 3372 2791 quoniam
3402 2724 3658 2778 bonorum

2072 2837 2305 2873 meorum
2333 2838 2436 2873 non
2455 2838 2592 2890 eges,
2620 2830 2724 2875 etc.
2752 2819 3032 2886 Tanquam
3065 2818 3299 2871 inimicis
3332 2819 3660 2871 instantibus

384 2929 488 2963 νων
517 2913 661 2979 λέγει
682 2930 694 2941 ·
728 2932 744 2963 ι
774 2912 1009 2977 Φύλαξόν
1043 2931 1129 2984 με.
1160 2934 1178 2964 ι
1220 2911 1427 2982 Ἰησοῦς
1444 2912 1500 2964 δὲ
1525 2913 1582 2963 ἐν
1609 2910 1687 2980 τῷ
1715 2911 1964 2981 προφήτῃ

2073 2913 2148 2965 ait
2190 2934 2203 2968 ;
2245 2931 2263 2962 ι
2300 2911 2575 2966 Conserva
2613 2926 2715 2964 me.
2759 2929 2777 2961 ι
2816 2907 2973 2964 Jcsus
3016 2920 3194 2961 autem
3241 2910 3379 2976 apud
3425 2911 3657 2978 prophe—

383 3004 551 3072 λέγει·
569 3005 625 3058 Ὀ
656 3005 746 3056 ἐπὶ
766 3005 847 3074 τῷ
872 3006 1058 3075 Κυρίῳ
1083 3005 1317 3070 ἐλπίζων
1343 3007 1437 3058 καὶ
1460 3003 1552 3055 ἐπὶ
1582 3002 1768 3072 μηδενὶ
1797 3002 1962 3069 ἄλλῳ,

386 3099 718 3168 φυλάσσεται
748 3098 838 3150 ὑπ’
870 3098 1055 3150 αὑτοῦ.
1090 3098 1281 3162 Οὐδεὶς
1303 3098 1358 3150 δὲ
1391 3096 1721 3167 ἁμαρτάνων
1744 3094 1966 3147 δύναται

381 3189 748 3260 ἐπαληθεῦσαι
770 3191 835 3259 τῇ
869 3190 1040 3258 φωνῇ.
1069 3188 1264 3250 Δοῦλος
1285 3186 1396 3258 γὰρ
1418 3186 1492 3238 ὢν
1518 3182 1584 3257 ἧς
1613 3187 1757 3237 ποιεῖ
1789 3186 1965 3255 ἁμαρ-

379 3285 519 3345 τίας,
556 3283 614 3334 οὐ
654 3281 872 3333 δύναται
906 3279 1176 3332 δουλεύειν
1206 3279 1345 3349 Θεῷ.
1386 3280 1445 3331 '0
1474 3279 1530 3331 δὲ
1564 3277 1641 3348 τῷ
1679 3274 1964 3347 πραττικῷ

382 3375 474 3426 καὶ
505 3374 763 3445 θεωρητῷ
814 3373 911 3444 βίῳ
958 3375 1164 3444 στήσας
1203 3371 1405 3443 στήλην
1462 3372 1585 3443 βοᾷο
1650 3390 1668 3422 ι
1704 3368 1848 3425 Eia-1
1886 3370 1964 3441 τῷ

380 3466 591 3537 Κυρίῳ·
614 3467 819 3538 Κύριός
849 3486 953 3537 μου
980 3464 1029 3519 εἷ
1063 3466 1148 3518 σύ·
1183 3486 1203 3517 ›
1229 3467 1321 3519 καὶ
1350 3468 1413 3518 ὲκ
1443 3466 1550 3517 τῶν
1582 3464 1688 3517 σῶν
1718 3465 1963 3535 δομάτων

382 3560 642 3629 προσάγω
678 3577 757 3612 σοι
805 3560 975 3629 δῶρα,
1013 3560 1112 3629 οὐχ
1143 3559 1218 3622 ὡς
1256 3557 1443 3610 ἐνδεεῖ.
1494 3556 1683 3619 Οὐδεὶς
1714 3556 1822 3626 γὰρ
1854 3555 1964 3607 τῶν

380 3650 674 3722 αἱρετικῶν
705 3651 865 3705 10610
903 3652 1080 3721 λέγων
1109 3650 1419 3722 ἀληθεύσει.
1454 3650 1528 3703 Οὐ
1574 3649 1732 3720 μόνον
1773 3649 1829 3701 δὲ
1870 3648 1963 3701 ἐπὶ

375 3740 482 3793 τῶν
510 3742 783 3813 αἰσθητῶς
807 3741 1254 3815 προσαγομένων,
1282 3740 1416 3793 ἀλλὰ
1438 3740 1532 3793 καὶ
1554 3739 1961 3810 πνευματικῶς,

378 3834 743 3904 προσενεκτέα
777 3836 810 3903 ἡ
854 3835 1026 3903 φωνή.
1054 3832 1175 3885 Κᾶν
1209 3832 1317 3903 γὰρ
1342 3832 1543 3902 ἀρετὰς
1566 3832 1957 3902 ἱερουργῶμεν·

377 3928 476 3980 κᾶν
504 3927 571 3979 τὰ
612 3926 817 3979 ἑαυτῶν
862 3926 1090 3997 σώματα
1127 3924 1214 3978 διὰ
1250 3925 1547 3987 παντελοῦς
1580 3925 1959 3995 σωφροσύνης,

376 4018 556 4087 ἴσμεν,
595 4018 677 4069 ὅτι
710 4016 923 4086 δέχεται
960 4016 1115 4070 10610
1148 4018 1176 4069 6
1218 4017 1351 4079 Θεὸς
1377 4017 1485 4068 ὀὐκ
1520 4018 1599 4079 εἰς
1637 4017 1771 4069 ἰδίαν
1814 4017 1959 4085 ὠφέ-

373 4109 541 4173 λειαν,
574 4109 686 4161 ἀλλ’
722 4110 870 4172 ὅπως
912 4110 1040 4179 ἡμῖν
1070 4108 1145 4178 δῷ
1178 4108 1246 4161 τὰ
1294 4108 1352 4174 ἐξ
1391 4108 1621 4178 ούρανοῦ
1656 4107 1836 4175 ἀγαθὰ
1878 4110 1960 4161 αῖ-

373 4201 557 4255 τοῦσιν
584 4203 741 4255 αὐτά.
1013 4205 1043 4230 ⁸

450 4378 560 4433 Τοῦ
594 4379 801 4434 αὐτοῦ.
838 4380 899 4431 Εἰ
932 4378 1109 4446 ἀγαθὰ
1157 4380 1327 4432 πᾶσαι
1362 4380 1553 4448 ἀρεταὶ
1586 4380 1717 4450 (2ῑ),
1767 4380 1957 4451 χρῄζει

371 4473 428 4525 δὲ
458 4475 489 4543 ὴ
519 4472 718 4540 γνῶσις
736 4472 844 4526 τῶν
869 4473 1101 4543 ἀρετῶν,
1123 4472 1338 4524 πάντων
1366 4472 1472 4543 ἄρα
1490 4472 1679 4543 χρῄζει
1704 4471 1810 4525 τῶν
1830 4474 1960 4540 ἀγα-

373 4564 480 4617 θῶν
502 4568 532 4637 ή
558 4564 775 4634 γνῶσις.
805 4565 912 4617 Καὶ
935 4567 1140 4635 μήποτε
1168 4565 1350 4632 ἀγαθὰ
1370 4566 1584 4636 εἴρηται
1602 4565 1670 4618 τὰ
1704 4562 1958 4635 μέσα,ὧν

372 4658 404 4727 ἡ
439 4657 618 4709 δικαία
649 4658 841 4729 χρῆσις
872 4658 1019 4727 ἡμᾶς
1061 4657 1300 4725 ἀγαθοὺς
1330 4656 1423 4709 καὶ
1463 4656 1523 4708 ού
1560 4657 1651 4709 τὸν
1693 4657 1825 4711 Θεὸν
1860 4659 1953 4727 ἐρ-

371 4749 616 4817 γάζεται.
651 4768 667 4799 ε
699 4749 761 4801 Εἰ
791 4768 808 4799 ι
842 4749 950 4819 γὰρ
984 4768 1002 4798 ‹
1031 4748 1100 4800 τὰ
1126 4748 1327 4816 ἀγαθὰ,
1361 4768 1379 4799 ι
1415 4748 1579 4817 φησὶν
1615 4747 1757 4815 Ἰὼϐ,
1796 4768 1815 4799 σ
1844 4749 1957 4803 ἐδε-

371 4840 578 4909 ξάμεθα
608 4842 672 4892 ἐκ
696 4841 875 4911 χειρὸς
913 4841 1138 4911 Κυρίου,
1165 4842 1233 4893 τὰ
1264 4841 1410 4893 κακᾶ
1437 4842 1533 4910 οὐχ
1558 4841 1851 4911 ὑποίσομεν
1877 4858 1891 4905 ;
1930 4861 1947 4892 ι

381 4926 645 4979 Ἐνταῦοα
676 4928 783 4997 γὰρ
816 4928 996 4995 ἀγαθὰ
1027 4928 1094 4981 τὰ
1120 4930 1431 5000 ὑπάρχοντα
1461 4930 1763 4999 ὠνόμασεν,
1808 4931 1951 5002 ἆπερ

369 5019 519 5088 παρὰ
552 5019 647 5089 τὴν
678 5020 871 5090 χρῆσιν
902 5020 998 5090 τὴν
1029 5020 1199 5092 καλὴν
1226 5022 1434 5088 γίνεται
1470 5021 1672 5090 ἀγαθά.

443 5110 572 5175 Τοῖς
600 5112 788 5179 ἁγίοις
830 5110 951 5177 τοῖς
978 5111 1047 5163 ἐν
1076 5111 1151 5179 τῇ
1189 5112 1266 5180 τῇ
1291 5112 1478 5165 αὐτοῦ
1517 5113 1949 5181 ἑθαυμάστωσε

366 5199 565 5253 πάντα
594 5200 666 5253 τὰ
706 5200 1007 5269 θελήματα
1030 5202 1215 5256 αὑτοῦ
1241 5203 1309 5255 ἐν
1348 5204 1567 5270 αὐτοῖς.
1618 5205 1949 5272 Ἐπληθύν-

367 5295 566 5358 θησαν
583 5295 643 5345 αἱ
667 5293 969 5347 ἀσθένειαι
997 5294 1216 5359 αὐτῶν,
1236 5296 1386 5364 μετὰ
1413 5295 1602 5348 ταῦτα
1624 5296 1944 5366 enixo-Var,

367 5399 420 5434 κ.
462 5399 513 5434 τ.
562 5383 606 5433 ἑ.
658 5383 714 5435 Ὀ
758 5383 1079 5455 ἁμαρτωλὸς
1110 5385 1221 5453 (28)
1270 5383 1374 5450 ἔξω
1414 5385 1514 5453 τῆς
1553 5387 1656 5456 γῆς
1692 5390 1805 5441 ἐστι
1853 5391 1947 5443 106

438 5496 482 5527 δ’
513 5495 632 5550 Job.
674 5512 709 5549 ll
737 5537 753 5563 ,
790 5498 875 5550 10.

437 5585 553 5723 (24)
595 5585 649 5637 Ὁ
679 5588 828 5639 κατὰ
860 5587 985 5646 τόν,
1016 5595 1120 5640 etc.
1150 5587 1327 5639 Codex
1363 5588 1712 5652 Anglicanus.

460 5656 549 5715 25)
587 5656 679 5721 Ὡς
705 5657 800 5709 καὶ
826 5656 1180 5719 οἱδιιὶκονοι,
1209 5665 1313 5710 etc.
1347 5657 1524 5710 Codex
1559 5659 1712 5712 Coisl?

460 5656 549 5715 25)
587 5656 679 5721 Ὡς
705 5657 800 5709 καὶ
826 5656 1180 5719 οἱδιιὶκονοι,
1209 5665 1313 5710 etc.
1347 5657 1524 5710 Codex
1559 5659 1943 5714 Coislinianus.

439 5725 551 5797 (26)
595 5728 689 5792 Ὡς
745 5728 1079 5795 πολεμίων,
1123 5737 1227 5781 etc.
1283 5725 1613 5794 Corderius,
1667 5740 1722 5782 et
1774 5732 1942 5784 codex

364 5797 744 5853 Coislinianus.

443 5867 554 5937 (2⁸7)
580 5869 649 5922 Ei
672 5869 861 5940 ἀγαθὰ
883 5866 1068 5924 πᾶσαι
1100 5870 1321 5941 ἀρεταί,
1350 5879 1454 5924 etc.
1485 5869 1708 5927 Sclieda:
1732 5868 1937 5925 Grabii.

2078 3015 2186 3056 tam
2212 3004 2342 3056 dicit
2381 3021 2393 3056 :
2431 3003 2531 3069 Qui
2570 3002 2620 3057 in
2666 3001 2911 3063 Domino,
2951 3017 3048 3055 nec
3092 3001 3145 3053 in
3183 3000 3291 3053 ullo
3318 3001 3422 3053 alio
3458 3010 3656 3070 sperat,

2074 3097 2379 3149 custoditur
2408 3096 2474 3149 ab
2504 3094 2617 3149 illo.
2652 3096 2720 3148 At
2750 3094 2927 3147 nullus
2958 3103 3210 3162 peccator
3233 3109 3360 3147 vere
3397 3095 3535 3147 banc
3565 3110 3659 3148 vo-

2074 3204 2190 3242 cem
2234 3186 2592 3256 pronuntiare
2638 3194 2834 3254 potest.
2866 3185 2997 3239 Cum
3025 3184 3171 3237 enim
3214 3199 3405 3237 servus
3447 3185 3657 3249 sitejus

2074 3281 2213 3348 quod
2245 3280 2395 3344 facit,
2421 3280 2649 3349 peccati,
2678 3294 2783 3332 non
2814 3286 2988 3346 potest
3018 3278 3123 3329 Deo
3154 3277 3380 3332 servire.
3402 3277 3449 3331 ls
3474 3289 3654 3331 autem

2074 3371 2161 3438 qui
2197 3372 2453 3439 practich
2487 3380 2541 3425 et
2572 3370 3009 3439 contemplativa:
3035 3371 3159 3423 vita:
3192 3368 3498 3423 columnam
3534 3387 3657 3425 crc-

2075 3465 2174 3526 xit,
2203 3464 2439 3517 clamat:
2481 3482 2499 3516 ‹
2535 3464 2652 3517 Dixi
2690 3464 2916 3518 Domino
2947 3482 2959 3516 :
2994 3465 3131 3517 Deus
3163 3476 3314 3516 meus
3341 3478 3400 3516 es
3433 3473 3520 3528 tn;
3559 3481 3574 3513 ι
3607 3474 3659 3518 ct

2074 3560 2140 3612 de
2174 3557 2331 3611 donis
2362 3558 2466 3612 tuis
2501 3572 2724 3612 munera
2757 3557 2851 3611 tibi
2887 3555 3055 3610 olfero
3078 3597 3092 3623 ,
3148 3572 3253 3609 non
3288 3564 3545 3624 tanquam
3581 3558 3657 3612 in-

2072 3649 2294 3719 digenti.
2329 3648 2498 3705 Nemo
2529 3650 2670 3705 enim
2697 3650 3076 3703 limretieorum
3107 3650 3209 3702 hoc
3242 3650 3445 3712 dicens,
3472 3666 3657 3704 verum

2072 3741 2331 3809 proferet.
2361 3740 2478 3796 Non
2506 3742 2679 3796 solum
2712 3754 2890 3797 autem
2925 3743 3027 3796 hoc
3061 3741 3125 3795 de
3162 3742 3533 3807 scnsibilibus,
3566 3746 3657 3798 sed

2071 3837 2236 3891 etiam
2277 3837 2342 3893 de
2388 3837 2725 3906 spiritalibus
2768 3837 3138 3893 oblationibus
3184 3837 3657 3907 pronuntiandum

2070 3938 2171 3984 est.
2203 3928 2336 3982 Nam
2372 3928 2497 3983 licet
2523 3929 2851 3983 sacriﬁcium
2882 3929 3142 3983 virtutum
3178 3930 3567 3991 obtulerimus,
3594 3928 3658 3982 li—

2070 4031 2157 4076 cet
2196 4035 2426 4090 corpora
2462 4030 2649 4077 nostra
2698 4035 2796 4089 per
2842 4021 3208 4075 omnimodam
3263 4023 3654 4077 continentiam

2068 4110 2585 4176 sacriﬁcaverimus,
2620 4112 2820 4165 scimus
2850 4112 2900 4165 id
2932 4128 3038 4165 non
3070 4124 3296 4182 propter
3319 4128 3473 4167 suam
3509 4114 3656 4165 titill-

2071 4211 2233 4256 tatem
2266 4202 2432 4257 Deum
2467 4204 2711 4269 accipere
2740 4243 2753 4268 ,
2782 4204 2876 4257 sed
2911 4212 2967 4258 ut
3006 4203 3161 4259 nobis
3191 4205 3508 4277 petentibus
3540 4219 3653 4259 cu:-

1990 4313 2037 4368 υ
2068 4292 2220 4347 lestia
2255 4293 2396 4347 bona
2421 4294 2688 4349 conferat.

2134 4384 2411 4454 Ejusdem.
2457 4386 2511 4441 Si
2550 4387 2693 4441 inter
2739 4388 2880 4442 bona
2924 4396 3269 4443 suntomncs
3301 4388 3550 4452 virtutes,
3597 4399 3651 4442 ct

2060 4479 2287 4534 scientia
2323 4479 2527 4549 indiget
2556 4480 2872 4547 virtutibus,
2903 4480 3156 4535 omnibus
3203 4490 3353 4534 certe
3391 4480 3548 4534 bonis
3575 4480 3654 4533 in-

2060 4571 2205 4641 diget
2231 4572 2480 4626 scientia.
2528 4573 2594 4628 Et
2623 4574 2744 4628 vide
2779 4589 2842 4627 nc
2883 4584 3032 4628 certe
3064 4574 3150 4627 hic
3183 4572 3329 4626 dicta
3370 4575 3478 4626 sint
3510 4572 3649 4626 bona

2060 4664 2236 4718 media
2286 4680 2515 4734 quorum
2562 4664 2708 4733 justa
2755 4667 3027 4734 possessio
3073 4682 3172 4720 nos
3211 4664 3394 4733 justos
3438 4674 3491 4718 et
3541 4682 3648 4719 non

2062 4752 2229 4809 Deum
2252 4756 2459 4826 justum
2494 4758 2691 4813 reddit.
2727 4777 2745 4809 ‹
2785 4759 2840 4813 Si
2873 4759 3016 4813 enim
3050 4759 3214 4823 bona,
3252 4756 3550 4828 inquitJob
3581 4757 3673 4825 ⁸²,σ

2060 4850 2405 4919 suscepimus
2436 4852 2502 4905 de
2531 4867 2690 4905 manu
2741 4851 2977 4917 Domini,
3009 4853 3147 4905 mala
3198 4868 3304 4905 non
3357 4851 3651 4905 sustinebi-

2059 4944 2221 4996 mus?
2257 4962 2274 4995 ι
2312 4944 2400 4999 ubi
2439 4946 2702 4999 bonorum
2729 4946 2945 4999 nomine
2973 4946 3185 5001 vocavit
3216 4944 3502 5000 facultates
3532 4962 3652 5015 quae

2056 5048 2120 5087 ex
2153 5032 2295 5088 boao
2328 5051 2424 5088 usu
2460 5036 2595 5089 tinuit
2626 5038 2799 5091 bonae.

2130 5124 2289 5179 Vnus.
2318 5128 2371 5192 5,
2408 5128 2459 5180 lt.
2502 5126 2713 5182 Sanctis
2742 5128 2831 5197 qui
2872 5138 2991 5180 sunt
3027 5128 3080 5181 in
3118 5139 3257 5181 terra
3306 5128 3424 5197 ejus
3458 5127 3649 5186 miriﬁ-

2057 5218 2188 5268 covit
2222 5233 2397 5271 omnes
2428 5219 2721 5273 voluntates
2753 5238 2879 5273 suas
2909 5221 2959 5273 in
2991 5221 3088 5272 eis.
3122 5218 3496 5284 Multiplicatw
3527 5229 3647 5271 sunt

2060 5306 2401 5373 inﬁrmitates
2435 5326 2646 5377 eorum,
2683 5323 2859 5379 postea
2889 5311 3341 5373 acceleraverunt,
3376 5318 3483 5361 etc.
3516 5308 3646 5361 Pec-

2061 5408 2214 5452 cator
2240 5412 2320 5454 est
2350 5411 2507 5455 extra
2537 5412 2734 5457 terram
2770 5403 2885 5468 Dei,
2934 5412 2988 5455 ut
3034 5403 3117 5456 cui
3154 5418 3257 5454 non
3290 5400 3525 5454 ostendit
3554 5400 3649 5452 mi-

2130 5596 2241 5666 (28)
2287 5600 2340 5650 Ὀ
2369 5599 2712 5667 ἁμαρτωλός
2743 5639 2755 5662 ,
2808 5611 2909 5653 etc.
2965 5598 3177 5651 Initium
3232 5597 3392 5667 baltei.
3440 5596 3644 5651 Corde-

2058 5660 2172 5721 rius
2198 5660 2369 5737 usque
2402 5660 2611 5723 Emit-tm
2651 5660 2810 5723 verba
2853 5688 2865 5721 :
2900 5670 3156 5737 ζητήσεις
3184 5669 3229 5720 εἰ
3262 5660 3427 5720 οὗτοι.
3487 5667 3629 5721 Beli»

2055 5754 2158 5807 qua
2188 5738 2408 5806 Origeni
2440 5741 2627 5792 tribuit
2655 5742 2823 5794 codex
2842 5740 3225 5800 (loislinianns,
3257 5754 3376 5807 qme
3406 5737 3640 5793 Eusebio

2055 5819 2107 5863 et
2134 5809 2422 5865 Theodoro
2450 5810 2671 5865 ascribit
2703 5810 2889 5865 Daniel
2920 5809 3210 5863 Barbarus.
