4100 6382
471 322 600 379 lZlI

1863 313 1953 368 EX
1991 310 2292 369 ORIGENE

3597 309 3736 362 12ίί

470 443 680 502 rabilis.
718 439 966 498 Christus
994 445 1175 493 autem
1203 436 1268 492 de
1290 434 1422 490 viris
1442 431 1702 504 perfectis
1731 433 1826 502 qui
1853 447 1912 488 se
1948 433 2028 503 ips

2151 425 2308 488 Θεοῦ,
2342 414 2386 492 ᾧ
2407 421 2507 476 οὐκ
2529 422 2730 490 ἔδειξεν
2751 421 2818 476 τά
2843 423 3141 493 θαυμάσια.
3181 423 3236 478 '0
3261 423 3492 496 Χριστὸς
3518 425 3574 478 δὲ
3603 427 3733 495 περὶ

469 536 900 594 conformarunt,
934 531 1072 585 dicet
1102 549 1115 585 :
1150 527 1352 585 Omnes
1379 527 1685 582 voluntates
1715 541 1847 581 mea:
1879 525 1932 579 in
1968 525 2048 580 eis

469 637 612 683 sunt.
651 627 715 681 Et
747 623 1120 693 multiplicatae
1156 623 1374 693 quidem
1419 627 1543 674 sunt
1574 617 1920 673 infirmitates
1951 632 2046 672 eo-

470 735 589 774 rum
617 719 707 788 qui
731 732 795 771 ex
825 717 1081 787 gentibus
1114 725 1292 781 erant,
1326 717 1418 770 sed
1449 715 1922 775 acceleraverunt,
1952 726 2048 782 per

467 809 837 879 pceniteutiam
872 809 1275 878 resipiscentes.
1305 808 1525 875 Quaeres
1550 821 1678 860 vero
1704 820 1770 858 an
1805 803 1860 858 hi
1882 801 2044 871 juxta

466 901 699 971 aliquem
731 916 948 955 sensum
994 901 1166 955 sancti
1215 900 1510 968 aliquando
1559 898 1764 952 fuerint
1802 896 1856 950 in
1902 907 2044 951 terra

467 993 561 1047 Dei
596 995 926 1056 habitantes,
950 994 1266 1064 priusquam
1306 991 1676 1059 multiplicant:
1708 990 1816 1044 sint
1847 989 2042 1060 iniqui-

465 1093 606 1139 tates
632 1101 858 1149 eorum;
889 1084 969 1138 vel
1003 1085 1221 1153 quidam
1256 1099 1442 1139 eorum
1478 1082 1640 1137 lsrael
1668 1081 1798 1144 sint,
1841 1081 1894 1134 in
1927 1081 2044 1148 qui-

465 1177 566 1232 bus
595 1187 750 1233 erant
787 1179 1076 1245 aliquando
1109 1177 1410 1231 voluntates
1449 1175 1540 1230 Dei
1585 1193 1599 1242 ;
1629 1176 1712 1230 vel
1749 1175 1828 1229 sic
1867 1175 2042 1230 sancti

465 1271 556 1339 qui
595 1270 644 1325 in
684 1269 851 1340 598
878 1270 1014 1324 cce-lo
1045 1269 1516 1324 conversationem
1554 1267 1776 1336 habent,
1811 1267 1862 1320 in
1901 1277 2042 1322 terra

464 1359 581 1426 ejus
603 1373 907 1417 versentur.
942 1360 1070 1413 licet
1095 1360 1270 1413 adhuc
1290 1360 1396 1412 sint
1423 1358 1476 1412 in
1513 1359 1614 1412 hac
1639 1367 1812 1413 terra.
1843 1357 2044 1413 Volun-

467 1460 607 1506 tates
633 1452 728 1508 Dei
756 1451 980 1523 singulae
1015 1463 1140 1505 sunt
1168 1452 1419 1516 virtutes,
1454 1460 1512 1503 ut
1539 1449 1707 1520 liquet
1736 1465 1802 1506 ex
1835 1450 1921 1506 his
1951 1450 1998 1482 ’⁸³
2024 1469 2036 1504 :

470 1563 489 1596 ι
526 1544 710 1599 Inveni
753 1544 920 1598 David
971 1545 1136 1598 filimn
1181 1543 1370 1606 Jesse,
1397 1542 1570 1596 virum
1615 1543 1916 1598 secundum
1944 1559 2042 1598 cor

465 1652 667 1704 meum,
695 1638 784 1705 qui
809 1637 970 1691 faciet
995 1651 1188 1690 omnes
1210 1635 1520 1690 voluntates
1551 1649 1719 1692 meas.
1752 1654 1771 1686 ι
1797 1633 1904 1688 llas
1937 1634 2040 1688 mi-

465 1730 641 1786 rificat
672 1731 811 1784 Deus
835 1729 888 1783 in
924 1731 1126 1786 sanctis
1147 1730 1281 1798 suis,
1308 1730 1402 1800 qui
1426 1730 1618 1785 melius
1645 1744 1807 1798 quam
1843 1729 2035 1800 reliqui

2149 519 2254 571 τῶν
2287 515 2406 570 κατ’
2435 515 2595 568 αὑτὸν
2635 515 3081 586 μεμορφωμένων
3109 515 3328 570 τελείων
3369 518 3504 588 ἐρεῖ·
3544 518 3732 572 Πάντα

2146 609 2214 662 τά
2245 607 2527 679 θελήματά
2567 625 2666 678 μου
2701 609 2758 660 ἐν
2799 607 2999 670 αὐτοῖς.
3044 608 3154 660 Καὶ
3187 606 3602 678 ὲπληθύνθησαν
3633 608 3732 679 μὲν

2148 702 2203 754 al
2233 699 2508 753 ἀσθένειαι
2555 697 2662 751 τῶν
2708 697 2817 750 ἀπὸ
2858 697 2965 750 τῶν
2999 696 3168 750 ἐθνῶν
3192 715 3204 727 ·
3257 699 3520 768 ὲτάχυναν
3558 698 3615 750 δὲ
3659 701 3728 768 τῇ

2150 791 2406 862 μετανοίᾳ.
2447 788 2894 861 μεταϐάλλοντες.
2946 789 3208 861 Ζητήσεις
3243 789 3300 842 δὲ
3333 792 3380 842 εί
3409 785 3554 844 οὗτοι
3587 789 3731 845 κατά

2144 901 2265 938 τινα
2309 882 2533 953 ἐκδοχὴν
2568 882 2712 950 ἆγιοί
2743 899 2872 934 ποτε
2901 876 3042 952 ἦσαν
3070 883 3125 934 ἐν
3163 884 3229 952 τῇ
3259 883 3327 952 γῇ
3359 881 3453 934 τοῦ
3483 881 3620 935 Θεοῦ
3645 883 3727 936 ol-

2147 973 2387 1038 κοῦντες,
2435 975 2563 1045 πρὶν
2617 972 2984 1044 πληθυνθῆναι
3010 971 3108 1035 τὰς
3155 971 3382 1042 ἀνομίας
3435 971 3637 1025 αὐτῶνο
3691 973 3726 1043 ἧ

2143 1085 2288 1132 τινες
2341 1066 2518 1120 αὐτῶν
2547 1069 2575 1120 ὁ
2618 1065 2832 1136 Ἰσραήλ
2867 1067 3024 1129 εἰσιν,
3060 1067 3118 1116 ἐν
3156 1061 3236 1128 οἷς
3271 1061 3338 1136 ἦν
3369 1082 3498 1118 ποτε
3540 1064 3611 1118 τά
3639 1065 3728 1118 05-

2144 1157 2360 1229 λήματα
2407 1157 2501 1210 τοῦ
2543 1155 2709 1209 Θεοῦ·
2747 1155 2780 1225 ἦ
2812 1154 2984 1219 οὕτως
3035 1157 3092 1207 ἐν
3138 1155 3352 1225 οὐρανῷ
3391 1156 3438 1206 οἱ
3477 1155 3620 1222 ἅγιοι
3667 1153 3728 1210 τὸ

2145 1249 2444 1320 πολίτευμα
2475 1247 2688 1320 ἔχοντες
2725 1249 2817 1302 ἐπὶ
2860 1247 2961 1318 τῆς
2993 1248 3095 1318 γῆς
3143 1246 3306 1299 αὑτοῦ
3337 1245 3724 1316 διατρίϐουσιν,

2144 1343 2245 1397 κᾶν
2274 1343 2354 1396 ἔτι
2380 1337 2512 1396 ῶσιν
2543 1344 2599 1396 ὲν
2628 1342 2803 1413 ταύτῃ
2845 1345 2911 1413 τῇ
2953 1345 3045 1413 γῇ.
3081 1340 3372 1411 Θελὴματα
3414 1340 3469 1392 δὲ
3498 1339 3634 1393 Θεοῦ
3668 1341 3724 1394 αἱ

2143 1435 2262 1488 κατ’
2289 1431 2427 1497 εἶδος
2456 1435 2667 1506 ἀρεταὶ,
2700 1435 2774 1498 ὠς
2819 1436 2874 1486 έν
2905 1433 3007 1506 τῷ’
3047 1453 3065 1485 ‹
3100 1428 3271 1506 Εὗρον
3311 1433 3474 1487 Δαυῒδ
3499 1433 3594 1487 τὸν
3628 1434 3722 1488 τοῦ

2155 1527 2353 1580 Ἰεσσαὶ
2396 1527 2566 1598 ἄνδρα
2615 1525 2758 1580 κατὰ
2804 1525 2901 1596 τὴν
2953 1526 3180 1598 καρδίαν
3228 1543 3352 1597 μου,
3397 1526 3456 1589 ὃς
3508 1527 3726 1597 ποιήσει

2143 1620 2321 1674 πάντα
2353 1619 2419 1672 τὰ
2449 1616 2731 1690 θελήματά
2763 1637 2887 1690 μου.
2937 1639 2954 1671 ι
2989 1618 3173 1671 Ταῦτα
3200 1618 3504 1690 θαυμαστοῖ
3535 1621 3563 1672 ὁ
3590 1619 3724 1683 Θεὸς

2143 1713 2199 1764 ἐν
2234 1715 2344 1774 τοῖς
2385 1712 2561 1780 ἁγίοις
2588 1711 2753 1766 αὑτοῦ
2790 1711 2896 1764 τῶν
2928 1711 3130 1764 λοιπῶν
3159 1710 3462 1782 ἀνθρώπων
3500 1712 3724 1782 ἄμεινον

461 1821 707 1875 homines
751 1820 983 1875 virtutes
1025 1831 1304 1876 exercent.
1339 1821 1847 1890 lncomparabiliter
1890 1821 2030 1875 enim

2142 1803 2371 1857 ἀσκοῦσι
2418 1803 2514 1868 τὰς
2567 1804 2796 1874 ἀρετάςο
2853 1802 3197 1874 ἀσυγκρίτως
3252 1803 3360 1876 γὰρ
3421 1803 3723 1874 ὑπερέσχον

461 1911 774 1967 fortitudine
799 1911 1181 1980 praecellebant
1209 1911 1462 1982 apostoli,
1489 1912 1766 1982 propheta:
1810 1920 1863 1968 et
1894 1926 2040 1965 mar-

461 2014 640 2074 tyres,
686 2005 1021 2060 continentia
1064 2020 1193 2060 vero
1222 2004 1424 2075 Joseph
1467 2015 1521 2061 et
1565 2004 1839 2071 Susanna,
1875 2016 2040 2059 caete-

458 2099 639 2166 risque
671 2099 965 2154 virtutibus
1014 2098 1286 2152 similiter.
1321 2097 1414 2153 Sic
1464 2108 1650 2153 autem
1688 2099 1812 2168 quis
1846 2097 2039 2152 mirifi-

456 2199 633 2257 catus,
671 2191 946 2259 prOpriam
979 2192 1255 2246 erubescit
1287 2191 1680 2256 infirmitatem,
1708 2190 1906 2260 quippe
1943 2191 2036 2261 qui

460 2282 692 2337 multum
725 2298 754 2336 a
789 2283 880 2337 Dei
907 2282 1226 2339 fortitudine
1253 2283 1444 2338 abesse
1475 2297 1534 2338 se
1573 2283 1792 2338 sentiat.
1834 2282 2035 2337 Verum

454 2375 720 2446 ejusmodi
747 2375 1111 2440 infirmitates,
1135 2376 1185 2431 in
1213 2377 1366 2446 ipsis,
1389 2377 1561 2432 donec
1580 2390 1673 2430 eas
1693 2378 2032 2447 agnoverint,

457 2475 771 2533 manentes,
809 2467 914 2522 cito
949 2469 1185 2533 abeunt,
1227 2480 1513 2539 propterea
1545 2472 1687 2541 quod
1725 2471 1825 2524 viri
1859 2470 2034 2526 sancti

455 2575 483 2613 a
516 2559 735 2613 Christo
781 2558 1152 2614 confortentur
1184 2561 1431 2615 dicentes
1455 2561 1538 2615 δεῖ
1579 2580 1597 2614 ι
1639 2561 1693 2617 In
1732 2561 1838 2617 Deo
1867 2561 2036 2617 facie-

457 2666 576 2704 tnus
611 2651 888 2704 virtutem.
918 2669 936 2700 ι

527 2763 690 2820 Vnus.
716 2766 771 2819 4.
812 2762 937 2819 Νοη
971 2763 1300 2835 congregabo
1335 2763 1696 2818 conventicula
1744 2783 1923 2821 eorum
1969 2769 2036 2823 de

2141 1896 2280 1948 κατά
2307 1896 2404 1968 μὲν
2433 1897 2686 1968 ἀνδρείαν
2715 1894 3000 1949 ἀπόστολοί
3026 1913 3106 1960 τε,
3137 1896 3411 1967 προφῆται
3441 1896 3533 1948 καὶ
3584 1895 3723 1966 μάρ-

2140 2006 2324 2058 τυρες,
2378 1988 2518 2041 κατὰ
2560 1988 2615 2040 δὲ
2646 1987 2998 2059 σωφροσύνην
3058 1987 3256 2058 Ἰωσὴφ
3305 1989 3399 2041 καὶ
3432 1988 3712 2052 Σωσάννα,

2141 2079 2233 2132 καὶ
2262 2078 2402 2131 κατά
2429 2078 2527 2142 τὰς
2555 2079 2746 2150 ἐτέρας
2768 2078 2990 2148 ὁμοίως.
3023 2077 3177 2132 Οὕτω
3203 2079 3259 2131 δέ
3283 2097 3365 2143 τις
3391 2078 3720 2152 θαυμαστω-

2140 2170 2252 2235 Θε¹ις
2285 2171 2597 2242 αἰσχύνεται
2626 2171 2726 2241 τῆς
2762 2171 2895 2234 ίδίας
2931 2170 3234 2235 ἀσθενείας,
3274 2171 3407 2226 πολὺ
3436 2175 3534 2243 τῆς
3572 2173 3724 2239 θείας

2141 2262 2321 2333 ίσχύος
2369 2263 2818 2333 ἀπολειπόμενος.
2865 2263 2928 2314 Δί
2973 2261 3029 2314 δὲ
3078 2261 3381 2326 ἀσθένειαι,
3424 2265 3584 2335 μέχρι
3623 2265 3719 2318 τοῦ

2137 2355 2390 2425 ἐννοῆσαι
2427 2356 2584 2426 μόνον
2616 2353 2787 2418 αὐτὰς
2823 2353 3256 2424 παραμένουσαι,
3284 2355 3494 2424 ταχέως
3524 2357 3721 2410 ἀπίασι

2135 2446 2220 2500 διὰ
2254 2448 2314 2500 τὸ
2363 2445 2794 2518 ὲνδυναμοῦσθαι
2833 2448 2958 2510 τοὺς
2986 2445 3173 2514 ἁγίους
3211 2445 3317 2498 ὑπὸ
3356 2448 3595 2518 Χριστοῦ
3633 2449 3720 2502 λέ-

2135 2554 2348 2607 γοντας·
2385 2559 2403 2591 ι
2453 2540 2541 2593 Ἐν
2563 2538 2640 2610 τῷ
2665 2536 2784 2609 Θεῷ
2812 2539 3112 2610 ποιήσομεν
3148 2537 3396 2610 δύναμιν.
3440 2560 3459 2592 ι

2189 2767 2271 2820 Οὐ
2304 2767 2392 2836 μὴ
2425 2766 2746 2837 amr-ardre)
2777 2763 2883 2832 τὰς
2914 2763 3269 2834 συναγωγὰς
3295 2759 3491 2817 αὐτῶν
3515 2760 3585 2826 ἐξ
3616 2765 3697 2815 αὖ·

451 2857 819 2927 mnguinibus,
851 2873 942 2912 nec
967 2874 1166 2911 memor
1191 2875 1279 2913 ero
1314 2860 1582 2914 nominum
1618 2876 1797 2915 eorum
1824 2879 1917 2931 per
1951 2861 2030 2914 Ia-

2132 2855 2341 2922 mith
2387 2858 2532 2913 οὐδὲ
2573 2857 2659 2927 μὴ
2700 2856 2957 2928 μνησθῶ
2993 2855 3110 2909 τῶν
3157 2853 3461 2925 ὀνομάτων
3499 2852 3699 2908 αὐτῶν

452 2953 534 3004 bia
564 2967 698 3016 mea,
729 2960 834 3005 etc.
872 2949 1154 3005 Manifesta
1187 2951 1302 3006 haec
1332 2951 1468 3007 dicit
1511 2954 1860 3024 praestantior
1891 2953 2030 3007 mul-

2132 2947 2222 3002 διὰ
2264 2949 2512 3018 χειλέων
2534 2967 2675 3018 μου,
2709 2965 2761 3001 κ.
2790 2965 2834 3001 τ.
2867 2949 2913 3001 ὲ.
2966 2947 3263 3017 Ἀντικρυς
3309 2943 3551 3016 μείζονος
3586 2944 3696 3015 (‘29)

453 3044 520 3098 tis
550 3058 648 3098 nec
686 3043 824 3097 alius
857 3057 1015 3112 quam
1065 3042 1316 3098 Christus
1341 3083 1357 3108 ,
1413 3044 1503 3114 qui
1553 3061 1676 3100 cum
1707 3055 2024 3125 congregat,

2132 3039 2272 3112 παρά
2294 3043 2421 3104 τοὺς
2450 3040 2675 3106 πολλοὺς
2703 3042 2759 3095 αἱ
2800 3041 2996 3110 φωναὶ,
3037 3040 3132 3094 καὶ
3175 3040 3280 3092 οὐκ
3309 3037 3466 3091 ἄλλου
3500 3036 3533 3106 ἢ
3572 3037 3704 3107 Χρι-

451 3149 554 3188 ιιοιι
587 3147 880 3206 congregat
905 3135 1276 3190 conventicula
1303 3136 1368 3190 de
1392 3137 1770 3208 sanguinibns,
1792 3154 1890 3193 nec
1911 3153 2025 3192 me—

2132 3132 2282 3187 στοῦο
2327 3127 2480 3198 οὗτος
2525 3133 2634 3206 γὰρ
2679 3134 2926 3203 συνάγων
2969 3132 3030 3186 οὐ
3082 3132 3304 3201 συνάγει
3350 3130 3410 3196 ἐξ
3456 3130 3704 3201 αἱμάτων

343 5835 346 5837 _
436 5773 504 5822 ab
561 5770 645 5825 his
693 5775 874 5828 verbis

451 3243 570 3283 mor
600 3235 683 3282 cst
714 3229 988 3282 nominum
1029 3227 1205 3282 adhuc
1238 3243 1304 3282 ex
1336 3229 1714 3298 sanguinibus.
1767 3229 1856 3284 Vel
1905 3231 2024 3286 sic:

448 3318 563 3373 Non
595 3319 1050 3390 quemadmodum
1081 3317 1256 3373 Graeci
1287 3331 1343 3374 et
1371 3320 1581 3386 Judaei,
1613 3324 1685 3376 ita
1714 3339 1815 3394 ego
1851 3324 2029 3380 libabo

449 3411 700 3466 libamina
732 3413 797 3466 de
827 3411 1203 3480 sanguiuihus.
1253 3413 1344 3468 Sic
1377 3414 1524 3467 enim
1572 3414 1710 3470 alius
1755 3417 2026 3486 interpres

448 3505 645 3560 habet:
684 3521 703 3554 ι
745 3503 858 3556 Non
895 3503 1074 3557 libabo
1109 3503 1366 3557 libamina
1413 3521 1602 3560 eorum
1640 3508 1706 3562 de
1744 3509 2020 3578 sanguini-

448 3599 566 3664 hus,
599 3584 621 3650 ι’
648 3598 744 3654 sed
776 3615 909 3652 nova
946 3600 1153 3653 tradam
1184 3601 1440 3670 mysteria
1467 3602 1720 3659 omnibus
1760 3614 1814 3660 el
1852 3607 2026 3661 sacri-

449 3690 629 3742 ficium
678 3689 1051 3754 incruentum,
1096 3708 1273 3762 neque
1311 3704 1494 3747 vetera
1542 3695 1762 3749 illorum
1808 3699 2026 3754 nomina

450 3781 779 3837 memorabo.
816 3783 1143 3840 Dicebantur
1175 3786 1320 3840 enim
1362 3786 1574 3855 profani
1604 3799 1658 3842 et
1686 3789 2026 3863 idolothyla',

447 3878 540 3930 sed
575 3874 801 3931 efﬁciam
834 3887 893 3932 ut
925 3877 1150 3934 audiant
1193 3881 1266 3951 pii
1302 3897 1366 3936 ac
1393 3881 1589 3936 sancti.
1627 3879 1720 3936 Vel
1755 3885 1835 3939 sic
1865 3908 1876 3940 :
1907 3886 2022 3941 Non

445 3968 688 4023 absolute
721 3967 852 4024 dicit
885 3985 944 4024 se
991 3985 1096 4025 non
1146 3982 1602 4042 congregatnrum
1649 3977 2021 4031 conventicula

442 4074 629 4116 eorum
651 4100 665 4126 ,
693 4061 787 4116 sed
823 4080 842 4113 ‹
881 4062 947 4116 de
981 4064 1370 4134 sanguinibus;
1407 4084 1427 4118 ι
1465 4083 1642 4135 neque
1673 4068 1919 4124 absolute
1947 4070 2025 4124 ait

442 4166 502 4207 se
546 4152 819 4208 nominum
858 4169 1046 4210 eorum
1096 4172 1201 4211 non
1233 4172 1530 4213 memorent
1563 4159 1703 4224 fore,
1739 4160 1833 4215 sed
1871 4180 1889 4212 ι
1927 4177 2024 4230 per

441 4243 609 4299 labia.
645 4265 663 4298 ι
696 4243 857 4300 Forte
886 4246 1052 4315 igitur
1083 4248 1206 4318 quia
1241 4258 1368 4304 sunt
1399 4251 1641 4304 nonnulli
1673 4253 1764 4320 qui
1793 4269 2021 4324 congre-

440 4344 568 4406 gant
594 4337 969 4392 conventicula
999 4337 1064 4392 de
1089 4340 1354 4409 sanguine
1383 4355 1542 4408 quem
1569 4339 1877 4407 effundunt,
1901 4343 2020 4397 vul-

439 4426 680 4482 nerando
709 4423 800 4482 eos
820 4442 957 4498 quos
988 4441 1343 4500 congregant,
1370 4431 1484 4500 ipse
1509 4431 1772 4501 iuvando,
1801 4443 1896 4488 aut
1923 4451 2020 4505 po-

2127 3227 2466 3296 συναγωγὰς,
2493 3227 2614 3280 οὐδὲ
2641 3227 2911 3297 μέμνηται
2931 3225 3208 3295 ὀνομάτων
3241 3224 3320 3278 ἔτι
3343 3222 3403 3287 ἐξ
3432 3223 3702 3294 αἱμάτων.

2126 3317 2194 3368 Ἢ
2225 3317 2396 3382 οὕτως
2421 3336 2434 3350 ο
2474 3321 2587 3389 Οὐχ
2620 3319 2694 3381 ὡς
2728 3317 2987 3390 Ἕλληνες
3027 3318 3121 3370 καὶ
3151 3318 3201 3370 οἱ
3256 3315 3518 3377 Ἰουδαῖοι,
3549 3312 3708 3382 κάγὼ

2126 3408 2333 3462 σπείσω
2373 3409 2469 3470 τὰς
2512 3409 2742 3471 σπονδάς
2777 3409 2836 3474 ἐξ
2875 3409 3144 3478 αἱμάτων.
3195 3407 3351 3460 Οὕτω
3378 3408 3487 3479 γὰρ
3516 3407 3706 3476 ἕτερος

2121 3501 2494 3570 ἡρμήνευσεν·
2535 3519 2552 3550 ι
2590 3500 2664 3552 Οὐ
2697 3501 2903 3553 σπείσω
2943 3499 3042 3562 τὰς
3080 3498 3308 3561 σπονδὰς
3329 3498 3505 3552 αὐτῶν
3531 3498 3591 3562 ἐξ
3622 3498 3708 3551 αἱ-

2127 3591 2331 3659 μάτων,
2367 3609 2384 3640 ι
2419 3589 2553 3642 ἀλλά
2584 3589 2888 3660 παραδώσω
2921 3589 3081 3642 καινὰ
3114 3589 3385 3660 μυστήρια
3429 3591 3564 3641 πᾶσι
3608 3590 3709 3643 καὶ

2123 3679 2314 3733 θυσίαν
2349 3680 2684 3748 ἀναίμακτον
2707 3698 2719 3710 °
2754 3681 2869 3734 ἀλλ’
2892 3682 3013 3734 οὐδὲ
3057 3679 3436 3752 μνησθήσομαι
3461 3680 3568 3732 τῶν
3599 3700 3708 3736 πα-

2122 3772 2288 3825 λαιῶν
2324 3771 2602 3843 ὀνομάτων
2636 3772 2848 3826 αὐτῶν·
2902 3773 3150 3841 ἐλέγοντο
3190 3772 3298 3844 γὰρ
3341 3772 3555 3844 βέϐηλοι
3609 3776 3707 3828 καὶ

2121 3861 2484 3916 εἰδωλοθύται·
2527 3862 2662 3916 ἀλλὰ
2698 3862 2852 3917 δώσω
2895 3865 3079 3928 αὐτοῖς
3105 3862 3324 3916 ἀκούειν
3361 3864 3409 3915 oi
3455 3864 3700 3929 εὐσεϐεῖς

2122 3955 2215 4008 καὶ
2239 3954 2402 4022 ἆγιοι.
2437 3955 2505 4006 Ἢ
2534 3955 2628 4008 καὶ
2659 3953 2852 4019 οὕτως·
2886 3957 2962 4009 Οὐ
2992 3955 3250 4020 καθάπαξ
3277 3955 3424 4023 λέγει
3456 3954 3530 4027 μὴ
3573 3974 3701 4009 συν-

2119 4045 2268 4111 άξειν
2300 4045 2400 4111 τὰς
2451 4047 2772 4117 συναγωγὰς
2804 4046 3004 4114 αὐτῶν,
3039 4046 3247 4114 ἀλλἰὲξ
3280 4048 3702 4118 αἱμάτωνσιούδὲ

2123 4139 2197 4210 μὴ
2234 4138 2535 4210 μνησθῆναι
2573 4141 2682 4193 τῶν
2723 4140 3002 4210 ὀνομάτων
3029 4139 3221 4192 αὐτῶν
3264 4140 3698 4211 ἀπολελυμένως,

2119 4226 2232 4280 ἀλλ’
2257 4229 2402 4300 ἤιδιά
2429 4229 2930 4301 χειλέων.›Μήποτ⁹
2964 4225 3057 4282 0-);
3084 4229 3206 4283 ἐπεί
3238 4231 3344 4283 εἰσί
3386 4249 3530 4295 τινες
3574 4248 3694 4283 συν-

2119 4318 2346 4388 άγοντες
2386 4319 2708 4389 συναγωγάς
2746 4320 2806 4386 ἐξ
2827 4320 3074 4392 αἱμάτων
3111 4321 3393 4391 ἐκχέοντες
3439 4321 3577 4376 αὐτὰ
3613 4320 3700 4374 διά

2117 4410 2210 4463 τοῦ
2275 4411 2535 4481 βλάπτειν
2585 4414 2711 4477 τοὺς
2757 4412 3182 4484 συναγομένους,
3231 4414 3392 4476 αὐτὸς
3439 4412 3696 4482 ὠφελῶν,

441 4517 547 4572 tius
569 4518 892 4575 vivificando
911 4532 1258 4588 convocatos,
1285 4539 1388 4577 non
1413 4538 1480 4577 ex
1505 4523 1884 4594 sanguinibus,
1922 4527 2016 4582 sed

2132 4501 2321 4569 μᾶλλον
2362 4501 2420 4554 δὲ
2457 4502 2736 4567 ζωοποιῶν
2776 4504 2903 4566 τοὺς
2949 4503 3442 4576 προκαλουμένους,
3495 4503 3593 4556 ούκ
3639 4502 3700 4568 ἐξ

437 4623 504 4662 ex
540 4609 948 4665 immortalitate
980 4612 1100 4666 illos
1127 4623 1423 4684 congregat
1445 4653 1460 4677 ,
1496 4628 1706 4669 memor
1736 4617 2014 4673 nominum

439 4714 650 4766 eorum,
671 4715 776 4755 non
796 4701 1084 4771 superficie
1119 4712 1298 4768 tenus,
1327 4703 1420 4759 sed
1440 4702 1634 4758 intimo
1660 4705 1883 4771 affectu,
1914 4722 2016 4763 ne-

438 4809 546 4863 que
571 4793 899 4863 prolatione.
921 4793 1014 4848 sed
1037 4794 1302 4862 profundo
1333 4794 1630 4850 intellectu.
1655 4793 1748 4851 Vel
1779 4798 1887 4854 sic:
1920 4799 2016 4854 Li-

439 4895 526 4939 cet
554 4885 705 4939 multi
731 4884 1003 4941 interfecti
1036 4887 1238 4943 fuerint
1264 4889 1462 4951 sancti,
1497 4900 1873 4947 verumtamen
1908 4907 2014 4948 non

439 4977 492 5032 in
526 4979 719 5032 horum
769 4980 1122 5050 sanguinibus
1146 5022 1160 5048 ,
1195 4983 1292 5038 sed
1344 4998 1452 5038 uno
1485 4982 1688 5040 Christi
1734 4987 1858 5056 agni
1889 5003 2018 5043 san-

438 5071 598 5138 guine
628 5081 805 5126 costus
835 5083 1259 5142 congregantur.

516 5163 676 5218 Vens.
712 5165 766 5218 5.
801 5164 1055 5218 Dominus
1078 5185 1200 5232 pars
1224 5170 1554 5224 hceredilalis
1597 5187 1725 5226 mea:
1753 5182 1800 5225 et
1830 5172 2010 5227 colicis

436 5256 572 5310 mei:
599 5257 677 5311 Tu
692 5275 745 5312 es
768 5259 856 5327 qui
877 5259 1116 5314 restitues
1141 5260 1501 5317 lmrcditatem
1528 5279 1696 5317 meam
1725 5265 1874 5330 mihi,
1900 5274 2007 5321 etc.

512 5402 557 5433 “
588 5403 708 5459 Act.
735 5421 868 5472 xm,
895 5403 986 5460 92.
1055 5407 1101 5440 “
1133 5407 1276 5464 Psal.
1315 5425 1427 5478 th,
1458 5411 1543 5465 Μ.

648 5566 992 5642 ,Ἄντικρυς-
1023 5565 1339 5642 μείζονος,
1386 5580 1494 5642 etc.
1538 5571 1715 5642 Codex
1774 5571 1908 5636 line.
1957 5580 2014 5627 ct

401 5629 825 5710 'Coislinianus,
855 5629 1163 5710 partititque
1200 5629 1519 5701 Cdrilerius.
1562 5640 1790 5710 plurima
1833 5629 2011 5709 quoad

437 5715 659 5777 sensum
687 5704 846 5777 habet
879 5704 1175 5767 Eusehins;
1213 5704 1769 5775 ptuli-riormn'autem
1805 5704 2011 5777 partem

923 5790 935 5826 :
978 5777 1046 5828 Ἢ
1090 5778 1180 5830 καὶ
1235 5777 1432 5844 οὕτως’
1490 5781 1563 5832 Οὐ
1630 5781 1880 5847 καθάπαξ
1924 5782 2006 5835 λέ-

2118 4593 2383 4664 αίμάτων,
2408 4593 2522 4647 ἀλλ’
2546 4596 2611 4648 ὲκ
2643 4594 2741 4664 τῆς
2766 4593 3067 4658 ἀθανασίας
3092 4595 3313 4663 συνάγει
3336 4594 3531 4656 αὐτοὺς
3548 4632 3561 4653 ,
3589 4593 3697 4645 τῶν

2113 4685 2492 4756 προσηγοριῶν
2537 4685 2717 4739 αὐτῶν
2766 4686 3110 4758 μεμνημένος
3151 4687 3251 4740 οὐκ
3300 4685 3358 4751 ἐξ
3409 4683 3696 4754 ἐπιπολῆς.

2112 4775 2228 4829 ἀλλ’
2264 4777 2330 4829 ὲκ
2360 4775 2651 4840 διαθέσεως
2679 4776 2842 4847 βάθος
2884 4777 3137 4848 ἐχούσης,
3183 4779 3275 4832 καὶ
3321 4777 3381 4830 οὐ
3434 4777 3698 4849 προφορᾷ,

2113 4868 2251 4924 ἀλλὰ
2281 4868 2472 4941 βαθείᾳ
2501 4871 2699 4942 νοήσει.
2740 4872 2829 4924 Ἤ·
2857 4872 2919 4924 Εἰ
2955 4872 3048 4924 καὶ
3077 4871 3259 4925 πολλοὶ
3282 4870 3700 4941 ἀπεκτάνθησαν

2115 4959 2283 5027 ἆγιοι,
2321 4959 2458 5014 ἀλλά
2484 4962 2585 5014 οὐκ
2617 4965 2675 5015 ὲν
2717 4961 2922 5015 τούτων
2957 4967 3070 5027 τοῖς
3100 4964 3328 5034 αϊμασιν
3365 4965 3422 5018 αἱ
3457 4980 3688 5030 συναγω-

2117 5053 2231 5121 γαὶ,
2267 5053 2402 5107 ἀλλά
2435 5054 2513 5124 τῷ
2540 5056 2621 5107 ἐνὶ
2653 5054 2890 5126 Χριστοῦ
2918 5055 3012 5109 τοῦ
3041 5055 3236 5127 ἀμνοῦ.

2186 5180 2400 5248 Κύριος
2433 5181 2604 5250 μερὶς
2635 5178 2746 5250 τῆς
2774 5181 3178 5251 κληρονομίας
3199 5197 3316 5249 μου
3339 5176 3565 5232 καὶτοῦ
3591 5192 3698 5230 πο-

2117 5275 2322 5344 τηρίου
2345 5294 2486 5346 μου·
2525 5277 2606 5330 σὺ
2650 5273 2707 5332 εἷ
2733 5280 2764 5332 o'
2793 5275 3214 5332 ἀποκαθίστῶν
3251 5275 3364 5343 τὴν
3406 5278 3695 5342 κληρονοο

2159 5591 2227 5638 ει,
2263 5584 2368 5629 etc.
2402 5573 2625 5643 Didymo
2679 5573 2873 5628 tribuit
2932 5572 3206 5628 Barbarus
3229 5612 3243 5634 ,
3292 5579 3344 5624 at
3373 5568 3703 5643 _(_Jor_derius

2159 5592 2227 5638 ει,
2263 5592 2368 5629 CIC.
2403 5592 2625 5643 Uluymo
2679 5592 2873 5628 ιιΊιιιιιι
2932 5592 3243 5634 ὕαιυιιτιις,
3292 5592 3344 5624 ill
3403 5592 3698 5624 humerum

2120 5592 2375 5724 Brigcuis
2419 5661 2637 5715 queque
2691 5646 2910 5701 nomine
2962 5643 3219 5700 nonnulla
3260 5658 3320 5697 cs
3373 5641 3455 5695 itis
3503 5639 3698 5693 inscri-

2122 5727 2247 5784 ινδιι.
