4100 6440
395 397 534 454 Ιίίό

1399 390 1709 448 SELECTA
1751 390 1817 444 IN
1853 390 2282 450 PSAl..\lOS.—
2306 392 2499 449 PSAL.
2541 389 2652 448 XV.

3521 396 3658 452 l2”

385 513 534 585 μίαν
567 528 688 581 μου
738 507 886 580 ἐμοὶ,
951 527 1004 562 κ.
1053 525 1103 561 τ.
1141 508 1187 560 έ.
1228 505 1582 578 κληρονομία
1611 507 1825 576 φύσεως
1868 508 1951 578 (50

2053 562 2055 567 .
2087 508 2384 565 ιιιετεάἰιιιε
2429 519 2636 564 naturae
2664 507 2875 563 ratione
2918 507 3118 563 utentis
3146 517 3228 562 est
3253 493 3656 578 praeteritorum

393 598 617 669 λογικῆς
642 601 788 652 ἐςτιν
820 600 852 669 ἡ
899 596 1102 668 θεωρία
1137 595 1244 649 τῶν
1275 597 1580 664 γεγονότων
1622 599 1714 650 καὶ
1750 597 1856 650 τῶν
1885 615 1976 665 γε-

391 691 703 762 νησομένων
725 689 936 742 αἰώνων
961 705 973 719 ·
1007 688 1340 761 κληρονομία
1366 688 1422 741 δὲ
1446 688 1684 759 Χριστοῦ
1714 692 1746 760 ἡ
1775 690 1974 758 γνῶσις

389 783 483 836 τθῧ
521 781 678 835 θεοῦ·
729 782 816 845 Ὡς
842 782 1132 853 ἀρχιερεὺς
1158 781 1333 835 ταῦτά
1365 797 1529 852 φησιν
1562 784 1590 834 6
1626 782 1880 853 Χριστὸς,
1911 778 1972 837 οὗ

393 875 550 948 μερὶς
592 873 814 945 Κύριος.
846 874 909 926 Εἰ
947 873 1102 944 μερὶς
1128 873 1388 944 ποτηρίου
1421 875 1644 947 Κύριος,
1686 876 1719 948 ἢ
1763 871 1973 942 οὗτινος

388 968 417 1020 6
450 965 673 1038 Κύριος,
699 967 936 1036 Χριστοῦ
970 966 1126 1036 μερὶς
1163 966 1259 1037 μὲν
1282 966 1382 1036 τῆς
1409 967 1773 1039 κληρονομίας
1803 971 1830 1022 6
1860 970 1972 1023 Πα-

385 1059 510 1129 τὴρ,
541 1061 574 1129 ἡ
609 1057 839 1129 μείνασα
876 1056 1054 1128 αὐτῷ·
1099 1057 1281 1112 λοιπὸν
1312 1059 1367 1112 δὲ
1409 1061 1507 1130 τῆς
1539 1060 1905 1132 κληρονομίας
1941 1063 1970 1114 6

386 1149 896 1220 ἀποκαθιστάμενος
937 1149 1086 1221 αὐτῷ
1128 1150 1254 1215 λαὸς
1291 1153 1399 1205 ἀπὸ
1424 1152 1514 1205 τοῦ
1543 1152 1698 1206 Θεοῦ.
1735 1153 1968 1207 Δύναται

383 1241 440 1294 δὲ
464 1241 594 1313 περὶ
621 1239 716 1293 τοῦ
758 1242 969 1312 Πατρὸς
997 1243 1285 1316 ἀμφότερα
1314 1244 1590 1313 λέγεσθαι,
1623 1247 1714 1298 καί⁸
1743 1245 1802 1297 τὸ
1828 1243 1966 1300 εἶναι

383 1334 545 1388 αὐτὸν
575 1334 1018 1388 ἀποκαθιστάντα
1052 1335 1418 1408 κληρονομίαν
1467 1335 1642 1406 ἐαυτῷ
1681 1335 1820 1407 μετὰ
1865 1336 1964 1406 τὴν

383 1424 634 1478 κένωσιν.
688 1426 781 1478 Ἥ·
834 1425 1110 1498 Ὑπερῦἀς
1149 1425 1386 1480 διαθέσει
1435 1427 1525 1480 τὸν
1569 1426 1794 1497 κόσμον,
1843 1426 1964 1481 τίνα

383 1519 519 1588 σχῇς
564 1516 758 1588 μερίδα
791 1517 931 1590 πλὴν
963 1518 1057 1572 τοῦ
1088 1518 1328 1589 Κυρίου;
1362 1517 1469 1571 Τοῦ
1500 1517 1608 1590 γὰρ
1639 1521 1802 1573 πᾶσιν
1831 1520 1963 1573 ἀπο-

379 1609 714 1680 τασσομένου
759 1610 820 1663 τὸ
862 1610 1059 1678 λέγειν·
1110 1629 1128 1662 ι
1167 1610 1344 1682 Μερίς
1391 1627 1492 1682 μου
1521 1611 1549 1662 6
1580 1610 1712 1674 Θεὸς
1755 1613 1834 1674 εἰς
1870 1611 1961 1664 τὸν

379 1700 571 1754 αίῶνα.
615 1720 631 1752 ι
669 1701 878 1756 Γίνεται
910 1702 965 1755 δὲ
994 1704 1086 1756 καὶ
1114 1703 1276 1774 ἄρτος
1301 1703 1328 1754 6
1347 1701 1570 1773 Κύριος,
1599 1701 1856 1772 παρέχων
1884 1702 1962 1755 δι-

375 1791 693 1857 δασκαλίαν,
731 1796 825 1848 καὶ
853 1794 1125 1867 στηρίζων
1152 1793 1245 1847 τοῦ
1279 1793 1547 1856 ἐσθίοντος
1573 1793 1672 1865 τὴν
1707 1793 1954 1865 καρδίαν·

2078 609 2131 652 ει
2177 597 2481 653 futurorum
2532 597 2852 655 szeculorum
2887 597 3317 668 contemplatio;
3363 599 3658 653 hmreditas

2078 705 2202 744 vero
2235 688 2442 746 Christi
2476 698 2558 745 est
2590 689 2829 761 cognitio
2858 690 2973 744 Dei.
3003 688 3120 744 Hoc
3150 690 3279 744 dicit
3301 689 3551 745 Christus
3598 699 3658 745 ut

2075 797 2320 838 suumtus
2356 784 2634 848 sacerdos,
2671 785 2826 850 cujus
2856 797 2980 852 pars
3010 781 3272 837 Dominus
3303 792 3407 837 εει.
3445 781 3502 837 Si
3531 798 3658 850 pars

2073 872 2260 928 calicis
2290 885 2373 930 est
2401 873 2685 940 Dominus,
2721 875 2805 927 vel
2838 876 2884 929 is
2915 873 3070 941 cujus
3106 883 3188 928 εει
3221 873 3512 938 Dominus,
3545 876 3654 929 hae-

2074 964 2319 1021 reditatis
2340 967 2555 1037 quidem
2576 965 2776 1023 Christi
2795 983 2920 1037 pars
2946 981 3066 1034 quae
3099 966 3164 1020 ab
3201 968 3315 1036 ipso
3352 966 3515 1036 599
3546 981 3650 1019 non

2071 1055 2367 1119 divellitur,
2391 1065 2473 1109 est
2501 1055 2661 1110 Pater
2685 1071 2699 1118 ;
2727 1056 2944 1111 residua
2964 1067 3143 1112 autem
3173 1059 3505 1112 haereditatis
3529 1073 3653 1126 pars

2070 1156 2153 1201 est
2185 1147 2412 1216 papulas
2434 1147 2524 1215 qui
2563 1146 2611 1202 ei
2641 1161 2670 1200 a
2703 1144 2872 1200 Patre
2895 1147 3218 1201 restituitur.
3252 1146 3436 1202 Potest
3468 1157 3650 1200 alllelll

2069 1241 2134 1294 de
2166 1238 2325 1293 Patre
2357 1247 2648 1307 utrumque
2677 1239 2807 1303 dici,
2837 1239 3124 1307 ipsumque
3152 1253 3274 1293 esse
3309 1240 3400 1306 qui
3431 1239 3531 1294 sibi
3567 1253 3653 1293 re-

2071 1331 2247 1386 stituit
2282 1331 2678 1397 hmreditatem,
2703 1341 2986 1400 postquam
3015 1331 3106 1385 illa
3139 1331 3400 1400 spoliatus
3424 1339 3524 1386 est.
3553 1330 3648 1386 Vel

2066 1425 2145 1479 sic
2171 1443 2183 1478 :
2215 1424 2348 1478 Cum
2379 1433 2442 1480 ιε.
2457 1437 2620 1493 supra
2651 1425 2908 1479 mundmn
2932 1422 3130 1479 aﬂ‘ectu
3149 1423 3431 1488 extuleris,
3459 1439 3652 1492 quam-

2065 1531 2188 1572 nam
2224 1516 2450 1571 habebis
2483 1526 2714 1586 partem,
2742 1516 2844 1571 nisi
2877 1516 3195 1571 Dominum?
3221 1516 3349 1585 Ejus
3382 1516 3522 1570 enim
3557 1517 3648 1590 qui

2062 1609 2314 1664 omnibus
2349 1598 2597 1663 nuntium
2639 1609 2881 1674 remisit,
2912 1619 2996 1664 est
3029 1611 3254 1665 dicere:
3295 1627 3313 1660 ι
3358 1609 3490 1663 Pars
3527 1626 3647 1664 mea

2065 1700 2206 1754 Deus
2237 1698 2290 1752 in
2319 1707 2602 1752 aeternum.
2638 1716 2656 1750 ι
2689 1697 2776 1751 Fit
2816 1705 2997 1752 autem
3052 1699 3215 1753 etiam
3260 1701 3415 1766 panis
3464 1699 3648 1752 Domi-

2063 1805 2192 1851 nus,
2226 1788 2488 1842 exhibens
2533 1787 2836 1842 doctrinam
2861 1827 2876 1852 ,
2913 1795 2967 1841 et
3003 1786 3337 1841 conﬁrmans
3367 1802 3462 1841 cor
3490 1803 3646 1840 man-

377 1886 636 1958 ποτήριον
659 1885 714 1938 δὲ
742 1885 882 1939 κατά
905 1858 1134 1958 θεωρίαν
1167 1885 1266 1956 τῆς
1297 1885 1571 1958 ἀληθείας,
1607 1858 1842 1956 παρέχον
1871 1885 1951 1938 εύ-

2063 1881 2316 1936 ducantis
2355 1897 2369 1947 ;
2423 1879 2565 1934 calix
2613 1894 2744 1933 vero
2783 1881 3080 1934 secundum
3129 1879 3644 1947 contemplationem

377 1979 653 2050 φςοσύνην
701 1980 798 2050 τῆς
841 1977 1096 2048 γνώσεως
1135 1979 1214 2050 τῷ
1253 1979 1340 2032 διὰ
1374 1977 1824 2048 συγκαταθέσεως
1861 1977 1951 2029 πί-

2061 1974 2328 2039 veritatis,
2361 1972 2606 2042 praebens
2642 1971 2882 2025 Iustitiam
2910 1971 3158 2026 scientia}
3195 1971 3266 2024 illi
3302 1971 3391 2041 qui
3421 1986 3486 2024 cx
3517 1972 3647 2026 all‘e-

375 2085 540 2124 νοντι.
585 2071 825 2141 Χορηγεῖ
852 2071 907 2123 δὲ
935 2069 1094 2124 τοῦτο
1135 2071 1378 2142 ἄμπελος
1419 2071 1452 2142 ἡ
1480 2070 1728 2142 ἀληθινὴ,
1757 2069 1831 2134 ὡς
1864 2071 1951 2124 τὸν

2059 2074 2147 2119 ctu
2185 2065 2340 2121 bibit.
2374 2062 2607 2118 Calicem
2638 2062 2784 2116 hunc
2822 2062 3078 2131 propinat
3108 2062 3237 2116 vitis
3263 2077 3425 2126 vera,
3463 2062 3642 2131 utqui

375 2161 567 2215 πιόντα
603 2162 780 2232 λέγειν
835 2163 1225 2236 χαριστηρίως·
1277 2184 1294 2216 ι
1336 2165 1583 2229 Ἔδωκας
1616 2163 1956 2238 εὐφροσύνην

371 2253 451 2316 είς
478 2253 574 2324 τὴν
604 2255 830 2327 καρδίαν
862 2273 982 2326 μου.
1012 2275 1030 2307 t

443 2349 688 2416 Σχοινία
714 2348 1022 2402 ἐπέπεσάν
1045 2367 1147 2419 μοι
1182 2349 1252 2402 ἐν
1283 2349 1406 2414 τοῖς
1437 2351 1808 2417 κωιῖιηίίστοις,
1852 2351 1951 2404 καὶ

373 2441 481 2506 γὰρ
511 2439 547 2506 ἡ
570 2442 939 2510 κληρονομία
958 2459 1076 2510 μου
1092 2442 1392 2509 καλλίστη
1405 2461 1508 2511 μοι
1525 2443 1716 2504 ἐστὶν,
1747 2461 1800 2495 κ,
1824 2461 1875 2495 τ.
1903 2444 1948 2494 έ.

371 2528 434 2581 Εἰ
465 2528 527 2581 τὸ
573 2530 801 2600 σχοινίον
838 2531 948 2603 (51)
985 2531 1180 2603 μέτρον
1221 2533 1356 2598 ἐστὶ,
1393 2532 1511 2596 πῶς
1557 2533 1864 2604 γέγραπται
1894 2536 1953 2585 ἐν

368 2617 444 2688 τῷ
476 2619 616 2672 κατά
653 2620 903 2691 Ἰωάννην
934 2621 1251 2692 Εὑαγγελίῳ
1271 2639 1283 2652 ·
1335 2642 1352 2673 ι
1385 2623 1457 2675 Οὐ
1489 2622 1597 2694 γὰρ
1642 2626 1706 2676 ὲκ
1751 2623 1950 2695 μέτρου

369 2709 581 2764 δίδωσιν
609 2714 636 2765 6
666 2712 798 2776 Θεὸς
825 2713 884 2766 τὸ
905 2713 1140 2784 πνεῦμα·
1176 2733 1193 2765 ι
1227 2714 1321 2768 καὶ
1345 2715 1424 2780 τὸ,
1451 2735 1467 2766 ι
1505 2717 1711 2786 Ἐκχεῶ
1731 2716 1839 2770 ἀπὸ
1856 2714 1950 2769 τοῦ

368 2803 675 2874 πνεύματός
711 2823 811 2876 μου
838 2821 852 2870 ;
888 2824 905 2856 ›
939 2807 1010 2858 Ἢ
1041 2806 1179 2876 τάχα
1209 2807 1268 2860 τὸ
1299 2807 1496 2880 μέτρον
1521 2807 1582 2860 οὑ
1612 2809 1748 2880 πρὸς
1779 2808 1950 2879 αὐτὴν

363 2894 463 2966 τὴν
484 2895 684 2964 γνῶσιν
711 2896 1051 2966 ὀνομάζεται,
1073 2897 1209 2951 ἀλλά
1235 2898 1386 2969 παρά
1411 2899 1500 2952 τὸν
1533 2901 1946 2971 ὑποδεχόμενον,

367 2985 446 3056 τῷ
473 2986 547 3057 μὴ
575 2982 712 3039 εἶναι
729 2987 891 3040 αὑτὸν
919 2988 1167 3057 μείζονος
1188 2988 1455 3042 δεκτικόν.
1477 2991 1585 3043 Καὶ
1605 2990 1710 3062 γὰρ
1737 2993 1765 3044 6
1793 2994 1948 3056 ὑετὸς

364 3077 527 3140 αὐτὸς
555 3077 652 3147 μὲν
685 3077 922 3148 ἄμετρός
954 3079 1090 3141 ἐστι,
1131 3081 1408 3148 μετρεῖται
1431 3080 1488 3132 δὲ
1526 3082 1584 3133 ὲν
1617 3084 1730 3145 τοῖς
1755 3083 1947 3136 ὑποδε-

2058 2157 2215 2222 bibit,
2253 2171 2375 2211 cum
2411 2156 2710 2226 gratiarum
2743 2154 2960 2210 actione
2988 2154 3174 2208 dicat:
3215 2171 3232 2204 ι
3275 2154 3474 2208 Dedisti
3507 2153 3644 2208 laeti-

2061 2248 2188 2301 tiam
2222 2247 2274 2300 in
2311 2247 2479 2302 corde
2512 2259 2650 2300 meo.
2685 2263 2704 2296 ι

2127 2338 2292 2394 Vens.
2329 2340 2382 2394 6.
2423 2336 2601 2392 Funes
2637 2337 2938 2391 ceciderunt
2979 2337 3104 2389 mihi
3151 2337 3202 2390 in
3231 2336 3522 2405 prarclaris,
3565 2347 3643 2390 et-

2055 2430 2190 2484 enim
2219 2431 2500 2485 Itwredilas
2532 2445 2647 2482 mea
2671 2428 2931 2497 prwciara
2975 2440 3048 2481 est
3077 2427 3224 2493 mihi,
3258 2439 3363 2483 etc.
3407 2428 3460 2482 Si
3495 2428 3637 2482 funis

2055 2540 2310 2579 mensura
2352 2535 2470 2591 est,
2516 2523 2785 2593 quomodo
2830 2522 3094 2591 scriptum
3137 2533 3221 2578 est
3257 2523 3307 2576 in
3345 2523 3638 2591 Evangelia

2056 2616 2350 2670 secundum
2377 2613 2644 2670 Joannem
2673 2614 2717 2646 ⁸⁸
2747 2633 2758 2668 :
2804 2629 2822 2662 ι
2851 2611 2966 2665 Non
2997 2613 3138 2668 enim
3173 2629 3236 2668 ex
3271 2628 3520 2667 mensura
3547 2614 3636 2666 dat

2055 2706 2195 2762 Deus
2235 2709 2508 2776 spiritum,
2546 2725 2564 2760 ι
2601 2717 2655 2763 et
2697 2705 2825 2760 illud
2850 2706 2932 2758 “z
2975 2727 2992 2758 ι
3034 2705 3318 2761 Ell'umlam
3347 2705 3413 2759 de
3441 2706 3635 2774 spiritu

2054 2799 2208 2854 meo?
2241 2819 2259 2852 ι
2285 2800 2380 2855 Vel
2417 2799 2556 2854 forte
2592 2817 2842 2856 mensura
2871 2816 2974 2855 non
3007 2809 3228 2869 propter
3256 2801 3424 2868 ipsam
3457 2799 3636 2853 scien-

2053 2887 2181 2943 tiam
2216 2890 2558 2957 nominatur,
2593 2892 2687 2945 secl
2717 2903 2938 2963 propter
2961 2907 3084 2946 cum
3121 2892 3213 2959 qui
3260 2891 3406 2945 illam
3451 2892 3632 2945 susci-

2050 2980 2147 3048 pit,
2173 2984 2316 3050 quod
2341 2996 2536 3052 nempe
2563 2985 2784 3052 majoris
2816 2999 2922 3038 non
2952 2985 3022 3038 sit
3056 2999 3249 3052 capax.
3275 2983 3485 3036 Etenim
3513 2983 3631 3051 ipsa

2048 3073 2228 3141 pluvia
2281 3089 2592 3130 mensuram
2638 3078 2898 3142 excedit,
2952 3077 3253 3130 metiuntur
3298 3085 3472 3128 tamen
3504 3089 3626 3128 eam

363 3167 610 3255 χομένοις
638 3166 800 3220 αὑτὸν
833 3166 1094 3234 ἀγγείοις.
1140 3167 1565 3255 Ἱξκληροδοτήοη
1595 3171 1652 3224 δέ
1689 3190 1799 3243 μοι,
1836 3191 1942 3244 φη-

2053 3176 2177 3216 vasa
2243 3163 2297 3217 in
2359 3165 2557 3234 quibus
2613 3168 2893 3237 recipitur.
2949 3167 3076 3222 Mihi
3143 3176 3366 3230 autem,
3421 3167 3627 3236 inquit,

363 3253 467 3316 σὶν,
498 3251 686 3323 ὥσπερ
715 3255 778 3307 ἐκ
813 3253 1011 3326 μέτρου
1051 3255 1124 3326 γῆ
1248 3257 1341 3310 καὶ
1382 3259 1677 3332 ἀρκοῦμαι,
1722 3263 1816 3316 καὶ
1855 3263 1941 3318 διὰ

359 3343 470 3397 τῶν
509 3345 808 3399 καλλίστων
849 3364 972 3417 μου,
1012 3347 1106 3400 τοῦ
1149 3367 1207 3401 τε
1269 3350 1442 3421 Ἰησοῦ
1487 3353 1581 3406 καὶ
1612 3353 1703 3408 τοῦ
1739 3356 1938 3410 Χάλεϐ.

433 3513 545 3572 Τοῦ
581 3518 787 3573 αὐτοῦ.
825 3519 1010 3583 Οὕτως
1035 3519 1265 3594 ἐγενήθη
1290 3521 1401 3593 (59.)
1429 3523 1718 3596 σχοίνισμα
1749 3526 1942 3599 κληρο-

354 3605 550 3676 νομίας
584 3607 748 3660 αὐτοῦ
809 3608 1044 3680 Ἰσραήλ.
1077 3609 1327 3665 Εὐδοκῶν
1361 3612 1416 3665 δὲ
1438 3616 1504 3684 τῇ
1537 3615 1642 3687 ἰδίᾳ
1683 3616 1942 3689 κληρονο-

357 3699 479 3771 μία,
510 3698 586 3762 ὼς
619 3699 908 3771 κρατίστῃ,
942 3700 1113 3755 ταῦτὰ
1145 3721 1297 3774 φησι.

425 3791 757 3860 Εὐλογνήσω
781 3792 889 3845 τὸν
915 3794 1134 3861 Κύριον
1154 3795 1261 3849 τὸν
1280 3795 1691 3852 συνετίσαντά
1720 3817 1816 3869 με·
1846 3802 1936 3856 ἔτι

351 3880 418 3933 δὲ
449 3881 546 3934 καί
577 3882 688 3948 ἕως
712 3884 934 3950 νυκτὸς
969 3884 1341 3940 ἐπαίδευσιὶν
1371 3905 1449 3956 με
1473 3892 1528 3942 οι
1561 3894 1771 3960 νεφροί
1789 3912 1932 3961 μου,

2045 3269 2144 3308 ceu
2196 3255 2246 3309 in
2297 3271 2549 3312 mensura
2601 3259 2892 3315 haereditas
2937 3271 3131 3326 terrae,
3179 3276 3285 3329 qua
3337 3270 3627 3316 contentus

2045 3358 2186 3409 sum,
2227 3346 2350 3402 data
2392 3357 2475 3403 est
2511 3364 2608 3419 per
2645 3351 2937 3421 prmclaros
2979 3367 3127 3406 meos
3160 3350 3348 3408 Jesum
3391 3361 3445 3406 et
3482 3353 3626 3407 Cha-

2043 3435 2150 3491 leb.

2116 3527 2390 3595 Eiusdem.
2417 3531 2508 3588 Sic
2527 3532 2702 3590 factus
2734 3544 2817 3590 est
2840 3535 3114 3592 funiculus
3145 3537 3483 3594 luereditatis
3506 3538 3625 3608 eius

2043 3619 2228 3676 lsrael.
2264 3623 2379 3678 Sibi
2424 3635 2604 3681 autem
2637 3628 2982 3697 complacens
3033 3631 3086 3685 in
3132 3631 3352 3702 propria
3390 3631 3624 3688 hmredi-

2041 3722 2154 3768 tate
2184 3723 2241 3768 ut
2268 3715 2550 3784 praeclara,
2586 3718 2698 3772 hmc
2728 3723 2822 3776 ait.

2122 3805 2284 3862 Vens.
2317 3808 2369 3863 7.
2396 3806 2709 3864 Benedicam
2740 3811 3018 3868 Dominum
3043 3815 3134 3885 qui
3165 3816 3350 3870 tribuit
3383 3818 3510 3871 milii
3542 3819 3622 3870 ἰη-

2038 3899 2300 3954 lellectum
2325 3915 2343 3954 :
2371 3902 2583 3972 insuper
2611 3912 2657 3956 et
2702 3920 2865 3975 usque
2909 3907 2978 3960 ad
3013 3919 3213 3964 noctem
3249 3910 3618 3979 iucrepueruut

353 3988 406 4024 κ.
432 3988 482 4025 τ.
513 3972 560 4024 έ.
591 3973 817 4041 Εὐλογεί
837 3991 921 4036 τις
947 3974 1039 4028 τὸν
1071 3975 1274 4046 Κύριον
1304 3977 1414 4047 (55)
1441 3981 1745 4047 φαντασίας
1777 3982 1936 4051 ἐγγε-

2054 4007 2118 4045 ne
2147 4007 2293 4045 renes
2325 3993 2443 4058 mei,
2467 4003 2571 4048 etc.
2603 3995 2888 4050 Benedicit
2916 3998 3112 4068 aliquis
3146 4001 3456 4070 Dominum,
3491 4021 3614 4058 cum

349 4063 582 4134 νομένης
615 4063 692 4135 τῷ
737 4064 832 4135 νῷ.
879 4066 1010 4120 Ἀπὸ
1047 4067 1340 4138 προσώπου
1380 4069 1488 4142 γὰρ
1521 4071 1687 4125 αὑτοῦ
1729 4073 1934 4142 γνῶσις

2053 4077 2151 4146 ejus
2195 4082 2362 4136 menti
2417 4085 2627 4151 species
2665 4085 2954 4156 ingeritur.
3085 4090 3221 4146 facie
3264 4095 3407 4148 enim
3441 4063 3612 4164 ipsius

350 4155 446 4210 καὶ
475 4155 709 4220 σύνεσις.
744 4156 900 4210 Οὕτω
928 4159 1017 4211 τὸν
1043 4158 1141 4222 τὰς
1173 4160 1393 4225 ὲντολάς
1421 4163 1694 4234 τηροῦντα
1724 4167 1931 4220 συνετί-

2053 4171 2261 4226 ιείειιιῑο
2297 4183 2354 4229 ει
2389 4174 2719 4232 ἰηιεΙΙεοιιιε.
2761 4178 2853 4234 Sic
2887 4181 2934 4234 ei
2966 4181 3058 4251 qni
3083 4185 3322 4240 custodit
3353 4155 3609 4240 mandata

348 4248 432 4314 ζει
469 4252 497 4303 6
547 4251 770 4323 Κύριος.
821 4254 956 4324 Περὶ
1000 4254 1212 4326 νεφρῶν
1257 4256 1315 4310 δὲ
1360 4256 1530 4324 λέγει,
1567 4257 1676 4312 τῶν
1721 4258 1818 4313 σὺν
1859 4262 1926 4332 τῇ

2053 4262 2149 4333 :jus
2185 4263 2523 4322 intellectum
2549 4269 2737 4324 tribuit
2764 4270 2924 4327 Deus.
2964 4248 3037 4328 De
3075 4276 3296 4331 renibus
3323 4287 3501 4332 autem
3529 4279 3608 4332 lo-

345 4343 545 4416 καρδιᾳ
586 4344 1000 4416 ὀνομαζομένων
1046 4348 1103 4400 ἐν
1159 4346 1268 4417 τῷο
1334 4367 1352 4400 ι
1414 4349 1652 4414 Ἐτάζων
1705 4351 1930 4423 καρδίας

2053 4353 2256 4424 ptitur,
2296 4357 2388 4427 qui
2427 4373 2533 4413 una
2585 4374 2709 4416 cum
2747 4364 2909 4418 corde
2959 4365 3313 4422 nominantur
3357 4368 3440 4422 his
3482 4383 3606 4421 ver-

343 4435 439 4489 καὶ
475 4437 704 4507 νεφροὺς
733 4438 762 4489 6
794 4437 944 4500 Θεός.
983 4458 1000 4488 ι
1040 4429 1222 4503 Οὗτοι,
1273 4440 1654 4504 τελειωθέντες
1686 4442 1774 4497 διά
1803 4443 1928 4515 νοή-

2053 4445 2113 4502 iis
2134 4445 2218 4501 δτι
2257 4465 2276 4500 ι
2311 4448 2576 4505 Scrutans
2625 4456 2787 4508 corila
2831 4465 2884 4509 et
2925 4473 3081 4513 renes
3120 4458 3281 4514 Deus.
3325 4478 3342 4511 ι
3383 4458 3442 4513 lli
3476 4475 3599 4514 cum

341 4543 500 4591 σεως,
539 4526 849 4582 παιδεύουσι
882 4529 973 4582 τὸν
1005 4530 1383 4598 ὲφιστάνοντα,
1436 4533 1551 4602 φῶς
1587 4534 1923 4606 παρέχοντες

2053 4537 2254 4594 ιρι-[εοιί
2285 4539 2488 4596 fuerint
2519 4543 2901 4616 intelligentia,
2923 4550 3184 4606 erudiunt
3212 4554 3604 4617 attendentem,

337 4617 613 4713 γνιῢσεως,
647 4620 807 4692 μέχρι
840 4620 974 4692 λυθῇ
999 4622 1096 4693 τῆς
1123 4622 1344 4692 ἀγνοίας
1373 4625 1406 4695 ἡ
1437 4623 1552 4690 νύξ.
1587 4625 1652 4678 Et
1684 4626 1740 4680 δὲ
1772 4626 1924 4699 δηλοί

2053 4637 2079 4682 :t
2109 4628 2288 4686 lumen
2329 4633 2572 4688 scientiae
2608 4639 2886 4706 prmbent,
2928 4643 3102 4698 donec
3141 4644 3458 4713 ignorantiae
3497 4660 3606 4701 nox

337 4709 433 4764 καὶ
471 4709 539 4764 τὰ
575 4710 846 4784 βαθύτερα
886 4713 994 4768 τῶν
1040 4713 1329 4786 νοημάτων
1375 4717 1408 4785 ἡ
1443 4715 1559 4780 νὺξ,
1600 4715 1736 4770 καθὸ
1764 4716 1922 4786 λόγος

2053 4719 2373 4778 Iissolvatur.
2402 4723 2553 4792 Quod
2581 4727 2623 4781 si
2657 4744 2754 4798 per
2785 4743 3002 4788 noctem
3031 4734 3198 4789 etiam
3227 4736 3604 4805 profundiores

337 4804 548 4876 εῐρηται
583 4805 856 4868 σκοτεινὸς
880 4805 908 4856 6
944 4807 1223 4876 μυστικὸς,
1257 4807 1510 4879 φανερὸν,
1545 4808 1629 4861 ὅτι
1656 4809 1762 4872 ἕως
1787 4810 1920 4864 ταύ-

2055 4812 2383 4880 ogitationes
2409 4817 2798 4889 designantur,
2837 4839 2941 4892 qua
2983 4804 3384 4897 signiﬁcatione
3413 4831 3606 4899 mysti-

331 4911 434 4964 της
464 4895 777 4950 παιδεύουσι
806 4896 905 4966 τῆς
933 4898 1127 4962 νυκτὸς
1172 4900 1222 4952 oi
1260 4901 1468 4972 νεφροὶ,
1513 4900 1582 4955 τά
1622 4903 1920 4974 ἀπόκρυφα

2055 4918 2116 4957 us
2147 4918 2326 4961 sermo
2352 4921 2582 4964 vocatur
2622 4912 2914 4981 obscurus,
2957 4895 3126 4985 liquet
3162 4919 3228 4973 ad
3264 4919 3404 4974 hanc
3432 4895 3604 4990 usque

332 4987 426 5040 καὶ
459 4986 829 5059 αἰνιγματώδη
867 4988 1276 5059 σαφηνίζοντες.
1313 4989 1686 5066 Μετείληπται
1714 4993 1772 5048 δὲ
1807 4996 1915 5049 ἀπὸ

2057 5003 2233 5050 octem
2264 5013 2422 5055 renes
2454 5002 2692 5070 erudire,
2726 5020 2851 5060 cum
2883 5008 3100 5064 occulta
3127 5019 3183 5064 et
3210 5011 3392 5065 ahdita
3419 4986 3600 5067 decla-

330 5076 438 5131 τῶν
471 5078 704 5149 νεφρῶν,
740 5080 796 5133 ὲν
829 5074 910 5143 οἷς
939 5081 1095 5150 γοναὶ
1125 5081 1221 5134 καὶ
1252 5085 1627 5156 σπερματικαὶ
1654 5085 1914 5158 δυνάμεις

332 5167 696 5233 συνίστανται,
759 5172 872 5234 τοῖς
923 5176 1262 5245 γεννητικοῖς
1313 5174 1646 5249 χορηγοῦσαι
1700 5178 1906 5249 πόροις.

329 5258 450 5312 Κάν
481 5261 546 5330 τῇ
578 5259 722 5331 ψυχῇ
749 5261 926 5313 τοίνυν
954 5261 1073 5314 ἐστὶ
1097 5264 1348 5336 νοήματά
1369 5283 1492 5320 τινα
1519 5269 1632 5331 τοῖς
1659 5267 1909 5339 σπέρμα-

330 5366 414 5404 σιν
441 5350 701 5420 ἀνάλογα,
747 5352 888 5407 κατά
935 5355 1002 5406 τὰ
1035 5355 1181 5409 ἔνδον
1206 5358 1525 5430 γεννήματα
1556 5362 1614 5414 ὲν
1671 5361 1906 5430 ἀγαθαῖς

392 5490 438 5525 δ’
465 5489 622 5547 Joan.
650 5506 845 5561 xxxul,
872 5493 961 5549 54.
1040 5494 1086 5526 ⁸⁸
1119 5494 1256 5553 Jocl.
1288 5513 1348 5564 ιι,
1379 5497 1470 5555 28.
1549 5499 1593 5532 ⁸⁷
1626 5499 1768 5555 Psal.
1793 5517 1891 5568 vu,
1921 5501 2008 5559 10.

2020 5093 2164 5138 rant.
2198 5085 2508 5158 Metaphora
2545 5105 2723 5150 autem
2757 5098 2920 5154 ducta
2953 5109 3037 5155 est
3074 5114 3103 5152 a
3139 5101 3361 5156 renibus
3399 5103 3601 5173 quibus

2013 5177 2218 5233 semina
2249 5191 2303 5235 et
2326 5184 2619 5242 seminales
2643 5189 2789 5246 vires
2815 5191 3022 5259 insunt,
3047 5207 3169 5263 quae
3197 5196 3339 5250 vasis
3363 5211 3598 5264 genera-

2015 5269 2145 5323 tioni
2189 5273 2334 5342 aptis
2375 5276 2706 5338 inserviunt.
2745 5283 2887 5339 Sunt
2938 5285 3103 5354 igitur
3133 5287 3294 5340 etiam
3329 5287 3379 5340 in
3417 5289 3595 5342 anima

2012 5379 2208 5422 sensus
2240 5369 2457 5438 quidam
2489 5374 2582 5446 qui
2617 5378 2917 5436 seminibus
2945 5380 3180 5449 quadam
3211 5379 3421 5434 ratione
3445 5396 3597 5435 com—

399 5632 510 5714 (ὅθ)
541 5637 921 5714 κληρονομία
955 5639 1218 5714 φύσεως,
1279 5652 1387 5714 ειε.
1435 5645 1658 5702 Schedze
1693 5645 1904 5714 Grabii,

330 5706 636 5774 partimque
670 5706 967 5770 Barbarus,
985 5720 1039 5763 et
1071 5711 1389 5767 Cordcrius.

331 5771 514 5898 rag”)
547 5771 618 5829 El
639 5776 702 5830 τὸ
729 5780 1028 5848 σχοινίον,
1059 5789 1166 5837 etc.
1196 5783 1423 5839 Scltcda:
1457 5784 1670 5854 Grabii,
1706 5788 1904 5843 Barba-

2082 5651 2194 5729 (5_2_l
2220 5655 2415 5723 Οὕτως
2449 5656 2726 5729 ἐγενήθη,
2753 5667 2859 5714 etc.
2886 5657 3198 5713 Cordcrius.

2010 5795 2049 5849 Β
2092 5723 2204 5848 ﬁn?)
2233 5723 2742 5798 Ειῗκῐσγεῖτιςτὸν
2774 5731 3014 5798 Κύριον,
3063 5740 3172 5786 etc.
3219 5729 3396 5788 Codex
3451 5730 3585 5801 Bue,

2055 5814 2079 5848 a
2107 5813 2302 5851 'iarus.
