4100 6400
501 350 639 405 ιειε)

1890 348 1977 402 EX
2021 350 2324 405 Ollltllifili

3643 360 3787 414 {2'20

498 493 577 532 ea:
608 488 735 532 sunt
766 491 885 546 qum
916 471 1298 536 miriﬁcantur,
1335 473 1553 541 quando
1581 488 1658 529 ea:
1693 463 1926 529 mira'h'ili
1960 491 2062 545 quo

2191 475 2335 536 τούς.
2382 472 2577 543 Ὀλίγοι
2606 475 2661 528 δέ
2692 476 2827 529 εἰσιν
2855 478 2900 529 οἱ
2936 475 3425 549 θαυμαστούμενοι.
3460 477 3550 531 ὅτε
3579 479 3643 533 ὲκ
3686 480 3784 534 τοῦ

498 570 621 624 dam
657 585 722 624 ac
764 571 1073 641 prodigioso
1106 567 1265 622 ruodo
1296 570 1590 622 accidunt:
1630 569 1878 638 exemplo
1908 570 2015 622 siut
2048 569 2081 622 ii

498 663 589 728 qui
620 663 1049 719 misericorditer
1077 680 1105 717 a
1136 664 1376 720 febribus
1410 662 1493 718 vel
1518 662 1666 731 lepra
1698 660 1907 715 liberati
1935 671 2079 714 sunt.

498 749 553 805 Si
593 752 875 806 medicina:
910 754 993 807 via
1028 754 1203 809 curati
1259 753 1483 818 fuerint,
1526 767 1553 805 a
1584 752 1690 804 Deo
1732 750 1950 818 quidem
1983 749 2083 802 mi—

495 843 844 899 sericordiam
898 846 1177 901 consecuti
1215 854 1361 911 sunt,
1411 861 1517 901 non
1553 856 1731 900 tamen
1779 845 1945 915 ipsius
1978 844 2081 896 mi-

492 935 790 989 sericordia
838 936 891 990 iu
922 937 1003 991 eis
1036 937 1329 992 mirifieata
1363 946 1479 1003 est;
1520 938 1564 991 si
1596 950 1726 991 vero
1771 944 1913 989 tactu
1948 931 2078 988 Jesu

490 1028 686 1084 febrim
727 1031 1064 1099 increpantis
1112 1032 1311 1101 (utqui
1347 1032 1529 1086 statim
1577 1030 1742 1085 robur
1767 1045 1830 1084 ac
1876 1029 2079 1082 valetu-

489 1120 673 1174 dinem
709 1122 998 1177 restituere
1042 1122 1267 1191 valcat),
1320 1123 1404 1177 vel
1444 1129 1697 1190 tangente
1750 1122 1865 1191 ipso
1904 1135 1965 1175 ac
1998 1120 2077 1174 di-

488 1220 647 1266 cente
674 1212 718 1243 ⁸⁸
750 1229 763 1265 :
818 1231 835 1264 ι
865 1212 1017 1277 Volo,
1069 1213 1356 1274 mundare.
1384 1232 1403 1266 ι
1438 1212 1649 1267 liberati
1688 1210 1889 1267 fuerint
1922 1227 1949 1265 a
1999 1211 2077 1265 le-

490 1320 608 1372 pra,
653 1314 763 1358 tum
798 1305 942 1359 Deus
972 1306 1376 1375 quodammodo
1410 1304 1822 1360 misericordias
1867 1319 1994 1359 suas
2022 1303 2073 1356 in

489 1397 593 1449 illis
628 1396 898 1450 mirificat.

562 1490 721 1543 Vens.
749 1489 802 1544 8.
846 1490 886 1542 Α
940 1491 1298 1544 resistentibus
1334 1488 1562 1542 dexterm
1603 1499 1708 1541 tua:
1749 1487 1956 1540 custodi
1992 1502 2073 1540 me

487 1590 539 1633 ut
570 1580 829 1650 pupillam
875 1582 1036 1648 oculi,
1068 1592 1174 1635 etc.
1238 1580 1339 1646 Qui
1395 1580 1603 1633 resistit
1651 1579 1894 1645 Christo,
1937 1582 2071 1635 resi-

483 1671 578 1724 stit
607 1672 842 1729 dextera‘
871 1670 986 1725 Dei.
1029 1670 1251 1736 Quaeres
1285 1685 1352 1723 au
1384 1669 1546 1723 liceat
1577 1669 1691 1740 ejus
1725 1670 1960 1724 sinistrae
1987 1684 2071 1724 re-

480 1762 695 1816 sistere.
739 1762 840 1829 Qui
876 1778 1005 1817 vero
1058 1762 1569 1831 pcrspicacissimus
1599 1773 1699 1827 est,
1735 1761 1781 1816 is
1811 1772 2067 1831 tanquam

2189 566 2489 637 παραδόξου
2533 568 2625 619 καὶ
2655 568 2957 637 τεραστίως
2993 568 3252 637 γίνονταιο
3285 565 3394 622 οἷον
3433 568 3679 624 ἔστωσαν
3730 573 3782 625 οἱ

2185 658 2512 729 ὲλεούμενοι,
2549 662 2596 713 oi
2632 660 2882 731 πυρετῶν
2916 663 3011 715 καὶ
3053 661 3263 734 λέπρας
3309 662 3781 735 ἐλευθερούμενοι.

2183 745 2341 805 Οὗτοι
2388 752 2444 804 δὲ
2480 754 2527 805 εί
2556 754 2652 823 μὲν
2681 752 2785 824 ὀδῷ
2815 753 3065 825 ἰατρικῆς
3111 753 3518 827 θεραπεύοιντο,
3554 755 3777 827 ἐλεήθη-

2184 858 2282 892 σαν
2320 843 2417 911 μὲν
2442 842 2546 895 ὑπὸ
2571 842 2727 905 Θεοῦ,
2756 845 2817 896 οὐ
2842 846 2941 916 μὲν
2972 844 3414 915 θαυμαστοῦντος
3442 848 3571 911 τοὺς
3594 848 3776 912 ἐλέους

2182 934 2373 987 ἑαυτοῦ
2408 936 2609 1001 αὐτοῖς·
2657 939 2704 990 εἰ
2742 937 2798 991 δὲ
2846 937 2963 1009 μεθ’
3002 939 3149 1009 ἁφῆς
3199 940 3376 1010 Ἰησοῦ
3411 931 3778 1012 ὲπιτιμῶντὸς

2180 1023 2255 1094 τῷ
2273 1025 2490 1097 πυρετῷ
2511 1028 2608 1097 (ὡς
2625 1030 2881 1102 παραχρῆ
2891 1049 2966 1102 μα
2986 1031 3248 1086 δύνασθαι
3270 1032 3577 1087 ἀποδιδόναι
3598 1034 3776 1103 ὑγιαι-

2177 1120 2375 1173 νόντων
2402 1121 2495 1174 καὶ
2519 1122 2883 1178 εὐεκτούντων
2910 1124 3235 1198 ἐνεργείας),
3269 1127 3301 1198 ἢ
3338 1128 3645 1198 ἁπτομένου
3679 1128 3775 1184 καὶ

2175 1211 2446 1281 λέγοντος·
2491 1234 2509 1267 ι
2547 1215 2719 1279 Θέλω,
2746 1216 3131 1290 καθαρίσθητι,
3167 1239 3185 1271 ι
3224 1220 3649 1274 ἀπαλλάττοιντο
3670 1222 3773 1291 τῆς

2175 1305 2400 1379 λέπρας,
2446 1309 2520 1372 ὡς
2568 1309 3009 1381 θαυμαστοῦντος
3059 1311 3154 1366 τοῦ
3206 1314 3342 1367 Θεοῦ
3388 1316 3518 1379 τοὺς
3572 1313 3770 1370 ἑαυτοῦ

2174 1404 2356 1468 ἐλέους
2378 1405 2469 1457 ἐπὶ
2489 1406 2615 1469 τοὺς
2654 1406 2949 1471 τοιούτους.

2258 1499 2351 1551 Ἐκ
2375 1496 2492 1550 τῶν
2525 1498 2983 1567 ἀνθεστηκότων
3015 1498 3091 1567 τῇ
3133 1498 3303 1566 δεξιᾷ
3341 1514 3458 1555 σου
3489 1503 3772 1572 ρύλαξόν

2166 1606 2243 1658 με
2263 1588 2342 1654 ὡς
2363 1588 2549 1657 κόρην
2571 1589 2904 1658 ὀφθαλμοῦ,
2941 1607 2994 1643 κ.
3032 1607 3083 1644 τ.
3118 1592 3163 1643 ὲ.
3198 1592 3255 1644 '0
3284 1590 3636 1661 ἀνθεστηκὼς
3655 1594 3769 1668 (45)

2170 1680 2412 1751 Χριστῷ,
2442 1680 2739 1751 ἀνθέστηκε
2774 1685 2838 1753 τῇ
2862 1682 3011 1753 δεξιᾷ
3040 1682 3131 1737 τοῦ
3159 1684 3313 1739 Θεοῦ.
3352 1686 3415 1739 Ei
3442 1685 3497 1739 δέ
3527 1688 3641 1739 ἐστι
3670 1706 3769 1742 κα·

2170 1774 2277 1838 λῶς
2307 1776 2571 1846 ἀριστερᾷ
2605 1774 2994 1844 ἀνθεστηκέναι
3020 1774 3298 1846 ζητήσεις.
3346 1776 3406 1829 '0
3437 1777 3494 1830 δὲ
3527 1777 3767 1851 διορατι-

482 1853 679 1921 pupilla
710 1853 851 1907 oculi
901 1854 993 1923 qui
1050 1853 1103 1905 in
1158 1860 1273 1907 toto
1317 1851 1517 1907 Christi
1557 1867 1786 1921 corpore
1814 1862 1915 1919 est,
1967 1852 2062 1905 hoc

2174 1864 2434 1929 κώτατος,
2466 1865 2543 1929 ὡς
2576 1866 2711 1938 κόρη
2744 1864 2817 1919 ῶν
2843 1866 3121 1937 ὀφθαλμοῦ
3162 1868 3255 1921 τοῦ
3289 1869 3347 1921 ὲν
3377 1868 3454 1939 τῷ
3489 1870 3595 1941 ὅλῳ
3625 1872 3767 1943 Χρι-

480 1942 644 1996 dicet.
685 1942 839 1998 llunc
896 1954 1142 2014 tangere,
1201 1952 1284 1997 est
1334 1952 1556 2013 tangere
1606 1942 1862 2013 pupillam
1904 1941 2066 1997 oculi.

484 2032 684 2091 Vidcns
735 2046 915 2091 autem
951 2037 1071 2105 quis
1118 2034 1514 2089 multitudinem
1553 2033 1917 2090 resistentium
1953 2036 2070 2090 ani-

479 2143 580 2183 ma:
608 2128 785 2194 oculo,
837 2129 1118 2201 confugiat
1172 2130 1236 2184 ad
1271 2131 1462 2192 Deum,
1499 2127 1845 2198 postuletque
1872 2129 1939 2182 ab
1970 2129 2070 2183 im-

480 2224 666 2277 missis
691 2222 889 2292 jaculls
917 2234 1075 2277 scuto
1104 2221 1298 2277 divina:
1325 2220 1441 2291 ejus
1464 2220 1818 2290 protectionis
1844 2222 2066 2288 muniri,

478 2329 546 2367 ne
582 2314 755 2383 ipsum
807 2315 1063 2369 miserum
1113 2314 1425 2368 conﬁciant.
1465 2312 1734 2378 Quoniam
1770 2328 1898 2367 vero
1931 2314 2066 2367 dex—

480 2415 590 2458 tera
629 2404 841 2458 Domini
894 2414 976 2459 est
1024 2405 1335 2475 unigenitus
1367 2403 1538 2458 Filius
1587 2403 1704 2469 Dei,
1753 2412 1808 2459 et
1842 2404 1891 2457 ei
1929 2404 2065 2459 resi-

478 2505 628 2549 stunt
673 2496 853 2549 hostes
891 2495 1171 2565 spiritales
1227 2505 1281 2550 et
1315 2495 1613 2550 invisibiles
1667 2510 1694 2548 a
1730 2494 1926 2565 quibus
1976 2508 2067 2547 ro-

478 2601 569 2657 gul
599 2604 665 2643 ne
696 2590 1011 2644 vulneretur
1045 2600 1249 2651 mente.
1287 2591 1405 2645 licec
1434 2604 1536 2643 vox
1575 2590 1673 2645 viri
1713 2599 1795 2645 est
1824 2591 1914 2659 qui
1951 2589 2067 2644 illu-

478 2679 711 2731 miuatos
747 2679 907 2732 habet
938 2677 1131 2731 animm
1158 2677 1369 2732 oculos.

552 2854 709 2909 Vens.
735 2855 788 2918 8,
816 2855 869 2911 9.
931 2854 1042 2910 Sub
1087 2854 1273 2908 umbra
1321 2854 1529 2910 alarum
1570 2865 1783 2909 tuarum
1827 2866 2063 2925 proteget

477 2963 576 3009 me,
603 2962 633 2998 a
669 2945 805 3012 facie
837 2945 1117 3013 impiorum
1152 2946 1242 3014 qui
1270 2962 1350 2998 me
1381 2945 1698 3016 afflixerunt,
1731 2954 1836 3000 etc.
1880 2945 2064 3001 Justus

471 3039 542 3092 ab
580 3038 763 3108 impiis
811 3040 979 3093 miser
1012 3047 1067 3091 et
1116 3038 1440 3093 miserabilis
1470 3038 1721 3103 habetur,
1772 3038 2063 3106 aliquando

471 3134 634 3186 etiam
670 3148 767 3187 ceu
792 3132 1053 3202 insipiens
1084 3131 1435 3186 miseratione
1467 3129 1660 3199 dignus
1691 3139 1935 3201 putatur,
1968 3145 2061 3186 ve—

2175 1956 2302 2011 στοῦ
2339 1956 2569 2028 σώματι,
2604 1957 2761 2010 τοῦτο
2791 1958 2923 2029 ὲρεῖο
2957 1952 3017 2012 οὗ
3044 1958 3309 2013 ἅπτεσθαί
3334 1962 3563 2033 ὲστιτῆς
3597 1964 3767 2036 κόρης

2170 2048 2264 2104 τοῦ
2298 2048 2578 2119 ὀφθαλμοῦ
2606 2048 2893 2102 ἅπτεσθαι.
2928 2050 3099 2121 Ὁρῶν
3134 2050 3192 2103 δέ
3226 2070 3311 2114 τις
3344 2052 3405 2105 τὸ
3433 2053 3640 2123 πλῆθος
3656 2056 3765 2108 τῶν

2172 2141 2581 2212 ἀνθεστηκότων
2620 2140 2696 2212 τῷ
2724 2142 2821 2213 τῆς
2852 2142 3031 2213 ψυχῆς
3056 2141 3342 2214 ὀφθαλμῷ,
3378 2148 3766 2218 προστρεχέτω

2168 2231 2247 2301 τῷ
2279 2230 2418 2302 Θεῷ,
2451 2232 2515 2284 ὲκ
2542 2229 2650 2285 τῶν
2692 2231 3060 2302 πεμπομένων
3096 2232 3258 2285 οἱονεὶ
3303 2231 3471 2302 βελῶν
3510 2235 3764 2305 καθάπερ

2169 2322 2318 2393 ὅπλῳ
2340 2325 2405 2393 τῇ
2434 2320 2555 2393 θείᾳ
2576 2321 2755 2395 σκέπῃ
2781 2320 3041 2393 ρυσθῆναι
3067 2321 3340 2392 δεόμενος,
3364 2324 3451 2377 ἵνα
3476 2324 3549 2397 μὴ
3576 2326 3763 2379 ταλαί-

2170 2432 2353 2486 πωρον
2382 2415 2543 2468 αὐτὸν
2576 2415 3018 2487 ἀπεργάσωνται,
3084 2416 3237 2468 Ἐπεὶ
3277 2416 3333 2469 δὲ
3366 2416 3514 2481 δεξιά
3553 2418 3760 2491 Κυρίου

2168 2508 2197 2560 ὀ
2254 2507 2546 2580 μονογενὴς
2585 2508 2713 2571 Υἱὸς
2758 2507 2850 2560 τοῦ
2896 2506 3053 2571 Θεοῦ,
3100 2507 3448 2563 ἀνθίστανται
3487 2510 3542 2563 δὲ
3586 2511 3758 2585 ταύτῃ

2170 2600 2353 2673 ἐχθροὶ
2370 2599 2550 2671 νοητοί
2568 2617 2627 2652 τε
2651 2600 2744 2653 καὶ
2765 2599 3009 2670 ἀόρατοι,
3041 2600 3133 2668 ἀφ’
3162 2594 3238 2654 ὧν
3258 2601 3466 2673 ἀϐλαϐῆ
3485 2602 3760 2674 διαμένειν

2169 2691 2309 2741 αἰτεῖ
2333 2688 2421 2742 τὸν
2451 2689 2581 2743 ἴδιον
2614 2689 2759 2755 νοῦν,
2785 2690 2977 2762 ἀνδρὸς
3011 2690 3067 2742 δὲ
3098 2692 3130 2762 ἡ
3156 2691 3304 2763 φωνὴ
3338 2693 3756 2763 πεφωτισμένου

2168 2783 2292 2844 τοὺς
2314 2782 2412 2852 τῆς
2444 2781 2621 2853 ψυχῆς
2642 2782 2976 2854 ὀφθαλμούς.

2251 2872 2346 2925 Ἐν
2381 2873 2578 2941 σκέπῃ
2620 2872 2735 2925 τῶν
2771 2874 3081 2943 πτερύγων
3129 2890 3245 2929 σου
3292 2876 3622 2944 σχεπάσεις
3652 2894 3747 2947 με,

2165 2963 2283 3018 ἀπὸ
2338 2963 2660 3031 προσώπου
2729 2964 2966 3020 ἀσεϐῶν
3008 2966 3129 3020 τῶν
3168 2966 3753 3035 ταλαιπωρησάντων

2160 3073 2258 3127 με,
2296 3074 2349 3109 κ.
2384 3074 2436 3109 τ.
2471 3057 2517 3108 ὲ.
2564 3056 2622 3109 Ὁ
2653 3056 2859 3121 δίκαιος
2896 3058 3002 3111 ἀπὸ
3045 3058 3154 3111 τῶν
3181 3058 3291 3129 (46)
3327 3058 3539 3112 ἀσεϐῶν
3569 3058 3756 3113 ταλαι-

2166 3150 2462 3225 πωρίζεται
2496 3151 2590 3205 καὶ
2624 3149 2989 3215 ταλανίζεται,
3022 3150 3135 3203 ἔσθ’
3164 3152 3254 3205 ὅτε
3289 3151 3382 3204 καὶ
3416 3151 3490 3214 ὡς
3531 3151 3756 3222 ἀνόητος

473 3242 590 3280 rum
630 3237 757 3280 tunc
811 3227 910 3280 sub
946 3226 1135 3279 umbra
1189 3224 1399 3278 alarum
1438 3222 1530 3278 Dei
1581 3223 1906 3293 protegitur,
1936 3233 1994 3278 ut
2027 3240 2055 3278 a

2167 3212 2501 3314 ἐλεούμενος
2540 3241 2676 3309 ἀλλά
2690 3212 2898 3295 τότε-ὲν
2917 3212 2984 3313 τῇ
3014 3242 3192 3315 σκέπῃ
3222 3242 3329 3295 τῶν
3358 3212 3754 3314 πτερύγων-τοῦ

470 3320 693 3374 miseria
728 3335 831 3373 non
869 3327 1269 3389 prosternatur.

546 3494 894 3562 \’£ns.9,l0.
950 3495 1170 3549 Inimici
1212 3495 1312 3549 mei
1352 3496 1585 3549 animum
1622 3511 1789 3548 meam
1828 3495 2054 3549 circum—

468 3588 747 3643 dederunt.
788 3588 1009 3658 Adipem
1049 3603 1203 3641 suum
1231 3586 1599 3641 concluserunt
1624 3601 1643 3640 :
1680 3604 1736 3640 os
1769 3603 1949 3641 eorum
1977 3588 2055 3641 lo-

469 3691 648 3733 cutum
677 3690 751 3732 est
779 3681 1100 3748 superbiam,
1145 3689 1253 3733 etc.
1298 3679 1431 3733 Cum
1468 3680 1518 3733 in
1554 3679 1710 3734 nobis
1744 3683 2055 3749 eXperituur

469 3769 831 3839 cogitationes
896 3784 1182 3840 perversas
1239 3785 1359 3840 qua:
1420 3770 1759 3825 circumdant
1817 3771 2051 3825 animam

470 3872 735 3929 nostram,
811 3872 938 3918 tunc
993 3863 1273 3919 dicimus:
1335 3880 1354 3915 ι
1393 3862 1599 3917 Inimici
1656 3863 1761 3918 mei
1817 3866 2051 3919 animam

469 3969 645 4008 meam
677 3955 1181 4022 circumdederunt;
1206 3974 1225 4007 ι
1267 3970 1390 4009 cum
1425 3962 1605 4009 autem
1636 3955 1703 4010 ab
1735 3955 1814 4010 eis
1849 3956 2054 4011 incras—

468 4053 620 4099 satus
666 4054 752 4099 est
800 4045 1113 4100 intellectus
1151 4056 1358 4110 uoster,
1423 4056 1553 4101 tunc
1588 4048 1844 4117 «adipem
1894 4059 2050 4101 suum

468 4138 873 4193 concluserunt.
897 4155 916 4189 ι
962 4136 1019 4193 ld
1051 4138 1193 4207 quod
1225 4138 1460 4193 ostendit
1494 4138 1831 4193 obsidionem
1868 4147 1919 4190 et
1951 4137 2050 4188 bo-

466 4232 628 4285 stium
662 4230 1039 4285 crudelitatem
1088 4229 1179 4298 qui
1209 4244 1307 4284 suo
1359 4244 1486 4298 erga
1523 4231 1810 4286 materiam
1848 4226 2047 4281 aﬂ‘ectu

464 4321 675 4390 adipem
724 4335 883 4375 suum
935 4318 1347 4377 concluserunt.
1405 4320 1641 4376 Omnino
1695 4319 1841 4375 enim
1873 4326 1927 4372 et
1956 4317 2049 4372 toti

464 4412 648 4468 carnei
683 4420 833 4467 sunt.

536 4522 814 4593 Ejusdem.
852 4521 1032 4593 Adcps
1080 4520 1340 4592 spiritalis
1369 4538 1429 4577 ea
1459 4532 1560 4587 est,
1596 4537 1715 4591 quae
1744 4536 1808 4576 ex
1845 4521 2047 4576 malitia

466 4616 767 4671 intellectui
799 4616 1041 4683 obvenit,
1092 4618 1417 4673 crassitudo.
1478 4617 1703 4686 Adipem
1740 4616 1872 4669 mibi
1901 4616 2049 4670 vide-

467 4718 556 4762 tur
588 4708 770 4761 dicere
806 4707 1237 4763 benevolentiam
1262 4720 1317 4764 et
1346 4710 1783 4773 humanitatem;
1821 4708 2048 4775 aitergo

464 4813 559 4853 eos
590 4813 803 4853 omnem
832 4800 1145 4869 deposuisse
1174 4797 1736 4863 commiserationem,
1761 4806 1816 4851 et
1840 4797 2044 4850 nullum

467 4892 790 4947 lnuuanitati
821 4894 996 4949 locum
1030 4895 1081 4949 in
1118 4894 1541 4965 cogitationibus
1584 4892 1698 4945 suis
1740 4891 2041 4961 reliquisse.

465 4984 716 5041 Nonnulli
749 4996 876 5042 sunt
905 4986 999 5057 qui
1030 4988 1205 5057 adipis
1244 4987 1463 5040 nomine
1490 4984 1803 5040 felicitatem
1834 4993 1887 5037 et
1919 4999 2045 5053 pro-

464 5094 676 5149 Speram
711 5080 1073 5134 valetudinem
1113 5087 1331 5133 vocant.

531 5169 693 5240 603
732 5171 893 5225 VElts.
922 5172 1004 5224 Η.
1051 5167 1400 5238 Projicientes
1446 5182 1526 5220 me
1564 5183 1701 5219 nunc
1750 5166 2043 5220 circumde-

461 5262 652 5315 derunt
684 5279 785 5330 m3,
815 5262 994 5317 oculos
1036 5278 1157 5315 suos
1206 5269 1505 5313 statuerunt
1543 5258 1807 5312 declinare
1848 5260 1903 5312 in
1942 5269 2047 5312 ter-

558 5424 577 5453 ⁸
600 5423 787 5477 Matth.
815 5440 934 5490 vul,
959 5424 1009 5479 5.

538 5589 646 5657 (45)
690 5589 743 5639 Ὁ
783 5585 1190 5653 ἀνθεστηκὼς,
1218 5596 1322 5657 etc.
1348 5586 1494 5642 Idem
1526 5597 1580 5643 et
1604 5586 1921 5643 Corderius.

539 5656 646 5729 (46)
692 5658 744 5709 Ὀ
774 5658 1002 5726 δίκαιος
1022 5658 1138 5713 ἀπὸ
1169 5656 1310 5724 τῶν,
1334 5670 1439 5715 etc.
1460 5658 1628 5724 Idem,
1661 5669 1715 5712 at
1749 5658 2041 5714 Corderius

467 5727 666 5781 Basilio
700 5731 906 5782 lt‘ibuit.

542 5798 649 5868 (47)
704 5800 879 5853 Ὅταν
942 5800 1386 5871 αἰσθανώμεθα.
1439 5808 1548 5856 etc.
1609 5798 1829 5869 Origeni
1876 5798 2045 5854 codex

2163 3336 2297 3391 Θεοῦ
2329 3339 2356 3390 ό
2382 3336 2529 3402 ἄξιος
2546 3336 2899 3402 σκεπάζεται,
2935 3334 3023 3388 ἵνα
3048 3334 3121 3407 μὴ
3163 3333 3350 3405 σεισθῇ
3386 3335 3493 3387 ἀπὸ
3520 3332 3615 3387 τοῦ
3656 3350 3756 3386 τα-

2164 3430 2344 3494 λανίζε
2354 3430 2496 3484 σθαι.

2238 3527 2301 3577 Ol
2336 3522 2538 3593 ἐχθροί
2569 3540 2689 3592 μου
2734 3521 2849 3587 τὴν
2875 3520 3089 3589 ψυχήν
3129 3536 3251 3587 μου
3287 3520 3632 3586 περιέσχον.
3683 3520 3756 3573 Τὸ

2162 3615 2344 3684 στέαρ
2383 3614 2583 3667 αὐτῶν
2617 3611 3043 3666 συνέκλεισαν·
3084 3610 3148 3662 τὸ
3170 3610 3366 3677 στόμα
3386 3607 3588 3662 αὐτῶν
3616 3608 3757 3664 ἐλά-

2161 3712 2358 3777 λησεν
2408 3705 2863 3772 ὑπερηφανίαν,
2919 3720 2973 3757 κ.
3030 3718 3083 3754 τ.
3147 3700 3195 3755 ὲ.
3261 3701 3430 3754 Ὅταν
3486 3700 3757 3755 αἰσθανώ-

2165 3799 2303 3871 μεθα
2341 3798 2451 3869 (47)
2482 3796 2848 3868 διαλογισμῶν
2870 3795 3127 3869 χειρόνων
3152 3794 3516 3867 περιεχόντων
3530 3794 3630 3867 τὴν
3652 3795 3756 3864 ψυ-

2158 3890 2259 3962 χὴν
2293 3889 2470 3960 ἡμῶν,
2504 3889 2625 3943 τότε
2654 3889 2907 3961 λέγομεν·
2952 3908 2971 3940 ι
3009 3890 3072 3941 Οἱ
3098 3886 3285 3959 ἐχθροί
3316 3904 3417 3959 μου
3442 3886 3539 3958 τὴν
3570 3886 3754 3958 ψυχήν

2164 4000 2265 4054 μου
2300 3982 2605 4054 περιέσχον·
2648 4001 2666 4034 ι
2704 3984 2800 4036 ὲάν
2836 3981 2892 4034 δὲ
2921 3980 3233 4053 παχύνωσιν
3262 3979 3418 4051 ἡμῶν
3448 3979 3509 4032 τὸ
3538 3978 3755 4050 διανοηο

2158 4067 2330 4132 τικδν,
2370 4087 2387 4119 ι
2431 4069 2493 4121 τὸ
2528 4070 2695 4142 στέαρ
2724 4069 2902 4123 αὐτῶν
2944 4069 3315 4123 συνέκλεισαν.
3365 4087 3385 4120 ι
3426 4068 3753 4139 Πολιορκίαν

2158 4160 2214 4213 δὲ
2242 4161 2494 4232 ἐμφαίνει
2525 4162 2618 4214 καὶ
2650 4161 2757 4214 τῶν
2792 4160 3005 4234 ἐχθρῶν
3036 4161 3138 4233 τὴν
3171 4160 3456 4232 ὠμότητα,
3497 4160 3753 4229 συγκλει-

2160 4251 2367 4306 σάντων
2393 4254 2452 4307 τὸ
2487 4253 2652 4326 στέαρ
2683 4252 2861 4307 αὐτῶν
2884 4253 2973 4307 διὰ
2999 4253 3097 4324 τὴν
3128 4253 3264 4325 πρὸς
3289 4252 3387 4323 τὴν
3424 4251 3555 4324 ὓλην
3577 4270 3749 4325 προσο

2157 4344 2407 4401 πάθειαν.
2444 4345 2595 4399 ’Ὀλοι
2628 4344 2739 4417 γὰρ
2764 4346 2829 4399 δι’
2861 4346 2983 4400 ὅλου
3014 4347 3261 4417 σάρκινοι
3288 4344 3638 4415 τυγχάνουσι.

2232 4528 2342 4583 Τοῦ
2384 4528 2590 4583 αὐτοῦ.
2630 4529 2805 4600 Στέαρ
2842 4530 2941 4601 μὲν
2965 4529 3153 4600 νοητὸν
3187 4530 3352 4600 (48)ή
3385 4530 3450 4582 ὲκ
3495 4530 3593 4599 τῆς
3647 4547 3749 4583 κα-

2156 4621 2281 4683 κίας
2310 4620 2777 4690 ὲπισυμσαίνουσα
2801 4621 2881 4691 τῷ
2909 4622 3223 4693 ἡγεμονικῷ
3250 4621 3515 4692 παχύτης.
3571 4620 3747 4692 Στέαρ

2154 4711 2299 4765 δοκεῖ
2325 4730 2413 4783 μοι
2444 4712 2621 4780 λέγειν
2640 4714 2738 4786 τὴν
2759 4712 2969 4767 εὐνοιαν
2995 4715 3088 4769 καὶ
3110 4713 3475 4783 φιλαδελφίαν’
3515 4712 3612 4766 καί
3642 4731 3748 4784 φη-

2157 4818 2260 4867 σιν,
2290 4803 2372 4856 ὅτι
2398 4805 2575 4857 πᾶσαν
2600 4803 2832 4875 φυσικὴν
2860 4805 3187 4860 ἀπέκλεισαν
3210 4805 3634 4875 εὐσπλαγχνίαν,
3651 4806 3748 4859 οὐ-

2154 4894 2346 4964 δεμίαν
2377 4893 2561 4967 χώραν
2605 4896 2704 4965 τῆς
2737 4896 3086 4966 φιλαδελφίας
3117 4896 3397 4968 λογισμοῖς
3429 4898 3739 4961 δεδωκότες.

2156 4990 2311 5053 Τινὲς
2345 4989 2525 5058 μέντοι
2579 4988 2639 5041 τὸ
2685 4987 2849 5060 στέαρ
2898 4990 3198 5061 εὐημερίαν
3230 4990 3324 5043 καὶ
3355 4989 3570 5057 εὐεξίαν
3610 4990 3742 5042 ὠνό-

2159 5099 2358 5153 μασαν.

2238 5172 2623 5237 Ἐκόαλόντες
2658 5189 2734 5241 με
2768 5172 2907 5225 νυνὶ
2948 5171 3439 5241 περιεκύκλωσάν
3474 5190 3571 5240 με,
3606 5171 3747 5240 τοὺς

2156 5262 2502 5333 ὀφθαλμοὺς
2516 5262 2714 5317 αὐτῶν
2735 5263 2940 5317 ἔθεντο
2954 5262 3227 5317 ἐκκλῖναι
3244 5262 3313 5315 ἐν
3344 5261 3419 5331 τῇ
3445 5260 3545 5333 γῇ,
3560 5279 3613 5317 κ.
3627 5280 3677 5317 τ.
3692 5262 3742 5317 ἑ.

2151 5584 2541 5666 Qpislinianus,
2570 5598 2722 5639 num.
2748 5581 2881 5647 189;
2919 5579 3053 5635 alter
3085 5592 3216 5635 vero
3258 5592 3410 5631 num.
3451 5578 3542 5644 10,
3572 5574 3748 5632 Euse-

2158 5655 2551 5795 bl?4g)|b2ur|2op
2570 5724 2686 5791 μὲν
2701 5724 2945 5795 νοητόν,
2972 5732 3081 5775 etc.
3120 5718 3317 5795 Codex
3374 5717 3744 5775 Coisliuianus

2156 5792 2506 5851 Theodoreto
2545 5795 2754 5861 tribuit,
2797 5793 2888 5848 alii
2912 5792 3155 5863 Origeni.
