4100 6430
407 366 536 421 ΗΞΙ

1365 354 1673 411 SlilJiC’l‘A
1711 354 1773 407 ΙΝ
1811 352 2153 408 ΡὸᾹΙΛΙΟΒ.
2195 384 2263 394 —-
2305 353 2501 410 PSAL.
2540 353 2682 412 XVI.

3543 368 3563 420 Ι
3575 368 3682 423 29.2

406 491 592 543 Ἕνδον
619 490 778 553 ὂντας
812 488 920 560 (49)
949 487 1006 539 οὑ
1042 485 1463 556 περικυκλοῦσιν
1489 489 1538 540 οἱ
1565 485 1768 557 ἐχθροὶ,
1801 486 1859 538 οῦ
1885 489 1985 560 γὰρ

2099 501 2235 547 rum,
2284 495 2388 540 etc.
2432 485 2538 540 Eos
2569 487 2660 554 qui
2698 487 2841 542 intus
2867 498 3012 551 sunt,
3051 500 3155 541 uOn
3202 489 3540 547 circumdant
3579 495 3682 548 ini-

399 582 670 646 δύνανται,
719 580 830 635 ἀλλ’
858 582 984 634 ὅταν
1033 578 1233 632 ἔσωθεν
1266 577 1589 633 ἐκϐάλωσιν.
1624 578 1734 632 Καὶ
1783 577 1986 643 ἔθεντο,

402 677 586 745 φησὶν,
619 673 824 728 ἑαυτῶν
863 673 991 736 τοὺς
1037 671 1348 741 ὀφθαλμοὺς
1377 672 1458 734 είς
1491 671 1550 724 τὸ
1595 670 1694 741 ἐμὲ
1743 669 1988 723 ἐκκλῖναι

399 767 495 818 ἀπ’
528 763 758 836 ούρανοῦ
783 764 839 817 ἐν
863 765 928 833 τῇ
953 764 1046 833 γῇ,
1081 761 1357 814 τουτέστιν
1387 761 1444 814 ἐν
1462 763 1527 832 τῇ
1554 760 1673 833 ὕλῃ.
1719 762 1842 814 Ἐπὶ⁹
1865 761 1991 832 βλά-

402 858 471 932 ϐῃ
502 857 558 910 δὲ
591 855 1010 929 περικυκλοῦσιν
1044 853 1306 907 ἀπολέσαι
1349 855 1396 907 οἱ
1429 852 1717 923 ζητοῦντες
1754 854 1812 907 τὸ
1853 855 1989 924 πρὸς

399 948 504 1016 γῆν
528 949 662 1018 ὀρᾷν
689 947 779 999 καὶ
803 947 1028 998 σκοπεῖν
1057 943 1192 1015 μόνα
1221 943 1290 997 τὰ
1319 944 1650 1014 πρόσκαιρα,
1683 944 1988 998 ἐκκλίνουσι

397 1037 453 1091 δὲ
505 1037 945 1109 παρανομοῦντες
995 1036 1094 1107 τὴν
1142 1035 1372 1108 εὐθεῖαν)
1411 1035 1530 1089 ὁδὸν
1555 1035 1649 1088 καὶ
1691 1035 1766 1107 μὴ
1800 1035 1988 1106 βουλό-

403 1147 574 1200 μενοι.

473 1219 584 1274 Τοῦ
617 1219 822 1274 αὐτοῦ.
861 1218 1062 1273 Τοῦτον
1083 1216 1372 1273 κυκλοῦσιν
1400 1220 1448 1273 οἱ
1496 1219 1747 1289 δαίμονες
1778 1218 1890 1290 (50)
1927 1219 1986 1274 ὃν

397 1311 718 1365 ἐκϐάλλουσι
746 1311 844 1382 τῆς
871 1311 1089 1382 ἀρετῆς·
1126 1309 1420 1374 διὸκαλῶς
1455 1309 1670 1378 λέγεται
1690 1310 1766 1363 τό·
1807 1329 1824 1361 ι
1862 1310 1986 1363 Ἐὰν

396 1403 615 1474 πνεῦμα
655 1403 748 1456 τοῦ
797 1401 1198 1467 ἐξουσιάζοντος
1230 1401 1402 1472 ἀναϐῇ
1437 1401 1529 1453 ἐπὶ
1575 1400 1654 1464 σὲ,
1697 1401 1860 1455 τόπον
1891 1419 1984 1455 σου

401 1495 474 1565 μὴ
507 1496 668 1564 ἀφῇς·
711 1514 729 1546 ι
757 1493 852 1546 καὶ
882 1493 962 1545 τό·
1001 1512 1018 1544 ι
1066 1493 1158 1564 Μὴ
1207 1491 1340 1544 δῶτε
1373 1493 1534 1546 τύπον
1561 1492 1640 1563 τῷ
1688 1491 1929 1563 πονηρῷ·
1960 1511 1978 1543 ι

396 1585 526 1638 ὡσεὶ
573 1586 773 1654 ἔλεγεν·
833 1584 958 1638 Ἐὰν
1004 1583 1221 1655 πνεῦμα
1257 1587 1512 1657 πορνείας
1539 1584 1710 1655 ἀναϐῇ
1750 1584 1842 1637 ἐπὶ
1903 1585 1980 1646 σὲ,

399 1675 752 1748 σωφροσύνην
780 1692 872 1729 σου
907 1675 980 1747 μὴ
1014 1677 1176 1745 ἀφῇςο
1207 1675 1301 1727 καὶ
1331 1675 1548 1745 πνεῦμα
1584 1675 1774 1745 μίσους
1807 1672 1980 1744 ἀναϐῇ

397 1769 488 1820 ἐπὶ
513 1769 588 1832 σὲ,
619 1769 837 1838 ἀγάπην
866 1785 956 1820 σου
984 1767 1057 1837 μὴ
1091 1769 1253 1838 ἀφῇς.
1279 1767 1427 1836 Πλὴν
1465 1766 1794 1837 προσεκτέον
1826 1765 1984 1818 πότε-

399 1875 489 1928 ρον
519 1859 546 1910 6
576 1859 682 1912 ἀπὸ
715 1859 905 1912 πασῶν
935 1858 1042 1911 τῶν
1077 1858 1288 1930 ἀρετῶν
1324 1856 1571 1911 ἐκπεσὼν
1599 1857 1908 1922 κυκλοῦται,
1943 1858 1975 1929 ἥ
2013 1833 2052 1888 Β

395 1948 502 2001 ἀπὸ
529 1948 757 2015 πολλῶν,
787 1949 819 2020 ἢ
852 1949 956 2002 ἀπὸ
996 1950 1144 2020 μιᾶς.
1170 1949 1283 2000 Καὶ
1311 1948 1403 2000 ἐὰν
1432 1948 1529 2018 μὲν
1552 1948 1980 2002 ἀντακολουθοῦ-

398 2055 481 2093 σιν
515 2039 770 2111 ἀλλήλαις
798 2043 851 2094 αἱ
878 2040 1064 2094 κακίαι
1095 2039 1280 2112 ῶσπερ
1305 2039 1396 2092 καὶ
1419 2039 1630 2110 ἀρεταὶ,
1665 2042 1693 2093 6
1727 2039 1834 2093 ἀπὸ
1853 2040 1982 2110 μιᾶς

395 2131 644 2186 ἐκπεσὼν
695 2133 895 2204 ἀρετῆς
940 2132 1251 2187 κυκλοῦταιο
1305 2132 1400 2185 ἐὰν
1448 2132 1503 2184 δὲ
1537 2133 1611 2203 μὴ
1654 2132 1981 2187 ἀντακολου-

396 2223 577 2276 θοῦσιν
605 2225 859 2296 ἀλλήλαις
895 2227 948 2279 αἱ
983 2225 1193 2288 κακίαι,
1223 2226 1320 2295 οὐχ
1353 2226 1381 2277 6
1408 2225 1514 2278 ἀπὸ
1544 2225 1670 2294 μιᾶς
1697 2225 1984 2296 ἐκϐληθεὶς

391 2311 594 2382 ἀρετῆς
623 2312 935 2377 κυκλοῦται,
961 2313 1073 2366 ἀλλ’
1108 2315 1135 2367 6
1173 2315 1279 2368 ἀπὸ
1305 2312 1517 2369 πασῶν.
1556 2316 1628 2367 Ἢ
1657 2314 1800 2386 τάχα
1830 2312 1983 2389 ἧστι-

393 2403 483 2466 νος
503 2421 585 2466 τις
613 2405 808 2475 ἀρετῆς
842 2405 1120 2477 ἐκπίπτει,
1152 2406 1258 2461 ὑπὸ
1283 2405 1381 2478 τῆς
1410 2406 1793 2478 ἀντικειμένης
1807 2407 1977 2480 ταύτῃ

393 2496 590 2558 κακίας
624 2495 935 2551 κυκλοῦται.

474 2676 794 2732 Ὑπέλαϐόν
811 2695 887 2748 με
918 2678 1059 2733 ὡσεὶ
1085 2677 1242 2734 λέων
1260 2679 1492 2750 ἕτοιμος
1518 2682 1606 2747 εὶς
1631 2679 1842 2750 θήραν,
1880 2679 1976 2733 καὶ

392 2769 535 2825 ὡσεὶ
565 2771 836 2840 σκύμνος
863 2770 1042 2824 οἰκῶν
1078 2773 1150 2826 ἐν
1185 2771 1577 2842 ἀποκρύροις,
1614 2791 1666 2826 κ.
1717 2792 1766 2827 τ.
1800 2774 1847 2829 ὲ.
1893 2773 1981 2826 Ἐν

391 2863 728 2936 ἀποκρύφοις
753 2865 862 2934 (51)
896 2864 1004 2935 γὰρ
1027 2866 1120 2919 καὶ
1151 2865 1512 2936 ἀπροοράτως
1539 2867 1668 2934 ἡμῖν
1703 2863 1980 2918 ποιοῦνται

390 2951 490 3016 τὰς
516 2953 635 3006 καθ’
665 2954 822 3024 ἡμῶν
847 2952 1066 3024 ἐνέδρας
1086 2953 1160 3016 ὡς
1185 2953 1423 3024 σκύμνος
1447 2955 1496 3005 οἱ
1525 2953 1730 3023 ἐχθροί.

468 3043 576 3096 Τοῦ
628 3041 835 3096 αὑτοῦ.
895 3041 994 3094 Διὰ
1052 3042 1144 3095 τοῦ
1193 3043 1504 3114 ἀκαθάρτου
1557 3043 1669 3113 (52)
1717 3042 1978 3114 λογισμοῦ

391 3132 761 3203 ὑπολαμϐάνει
787 3132 875 3185 τὸν
891 3131 1014 3185 νοῦν
1037 3133 1193 3203 ἡμῶν
1213 3135 1240 3186 6
1263 3133 1640 3202 ἀντικείμενος
1671 3135 1803 3203 ἡμῖν
1818 3133 1975 3187 λέων.

390 3226 464 3278 Τὸ
492 3224 707 3291 λογικὸν
743 3224 844 3293 τῆς
868 3222 1083 3292 φύσεως
1120 3223 1526 3296 ἀπορρίψαντες
1553 3224 1720 3296 θηρία
1747 3225 1978 3296 μιμοῦν-

388 3333 479 3369 ται
511 3315 716 3388 τροφῆς
740 3314 1023 3386 ἐφιέμενα,
1057 3315 1153 3371 καὶ
1175 3315 1381 3386 ταύτην
1421 3319 1858 3387 περισκοποῦντα
1883 3320 1978 3372 καὶ

391 3407 650 3478 ἐξαπίνης
679 3406 955 3478 ὁρμῶντα.

475 3495 803 3564 Ἀνάστηθι,
826 3497 1022 3564 Κύριε,
1048 3497 1404 3566 πρόφθασον
1427 3497 1670 3564 αὐτοὺς,
1705 3500 1801 3553 καὶ
1831 3503 1978 3555 ὑπο-

391 3580 688 3641 σκέλισόν
712 3585 952 3652 αὐτοὺς·
966 3587 1152 3655 ῥῦσαι
1174 3587 1287 3655 τὴν
1308 3587 1520 3658 ψυχήν
1540 3607 1660 3658 μου
1692 3591 1812 3644 ἀπὸ
1840 3593 1982 3646 ἀσε-

392 3676 557 3742 ϐοῦς,
610 3677 919 3745 ῥομφαίαν
981 3694 1096 3732 σου
1155 3679 1274 3733 ἀπὸ
1329 3680 1560 3748 ἐχθρῶν
1621 3681 1732 3749 τῆς
1784 3686 1982 3751 χειρός

391 3782 530 3832 σου,
559 3784 615 3820 κ.
646 3784 698 3820 τ.
728 3769 776 3821 ἑ.
809 3767 920 3838 Τὴν
947 3769 1222 3839 ῥομφαίαν
1251 3769 1360 3841 (55)
1390 3770 1484 3823 τοῦ
1516 3771 1651 3824 Θεοῦ
1677 3771 1787 3824 ἐσθ’
1813 3775 1902 3826 ὅτε
1931 3776 1980 3827 οἱ

395 3861 579 3932 ἐχθροὶ
615 3862 712 3933 τῆς
761 3861 944 3932 χειρὸς
979 3861 1144 3914 αὑτοῦ
1177 3862 1617 3932 ἀναλαμϐάνουσι
1644 3863 1766 3916 καθ’
1795 3866 1977 3935 ἡμῶν.

393 3953 610 4024 Ταύτην
637 3950 731 4007 οὖν
775 3952 1039 4024 ῥυσθῆναι
1079 3953 1174 4006 καὶ
1227 3953 1459 4024 ἀρθῆναι
1495 3953 1604 4007 ἀπὸ
1633 3955 1740 4008 τῶν
1770 3957 1980 4028 ἐχθρῶν

393 4041 609 4114 εὔχεται
637 4043 714 4114 τῷ
732 4042 869 4114 Θεῷ.

471 4133 580 4187 Τοῦ
602 4133 815 4188 αὑτοῦ..
856 4135 1063 4205 Ὥσπερ
1111 4132 1232 4187 Ἰὼϐ
1281 4133 1392 4205 (54)
1429 4134 1529 4205 τὴν
1574 4132 1860 4206 πλήξασαν
1891 4135 1982 4189 αύ.

392 4226 485 4279 τδν
521 4225 750 4296 δύναμιν
776 4227 933 4298 χεῖρα
959 4224 1106 4294 λέγει
1147 4223 1304 4277 Θεοῦ·
1336 4242 1354 4275 ι
1393 4225 1487 4295 Μή
1527 4240 1594 4293 με
1625 4221 1919 4294 στροϐείτω
1956 4242 1974 4274 ι

394 4320 521 4392 γὰρ,
547 4319 730 4391 φησὶν,
778 4337 796 4369 ι
837 4320 870 4389 ὴ
907 4316 1028 4389 χείρ
1064 4334 1178 4370 σου·
1225 4336 1242 4368 ι
1298 4314 1444 4370 οὕτω
1474 4317 1716 4378 καὶτοὺς
1754 4315 1982 4387 ἐχθροὺς

393 4414 490 4482 τῆς
530 4411 880 4484 εὐεργετικῆς
914 4410 1094 4482 χειρὸς
1134 4408 1226 4462 τοῦ
1255 4407 1410 4472 Θεοῦ,
1443 4409 1719 4479 ῥομφαίαν
1758 4410 1786 4462 6
1817 4407 1982 4462 Δαυῒδ

393 4501 551 4587 καλῌεῖ
573 4500 664 4553 τοῦ
689 4499 844 4552 Θεοῦ.
883 4498 1217 4571 Εὐεργετικὴ
1250 4497 1306 4550 δὲ
1337 4497 1457 4569 χεὶρ
1482 4499 1530 4551 οἱ
1559 4499 1704 4587 ἀγιοι
1735 4498 1975 4567 ἄγγελοι,
2011 4533 2054 4587 D

392 4591 460 4646 δι’
478 4583 553 4644 ὧν
581 4593 610 4643 6
633 4591 766 4654 Θεὸς
809 4592 1116 4659 προνοεῖται
1148 4589 1242 4642 τοῦ
1281 4588 1507 4659 κόσμου,
1533 4582 1616 4652 οἷς
1647 4587 1980 4642 ἀντίκεινται

394 4681 664 4753 δαίμονες,
696 4683 742 4734 οἱ
780 4681 855 4752 μὴ
892 4680 1203 4752 βουλόμενοι
1239 4679 1416 4733 πάντα
1439 4678 1724 4749 ἄνθρωπον
1755 4680 1835 4741 εἰς
1862 4679 1981 4732 ἐπί-

403 4788 592 4842 γνωσιν
622 4773 877 4844 ἀληθείας
913 4771 1105 4826 ἐλθεῖν.
1139 4771 1279 4841 Χεὶρ
1300 4769 1435 4824 Θεοῦ
1453 4773 1481 4824 6
1507 4769 1801 4841 μονογενὴς
1826 4769 1976 4834 Υἱός·

398 4866 641 4936 ῥομφαία
664 4865 720 4919 δέ
752 4867 786 4936 ἡ
818 4866 992 4935 ίσχὺς,
1034 4866 1066 4936 ἠ
1111 4865 1357 4936 δύναμις,
1395 4865 1427 4936 ἡ
1464 4863 1700 4928 ἐξουσία.
1744 4861 1981 4933 Ἑκάστη

393 4957 540 5030 ψυχὴ
559 4957 740 5011 δικαία
758 4956 989 5010 ἕλκουσα
1016 4957 1141 5020 τοὺς
1165 4957 1522 5028 ἁμαρτωλοὺς
1555 4955 1614 5020 ἐξ
1634 4955 1882 5019 ἀσεϐείας
1903 4957 1984 5018 είς

396 5050 727 5115 θεοσέϐειαν,
763 5049 1004 5121 ῥομφαία
1042 5049 1158 5102 ἐστὶ
1193 5048 1326 5102 Θεοῦ
1354 5048 1667 5119 ἠκονημένη
1700 5047 1843 5100 κατὰ
1870 5046 1979 5100 τῶν

399 5142 722 5212 πνευμάτων
754 5141 852 5210 τῆς
885 5140 1170 5212 πονηρίας.
1211 5139 1428 5210 Ταύτην
1465 5135 1556 5193 οὖν
1583 5138 1680 5208 τὴν
1706 5136 1981 5209 ῥομφαίαν

399 5250 493 5287 σου
525 5235 686 5306 ῥῦσαι
721 5235 830 5288 ἀπὸ
857 5233 1067 5306 ἐχθρῶν
1110 5251 1204 5287 σου
1234 5233 1342 5286 τῶν
1375 5231 1784 5302 ἀνθισταμένωύ
1810 5232 1874 5301 τῇ
1901 5231 1982 5292 είς

398 5325 488 5379 τὸν
517 5325 793 5396 Μονογενῆ
819 5325 1020 5381 πίστει.

469 5490 514 5524 ⁸⁷
539 5489 716 5545 Eccle.
754 5506 808 5555 ιι,
833 5488 886 5542 4.
961 5488 1006 5520 ⁸⁸
1033 5487 1231 5559 Ephes.
1255 5500 1329 5550 ιν,
1350 5485 1444 5539 27.
1521 5484 1565 5517 ⁸³
1590 5482 1712 5538 Job.
1738 5498 1814 5549 ιχ,
1839 5482 1928 5537 54.

492 5601 583 5668 49)
613 5600 829 5654 Ἕνδον
855 5599 1052 5664 ὄντας.
1083 5607 1188 5652 etc.
1224 5595 1565 5668 Codexiﬂoe.

492 5601 583 5668 49)
613 5601 829 5654 Ἔνδον
855 5601 1052 5664 ὄντας.
1083 5607 1188 5652 etc.
1224 5601 1403 5651 Codex
1430 5601 1565 5648 Roe.

468 5601 584 5756 (59)
630 5670 848 5756 Τοῦτον
881 5668 1216 5724 κυκλοῦσιν
1242 5669 1296 5720 οἱ
1320 5665 1620 5734 δαίμονες,
1646 5671 1754 5720 etc.
1786 5661 1971 5719 Codex

400 5742 650 5805 C0islin.,
682 5742 762 5795 l0.

475 5813 585 5886 (51)
625 5814 720 5867 Ἐν
752 5809 1144 5881 ἀποκρύφοις,
1172 5817 1279 5865 etc.
1308 5805 1487 5864 Codex
1520 5805 1656 5859 Roe.

2094 574 2244 637 mici,
2281 590 2386 628 non
2414 576 2560 628 enim
2597 586 2839 644 possunt,
2866 580 2958 631 sed
2990 580 3210 646 quando
3249 591 3402 636 extra
3433 583 3676 652 ejiciunt.

2095 665 2159 719 Et
2186 676 2517 734 statuerunt,
2569 668 2766 737 inquit,
2799 670 2988 724 oculos
3019 685 3147 726 suos
3199 673 3250 726 in
3284 690 3369 728 me
3398 675 3679 732 declinare

2094 770 2123 809 a
2157 756 2297 809 coelo
2330 756 2380 809 in
2413 765 2631 822 terram,
2671 759 2772 812 hoc
2808 769 2888 813 est
2916 761 2966 813 in
3021 763 3328 818 materiam.
3369 766 3445 818 Ad
3477 781 3680 822 nocen-

2091 847 2216 899 dmn
2250 855 2426 900 autem
2457 857 2510 900 et
2539 849 2871 916 perdendum
2905 851 3243 905 circumdant
3274 855 3364 923 qui
3401 856 3536 911 nihil
3571 857 3675 912 nisi

2094 945 2310 990 terrena
2358 948 2415 991 et
2464 946 2806 1008 temporanea
2862 941 3042 996 videre
3087 955 3355 1011 quazrunt,
3403 946 3677 1002 declinant

2089 1043 2221 1082 vero
2270 1029 2365 1097 qui
2422 1039 2626 1083 rectam
2681 1031 2820 1084 viam
2874 1043 3210 1100 pervertunt,
3255 1036 3417 1090 etiam
3463 1038 3672 1107 impru-

2091 1120 2307 1176 dentes.

2161 1211 2436 1282 Ejusdem.
2506 1214 2657 1270 llunc
2707 1217 3054 1272 circumdant
3111 1219 3385 1276 dzemones
3429 1238 3590 1292 quem
3643 1239 3681 1279 e

2088 1304 2290 1358 virtute
2327 1306 2606 1376 dejiciunt.
2647 1308 3015 1376 Quamobrem
3072 1313 3294 1380 pulchre
3351 1316 3550 1370 dicitur
3576 1315 3620 1349 ⁸⁷
3655 1335 3673 1370 ι

2098 1415 2115 1447 ι
2147 1394 2202 1449 Si
2234 1397 2460 1465 Spiritus
2490 1407 2811 1466 potestatem
2843 1399 3098 1454 habentis
3147 1403 3460 1458 ascenderit
3512 1405 3562 1458 in
3595 1412 3672 1469 te,

2089 1487 2266 1542 locum
2322 1497 2470 1540 tuum
2530 1505 2598 1544 ne
2645 1491 2892 1546 deseras.
2934 1511 2953 1544 ι
2998 1489 3064 1546 Et
3114 1493 3243 1547 illud
3270 1494 3315 1525 "'
3362 1510 3376 1549 :
3435 1514 3453 1546 ι
3498 1496 3676 1552 Nolite

2088 1581 2215 1634 dare
2240 1581 2416 1635 locum
2443 1579 2701 1648 maligno.
2729 1599 2746 1632 ι
2771 1581 2936 1648 Quasi
2961 1583 3163 1638 diceret
3189 1602 3203 1638 :
3233 1585 3286 1637 Si
3317 1585 3540 1654 Spiritus
3568 1585 3678 1641 for-

2087 1669 2377 1725 nicationis
2401 1671 2706 1726 ascenderit
2730 1671 2784 1725 in
2812 1680 2881 1735 te,
2906 1672 3294 1727 continentiam
3325 1686 3469 1728 tuam
3495 1692 3562 1730 ne
3583 1677 3674 1730 de-

2088 1777 2257 1818 seras.
2282 1761 2412 1816 Etsi
2443 1763 2661 1832 Spiritus
2683 1764 2795 1818 odii
2822 1767 3134 1821 ascenderit
3165 1768 3215 1820 in
3252 1778 3322 1834 te,
3348 1768 3672 1823 charitatcm

2085 1861 2229 1905 tuam
2265 1867 2331 1905 ne
2353 1853 2594 1908 deseras.
2611 1853 2876 1908 Caeterum
2900 1857 3350 1912 considerandum
3373 1869 3456 1912 est
3482 1877 3549 1914 an
3577 1860 3671 1930 qui

2087 1940 2154 1995 ab
2175 1941 2428 1996 omnibus
2457 1943 2749 1997 virtutibus
2774 1944 2990 2009 decidit,
3015 1947 3400 2012 circmndetur,
3422 1964 3488 2002 an
3514 1950 3603 2018 qui
3639 1966 3669 2003 a

2085 2031 2288 2098 multis,
2324 2049 2390 2086 an
2438 2033 2530 2102 qui
2561 2035 2626 2088 ab
2663 2051 2790 2087 una.
2849 2035 2905 2090 Si
2939 2053 3057 2092 sese
3089 2039 3319 2094 invicem
3365 2048 3671 2110 sequuntur

2085 2119 2330 2186 malitiae,
2356 2122 2810 2188 quemadmodum
2843 2133 2895 2178 et
2929 2126 3178 2194 virtutes,
3209 2129 3298 2196 qni
3337 2130 3403 2183 ab
3432 2145 3533 2184 nna
3569 2132 3672 2185 vir-

2084 2217 2197 2261 tute
2226 2211 2448 2276 excidit,
2501 2209 2888 2266 circumdatur.
2953 2213 3009 2269 Si
3048 2226 3226 2270 autem
3263 2235 3386 2272 sese
3435 2220 3666 2276 invicem

2084 2315 2190 2353 non
2214 2312 2539 2370 sequuntur,
2570 2320 2675 2359 non
2707 2307 2797 2375 qui
2835 2307 2902 2360 ab
2928 2323 3032 2362 una
3063 2309 3264 2363 virtute
3296 2313 3522 2376 excidit,
3555 2315 3666 2366 eir-

2078 2391 2394 2460 cumdatur,
2434 2398 2526 2449 sed
2573 2398 2662 2466 qui
2697 2401 2764 2452 ab
2800 2400 3077 2454 omnibus.
3121 2401 3215 2455 Vel
3267 2403 3406 2458 forte
3453 2422 3482 2460 e
3527 2422 3667 2475 qua-

2077 2501 2293 2557 cunque
2335 2488 2538 2546 virtute
2588 2493 2711 2561 quis
2747 2493 2972 2561 excidit,
3003 2496 3072 2550 ab
3101 2511 3162 2551 ea
3207 2513 3326 2568 quae
3362 2498 3438 2553 illi
3473 2501 3663 2556 adver-

2081 2592 2257 2649 satur,
2291 2584 2496 2639 malitia
2526 2586 2918 2641 circumdatur.

2156 2673 2318 2730 Vens.
2355 2675 2442 2731 12.
2507 2676 2858 2746 Susceperunt
2908 2693 2989 2732 me
3037 2678 3170 2732 sicut
3215 2679 3292 2733 leo
3338 2690 3554 2747 paratus
3598 2681 3669 2734 ad

2079 2767 2317 2834 pra-dam
2348 2783 2366 2820 :
2397 2779 2442 2820 et
2466 2769 2601 2820 sicut
2636 2767 2845 2821 catulus
2878 2769 3042 2824 leonis
3078 2771 3321 2824 habitam
3365 2772 3417 2824 in
3453 2774 3666 2838 abditis,

2081 2867 2189 2913 etc.
2231 2857 2287 2912 in
2319 2858 2571 2914 obscuris
2603 2860 2752 2914 enim
2803 2870 2867 2914 et
2893 2861 3047 2916 nobis
3094 2862 3502 2932 inopinantibus
3531 2865 3666 2921 insi-

2081 2949 2304 3004 diantur
2338 2949 2543 3003 inimici
2581 2950 2724 3004 sicut
2748 2950 2961 3004 catulus
2989 2951 3178 3005 leonis.

2155 3038 2431 3107 Ejusdem.
2512 3039 2616 3093 Per
2669 3041 2980 3097 immundus
3030 3045 3388 3112 cogitationes
3436 3048 3668 3116 suscipit

2085 3143 2325 3186 mentem
2365 3142 2606 3185 nostram
2658 3135 3004 3189 adversarius
3048 3144 3233 3190 noster
3279 3138 3380 3190 leo.
3437 3137 3662 3205 Abjecm

2083 3224 2314 3278 naturali
2367 3224 2580 3278 ratione
2633 3224 2782 3279 feras
2831 3226 3115 3280 imitantur
3148 3243 3266 3297 qua:
3296 3229 3548 3282 alimenta
3591 3231 3663 3284 ita

2081 3325 2338 3386 appetan
2391 3326 2450 3371 ut
2498 3317 2550 3371 in
2592 3333 2654 3372 ea
2693 3320 2861 3373 semel
2906 3329 3196 3389 conspecta
3246 3321 3426 3375 subito
3461 3321 3664 3390 impetu

2081 3409 2347 3464 ferantur.
2425 3439 2433 3445 -

2155 3500 2318 3555 Vens.
2351 3500 2550 3565 £15,”.
2612 3500 2872 3572 Exsurge,
2924 3501 3169 3568 Domine,
3216 3502 3445 3572 prwveni
3487 3517 3572 3556 eos
3613 3510 3664 3556 et

2080 3592 2362 3659 supplanta
2397 3606 2521 3655 eos;
2554 3594 2693 3661 eripe
2720 3593 2954 3645 animum
3005 3607 3175 3644 meum
3218 3592 3283 3646 ab
3319 3595 3496 3659 impio,
3551 3593 3667 3662 fra-

2083 3700 2251 3736 meam
2286 3693 2430 3738 tuam
2471 3687 2535 3740 ab
2577 3685 2805 3738 inimicis
2846 3699 3036 3736 manus
3089 3693 3212 3747 tua’,
3257 3695 3362 3738 etc.
3407 3683 3500 3736 Dei
3557 3684 3666 3739 fra-t

2083 3789 2255 3828 meam
2279 3777 2570 3846 aliquando
2595 3775 2797 3830 inimici
2814 3789 3006 3829 manus
3031 3774 3146 3842 eius
3174 3785 3456 3829 assnnmnt
3474 3774 3666 3828 adver-

2082 3881 2201 3920 sum
2231 3881 2350 3921 nos.
2390 3868 2433 3922 A
2475 3868 2583 3922 Deo
2616 3868 2778 3936 igitur
2810 3866 2945 3936 petit
2987 3866 3127 3921 hanc
3159 3867 3226 3921 ab
3267 3865 3502 3922 inimicis
3525 3863 3664 3934 eripi

2082 3967 2136 4011 et
2165 3957 2391 4012 auferri.

2153 4136 2428 4206 Ejusdem.
2490 4135 2956 4203 Quemadmodum
2987 4133 3090 4190 Job
3123 4133 3232 4187 vim
3261 4135 3434 4204 ipsum
3476 4131 3660 4200 ﬂagel-

2082 4229 2281 4283 lantem
2320 4229 2412 4282 Dei
2460 4243 2677 4281 manum
2719 4227 2956 4296 appellat
2994 4244 3008 4280 :
3051 4245 3067 4278 ι
3103 4225 3220 4281 Non
3253 4241 3362 4289 me,
3390 4225 3660 4295 inquit",

2085 4329 2338 4390 torqueat
2365 4334 2555 4373 manus
2588 4328 2714 4384 tua;
2740 4336 2758 4368 ι
2791 4317 2869 4372 sic
2893 4327 2949 4372 et
2986 4317 3235 4371 inimicos
3263 4315 3522 4370 benefica:
3552 4331 3663 4369 ma-

2086 4426 2184 4467 nus
2211 4411 2325 4476 Dei,
2363 4409 2624 4464 frameam
2658 4409 2752 4464 Dei
2785 4421 2943 4464 vocat
2969 4409 3156 4462 David.
3198 4406 3448 4462 Bcnefica
3475 4417 3660 4461 autem

2085 4516 2277 4556 manus
2307 4501 2422 4566 Dei,
2451 4499 2624 4554 sancti
2655 4497 2832 4569 angeli
2866 4506 3014 4562 sunt,
3043 4512 3140 4566 per
3168 4511 3306 4566 quos
3339 4496 3478 4551 Deus
3512 4511 3665 4550 mun-

2083 4591 2152 4645 do
2186 4591 2454 4662 providet,
2493 4599 2548 4645 et
2594 4591 2795 4660 quibus
2830 4590 3104 4644 dmnones
3153 4589 3537 4653 adversantur,
3567 4586 3660 4656 qui

2086 4682 2278 4737 nolunt
2311 4697 2500 4737 omnes
2551 4683 2802 4738 homines
2835 4682 2902 4736 ad
2949 4681 3195 4736 veritatis
3231 4679 3479 4733 notitiam
3507 4692 3662 4732 acce-

2085 4777 2232 4830 dere.
2277 4774 2466 4829 Manus
2513 4774 2626 4836 Dei,
2681 4773 2996 4844 unigenitus
3045 4771 3214 4826 Filius
3264 4779 3376 4833 est;
3431 4768 3660 4833 framea,

2084 4867 2278 4932 virtus,
2325 4868 2408 4920 vis
2437 4876 2489 4920 et
2522 4875 2782 4936 potestas.
2840 4864 3107 4932 Quaelibet
3151 4861 3328 4915 anima
3363 4859 3506 4928 insta
3545 4873 3665 4927 qum

2085 4970 2402 5030 peccatores
2451 4960 2621 5028 trahit
2666 4959 2732 5011 ab
2757 4957 3038 5026 impietate
3080 4955 3144 5008 ad
3193 4953 3472 5024 pietatem,
3499 4950 3666 5022 605

2084 5051 2288 5105 framea
2321 5051 2411 5104 Dei
2444 5061 2527 5105 est
2557 5059 2715 5102 acuta
2746 5057 2938 5102 contra
2971 5047 3195 5114 spiritus
3228 5043 3467 5098 malitiaa.
3513 5041 3664 5094 Hanc

2085 5140 2246 5210 igitur
2272 5140 2530 5194 frameam
2559 5148 2704 5191 tuam
2737 5139 2885 5206 eripe
2915 5137 2982 5192 ah
3011 5135 3244 5191 inimicis
3268 5133 3394 5197 tuis,
3419 5131 3507 5200 qui
3541 5129 3662 5183 ﬁdei

2086 5233 2140 5286 iu
2179 5229 2528 5302 Unigenitum
2558 5230 2941 5286 adversantur.

2146 5588 2261 5656 (ὅὲ)
2290 5583 2392 5656 Διὰ
2412 5584 2517 5656 τοῦ
2547 5579 2909 5656 ἀκαθάρτου,
2933 5588 3039 5656 e__tc.
3063 5577 3242 5656 Codex
3266 5572 3661 5630 Coislinianus.

2155 5650 2267 5734 (52’?)
2303 5655 2423 5734 [ἣν
2447 5653 2773 5734 ﬂagitetur,
2809 5662 2914 5734 etc:
2942 5650 3256 5734 Cord'erius.
3285 5715 3297 5726 ⁸

2087 5798 2130 5852 Β
2306 5710 2538 5792 "do-58.6
2566 5710 2702 5790 Ἰὼϐ,
2739 5710 2842 5775 etc.
2870 5719 3051 5775 Codex
3078 5715 3441 5772 Coislinianus
3485 5710 3572 5776 to,
3615 5717 3669 5763 et

2136 5815 2196 5852 llr
2236 5813 2383 5852 ariis.
