4100 6442
442 283 581 336 1⁵327

1786 276 1876 331 EX
1912 275 2213 333 ORIGENE

3549 281 3573 335 1
3585 282 3692 340 2‘28

436 404 576 451 cttur
610 395 857 450 Christus
902 391 1093 447 sedere
1134 404 1297 462 super
1340 390 1589 445 thronum
1635 390 1804 447 David
1853 395 2004 462 patri:

2124 394 2217 446 νῦν
2249 392 2463 463 λέγεται
2494 391 2819 457 καθέζεσθαι
2853 393 2942 448 ὲπὶ
2978 394 3166 467 Θρόνου
3196 397 3359 452 Δαυῗδ
3374 389 3695 460 τοῦπατρὸς

436 504 540 541 ειιι.

511 577 679 633 Vens.
712 577 765 638 8,
792 574 845 629 9.
876 573 1148 630 Commota
1176 582 1250 627 est
1281 580 1331 627 et
1362 573 1674 627 contremuit
1692 582 1863 628 terra:
1891 574 2015 644 [un-

441 674 690 725 damenta
718 666 971 721 montium
995 664 1308 719 conturbata
1328 675 1482 729 sunt,
1512 674 1558 718 et
1587 675 1845 720 commota
1867 674 2010 730 sunt,

435 759 685 829 quoniam
722 758 890 811 iratus
922 765 995 810 est
1028 756 1102 810 eis
1131 755 1291 811 Deus.
1323 755 1575 810 Ascendit
1619 756 1797 824 fumus
1830 758 1884 810 in
1931 759 2012 811 ira

434 850 571 916 eius,
597 856 645 902 et
675 847 813 918 ignis
838 864 869 900 a
902 846 1038 917 [acie
1068 842 1181 914 ejus
1210 846 1438 911 exarsit;
1476 846 1726 901 carbones
1776 848 2014 902 succensi

438 945 559 993 sunt
594 940 659 994 ab
688 955 780 1003 eo,
832 948 943 993 etet
993 936 1172 993 Stanti
1229 936 1447 1006 quidem
1495 945 1602 991 stat
1648 938 1826 1002 Deus,
1861 948 2010 995 moto

435 1037 617 1083 autem
651 1035 932 1091 movetur,
968 1026 1046 1080 uti
1084 1024 1152 1079 ad
1176 1023 1416 1095 Moysem
1443 1025 1645 1080 dictum
1689 1034 1803 1080 est:
1848 1043 1867 1078 ι
1907 1028 2005 1082 Sta

434 1135 619 1176 coram
656 1118 958 1174 Pharaone.
996 1137 1017 1171 ι
1069 1118 1300 1186 Quando
1329 1132 1460 1173 vero
1493 1117 1601 1174 Deo
1628 1132 1732 1172 non
1772 1118 2010 1173 obedivit

432 1213 603 1267 Adam
622 1252 637 1277 ,
668 1211 762 1267 sed
794 1209 971 1281 potius
1002 1210 1158 1265 uxori
1211 1224 1415 1265 morem
1446 1210 1645 1281 gessit,
1693 1218 1822 1264 tunc
1851 1209 2007 1263 audi-

436 1305 512 1357 vit
546 1303 836 1359 Dominum
864 1301 1039 1357 Deum
1080 1300 1550 1357 deambulantem:
1592 1301 1694 1371 ipsi
1722 1301 1867 1357 enim
1897 1316 2005 1356 non

434 1395 668 1465 amplius
722 1394 903 1449 stabat
940 1391 1119 1459 Deus,
1154 1402 1319 1462 atque
1363 1400 1426 1447 ut
1452 1391 1625 1448 bonus
1676 1391 1839 1461 judes
1898 1406 2004 1446 non

438 1488 636 1542 stabat.
668 1486 933 1543 Caeterum
974 1484 1086 1540 Deo
1113 1499 1171 1540 se
1207 1492 1459 1540 movente
1482 1484 1865 1539 contremiscit
1899 1497 2004 1539 non

433 1580 660 1645 coelum,
687 1577 782 1633 sed
816 1586 991 1642 terra,
1021 1584 1075 1631 et
1100 1573 1461 1631 fundamenta
1487 1575 1755 1630 montium
1777 1584 2003 1630 cuntur-

433 1669 669 1734 bantur;
732 1683 851 1737 quae
914 1667 1176 1722 montium
1242 1662 1601 1721 fundamenta
1653 1666 2005 1721 conturbabit

2115 478 2302 533 αὑτοῦ.

2184 569 2297 623 Καὶ
2330 570 2652 639 ἐσαλεύθη,
2681 571 2781 625 καὶ
2810 573 3094 644 ἔντρομος
3117 577 3372 648 ἐγενήθη
3400 581 3438 649 ἠ
3461 578 3558 652 γῆ,
3592 584 3690 639 καὶ

2114 659 2187 714 τὰ
2209 660 2450 730 θεμέλια
2486 660 2605 715 τῶν
2633 660 2818 731 ὀρέων
2842 663 3283 735 ἐταράχθησαν,
3310 671 3410 726 καὶ
3431 671 3686 728 ἐσαλεύ-

2114 751 2329 818 θησαν,
2348 750 2435 803 ὅτι
2462 751 2723 820 ὠργίσθη
2761 753 2966 819 αὐτοῖς
2995 757 3027 808 ὀ
3048 757 3209 824 Θεός.
3233 759 3429 829 Ἀνέϐη
3457 764 3690 829 καπνὸς

2110 840 2182 894 ἐν
2210 840 2358 911 ὀργῆ
2398 842 2614 909 αὑτοῦ,
2654 844 2750 897 καὶ
2794 846 2916 915 πῦρ
2966 847 3086 902 ἀπὸ
3130 850 3455 917 προσώπου
3502 853 3691 908 αὐτοῦ

2111 935 2579 1002 κατεφλόγισεν·
2614 935 2908 1005 ἄνθρακες
2930 938 3294 1009 ἀνήφθησαν
3335 942 3437 997 ἀπ’
3475 945 3686 1006 αὐτοῦ,

2110 1040 2165 1076 κ.
2189 1040 2240 1077 τ.
2268 1025 2314 1078 ὲ.
2354 1024 2444 1095 Τῷ
2477 1025 2574 1095 μὲν
2600 1026 2853 1097 ἑστηκότι
2887 1028 2999 1099 (70)
3025 1029 3254 1099 ἕστηκεν
3292 1034 3321 1085 6
3346 1032 3495 1098 Θεὸς,
3529 1033 3605 1104 τῷ
3631 1033 3689 1086 δὲ

2112 1113 2454 1186 σαλευομένῳ
2485 1114 2787 1182 σαλεύεται,
2821 1118 2898 1182 ὡς
2928 1120 3153 1172 Μωῦσεί
3185 1120 3430 1190 λέγεται·
3469 1144 3484 1175 ι
3524 1125 3688 1197 Στῆθι

2109 1207 2349 1261 ἐναντίον
2382 1206 2602 1279 Φαραώ.
2641 1227 2659 1261 ι
2695 1210 2823 1263 Ὅτε
2866 1210 3117 1281 μέντοιγε
3165 1212 3336 1285 ’Δδὰμ
3371 1220 3687 1287 παρήκουσε

2107 1299 2201 1352 τοῦ
2229 1298 2384 1365 Θεοῦ,
2413 1299 2682 1371 μᾶλλονδὲ
2705 1302 2803 1373 τῆς
2826 1303 3079 1371 γυναικὸς
3104 1304 3326 1375 ἤκουσε,
3343 1307 3464 1360 τότε
3490 1309 3689 1378 ἤκουσε

2108 1389 2313 1462 Κυρίου
2356 1390 2451 1444 τοῦ
2486 1389 2619 1444 Θεοῦ
2661 1394 3113 1463 περιπατοῦντος
3158 1397 3342 1451 οὐκέτι
3388 1398 3496 1470 γὰρ
3540 1398 3690 1471 αὐτῷ

2109 1484 2326 1554 ἑστήκει
2345 1486 2373 1537 6
2399 1483 2551 1548 Θεὸς,
2580 1484 2674 1538 καὶ
2704 1485 2779 1549 ὡς
2810 1485 3011 1554 ἀγαθὸς
3029 1487 3087 1540 δὲ
3118 1489 3147 1541 6
3172 1489 3374 1560 κρίνων
3404 1492 3502 1562 οὐχ
3523 1490 3689 1563 ἔστη-ο

2106 1592 2191 1629 κε.
2215 1575 2581 1648 Σαλευομένου
2605 1578 2661 1631 δὲ
2686 1577 2820 1631 Θεοῦ
2852 1578 3111 1651 ἔντρομος
3142 1581 3348 1649 γίνεται
3388 1583 3486 1636 οὐκ
3526 1585 3689 1655 ούρα-

2107 1670 2215 1735 νὸς,
2242 1668 2377 1722 ἀλλά
2408 1671 2440 1740 ὴ
2474 1670 2566 1740 γῆ,
2601 1670 2696 1723 καὶ
2737 1669 2959 1740 θεμέλια
2988 1670 3095 1725 τῶν
3126 1672 3297 1742 ὀρέων
3329 1675 3684 1747 ταράσσεται,

433 1761 575 1831 ignis
608 1760 697 1831 qui
742 1776 808 1817 ex
857 1759 1037 1815 furore
1075 1757 1287 1812 Domini
1322 1758 1692 1814 succenditur.
1752 1777 1772 1810 ι
1812 1756 2002 1813 Vultus

2109 1760 2251 1831 ειπερ
2284 1739 2507 1831 θεμέλια
2534 1739 2639 1814 τῶν
2667 1739 2836 1831 ὀρέων
2862 1761 3084 1833 ταράξει
3108 1739 3172 1816 τὸ
3184 1739 3540 1835 ἐκκαιόμενον
3573 1739 3688 1838 πῦρ

431 1862 612 1907 autem
656 1852 871 1907 Domini
905 1866 1067 1922 super
1107 1852 1372 1906 facientes
1423 1850 1562 1905 mala
1594 1851 1674 1915 ⁶δ;
1733 1869 1751 1902 ι
1792 1859 2009 1904 sanctos

429 1945 569 1999 enim
623 1944 929 2011 illuminat,
989 1943 1144 2013 juxta
1201 1942 1331 1997 illud
1361 1941 1408 1973 “
1448 1959 1461 1997 :
1501 1960 1520 1994 ι
1584 1940 1866 2012 Signatum
1917 1950 2009 1996 est

429 2053 592 2109 super
621 2052 719 2092 nos
760 2036 941 2092 lumen
968 2036 1155 2090 vultus
1188 2035 1286 2089 tui.
1323 2054 1343 2087 ι

499 2216 772 2287 Ejusdem.
816 2234 834 2267 ι
872 2212 939 2268 Et
972 2213 1112 2284 ignis
1142 2229 1168 2266 a
1204 2209 1344 2268 facie
1367 2212 1484 2282 ejus
1513 2212 1755 2277 exarsit,
1784 2232 1805 2265 ιι
1857 2226 2007 2267 com-

427 2312 629 2365 burens
672 2307 851 2379 ligna,
904 2306 1145 2369 faenum,
1177 2305 1466 2376 stipulam,
1500 2307 1603 2361 hOc
1644 2314 1763 2371 est,
1805 2322 2003 2362 consu-

429 2416 585 2457 mens
624 2399 795 2455 malos
825 2398 1065 2453 habitus.
1115 2396 1205 2453 Sic
1240 2398 1367 2452 olim
1425 2398 1719 2453 combussit
1762 2398 2005 2469 publica-

429 2507 557 2545 num
588 2489 918 2554 Matthaeum,
955 2485 1177 2542 Paulum
1203 2496 1606 2558 persecutorem
1644 2496 1697 2542 et
1722 2496 2008 2543 contumeo

428 2583 645 2638 liosum.

498 2673 772 2741 Ejusdem.
850 2671 992 2726 Deus
1044 2678 1300 2739 tanquam
1364 2667 1542 2723 bonus
1596 2677 1877 2732 movetur,
1936 2682 2004 2724 ne

2109 1853 2174 1905 ὲκ
2203 1851 2295 1904 τοῦ
2326 1851 2499 1923 θυμοῦ
2522 1850 2615 1904 τοῦ
2649 1850 2806 1904 Θεοῦ.
2841 1870 2859 1903 ‹
2900 1853 3198 1923 Πρόσωπον
3227 1854 3283 1907 δὲ
3333 1856 3540 1926 Κυρίου
3590 1854 3685 1909 ἐπὶ

2110 1942 2394 2007 ποιοῦντας
2453 1944 2644 1997 κιικόι⁸
2704 1964 2723 1995 ι
2795 1944 2983 2012 ἁγίους
3039 1944 3150 2015 γὰρ
3207 1946 3463 2015 φωτίζει,
3534 1943 3680 2003 οἷον·

2113 2052 2132 2084 ι
2188 2034 2527 2105 Ἐσημειὼθη
2577 2035 2661 2104 ἐφ’
2721 2038 2870 2107 ἡμᾶς
2927 2036 2988 2088 τὸ
3049 2036 3165 2106 φῶς
3236 2037 3330 2091 τοῦ
3388 2040 3682 2110 προσώπου

2107 2137 2220 2174 σου.
2267 2138 2286 2172 ι

2184 2212 2293 2267 Τοῦ
2319 2214 2527 2267 αὐτοῦ.
2575 2233 2593 2265 ι
2629 2216 2738 2268 Καὶ
2762 2213 2873 2287 πῦρ
2906 2216 3012 2270 ἀπὸ
3042 2217 3335 2287 προσώπου
3366 2219 3480 2291 (7|)
3512 2221 3679 2276 αὐτοῦ

2102 2305 2514 2376 κατεφλόγισεν,
2548 2328 2565 2359 ι
2616 2312 2911 2363 κατακαῖον
2948 2308 3109 2376 ξύλα,
3145 2312 3355 2382 χόρτον,
3405 2312 3677 2385 καλάμην,

2103 2397 2376 2451 τουτέστιν
2406 2399 2696 2454 ἀναλίσκον
2729 2400 2828 2464 τὰς
2857 2402 3098 2473 πονηρὰς
3132 2403 3292 2470 ἕξεις.
3328 2403 3483 2459 Οῦτω
3517 2408 3679 2461 κατέ-

2105 2488 2275 2541 καυσε
2303 2506 2433 2542 ποτε
2464 2489 2702 2560 τελώνην
2734 2491 2837 2561 μὲν
2863 2492 2991 2545 ὅντα
3019 2493 3109 2546 τὸν
3137 2493 3433 2561 Ματθαῖον,
3469 2497 3681 2552 Παῦλον

2102 2577 2160 2631 δὲ
2181 2576 2415 2649 διώκτην
2444 2585 2537 2633 καὶ
2568 2580 2850 2651 ὑϐριστήν.

2179 2665 2289 2723 Τοῦ
2321 2668 2528 2723 αὐτοῦ.
2564 2671 2649 2733 Ὠς
2678 2670 2879 2739 ἀγαθὸς
2909 2674 2936 2725 6
2955 2672 3086 2736 Θεὸς
3122 2673 3231 2743 (72)
3261 2676 3563 2739 σαλεύεται,
3593 2678 3680 2730 ἵνα

425 2763 658 2834 amplius
720 2771 865 2819 terra
921 2763 1097 2833 ipsum
1153 2768 1494 2827 comemnat,
1543 2758 1640 2814 sed
1690 2769 1750 2815 ut
1790 2766 2000 2829 patrem

2107 2758 2357 2830 μηκέτιή
2386 2760 2457 2830 γῆ
2487 2760 2652 2813 αὐτοῦ
2682 2766 2998 2836 καταφρονῇ
3022 2804 3038 2829 ,
3081 2765 3194 2818 ἀλλ’
3223 2766 3299 2829 ὠς
3333 2767 3545 2838 πατέρα
3585 2785 3680 2837 φο-

429 2861 773 2920 revereatur,
812 2862 868 2908 et
928 2868 997 2908 ne
1044 2848 1273 2921 amplius
1331 2850 1680 2906 fundamenta
1731 2853 1998 2905 montium

2105 2846 2263 2917 ϐῆται
2298 2850 2458 2903 αὐτόν
2486 2866 2499 2880 ·
2553 2849 2648 2902 καὶ
2701 2851 2786 2904 ἵνα
2848 2854 3041 2924 μηκέτι
3087 2853 3317 2926 ἀκίνητα
3456 2856 3524 2910 τὰ
3570 2858 3677 2913 τῶν

426 2948 652 3002 immota
688 2946 831 3011 sint,
864 2944 958 3001 sed
1002 2942 1414 3000 conturbantur.
1451 2943 1588 3011 Quin
1624 2944 1790 2999 etiam
1833 2943 1998 3009 Deus,

2105 2936 2271 3009 ὀρέων
2316 2938 2565 3009 Θεμέλια,
2592 2940 2707 2993 ἀλλ’
2745 2942 2805 2995 ὲν
2829 2946 3064 3014 ταραχῇ.
3115 2946 3228 2998 Καὶ
3272 2946 3347 3010 ὡς
3396 2947 3597 3015 ἀγαθὸς
3648 2948 3679 3000 ὁ

426 3048 698 3109 tamquam
748 3041 957 3103 bonus,
1012 3046 1095 3093 est
1136 3035 1277 3105 ignis
1328 3050 1697 3103 consumens,
1742 3038 1831 3108 qui
1882 3034 2001 3105 pri-

2105 3029 2233 3094 Θεὸς
2283 3032 2437 3085 καῖον
2485 3030 2595 3103 πῦρ
2655 3034 3069 3102 καταναλίσκον,
3128 3037 3342 3107 πρῶτον
3388 3038 3677 3093 ἀναϐαῖνον

423 3146 570 3186 mum
600 3129 902 3185 ascendens
945 3127 1151 3182 fumum
1188 3123 1448 3188 resolvit,
1487 3124 1685 3179 deinde
1728 3123 1998 3179 carbones

2105 3121 2327 3178 ἀπολύει
2355 3125 2581 3190 καπνὸν,
2617 3118 2735 3179 εἷτα
2759 3125 2987 3180 ἀνάπτει
3015 3126 3291 3199 ἄνθρακας
3310 3169 3324 3193 ,
3361 3125 3481 3184 εἶτα
3513 3148 3680 3185 κατα-

422 3219 732 3285 succendit,
765 3218 1000 3288 denique
1033 3216 1313 3272 descendit
1365 3214 1631 3271 inclinans
1661 3214 1899 3284 coelum;
1934 3231 1998 3271 ac

2105 3218 2273 3272 ϐαίνει
2304 3216 2489 3281 κλίνας
2523 3217 2770 3290 οὐρανὸν,
2803 3219 2896 3272 καὶ
2932 3219 3069 3290 μετὰ
3098 3218 3253 3274 τοῦτο
3292 3220 3532 3276 δείκνυσι
3585 3222 3678 3276 τὸν

424 3319 610 3382 postea
663 3309 1004 3365 demonstrat
1045 3305 1336 3375 caliginem
1388 3321 1508 3377 qum
1534 3314 1618 3361 est
1646 3305 1746 3361 sub
1773 3306 1998 3376 pedibus

2105 3309 2205 3363 ὑπὸ
2228 3311 2351 3374 τοὺς
2383 3308 2548 3374 πόδας
2576 3308 2740 3364 αὐτοῦ
2777 3311 2995 3381 γνόφον.
3028 3307 3161 3365 Εἶτα
3199 3310 3393 3376 ἐπιϐὰς
3433 3313 3542 3368 τῶν
3589 3331 3683 3385 χε-

422 3403 561 3473 ejus.
594 3400 799 3456 Deinde
839 3414 1003 3470 super
1054 3397 1336 3453 cherubim
1385 3398 1689 3454 ascendens
1731 3396 1916 3463 volat,
1942 3406 1999 3454 et

2105 3399 2302 3473 poub’lp.
2333 3398 2584 3464 πέταται,
2614 3399 2708 3454 καὶ
2743 3400 2969 3455 πέταται
2998 3402 3090 3455 ἐπὶ
3122 3402 3408 3475 πτερύγων
3438 3404 3676 3474 ἀνέμων.

424 3494 573 3550 volat
601 3507 765 3564 super
798 3504 1003 3561 pennas
1028 3496 1339 3543 ventorum.
1371 3487 1475 3543 Per
1498 3502 1780 3543 ascensum
1817 3497 1996 3543 autem

2112 3488 2399 3545 Ἀνάϐασιν
2419 3491 2475 3544 δὲ
2495 3490 2591 3544 καὶ
2623 3490 2925 3545 κατάϐασιν
2960 3492 3042 3545 δεῖ
3073 3493 3211 3545 νοεῖν
3239 3492 3339 3556 τὰς
3385 3495 3676 3567 διαφόρους

422 3595 479 3642 et
504 3585 825 3641 descensum
861 3579 1222 3648 intelligenda:
1260 3586 1389 3634 sunt
1418 3578 1584 3637 varia:
1626 3578 1744 3643 ejus
1781 3578 2003 3647 dispen-

2105 3582 2261 3635 αὑτοῦ
2287 3582 2596 3651 οἰκονομίας
2623 3597 2636 3611 ο
2674 3579 2796 3633 ἐπεὶ
2828 3583 2855 3633 6
2883 3581 3016 3644 Θεὸς
3049 3582 3213 3635 παντὶ
3258 3581 3352 3635 καὶ
3401 3584 3678 3655 πανταχοῦ

424 3677 701 3741 sationes;
745 3673 1001 3745 quoniam
1033 3671 1182 3727 Deus
1230 3668 1456 3726 cuilibet
1499 3678 1554 3725 et
1610 3669 1811 3740 ubique
1861 3684 1998 3739 prte-

2105 3671 2385 3744 παρέστιν.

425 3781 555 3823 εθιιε
579 3774 682 3821 εει.
3388 3813 3403 3821 -

494 3856 773 3929 Ejusdem.
810 3854 949 3911 Deus
973 3854 1026 3910 in
1055 3853 1260 3909 sanctis
1275 3852 1587 3909 hominibus
1618 3850 1918 3920 inhabitat,
1942 3860 1999 3908 et

2174 3851 2287 3908 Τοῦ
2318 3853 2525 3908 αὑτοῦ.
2561 3852 2617 3908 '0
2642 3853 2774 3918 Θεὸς
2817 3853 2875 3907 ὲν
2924 3853 3022 3924 μὲν
3064 3853 3175 3916 τοῖς
3212 3850 3387 3921 ἀγίοις
3422 3849 3536 3921 (75)
3581 3851 3677 3903 ἀν-

422 3951 732 4009 tleainhulat
757 3993 773 4020 ,
805 3949 950 4005 volat
978 3957 1158 4003 autem
1190 3962 1354 4017 super
1394 3946 1699 4003 cherubim.
1752 3945 1905 4014 Quod
1949 3944 1994 4001 si

2105 3939 2340 4013 θρώποις
2390 3942 2609 4007 ἐνοικεῖ,
2667 3941 2763 3996 καὶ
2818 3943 3207 4013 ἐμπεριπατεῖ,
3253 3940 3475 3995 ἴπταται
3510 3940 3566 3993 δὲ
3617 3941 3679 3995 ὲν

421 4057 613 4100 ventos
654 4042 745 4114 qui
788 4040 1018 4098 sensiles
1042 4049 1170 4095 sunt
1219 4038 1491 4110 accipias,
1522 4037 1860 4110 providentia
1895 4053 1995 4095 sua

2105 4035 2208 4096 τοῖς
2236 4033 2523 4106 χερουϐίμ.
2556 4034 2669 4087 Καὶ
2712 4032 2948 4105 ἀνέμους
2994 4035 3042 4087 εί
3081 4034 3208 4097 τοὺς
3252 4032 3543 4103 αἰσθητοὺς
3584 4030 3679 4086 λὰ-

422 4136 668 4194 ascendit
697 4150 861 4207 super
887 4133 1043 4198 illos,
1076 4132 1283 4187 ducens
1315 4138 1478 4202 prout
1506 4129 1643 4187 vult.

2105 4121 2232 4188 ϐοις,
2258 4123 2335 4195 τῷ
2365 4123 2506 4195 λόγῳ
2542 4123 2641 4196 τῆς
2696 4124 2953 4195 προνοίας
2982 4123 3250 4179 ἐπιϐαίνει
3281 4122 3480 4190 αὐτῶν,
3526 4122 3675 4193 ἄγων

2094 4217 2171 4282 ὡς
2204 4217 2473 4287 βούλεται.

493 4310 663 4366 Vsus.
699 4311 785 4366 12.
823 4307 891 4364 Ει
921 4312 1091 4381 posuit
1135 4311 1372 4364 tenebras
1402 4309 1683 4366 latibulum
1719 4328 1873 4367 suum
1894 4351 1910 4379 ,
1941 4314 1993 4366 in

2165 4308 2276 4362 Kal
2295 4308 2462 4364 ἔθετο
2513 4310 2737 4376 σκότος
2802 4305 3165 4378 ἀποκρυφὴν
3213 4305 3420 4371 αὐτοῦ,
3474 4308 3679 4373 κύκλῳ

419 4405 643 4459 circuitu
688 4403 853 4477 607
900 4404 1015 4475 ejus
1067 4403 1469 4458 tabernaculum
1516 4404 1631 4475 ejus
1673 4420 1692 4459 :
1723 4406 1996 4461 tenebrosa

2105 4398 2286 4453 αὑτοῦ
2313 4400 2350 4469 ἡ
2376 4399 2575 4468 σκηνὴ
2611 4399 2799 4454 αὑτοῦ
2819 4414 2834 4431 ·
2875 4397 3193 4454 σκοτεινὸν
3213 4396 3370 4465 ὕδωρ
3398 4397 3470 4451 ἐν
3500 4395 3676 4466 νεφέ-

420 4509 559 4563 aqua
586 4496 640 4547 in
672 4496 895 4549 nubibus
929 4494 1089 4559 aeris,
1121 4502 1230 4549 etc.
1249 4494 1516 4561 Quoniam
1540 4494 1719 4564 posuit
1750 4496 1999 4553 tenebras

2105 4493 2234 4556 λαις
2270 4489 2479 4558 ἀέρων,
2506 4509 2559 4545 κ.
2584 4508 2638 4545 τ.
2667 4492 2715 4544 ὲ.
2757 4490 2973 4561 Ἐπειδὴ
2996 4489 3146 4543 ἔθετο
3173 4488 3362 4551 σκότος
3388 4486 3498 4559 (74)
3544 4488 3680 4541 ἀπο-

421 4586 700 4640 latibulum
725 4600 904 4652 suum,
923 4593 975 4639 et
993 4587 1045 4640 in
1064 4585 1293 4642 circuitu
1310 4585 1426 4655 ejus
1451 4585 1854 4640 tabernaculum
1877 4586 1994 4658 ejus

2105 4579 2311 4651 κρυφὴν
2336 4579 2520 4643 αὐτοῦ,
2552 4580 2647 4635 καὶ
2672 4580 2785 4634 ἔστι
2815 4579 2998 4649 κύκλῳ
3029 4576 3195 4632 αὐτοῦ
3225 4580 3258 4649 ἡ
3286 4578 3460 4647 σκηνὴ
3489 4576 3673 4639 αὐτοῦ,

419 4688 542 4741 est,
576 4687 862 4748 propterea
903 4677 1192 4733 tenebrosa
1250 4693 1389 4747 aqua
1442 4677 1495 4732 in
1542 4678 1778 4733 nubibus
1825 4680 1988 4746 aeris,

2105 4669 2185 4725 διὰ
2206 4670 2364 4724 τοῦτο
2383 4671 2444 4725 τὸ
2472 4672 2742 4725 σκοτεινὸν
2769 4672 2911 4743 ὕδωρ
2942 4673 2998 4724 ὲν
3022 4670 3269 4739 νεφέλαις
3299 4668 3496 4739 ἀέρων,
3519 4686 3675 4723 τουτη

419 4771 525 4823 hoc
560 4777 643 4822 est
675 4767 729 4821 in
774 4766 1087 4837 prophetis:
1133 4786 1151 4819 ι
1182 4767 1448 4823 Mandabo
1489 4767 1669 4830 enim.
1694 4767 1871 4838 inquit
1907 4764 1988 4835 “,

2105 4763 2214 4819 ἐστι
2268 4763 2329 4817 τὸ
2388 4765 2446 4817 ὲν
2496 4768 2607 4828 τοῖς
2674 4765 3000 4836 προφήταις
3069 4781 3088 4815 ι
3142 4761 3487 4832 Ἐντελοῦμαι
3531 4760 3676 4832 γὰρ,

418 4856 654 4913 nubibus
683 4863 744 4910 ut
787 4870 892 4911 non
922 4855 1110 4926 pluant
1145 4871 1312 4928 super
1353 4857 1473 4913 illos
1494 4857 1733 4927 pluviam
1759 4898 1775 4925 ,
1806 4867 1859 4914 et
1886 4861 1993 4916 erit

2105 4855 2251 4926 φησὶ,
2276 4859 2395 4919 ταῖς
2416 4856 2664 4924 νεφέλαις
2692 4855 2785 4908 τοῦ
2823 4854 2897 4926 μὴ
2926 4854 3112 4926 βρέξαι
3147 4854 3233 4908 ἐπ’
3262 4853 3459 4917 αὐτοὺς
3493 4852 3669 4916 ὑετὸν,

417 4948 626 5015 fames,
655 4963 759 5003 non
812 4948 983 5005 fames
1027 4949 1218 5018 panis,
1251 4949 1345 5005 sed
1386 4948 1557 5004 fames
1580 4950 1839 5006 audiendi
1870 4967 1992 5008 vcr-

415 5045 544 5097 bnm
608 5038 821 5097 Domini
852 5036 919 5093 ⁸⁷.
962 5058 980 5092 ι
1016 5038 1075 5094 Si
1130 5039 1275 5095 Deus
1328 5052 1514 5097 noster
1571 5040 1661 5095 lux
1720 5052 1836 5107 est,
1867 5057 1996 5113 quo-

416 5131 584 5187 modo
615 5130 853 5187 tenebris
894 5129 1244 5186 occultatur?
1274 5129 1541 5187 Existimo
1580 5130 1730 5186 illum
1758 5131 1997 5187 tenebris

414 5225 680 5281 occultari
724 5224 1181 5295 quemadmodum
1214 5224 1267 5280 id
1313 5223 1459 5295 quod
1499 5224 1988 5294 cognoscitur,oc-

2092 4947 2185 4999 καὶ
2218 4945 2369 5000 ἔσται
2399 4946 2577 5018 λιμὸς,
2614 4947 2673 4999 οὑ
2712 4944 2868 5017 λιμὸς
2915 4944 3079 5017 ἄρτου
3107 4983 3124 5009 ,
3182 4943 3318 4998 ἀλλὰ
3373 4942 3528 5014 λιμὸς
3580 4942 3675 4997 τοῦ

2092 5038 2323 5093 ἀκοῦσαι
2344 5039 2501 5108 λόγον
2533 5038 2757 5109 Κυρίου.
2793 5057 2811 5088 ι
2840 5037 2902 5089 Εἰ
2942 5038 2969 5089 6
3013 5034 3147 5099 Θεὸς
3189 5033 3346 5106 ἡμῶν
3380 5032 3496 5104 φῶς
3536 5035 3674 5101 ἐστι,

2095 5130 2211 5194 πῶς
2242 5129 2576 5185 καλύπτεται
2624 5129 2838 5193 σκότει;
2873 5124 3041 5199 Οἶμαι
3074 5126 3150 5193 δὲ,
3193 5127 3274 5181 ὅτι
3322 5125 3487 5181 αὐτὸν
3533 5125 3679 5180 οῦτω

2095 5221 2361 5275 καλύπτει
2389 5222 2598 5284 σκότος,
2632 5221 2707 5285 ὡς
2732 5221 2826 5274 καὶ
2852 5222 2918 5292 τῇ
2944 5219 3140 5289 ἀγνοίᾳ
3178 5218 3240 5271 τὸ
3273 5216 3677 5288 γινωσκόμενον

489 5342 534 5374 ⁸⁵
560 5341 651 5397 Ps.
688 5355 887 5407 xum,
921 5339 1007 5395 l7.
1087 5340 1132 5371 °’
1163 5339 1255 5395 Ps.
1292 5354 1368 5407 tv,
1402 5341 1453 5393 7.
1529 5340 1575 5372 “
1607 5339 1706 5421 Isai
1747 5356 1798 5406 v,
1833 5340 1886 5395 6.
1962 5341 2004 5372 ετ

2105 5356 2209 5397 :nos
2264 5357 2383 5406 vnt,
2425 5342 2510 5396 11.

505 5482 592 5553 70)
627 5482 713 5548 Τῷ
738 5481 855 5552 μὲν
884 5483 1185 5551 ἑστηκότι,
1219 5490 1323 5538 etc.
1358 5484 1674 5539 Corderius.

483 5486 598 5627 E71)
630 5555 739 5608 Kal
768 5554 887 5623 πῦρ
914 5553 1032 5607 ἀπὸ
1063 5552 1413 5621 προσώπου,
1446 5563 1551 5609 ctc.
1592 5554 1674 5610 Sci

456 5552 598 5635 “(71)
630 5555 739 5608 Kal
768 5554 887 5623 πῦρ
914 5553 1032 5607 ἀπὸ
1063 5552 1413 5621 προσώπου,
1446 5563 1551 5609 etc.
1592 5554 1819 5612 Schedae
1849 5552 1987 5609 Gra-

416 5624 601 5764 ΙΜΙ(72)
638 5693 731 5759 Ὠς
763 5692 983 5762 ἀγαθὸς
1011 5696 1043 5748 ό
1068 5695 1230 5760 Θεός,
1262 5702 1366 5749 etc.
1396 5692 1709 5751 Corderius.

2166 5485 2277 5556 (75)
2316 5486 2369 5538 Ὁ
2400 5485 2545 5553 Θεὸς
2583 5485 2653 5539 ἐν
2695 5483 2982 5556 μὲν-τοῖς
3029 5482 3251 5556 ἁγίοις,
3270 5488 3385 5556 etc.
3449 5475 3673 5530 Scbedze

2094 5548 2306 5628 Grabifi,
2330 5566 2391 5628 Aet
2419 5548 3009 5628 codexgtloislinianus,
3037 5548 3188 5607 num.
3342 5620 3354 5628 ι
3479 5615 3513 5628 ﬁ
3555 5616 3566 5628 .
3605 5615 3637 5628 η

2165 5615 2761 5698 (74)”Επειδὴμέθετο
2793 5615 3036 5698 σκότος,
3073 5633 3190 5698 etc.
3246 5619 3428 5675 Codex
3474 5615 3669 5673 Coisli-

2096 5692 2312 5765 nianu's,
2350 5713 2502 5756 num.
2533 5692 2621 5762 l0,
2654 5705 2709 5753 et
2736 5696 2952 5752 schedia
2980 5692 3192 5749 Grabii.
