4100 6404
408 357 542 413 ii?!)

1355 353 1661 409 SEIECTA
1703 351 1769 408 IN
1793 350 2141 408 PSAIAIOS.
2175 381 2245 392 -—-
2270 351 2461 406 PSAL.
2493 353 2659 408 XVll.

3524 358 3655 412 1250

410 470 868 536 ἀνακαλύπτεται,
898 471 1017 542 ἥτις
1069 469 1143 532 ὡς
1196 469 1330 540 πρὸς
1367 469 1458 522 τὸν
1491 468 1848 536 γινώσκοντα,
1879 465 1976 518 καὶ

2086 465 2320 520 cultatur
2347 466 2646 537 ignorantia
2673 479 2792 535 qua:
2821 464 2888 520 ad
2912 476 3347 537 cognoscentem,
3378 482 3483 521 non
3515 468 3579 522 ad
3607 469 3661 524 id

405 565 468 619 οὐ
491 565 627 637 πρὸς
648 564 708 618 τὸ
735 563 1132 633 γινωσκόμενον
1170 561 1407 629 λέγεται.
1450 561 1663 632 Σκηνὴν
1703 559 1759 612 δὲ
1811 557 1974 612 αὑτοῦ

406 658 506 731 τὴν
535 659 714 729 σάρκα
736 657 1039 728 ὠνόμασεν,
1065 657 1123 708 ἐν
1209 654 1442 727 Χριστὸς
1468 651 1788 716 ἐκαθέζετο·
1810 652 1890 704 ἔτι
1919 650 1976 704 δὲ

403 753 503 804 καὶ
529 750 590 803 τὺ
613 752 776 820 φάναι
818 747 1021 822 σκηνὴν
1049 749 1136 803 διὰ
1166 749 1228 802 τὸ
1260 748 1592 819 πρόσκαιρον
1636 747 1736 817 τῆς
1771 743 1979 815 σαρκώ-

410 843 566 906 ὅ-εως.
617 860 635 894 ι
672 844 732 896 Et
782 843 891 915 γὰρ
936 841 1280 911 ἐγνώκαμεν,
1334 841 1500 911 φησι,
1551 838 1782 910 Χριστὸν
1837 835 1977 890 κατά

410 932 606 1004 σάρκα,
643 932 777 986 ἀλλά
799 934 892 986 νῦν
922 933 1104 988 οὐκέτι
1138 932 1498 1002 γινώσκομεν.
1526 951 1547 982 ι
1585 933 1656 982 Ἢ
1687 929 1828 999 τάχα
1853 945 1980 1000 σκη-

407 1023 506 1094 νὴν
531 1025 592 1077 τὸ
617 1025 775 1096 σῶμα
807 1025 1056 1096 ὠνόμασε
1094 1025 1182 1079 διὰ
1201 1024 1301 1094 τήν
1329 1023 1575 1094 ἄμπελον
1618 1023 1684 1092 ἣν
1718 1021 1777 1088 ἐξ
1810 1019 1977 1088 Αίγύ-

411 1131 544 1167 πτου
571 1119 825 1190 μετῇρεν,
855 1117 941 1170 ἵνα
965 1115 1173 1190 φυλάξῃ
1202 1115 1396 1186 αὐτὴν,
1439 1113 1596 1188 ἄχρις
1627 1107 1687 1168 οὗ
1727 1113 1976 1186 πεπανθῇ

405 1209 436 1260 ὀ
463 1206 674 1278 βότρυς,
709 1208 802 1262 καὶ⁹
845 1208 918 1280 μὴ
947 1209 1273 1280 λυμαίνηται
1308 1208 1478 1279 αὐτὴν
1524 1200 1590 1271 ὗς
1617 1208 1682 1260 ὲκ
1743 1205 1975 1278 δρυμοῦ.

401 1300 639 1353 Δύναται
658 1299 714 1354 δὲ
743 1300 943 1372 σκηνὴν
962 1300 1140 1368 λέγειν
1165 1303 1259 1354 καὶ
1307 1299 1405 1371 τὴν
1431 1300 1748 1370 σωματικὴν
1794 1299 1977 1368 φύσιν,

405 1387 520 1465 ὲ,νῇ
555 1393 687 1458 Θεὸς
714 1393 804 1448 διὰ
844 1391 936 1447 τοῦ
958 1392 1134 1462 Λόγου
1161 1391 1375 1464 ὁρᾶται,
1418 1393 1470 1445 εἴ
1495 1409 1559 1460 γε
1613 1393 1678 1444 ἐκ
1716 1390 1981 1462 καλλονῆς

408 1485 720 1556 κτισμάτων
755 1490 784 1541 ὁ
815 1487 1194 1559 γενεσιουργὺς
1240 1485 1544 1556 θεωρεῖται,
1598 1485 1692 1538 καὶ
1729 1485 1817 1538 διὰ
1869 1485 1978 1540 τῶν

404 1579 732 1650 ποιημάτων
754 1579 872 1633 νοού
881 1595 1038 1648 μενος
1064 1577 1381 1650 καθορᾶται.

479 1755 590 1810 Καὶ
645 1754 1036 1820 ἐξαπέστειλε
1079 1755 1260 1822 βέλη,
1316 1753 1414 1808 καὶ
1456 1753 1822 1810 ἐσκόοπισεν
1866 1756 1977 1808 αὺ-

410 1848 552 1914 τούς
575 1865 588 1878 ·
616 1848 714 1901 καὶ
749 1845 1059 1915 ἀστραπὰς
1081 1846 1404 1912 ἐπλήθυνε,
1439 1846 1537 1899 καὶ
1568 1845 1980 1914 συνετάραξεν

361 1955 364 1959 ·
409 1942 650 2005 αὐτούς.
669 1940 777 1994 Καὶ
805 1939 1095 2009 ὤφθησαν
1121 1941 1180 1992 at
1207 1939 1388 2008 πηγαὶ
1420 1935 1537 1990 τῶν
1585 1937 1839 2003 ὑδάτων,
1882 1939 1983 1992 καὶ

407 2034 792 2100 ἁνεκαλύφθη
837 2031 909 2085 τὰ
967 2031 1208 2099 θεμέλια
1262 2030 1375 2100 τῆς
1421 2029 1802 2100 οἰκουμένης·
1863 2032 1982 2086 ἀπὸ

407 2122 803 2194 ἐπιτιμήσεώς
831 2139 969 2188 σου,
997 2123 1194 2192 Κύριε,
1221 2123 1339 2178 ἀπὸ
1383 2123 1766 2192 ἐμπνεύσεως
1796 2125 1980 2178 πνεύ-

407 2231 590 2284 ματος
622 2214 806 2285 ὀργῆς
861 2230 998 2282 σου,
1056 2231 1112 2270 κ.
1153 2231 1202 2266 τ.
1235 2215 1281 2267 ἑ.
1343 2213 1475 2267 ’Ὀλα
1512 2215 1694 2266 ἐκεῖνα
1747 2211 1858 2284 (75)
1913 2211 1983 2267 τὰ

411 2307 716 2378 σκυθρωπά
737 2305 825 2360 διὰ
853 2304 1010 2359 τοῦτο
1038 2305 1099 2359 τὸ
1131 2305 1386 2377 χρηστόν.
1417 2299 1677 2375 Ἐπιτιμᾷ
1715 2300 1806 2357 οὖν
1828 2344 1842 2367 ,
1886 2303 1983 2357 καὶ⁷

404 2400 604 2469 ἐμπνεί
636 2397 850 2468 πνεῦμα
877 2397 1064 2470 ὀργῆς,
1107 2397 1194 2451 ἵνα
1228 2396 1463 2467 ὀφθῶσιν
1521 2398 1576 2449 αἱ
1642 2396 1813 2468 πηγαὶ
1875 2396 1982 2449 τῶν

411 2492 638 2558 ὑδάτων,
669 2490 764 2544 καὶ
804 2487 1223 2559 ἀνακαλυφθῶσι
1257 2488 1326 2542 τὰ
1382 2488 1607 2560 θεμέλια
1661 2488 1758 2559 τῆς
1803 2487 1986 2543 οίκου-ο

413 2582 599 2653 μένης.
635 2583 697 2634 Et
737 2579 940 2650 ἀγαθὸν
965 2580 1025 2632 τὸ
1050 2579 1278 2650 ὀφθῆναι
1311 2582 1402 2634 καὶ
1446 2579 1826 2651 φανερωθῆναι
1883 2580 1982 2644 τάς

412 2673 594 2745 πηγὰς
614 2673 725 2727 τῶν
748 2674 955 2728 ὑδάτων
992 2668 1067 2727 ὧν
1106 2675 1319 2744 ἡγεῖται
1345 2675 1381 2727 ιό
1415 2673 1604 2727 εἰπών·
1661 2694 1679 2726 ι
1715 2674 1845 2744 Ἐμὲ
1887 2676 1981 2743 ὲγ-

410 2767 729 2820 κατελίπετε
762 2767 942 2839 πηγὴν
976 2766 1167 2829 ὓδατος
1200 2765 1433 2831 ζῶντος⁴
1476 2786 1494 2820 ι
1547 2767 1750 2836 ἀγαθδν
1798 2765 1854 2820 δὲ
1889 2766 1983 2820 καὶ

409 2859 474 2911 τὸ
505 2860 952 2931 ἀποκαλυφθῆναι
987 2859 1054 2913 τὰ
1089 2860 1314 2931 θεμέλια
1366 2859 1468 2929 τῆς
1514 2854 1859 2930 οἰκουμένης,
1895 2859 1982 2912 ἴνα

410 2950 658 3023 θεωρηθῇ
719 2953 751 3022 ή
780 2951 910 3018 ἀγία
938 2948 1125 3021 Τριάς,
1161 2950 1280 3020 ἥτις
1313 2949 1538 3018 ἄρχεται
1578 2947 1685 3000 τῶν
1747 2948 1984 3018 κτισμά-

410 3058 536 3095 τωνσ
574 3040 692 3104 πῶς
717 3041 786 3093 τά
816 3038 1018 3095 τούτων
1049 3039 1325 3112 ποιητικὰ,
1357 3039 1462 3093 κᾶν
1502 3037 1800 3110 σκυθρωπά
1839 3036 1981 3093 εἶναι

409 3134 561 3204 δοκῇ,
598 3133 832 3200 εὐλόγως
890 3148 974 3196 τις
1026 3132 1363 3196 αίτιάσεται;
1396 3129 1496 3202 τὴν
1560 3129 1820 3200 χάλαζαν,
1885 3130 1981 3184 καὶ
2007 3159 2051 3221 C

409 3225 535 3288 τοὺς
560 3224 838 3296 ἄνθρακας
863 3222 1052 3295 πυρὸς,
1085 3222 1181 3276 καὶ
1206 3221 1274 3276 τά
1301 3221 1453 3294 βέλη,
1483 3221 1579 3274 καὶ
1619 3221 1722 3285 τὰς
1771 3223 1979 3294 ἀστρα-

413 3321 540 3384 πὰς,
577 3319 671 3374 καὶ
703 3318 1046 3388 ἐπιτιμήσεις
1072 3315 1166 3368 τοῦ
1207 3314 1364 3378 Θεοῦ,
1406 3315 1501 3368 καὶ
1531 3315 1627 3387 τὴν
1681 3313 1980 3384 ἔμπνευσιν

410 3411 504 3466 τοῦ
531 3410 839 3482 πνεύματος
870 3408 969 3478 τῆς
996 3405 1167 3479 ὀργῆς
1188 3406 1533 3476 αὐτοῦ.”Αμα
1558 3407 1614 3461 δὲ
1638 3408 1816 3480 τήρει,
1837 3409 1917 3461 ὅτι
1946 3411 1979 3480 ἡ

410 3503 726 3572 ἐπιτίμησις
775 3497 1039 3572 θεραπεία
1085 3499 1169 3562 τίς
1227 3500 1343 3552 ἐστι
1395 3497 1492 3552 τοῦ
1551 3499 1977 3571 ὲπιτιμωμένου,

410 3593 877 3664 ὲπιπλησσομένου
911 3591 997 3644 ἴνα
1033 3589 1308 3662 παύσηται
1340 3590 1577 3662 ἐνεργῶν
1638 3589 1707 3644 τὰ
1741 3591 1978 3662 χείρονα.

412 3685 572 3740 Ὅθεν
593 3683 827 3754 πυρετὸν
849 3683 944 3737 καὶ
975 3682 1210 3753 ἀνέμους
1252 3683 1346 3736 καὶ
1398 3681 1673 3736 θάλασσαν
1718 3683 1982 3754 ἐπιτιμώ-

410 3794 550 3848 μενα
585 3777 690 3830 ὑπο
723 3776 900 3846 Ἰησοῦ
927 3776 1160 3840 ἀκούων,
1184 3775 1292 3828 νόει
1317 3775 1482 3840 ἀξίως
1497 3777 1597 3854 τῆς
1640 3777 1811 3850 Ἰησοῦ
1843 3793 1980 3849 χρη-

412 3870 684 3941 στότητος.
713 3872 782 3922 Ἦ
813 3869 1004 3933 οὕτως·
1037 3869 1374 3939 Οἰκουμένην
1399 3872 1678 3942 συνίστησι
1714 3874 1979 3944 νοήματα,

411 3961 505 4014 καὶ
535 3959 704 4027 λόγοι,
736 3959 828 4012 καὶ
855 3959 1103 4031 πράξεις,
1130 3959 1632 4032 ἐποικοδομούμενα
1678 3963 1798 4025 ταῖς
1834 3958 1982 4029 ἒξεσί

410 4069 470 4105 τε
501 4052 594 4106 καὶ
624 4051 947 4105 διαθέσεσιν.
989 4052 1157 4104 Ὅταν
1185 4047 1298 4115 οὖν,
1331 4053 1632 4123 σκορπίσας
1664 4055 1792 4118 τοὺς
1839 4054 1980 4124 φαύ-

409 4144 532 4206 λους
564 4145 676 4207 τοῖς
703 4143 898 4214 βέλεσι,
932 4142 1235 4215 συνταράξῃ
1259 4145 1353 4197 καὶ
1378 4147 1496 4207 ταῖς
1518 4143 1842 4217 ἀστραπαῖς,
1873 4146 1981 4200 τῶν

411 4235 670 4306 κρυπτῶν
697 4234 804 4288 τῶν
842 4235 1142 4306 ἀνθρώπων
1172 4239 1589 4311 φανερουμὲνων
1607 4282 1624 4310 ,
1658 4241 1981 4309 φωτίζοντος

410 4325 504 4380 τοῦ
526 4326 660 4380 Θεοῦ
707 4327 775 4380 τὰ
799 4327 1018 4398 κρυπτὰ
1042 4328 1134 4382 τοῦ
1162 4330 1405 4394 σκότους,
1465 4333 1558 4385 καὶ
1613 4332 1836 4402 θεμέλια
1881 4334 1982 4404 τῆς

408 4421 734 4493 οἰκουμένης
759 4421 1114 4492 ἀνακαλύψει,
1141 4424 1264 4487 τοὺς
1311 4424 1523 4488 ἀσεϐεῖς
1563 4424 1648 4478 διὰ
1709 4425 1980 4481 κολάσεων

2085 558 2229 628 quod
2260 559 2604 630 cognoscitur
2630 557 2883 627 pertinet.
2918 556 3274 612 Tabernaculi
3296 560 3514 614 nomine
3539 576 3662 614 car-

2087 665 2210 704 nem
2243 650 2474 712 vocavit,
2508 649 2563 703 in
2590 664 2695 718 qua
2729 647 2978 703 Christus
3007 649 3247 704 sedebat.
3278 649 3544 706 Praeterea
3577 661 3661 705 ta-

2085 743 2439 798 bernaculum
2461 741 2658 796 dicitur
2679 751 2902 812 propter
2921 743 3299 812 temporariam
3321 743 3439 813 ejus
3458 743 3512 796 in
3535 759 3659 797 ear-

2087 851 2156 891 ne
2180 834 2656 904 dispensationem.
2691 853 2709 884 (
2738 832 2850 887 Etsi
2883 851 2899 883 ι
2932 833 3096 900 enim,
3122 833 3294 903 inquit
3314 835 3378 898 ⁸⁵⁸,
3410 853 3428 884 ‹
3459 849 3662 905 cogno-

2087 926 2263 982 vimus
2277 925 2551 981 Christum
2574 925 2870 985 secundum
2893 941 3132 989 carnem,
3151 926 3245 980 sed
3267 941 3410 980 nunc
3426 927 3535 996 jam
3550 941 3660 979 non

2089 1019 2356 1076 novimus.
2389 1037 2407 1070 ι
2433 1019 2531 1074 Vel
2550 1018 2688 1074 forte
2706 1019 3112 1074 tabernaculum
3135 1033 3331 1089 corpus
3351 1018 3656 1088 appellavit,

2086 1111 2158 1167 ob
2179 1113 2392 1166 vineam
2418 1127 2578 1182 quam
2605 1111 2672 1165 de
2702 1111 2930 1181 {Egypto
2959 1110 3232 1164 transtulit
3254 1109 3320 1175 ⁶⁹,
3345 1118 3405 1164 ιιι
3428 1109 3661 1163 custodi—

2085 1212 2171 1258 ret
2195 1203 2337 1256 illam
2365 1203 2539 1257 donec
2563 1202 2629 1255 ad
2657 1201 3020 1254 maturitatem
3059 1199 3368 1270 perveniret
3390 1213 3657 1264 racemus,

2089 1303 2235 1350 etne
2259 1295 2642 1350 exterminaret
2665 1307 2782 1346 eam
2811 1307 2940 1362 aper
2964 1291 3031 1346 de
3061 1291 3219 1348 silva.
3240 1289 3422 1346 Potest
3443 1306 3660 1360 quoque

2091 1387 2497 1443 tabernaculum
2548 1385 2727 1441 dicere
2777 1399 3093 1454 corpoream
3139 1391 3388 1437 naturam
3443 1383 3497 1435 in
3552 1398 3657 1450 qua

2087 1479 2232 1533 Deus
2259 1493 2358 1548 per
2381 1476 2616 1534 Verbum
2659 1476 3020 1545 conspicitur,
3057 1473 3320 1544 siquidem
3350 1489 3415 1528 ex
3443 1483 3660 1528 creatu-

2085 1584 2270 1625 rarum
2304 1567 2708 1639 pulchritudine
2753 1575 2967 1621 creator
3010 1565 3341 1637 agnoscitur,
3373 1574 3429 1621 et
3460 1581 3558 1636 per
3597 1580 3660 1620 ea

2085 1676 2208 1732 qua:
2236 1659 2376 1715 facta
2406 1668 2555 1724 sunt,
2580 1659 2887 1713 intellectus
2917 1655 3268 1726 conspicitur.

2158 1749 2319 1806 Vens.
2355 1750 2442 1818 15,
2483 1751 2567 1806 16.
2602 1751 2670 1805 Et
2717 1753 2854 1806 misit
2903 1755 3119 1826 sagittas
3148 1771 3272 1810 sua:
3295 1795 3311 1821 ,
3341 1765 3390 1810 et
3422 1755 3646 1826 dissipa—

2080 1844 2149 1899 vit
2181 1861 2267 1898 eos
2291 1860 2309 1898 :
2335 1846 2551 1915 fulgura
2577 1846 2981 1917 multiplicauit,
3003 1861 3051 1904 et
3086 1852 3410 1918 conturbauit
3437 1869 3547 1911 eos.
3579 1852 3647 1905 Et

2082 1948 2441 2006 apparuerunt
2489 1937 2655 2005 fontes
2687 1955 2964 2008 aquarum,
2985 1951 3033 1995 et
3085 1943 3309 1998 revelata
3356 1952 3480 1998 sunt
3526 1943 3649 2012 fun-

2081 2029 2327 2081 damenta
2345 2029 2484 2082 orbis
2499 2038 2758 2083 terrarum
2779 2049 2795 2086 :
2815 2031 2877 2083 ab
2897 2032 3252 2100 increpatione
3272 2044 3388 2100 tua,
3411 2034 3647 2099 Domine,

2082 2120 2149 2171 ab
2197 2120 2540 2188 inspiratione
2598 2124 2810 2189 spiritus
2858 2123 2954 2176 ira:
3008 2135 3140 2186 tiae,
3179 2135 3287 2181 etc.
3318 2125 3510 2182 Omnia
3545 2129 3646 2182 ista

2086 2212 2348 2266 terribilia
2372 2222 2504 2268 sunt
2525 2214 2594 2268 ob
2619 2213 2785 2270 hocce
2817 2216 3036 2272 bonum.
3073 2215 3320 2286 Increpat
3357 2219 3519 2288 igitur
3541 2261 3555 2283 ,
3594 2225 3649 2274 et

2085 2304 2315 2373 inspirat
2356 2304 2450 2358 ira:
2495 2305 2777 2374 spiritum,
2819 2321 2876 2361 ut
2915 2319 3215 2379 appareant
3251 2309 3426 2365 futiles
3473 2325 3643 2379 aqua-

2086 2410 2245 2462 rum,
2295 2405 2348 2451 et
2398 2397 2707 2453 revelentur
2756 2398 3108 2454 fundamenta
3159 2401 3312 2456 orbis
3357 2411 3646 2456 terrarum.

2085 2487 2142 2541 Si
2173 2487 2370 2541 bonum
2402 2497 2482 2543 est
2509 2499 2768 2558 apparere
2801 2499 2856 2543 et
2891 2490 3115 2545 revelari
3161 2491 3337 2547 fontes
3384 2507 3644 2562 aquarum

2083 2579 2282 2647 quibus
2328 2580 2581 2648 prmsidet
2629 2581 2674 2636 is
2702 2582 2792 2650 qui
2825 2583 3062 2637 dixit":
3114 2603 3132 2635 ι
3169 2583 3251 2639 Me
3285 2585 3654 2657 dereliquisus

2083 2667 2287 2726 fontem
2337 2685 2490 2740 aquze
2544 2671 2710 2739 vivae;
2756 2691 2774 2724 ι
2808 2671 3118 2744 bonumque
3163 2684 3244 2730 est
3285 2677 3448 2732 etiam
3501 2689 3655 2733 rem.

2085 2757 2184 2812 lari
2221 2758 2570 2816 fundamenta
2619 2764 2770 2819 orbis
2815 2773 3115 2832 terrarum,
3151 2776 3210 2820 ut
3247 2776 3434 2822 sancta
3469 2767 3653 2822 Trini-

2086 2860 2168 2906 tas
2196 2853 2595 2921 censpiciatur,
2635 2870 2754 2924 qua:
2786 2855 3014 2926 imperat
3053 2861 3321 2914 creaturis
3347 2878 3359 2913 :
3385 2863 3655 2929 quomodo

2085 2943 2174 2998 illa
2203 2959 2322 3013 qua:
2353 2945 2466 3000 hinc
2501 2945 2744 3012 faciunt,
2781 2949 2992 3003 tametsi
3027 2951 3306 3005 horribilia
3340 2951 3650 3018 videantur,

2085 3048 2347 3090 accusare
2395 3036 2544 3106 iuste
2593 3040 2716 3108 quis
2766 3040 2974 3109 possit?
3022 3042 3374 3110 grandinem,
3409 3043 3653 3112 inquam,

2085 3141 2139 3189 et
2163 3136 2432 3190 carbones
2463 3134 2600 3204 ignis
2622 3177 2637 3200 ,
2676 3143 2730 3189 et
2772 3134 3078 3206 sagittas,et
3109 3136 3317 3204 fulgura
3345 3175 3361 3203 ,
3393 3145 3446 3191 et
3479 3137 3652 3193 inere-

2088 3229 2334 3295 pationcs
2360 3227 2493 3294 Dei,
2529 3237 2584 3282 et
2633 3228 3046 3297 inSpirationem
3093 3228 3315 3298 spiritus
3370 3228 3463 3285 ira:
3514 3231 3651 3298 ejus.

2088 3318 2258 3373 Simul
2285 3329 2462 3374 autem
2499 3319 2727 3374 observa
2759 3320 3178 3390 increpationem
3209 3335 3334 3377 esse
3367 3323 3654 3392 quamdam

2087 3411 2424 3464 mirationem
2467 3409 2582 3478 ejus
2631 3412 2722 3480 qui
2764 3410 3107 3478 increpatur,
3147 3409 3276 3466 dum
3337 3413 3655 3482 increpatur

2087 3509 2196 3555 uta
2235 3502 2413 3570 pravis
2439 3502 2699 3571 aperihus
2739 3502 2986 3558 desistat.
3026 3501 3180 3558 Unde
3218 3517 3344 3558 eum
3375 3503 3568 3560 febrim
3602 3514 3659 3558 ct

2087 3602 2284 3650 ventos
2307 3602 2359 3648 et
2390 3607 2541 3646 mare
2576 3609 2604 3647 a
2629 3593 2754 3648 Jcsu
2801 3595 3073 3662 increpari
3111 3595 3303 3662 audis,
3339 3595 3456 3651 hare
3509 3597 3660 3651 inte!-

2089 3680 2194 3749 Iige
2236 3687 2397 3748 prout
2453 3679 2582 3735 Jesu
2615 3679 2911 3736 bonitatem
2939 3676 3114 3737 decet.
3165 3678 3261 3738 νει
3308 3684 3388 3740 εἰσ
3419 3705 3430 3740 :
3459 3683 3658 3742 Orbem

2095 3777 2369 3822 terrarum
2421 3771 2760 3824 constituunt
2801 3771 3205 3841 cogitationes,
3254 3782 3309 3829 et
3351 3775 3552 3842 verba,
3605 3789 3656 3831 et

2089 3874 2257 3929 Opera
2298 3874 2419 3928 quae
2448 3857 2725 3915 habilibus
2754 3872 2807 3915 et
2847 3862 3129 3918 amtoribus
3176 3873 3653 3934 superstruuntur.

2088 3951 2317 4016 Quando
2356 3953 2517 4020 igitur
2550 3953 2897 4021 dissiparet-it
2950 3956 3227 4025 improbos
3256 3959 3468 4028 sagittis
3494 4000 3509 4025 ,
3538 3975 3660 4016 eos-

2087 4055 2196 4110 que
2223 4044 2631 4098 conturbaverit
2680 4043 2930 4114 fulgetris
2955 4087 2968 4110 ,
2997 4047 3226 4102 occultis
3254 4049 3535 4104 hominum
3573 4065 3660 4122 pa—

2090 4129 2340 4196 tefactis,
2391 4132 2501 4186 Deo
2557 4133 2872 4186 abscondita
2926 4137 3272 4191 tenebrarum
3324 4136 3656 4205 illustrantc,

2088 4221 2434 4277 fundamenta
2485 4223 2654 4294 608
2679 4224 2844 4279 etiam
2874 4227 3022 4280 orbis
3069 4236 3336 4282 terrarum
3374 4230 3656 4294 revelabit,

2088 4314 2283 4384 impios
2337 4316 2620 4384 suppliciis
2661 4317 3014 4386 increpando.
3071 4317 3441 4377 Fundamenta
3491 4323 3656 4378 etiam

2087 4409 2236 4462 orbis
2263 4417 2388 4461 sunt
2421 4408 2665 4463 homines
2689 4408 2779 4462 Dei
2809 4418 3028 4478 propter
3057 4409 3419 4479 soliditatem,
3463 4414 3658 4483 quibus

410 4514 698 4586 ἐπιτιμῶν.
733 4514 969 4585 Θεμέλια
993 4515 1049 4569 δὲ
1080 4516 1405 4588 οἰκουμένης
1466 4519 1558 4570 καὶ
1610 4518 1800 4590 ἄνδρες
1849 4520 1978 4573 θεῖοι

2088 4500 2590 4571 supermditicantur
2619 4503 2668 4555 hi
2705 4503 2794 4570 qui
2819 4503 3114 4558 secundum
3141 4504 3416 4560 Christum
3445 4505 3654 4562 vivunt.

407 4610 497 4664 διὰ
547 4611 608 4663 τὸ
654 4608 899 4673 εῦτονον,
953 4609 1036 4677 ἐφ’
1085 4605 1172 4672 οἷς
1226 4610 1702 4680 ἐποικοδομοῦνται
1747 4615 1794 4664 οἱ
1839 4613 2005 4666 κατὰ·

411 4702 641 4772 Χριστὸν
679 4699 1102 4770 πολιτευόμενοι.
1139 4703 1250 4754 Καὶ
1279 4693 1425 4754 οὗτοι
1471 4703 1526 4755 δὲ
1578 4705 1979 4758 ἀνακαλύπτον-

409 4810 517 4859 ται,
557 4794 925 4864 ἐπιτιμήσεως
954 4795 1242 4864 γινομένης
1266 4795 1406 4848 κατὰ
1435 4796 1540 4848 τῶν
1576 4799 1845 4869 πονηρῶν,
1879 4817 1979 4870 μη-

408 4885 592 4956 δαμῶς
621 4887 931 4956 ἀτιτομένης
966 4886 1144 4939 αὐτῶν
1172 4886 1270 4955 τῆς
1297 4888 1584 4952 κολάσεως.
1615 4892 1688 4943 Οὐ
1713 4892 1978 4963 παραυτί-

409 4995 480 5031 κα
504 4978 560 5030 δὲ
597 4978 810 5042 κολάζει
847 4981 876 5031 ὁ
919 4978 1053 5042 Θεὸς
1085 4980 1208 5041 τοὺς
1268 4981 1706 5052 ἁμαρτάνοντας,
1746 5000 1981 5054 προανα-

412 5071 578 5140 φωνεί
607 5071 663 5124 δὲ
689 5072 787 5142 τῆς
811 5070 981 5142 ὀργῆς
1011 5069 1110 5134 τὰς
1144 5072 1410 5136 κολάσεις,
1446 5075 1540 5128 καὶ
1574 5074 1730 5128 τοῦτό
1772 5077 1885 5130 ἐστι
1922 5079 1983 5130 τὸ

411 5163 662 5234 ὲμπνὲειν
685 5163 846 5217 αὐτὸν
882 5164 1096 5235 πνεῦμα
1129 5164 1228 5234 τῆς
1261 5165 1429 5237 ὀργῆς
1462 5166 1648 5222 αὐτοῦ.

485 5254 595 5309 Τοῦ
619 5255 827 5311 αὐτοῦ.
876 5258 1004 5310 Ὅτε
1031 5257 1100 5311 τὰ
1141 5258 1482 5328 πνευματικά
1517 5259 1627 5330 (76)
1687 5277 1982 5332 πνευματι-

411 5351 523 5412 κοῖς
560 5349 942 5421 συγκρίνομεν,
965 5350 1086 5404 τότε
1117 5349 1376 5421 ποιοῦμεν
1409 5349 1508 5414 τὰς
1535 5352 1843 5423 ἀστραπὰς,
1884 5354 1981 5426 τὴν

413 5444 702 5498 ἀπἀὐτῶν
735 5444 934 5514 γνῶσιν
977 5445 1350 5517 ἐμφαίνοντες.
1409 5447 1640 5517 Νοήσεις
1692 5448 1983 5519 ἀστραπάς

483 5605 590 5660 6"ll
646 5605 767 5660 Ger.
798 5622 849 5671 ν,
882 5607 967 5662 16.
1048 5609 1090 5640 σθ
1118 5607 1207 5662 Ps.
1233 5622 1416 5674 Lxxix,
1451 5607 1503 5662 9.
1555 5609 1601 5640 "°
1623 5606 1825 5664 Jerem.
1857 5627 1916 5678 ιι,
1957 5608 2046 5670 13.

482 5755 594 5826 (ῗξὶ)
629 5755 781 5809 ’Ὁλα
806 5752 1023 5818 ἐκεῖνα,
1052 5763 1158 5808 etc.
1183 5753 1493 5826 Gorderius.

2086 4594 2226 4661 Quin
2253 4604 2307 4649 et
2335 4595 2386 4648 hi
2419 4594 2759 4660 revelantur,
2799 4595 2994 4664 quippe
3024 4611 3162 4665 quos
3190 4612 3350 4668 pinna
3392 4611 3497 4653 non
3537 4609 3656 4654 tan-

2086 4684 2161 4752 git
2193 4684 2318 4737 dum
2364 4686 2430 4738 de
2478 4684 2738 4752 improbis
2787 4685 3050 4754 supplicia
3095 4697 3408 4745 sumuntur.
3457 4686 3658 4744 Verum

2085 4792 2190 4830 non
2229 4778 2412 4831 statim
2439 4777 2582 4832 Deus
2606 4779 2755 4846 punit
2779 4791 3122 4847 peceatores,
3161 4781 3256 4836 sed
3285 4795 3500 4852 prunam
3537 4797 3660 4838 ante

2086 4869 2219 4922 iram
2247 4869 2527 4926 denuntiat
2551 4911 2566 4936 ,
2598 4882 2654 4924 et
2675 4873 2778 4925 hoc
2799 4881 2880 4926 est
2908 4871 3084 4941 ipsum
3113 4872 3382 4944 inspirare
3409 4877 3658 4945 spiritum

2086 4979 2181 5016 H‘il}
2215 4977 2344 5016 sum.

2160 5264 2436 5335 Ejusdem.
2480 5267 2711 5335 Quando
2757 5271 3022 5342 Spiritalia
3074 5273 3411 5344 spiritalibus
3447 5283 3661 5347 campa-

2089 5377 2318 5428 ramus,
2367 5374 2496 5420 tunc
2538 5364 2753 5434 fulgura
2807 5367 3114 5436 mittimus,
3167 5369 3530 5438 cognitionem
3593 5373 3660 5425 ab

2089 5455 2166 5511 eis
2211 5459 2618 5526 provenientem
2673 5461 3110 5520 maniiestantes.
3164 5460 3376 5520 Poteris
3440 5478 3657 5536 quoque

477 5819 588 5897 (76)
618 5825 757 5880 Ὅτε
780 5827 851 5880 τὰ
881 5821 1270 5895 πνευματικά,
1307 5833 1412 5881 etc.
1443 5823 1672 5882 Schedae
1694 5825 1903 5896 Grabil,
1930 5838 1983 5884 et
2014 5827 2304 5888 Barbarus.
