4100 6438
457 331 583 387 1351

1829 332 1916 387 EX
1952 333 2254 391 ORIGENE

3570 346 3708 405 123.2

451 469 548 522 per
595 450 847 521 fulgura,
879 448 1074 505 divinae
1127 448 1530 519 praedicationis
1581 451 1906 522 splendores
1946 457 2009 509 ἰιι·

2123 455 2220 508 καὶ
2247 455 2347 518 τὰς
2367 454 2757 530 λαμπρότητας
2779 460 2874 515 τοῦ
2909 461 3052 516 θείου
3079 463 3429 536 κηρύγματος
3454 466 3519 521 δι’
3552 461 3613 521 οὗ
3640 472 3709 524 τὶ

453 543 726 613 telligcre,
763 555 867 611 qua
933 541 1163 595 obscura
1215 542 1608 612 prophetarum
1669 544 1834 600 verba
1895 545 2021 600 illu-

450 645 714 692 strautur.

523 725 795 796 Ejusdem.
832 721 936 777 Per
972 720 1152 779 fontes
1183 722 1436 794 intelligit
1466 725 1698 780 virtutes
1722 740 1789 780 ex
1823 728 2022 798 quibus

451 817 688 887 cognitio
715 815 974 885 procedit.
1004 831 1022 864 ¢
1046 811 1196 872 Beati
1219 834 1239 867 s
1265 819 1408 872 enim
1428 857 1444 882 ,
1476 817 1646 887 inquit
1671 818 1739 883 τ’,
1775 835 1795 870 ι
1821 820 2022 874 mundo

449 908 645 974 corde,
673 910 926 978 quoniam
963 910 1062 981 ipsi
1096 910 1261 965 Deum
1292 910 1573 964 videbunt.
1605 930 1622 962 ι

519 1001 800 1068 “2115.17,
835 1001 919 1056 18.
953 1001 1104 1056 Misit
1155 1003 1220 1056 de
1264 1017 1469 1055 summo
1500 1012 1548 1054 et
1597 1001 1796 1070 accepit
1843 1017 1924 1054 me
1969 1010 2018 1055 et

445 1090 823 1161 assumpsitme
837 1089 900 1143 de
914 1095 1068 1163 aquis
1095 1093 1299 1147 multis.
1328 1092 1529 1163 Eripiet
1577 1111 1657 1148 me
1690 1095 1752 1148 de
1787 1094 2017 1148 inimicis

448 1185 575 1237 meis
606 1182 932 1252 fortissimis,
958 1195 1010 1238 et
1039 1185 1103 1238 ab
1133 1185 1217 1237 liis
1243 1184 1333 1252 qui
1361 1184 1581 1238 oderunt
1611 1201 1692 1239 me
1717 1200 1735 1239 :
1767 1185 2015 1256 quoniam

447 1275 735 1344 confortati
754 1283 877 1328 sunt
903 1291 1062 1345 super
1089 1292 1190 1341 me,
1222 1286 1328 1330 etc.
1380 1274 1500 1345 Ipse
1526 1275 1594 1331 de
1623 1290 1836 1330 summo
1863 1291 2018 1331 acce-

446 1367 525 1436 pit
549 1381 633 1421 me
651 1410 666 1433 ,
696 1382 819 1421 cum
845 1383 931 1422 me
954 1368 1161 1438 lapsum
1187 1371 1483 1438 assumpsit
1501 1367 1569 1426 de
1583 1369 1742 1440 aquis
1770 1368 2017 1422 humanae

445 1459 600 1524 vitae,
625 1469 680 1512 ct
703 1458 901 1527 eripuit
950 1459 1017 1514 de
1065 1458 1300 1513 inimicis
1331 1458 1455 1512 odio
1493 1457 1827 1513 fortissimis.
1855 1459 2019 1514 Caete-

446 1567 561 1604 rum
594 1552 821 1607 observa
863 1560 1115 1621 potentes
1149 1550 1256 1605 dici
1307 1550 1580 1606 inimicos.
1615 1550 1778 1605 Forte
1831 1561 2012 1606 autem

444 1653 498 1696 et
533 1643 828 1714 impietatis
859 1643 1110 1712 dogmata
1137 1650 1266 1695 sunt
1318 1657 1474 1711 aquae
1527 1641 1705 1696 multa:
1747 1657 1868 1712 quae
1907 1658 2013 1699 non

441 1744 670 1805 possunt
693 1735 1043 1804 exstinguere
1061 1732 1411 1788 vcharit-atcm.
1435 1732 1643 1787 Inimici
1671 1748 1800 1787 vero
1834 1733 2015 1789 fortis-

2128 547 2376 601 σκοτεινά
2412 547 2522 602 τῶν
2567 553 2860 623 προφητῶν
2887 557 3108 626 ῥήματα
3137 556 3560 629 διηυγάσθησαν.

2199 728 2310 783 Τοῦ
2347 730 2556 785 αὑτοῦ.
2589 733 2780 804 Πηγὰς
2823 733 2923 798 τὰς
2954 737 3154 806 ἀρετὰς
3188 737 3299 808 (77)
3347 737 3496 807 λέγει
3531 739 3590 806 ἐξ
3628 732 3706 793 ὧν

2122 817 2400 889 ἐξέρχεται
2430 821 2650 889 γνῶσις.
2687 843 2705 875 t
2739 826 3014 897 Μακάριοι
3037 827 3163 899 γάρ,
3189 830 3374 899 φησὶν,
3398 831 3447 882 οἱ
3471 831 3703 904 καθαροὶ

2120 908 2184 977 τῇ
2219 908 2436 981 καρδίᾳ,
2465 911 2546 964 ὅτι
2579 913 2732 966 αὐτοὶ
2755 915 2848 968 τὸν
2876 915 3006 968 Θεὸν
3023 917 3264 987 ὄψονται.
3302 938 3322 970 s

2205 997 2661 1061 Ἐξαπέστειλεν
2689 1003 2758 1067 ἐξ
2780 1004 2974 1072 ὕψους
3004 1007 3103 1061 καὶ
3137 1007 3316 1061 ἔλαϐέ
3338 1025 3416 1078 με
3437 1049 3452 1074 ,
3483 1022 3702 1078 προσε-

2119 1085 2336 1141 λάϐετό
2351 1105 2430 1158 με
2453 1089 2522 1156 ἐξ
2573 1091 2810 1147 ὑδάτων
2851 1095 3116 1150 πολλῶν.
3183 1097 3458 1153 Ῥύσεταί
3503 1117 3584 1171 με
3627 1102 3698 1166 ἐξ

2116 1177 2346 1247 ἐχθρῶν
2363 1198 2483 1250 μου
2515 1182 2811 1252 δυνατῶν,
2844 1188 2941 1242 καί
2967 1188 3037 1242 ἐκ
3071 1188 3190 1242 τῶν
3208 1192 3554 1260 μισούντων
3579 1209 3657 1263 με
3677 1209 3692 1225 ·

2117 1266 2208 1322 ὅτι
2238 1268 2692 1341 ἐστερεώθησαν
2731 1275 2884 1344 ὑπὲρ
2925 1277 3030 1347 ἐμὲ
3056 1319 3070 1343 ,
3109 1297 3164 1333 κ.
3216 1296 3267 1336 τ.
3319 1280 3368 1334 ὲ.
3410 1281 3584 1346 Αὐτὸς
3633 1282 3696 1346 ἐξ

2118 1354 2284 1425 ὕψους
2315 1357 2472 1414 ἔλαϐέ
2501 1379 2568 1432 με
2604 1363 2738 1436 (78),
2765 1365 2857 1419 τὸν
2883 1367 3196 1423 καταϐάντα
3254 1370 3694 1443 προσλαϐόμενος

2115 1447 2223 1500 άπὸ
2253 1449 2461 1504 πολλῶν
2502 1453 2708 1509 ὑδάτων
2729 1455 2822 1509 τοῦ
2856 1457 3198 1530 ἀνθρωπίνου
3226 1459 3365 1530 βίου,
3399 1462 3493 1516 καὶ⁸
3525 1463 3693 1534 ῥυσά-

2119 1558 2279 1612 μενος
2303 1544 2362 1609 ὲξ
2383 1545 2589 1618 ἐχθρῶν
2619 1549 2766 1621 ἐντῷ
2800 1550 3104 1623 ἐχθραίνειν
3127 1553 3533 1626 δυνατῶν.’”ορα
3566 1555 3688 1626 μέν·

2115 1651 2284 1703 τοιγε,
2319 1637 2400 1691 ὅτι
2431 1637 2647 1694 δυνατοὶ
2688 1636 2827 1696 εἶναι
2881 1645 2929 1696 οἱ
2982 1644 3166 1717 ἐχθροὶ
3214 1647 3684 1720 μεμαρτύρηνται.

2120 1726 2277 1792 Ἴσως
2304 1728 2359 1782 δὲ
2385 1730 2476 1783 καὶ
2501 1730 2569 1784 τὰ
2606 1733 2706 1804 τῆς
2756 1732 3048 1805 ἀθεότητος
3088 1735 3336 1808 δόγματα
3388 1737 3531 1810 ὕδωρ
3570 1739 3690 1792 ἐστὶ

439 1827 562 1881 simi
593 1836 720 1880 sunt
744 1867 760 1892 ,
795 1835 906 1880 tum
935 1825 970 1879 ii
999 1826 1090 1895 qui
1117 1823 1419 1879 invisibiles
1443 1835 1586 1888 sunt,
1627 1834 1741 1879 tum
1767 1825 2009 1881 homines

2115 1819 2272 1884 πολὺ,
2306 1819 2366 1874 ού
2391 1799 2687 1894 δυνάμενον
2717 1824 2906 1880 σϐέσαι
2942 1799 3049 1900 τὴν
3086 1799 3326 1900 ἀγάπην.
3365 1799 3580 1901 Ἐχθροὶ
3628 1830 3686 1884 δὲ

439 1920 529 1988 qui
567 1929 664 1990 per
694 1917 830 1974 falso
858 1917 1296 1989 COgnominatam
1325 1915 1609 1971 scientiam
1637 1916 2009 1987 deceptionem

437 2023 751 2080 operantur.

511 2102 784 2173 Ejusdem.
835 2101 914 2157 Ex
982 2101 1070 2156 his
1122 2102 1500 2171 cognoscimus
1548 2102 1822 2158 daemones
1885 2111 2010 2157 ante

437 2195 740 2250 Sulvatoris
791 2193 1082 2248 adventum
1135 2192 1293 2246 nobis
1319 2231 1336 2258 ,
1371 2209 1515 2248 nunc
1555 2203 1737 2248 autem
1771 2207 1872 2248 nos
1900 2191 2010 2248 illis

436 2286 690 2341 fortiores
721 2300 841 2341 esse
863 2327 878 2351 ,
923 2284 1118 2354 quibus
1161 2284 1308 2339 dedit
1332 2283 1582 2340 Christus
1632 2303 1651 2336 ι
1680 2293 2006 2354 potestatem

435 2377 676 2432 raicandi
730 2391 894 2446 supra
943 2386 1226 2445 serpentes
1277 2385 1333 2430 et
1361 2379 1707 2448 scorpiones,
1743 2387 1798 2433 et
1847 2392 2009 2448 super

435 2484 652 2523 onmem
690 2469 938 2522 virtutem
971 2467 1179 2523 inimici
1209 2468 1274 2521 7’.
1310 2487 1329 2521 ι

506 2561 664 2614 Vnus.
699 2559 786 2626 19,
819 2557 910 2612 ΞΟ.
959 2557 1340 2615 Ρναηυεηεηιηι
1375 2578 1454 2616 me
1499 2563 1553 2616 in
1598 2563 1683 2616 die
1711 2563 2006 2632 aﬂlictionis

432 2671 559 2709 mea:
576 2695 591 2719 ,
617 2665 662 2708 et
685 2653 857 2724 {actus
882 2663 956 2707 est
983 2651 1240 2707 Dominus
1253 2663 1516 2723 protector
1538 2671 1707 2710 meus.
1735 2655 1803 2708 Et
1825 2656 2004 2710 eduxit

433 2763 513 2800 me
543 2747 595 2800 in
622 2745 954 2799 latitudinem
974 2782 990 2810 ,
1020 2743 1221 2798 salvum
1260 2761 1338 2798 me
1384 2745 1582 2814 faciet,
1615 2747 1868 2816 quoniam
1916 2763 2006 2801 vo-

2111 1906 2350 1974 δυνατοὶ,
2381 1909 2437 1962 οῖ
2453 1927 2513 1963 τε
2539 1912 2782 1984 ἀόρατοι,
2811 1915 2904 1968 κα)⁵
2924 1915 3198 1988 ἄνθρωποι
3236 1917 3282 1970 οἱ
3305 1916 3390 1970 διὰ
3414 1917 3685 1986 ψευδωνύ-
3729 1963 3733 1966 .

2115 2015 2216 2069 μου
2255 1999 2508 2070 γνώσεως
2530 2003 2630 2075 τὴν
2675 2004 2894 2076 ἀπάτην
2917 2007 3302 2078 ἐργαζόμενοι.

2187 2089 2298 2144 Τοῦ
2335 2091 2541 2147 αὐτοῦ.
2585 2093 2862 2148 Ἐντεῦθεν
2895 2093 3232 2167 γινώσκομεν
3279 2097 3412 2169 (79),
3455 2100 3536 2153 ὅτι
3580 2099 3685 2171 πρὸ

2110 2179 2210 2250 τῆς
2237 2182 2532 2255 ἐπιδημίας
2562 2183 2655 2238 τοῦ
2685 2185 2939 2258 Σωτῆρος
2971 2188 3306 2261 ἰσχυρότεροι
3342 2191 3498 2262 ήμῶν
3544 2187 3684 2262 ἦσαν

2107 2275 2156 2327 οἱ
2188 2273 2460 2344 δαίμονες,
2492 2275 2585 2330 νῦν
2605 2275 2661 2330 δὲ
2689 2278 2894 2333 τούτων
2923 2282 3084 2351 ἡμεῖς
3109 2283 3574 2356 ἐπικρατέστεροι,
3601 2278 3685 2346 οἷς

2106 2365 2306 2420 ἔδωκεν
2333 2368 2362 2420 ὁ
2382 2367 2614 2439 Χριστὸς
2646 2387 2665 2421 t
2701 2373 2890 2426 πατεῖν
2921 2373 3108 2427 ἐπάνω
3142 2373 3318 2444 ὄφεων
3365 2373 3461 2428 καὶ
3518 2389 3683 2447 σκορ-

2111 2456 2268 2522 πίων,
2303 2457 2397 2510 καὶ
2429 2456 2521 2509 ἐπὶ
2548 2460 2729 2512 πᾶσαν
2765 2460 2864 2532 τὴν
2889 2461 3117 2534 δύναμιν
3144 2465 3238 2519 τοῦ
3271 2463 3522 2538 ἐχθροῦ.»

2180 2548 2576 2616 Προέερθασάν
2597 2566 2674 2618 με
2712 2550 2782 2603 ἐν
2819 2551 3010 2620 ἡμέρᾳ
3051 2553 3364 2620 κακώσεώς
3401 2573 3543 2624 μου,
3583 2555 3681 2608 καί

2107 2636 2343 2705 ἐγένετο
2365 2639 2577 2706 Κύριος
2597 2639 3029 2711 ἁντιστήριγμά
3067 2661 3206 2712 μου.
3259 2645 3371 2698 Καὶ
3425 2642 3685 2715 ἐξήγαγέ

2101 2741 2178 2794 με
2200 2726 2286 2791 εἰς
2311 2726 2962 2796 πλατυσμὸν,ρύσεταί
2997 2747 3106 2800 με,
3144 2731 3238 2785 ὄτι
3281 2731 3548 2801 ἠθέλησέ
3583 2751 3681 2802 με,

432 2839 527 2892 luit
565 2853 676 2902 me,
705 2847 811 2892 etc.
857 2837 959 2904 Qui
1002 2835 1407 2890 tribulationem
1454 2837 1771 2907 patiuntur,
1800 2847 1858 2893 et
1899 2853 2006 2894 non

2112 2835 2162 2872 κ.
2195 2835 2244 2872 τ.
2271 2818 2317 2873 ὲ.
2342 2819 2403 2871 Οἱ
2425 2817 2725 2890 θλιϐόμενα
2753 2821 2863 2893 (80)
2899 2824 2993 2876 καὶ
3039 2823 3114 2895 μὴ
3169 2822 3658 2896 στενοχωρούμενοι

429 2930 805 3001 angustiantur
832 2969 846 2994 ,
876 2930 1056 2985 sciant
1099 2945 1160 2984 se
1207 2942 1238 2981 a
1270 2926 1619 2984 tribulatione
1667 2927 2003 2994 liberandos,

2112 2908 2344 3001 ίστωσαν
2373 2910 2799 3001 έξαχθησόμενοι
2841 2915 2951 2968 ἀπὸ
3007 2917 3106 2987 τῆς
3167 2915 3398 2986 θλίψεως
3456 2917 3550 2971 καὶ
3602 2918 3682 2980 εἰς

427 2999 599 3080 (ει-οά
631 3031 875 3080 sanctam
913 3021 1017 3076 Dei
1063 3019 1403 3074 latitudinem
1457 3019 1813 3076 adducendos
1846 3035 2001 3088 esse;

2112 2999 2261 3068 ἅγιον
2301 3000 2396 3055 τοῦ
2425 3001 2560 3054 Θεοῦ
2585 3003 2898 3075 πλατυσμδν
2926 3004 3292 3077 -ἀχθήσεσθαυ
3329 3007 3386 3059 ὲν
3405 3006 3517 3077 γὰρ
3554 3006 3685 3076 ἡμέι

430 3119 578 3173 illum
610 3117 753 3172 enim
785 3115 876 3187 qui
907 3115 960 3170 in
993 3113 1078 3169 die
1097 3111 1403 3168 alliictionis
1429 3113 1495 3166 ad
1521 3113 1694 3182 ipsum
1729 3111 1999 3184 confugit,

2112 3109 2178 3164 ρᾳ
2221 3093 2516 3158 κακώσεως
2545 3095 2637 3149 τὸν
2681 3096 2816 3166 πρὸς
2856 3097 3017 3149 αὑτὸν
3077 3097 3488 3167 καταφεύγοντα
3535 3097 3684 3153 ἀντι-

427 3211 717 3266 ronﬁrmat
754 3210 894 3264 Deus
916 3248 930 3274 ,
961 3221 1029 3262 ne
1054 3205 1214 3261 malis
1242 3219 1540 3262 concussus
1565 3207 1919 3262 succumbat:
1948 3215 2004 3262 et

2112 3184 2350 3256 στηρίξει
2386 3186 2537 3253 Θεὸς,
2575 3187 2650 3251 ὼς
2685 3187 2751 3241 ἀν
2792 3187 2866 3260 μὴ
2911 3189 3192 3259 κλονηθεὶς
3231 3190 3548 3263 καταπέσῃ·
3592 3191 3684 3244 καὶ

426 3305 480 3359 in
515 3302 955 3360 tribulationibus
978 3308 1313 3369 gementem,
1358 3299 1424 3352 ad
1471 3297 1814 3353 latitudinem
1870 3295 2004 3352 edu-

2112 3279 2494 3352 ἀντιστηρίζων
2532 3280 2757 3352 ἐκφέρει
2803 3283 2884 3345 είς
2944 3280 3146 3346 πλάτος
3193 3281 3285 3335 τὸν
3328 3281 3682 3353 στενούμενον

426 3398 706 3468 cit,juxta
732 3394 862 3450 illud
889 3393 938 3426 ⁷⁸
964 3409 976 3444 :
1018 3411 1036 3445 ι
1070 3391 1124 3447 1η
1151 3391 1501 3447 tribulatione
1521 3391 1758 3446 dilatasti
1789 3390 1947 3446 mihi.
1978 3409 1998 3442 ι

2112 3373 2222 3436 ταῖς
2253 3371 2485 3442 θλίψεσι,
2511 3372 2651 3426 κατά
2685 3372 2767 3424 τό.
2807 3391 2824 3424 ι
2849 3373 2935 3427 Ἐν
2967 3372 3142 3443 θλίψει
3194 3373 3496 3438 ὲπλάτυνάς
3527 3391 3594 3444 με
3620 3392 3632 3405 ·
3658 3396 3678 3426 ι

426 3464 580 3559 Quod
631 3487 689 3542 ﬁt
727 3487 930 3552 etiam,
967 3487 1093 3540 dum
1139 3499 1246 3540 non
1291 3484 1516 3540 omnino
1563 3483 1862 3552 liberatur,
1900 3482 1999 3541 sed

2112 3464 2241 3537 ὅπερ
2268 3466 2498 3534 γίνεται,
2534 3466 2594 3518 οὐ
2631 3466 2848 3530 πάντως
2869 3465 3343 3538 ἀπαλλαττομένου
3369 3507 3384 3533 ,
3419 3468 3684 3537 γενναίως

425 3593 685 3652 generose
713 3579 966 3634 sustinet.

2112 3554 2161 3608 δὲ
2194 3557 2470 3627 φέροντος.

499 3671 658 3727 Vens.
686 3669 778 3724 21.
811 3670 875 3723 Et
896 3669 1146 3723 retribuet
1171 3667 1297 3722 mihi
1316 3667 1573 3722 Dominus
1591 3667 1880 3722 secundum
1907 3667 1992 3733 ju-

2177 3670 2286 3725 Kai
2310 3669 2721 3725 ἀνταποδώσει
2741 3691 2844 3742 μοι
2876 3673 3088 3742 Κύριος
3133 3673 3283 3728 κατὰ
3312 3673 3428 3743 τὴν
3462 3673 3682 3727 δικαιο-

422 3763 620 3818 stitiam
639 3776 827 3825 meam,
841 3771 886 3813 et
901 3757 1477 3826 secundumpuritatem
1497 3774 1748 3812 manuum
1767 3771 2005 3812 mearum

2112 3763 2308 3832 σύνην
2329 3781 2472 3833 μου,
2507 3764 2606 3837 καί
2637 3765 2788 3816 κατὰ
2821 3763 2937 3832 τὴν
2973 3766 3369 3834 καθαριότητα
3411 3764 3529 3818 τῶν
3564 3783 3683 3836 χει-

423 3853 670 3908 retribuet
703 3851 855 3916 mihi,
873 3851 1122 3920 quoniam
1154 3849 1409 3902 custodivi
1439 3848 1550 3902 vias
1577 3847 1743 3919 609
1765 3847 2000 3914 Domini,

2112 3853 2226 3920 ρῶν
2275 3871 2392 3923 μου
2448 3854 2860 3909 ἁνταποδώσει
2909 3873 3010 3924 μοι
3036 3857 3058 3920 ,’
3099 3854 3190 3908 ὅτι
3237 3855 3513 3924 ἐφύλαξα
3577 3856 3684 3920 τὰς

424 3957 534 4002 etc.
568 3942 667 4010 Qui
697 3940 896 3996 attollit
922 3949 1141 3995 sanctas
1176 3953 1368 3994 manus
1398 3939 1667 4007 audetque
1711 3938 1891 3993 dicere
1920 3939 1998 3992 τις

2112 3944 2288 4011 ὁδοὺς
2314 3945 2560 4013 Κυρίου,
2583 3962 2637 3998 κ.
2665 3963 2715 3998 τ.
2740 3946 2787 3998 ὲ.
2825 3945 2882 3999 Ὀ
2915 3945 3161 4018 ἐπαίρων
3189 3947 3370 4008 ὁσίους
3407 3944 3516 4017 (81)
3573 3949 3685 4014 χεῖ-

435 4057 454 4090 ς
491 4035 733 4092 Elevatio
761 4048 1016 4089 manuum
1047 4023 1290 4087 mearum
1315 4072 1332 4098 ,
1370 4031 1703 4086 sacriﬁcium
1733 4032 2003 4100 vesperti-

2112 4054 2226 4110 ρας,
2254 4036 2349 4090 καὶ
2380 4036 2596 4109 θαρρῶν
2625 4039 2798 4091 εἰπεῖν
2818 4055 2830 4067 ·
2863 4056 2884 4090 ι
2916 4038 3188 4110 Ἐπαρσις
3213 4039 3321 4092 τῶν
3353 4040 3548 4110 χειρῶν
3581 4055 3681 4110 μου

426 4147 555 4187 nttm
577 4173 592 4199 ,
628 4151 647 4184 ι
687 4130 980 4203 puritatem
1019 4141 1234 4197 quoque
1271 4141 1528 4181 manuum
1557 4141 1616 4181 se
1637 4126 1842 4182 habere
1870 4142 2002 4197 pro-

2112 4127 2267 4182 θυσία
2297 4129 2580 4200 ἑσπερινὴ,
2623 4147 2641 4180 ι
2685 4129 2780 4182 καὶ
2825 4128 3172 4201 καθαρότητα
3198 4130 3394 4201 χειρῶν
3422 4129 3685 4202 ὁμολογή-

424 4221 686 4278 litebltur.
744 4220 845 4275 llic
877 4233 1060 4273 sermo
1087 4227 1171 4271 est
1198 4215 1315 4284 ejus
1354 4216 1445 4284 qui
1503 4216 1767 4286 perspicit
1807 4231 2004 4270 unum—

2112 4219 2376 4290 σειέχειν.
2407 4219 2750 4290 Θεωροῦντος
2781 4221 2838 4274 δὲ
2859 4221 2938 4285 ὡς
2975 4221 3206 4275 ἕκαστον
3246 4222 3426 4294 κρίσει
3472 4222 3678 4289 γίνεται

421 4315 674 4382 quodque
721 4325 842 4367 cum
882 4308 1089 4380 judicio
1136 4305 1275 4360 ﬁeri.
1335 4306 1478 4360 Sunt
1518 4315 1697 4359 autem
1751 4305 2000 4374 quaedam

2112 4307 2282 4375 λόγος.
2313 4309 2469 4361 Ἔστι
2499 4307 2555 4361 δέ
2583 4326 2705 4362 τινα
2736 4309 2978 4381 κρίματα
3006 4309 3100 4363 τοῦ
3123 4309 3258 4363 Θεοῦ
3298 4311 3425 4380 περὶ
3450 4310 3682 4364 ἑκάστου

423 4403 516 4458 Dei
543 4399 755 4473 judicia
783 4399 930 4456 circa
958 4394 1238 4467 quodlibet
1281 4404 1586 4465 peceatum.
1642 4393 1874 4462 Quando
1902 4395 2003 4464 igi-

2112 4397 2214 4452 τῶν
2243 4399 2726 4470 ἁμαρτανομένων.
2767 4401 2934 4454 Ἐπάν
2959 4395 3052 4455 οὖν
3075 4400 3144 4454 τά
3171 4401 3300 4470 περὶ
3323 4400 3538 4454 πάντων
3573 4399 3683 4451 τῶν

422 4506 512 4551 tur
557 4478 896 4565 quis'omnia
931 4491 997 4544 de
1045 4487 1287 4559 peccatis
1329 4485 1817 4554 omnibusjudicia
1868 4495 2009 4546 ante,

2112 4488 2516 4561 ἁμαρτημάτων
2545 4491 2790 4562 κρίματα
2813 4491 2990 4545 πάντα
3015 4491 3121 4562 πρὸ
3136 4489 3428 4560 ὀφθαλμῶν
3456 4506 3539 4552 τις
3561 4489 3679 4562 ἔχῃ,

419 4584 607 4641 oculos
637 4583 838 4648 habet,
887 4580 1066 4636 dicet:
1103 4595 1123 4628 ι
1157 4575 1352 4633 Omnia
1380 4575 1584 4647 judicia
1614 4576 1730 4645 ejus
1777 4577 1832 4631 in
1863 4592 1996 4632 con-

2112 4583 2253 4652 ἐρεῖ·
2283 4599 2304 4634 ι
2336 4582 2520 4635 Πάντα
2540 4582 2607 4636 τά
2631 4582 2874 4654 κρίματα
2908 4580 3072 4635 αὐτοῦ
3095 4578 3323 4635 ἐνώπιόν
3355 4596 3482 4649 μου.
3511 4598 3530 4631 ο
3573 4580 3686 4632 Καὶ

419 4685 609 4749 specto
636 4689 779 4730 meo.
809 4693 829 4728 ι
875 4672 1144 4727 Caeterum
1182 4670 1274 4739 qui
1318 4669 1436 4723 bzec
1480 4668 1641 4733 dicit,
1675 4669 1726 4722 in
1765 4668 1910 4723 nulla
1943 4685 2000 4725 re

2112 4671 2276 4736 ἱλλως
2301 4672 2451 4727 οὐδὲν
2475 4674 2504 4726 ὁ
2545 4673 2716 4727 ταῦτα
2775 4672 2946 4742 λέγων
3006 4671 3201 4727 ἑαυτοῦ
3259 4670 3681 4739 καταγινώσκει.

422 4769 664 4840 seipsum
697 4755 1050 4821 Condemnat.
1099 4754 1254 4817 Unde
1282 4761 1396 4814 haec
1431 4759 1597 4813 etiam
1639 4761 1706 4815 ad
1746 4759 1995 4816 Salvato-

2112 4762 2268 4817 Ὅθεν
2294 4763 2389 4818 καὶ
2431 4767 2522 4820 ἐπὶ
2560 4767 2650 4819 τὸν
2693 4765 2923 4835 Σωτῆρα
2984 4763 3123 4818 αὑτά
3147 4834 3150 4838 ’
3175 4764 3255 4817 δεῖ
3292 4761 3682 4832 ἀναφέρεσθαι,

425 4877 538 4916 rem
574 4858 859 4915 referenda
885 4864 1044 4924 sunt,
1093 4855 1293 4925 quippe
1334 4871 1353 4904 ι
1390 4860 1656 4906 tentatum
1682 4867 1780 4923 per
1811 4855 1996 4908 omnia

2112 4870 2119 4903 ι
2166 4853 2262 4906 τὸν
2305 4855 2744 4927 πεπειρασμένον
2809 4855 2951 4908 κατά
2989 4855 3166 4909 πάντα
3225 4853 3344 4909 καθ’
3389 4853 3684 4925 ὁμοιότητα

421 4969 520 5025 pro
547 4949 901 5006 similitudine
927 4949 1134 5016 absque
1165 4952 1387 5015 peccato
1407 4943 1473 4996 ⁷⁸.
1509 4961 1526 4994 ι

495 5045 764 5115 Ejusdem.
797 5041 1013 5096 Puritas
1047 5041 1242 5094 mentis
1283 5047 1370 5093 est
1421 5035 1708 5090 aﬂ'ectumn
1751 5036 1993 5090 carentia

418 5147 486 5190 ex
519 5130 690 5204 gratia
737 5129 859 5195 Dei,
911 5126 1094 5182 addito
1133 5127 1297 5182 etiam
1343 5124 1576 5180 hominis
1606 5124 1807 5180 studio.
1839 5125 1997 5180 Puri-

2094 4947 2268 5017 χωρὶς
2292 4947 2585 5018 ἁμαρτίας.
2624 4967 2643 5001 ι

2179 5035 2293 5091 Τοῦ
2331 5038 2536 5093 αὑτοῦ.
2589 5037 2966 5110 Καθαρειότης
3004 5039 3179 5110 ψυχῆς
3202 5037 3315 5110 (82)
3347 5039 3494 5092 ἐστιν
3536 5037 3682 5092 ἀπά-

2102 5129 2224 5183 θεία
2269 5132 2334 5183 ὲκ
2371 5129 2593 5202 χάριτος
2636 5129 2793 5197 Θεοῦ,
2851 5129 3283 5202 προσγινομένης
3318 5129 3411 5184 καὶ
3451 5128 3683 5198 σπουδῆς

524 5299 570 5330 τί
601 5295 792 5351 Matth.
820 5310 870 5362 v,
901 5295 954 5350 8.
1029 5294 1076 5326 τ’
1111 5292 1243 5347 Luc.
1273 5307 1328 5357 κ,
1361 5292 1446 5347 l9.
1524 5291 1572 5323 ⁷³
1595 5289 1685 5347 Ρε.
1714 5307 1788 5359 ιν,
1813 5291 1870 5348 2.
1947 5293 1991 5326 "
2025 5295 2110 5351 Ps.
2143 5309 2249 5350 cst.
2278 5333 2291 5357 ,
2326 5291 2382 5345 2.
2459 5291 2505 5323 "
2538 5291 2704 5346 llebr.
2736 5306 2822 5358 IV,
2857 5289 2945 5344 15.

490 5442 606 5513 (77)
634 5441 837 5511 Πηγὰς
864 5437 970 5505 τὰς
996 5439 1233 5508 ἀρετάς,
1262 5446 1369 5493 etc.
1417 5436 1630 5493 Eandem
1677 5438 1915 5506 schedm,
1941 5450 1994 5496 rt

423 5512 821 5650 ΒΩὗῖἘΙ-Ἇῗτὸς
844 5580 914 5645 ἐξ
941 5579 1138 5648 ὕψους
1165 5577 1344 5632 ἔλαϐέ
1373 5596 1469 5647 με,
1506 5587 1620 5636 etc.
1649 5577 1830 5650 Codex
1857 5577 1990 5644 Roe,

421 5649 710 5704 Cor‘derius
736 5663 912 5705 autem
939 5651 1096 5704 habet
1125 5661 1380 5716 tauquam
1409 5665 1550 5702 anon
1575 5649 1683 5701 'ini.

495 5720 603 5773 (79)
639 5720 945 5773 Ἐντεῦθεν
972 5717 1344 5773 ’γινώσκομεν
1367 5759 1382 5773 .
1411 5729 1518 5773 etc.
1547 5666 1774 5773 ἐοικότε
1802 5717 1982 5773 Grabii

495 5720 603 5784 (79)
639 5720 945 5775 Ἐντεῦθεν
972 5717 1344 5788 γινώσκομεν
1367 5759 1382 5784 ,
1411 5729 1518 5774 etc.
1547 5717 1774 5774 Scltcdce
1802 5717 1983 5773 Grabii

423 5804 485 5843 ac
515 5789 800 5842 Barbarus.

2319 5439 2382 5516 9i
2412 5437 2774 5516 mucidum-ot,
2797 5444 2907 5516 etc.
2934 5433 3250 5516 Comet-ius.
3313 5500 3350 5516 η
3370 5514 3382 5516 Α
3403 5513 3418 5516 A
3479 5497 3517 5516 μ

2167 5493 2284 5580 (81)
2325 5508 2389 5561 '0
2412 5493 2676 5576 ἐπαίρων
2706 5493 2940 5580 ὁσίους..
2966 5516 3075 5560 etc.
3102 5503 3280 5559 Codex
3312 5500 3445 5554 Roe.
3479 5493 3680 5552 Corde-

2097 5577 2212 5636 riu's
2243 5577 2419 5633 autem
2454 5592 2724 5650 anonymo
2759 5577 2972 5650 tribuit.
3145 5644 3176 5650 _
3218 5642 3231 5650 _
3304 5643 3317 5650 _
3395 5641 3426 5650 _
3501 5639 3514 5650 _
3540 5637 3573 5650 ,,

2166 5651 2280 5712 (82)
2311 5639 2709 5716 Κιιθαρειότης
2737 5643 2970 5715 ψυχῆς,
2999 5656 3105 5702 ctc.
3143 5642 3367 5702 Schedae
3388 5639 3600 5712 Grabii,
3625 5641 3681 5693 et

2099 5724 2386 5780 Barbarus.
