4100 6440
411 437 439 488 l
445 433 550 489 253

1413 424 1723 482 SELECTA
1762 424 1826 479 IN
1868 406 2201 478 ussuros.
2242 452 2311 461 -
2351 421 2547 477 PSAL.
2589 418 2750 475 xvu.

3543 414 3673 470 195$

408 552 501 607 τοῦ
525 548 835 623 ἀνθρώπου.
876 546 1297 619 Καθαρειότητα
1343 545 1542 617 χειρῶν
1571 544 1667 608 τὰς
1713 560 1982 615 προφητι-

2099 549 2252 596 tatem
2284 553 2564 603 manuum,
2594 536 2980 608 prophetarum
3008 541 3164 588 vocat
3194 540 3438 587 actiones
3467 544 3585 599 qua:
3608 529 3678 583 ab

408 647 511 710 κάς
546 661 707 715 φησιν
732 643 1012 715 ἐνεργείας
1040 640 1370 713 ἀμολύντους
1398 638 1564 703 οὔσας
1604 638 1712 692 ἀπὸ
1738 636 1836 707 τῆς
1871 635 1990 706 βελ-

410 736 599 806 τίστης
631 733 821 800 ἕξεως.
960 784 967 789 ,

479 827 589 883 Καὶ
620 825 834 895 ἔσομαι
860 825 1098 895 ἄμωμος
1122 823 1249 893 μετ’
1278 822 1487 886 αὑτοῦ,
1512 820 1613 874 καὶ
1650 816 1992 888 φυλάξομαι

410 917 529 973 ἀπὸ
551 917 661 986 τῆς
681 917 932 987 ἀνομίας
959 933 1100 986 μου,
1132 933 1185 969 κ.
1204 932 1255 969 τ.
1292 915 1338 968 ἐ.
1371 912 1556 984 Χωρὶς
1587 909 1719 964 Θεοῦ
1755 908 1864 980 (85)
1894 908 1993 961 οὐκ

417 1011 563 1064 ἐστιν
609 1006 746 1064 εἶναι
799 1010 1057 1081 ἄμωμον·
1115 1007 1233 1078 μετ’
1262 1006 1419 1075 ὀλίγα
1468 1000 1561 1059 οὖν
1607 1019 1773 1073 φησιο
1812 1021 1829 1053 ‹
1882 1001 1994 1054 Καὶ

417 1099 568 1154 ἔθετο
605 1098 831 1170 ἄμωμον
856 1098 954 1168 τὴν
990 1096 1107 1151 ὁδόν
1130 1112 1251 1167 μου.
1290 1114 1307 1146 ι
1344 1096 1457 1148 Οὐκ
1496 1093 1611 1147 ἔστι
1643 1093 1699 1145 δὲ
1727 1090 1868 1146 κατά
1902 1090 1993 1142 τὸν

415 1192 641 1261 λέγοντα
696 1191 776 1245 τό.
819 1210 837 1243 ι
879 1188 1272 1244 Ἀνταποδὼσει
1329 1205 1418 1260 μοι
1460 1187 1665 1258 Κύριος
1707 1184 1849 1239 κατὰ
1898 1183 1994 1255 τὴν

412 1281 757 1354 δικαιοσύνην
791 1298 918 1353 μου,
951 1300 969 1332 ι
1003 1281 1097 1335 καὶ
1126 1282 1186 1334 τὺ
1226 1281 1375 1350 ἑξῆς,
1407 1279 1552 1349 ἔχειν
1591 1277 1842 1349 ἀνομίαν.
1885 1274 1996 1328 Καὶ

413 1375 496 1429 τό.
527 1394 543 1427 ι
576 1374 889 1445 Φυλάξομαι
919 1374 1027 1427 ἀπὸ
1049 1373 1150 1445 τῆς
1180 1374 1408 1445 ἀνομίας
1437 1390 1593 1444 pou,»
1624 1370 1845 1425 δύναται
1875 1370 1997 1422 ἁνα-

416 1465 680 1538 φέρεσθαι
715 1467 807 1519 ἐπὶ
839 1466 901 1519 τὸ
944 1465 1234 1537 λεγόμενον
1260 1465 1322 1518 τὺ
1360 1466 1417 1518 ἐν
1450 1465 1580 1535 ἡμῖν
1609 1464 1818 1526 σκότος,
1854 1459 1995 1515 κατὰ

415 1555 505 1608 τό*
548 1576 564 1608 ι
605 1558 669 1611 Ei
701 1552 794 1611 οῦν
820 1556 881 1609 τὸ
917 1556 1031 1627 φῶς
1053 1557 1115 1609 τὸ
1144 1558 1201 1609 ἐν
1228 1556 1310 1610 σοὶ
1334 1556 1525 1621 σκότος
1547 1556 1687 1620 ἐστὶ,
1716 1554 1778 1607 τὸ
1806 1552 1996 1617 σκότος

413 1646 579 1701 πόσον
602 1664 615 1713 ;
655 1667 673 1700 ι

491 1845 601 1901 Τοῦ
632 1845 841 1900 αὑτοῦ.
881 1846 1144 1917 ’Ἄμωμός
1170 1846 1315 1901 ἐστιν
1343 1846 1452 1919 (84)
1493 1849 1521 1901 ὁ
1551 1847 1690 1919 ἔχων
1720 1848 1777 1901 ἐν
1819 1848 1996 1918 ἐαυτῷ

2092 638 2297 706 optimo
2329 634 2519 690 habitu
2548 633 2762 687 munda:
2788 637 2841 683 et
2864 626 3290 697 incoinquinatre
3319 631 3494 679 erant.

2167 834 2335 889 Vens.
2373 829 2464 885 25.
2504 828 2575 883 Et
2612 844 2701 885 ero
2735 826 3110 882 immaculatus
3149 837 3268 876 cum
3302 837 3384 885 eo,
3418 830 3463 874 et
3491 821 3675 873 obser-

2093 928 2221 982 vabo
2254 942 2334 980 me
2366 924 2429 978 ab
2462 922 2738 993 iniquitate
2784 934 2921 984 mea,
2958 925 3066 972 ete.
3108 915 3330 983 Absque
3364 912 3475 966 Deo
3517 924 3675 966 nemo

2093 1025 2274 1088 potest
2305 1030 2428 1071 esse
2459 1012 2863 1068 immaculatus.
2894 1006 3075 1075 Quare
3104 1004 3263 1076 paulo
3291 1010 3412 1073 post
3443 1000 3551 1055 ait:
3572 1019 3590 1052 ι
3611 999 3678 1054 Ει

2095 1109 2272 1181 posuit
2320 1106 2723 1163 immaculatam
2759 1103 2903 1157 viam
2956 1113 3155 1155 meam.
3184 1116 3202 1150 ι
3252 1095 3369 1151 Νοη
3418 1093 3677 1150 convenit

2094 1207 2276 1255 autem
2306 1198 2381 1253 illi
2406 1197 2497 1267 qui
2522 1196 2600 1251 ait
2626 1213 2640 1250 :
2672 1213 2691 1246 ι
2728 1192 3013 1249 Retribuet
3038 1187 3169 1244 mihi
3203 1186 3462 1242 Dominus
3482 1197 3678 1239 secun-

2094 1290 2223 1344 dum
2246 1289 2519 1361 jusritiam
2553 1301 2752 1352 meam,
2786 1303 2804 1337 ι
2840 1293 2988 1347 etc.,
3027 1289 3085 1335 ut
3133 1278 3298 1333 ullam
3336 1277 3535 1333 habeat
3569 1273 3677 1329 ini-

2096 1382 2387 1453 quitatem.
2428 1380 2495 1436 Et
2532 1380 2663 1435 illud
2697 1395 2714 1434 :
2750 1397 2768 1431 ι
2796 1374 3112 1433 Observabo
3145 1388 3234 1429 me
3273 1370 3341 1425 ab
3388 1368 3680 1439 iniquitate

2095 1490 2239 1541 mea,
2283 1493 2302 1527 ›
2342 1472 2537 1529 referri
2586 1480 2764 1542 potest
2799 1471 2866 1525 ad
2908 1469 3043 1525 illud
3076 1466 3221 1536 quod
3251 1465 3305 1520 in
3336 1463 3491 1519 nobis
3518 1476 3681 1516 voea-

2099 1574 2184 1620 tur
2233 1564 2494 1629 tenebrae,
2536 1561 2689 1634 juxta
2726 1561 2857 1616 illud
2881 1562 2929 1592 ⁷⁸
2960 1578 2973 1614 :
3006 1576 3025 1612 ι
3058 1558 3115 1613 Si
3154 1571 3289 1628 ergo
3321 1554 3501 1609 lumen
3536 1552 3678 1623 quod

2098 1657 2153 1712 in
2211 1664 2263 1711 te
2313 1663 2437 1719 est,
2492 1653 2731 1709 tenebrae
2782 1652 2914 1718 sint,
2978 1650 3110 1721 ipsa:
3163 1649 3407 1704 tenebrae
3463 1652 3682 1715 quanta:

2096 1746 2289 1801 erunt?
2324 1766 2344 1797 ι

2170 1836 2451 1909 Ejusdem.
2504 1835 2888 1893 lmmaculatus
2940 1840 3026 1887 est
3054 1830 3145 1886 ille
3176 1828 3267 1901 qui
3299 1830 3442 1885 viam
3495 1827 3587 1882 Dei
3627 1828 3680 1880 in

415 1937 513 2009 τὴν
542 1938 659 1992 ὁδὸν
686 1937 780 1991 τοῦ
818 1936 975 2001 Θεοῦ,
1006 1938 1098 1991 τὸν
1134 1939 1388 2010 Χριστόν.
1418 1959 1436 1989 ί
1477 1938 1616 2008 Ἐγὼ
1649 1938 1778 2011 γὰρ,
1805 1940 1991 2010 φησιν,

2099 1946 2156 1987 se
2190 1929 2376 1996 habet,
2406 1928 2687 1985 Christum
2720 1926 2956 1983 scilicet.
3002 1944 3019 1977 ι
3042 1924 3152 1994 Ego
3176 1922 3344 1986 enim,
3382 1919 3560 1989 inquit
3591 1919 3636 1949 ⁷⁷
3661 1958 3677 1981 ,

416 2030 532 2100 εἰμὶ
579 2030 612 2100 ἡ
667 2028 804 2093 ὁδός.
869 2047 885 2079 ι
934 2029 1197 2101 ’Λμωμον
1243 2029 1299 2083 δὲ
1340 2031 1545 2101 ταύτην
1596 2031 1697 2102 τὴν
1740 2030 1857 2084 ὁδὸν
1900 2032 1995 2084 καὶ

414 2114 579 2257 ιἷέιὶὁς
602 2114 630 2166 ὁ
653 2114 815 2170 Δαυῒὸ
847 2114 948 2187 ἔφη
984 2116 1162 2186 λέγων
1187 2136 1200 2148 ·
1244 2138 1262 2171 ι
1310 2118 1367 2174 ’0
1392 2119 1525 2183 Θεός
1549 2136 1671 2191 μου,
1703 2120 1933 2191 ἄμωμος
1961 2120 1995 2191 ἡ

506 2222 535 2267 ς
568 2220 682 2257 σου.
726 2224 745 2255 ι

486 2298 593 2352 Καὶ
630 2298 1047 2354 ἁνταποδώσει
1080 2320 1182 2370 μοι
1226 2303 1445 2371 Κύριος
1468 2303 1617 2358 κατὰ
1646 2304 1760 2373 τὴν
1778 2304 2000 2358 δικαιο-

413 2390 616 2457 σύνην
640 2405 781 2459 μου,
815 2408 868 2446 κ.
903 2408 955 2444 τ.
986 2393 1033 2445 ἐ.
1076 2411 1093 2444 ι
1149 2393 1235 2446 Ἐν
1338 2394 1520 2468 μέτρῳ
1561 2396 1674 2468 (85)
1726 2400 1997 2469 μετρεῖτε,

414 2481 942 2553 ἀντιμετρηθήσεται
979 2485 1127 2554 ὑμῖν.
1182 2504 1199 2535 ι
1242 2486 1439 2555 Ἀγίων
1481 2487 1539 2541 δὲ
1593 2486 1734 2559 αὕτη
1766 2491 1800 2560 ἡ
1846 2489 1999 2561 φωνὴ

414 2568 522 2621 τῶν
545 2568 633 2623 διὰ
664 2569 864 2641 πολλὴν
892 2574 1203 2644 παρρησίαν
1222 2574 1534 2647 δυναμένων
1557 2578 1759 2648 λέγειν·
1789 2599 1806 2631 ‹
1847 2581 1999 2633 Ἀντ-

416 2661 612 2725 απόδος
651 2662 729 2733 τῷ
764 2663 934 2735 δούλῳ
970 2682 1085 2718 σου.
1140 2684 1158 2716 ι
1197 2667 1551 2740 Δικαιοσύνην
1589 2670 1737 2740 λέγει
1795 2670 1894 2742 τὴν
1936 2674 2002 2726 ἐκ

416 2751 655 2817 πίστεως
691 2755 863 2827 Ἰησοῦ
916 2755 1169 2827 Χριστοῦ,
1194 2758 1316 2828 ἥτις
1344 2762 1722 2834 πεφανέρωται
1756 2765 1836 2828 είς
1867 2764 2001 2819 πάν-

416 2861 516 2908 τας
543 2846 670 2908 τοὺς
714 2846 1099 2912 πιστεύονταςο
1132 2853 1248 2914 τοῖς
1280 2852 1388 2923 γὰρ
1434 2853 1611 2925 ὀρθῶς
1652 2856 2000 2913 πιστεύουσιν

417 2937 451 3007 ἡ
483 2937 663 3001 πίστις
687 2939 768 3001 είς
793 2938 1139 3010 δικαιοσύνην
1170 2941 1465 3010 λογίζεται.

486 3029 647 3081 Μετὰ
668 3027 841 3081 ὁσίου
870 3027 1197 3098 ὁσιωθήσῃ,
1231 3031 1327 3084 καὶ
1354 3034 1506 3101 μετὰ
1538 3034 1759 3103 ἀνδρὸς
1805 3037 2001 3093 ἀθὼου

416 3115 609 3183 ἀθῶος
651 3115 790 3185 ἔσῃ,
836 3116 935 3169 καὶ
979 3118 1131 3185 μετὰ
1184 3120 1472 3178 ἐκλεκτοῦ
1526 3124 1814 3193 ἐκλεκτὸς
1855 3127 1997 3197 ἔσῃ,

418 3208 517 3263 καὶ
537 3208 689 3278 μετὰ
720 3210 1016 3278 στρεϐλοῦ
1061 3212 1462 3283 διαστρέψεις,
1501 3234 1553 3269 κ.
1586 3234 1637 3270 τ.
1672 3219 1719 3273 ἐ.
1766 3220 1851 3284 Ὠς
1875 3221 1997 3275 ἐσο-

423 3319 520 3372 μαι
556 3300 668 3372 (86)
703 3301 933 3374 ἄμωμος
962 3304 1078 3376 μετ’
1105 3304 1270 3359 αὐτοῦ
1296 3306 1390 3359 τοῦ
1423 3307 1579 3376 Θεοῦ,
1606 3309 1778 3375 οὕτως
1811 3313 1839 3365 ὁ
1865 3314 1998 3379 Θεὸς
2026 3295 2067 3352 C

422 3393 563 3463 μετὰ
612 3393 758 3447 ὁσίου
811 3396 1199 3468 ὁσιωθήσεται,
1254 3399 1348 3452 καὶ
1397 3400 1536 3470 μετὰ
1592 3400 1769 3456 ἀθώου
1824 3404 1999 3470 ἀθῶος

420 3482 591 3548 ἔσται,
609 3483 704 3537 καὶ
731 3483 870 3554 μετὰ
897 3485 1153 3540 ἐκλεκτοῦ
1181 3487 1435 3552 ἐκλεκτὸς
1456 3488 1608 3543 ἔσται
1638 3490 1819 3556 αὑτός.
1845 3493 2000 3548 Μετὰ

420 3573 679 3643 στρεϐλοῦ
708 3573 764 3627 δὲ
786 3573 904 3646 οὐχὶ
946 3576 1199 3647 στρεΰλὸς
1225 3577 1376 3632 ἔσται
1405 3579 1545 3650 (οὐδὲ
1592 3578 1701 3651 γὰρ
1733 3581 1998 3656 θεμιτὸν),

416 3662 553 3752 ἀλλά
577 3664 941 3737 διαστρέψεις,
968 3666 1044 3730 ὡς
1081 3667 1220 3738 μετὰ
1246 3669 1467 3741 Φαραώ.

495 3756 603 3810 Τοῦ
642 3757 851 3811 αὐτοῦ.
896 3758 987 3811 Ἐν
1037 3759 1136 3828 μὲν
1166 3763 1279 3824 τοῖς
1310 3761 1478 3825 ὁσίοις
1510 3762 1625 3834 (87)
1670 3765 1816 3829 ὅσιός
1849 3769 1999 3820 ἐστιν

415 3847 444 3899 ὁ
470 3846 621 3911 Θεός,
658 3847 715 3901 ἐν
745 3846 801 3901 δέ
832 3851 943 3911 τοῖς
973 3849 1172 3914 ἀθώοις
1187 3851 1382 3917 ἀθῶος,
1411 3855 1469 3907 ἐν
1500 3855 1557 3909 δὲ
1585 3859 1698 3920 τοῖς
1726 3858 1999 3923 ἐκλεκτοῖς

420 3940 696 4004 ἐκλεκτὸς,
737 3941 794 3994 ἐν
843 3940 901 3993 δέ
940 3943 1054 4003 τοῖς
1097 3942 1377 4013 στρεϐλοῖς
1425 3945 1486 3998 οὐ
1540 3947 1815 4017 στρεϐλὸς,
1861 3950 1997 4003 ἀλλὰ

421 4030 920 4101 συστρεϐλούμενος
955 4032 1139 4093 αὐτοῖς
1177 4032 1264 4085 διὰ
1306 4032 1368 4085 τὸ
1418 4033 1681 4106 εὔφημον.
1731 4038 1998 4106 Στρεϐλὸν

415 4120 525 4193 γάρ
550 4123 642 4175 τὸν
664 4123 795 4176 Θεὸν
818 4125 990 4177 εἰπεῖν
1016 4123 1337 4193 ἐφυλάξατο.
1364 4125 1599 4190 Τούτους
1627 4129 1754 4191 τοὺς
1784 4130 1998 4200 στίχους

357 4292 361 4296 ἡ
417 4215 467 4268 ol
495 4214 853 4285 άπλούστεροι
884 4215 976 4268 ἐπὶ
1014 4214 1122 4269 τῶν
1159 4215 1464 4287 ἀνθρώπων
1495 4217 1756 4282 πολλάκις
1787 4219 1999 4290 λαμϐά-

417 4323 618 4362 νουσιν.
650 4305 806 4360 Οὕτω
833 4306 888 4359 δὲ
912 4307 1329 4379 συστρεὸλοῦται
1354 4308 1505 4373 Θεὸς,
1522 4308 1597 4373 ὡς
1626 4311 1683 4363 ἐν
1704 4309 1782 4382 τῷ
1809 4313 1999 4364 Δευτεο

418 4399 655 4471 ρονομίῳ
686 4398 865 4468 λέγει’
924 4420 940 4451 ι
976 4398 1101 4454 Ἐὰν
1141 4399 1520 4471 εἰσελεύσησθε
1567 4402 1705 4473 πρὸς
1740 4403 1807 4474 μὲ
1858 4404 1997 4459 πλά-

414 4505 544 4557 γιοι,
569 4487 944 4558 εἰσελεύσομαι
961 4486 1116 4558 κάγὼ
1140 4490 1275 4561 πρὸς
1294 4491 1438 4562 ὑμᾶς
1468 4491 1525 4544 ἐν
1544 4490 1698 4563 θυμῷ
1726 4493 1957 4565 πλαγίῳ.
1973 4513 1992 4546 ›

490 4580 601 4636 Τοῦ
630 4580 837 4635 αὐτοῦ.
860 4579 1005 4652 Πρὸς
1035 4580 1136 4646 τὰς
1158 4581 1381 4653 γνώμας
1412 4583 1521 4655 (88)
1558 4584 1663 4637 τῶν
1694 4585 1995 4657 ἀνθρώπων

2096 2040 2215 2081 sum
2242 2026 2351 2078 via.
2378 2042 2396 2075 ι
2449 2020 2856 2077 Immaculatam
2904 2018 3044 2072 hanc
3091 2017 3239 2070 viam
3268 2022 3323 2068 et
3356 2015 3471 2082 ipse
3510 2011 3680 2067 David

2099 2114 2337 2186 appellat
2370 2113 2555 2169 dicens
2584 2111 2672 2167 78:
2714 2128 2731 2162 ι
2765 2109 2908 2165 Deus
2966 2121 3139 2172 meus,
3187 2102 3534 2160 immaculata
3592 2102 3680 2156 via

2100 2216 2213 2262 tua.
2250 2224 2272 2259 ι

2178 2295 2339 2351 Vnus.
2379 2295 2472 2350 25.
2529 2294 2592 2349 Et
2643 2294 2891 2348 retribuet
2933 2291 3061 2345 mihi
3104 2289 3365 2344 Dominus
3395 2287 3684 2341 secundum

2093 2388 2363 2458 justitiam
2394 2402 2586 2451 meam,
2625 2392 2729 2439 etc.
2769 2403 2786 2435 ι
2820 2383 2936 2451 Qua
2984 2394 3238 2435 mensura
3292 2377 3464 2433 mensi
3517 2375 3682 2430 iueri-

2103 2482 2197 2545 tis,
2232 2481 2550 2537 remetietur
2583 2489 2639 2535 et
2669 2478 2826 2535 vobis
2861 2478 2926 2531 ⁷⁸.
2955 2496 2973 2529 ι
3008 2474 3332 2531 Sanctorum
3365 2479 3546 2525 autem
3571 2469 3685 2524 hare

2100 2589 2207 2629 vox
2243 2571 2453 2646 est,qui
2509 2585 2618 2641 prae
2676 2569 2878 2641 ingenti
2930 2566 3124 2622 ﬁducia
3178 2562 3359 2619 dicere
3411 2569 3679 2631 possunt:

2108 2684 2126 2717 ι
2159 2666 2420 2721 Retribue
2452 2677 2612 2719 servo
2648 2672 2741 2718 tuo
2771 2662 2838 2715 "°.
2862 2680 2881 2714 ι
2915 2660 3189 2715 Justitiam
3222 2671 3353 2714 vero
3377 2670 3495 2712 eam
3531 2653 3682 2715 dicit,

2102 2775 2222 2831 qua:
2256 2769 2339 2815 est
2367 2774 2435 2814 ex
2468 2757 2575 2814 ﬁde
2613 2757 2742 2814 Jesu
2784 2756 3019 2821 Christi,
3067 2769 3188 2825 qua:
3219 2751 3564 2808 manifestata
3602 2758 3687 2803 est

2104 2853 2156 2907 in
2201 2866 2390 2907 omnes
2445 2851 2734 2906 credentes
2770 2867 2783 2903 :
2818 2863 2942 2901 nam
2993 2847 3060 2903 iis
3101 2846 3193 2916 qui
3230 2852 3381 2900 recte
3413 2843 3682 2906 credunt,

2102 2944 2238 2999 ﬁdes
2264 2944 2330 2999 ad
2351 2943 2619 3014 jusﬁtiam
2653 2948 2955 3012 reputatur.

2174 3034 2340 3091 Vsus.
2370 3033 2464 3102 26,
2495 3034 2588 3088 27.
2613 3032 2742 3088 Cum
2769 3040 2952 3085 sancto
2979 3038 3188 3083 sanctus
3212 3044 3339 3093 em,
3362 3035 3547 3081 etcum
3575 3024 3697 3078 tiro.

2104 3126 2377 3181 innocente
2412 3128 2660 3180 innocens
2692 3123 2827 3187 eris;
2873 3130 2921 3176 et
2956 3138 3075 3175 cum
3114 3120 3275 3175 electo
3323 3119 3518 3173 electus
3555 3117 3683 3180 eris,

2104 3226 2153 3272 et
2194 3233 2307 3272 cum
2347 3232 2587 3286 perverso
2652 3213 3013 3285 perrerteris,
3044 3220 3149 3267 etc.
3214 3207 3682 3278 Quemadmodum

2102 3307 2487 3366 immaculatus
2528 3320 2637 3361 ero.
2678 3319 2802 3361 cum
2849 3304 2968 3372 ipso
3015 3303 3157 3370 Deo,
3205 3302 3286 3358 sic
3331 3302 3497 3357 etiam
3542 3302 3685 3356 Dens

2101 3417 2224 3458 eum
2272 3408 2466 3456 saneto
2501 3395 2972 3462 sanctificabitur,
3021 3405 3075 3449 et
3121 3409 3243 3450 cum
3279 3395 3572 3449 innocente
3598 3391 3682 3445 in-

2102 3507 2302 3548 nocens
2356 3490 2486 3557 erit,
2531 3499 2587 3546 et
2640 3503 2762 3544 cum
2815 3485 2991 3543 electo
3036 3486 3263 3543 electus.
3312 3486 3510 3541 Verum
3559 3502 3687 3542 cum

2103 3598 2366 3654 perverso
2401 3596 2742 3653 nequaquam
2773 3594 3066 3651 perversus
3115 3579 3219 3634 erit
3256 3578 3384 3649 (hoc
3407 3578 3552 3634 enim
3586 3593 3685 3634 ne-

2106 3673 2231 3744 l'as),
2262 3672 2355 3728 sed
2385 3673 2737 3744 perveneris,
2765 3679 2824 3725 ut
2844 3687 2967 3727 cum
3002 3670 3306 3727 Pharaone.

2174 3763 2455 3837 Ejusdem.
2508 3765 2565 3820 ιιι
2595 3765 2799 3820 sanctis
2833 3771 3055 3819 sanctus
3094 3774 3177 3820 est
3214 3762 3382 3831 Deus,
3434 3763 3489 3819 in
3523 3764 3682 3821 inno-

2102 3859 2358 3916 centibus
2408 3858 2671 3913 innocens
2692 3897 2708 3923 ,
2742 3858 2796 3912 in
2839 3856 3025 3912 electis
3057 3856 3290 3922 electus,
3327 3856 3378 3911 in
3411 3858 3685 3926 perversis

2104 3969 2209 4007 non
2241 3965 2557 4021 perversus,
2590 3951 2683 4005 sed
2712 3949 2873 4006 simul
2900 3959 3163 4015 mutatus,
3184 3948 3348 4018 idque
3365 3950 3685 4004 reverentia:

2100 4058 2267 4099 causa
2298 4042 2520 4096 dicitur.
2555 4041 2881 4096 Perversum
2909 4042 3075 4113 610
3123 4042 3267 4096 enim
3308 4041 3475 4096 Deum
3511 4056 3580 4095 ne
3606 4042 3686 4095 di-

2100 4144 2271 4202 ceret,
2311 4135 2476 4191 cavit.
2522 4133 2631 4188 llos
2668 4149 2857 4188 versus
2917 4134 3282 4203 simpliciores
3340 4134 3407 4188 de
3443 4133 3683 4191 homini-

2101 4228 2200 4283 bus
2228 4241 2373 4296 saepe
2409 4226 2704 4295 accipiunt.
2732 4226 2873 4279 Deus
2901 4234 3082 4280 autem
3107 4225 3467 4292 convertitur,
3494 4240 3683 4295 quem-

2100 4320 2391 4375 admodum
2427 4320 2480 4374 in
2513 4320 2937 4375 Deuteronomio
2980 4318 3114 4375 dicit
3146 4319 3191 4350 ⁸¹
3228 4337 3242 4372 :
3279 4338 3298 4372 ι
3336 4317 3393 4375 Si
3445 4318 3681 4390 ingressi

2102 4414 2315 4471 fueritis
2347 4413 2416 4468 ad
2448 4430 2537 4470 me
2569 4413 2835 4484 perversi,
2866 4413 3144 4485 ingrediar
3176 4422 3231 4469 et
3261 4427 3364 4485 ego
3392 4413 3459 4468 ad
3495 4428 3591 4468 vos
3626 4413 3679 4468 in

2100 4522 2181 4562 ira
2220 4521 2499 4577 perversa.
2536 4524 2553 4558 ι

2173 4598 2447 4671 Ejusdem.
2483 4598 2587 4655 Pro
2615 4596 2813 4654 mentis
2837 4598 3032 4653 aﬂ‘eetu
3066 4593 3379 4654 nominibus
3410 4612 3561 4655 VICCS
3590 4612 3681 4653 re-

414 4676 707 4748 ἁρμόττεις
738 4676 835 4740 τάς
861 4650 1178 4742 ἀντιδόσεις,
1212 4650 1548 4734 (bassis-014.1.
1580 4650 1853 4752 Παρέχεις
1884 4682 1994 4754 γὰρ

2102 4692 2314 4762 pendis,
2348 4708 2382 4748 ο
2419 4692 2664 4749 Domine.
2701 4691 2839 4746 Nam
2892 4691 3099 4747 sanctis
3145 4707 3267 4762 quze
3326 4691 3680 4747 sanctitatem

415 4771 528 4834 τοῖς
561 4770 730 4833 ὁσίοις
762 4769 831 4823 τὰ
859 4771 1136 4843 ὁσιότητος
1180 4770 1325 4837 ἄξια,
1376 4774 1488 4835 τοῖς
1538 4772 1849 4837 ἀνευθύνοις
1897 4777 1993 4829 καὶ

2102 4786 2317 4851 decent,
2349 4786 2737 4842 innocentibus
2764 4796 2819 4841 et
2843 4784 3006 4856 justis
3033 4785 3451 4852 convenientia,
3492 4784 3684 4841 electis

415 4860 646 4923 δικαίοις
676 4860 745 4914 τὰ
770 4862 1073 4934 πρόσφορα,
1104 4862 1197 4915 καὶ
1220 4865 1333 4926 τοῖς
1353 4862 1627 4927 ἐκλεκτοῖς
1652 4862 1744 4916 καὶ
1769 4864 1994 4930 τελείοις

2102 4887 2155 4933 et
2214 4877 2472 4949 perfectis
2510 4877 2751 4946 perfecta
2790 4876 3024 4942 tribuis;
3062 4875 3128 4931 iis
3158 4885 3342 4932 autem
3378 4877 3469 4947 qui
3507 4875 3678 4933 decli-

416 4949 485 5003 τὰ
515 4949 725 5004 τέλεια·
760 4952 872 5014 τοῖς
908 4950 965 5003 δέ
1011 4954 1331 5023 ἐκτραπεῖσι
1376 4954 1469 5007 καὶ
1506 4952 1603 5025 τὴν
1651 4955 1899 5009 ἐναντίαν
1938 4959 1994 5010 ὁ·

2101 4980 2233 5025 nant
2261 4986 2290 5025 a
2323 4970 2405 5024 via
2432 5010 2448 5035 ,
2494 4980 2549 5025 et
2585 4971 2926 5026 contrarium
2992 4970 3095 5025 iter
3159 4970 3483 5036 ambulant,
3546 4986 3680 5029 cou-

415 5042 630 5096 δεύουσι
693 5042 1022 5112 κατάλληλον
1076 5045 1512 5115 παρασκευάζεις
1573 5045 1674 5115 τῆς
1753 5046 1872 5101 ὁδοῦ
1934 5049 1994 5103 τὸ

2099 5078 2294 5131 gruum
2327 5065 2451 5118 vitae
2489 5065 2652 5120 tinem
2684 5063 3087 5119 accommodas.
3129 5061 3234 5119 Sed
3267 5079 3373 5133 qua
3414 5065 3627 5121 ratione
3656 5065 3681 5120 ῖ

417 5143 586 5207 τέλος.
618 5144 728 5199 Καὶ
778 5143 899 5198 τίνα
940 5144 1172 5217 τρόπον;
1219 5164 1236 5197 ι
1283 5144 1403 5198 Ὅτι
1452 5144 1516 5199 σὺ
1567 5142 1695 5197 λαὸν
1741 5141 1994 5199 ταπεινὸν

2104 5174 2121 5207 ι
2156 5155 2422 5225 Quoniam
2457 5167 2515 5212 tu
2546 5156 2803 5228 populum
2839 5158 3107 5215 humilem
3142 5158 3350 5216 salvum
3378 5158 3571 5215 facies.
3604 5178 3622 5213 ι

420 5251 632 5298 σωσεις.
667 5253 685 5285 ι

486 5369 534 5400 ⁷⁸
572 5367 764 5423 Matth.
796 5369 963 5433 γωδ.
1055 5371 1099 5401 ⁷⁷
1128 5369 1288 5425 Joan.
1316 5385 1426 5432 xtv,
1451 5369 1504 5423 6.

418 5454 567 5503 xxvr,
607 5438 790 5504 27,28.

1618 5369 1667 5402 ⁷⁸
1688 5369 1775 5424 Ps.
1798 5382 1930 5436 xvtt,
1956 5368 2046 5425 31.
2160 5371 2205 5403 ⁷³
2226 5369 2424 5427 Matth.
2466 5385 2561 5435 vn,
2605 5370 2659 5426 ἓ.
2773 5370 2938 5428 "Ps.
2988 5385 3178 5437 cxvut,
3232 5368 3316 5422 l7.
3430 5366 3675 5424 "Levit.

488 5579 601 5649 (85)
630 5578 819 5660 Χωρὶς
849 5578 1017 5661 φεοῦ,
1043 5588 1150 5661 etc.
1180 5579 1361 5636 Codex
1384 5579 1518 5635 Roe.
1544 5577 1838 5635 Corderius
1865 5595 1992 5637 vero

2172 5583 2287 5661 (se)
2322 5583 2425 5661 ςρς
2454 5584 2689 5661 ἔσομαί,
2720 5591 2828 5661 etc.
2857 5581 3176 5661 Corderius.

488 5583 601 5649 (85)
630 5583 819 5646 Χωρῑς
849 5583 1017 5642 Θεοῦ,
1043 5588 1150 5635 etc.
1180 5583 1361 5636 Codex
1384 5583 1518 5635 Roe.
1544 5583 1838 5635 Corderius
1865 5595 1992 5637 vero

417 5660 682 5740 ιθιιιῑιευιῑ
710 5650 901 5740 iter,“
932 5648 1115 5740 ista}:

2171 5583 2287 5724 (86;
2328 5583 2425 5650 Ὧς
2454 5584 2689 5664 ἔσομαί,
2720 5591 2828 5638 etc.
2857 5583 3176 5639 Corderius.

2322 5655 2427 5709 Ἐν
2446 5655 2563 5725 μὲν
2586 5668 2710 5720 τοις
2746 5656 2959 5719 ὁσίοις,
3008 5663 3114 5708 etc.
3155 5652 3352 5712 Codex,
3382 5651 3675 5711 Coislinia—

487 5716 600 5789 (84)
636 5721 899 5790 Ἀμωμός
932 5718 1123 5787 ἐστιν,
1174 5729 1279 5775 etc.
1338 5719 1565 5776 Sehcda:
1616 5716 1827 5788 Crabii,
1860 5719 1990 5777 Bar-
2098 5716 2199 5780 nus
2234 5716 2318 5781 10.

415 5792 600 5847 hams.

645 5863 745 5917 Ἐν
767 5856 815 5934 ᾧ
834 5861 1048 5935 μέτρῳ,
1074 5870 1180 5917 etc.
1211 5859 1433 5918 Schedte
1464 5858 1669 5930 Grabii,
1692 5860 1984 5919 Barbarus.

2168 5794 2279 5867 (88)
2313 5797 2468 5865 Πρὸς
2500 5797 2601 5864 τὰς
2633 5793 2883 5866 γνώμας,
2922 5803 3023 5850 etc.
3066 5793 3291 5853 Sc'acdte
3321 5793 3529 5851 Grabii.
