4100 6440
439 364 577 421 ms
599 340 602 344 ’

437 580 682 646 Domine,
719 581 862 638 Deus
887 601 1052 654 uictu,
1094 586 1419 644 illuminabis
1447 590 1686 646 tenebras
1721 602 2012 658 meas,etc.

438 668 683 726 Lucerna
724 675 968 743 corporis
992 685 1078 732 est
1115 678 1326 734 oculus.
1361 680 1516 736 Hunc
1551 681 1880 737 illuminabit
1909 683 2014 738 Do-

438 763 638 820 minus.
670 763 943 824 Habemus
985 770 1272 828 nonnnllas
1305 772 1472 828 etiam
1507 773 1561 830 in
1597 772 1834 828 humana
1865 785 2012 830 stru-

435 864 590 908 ctura
627 855 898 918 tenebras.
943 857 1054 916 Has
1087 860 1252 932 igitur
1285 878 1408 934 quae
1440 864 1494 920 in
1519 863 1678 934 justo
1708 875 1859 932 sunt,
1889 866 2012 921 illu-

433 946 669 1006 minabit
703 948 985 1010 Dominus.
1033 953 1131 1010 Vel
1176 954 1398 1012 lucerna
1445 956 1664 1026 animas,
1697 973 1850 1013 mens
1881 967 2006 1024 est,

433 1039 632 1112 quippe
677 1057 796 1114 quae
842 1043 1020 1106 lumen
1079 1046 1322 1117 recipere
1352 1059 1536 1120 queat.
1577 1048 1840 1107 Tenebrae
1880 1067 2008 1107 vero

433 1133 630 1188 animae
665 1144 792 1190 sunt
825 1135 1110 1194 iracundia
1139 1149 1194 1196 et
1225 1143 1667 1212 concupiscentia
1689 1183 1702 1210 ,
1731 1159 1850 1214 quae
1883 1144 2006 1202 illu-

435 1226 711 1282 minantur
743 1230 812 1284 ab
849 1245 914 1286 eo
945 1233 1038 1306 qui
1086 1232 1326 1290 divinum
1374 1235 1716 1306 splendorem
1748 1239 2004 1308 suscepit.

435 1315 595 1374 Forte
629 1319 794 1375 ctiam
833 1321 924 1390 qui
967 1324 1215 1384 veritatis
1263 1325 1468 1383 lumine
1512 1343 1542 1384 a
1597 1328 1710 1385 Deo
1754 1329 2006 1386 illustrati

437 1409 662 1476 t‘uerint,
701 1411 734 1465 ii
786 1411 1062 1470 lucernam
1095 1416 1297 1472 habent
1331 1433 1650 1488 accensam,
1686 1431 1738 1474 ct
1765 1421 2008 1478 actiones

442 1515 567 1554 suas
590 1500 656 1554 ad
684 1501 980 1558 diluculum
1019 1506 1228 1564 ratione
1262 1507 1614 1574 adducentes,
1657 1509 1820 1564 etiam
1858 1519 2010 1566 tene-

1809 373 1899 430 EX
1937 375 2240 434 ORIGENE

513 489 675 545 Vens.
695 489 786 546 99.
811 491 1070 556 Quoniam
1090 502 1146 548 tu
1172 494 1497 552 illuminabis
1527 497 1794 554 lucernam
1823 517 2016 566 meum,
2045 509 2092 566 Α

3556 381 3690 440 122.6

2193 505 2320 558 ’Ότι
2365 505 2446 560 σὺ
2489 505 2724 576 φωτιεῖς
2761 505 2996 576 λύχνον
3033 521 3176 576 μου,
3225 503 3422 570 Κύριε,
3470 504 3504 557 ὁ
3547 503 3688 566 Θειτς

2110 612 2252 664 μου,
2279 593 2511 664 φωτιεῖς
2528 592 2590 646 τὸ
2625 593 2843 659 σκότος
2863 610 3003 662 μου,
3041 609 3094 646 κ.
3132 610 3182 645 τ.
3221 593 3266 644 ἑ.
3303 591 3359 644 Ὀ
3382 589 3574 660 λύχνος
3597 581 3692 642 τού

2114 685 2366 756 σώματός
2416 687 2563 738 ἐστιν
2619 683 2738 755 (89)
2773 686 2801 738 ὁ
2847 683 3148 754 ὀφθαλμός.
3196 682 3394 736 Τοῦτον
3432 683 3625 752 φωτιεῖ
3661 685 3689 736 ὁ

2112 775 2338 848 Κύριος.
2382 775 2618 846 Ἔχομεν
2643 773 2700 828 δέ
2735 791 2786 826 τι
2821 773 2915 827 καὶ
2950 773 3007 827 ὲν
3049 775 3116 844 τῇ
3153 773 3465 844 ἀνθρωπίνῃ
3522 789 3689 825 κατα-

2115 869 2282 940 σκευῇ
2323 865 2544 930 σκότοςο
2600 865 2757 920 τοῦτο
2801 859 2895 920 οὖν
2930 864 3025 920 τοῦ
3057 865 3266 920 δικαίου
3303 865 3492 933 φωτιεῖ
3519 863 3548 914 ὀ
3579 861 3692 915 Κύ-

2119 977 2254 1032 ριος.
2293 961 2364 1014 Ἢ
2391 957 2582 1028 λύχνος
2611 957 2789 1028 ψυχῆς
2807 956 2996 1024 ὁνοῦς,
3021 957 3096 1020 ὡς
3122 957 3185 1028 δὴ
3219 956 3396 1026 φωτὸς
3424 954 3686 1018 δεκτικός.

2116 1052 2313 1114 Σκότος
2345 1051 2402 1104 δὲ
2429 1049 2632 1120 ταύτης
2675 1049 2736 1102 τό
2766 1065 2827 1102 τε
2855 1049 3084 1119 Θυμικὸν
3129 1048 3224 1101 καὶ
3265 1045 3686 1118 ἐπιθυμητικὸν,

2114 1141 2150 1198 ὃ.
2193 1141 2257 1213 δὴ
2313 1137 2605 1210 φωτίζεται
2647 1139 2752 1192 ὑπὸ
2800 1137 2892 1194 τοῦ
2937 1138 3028 1194 νοῦ
3070 1137 3366 1210 δεξαμένου
3408 1138 3508 1202 τὰς
3539 1137 3690 1202 Θείας

2116 1233 2310 1303 αὐγάς.
2343 1234 2496 1304 Τάχα
2538 1233 2596 1287 δὲ
2641 1234 2732 1286 καὶ
2760 1233 2808 1286 oi
2856 1230 3324 1306 περιλαμφθέντες
3367 1233 3432 1302 τῇ
3464 1229 3690 1301 ἀληθεία

2115 1325 2220 1380 ὑπὸ
2247 1323 2452 1398 Κυρίου
2483 1323 2673 1396 λύχνον
2702 1323 2914 1396 ἔχουσιν
2955 1323 3288 1394 ἀνημμένον,
3326 1321 3424 1386 τὰς
3462 1321 3519 1375 δὲ
3551 1322 3690 1393 πρά-

2117 1416 2226 1484 Est;
2276 1417 2398 1470 κατ’
2430 1415 2623 1487 ὄρθρον
2674 1415 2901 1485 ἄγοντες
2945 1415 3109 1485 λόγῳ,
3163 1415 3228 1468 ὲκ
3285 1413 3377 1466 τοῦ
3433 1413 3524 1468 τὸν
3563 1411 3689 1468 νοῦν

2117 1507 2480 1576 πεφωτίσθαι,
2509 1507 2604 1562 καὶ
2642 1507 2832 1572 σκότος
2863 1506 3042 1562 αὐτῶν
3077 1503 3258 1576 ἔχουσι
3297 1503 3681 1574 φωτιζόμενον.

437 1589 563 1646 bras
593 1606 723 1648 suas
769 1593 1099 1652 illuminatas
1147 1597 1370 1662 habent,
1413 1612 1479 1653 eo
1511 1599 1652 1668 quod
1693 1615 1844 1655 mens
1876 1599 2173 1658 illuminata
2204 1598 2388 1655 fuerit.

512 1683 670 1741 Vens.
704 1685 793 1740 50.
829 1686 1092 1752 Quoniam
1125 1690 1179 1743 in
1212 1700 1262 1744 te
1297 1691 1498 1762 eripior
1534 1708 1568 1746 α
1613 1694 1921 1758 tentatione,
1961 1703 2010 1748 et

432 1777 489 1830 in
517 1775 622 1831 Deo
656 1795 766 1834 meo
795 1781 1158 1850 trnnsgrediar
1193 1799 1426 1851 murum,
1457 1797 1564 1842 etc.
1596 1787 1867 1854 Tentatio,
1895 1787 2008 1860 opi-

433 1883 551 1936 nor,
584 1872 832 1940 qua-dam
876 1884 958 1927 cst
1007 1875 1113 1930 vita
1172 1875 1224 1930 in
1269 1875 1394 1932 Job.
1434 1877 1474 1932 Α
1529 1880 2008 1939 circumstantibus

432 1968 612 2016 autem
664 1962 1124 2025 amaritudinibus
1151 1983 1260 2022 non
1295 1968 1559 2028 liberatur
1594 1971 1697 2028 nisi
1725 1973 1814 2041 qui
1845 1972 2009 2028 fuerit

433 2049 485 2106 in
517 2050 646 2106 Deo.
677 2051 733 2106 ln
767 2052 877 2108 Deo
915 2055 968 2110 is
984 2065 1068 2112 est
1097 2057 1188 2130 qui
1221 2059 1338 2130 ejus
1359 2071 1443 2116 est
1475 2062 1780 2133 particeps,
1817 2079 2010 2134 quem-

431 2141 725 2198 admodum
775 2153 830 2199 et
881 2145 952 2200 ab
997 2147 1324 2218 ignorantiis
1381 2151 1653 2207 liberatur
1700 2155 1790 2221 qui
1833 2155 2009 2210 scien-

434 2233 568 2288 tiam
605 2233 834 2304 adeptus
875 2248 994 2306 est;
1022 2240 1115 2310 qui
1149 2242 1366 2314 quidem
1411 2243 1466 2300 in
1509 2245 1866 2304 tentationem
1899 2261 2003 2302 non

435 2329 768 2398 ingreditur,
802 2345 907 2386 non
940 2333 1083 2402 quod
1121 2349 1228 2390 non
1275 2343 1536 2399 tentetur,
1569 2336 1663 2392 sed
1702 2337 1843 2406 quod
1887 2347 2006 2393 ten-

433 2418 653 2476 tationis
677 2419 890 2490 laqueis
923 2436 1027 2478 non
1057 2425 1324 2493 capiatur.
1368 2423 1794 2497 Transgrcditur
1823 2426 2008 2498 itaque

429 2509 517 2564 hic
547 2525 759 2566 murum
804 2513 1016 2578 peccati
1049 2515 1191 2584 quod
1221 2529 1251 2570 a
1279 2523 1434 2588 terge
1465 2517 1746 2588 relinquit.

501 2598 664 2657 Vens.
693 2601 784 2658 51.
826 2603 963 2660 Deus
992 2621 1162 2674 meus,
1189 2607 1472 2676 impolluta
1505 2609 1590 2664 uia
1624 2627 1738 2678 eius
1755 2627 1776 2676 ;
1795 2611 2004 2682 eloquia

431 2690 648 2747 Domini
673 2695 790 2764 igne
819 2697 1148 2762 emaiuinata,
1187 2708 1456 2770 protector
1491 2712 1571 2757 est
1618 2703 1849 2758 omnium
1887 2721 2004 2772 spe-

433 2784 663 2838 rantium
703 2785 758 2840 in
803 2803 884 2854 se,
916 2796 1019 2842 etc.
1055 2786 1154 2842 Via
1187 2789 1465 2862 impolluta
1507 2791 1758 2848 Christus
1788 2803 1872 2849 est
1911 2797 2001 2864 qui

430 2874 568 2929 dixit
592 2875 686 2931 l":
726 2895 747 2930 ς
780 2876 893 2949 Ego
924 2894 1042 2934 sum
1080 2880 1187 2936 via.
1216 2901 1235 2935 ›
1288 2882 1559 2950 Quoniam
1611 2899 1742 2940 vero
1789 2887 2002 2958 eloquia

431 2965 641 3021 Domini
670 2969 790 3040 igne
819 2980 948 3025 sunt
983 2973 1315 3040 examinata,
1363 2974 1454 3046 qui
1487 2975 1600 3045 ipsa
1629 2977 1882 3044 audiunt,
1915 2979 2000 3032 di-

2189 1694 2316 1746 Ὅτι
2349 1693 2417 1746 ἑν
2451 1691 2546 1746 σοι
2575 1690 2961 1760 ῥυσθήσομαι
3001 1688 3118 1744 ἀπὸ
3153 1688 3553 1757 πειρατηρίων,
3589 1687 3686 1742 καὶ

2109 1785 2179 1840 ἐν
2227 1785 2307 1852 τῷ
2361 1784 2482 1850 Θεῷ
2523 1802 2638 1854 μου
2689 1784 3102 1854 ὑπερϐήσομαι
3157 1781 3372 1850 τεῖχος,
3420 1797 3475 1834 κ.
3523 1797 3572 1833 τ.
3635 1781 3683 1832 ὲ.

2109 1879 2282 1949 Πεῖρά
2313 1895 2417 1942 τις,
2446 1873 2601 1948 οἶμαι
2628 1875 2766 1947 (90),
2803 1877 2830 1929 ὁ
2871 1875 2983 1946 βίος
3029 1876 3088 1928 ὲν
3123 1873 3200 1946 τῷ
3237 1872 3380 1929 Ἰὼϐ.
3420 1873 3686 1942 Περιστά-

2112 1987 2248 2034 σεως
2281 1969 2336 2024 δὲ
2374 1970 2474 2024 οὐκ
2509 1969 2588 2024 ἔνι
2629 1968 2892 2040 ρυσθῆναι
2929 1966 3140 2039 πικρῶν
3169 1965 3202 2037 ἢ
3232 1965 3322 2019 τὸν
3360 1965 3416 2022 ἐν
3445 1964 3564 2034 Θεῷ
3595 1981 3690 2034 τε-

2107 2061 2322 2132 γονότα.
2359 2061 2570 2114 Γίνεται
2622 2060 2678 2114 δέ
2721 2077 2810 2124 τις
2833 2060 2890 2111 ὲν
2923 2059 3062 2131 Θεῷ,
3115 2057 3367 2130 μετέχων
3391 2053 3576 2122 αὑτοῦ,
3611 2055 3686 2120 ὡς

2107 2153 2203 2206 καὶ
2237 2151 2344 2206 τῶν
2375 2149 2734 2222 ἀγνοημάτων
2775 2148 2964 2221 ῥύεταί
2995 2165 3079 2211 τις
3125 2150 3181 2200 ὲν
3218 2147 3496 2220 ἐπιστήμῃ
3535 2145 3688 2214 γενό-

2112 2261 2294 2316 μενος,
2319 2245 2468 2308 ὅστις
2495 2246 2576 2308 είς
2607 2240 2912 2313 πειρασμὸν
2935 2241 3036 2293 οὐκ
3063 2240 3393 2312 εἰσέρχεται,
3421 2239 3481 2292 οὐ
3501 2238 3579 2310 τῷ
3609 2237 3684 2310 μὴ

2109 2321 2495 2410 πειρασθῆναι,
2549 2333 2686 2388 ἀλλά
2719 2331 2794 2404 τῷ
2832 2333 2905 2404 μὴ
2955 2331 3157 2386 ἁλῶναι
3190 2333 3310 2398 ταῖς
3355 2330 3548 2398 παγίσι
3589 2329 3684 2383 τοῦ

2108 2425 2438 2500 πειρασμοῦ.
2495 2424 2840 2496 Ὑπερϐαίνει
2891 2418 2982 2477 οὖν
3037 2418 3190 2492 οὗτος
3235 2421 3296 2476 τὸ
3355 2425 3532 2496 τεῖχος
3587 2422 3685 2494 τῆς

2107 2518 2402 2590 ἁμαρτίας,
2432 2517 2606 2570 ὀπίσω
2635 2515 2837 2582 ταύτας
2882 2515 3225 2587 ποιούμενος.

2185 2610 2248 2661 Ὃ
2283 2608 2426 2675 Θεός
2450 2625 2591 2678 μου,
2621 2607 2855 2676 ἄμωμος
2885 2608 2924 2674 ἡ
2959 2607 3099 2672 ὁδὸς
3149 2606 3358 2674 αὑτοῦ,
3403 2607 3473 2660 τὰ
3507 2609 3682 2676 λόγια

2103 2699 2322 2768 Κυρίου
2353 2697 2768 2768 πεπυρωμένα,
2799 2695 3256 2764 ὑπερασπιστής
3278 2697 3408 2750 ἐστι
3441 2693 3684 2748 πάντων

2102 2790 2222 2846 τῶν
2251 2789 2613 2851 ἐλπιζόντων
2649 2789 2741 2844 ἐπ’
2778 2787 2983 2854 αὑτὸν,
3015 2806 3067 2842 κ.
3101 2805 3150 2840 τ.
3185 2788 3230 2840 ἑ.
3268 2789 3531 2857 "Agnitio;
3565 2787 3682 2849 ὁδὸς

2106 2882 2213 2956 (9i)
2243 2885 2272 2936 ὁ
2309 2882 2537 2954 Χριστός
2568 2884 2712 2935 ἐστιν
2741 2883 2768 2934 ό
2793 2879 2962 2934 εἰπών
2983 2897 2996 2910 °
3038 2900 3056 2932 (
3097 2879 3238 2948 Ἐγώ
3269 2880 3386 2948 εἰμι
3411 2880 3444 2948 ἠ
3473 2878 3611 2942 ὁδός.
3657 2897 3674 2928 ›

2116 2973 2269 3028 Ἐπεὶ
2313 2973 2491 3028 δὲτὰ
2547 2972 2701 3042 λόγια
2753 2971 2958 3043 Κυρίου
3005 2969 3377 3041 πεπυρωμένα
3419 2969 3586 3032 ἐστὶν,
3628 2969 3683 3021 οἱ

427 3066 558 3113 cunt
589 3059 673 3116 9’:
707 3080 725 3113 ι
759 3060 950 3117 Nonne
991 3079 1086 3118 cor
1141 3075 1383 3120 nostrum
1422 3069 1624 3122 ardens
1661 3080 1778 3126 erat
1813 3071 1864 3125 in
1909 3088 1998 3126 no-

2109 3062 2394 3125 ἀκούοντες
2435 3061 2612 3116 αὐτῶν
2643 3062 2892 3132 λέγουσιν
2915 3078 2926 3092 ·
2965 3081 2981 3112 ι
3021 3059 3156 3130 Οὐχὶ
3205 3061 3238 3131 ἡ
3293 3059 3488 3130 καρδία
3521 3059 3676 3130 ἡμῶν

433 3150 560 3206 bis?
592 3171 613 3204 ι
657 3151 797 3220 Quin
829 3164 882 3208 et
915 3172 933 3204 ι
954 3155 1147 3225 spiritu
1171 3155 1446 3212 ferventes
1485 3178 1502 3211 ι
1541 3169 1666 3214 Sunt
1691 3160 1754 3224 ⁸⁵,
1787 3173 1838 3216 ct
1865 3162 1999 3218 alic-

428 3259 556 3297 num
593 3260 622 3299 a
659 3246 768 3300 Deo
803 3245 980 3318 ignem
1029 3265 1133 3304 non
1183 3249 1500 3318 admittunt,
1545 3254 1633 3322 qui
1683 3253 1735 3310 in
1788 3257 2002 3326 sagittis

429 3337 654 3408 maligni
685 3347 784 3393 est.
821 3337 926 3393 Sed
961 3338 1222 3396 Dominus
1254 3341 1342 3410 qui
1385 3341 1521 3398 dixit
1563 3361 1576 3397 :
1609 3343 1831 3414 «Ignem
1880 3348 2001 3401 veni

429 3435 648 3482 mittere
695 3429 746 3482 in
795 3437 1016 3496 terram,
1055 3449 1074 3479 ι
1109 3431 1322 3504 eloquia
1361 3433 1554 3490 habuit
1592 3435 1756 3506 ignita
1790 3454 1803 3490 :
1833 3453 2004 3506 quare

432 3521 508 3574 ait
533 3519 580 3551 ⁸⁸
613 3536 626 3572 :
665 3537 682 3570 ι
716 3519 779 3574 Et
817 3521 945 3591 quid
986 3522 1107 3576 volo
1145 3524 1244 3576 nisi
1285 3533 1344 3578 ut
1385 3525 1750 3580 accendatur?
1788 3547 1806 3578 ι
1842 3527 2004 3582 Forte

427 3611 592 3664 etiam
635 3609 686 3662 in
730 3607 940 3678 Spiritu
979 3620 1168 3665 sancto
1197 3622 1250 3665 et
1279 3613 1404 3684 igne
1429 3613 1668 3686 baptizat
1698 3613 1876 3682 Iesus,
1909 3616 2003 3670 sed

430 3701 570 3770 ignis
602 3700 708 3756 urit
737 3699 907 3768 ligna,
941 3700 1170 3766 foenum,
1196 3703 1472 3773 stipulam.

502 3788 670 3845 Vens.
695 3789 788 3856 52,
823 3791 912 3858 55,
939 3791 1029 3846 54.
1054 3793 1316 3856 Quoniam
1350 3797 1466 3867 quis
1503 3793 1642 3851 Deus
1675 3806 1868 3866 prarter
1897 3797 2007 3854 Do-

431 3884 630 3936 minum
648 3881 677 3932 .‘"
705 3891 797 3934 aut
827 3884 943 3952 quis
976 3881 1116 3938 Deus
1142 3895 1335 3955 prreter
1363 3886 1530 3942 Deum
1561 3893 1839 3945 nostrum?
1868 3890 2003 3946 Deus

428 3975 522 4042 qui
567 3975 842 4044 praecinxit
881 3993 960 4031 me
1012 3978 1240 4044 virtute,
1294 3990 1342 4034 et
1383 3982 1558 4049 posuit
1605 3981 2004 4038 immaculatum

428 4065 588 4136 611
614 4065 752 4119 viam
792 4083 959 4120 nteant
985 4083 1004 4132 ;
1034 4068 1123 4138 qui
1149 4069 1362 4138 perfecit
1392 4071 1542 4138 pedes
1577 4087 1716 4126 meo:
1753 4079 2004 4141 tanquam

429 4174 726 4222 cervorum,
759 4167 808 4214 et
836 4175 994 4228 super
1022 4160 1229 4214 excelsa
1258 4171 1494 4216 statuens
1529 4180 1627 4227 me,
1661 4172 1769 4217 etc.
1797 4163 2004 4217 Secun-

430 4253 557 4302 dum
604 4249 709 4304 hoc
747 4248 1112 4320 signiﬁcatum
1135 4291 1149 4316 ,
1197 4252 1349 4306 solus
1383 4268 1544 4308 verus
1577 4251 1723 4308 Deus
1748 4262 1831 4310 cst
1863 4253 2003 4308 Deus

429 4338 612 4404 Pater,
657 4339 764 4395 nisi
811 4339 1120 4406 relativum,
1162 4360 1180 4393 ι
1211 4345 1368 4412 quis,
1411 4362 1428 4395 ι
1465 4343 1606 4414 quod
1640 4358 1782 4414 saepe
1809 4345 2004 4399 rarita-

2105 3154 2369 3225 καιομένη
2401 3148 2468 3228 ἦν
2492 3155 2548 3206 ὲν
2571 3155 2740 3224 mil");
2787 3171 2802 3203 ι
2843 3153 2952 3206 Καὶ
2984 3171 3001 3204 ι
3033 3151 3302 3222 πνεύματι
3335 3150 3391 3203 δὲ
3424 3149 3625 3215 ζέουσι,
3657 3169 3680 3202 ι

2105 3247 2200 3301 καὶ
2263 3245 2540 3318 ἀλλότριον
2581 3243 2716 3298 Θεοῦ
2779 3244 2840 3297 οὐ
2899 3243 3293 3316 παραδέχονται
3338 3241 3485 3313 πῦρ,
3543 3241 3682 3312 ὅπερ

2105 3338 2252 3392 ἐστὶν
2303 3337 2361 3389 ἐν
2411 3337 2522 3398 τοῖς
2565 3335 2742 3405 βέλεσι
2787 3332 2879 3388 τοῦ
2917 3333 3174 3406 πονηροῦ.
3220 3333 3359 3388 Ἀλλ’
3405 3335 3433 3386 ὁ
3475 3332 3680 3388 εἰπών·

2111 3449 2130 3479 ‹
2165 3427 2285 3496 Πῦρ
2317 3423 2479 3498 ἦλθον
2509 3426 2691 3498 βαλεῖν
2713 3427 2804 3479 ἐπὶ
2825 3425 2921 3497 τὴν
2947 3426 3070 3497 γῆν,
3111 3445 3128 3476 ι
3169 3424 3539 3496 πεπυρωμένα
3569 3423 3681 3494 εἶχε

2105 3519 2297 3590 λόγια·
2335 3519 2416 3572 διό
2447 3535 2610 3590 φησι·
2656 3537 2672 3569 ι
2715 3519 2825 3570 Καὶ
2863 3517 2916 3572 τί
2959 3517 3096 3570 θέλω
3147 3518 3194 3569 εί
3236 3516 3335 3588 ἤδη
3369 3515 3616 3587 ἀνήφθη;
3659 3534 3676 3566 ι

2106 3611 2258 3681 Τάχα
2289 3611 2346 3664 δὲ
2377 3612 2432 3662 ὲν
2453 3609 2730 3680 Πνεύματι
2748 3607 2885 3680 ἁγίῳ
2908 3607 3000 3662 καὶ
3019 3626 3088 3661 πυ
3099 3607 3150 3680 ρὶ
3169 3607 3417 3679 βαπτίζει
3451 3605 3686 3677 Ἰησοῦς,

2107 3702 2244 3757 ἀλλὰ
2278 3702 2342 3756 τὸ
2363 3701 2473 3774 πῦρ
2501 3701 2786 3756 κατακαίει
2819 3700 2969 3766 ξύλα,
2995 3700 3204 3772 χόρτον,
3231 3699 3500 3771 καλάμην.

2181 3795 2311 3849 ’Ὅτι
2336 3796 2426 3862 τίς
2459 3794 2597 3861 Θεὸς
2639 3793 2803 3863 πλὴν
2835 3792 2939 3848 τοῦ
2989 3792 3248 3860 Κυρίου;
3289 3792 3386 3845 καὶ
3418 3791 3509 3857 τίς
3539 3789 3684 3856 Θεὸς

2108 3887 2276 3958 πλὴν
2300 3887 2406 3941 τοῦ
2444 3885 2590 3941 Θεοῦ
2640 3885 2844 3958 malev;
2895 3885 2960 3939 '0
3019 3883 3164 3951 Θεὸς
3206 3885 3247 3937 ὁ
3275 3881 3686 3951 περιζωνιηὶων

2101 3998 2179 4050 με
2217 3979 2494 4049 δύναμιν,
2541 3979 2640 4034 καὶ
2678 3980 2846 4036 ἔθετο
2875 3979 3117 4048 ἄμωμον
3143 3976 3258 4045 τὴν
3283 3975 3430 4030 ὁδόν
3453 3991 3604 4045 μου·
3650 3976 3684 4028 ὁ

2105 4071 2588 4142 καταρτιζόμενος
2615 4073 2757 4140 τοὺς
2788 4073 2980 4138 πόδας
2997 4089 3116 4142 μου
3145 4069 3292 4125 ὡσεί
3305 4068 3555 4138 ἐλάφου,
3582 4068 3682 4122 καὶ
3713 4132 3719 4140 Ι

2105 4163 2204 4218 ἐπὶ
2245 4165 2316 4218 τὰ
2342 4165 2556 4234 ὑψηλὰ
2585 4163 2768 4219 ἱστῶν
2807 4182 2904 4235 με,
2947 4181 3001 4216 κ.
3038 4181 3087 4215 τ.
3119 4163 3165 4216 έ.
3219 4160 3378 4215 Κατά
3418 4159 3575 4214 τοῦτο
3619 4159 3682 4212 τὸ

2109 4257 2508 4330 σημαινόμενον
2539 4257 2670 4330 (92),
2711 4259 2870 4328 μόνος
2904 4257 3034 4320 Θεός
3059 4258 3207 4309 ἐστιν
3233 4253 3522 4328 ἀληθινὸς-ὁ
3550 4252 3683 4316 Θεὸς

2108 4350 2206 4403 καὶ
2225 4351 2436 4421 Πατὴρ,
2463 4352 2512 4404 εἰ
2537 4350 2610 4422 μὴ
2646 4349 2754 4422 ἄρα
2773 4350 2833 4403 τὸ
2859 4350 2968 4416 τίς,
2989 4349 3080 4403 ἐπὶ
3103 4348 3196 4402 τοῦ
3229 4348 3455 4402 σπανίου
3489 4345 3683 4400 πολλά⁴

429 4441 535 4488 tem
573 4432 886 4503 significat,
944 4434 1011 4487 atl
1059 4433 1408 4504 Unigenitum
1445 4435 1768 4491 referamus.
1804 4435 1870 4490 Et
1903 4437 2006 4492 hoc

2114 4461 2199 4506 κις
2229 4442 2502 4513 κείμενον,
2527 4444 2620 4496 ἐπὶ
2652 4443 2741 4496 τὸν
2773 4441 3056 4511 Μονογενῆ
3087 4441 3393 4512 ἀνοίσομεν.
3439 4439 3550 4492 Καὶ
3587 4437 3684 4492 νῦν

425 4523 642 4593 quidem
667 4522 788 4578 loco
819 4538 978 4588 zona,
1010 4523 1184 4580 virtus
1215 4535 1333 4592 est;
1367 4525 1510 4595 apud
1558 4525 1786 4582 Paulum
1817 4536 1998 4582 autem

427 4615 655 4672 veritas.
697 4615 828 4685 Ejus
855 4627 1036 4671 autem
1068 4617 1159 4686 qui
1195 4617 1418 4687 pulchre
1447 4618 1618 4673 currit
1645 4658 1661 4684 ,
1693 4627 1750 4673 et
1779 4633 1999 4674 cursum

427 4707 659 4778 perﬁcit,
683 4707 1042 4778 perﬁciuntur
1071 4710 1231 4779 pedes
1266 4718 1522 4779 tanquam
1550 4725 1857 4766 cervorum.
1886 4731 1908 4762 ‹.
1936 4712 2002 4766 Et

428 4813 594 4868 super
620 4798 834 4855 excelsa
868 4809 1116 4855 statuens
1165 4815 1271 4856 me.
1303 4819 1322 4852 ι
1361 4799 1746 4872 Unusquisque
1777 4803 1999 4872 propria

429 4889 676 4960 quaedam
715 4889 928 4946 excelsa
988 4891 1147 4948 habet
1194 4907 1222 4945 a
1275 4893 1473 4963 quibus
1520 4892 1744 4957 decidit,
1792 4893 1876 4948 vel
1911 4897 2002 4950 tte-

426 4982 658 5038 scendit.

501 5073 775 5144 Ejusdem.
815 5075 906 5131 Est
941 5075 1094 5145 cujus
1147 5073 1498 5145 perliciuntur
1529 5075 1694 5146 pedes
1743 5083 1996 5146 tanquam

429 5167 578 5224 cervi
637 5183 735 5238 per
784 5169 1076 5235 actionem,
1101 5169 1387 5241 eriguntur
1419 5179 1602 5226 autem
1626 5185 1724 5241 per
1756 5179 2000 5226 contem-

533 5348 762 5407 "Joan.
813 5367 924 5418 χεν,
958 5351 1012 5407 6.
1091 5353 1137 5386 ⁸³
1171 5352 1304 5410 Luc.
1349 5370 1504 5420 ntv,
1537 5353 1625 5410 52.
1703 5355 1751 5386 ⁸⁵
1781 5355 1936 5410 Rom.
1963 5369 2060 5424 xu,

501 5535 616 5606 (89)
651 5532 705 5586 Ὀ
748 5534 978 5604 λύχνος
1005 5532 1110 5606 τοῦ
1142 5531 1414 5606 (ζῶμα-τός
1439 5535 1782 5606 ίὲστινηοιρ.
1818 5532 1999 5606 Cede:

428 5602 1002 5686 (Euislittiattus,'nuut.
1035 5603 1124 5668 10,
1147 5602 1391 5676 Origeni,
1421 5605 1622 5661 Catena
1659 5605 1879 5660 Barbari
1905 5604 1999 5658 Di»

426 5672 592 5744 dymn
621 5673 829 5726 tribuit.
1251 5672 1270 5676 θ

501 5743 616 5864 (90)
648 5741 827 5832 μεῖρά
861 5760 984 5826 τις,
1011 5743 1188 5812 οἶμαι,
1220 5753 1326 5830 ctc‘.
1356 5743 1579 5844 ξριιοιὶῖε
1609 5744 1818 5804 Grabii.

527 5811 616 5864 9h
676 5819 922 5864 Αιιωιιοο
953 5813 1114 5864 οδόε.
1144 5823 1247 5864 etc.
1277 5815 1588 5864 Luttlertus.

509 5811 616 5882 [91)
651 5813 922 5883 Ἀμωμος
953 5811 1114 5882 obde,
1144 5823 1247 5869 etc.
1277 5815 1588 5873 Corderius.

2113 4535 2210 4606 μὲν
2236 4539 2268 4608 ἡ
2298 4534 2442 4608 ζώνη
2486 4535 2734 4607 δύναμις,
2769 4534 2918 4606 παρά
2944 4535 3003 4588 δὲ
3033 4533 3230 4604 Παύλῳ
3260 4532 3501 4604 ἀλήθεια.
3533 4533 3682 4585 Κατ-

2109 4627 2418 4698 αρτίζονται
2467 4627 2523 4680 δὲ
2567 4629 2614 4682 οἱ
2647 4627 2805 4690 πόδες
2848 4626 2924 4690 ὡς
2969 4624 3217 4694 ἐλάφων,
3256 4623 3350 4678 τοῦ
3399 4622 3684 4692 τρέχοντος

2108 4719 2309 4784 καλῶς,
2353 4721 2447 4774 καὶ
2495 4720 2586 4772 τὸν
2632 4719 2830 4791 δρόμον
2885 4717 3236 4788 πληροῦντες.
3275 4735 3291 4768 ι
3329 4715 3441 4768 Καὶ
3487 4714 3579 4767 ἐπὶ
3617 4714 3685 4766 τὰ

2109 4811 2289 4881 ὑψηλά
2318 4809 2478 4864 ἱστῶν
2515 4826 2604 4879 με.
2639 4829 2656 4858 ι
2692 4807 2830 4860 "tate
2859 4825 2978 4862 τινα
2998 4805 3107 4878 ὕψη
3138 4807 3283 4860 ἐστὶν
3306 4805 3558 4872 ἑκάστου,
3590 4805 3688 4875 ἀφ’

2109 4895 2184 4956 ὧν
2214 4902 2536 4964 κατέπεσεν,
2569 4900 2604 4970 ἢ
2634 4896 2994 4968 καταϐέϐηκε.

2183 5081 2296 5135 Τοῦ
2332 5079 2544 5134 αὑτοῦ.
2592 5075 3027 5148 Καταρτίζονταί
3082 5093 3224 5139 τινος
3258 5075 3367 5144 (95)
3425 5076 3474 5128 οἱ
3525 5074 3684 5138 πόδες

2111 5173 2243 5226 ὡσεὶ
2289 5172 2489 5242 ἐλάφου
2541 5169 2630 5224 διὰ
2659 5171 2774 5240 ’τῆς
2803 5169 3130 5242 πρακτικῆς,
3183 5169 3438 5239 ὑψοῦν-ται
3487 5167 3545 5222 δὲ
3593 5165 3686 5222 διὰ

2125 5357 2214 5410 11.
2289 5353 2336 5386 ⁸⁵
2367 5351 2498 5408 Luc.
2546 5367 2643 5418 xit,
2673 5351 2764 5408 49.

2182 5529 2292 5602 (92)
2325 5531 2483 5588 Κατὰ
2520 5531 2695 5586 τοῦτο
2733 5529 2798 5584 τὸ
2827 5529 3289 5602 σημαιιιιζςῖμενοιξ,
3319 5538 3423 5602 etc.
3457 5528 3684 5588 Schema

2107 5598 2292 5659 Grabii
2324 5602 2543 5674 Origeui
2577 5602 2861 5674 tribuunt,
2905 5603 2998 5652 sed
3036 5598 3330 5655 Curdcritts
3361 5600 3527 5658 habet
3558 5612 3682 5658 tan-

2107 5691 2267 5745 quam
2295 5673 2486 5728 incerti
2517 5673 2778 5745 aut-toris,

2179 5745 2291 5814 (95)
2319 5741 2772 5814 Κατορτίζογτᾳί
2817 5759 3002 5814 τινος,
3049 5751 3152 5798 etc.
3207 5741 3434 5798 Schedtc
3471 5741 3678 5811 Gt'abii,

2109 5812 2280 5870 codcx'
2311 5813 2700 5882 Coislinianus,
2733 5812 3028 5868 Barbarus.
3693 5819 3696 5824 '
