4100 6392
467 374 605 431 ﬁlii!

1803 387 1898 442 EX
1925 387 2226 444 ORIGENE

3580 402 3719 458 i250

461 504 587 544 cum
624 507 727 547 non
762 493 994 562 amplius
1028 505 1258 566 possunt
1290 497 1574 556 aﬂectibus
1600 500 1788 574 plenas
1821 512 1878 560 et
1915 518 2014 576 per.

2141 502 2376 560 6tr30’atcrtv
2419 508 2495 577 (*2)
2541 509 2598 561 oi
2630 509 2837 582 ἐχθροὶ,
2875 511 3073 585 μηκέτι
3113 511 3406 586 λογισμοὺς
3453 514 3716 586 ἐμπαθεῖς

467 579 717 636 turbatas
751 583 1112 654 cogitationes
1140 590 1306 650 menti
1339 590 1542 646 indere.

533 669 809 740 Ejusdem.
843 673 1082 732 Effecisti
1135 687 1195 733 ut
1235 678 1444 736 inimici
1474 683 1580 739 mei
1611 685 1858 741 conversi
1891 686 2038 742 inse-

459 763 778 830 parabiliter
804 781 890 822 me
922 781 1302 840 sequerentur.
1334 773 1408 828 ita
1444 784 1501 830 ut
1529 774 1722 832 ﬁerent
1748 777 1879 832 mihi
1907 780 2036 834 dor—

455 865 600 918 sum,
633 856 713 912 vel
744 856 1013 930 fugerent.

535 945 698 1002 Vens.
730 949 823 1006 44.
859 949 1065 1022 Eripies
1096 971 1180 1009 me
1201 956 1265 1010 de
1291 958 1793 1014 contradictionibus
1831 959 2034 1029 populi,

453 1045 744 1098 constitues
778 1062 858 1100 me
891 1049 946 1101 in
987 1059 1146 1118 caput
1191 1054 1444 1120 gentium,
1472 1062 1580 1108 etc.
1611 1053 1670 1108 In
1700 1054 1914 1124 signum
1943 1055 2032 1109 cui

454 1136 848 1192 contradicitur
873 1139 1084 1208 positus
1108 1141 1238 1196 dicit
1271 1143 1386 1200 haec
1407 1143 1676 1210 Christus,
1702 1161 1863 1216 quem
1891 1145 2034 1201 Deus

452 1227 735 1282 constituit
780 1228 833 1284 in
867 1242 1029 1302 caput
1070 1233 1336 1304 gentium.
1380 1236 1552 1305 Caput
1585 1238 1728 1292 enim
1776 1236 2031 1293 Ecclesiae

451 1318 700 1375 Christus
721 1330 824 1376 est.

525 1409 686 1466 Vsus.
738 1413 830 1469 45.
885 1413 1119 1484 Populus
1162 1435 1314 1489 quem
1374 1437 1482 1474 non
1531 1423 1765 1492 cognovi,
1820 1419 2027 1475 servivit

451 1501 604 1569 mihi,
636 1506 689 1557 in
715 1506 903 1560 auditu
934 1509 1080 1562 auris
1113 1510 1337 1564 obedivit
1371 1512 1517 1576 mihi,
1544 1521 1651 1568 etc.
1679 1511 1845 1575 Istud,
1878 1529 1897 1563 ι
1920 1526 2028 1566 non

452 1596 701 1663 cognovi,
725 1615 746 1649 ι
779 1599 997 1668 proprie
1026 1600 1078 1654 in
1105 1600 1406 1672 Scriptnris
1437 1612 1724 1674 usurpatur
1751 1605 1820 1660 de
1845 1604 2026 1658 malis:

453 1686 554 1738 hoc
583 1683 702 1739 loco
744 1696 926 1742 autem
956 1689 1210 1745 Christus
1253 1690 1383 1746 illud
1415 1692 1547 1747 dicit
1587 1694 1654 1749 de
1702 1693 1900 1765 papqu
1931 1693 2022 1765 qui

447 1782 531 1828 est
560 1789 623 1829 ex
650 1777 921 1848 gentibus.
949 1779 1073 1835 Fuit
1094 1781 1240 1836 enim
1275 1792 1488 1856 tempus
1517 1800 1639 1860 cum
1673 1788 1741 1840 ab
1770 1789 1888 1857 ipso
1914 1802 2019 1842 non

444 1869 894 1936 cognoscebatur.
918 1871 1164 1930 invenies
1192 1882 1369 1929 autem
1403 1885 1458 1930 et
1479 1877 1679 1932 similia
1700 1893 1730 1932 a
1760 1877 1868 1932 Deo
1891 1878 2021 1934 dici.

517 1957 790 2038 Ejusdem.
811 1962 1130 2034 ignorantes
1151 1966 1382 2037 ignorati
1403 1976 1548 2035 sunt,
1565 1977 2023 2040 etcognoscentes

443 2052 646 2120 cogniti
675 2064 820 2109 sunt.

519 2142 686 2200 Vens.
718 2147 808 2201 46.
849 2147 978 2204 Filii
1007 2151 1164 2206 alieni
1195 2151 1466 2208 inveterati
1488 2163 1631 2221 sunt,
1663 2163 1710 2210 et
1744 2153 2020 2210 claudica-

441 2250 627 2293 uerunt
673 2258 705 2295 a
744 2243 941 2298 semitis
991 2246 1125 2310 suis,
1157 2255 1266 2301 etc.
1299 2247 1486 2302 Virtus
1531 2257 1782 2312 renovat,
1811 2248 2019 2303 malitia

442 2328 729 2385 inveterat.
757 2331 859 2400 Qui
888 2346 1068 2391 autem
1104 2337 1385 2394 inveterati
1418 2346 1561 2405 sunt,
1611 2339 1945 2397 claudicant.

520 2503 795 2574 Ejusdem.
839 2529 857 2561 ι
884 2508 1178 2582 Quousque
1228 2513 1606 2573 claudicabitis
1654 2534 1751 2575 vos
1786 2531 2018 2593 utroque

441 2597 791 2666 ροριὶιο⁸⁸ἳ›
848 2601 1067 2660 Semita:
1112 2605 1391 2662 hominum
1435 2617 1563 2664 sunt
1613 2613 1758 2668 actio
1802 2624 1858 2671 et
1887 2631 2018 2672 con-

437 2691 634 2760 templa
646 2694 740 2748 tio.

518 2783 682 2841 Vens.
713 2785 802 2840 18.
830 2786 974 2842 Deus
1006 2789 1096 2860 qui
1134 2790 1230 2845 das
1277 2792 1535 2849 vindictas
1579 2798 1710 2852 mihi
1748 2809 1796 2853 et
1833 2800 2014 2856 subdis

439 2876 659 2942 populos
700 2881 794 2932 sub
839 2895 940 2945 me,
989 2891 1099 2934 etc.
1153 2881 1436 2939 Vimlictas
1488 2902 1518 2941 a
1568 2887 1679 2944 Deo
1739 2892 2016 2963 accipiens

439 2965 690 3024 Christus
719 2968 852 3024 ait”
882 2987 895 3024 :
929 2987 947 3021 ι
967 2969 1095 3026 Mihi
1127 2973 1400 3044 vindictas,
1437 2991 1539 3048 ego
1569 2982 1889 3041 retribuam.
1917 3003 1936 3037 ι

507 3142 784 3214 Ejusdem.
821 3146 997 3204 «Ecce
1029 3148 1154 3206 dedi
1202 3154 1358 3209 vobis
1397 3163 1722 3224 potestatem
1761 3161 2008 3220 calcandi

433 3252 594 3308 super
620 3249 904 3311 serpentes
943 3251 997 3298 et
1042 3246 1448 3315 scorpiones",
1469 3268 1486 3300 ι
1520 3258 1577 3305 et
1617 3267 1739 3321 qua:
1769 3270 2008 3326 sequun-

2145 596 2403 666 ἐμϐαλεῖν
2435 599 2720 672 δυνάμενοι
2757 605 2823 674 τῇ
2859 603 3028 676 ψυχῇ.

2218 684 2326 738 Τοῦ
2365 687 2570 742 αὐτοῦ.
2603 689 2848 755 Ἐδωκας
2886 694 3012 757 τοὺς
3040 694 3266 767 ἐχθρούς
3295 714 3394 767 μου
3428 695 3503 767 (5)
3554 713 3712 767 μετα-

2139 772 2403 838 ϐαλόντας
2430 777 2742 833 ἀκολουθεῖν
2780 799 2869 851 μοι
2905 783 3231 855 ἀχωρίστους
3279 804 3399 856 μου,
3431 786 3572 841 ὥστε
3615 786 3709 840 a6-

2136 867 2262 930 τοὺς
2292 867 2544 934 γενέσθαι
2581 888 2669 940 μοι
2703 872 2867 938 νῶτα,
2902 875 2933 946 ἢ
2972 876 3290 946 φεύγοντας.

2217 959 2429 1013 Ῥῦσαί
2460 978 2538 1029 με
2579 963 2650 1027 ἐξ
2695 965 3051 1036 ἀντιλογιῶν
3085 970 3262 1034 λαοῦ,
3309 969 3708 1036 καταστήσεις

2128 1068 2207 1121 με
2239 1054 2327 1118 εὶς
2366 1053 2644 1122 κεφαλὴν
2686 1055 2895 1123 ἐθνῶν,
2949 1077 3002 1114 κ.
3067 1078 3118 1116 τ.
3165 1063 3212 1115 ἐ.
3256 1063 3313 1116 'O
3357 1064 3439 1126 εἰς
3487 1065 3712 1134 σημεῖον

2137 1141 2210 1216 (4)
2237 1143 2651 1217 ἀντιλεγόμενον
2685 1147 2977 1219 γενόμενος
3009 1152 3185 1206 ταῦτά
3212 1171 3344 1225 φησι
3367 1152 3620 1222 Χριστος,
3651 1152 3711 1206 ὃν

2131 1239 2159 1290 ὁ
2183 1237 2316 1300 Θεδς
2347 1238 2684 1309 κατέοτησεν
2713 1239 2796 1302 εἰς
2823 1241 3067 1314 κεφαλὴν
3097 1245 3290 1300 ἐθνῶν.
3337 1243 3566 1316 Κεφαλὴ
3600 1244 3710 1314 γὰρ

2130 1330 2231 1400 τῆς
2265 1331 2595 1404 Ἐκκλησίας
2622 1336 2650 1387 ὁ
2675 1337 2928 1408 Χριστός.

2199 1420 2378 1488 Λιιός,
2403 1422 2476 1476 ὃν
2495 1425 2607 1478 οὐκ
2645 1425 2857 1496 ἔγνων,
2883 1425 3212 1482 ἑδούλευσέ
3248 1444 3369 1496 μοι,
3395 1427 3482 1492 εἰς
3510 1424 3706 1494 ἀκοὴν

2127 1511 2305 1568 ὠτίου
2327 1514 2645 1585 ὑπήκουσέ
2663 1536 2785 1588 μοι,
2812 1537 2865 1572 κ.
2893 1537 2945 1572 τ.
2982 1520 3030 1573 ἑ.
3058 1519 3151 1585 Τὸ,
3180 1539 3198 1570 ι
3226 1520 3326 1572 οὐκ
3351 1518 3522 1588 ἔγνων
3551 1537 3568 1570 ι
3607 1516 3705 1589 (5),

2131 1603 2278 1668 ἰδίως
2322 1605 2380 1659 αἱ
2439 1605 2655 1677 Γραφαὶ
2714 1608 3070 1679 ὀνομάζουσιν
3112 1611 3204 1663 ἐπὶ
3255 1610 3362 1664 τῶν
3413 1610 3702 1681 χειρόνωνο

2126 1696 2220 1750 νῦν
2252 1697 2348 1768 μὲν
2376 1699 2526 1771 γάρὸ
2546 1699 2780 1772 Χριστὸς
2800 1701 2888 1767 τὸ,
2909 1722 2927 1754 ι
2953 1702 3256 1772 οὐκέγνων,
3281 1723 3298 1754 ι
3326 1703 3418 1756 ἐπὶ
3444 1701 3538 1755 τοῦ
3573 1701 3702 1755 λαοῦ

2128 1787 2221 1841 τοῦ
2246 1787 2354 1842 ἀπὸ
2386 1787 2496 1843 τῶν
2527 1789 2698 1845 ἐθνῶν
2732 1791 2940 1857 ἔταξεν.
2968 1788 3077 1847 Ἦν
3119 1793 3228 1865 γὰρ
3256 1794 3346 1847 ὅτε
3382 1793 3483 1846 οὐκ
3515 1791 3706 1861 ἐγινώ-

2130 1899 2310 1936 σκετο.
2345 1883 2612 1956 Εὑρήσεις
2645 1884 2702 1938 δὲ
2741 1885 2961 1938 τοιαῦτα
2986 1885 3080 1939 καὶ
3107 1886 3200 1939 τὸν
3225 1885 3356 1938 Θεὸν
3381 1885 3630 1954 λέγοντα.

2199 1975 2316 2030 Τοῦ
2349 1975 2556 2031 αὐτοῦ.
2597 1975 2940 2046 Ἀγνοοῦντες
2961 1975 3251 2048 ἡγνοοῦντο
3279 1976 3376 2048 (6),
3417 1977 3511 2030 καὶ
3545 1980 3708 2045 ἐγνω-

2124 2070 2280 2133 κότες
2309 2067 2627 2140 ἐπεγνώσθη
2636 2086 2752 2124 σαν.

2191 2158 2310 2212 Υἱοὶ
2341 2158 2645 2226 ἀλλότριοι
2698 2159 3181 2228 ἐπαλαιώθησαν,
3239 2159 3334 2213 καὶ
3386 2157 3703 2228 ἐχὼνῑαναν

2122 2253 2240 2308 ἀπὸ
2270 2251 2389 2306 τῶν
2420 2253 2638 2320 τρίϐων
2667 2249 2884 2317 αὐτῶν,
2913 2268 2968 2307 κ.
3015 2269 3066 2308 τ.
3105 2252 3151 2306 ἐ.
3191 2252 3254 2304 Ἡ
3292 2251 3393 2322 μὲν
3423 2250 3591 2322 ἀρετὴ
3622 2249 3701 2320 (7)

2123 2343 2426 2407 ἀνακαινοῖ,
2476 2342 2509 2414 ἡ
2543 2339 2602 2394 δὲ
2629 2339 2799 2394 κακία
2827 2339 3066 2397 παλαιοῖ.
3105 2339 3528 2412 Παλαιουμένων
3551 2338 3607 2392 δὲ
3637 2337 3701 2392 τὸ

2122 2435 2430 2506 χωλαίνειν.

2199 2524 2308 2580 Τοῦ
2336 2525 2544 2579 αὑτοῦ.
2584 2543 2602 2576 ι
2637 2525 2784 2587 Ἕως
2825 2525 2959 2578 πότε
2984 2523 3060 2594 (8)
3094 2523 3253 2594 ὑμεῖς
3287 2523 3578 2594 χωλανεῖτε
3609 2521 3700 2574 ἐπ’

2118 2616 2456 2689 ἀμφοτέραις
2489 2619 2610 2679 ταῖς
2639 2615 2848 2684 Ξγνύαις
2875 2615 3064 2687 ὐμῶν;
3101 2634 3118 2666 ι
3157 2615 3344 2686 Τρίσοι
3395 2615 3452 2668 δὲ
3487 2612 3699 2687 ἀνθρὼ-

2119 2727 2237 2765 πων
2265 2708 2463 2780 πρᾶξις
2489 2707 2581 2762 καὶ
2605 2706 2804 2778 θεωρία
2824 2750 2838 2764 .

2199 2801 2254 2853 Ὁ
2297 2798 2439 2864 Θεὸς
2468 2801 2501 2852 ό
2537 2795 2740 2862 διδοὺς
2771 2793 3116 2864 ἐκδικήσεις
3144 2793 3294 2864 ἐμοὶ,
3335 2793 3432 2846 καὶ
3462 2791 3692 2846 ὑποτά-

2118 2891 2230 2958 ξας
2249 2889 2438 2957 λαοὺς
2465 2889 2566 2943 ὑπ’
2616 2887 2741 2958 ἐμὲ,
2794 2906 2848 2942 κ.
2889 2904 2940 2942 τ.
2980 2886 3028 2942 ἑ.
3072 2884 3265 2939 Λαϐὼν
3304 2883 3411 2938 ἀπὺ
3435 2881 3569 2937 Θεοῦ
3611 2881 3690 2953 (9)

2117 2982 2447 3054 ὲκδικήσεις,
2479 2979 2712 3053 Χριστός
2747 2995 2942 3050 φησιν·
2979 2997 2997 3030 ι
3038 2975 3194 3048 Ἐμοὶ
3218 2974 3546 3046 ὲκδικήσεις,
3583 2970 3696 3041 ἐγὼ

2115 3073 2503 3129 ἀνταποδώσω.
2547 3090 2565 3125 ι

2192 3167 2302 3222 Τοῦ
2335 3165 2543 3220 αὐτοῦ.
2576 3185 2593 3216 ι
2639 3164 2794 3229 Ἰδοὺ,
2836 3163 3046 3218 δέδωκα
3095 3159 3206 3232 (10)
3256 3159 3384 3231 ὑμῖν
3411 3157 3507 3231 τὴν
3537 3157 3694 3223 ἐξου-

2115 3261 2234 3315 σίαν
2263 3262 2455 3312 πατεῖν
2502 3257 2688 3310 ἐπάνω
2726 3257 2902 3326 ὄφεων
2937 3256 3032 3309 καὶ
3082 3253 3382 3325 σκορπίων,
3429 3271 3448 3302 ι
3487 3251 3581 3304 καὶ
3622 3248 3694 3302 τὰ

435 3338 542 3384 tur.
577 3329 679 3396 Qui
728 3334 973 3403 ignorata
1002 3334 1173 3404 priori
1216 3339 1411 3408 popqu
1439 3344 1642 3410 praebet
1679 3355 1737 3400 ut
1761 3349 1863 3402 sub
1895 3349 2012 3418 ipso

2118 3351 2257 3422 ἑξῆς.
2297 3350 2354 3404 ’0
2380 3349 2458 3421 τῷ
2483 3347 2834 3419 ἀγνοουμὲνῳ
2865 3347 3033 3400 πάλαι
3069 3344 3183 3414 λαῷ
3228 3342 3483 3415 παρέχων
3511 3340 3571 3395 τὸ
3600 3341 3696 3394 ὑπ’

427 3421 734 3476 ordinetur.
771 3441 790 3476 ι
812 3423 1096 3481 Liberator
1119 3441 1273 3483 meus
1305 3431 1372 3484 de
1403 3431 1640 3488 inimicis
1673 3434 2006 3493 iracundis.»

2118 3421 2272 3496 αὑτὸν
2305 3439 2586 3510 τετάχθαι.
2623 3459 2640 3490 ι
2689 3438 2747 3490 Ὁ
2792 3437 2996 3508 ρύστης
3031 3452 3131 3506 μου
3178 3434 3236 3501 ἐξ
3287 3433 3498 3504 ἐχθρῶν
3533 3431 3689 3504 ὀργί-

429 3512 639 3579 Quibus
669 3512 844 3582 furor,
874 3515 939 3571 iis
963 3525 1019 3572 et
1044 3518 1325 3574 iracundia
1359 3522 1694 3580 dominatur.
1728 3527 1785 3582 Si
1829 3537 2009 3584 autem

2118 3534 2241 3587 λων.
2272 3552 2290 3584 ι
2338 3533 2427 3584 Ἐν
2454 3525 2535 3593 οἷς
2563 3528 2734 3599 θυμὸς
2765 3528 3069 3598 ἐπικρατεῖ,
3098 3527 3155 3578 ἐν
3177 3524 3385 3587 τούτοις
3417 3523 3512 3577 καὶ
3545 3525 3696 3595 ὀργι-

430 3605 639 3661 inimici
666 3606 772 3660 mei
801 3606 1063 3672 iracundi,
1083 3619 1230 3664 certe
1244 3621 1296 3665 et
1318 3611 1558 3669 furentes
1581 3625 1724 3671 sunt.
1750 3636 1770 3671 ι
1829 3617 2009 3674 Furor

430 3697 598 3760 enim,
666 3697 866 3768 inquit,
895 3698 1000 3756 illis
1028 3705 1324 3758 secundum
1347 3703 1758 3765 similitudinem
1779 3725 2008 3781 serpen-

431 3791 518 3843 tis.
555 3808 574 3842 ι

944 3974 1266 4034 PSALMUS
1305 3976 1488 4036 XVI".

496 4065 660 4139 613
692 4065 853 4123 Vens.
883 4067 936 4122 2.
962 4067 1352 4125 Cwlienarraut
1374 4074 1599 4144 giarium
1624 4076 1742 4147 Dei,
1773 4093 1822 4134 et
1849 4099 2006 4151 opera

429 4177 682 4215 manuum
725 4160 842 4230 ejus
875 4163 1156 4216 annuntiat
1196 4163 1604 4236 firmamentum,
1643 4179 1748 4225 etc.
1787 4171 1845 4228 Si
1881 4177 2002 4233 coeli

428 4263 685 4308 enarrant
711 4253 938 4324 gloriam
967 4253 1082 4321 Dei,
1120 4269 1183 4310 ac
1219 4257 1341 4311 coeli
1374 4258 1626 4327 peribunt
1653 4260 2002 4337 («lpsieninn

427 4345 603 4416 inquit
620 4346 686 4410 υ,
703 4345 974 4416 peribunt,
993 4356 1044 4401 tu
1066 4358 1245 4402 autem
1267 4355 1712 4417 permanesilzan
1737 4356 1825 4423 qui
1854 4373 2006 4417 enar:

428 4447 550 4492 rant
594 4437 820 4508 gloriam
863 4438 956 4493 Dei
997 4438 1287 4509 peribunt?
1330 4439 1491 4508 Atqui
1534 4457 1693 4498 nemo
1739 4459 2005 4506 enarrans

424 4530 651 4600 gloriam
673 4530 762 4584 Dei
796 4530 1031 4600 peribit:
1059 4547 1183 4585 nam
1211 4551 1230 4584 ι
1262 4532 1625 4602 gloriﬁcantes
1657 4550 1761 4601 me,
1791 4555 1810 4588 ›
1831 4536 2005 4610 inquit

429 4625 573 4676 licus
629 4623 714 4688 ⁸⁸,
747 4639 766 4672 ι
803 4622 1138 4692 gloriﬁcabo.
1179 4642 1200 4674 ›
1236 4622 1351 4678 Νοιι
1394 4639 1522 4694 ergo
1550 4626 1686 4691 ζωιιί
1723 4628 1998 4695 peribunt.

2113 3625 2294 3696 λότης,
2326 3624 2391 3676 Εἰ
2422 3622 2478 3675 δὲ
2505 3623 2553 3674 oi
2569 3619 2758 3691 ἐχθροί
2789 3636 2890 3689 μου
2919 3617 3142 3689 ὀργίλοι,
3175 3617 3281 3688 ἄρα
3307 3618 3400 3670 κα).
3426 3615 3696 3688 θυμώδεις

2114 3715 2240 3770 εἰσί.
2275 3735 2293 3766 ι
2329 3713 2512 3784 Θυμὺς
2536 3713 2665 3786 γὰρ,
2698 3712 2882 3782 φησιν,
2907 3711 3089 3774 αὐτοῖς
3115 3709 3256 3764 κατά
3299 3708 3398 3782 τὴν
3436 3708 3694 3780 ὁμοίωσιν

2113 3806 2207 3861 τοῦ
2237 3806 2434 3877 δερεως.
2470 3823 2488 3856 ι

2677 3986 2880 4041 ΨΑΛΜ
2884 3987 2966 4038 ΟΣ
3009 3987 3118 4041 lH’.

2177 4082 2243 4136 Οἱ
2266 4077 2509 4149 οὐρανοὶ
2531 4076 2871 4147 διηγοῦνται
2906 4076 3095 4142 δόξαν
3128 4077 3296 4140 Θεοῦ,
3344 4077 3592 4146 ποίησιν
3622 4077 3691 4130 δέ

2111 4172 2326 4245 χειρῶν
2352 4169 2537 4225 αὑτοῦ
2561 4167 2920 4240 ἀναγγέλλει
2943 4167 3011 4222 τὸ
3041 4169 3347 4237 στερέωμα
3365 4209 3379 4233 ,
3412 4186 3465 4221 κ.
3487 4187 3535 4222 τ.
3559 4171 3604 4221 ἑ.
3626 4170 3689 4222 Εἰ

2111 4268 2160 4320 οἱ
2188 4262 2408 4337 οὐρανοὶ
2434 4262 2544 4333 (Η)
2571 4260 2882 4331 διηγοῦνται
2917 4259 3074 4325 δόξαν
3102 4259 3259 4325 Θεοῦ,
3306 4261 3357 4312 οἱ
3382 4259 3437 4312 δὲ
3469 4261 3689 4331 οὐρανοὶ

2109 4357 2528 4428 ἀπολοῦνται·(‹
2563 4355 2626 4407 Οἱ
2669 4353 2935 4425 οὐρανοὶ»
2973 4352 3104 4424 γὰρ,
3153 4353 3337 4423 φησὶν,
3378 4370 3397 4402 ι
3428 4351 3691 4405 ἀπολοῦνι-

2108 4470 2218 4516 ται,
2274 4451 2337 4504 σὺ
2392 4447 2450 4502 δὲ
2501 4445 2776 4517 διαμένεις
2807 4461 2823 4476 ο
2876 4445 2996 4515 ι)οἱ
3039 4443 3380 4515 διηγούμενοι
3427 4440 3537 4514 ἆρα
3591 4444 3688 4515 τὴν

2107 4541 2265 4608 δόξαν
2295 4539 2390 4595 τοῦ
2421 4538 2560 4593 Θεοῦ
2599 4537 2964 4600 ἀπολοῦνται;
3022 4533 3179 4587 Ἀλλά
3217 4534 3322 4604 μὴν
3372 4534 3548 4597 οὐδεὶς
3572 4536 3689 4605 διη-

2108 4633 2372 4704 γούμενος
2403 4631 2504 4703 τὴν
2551 4629 2712 4694 δόξαν
2740 4627 2834 4681 τοῦ
2866 4625 3000 4680 Θεοῦ
3023 4625 3300 4678 ἀπολεῖται
3325 4642 3338 4655 ·
3363 4643 3380 4676 ι
3407 4626 3544 4690 Τοὺς
3577 4625 3684 4697 γὰρ

424 4714 596 4771 Porro
631 4714 754 4770 οωιί
788 4715 876 4784 qui
906 4725 1165 4770 enarrant
1205 4714 1430 4784 gloriam
1475 4717 1592 4784 Dei,
1627 4718 2003 4778 intellectualis

2118 4724 2426 4793 δοξάζοντας
2475 4740 2563 4794 με,
2609 4740 2627 4774 ι
2667 4720 2831 4791 φησιν
2881 4719 2909 4770 ὁ
2955 4716 3107 4779 Θεὸς,
3152 4735 3168 4768 ι
3219 4717 3445 4784 δοξάσω.
3493 4736 3512 4769 ι
3571 4719 3686 4772 Οὐκ

427 4818 556 4862 sunt
587 4818 814 4875 naturae,
847 4818 900 4864 et
933 4809 1057 4865 cmli
1089 4809 1343 4865 dicuntur
1371 4821 1657 4881 propterea
1687 4815 1829 4883 quod
1862 4816 1912 4871 in
1941 4833 2001 4874 sc

421 4901 647 4970 justitize
677 4903 846 4957 solem
871 4903 1106 4969 habent;
1132 4904 1257 4958 οωιί
1291 4913 1470 4960 autem
1504 4905 1594 4976 qui
1617 4917 2000 4978 pereunt,cor-

425 5009 648 5064 porcam
673 4995 874 5051 habent
900 4995 1286 5051 substantiam.

2107 4818 2216 4890 ἄρα
2243 4819 2290 4870 οἱ
2318 4815 2536 4886 οὐρανοὶ
2560 4811 2913 4866 ἀπολοῦνται·
2951 4807 3064 4861 ἀλλ’
3113 4809 3164 4862 οἱ
3207 4810 3305 4880 μὲν
3339 4809 3684 4882 διηγούμενοι

2106 4908 2324 4979 οὐρανοὶ
2348 4905 2446 4976 τὴν
2472 4903 2628 4967 δόξαν
2652 4900 2744 4956 τοῦ
2778 4899 2912 4954 Θεοῦ
2943 4901 3041 4970 τῆς
3092 4903 3283 4973 νοερᾶς
3313 4903 3419 4953 εἰσι
3447 4900 3682 4968 φύσεως,

2106 4997 2322 5068 οὐρανοὶ
2377 4995 2658 5065 λεγόμενοι
2701 4991 2790 5044 διὰ
2829 4990 2890 5043 τὸ
2924 4989 3068 5063 ἔχειν
3100 4991 3155 5042 ὲν
3183 4991 3392 5053 ἑαυτοῖς
3441 4989 3532 5042 τὸν
3584 4989 3684 5058 τῆς

2109 5089 2451 5156 δικαιοσύνης
2476 5087 2645 5156 ἥλιον·
2671 5085 2721 5138 οἱ
2744 5085 2799 5138 δὲ
2826 5083 3188 5154 ἀπολλύμενοι
3213 5081 3433 5158 οὐρανοὶ
3447 5083 3544 5154 τῆς
3581 5099 3684 5135 σω-

2112 5183 2347 5249 ματικῆς
2368 5182 2504 5232 εἰσιν
2529 5176 2734 5240 οὐσίας.

488 5259 532 5290 ⁸⁸⁸
563 5261 631 5316 Ill
663 5259 795 5335 Reg.
827 5281 981 5330 xvm,
1010 5265 1099 5320 9.1.
1177 5267 1219 5299 θ’
1249 5266 1406 5322 Rom.
1441 5285 1534 5334 xu,
1572 5269 1653 5326 19.
1731 5269 1777 5300 ⁸ο
1806 5267 1939 5324 Luc.
1972 5283 2014 5330 X:

2118 5273 2146 5320 ι.
2221 5266 2265 5298 ⁹¹
2297 5266 2438 5322 Psal.
2467 5281 2537 5332 Cl,
2564 5267 2653 5322 9.7.
2727 5265 2771 5297 ”
2803 5265 2822 5318 l
2861 5265 2992 5335 Reg.
3026 5281 3082 5331 κ,
3117 5265 3206 5319 50.

491 5418 567 5479 (‘2)
593 5417 798 5470 Mittor
837 5415 1133 5482 διδόασιν,
1169 5425 1274 5471 etc.
1304 5418 1486 5472 Codex
1509 5417 1892 5473 Coisliuianus.

488 5489 565 5558 (ὃ)
603 5487 872 5552 Ἔδωκας
903 5487 1040 5558 τοὺς
1065 5488 1318 5557 ἐχθρούς
1340 5505 1480 5556 μου,
1509 5497 1614 5542 etc.
1645 5490 1828 5544 Codex
1852 5487 1988 5542 Roe.

488 5559 566 5625 (4)
607 5558 668 5608 ’0
693 5559 780 5623 εις
807 5557 1081 5625 σημεῖον,
1106 5567 1213 5612 etc.
1238 5558 1419 5612 Codex
1446 5559 1578 5621 Rue,
1605 5558 1916 5614 Corderius.

491 5626 692 5702 (5)16,
728 5631 840 5702 οὐξι
873 5626 1086 5702 ἔγνων,
1120 5637 1238 5702 ete._
1257 5627 1437 5682 Codex
1470 5629 1602 5702 Hoc.

424 5764 466 5820 Β
491 5697 566 5824 (Si)
593 5697 973 5766 Ἀγνοοῦντες
1016 5697 1369 5767 ἠγνοοῦντο,
1389 5709 1496 5754 etc.
1525 5698 1752 5755 Schedae
1784 5697 1995 5763 Grabii,

473 5784 530 5817 ιη’
553 5782 717 5819 Mirus.

473 5782 717 5819 amarus.

495 5839 571 5904 (7)
605 5837 666 5893 'u
686 5835 800 5905 μὲν
824 5835 1024 5904 ἀρετή,
1056 5845 1164 5894 etc.
1199 5837 1378 5892 Codex
1402 5836 1530 5894 lioc.

2166 5415 2423 5499 (8).'@w¢
2463 5412 2640 5476 πότε,
2685 5419 2792 5466 etc.
2847 5406 3073 5462 Schedte
3133 5403 3318 5460 Grabii
3350 5442 3367 5470 ,
3413 5412 3466 5458 et
3503 5407 3672 5462 codex

2095 5486 2495 5542 Coislinianus.

2191 5554 2488 5630 Meister
2515 5551 2634 5630 4³ςρ
2667 5550 2839 5614 Θεοῦν
2874 5555 2980 5630 βίοι
3002 5545 3191 5630 Pede?
3224 5544 3402 5630 “9.0:.

2191 5557 2246 5630 9)
2278 5556 2488 5611 Λαϐὼν
2515 5556 2634 5606 ἀπὸ
2667 5556 2839 5614 Θεοῦ,
2874 5556 2980 5602 etc.
3014 5556 3191 5630 Codex
3227 5556 3358 5597 ltue.
3427 5610 3460 5623 η

2169 5556 2282 5697 (10)
2308 5625 2488 5690 Ἰδοὺ,
2528 5621 2785 5686 δέδωκα,
2838 5629 2946 5675 etc.
3002 5617 3229 5672 bchcdac
3277 5613 3461 5668 Grabn
3489 5652 3504 5678 ,
3541 5609 3673 5664 Bar-

2100 5696 2287 5751 harus.

2175 5765 2288 5835 (ll)
2341 5767 2405 5819 Et
2445 5766 2499 5835 οἱ
2549 5761 2834 5835 οιξφαγοί,
2884 5768 2987 5815 etc.
3038 5757 3217 5815 Codex
3269 5754 3678 5820 Coislintanus,

2109 5830 2322 5895 schedio
2353 5833 2565 5900 Grabii,
2596 5830 2894 5886 Barbarus.
