4100 6388
407 396 549 451 12ἱῦ
1793 397 1881 451 EX
1923 397 1966 452 Ο

2066 398 2225 452 ἶιΕΝΕ
3532 398 3672 454 1244

398 513 481 565 sui
523 533 534 567 :
571 526 678 566 non
714 509 856 565 enim
892 510 1030 564 ultra
1059 521 1176 565 erat
1210 512 1474 582 possibile
1515 513 1565 568 id
1603 518 1876 585 progredi.
1919 516 2023 572 Sed
2055 517 2171 573 ha3c
2214 517 2285 572 illi
2328 517 2402 572 ita
2436 519 2677 573 sentiunt
2718 533 2816 589 pro
2850 534 2914 574 co
2956 519 3096 588 quod
3135 517 3448 588 allegoriam
3489 523 3672 575 nolunt

401 605 454 658 in
490 605 770 672 Scriptura
811 605 991 659 divina
1041 605 1306 675 recipere,
1341 617 1396 661 et
1425 608 1544 663 ideo
1593 627 1741 681 purze
1792 613 2030 667 historia:
2072 614 2464 681 descrvientes,
2515 615 2820 684 lmjusmodi
2852 614 3062 669 fabulas
3089 625 3143 669 et
3173 615 3422 700 figmenta
3453 629 3672 684 compo-

400 707 551 752 nunt.
582 698 688 752 Nos
719 713 845 753 vero
877 699 1235 766 deprecamur
1269 701 1719 770 omnipotentiam
1762 703 1876 768 Dei,
1911 714 1969 759 ut
2000 721 2098 762 nos
2132 706 2386 777 dignetur
2414 707 2621 772 audire,
2655 718 2708 762 et
2741 717 2950 762 secreta
2990 708 3147 762 nobis
3185 698 3441 776 spiritalis
3471 705 3668 760 intelli-

399 790 593 860 gentiae
623 793 878 860 dignetur
910 795 1147 864 aperire.
1176 793 1330 861 Quod
1362 812 1488 866 ergo
1522 813 1549 852 a
1590 798 1747 854 nobis
1785 800 1836 854 in
1875 801 1976 856 hoc
2022 801 2143 856 loco
2178 803 2433 870 sentitur,
2465 803 2566 858 hoc
2599 810 2684 858 est
2711 821 2725 856 ς
2755 821 2773 853 ι
2807 801 2862 856 In
2901 801 3013 856 sole
3044 800 3224 871 posuit
3266 798 3667 854 tabernaculum

398 899 575 936 suum.
617 901 634 933 ι
670 883 863 951 Quaero
892 886 1019 954 quid
1049 885 1118 939 sit
1148 887 1556 942 tabernaculum
1589 889 1821 958 Christi,
1848 900 1899 946 et
1937 907 2056 962 quae
2081 894 2151 948 sit
2181 893 2469 959 habitatio,
2506 894 2559 950 in
2607 909 2709 963 qua
2754 891 3160 948 tabernaculum
3200 890 3399 946 Christi
3433 888 3667 943 colloca-

397 985 502 1031 tur.
543 977 816 1034 Ilabitalio
851 980 1183 1035 tabernaculi
1219 981 1424 1036 Christi
1454 984 1531 1038 sol
1566 999 1685 1039 esse
1729 987 1946 1042 dicitur.
1989 987 2427 1044 Taberuaculum
2458 1005 2589 1046 vero
2635 989 2834 1044 Christi
2877 987 3173 1044 Ecclesiam
3203 986 3463 1056 intelligo.
3487 982 3666 1039 Solem

394 1080 575 1125 autem
604 1087 763 1142 quem
810 1073 971 1126 alium
1008 1075 1212 1130 sentire
1241 1075 1431 1141 debeo,
1466 1079 1567 1132 nisi
1601 1079 1729 1134 illud
1781 1088 1960 1138 rumen
2001 1099 2184 1138 verum
2228 1085 2373 1155 quod
2407 1085 2675 1140 illuminat
2712 1099 2927 1140 omnem
2971 1084 3245 1140 hominem
3275 1083 3582 1137 venientem
3613 1080 3666 1134 in

397 1161 541 1215 hunc
576 1157 872 1215 mundum?
913 1162 1091 1231 lpsum
1123 1164 1280 1220 video
1303 1167 1472 1221 solem
1509 1169 1574 1223 de
1615 1185 1724 1239 quo
1757 1171 1962 1227 dictum
1998 1183 2082 1228 est
2110 1177 2150 1240 ι,
2182 1176 2308 1244 quia
2366 1194 2384 1228 ι
2418 1177 2730 1233 timentibus
2775 1191 2968 1232 nomen
3004 1174 3216 1230 Domini
3252 1173 3460 1230 orietur
3483 1173 3672 1242 solju-

394 1257 574 1321 stitia),
606 1264 661 1309 ct
685 1255 892 1310 sanitas
919 1257 972 1310 in
1015 1257 1114 1312 alis
1143 1258 1278 1327 ejus.
1322 1278 1346 1312 ›
1376 1259 1430 1314 In
1478 1262 1592 1318 sole
1636 1279 1765 1336 ergo
1793 1268 1969 1335 posuit
2019 1269 2426 1326 tabernaculum
2471 1287 2648 1338 suum,
2678 1272 2728 1325 id
2755 1279 2836 1326 est
2875 1271 2928 1325 in
2965 1270 3081 1326 sole
3118 1268 3341 1338 iustitiae
3371 1266 3677 1323 Ecclesiam-

392 1361 544 1400 suam
574 1345 880 1403 collocavit.
911 1346 966 1401 In
996 1349 1084 1404 illo
1110 1351 1256 1406 enim
1291 1353 1407 1409 sole
1438 1355 1680 1411 Ecclesia
1721 1359 1984 1415 collocata
2022 1369 2127 1426 est,
2155 1362 2246 1430 qui
2271 1363 2412 1418 diem
2436 1371 2700 1419 aeternum
2729 1363 2878 1430 facit,
2910 1361 3051 1418 sicut
3075 1361 3276 1418 dictum
3299 1369 3382 1416 est
3405 1362 3425 1394 ³
3455 1378 3467 1416 :
3499 1379 3520 1412 ι
3555 1360 3680 1415 Erit.

396 1440 490 1496 tibi
531 1441 789 1498 Dominus
819 1441 906 1496 lux
941 1453 1171 1516 acterna,
1203 1456 1258 1502 et
1293 1449 1434 1504 Deus
1464 1451 1634 1522 gloria
1665 1460 1779 1510 tua.
1819 1473 1851 1506 »-

467 1639 628 1695 Veus.
669 1640 721 1694 (Ξ.
777 1638 844 1693 Et
890 1641 998 1710 ipse
1038 1653 1290 1713 tanquam
1335 1664 1562 1718 sponsus
1586 1655 1872 1719 procedens
1913 1657 1967 1714 de

2152 1659 2261 1716 Kal
2288 1657 2473 1724 αὐτὸς
2518 1657 2601 1725 ὡς
2639 1657 2897 1727 νυμφίος
2940 1656 3413 1727 ἐκπορευόμενος
3447 1655 3516 1711 ἐκ
3554 1673 3684 1712 πυ»

391 1731 626 1786 thalamo
659 1749 778 1800 suo,
807 1743 913 1790 etc.
951 1735 1232 1804 Tanquam
1284 1754 1519 1810 sponsus
1572 1754 1655 1799 est
1704 1745 1967 1810 Christus.

2082 1749 2234 1804 στοῦ
2267 1747 2476 1812 αὐτοῦ,
2511 1765 2566 1812 κ,
2601 1765 2653 1800 τ.
2682 1749 2729 1800 ὲ.
2775 1749 2860 1811 Ὠς
2894 1747 3128 1819 νυμφίος
3158 1747 3304 1801 ἐστὶν
3330 1745 3440 1819 (17)
3474 1749 3504 1800 ὁ
3528 1747 3668 1821 Χρι-

394 1841 413 1873 ι
446 1822 546 1889 Qui
578 1824 722 1879 enim
751 1825 935 1893 habet,
966 1828 1138 1898 inquit
1168 1832 1210 1898 ³,
1245 1847 1525 1903 sponsam,
1552 1850 1782 1907 sponsus
1810 1851 1912 1897 est.
1953 1863 1967 1898 ι

2081 1839 2238 1904 στός·
2279 1858 2299 1892 σι
2347 1841 2405 1894 Ὁ
2463 1839 2572 1912 γὰρ
2625 1838 2783 1910 ἔχων,
2817 1838 2972 1909 φησὶ,
3034 1838 3133 1910 τὴν
3164 1837 3384 1911 νύμφην
3430 1837 3665 1909 νυμφίος

389 1915 702 1972 Secundum
757 1920 1214 1990 pulchritudinem
1275 1929 1525 1985 imitatur
1593 1946 1851 2002 sponsum
1911 1936 1967 1994 de

2080 1931 2218 1985 ἐστί.
2258 1951 2277 1984 ι
2315 1930 2473 1985 Κατὰ
2516 1931 2576 1984 τὸ
2603 1929 2797 1994 κάλλος
2827 1932 3074 2001 μιμεῖται
3102 1930 3330 2001 νυμφίον
3363 1931 3427 1982 ἐκ
3453 1930 3665 1986 παστάδ-

387 2005 629 2062 tbalamo
653 2011 1038 2078 procedentem
1065 2030 1186 2070 cum
1212 2017 1383 2072 multo
1418 2019 1637 2080 decore.

457 2099 620 2154 Vens.
646 2101 700 2167 8,
732 2102 786 2168 9,
826 2103 913 2162 lO.
964 2104 1070 2162 Lex
1109 2106 1320 2166 Domini
1367 2112 1711 2169 immaculata
1759 2132 1978 2173 conver-

385 2202 498 2246 lens
523 2195 734 2249 animus
758 2212 779 2260 ;
811 2198 1172 2256 testimonium
1203 2201 1410 2258 Domini
1443 2205 1616 2274 ﬁdele,
1660 2210 1976 2275 sapientiam

383 2295 642 2351 pra’staus
676 2287 910 2354 parvulis
935 2305 954 2353 ;
979 2289 1208 2358 justitize
1239 2293 1458 2350 Domini
1493 2308 1662 2367 rectae,
1698 2301 1980 2370 [teli/icun-

381 2384 456 2430 tes
483 2377 692 2442 corda;
737 2390 1055 2448 praeceptum
1103 2385 1313 2439 Domini
1352 2387 1610 2456 Incidunt,
1667 2393 1972 2449 illuminnus

381 2467 579 2522 oculos.
609 2467 785 2523 Timor
809 2471 1020 2526 Domini
1042 2490 1240 2542 cauus,
1266 2487 1373 2533 etc.
1399 2480 1507 2536 Lex
1542 2484 1826 2551 spiritalis,
1854 2503 1974 2555 quae

380 2559 510 2613 viris
534 2561 911 2630 Spiritualibus
934 2567 1232 2635 expiationi
1265 2581 1369 2638 est,
1395 2575 1674 2629 convertit
1705 2577 1969 2630 animam.

322 2713 328 2719 _
379 2650 775 2709 Testimonium
814 2655 1025 2713 Domini
1074 2671 1250 2729 potest
1294 2677 1416 2719 esse
1461 2664 1664 2719 Christi
1704 2666 1758 2719 in
1809 2683 1972 2722 cruce

381 2744 726 2814 martyrium,
767 2749 908 2815 quod
967 2749 1177 2804 Domini
1231 2753 1596 2808 testimonium
1635 2769 1758 2810 cum
1813 2755 1971 2813 lidele

379 2837 470 2893 sit.
499 2838 823 2906 sapientiam
865 2852 1086 2908 praestat
1137 2845 1398 2913 parvulis.
1449 2844 1681 2901 Justiliue
1734 2847 1968 2916 Domini,

377 2947 496 2998 qua:
521 2933 799 2990 continent
825 2936 1116 3006 justitiam,
1142 2953 1298 2994 suum
1329 2940 1548 2996 cuilibet
1571 2956 1668 3012 pro
1702 2943 1968 3016 dignitate

385 3023 749 3093 retribuendo,
781 3037 910 3082 sunt
947 3029 1164 3084 Domini
1208 3031 1260 3084 in
1316 3031 1434 3103 lege
1476 3034 1591 3104 ejus
1619 3013 1966 3104 justilicatio-
2000 3013 2042 3069 Β

378 3130 493 3180 nos,
524 3117 608 3171 vel
642 3117 746 3174 illa:
786 3135 906 3188 qua:
949 3121 1014 3176 ad
1063 3121 1182 3191 ejus
1213 3137 1341 3194 erga
1379 3128 1675 3196 quemlibet
1699 3131 1971 3200 guberna-

377 3209 577 3264 tionem
611 3221 858 3281 spectaut
883 3232 898 3269 :
927 3213 1006 3269 lue
1044 3216 1188 3269 enim
1227 3217 1512 3276 intellectae
1543 3237 1639 3278 cor
1671 3224 1965 3280 laniﬁcam.

374 3299 711 3372 Prteceptum
759 3304 967 3360 Domini
1015 3307 1068 3361 in
1111 3309 1292 3377 specie
1330 3318 1414 3366 est
1459 3324 1790 3384 praeceptum
1833 3317 1966 3388 legis

374 3395 664 3457 generalis.
710 3395 822 3450 Hoc
870 3409 1051 3453 autem
1102 3414 1208 3455 non
1257 3403 1491 3471 occulte,
1537 3409 1633 3460 sed
1680 3409 1857 3478 palam
1903 3425 1968 3466 ac

374 3486 522 3541 c-lare
558 3487 963 3558 promulgatur,
1011 3497 1065 3546 et
1111 3493 1440 3550 custoditum
1484 3498 1645 3552 animi
1685 3501 1872 3556 oculos
1905 3501 1970 3554 il-

375 3573 628 3634 luminat.
663 3596 682 3629 ι
720 3578 906 3633 Timor
935 3579 1149 3636 Domini
1179 3593 1383 3639 castus.
1417 3604 1436 3638 ι
1469 3586 1542 3641 Ειι
1570 3588 1635 3644 iis
1657 3590 1748 3659 qui
1781 3593 1968 3646 viden-

375 3677 462 3720 lur
496 3669 688 3723 timere
730 3670 925 3724 animae
963 3673 1278 3741 Dominum,
1333 3677 1423 3732 alii
1467 3680 1688 3748 quidem
1732 3683 1968 3740 scientes

373 3765 438 3816 de
471 3764 666 3832 quibus
718 3765 1013 3820 timendum
1045 3769 1208 3840 615
1247 3771 1340 3840 sit,
1384 3773 1659 3830 declinant
1692 3794 1721 3833 a
1755 3779 1911 3834 malis
1947 3797 1962 3836 :

373 3869 497 3907 nam
554 3854 748 3910 timore
811 3857 1018 3914 Domini
1062 3862 1239 3918 omnis
1286 3863 1524 3921 declinat
1571 3884 1602 3922 a
1651 3871 1825 3938 malo;
1873 3873 1964 3928 alii

371 3957 504 3998 vero
559 3958 662 3997 non
715 3945 915 4001 habent
954 3964 1138 4006 verum
1190 3954 1402 4010 Domini
1461 3957 1732 4014 timorem.
1770 3961 1965 4019 Castus

373 4038 516 4101 enim
547 4045 653 4102 est,
687 4049 742 4094 et
765 4040 973 4098 fructus
1012 4047 1130 4116 ejus
1153 4060 1374 4106 manent
1397 4051 1451 4105 in
1478 4052 1734 4107 saeculum
1758 4057 1959 4113 saeculi.

443 4127 718 4196 Ejusdem.
758 4151 776 4184 ι
810 4132 919 4188 Lex
960 4136 1171 4192 Domini
1215 4139 1566 4196 immaculata
1595 4181 1610 4207 ,
1638 4151 1962 4198 convertens

371 4217 604 4276 animas.
653 4240 672 4272 ι
706 4221 958 4294 Nunquid
980 4242 1010 4281 a
1033 4229 1166 4285 vitio
1197 4232 1264 4285 ad
1300 4232 1577 4299 virtutem,
1605 4234 1688 4288 vel
1723 4251 1753 4290 a
1785 4240 1965 4293 sensi-

369 4308 569 4366 hilibus
619 4312 686 4366 ad
744 4314 1133 4374 intellectualia
1193 4322 1498 4378 convertit?
1545 4323 1612 4378 Et
1663 4325 1768 4381 hoc
1821 4325 2030 4418 fortcc

370 4417 554 4456 verum
585 4413 690 4461 est.
723 4405 881 4462 Prius
916 4410 1062 4465 enim
1099 4427 1127 4465 a
1161 4417 1414 4471 mandato
1445 4418 1583 4474 solet
1609 4417 1771 4476 eﬂici.
1803 4421 1955 4493 Moy-

367 4495 442 4546 sis
473 4493 557 4548 lex
586 4497 950 4556 diversimode
1003 4505 1334 4562 nominatur.
1369 4510 1434 4564 Et
1479 4521 1704 4566 vocatur
1736 4514 1954 4582 quidem

369 4583 732 4656 lvxtanquam
781 4592 1091 4660 reipublicae
1144 4606 1344 4653 statum
1380 4600 1675 4668 ordinans;
1713 4604 1958 4660 testimo-

370 4676 540 4744 nium,
593 4679 754 4735 veluti
806 4687 1309 4752 praevaricationem
1349 4693 1649 4750 testiﬁcaris
1681 4705 1737 4750 et
1773 4707 1953 4753 trans-

365 4769 660 4836 gressionis
713 4775 1008 4833 vindictam
1051 4783 1381 4851 ostendens;
1409 4784 1657 4854 iustitiae,
1709 4790 1852 4860 quod
1885 4791 1954 4844 ad

367 4860 650 4916 honestmn
685 4864 961 4937 provocet,
995 4881 1052 4927 et
1107 4873 1365 4943 iniustum
1400 4879 1716 4949 prohibeat;
1755 4895 1954 4951 prame-

364 4960 602 5022 ptum,eo
639 4958 782 5026 quod
808 4961 936 5030 quid
967 4963 1234 5033 agendqu
1270 4967 1342 5024 sit
1377 4969 1619 5040 prmcipit
1648 4981 1812 5042 atque
1847 4973 1952 5028 Do-

363 5046 494 5099 mini
527 5063 676 5106 more
716 5051 979 5123 imperat;
1027 5056 1230 5128 judicia
1267 5069 1470 5128 autem,
1505 5064 1646 5134 quod
1698 5068 1953 5123 ostendat

359 5134 559 5202 quibus
616 5139 773 5196 bonis
816 5143 1126 5213 perfruetur
1151 5149 1244 5219 qui
1282 5165 1402 5207 eam
1437 5155 1693 5222 cuswdit,
1727 5156 1954 5226 quibus-

360 5240 466 5296 que
482 5229 779 5321 suppliciis
830 5234 1098 5305 plectetur
1127 5243 1216 5310 qui
1257 5247 1675 5317 transgreditur.
1705 5247 1814 5305 Lex
1849 5249 1950 5321 igi-

283 5383 290 5388 _
362 5325 447 5370 tnr
481 5318 690 5376 Domini
724 5322 1072 5385 immaculata
1100 5346 1221 5388 cum
1247 5337 1337 5403 sit,
1371 5337 1641 5394 convertit
1669 5318 1948 5396 hominum

358 5423 587 5470 animas.

432 5532 448 5562 ¹
475 5533 708 5595 Malach.
741 5557 815 5607 Iv,
843 5541 895 5597 2.
973 5547 993 5577 ²
1028 5546 1135 5604 lsa.
1162 5564 1251 5615 ιιι,
1281 5549 1367 5605 l9.
1445 5551 1466 5582 ³
1487 5549 1642 5607 Joau.
1670 5568 1748 5618 ιιι,
1773 5553 1863 5609 29.

711 5655 972 5722 νυμφίος
1000 5657 1193 5719 ἐστίν,
1224 5669 1331 5716 etc.
1369 5659 1598 5714 Sclicth
1631 5661 1840 5716 Grabii.

588 5713 1078 5797 ρπνεῖνίιζιτίκὸς
1101 5713 1444 5797 νόᾷιοςῖριο.
1481 5713 1800 5785 (ιοῖιιᾱνιιιὲζ

433 5786 545 5852 (l9)
585 5786 844 5860 Ilv'tepor;
873 5794 989 5848 ἀπὸ
1015 5786 1378 5868 κακίᾶς,ὀιυ.
1411 5800 1636 5856 δυιιυιιιυ
1661 5801 1869 5857 Grabii.

2077 2023 2166 2088 δος
2198 2021 2336 2095 μετά
2365 2022 2565 2094 πολλῆς
2598 2023 2951 2093 εὐπρεπείας.

2162 2115 2224 2169 'O
2253 2117 2436 2184 νόμος
2474 2115 2581 2169 τοῦ
2607 2115 2830 2182 Κυρίου
2859 2114 3117 2183 ἄμωμος,
3149 2112 3524 2182 ἐπιστρέφων
3547 2115 3680 2182 ψυι

2077 2208 2224 2280 χάς·
2255 2212 2294 2278 ἡ
2317 2211 2616 2280 μαρτυρία
2645 2211 2871 2277 Κυρίου
2931 2207 3140 2272 πιστὴ,
3177 2206 3511 2276 vagatio-vera
3555 2205 3664 2273 νή-

2077 2318 2208 2358 πια·
2243 2305 2314 2359 τὰ
2343 2304 2706 2374 δικαιώματα
2751 2303 2972 2370 Κυρίου
3013 2301 3224 2364 εὐθέα,
3262 2299 3662 2368 εὐφραίνοντα

2075 2395 2328 2465 καρδίαν
2347 2413 2361 2426 ο
2419 2397 2458 2464 ἡ
2489 2396 2707 2462 ἐντολὴ
2731 2395 2951 2462 Κυρίου
2971 2392 3298 2462 τηλαυγὴς,
3328 2389 3663 2460 φωτίζουσα

2075 2489 2441 2558 ὀφθαλμούς.
2488 2488 2540 2539 Ὁ
2563 2489 2748 2556 φόϐος
2800 2487 3022 2554 Κυρίου
3054 2485 3263 2555 ἁγνὸς,
3307 2501 3362 2536 κ.
3415 2500 3466 2536 τ.
3503 2484 3549 2536 ὲ.
3596 2483 3655 2536 '0

2075 2577 2443 2647 πνευματικὸς
2475 2577 2637 2646 νόμος
2661 2576 2771 2647 (18)
2802 2578 2916 2637 τοῖς
2937 2576 3333 2644 πνευματικοῖς
3360 2573 3664 2644 καθάρσιος.

2073 2668 2390 2739 ἐπιστρέφει
2417 2667 2614 2739 ψυχήν..
2666 2667 2729 2719 Ἡ
2767 2666 3041 2737 μαρτυρία
3075 2664 3280 2735 Κυρίου
3311 2663 3530 2718 δύναται
3561 2663 3658 2716 τοῦ

2073 2759 2310 2831 Χριστοῦ
2338 2762 2396 2813 ἐν
2424 2759 2501 2830 τῷ
2526 2758 2745 2830 σταυρῷ
2781 2758 3080 2828 μαρτύριον
3111 2751 3270 2820 εἶναι,
3298 2756 3330 2826 ἡ
3360 2753 3524 2824 πιστὴ
3562 2754 3655 2808 τοῦ

2073 2851 2281 2922 Κυρίου.
2301 2851 2578 2923 μαρτυρία
2603 2852 2727 2914 τοὺς
2750 2849 2978 2921 νηπίους
3004 2847 3316 2916 σοφίζουσα.
3337 2847 3417 2900 Τὰ
3437 2844 3656 2900 δικαιώ-

2075 2963 2220 3018 ματα
2246 2945 2474 3016 Κυρίου,
2511 2942 2547 2998 ἃ
2575 2941 2816 3012 περιέχει
2839 2939 3188 3010 δικαιοσύνην
3227 2941 3326 3010 τῆς
3357 2938 3492 3009 πρὸς
3523 2939 3660 2991 ’ἐκα-

2071 3055 2196 3091 στον
2228 3036 2348 3091 κατ’
2383 3035 2540 3100 ἀξίαν
2578 3034 2907 3096 ἀποδόσεως,
2951 3031 3046 3085 τοῦ
3077 3032 3372 3104 Κυρίου⁸ὲν
3401 3031 3481 3102 τῷ
3504 3033 3666 3103 νόμῳ.

2070 3131 2235 3184 αὑτοῦ
2269 3132 2384 3184 ὲστι
2413 3128 2782 3200 δικαιώματα,
2809 3127 2841 3199 ἢ
2872 3126 2940 3180 τὰ
2972 3126 3100 3197 περὶ
3132 3126 3233 3198 τὴν
3259 3126 3398 3200 πρὸς
3419 3124 3663 3180 ἕκαστον

2069 3221 2234 3276 αὐτοῦ
2275 3221 2620 3293 οἰκονομίαν
2683 3219 2856 3273 ταῦτα
2907 3217 3015 3290 γὰρ
3062 3217 3326 3288 νοηθέντα
3374 3215 3656 3288 εὐφραίνει

2069 3314 2319 3386 καρδίαν.
2377 3315 2442 3368 Ἡ
2484 3311 2674 3384 ἐντολὴ
2717 3311 2923 3381 Κυρίου
2965 3310 3024 3362 ὲν
3058 3307 3188 3361 εἴδει
3226 3305 3443 3376 γενικοῦ
3485 3308 3668 3376 νόμου-

2068 3406 2216 3459 ὲστὶν
2281 3405 2468 3476 ἐντολή
2517 3421 2530 3435 ·
2601 3404 2662 3456 οὐ
2707 3401 3104 3473 κεκρυμμένως
3157 3398 3214 3452 δὲ
3278 3396 3416 3469 αὕτη
3445 3439 3459 3464 ,
3517 3395 3655 3452 ἀλλά

2067 3497 2354 3570 τηλαυγῶς
2373 3497 2614 3564 λέγεται,
2645 3495 2738 3548 καὶ
2771 3492 3110 3563 φυλαχθεῖσα
3142 3490 3367 3562 φωτίζει
3406 3493 3529 3552 τοὺς
3555 3493 3654 3561 τῆς

2066 3589 2244 3659 ψυχῆς
2279 3585 2608 3657 ὀφθαλμούς.
2650 3604 2670 3638 ί
2719 3585 2776 3638 Ὁ
2818 3583 2983 3654 φόϐος
3011 3583 3219 3654 Κυρίου
3248 3581 3438 3650 ἀγνός’
3485 3603 3505 3634 ι
3541 3580 3654 3634 τῶν

2066 3679 2365 3732 δοκούντων
2397 3677 2680 3748 φοϐεῖσθαι
2732 3677 2831 3748 τῆς
2876 3675 3054 3747 ψυχῆς
3096 3675 3188 3730 τὸν
3214 3674 3419 3746 Κύριον
3449 3675 3498 3727 οἱ
3553 3674 3653 3745 μὲν

2067 3771 2268 3833 εἰδότες
2300 3771 2427 3841 περί
2455 3763 2529 3823 ὧν
2555 3767 2836 3838 φοϐεῖσθαι
2859 3766 2959 3833 δεῖ,
2982 3767 3288 3820 ἐκκλίνουσι
3312 3765 3420 3818 τῶν
3439 3766 3648 3820 κακῶν⁶

2066 3859 2142 3930 τῷ
2159 3859 2267 3931 γὰρ
2283 3859 2434 3929 φόϐῳ
2455 3858 2660 3929 Κυρίου
2679 3857 2916 3912 ἐκκλίνει
2945 3859 3054 3922 πᾶς
3075 3856 3182 3910 ἀπὸ
3196 3855 3390 3911 κακοῦο
3413 3858 3460 3909 οἱ
3478 3855 3534 3910 δὲ
3550 3856 3652 3910 οὐκ

2066 3951 2246 4021 έχουσι
2271 3950 2361 4004 τὸν
2393 3949 2608 4020 ἀληθῶς
2637 3950 2800 4018 φόϐον
2846 3949 3076 4020 Κυρίου.
3118 3948 3304 4017 Άγνὸς
3342 3946 3450 4020 γὰρ
3470 3943 3650 4013 οὗτος,

2061 4039 2160 4094 καὶ
2197 4039 2249 4091 oi
2295 4039 2498 4110 καρποὶ
2523 4039 2690 4093 αὑτοῦ
2733 4037 3080 4109 διαμένουσιν
3120 4040 3200 4102 εἰς
3230 4039 3405 4094 αἰῶνα
3429 4039 3648 4104 αἰῶνος.

2140 4150 2255 4205 Τοῦ
2284 4151 2492 4206 αὑτοῦ.
2531 4170 2550 4204 ι
2594 4151 2654 4204 '0
2682 4150 2846 4222 νόμος
2871 4151 3077 4222 Κυρίου
3110 4151 3359 4222 ἄμωμος,
3400 4149 3651 4222 ἐπιστρέ-

2065 4261 2181 4313 φων
2203 4243 2400 4314 ψυχάς.
2442 4265 2460 4295 ι
2516 4244 2752 4316 Πότερον
2785 4243 2894 4297 ἀπὸ
2929 4244 3126 4307 κακίας
3158 4242 3268 4315 (l9)
3305 4245 3650 4316 ἐπιστρέφων

2067 4335 2202 4408 πρὸς
2237 4335 2334 4407 τὴν
2363 4336 2586 4408 ἀρετὴν,
2617 4338 2650 4408 ἢ
2676 4335 2785 4390 ἀπὸ
2805 4334 2914 4390 τῶν
2938 4335 3213 4406 αἰσθητῶν
3237 4337 3330 4389 ἐπὶ
3355 4335 3426 4388 τὰ
3444 4335 3646 4406 νοητά;

2063 4427 2174 4480 Καὶ
2199 4428 2341 4498 τάχα
2365 4427 2541 4481 τοῦτο.
2586 4427 2659 4480 Τὸ
2683 4427 2792 4498 γὰρ
2839 4427 3104 4499 πρότερον
3143 4430 3174 4498 ἡ
3207 4426 3392 4498 ἐντολὴ
3435 4427 3646 4495 πέφυκε

2064 4522 2255 4573 ποιεῖν.
2299 4521 2354 4573 Ὀ
2385 4519 2478 4573 τοῦ
2510 4519 2788 4582 Μωῦσέως
2816 4517 2980 4588 νόμος
3003 4519 3272 4590 διαφόρως
3300 4518 3644 4587 ὀνομάζεται.

2061 4609 2292 4680 Λέγεται
2337 4611 2446 4683 γὰρ
2492 4612 2674 4683 νόμος,
2726 4611 2802 4676 ὡς
2844 4611 2942 4682 τὴν
2988 4610 3260 4662 πολιτείαν
3315 4609 3593 4679 ῥυθμίζων
3625 4624 3643 4642 ⁶

2065 4706 2359 4778 μαρτυρία,
2408 4707 2490 4759 ὅτι
2535 4705 2963 4778 διαμαρτύρεται
3006 4703 3075 4757 τὰ
3116 4704 3215 4774 τῆς
3257 4704 3644 4775 παραϐάσεως,

2060 4797 2331 4870 τιμωρίαν
2371 4799 2623 4862 δεικνύςο
2678 4797 3046 4870 δικαιώματα,
3096 4798 3177 4851 ὃτι
3222 4797 3357 4868 πρὸς
3394 4797 3453 4850 τὸ
3479 4797 3646 4853 καλὸν

2059 4889 2382 4962 προτρέπων
2425 4887 2759 4959 ἀπαγορεύει
2805 4887 2867 4941 τὸ
2914 4887 3098 4943 ἄδικον
3131 4903 3148 4919 ο
3195 4887 3414 4959 ἐντολὴ,
3461 4888 3538 4952 ὡς
3582 4889 3644 4943 τὸ

2057 4982 2331 5055 πρακτέον
2383 4981 2718 5045 δεσποτικῶς
2767 4981 3005 5035 κελεύων
3071 4983 3165 5036 καὶ
3216 4982 3638 5056 εἰσηγούμενοςο

2057 5070 2320 5140 κρίματα,
2370 5070 2452 5123 ὄτι
2495 5068 2738 5124 δείκνυσι
2789 5069 2952 5124 τίνων
3010 5071 3040 5124 ό
3092 5071 3381 5141 φυλάσσων
3419 5072 3643 5142 ἀγαθῶν

2055 5161 2325 5228 τεύξεται,
2363 5161 2458 5216 καὶ
2496 5161 2607 5215 τίσι
2634 5163 2926 5235 τιμωρίαις
2954 5167 2982 5218 ό
3021 5166 3371 5236 παραϐαίνων
3406 5168 3645 5238 παραδο-

2055 5254 2299 5324 θήσεται.
2345 5253 2404 5308 Ὁ
2435 5253 2599 5324 νόμος
2621 5250 2733 5322 οὖν,
2767 5257 2923 5329 φησι,
2946 5255 3040 5311 τοῦ
3076 5257 3282 5330 Κυρίου
3313 5259 3540 5332 ἄμωμος
3562 5261 3637 5317 ὢν

2058 5347 2380 5421 ἐπιστρέφει
2410 5349 2510 5414 τὰς
2533 5349 2643 5405 τῶν
2669 5350 2970 5422 ἀνθρώπων
2993 5349 3190 5422 ψυχάς.
