4100 6386
412 421 555 475 ίξῑῖὶ

1400 411 1712 468 SELECTA
1746 411 1809 464 IN
1847 410 2186 468 PSALMOS.
2225 440 2293 450 -—
2332 406 2527 464 PSAL.
2567 407 2706 463 XIX.

3541 397 3676 453 i216

487 531 595 585 Τοῦ
616 530 801 585 αὐτοῦ
851 551 868 582 ι
911 531 967 584 '0
998 529 1160 600 φόϐος
1186 528 1391 600 Κυρίου
1413 529 1596 596 ἁγνὸς,
1615 527 1884 598 διαμένων
1916 529 1994 590 είς

2173 526 2447 596 Ejusdem.
2483 543 2500 574 ι
2546 521 2731 577 Timor
2766 519 2976 576 Domini
3026 525 3229 580 castus,
3260 528 3586 586 permanens
3619 513 3673 566 in

410 623 585 676 αἰῶνα
617 623 809 685 αἰῶνος
880 641 898 672 ι
957 621 1172 690 ’Λγνεία
1221 621 1367 673 ἐστὶν
1412 619 1524 690 (20)
1579 619 1991 688 ἁμαρτημάτων

410 715 610 785 ἀποχὴ,
631 717 726 767 καὶ
747 716 776 766 6
799 713 959 782 φόϐος
981 713 1165 781 ἁγνὸς,
1191 713 1266 774 ὼς
1297 710 1492 778 ἁγνοὺς
1526 707 1695 762 ποιῶν
1716 726 1728 738 ·
1786 708 1864 778 τῷ
1885 708 1992 778 γὰρ

414 807 563 876 φόϐῳ
588 805 794 876 Κυρίου
821 805 1058 859 ἐκκλίνει
1088 807 1194 867 πᾶς
1216 803 1322 856 ἀπὸ
1351 801 1546 856 κακοῦ.
1586 803 1812 865 Λίὼνιος
1837 802 1894 854 δὲ
1917 801 1992 854 ὣν

411 900 440 952 6
477 897 658 965 φόϐος,
695 897 788 951 καὶ
809 897 1057 960 αἰωνίους
1089 889 1169 959 οἷς
1195 894 1258 948 ἂν
1285 895 1508 966 γένηται
1536 895 1698 947 ποιεῖ.
1727 891 1994 944 Εὐλάϐεια

413 991 507 1043 καὶ⁷
546 992 575 1043 6
603 988 695 1044 τοῦ
718 988 853 1042 Θεοῦ
895 988 1058 1056 φόϐος
1088 988 1195 1043 τῶν
1223 987 1458 1041 αἰωνίων
1483 984 1704 1055 ἀγαθῶν
1749 983 1998 1056 προξενεῖ

411 1082 509 1153 τὴν
532 1082 853 1138 ἀπόλαυσιν.
873 1081 1112 1143 Εἰκότως
1139 1080 1195 1133 δὲ
1220 1079 1247 1131 6
1268 1077 1360 1131 τοῦ
1387 1077 1521 1130 Θεοῦ
1546 1076 1709 1146 φόϐος
1736 1075 1897 1143 ἁγνός
1916 1088 1930 1104 ⁸
1968 1077 1996 1128 6

412 1173 522 1244 γὰρ
552 1173 891 1246 ἀνθρώπινος
932 1172 1180 1244 ψέγεται,
1216 1171 1309 1225 καὶ
1335 1170 1536 1234 δειλίας
1568 1169 1678 1239 ἔχει
1719 1184 1996 1240 προσηγο-

417 1283 539 1335 ριαν
556 1307 570 1320 .

487 1356 597 1411 Καὶ
626 1357 736 1427 γὰρ
772 1359 806 1412 ὁ
825 1357 1046 1422 δοῦλός
1073 1373 1190 1410 σου
1223 1353 1530 1424 φυλάσσει
1556 1351 1726 1418 αὐτὰ,
1787 1369 1840 1404 κ.
1864 1369 1914 1404 τ.
1948 1351 1994 1404 έ.

417 1450 480 1501 ΕΞ
509 1451 536 1500 6
569 1448 754 1513 δοῦλος
775 1449 886 1520 (21)
912 1448 1196 1517 φυλάσσει,
1231 1450 1260 1500 6
1286 1446 1360 1518 μὴ
1388 1445 1679 1515 φυλάσσων
1703 1444 1763 1497 οὗ
1791 1441 1994 1506 δοῦλος.

416 1539 686 1593 Φυλάσσει
715 1541 771 1593 δὲ
799 1540 868 1593 τά
897 1539 1211 1611 ἐπιθυμητὰ
1238 1538 1330 1591 τοῦ
1359 1535 1494 1590 Θεοῦ
1524 1538 1551 1589 6
1593 1534 1876 1605 ἐπιθυμῶν
1899 1534 2000 1586 οὐκ

418 1629 545 1683 ἄλλο
577 1631 695 1700 τιῆ
743 1630 903 1685 αὑτά.
959 1631 1049 1684 Διὸ
1103 1629 1213 1700 ἔχει
1262 1627 1612 1682 ἀνταπόδοσιν
1661 1627 1838 1696 τυχεῖν
1891 1621 2000 1676 τῶν

419 1720 890 1793 ὲπιθυμουμένων.
921 1722 1002 1777 Τὰ
1027 1722 1235 1794 φανερά
1258 1721 1315 1776 δὲ
1345 1719 1715 1790 κατορθώσας,
1735 1717 1863 1787 περὶ
1893 1715 2002 1769 τῶν

420 1812 665 1882 κρυφίων
687 1811 923 1884 εὔχεται.

2093 617 2349 672 saeculum
2406 612 2608 668 saeculi.
2646 632 2664 663 ι
2694 611 2928 666 Castitas
2983 620 3066 664 est
3123 605 3443 662 abstinentia
3479 620 3507 658 a
3545 618 3674 672 pec-

2095 710 2250 773 catis,
2287 719 2341 762 et
2363 708 2526 762 timor
2550 715 2756 769 castus,
2789 703 2990 772 quippe
3017 701 3107 770 qui
3136 710 3315 754 castos
3348 697 3475 751 facit
3502 715 3514 750 :
3550 710 3674 749 nam

2094 801 2307 856 Domini
2350 801 2546 856 timore
2581 799 2808 869 quilibet
2863 812 2892 850 a
2943 796 3084 849 malo
3115 792 3367 847 declinat.
3414 789 3676 844 Aﬂlernus

2096 904 2279 947 autem
2321 907 2442 947 cum
2483 891 2554 948 sit
2596 891 2778 953 timor,
2829 897 3062 941 a-ternos
3111 895 3325 952 quoque
3360 881 3531 950 ipsum
3579 877 3680 932 ba-

2095 985 2286 1040 bentes
2333 983 2514 1038 efﬁcit.
2557 981 2880 1038 Reverentia
2933 988 2985 1033 et
3038 976 3131 1030 Dei
3191 974 3352 1029 timor
3411 974 3676 1025 bonorum

2097 1087 2429 1132 aaternorum
2461 1073 2893 1142 fructum'parit.
2931 1069 3123 1124 Merito
3161 1076 3336 1121 autem
3389 1065 3483 1118 Dei
3517 1064 3679 1116 timor

2097 1179 2279 1224 castus
2322 1178 2448 1224 est:
2488 1169 2757 1222 humanus
2810 1164 2954 1220 enim
3003 1162 3315 1224 damnatur,
3372 1166 3428 1212 et
3479 1153 3678 1210 timidi-

2103 1261 2227 1315 tatis
2271 1259 2534 1314 voeabulo
2564 1258 2890 1313 nominatur.

2174 1351 2336 1406 Vens.
2372 1350 2459 1404 12.
2493 1348 2703 1402 Etenim
2737 1364 2913 1402 seruus
2942 1356 3065 1399 tuus
3101 1345 3324 1399 custodit
3355 1359 3436 1407 ea,
3473 1351 3579 1397 etc.
3619 1337 3678 1395 Si

2100 1459 2288 1500 servus
2313 1443 2569 1507 custodit,
2605 1441 2694 1510 qui
2747 1455 2853 1493 non
2899 1438 3154 1504 custodit,
3201 1451 3309 1491 non
3342 1444 3425 1490 est
3463 1447 3677 1488 servus.

2100 1535 2343 1591 Custodit
2391 1545 2571 1588 autem
2622 1530 3002 1586 desiderabilia
3052 1528 3168 1595 Dei,
3214 1527 3308 1597 qui
3355 1523 3489 1578 nihil
3537 1520 3682 1576 aliud

2102 1626 2368 1681 desiderat
2401 1631 2595 1694 prmtcr
2646 1623 2787 1691 ipsa.
2844 1620 3046 1674 Idcirco
3099 1633 3197 1687 pro
3247 1613 3684 1671 remuneratione

2101 1717 2306 1774 obtinet
2353 1730 2418 1772 ea
2475 1730 2594 1785 quae
2655 1713 3007 1770 desideravit.
3071 1710 3173 1777 Qui
3221 1716 3401 1763 autem
3451 1722 3513 1761 ea
3563 1720 3684 1774 qua:

2103 1817 2286 1879 aperta
2318 1815 2467 1871 sunt,
2498 1813 2644 1861 recte
2688 1805 2872 1874 gessit,
2921 1816 3020 1872 pro
3060 1799 3289 1856 occultis
3338 1798 3680 1866 deprecatur.

501 1871 646 1957 ’ἐὰν
693 1871 784 1972 ,αὖ
824 1921 945 1974 μου
1000 1902 1533 1970 κατακυριεύσωσι,
1597 1900 1729 1954 τότε
1763 1898 2001 1971 ἄμωμος

2137 1871 2154 1879 ⁵
2178 1898 2338 1955 Vens.
2365 1898 2450 1953 M.
2479 1897 2542 1952 Si
2565 1896 2665 1951 mei
2694 1871 2796 1948 non
2823 1871 3017 1962 fuerint
3039 1890 3319 1954 dominati,
3346 1898 3469 1941 tunc
3495 1887 3684 1939 imma-

420 1994 654 2063 ἔσομαι,
689 2013 743 2049 κ.
776 2013 826 2049 τ.
863 1997 909 2048 ἑ.
951 1995 1077 2050 Ἐὰν
1107 1996 1156 2050 οἱ
1189 1994 1456 2065 ἀλλότριοι
1492 1992 1602 2066 (22)
1651 1992 1726 2064 μὴ
1756 2007 2000 2045 κατακυ-

423 2085 708 2156 ριεύσωσιν
735 2087 911 2158 ἡμῶν,
933 2087 1053 2141 τότε
1078 2087 1299 2158 ἄμωμοι
1345 2086 1601 2156 ἐσόμεθα,
1646 2084 1706 2138 οὐ
1737 2082 2002 2155 πρότερον

419 2179 652 2234 τοιοῦτοι
674 2179 843 2244 ὄντες.
873 2181 1127 2251 Ἀμωμοι
1148 2179 1203 2233 δὲ
1235 2177 1467 2250 ἐσόμεθα
1492 2176 1876 2248 καθαιρόμενοι
1909 2176 2003 2229 καὶ

421 2269 530 2321 ἀπὸ
566 2268 826 2342 μεγίστης
856 2271 1148 2342 ἁμαρτίας.
1186 2270 1295 2324 Καὶ
1327 2269 1420 2323 τοῦ
1471 2270 1567 2340 μὲν
1622 2267 1787 2338 μηδὲν
1843 2266 2006 2335 ἁγνὸν

423 2362 831 2433 προφερομένου
866 2363 930 2415 ὲκ
975 2361 1067 2416 τοῦ
1106 2362 1238 2417 ίδίου
1274 2360 1542 2431 στόματος
1571 2358 1637 2412 τὰ
1669 2359 1824 2427 λόγια
1857 2357 2004 2410 ἔσον-

423 2469 510 2505 ται
543 2453 622 2514 είς
654 2450 918 2516 εὐδοκίαν,
943 2452 1037 2506 ἆτε
1063 2453 1372 2520 ἀνοίγοντος
1402 2450 1463 2502 τὸ
1485 2448 1658 2519 στόμα
1690 2447 1836 2518 μόνῳ
1859 2448 2005 2518 λόγῳ

424 2542 558 2596 Θεοῦ
585 2561 598 2574 ο
625 2541 719 2596 τοῦ
761 2544 817 2597 δὲ
839 2543 1082 2596 τοιούτου
1109 2546 1142 2614 ή
1188 2542 1386 2614 μελέτη
1409 2542 1511 2611 τῆς
1541 2539 1765 2611 καρδίας
1792 2538 1880 2592 διὰ
1905 2539 2007 2608 τὴν

427 2635 732 2706 παρρησίαν
758 2635 984 2691 ἐνώπιόν
1017 2637 1133 2688 ἐστι
1155 2635 1248 2688 τοῦ
1281 2633 1436 2697 Θεοῦ,
1469 2633 1530 2686 οὑ
1557 2632 1686 2686 ποτὲ
1713 2631 1832 2702 μὲν,
1878 2629 2009 2683 ποτε⁹

427 2727 484 2780 δὲ
509 2725 592 2790 οὒ,
623 2727 758 2780 ἀλλά
778 2725 864 2779 διὰ
886 2726 1105 2789 παντός.
1133 2725 1357 2788 Οὐδενὸς
1380 2725 1437 2780 δὲ
1462 2724 1700 2788 ἀνιέντος
1723 2723 1819 2795 τὴν
1849 2723 2006 2793 μελέ-

427 2837 526 2888 την
545 2819 645 2889 τῆς
678 2819 868 2873 ἑαυτοῦ
897 2813 1140 2891 καρδίείς,
1182 2818 1274 2872 καὶ
1299 2817 1387 2870 διὰ
1428 2816 1586 2869 τοῦτο
1642 2815 2005 2886 μολυνομένου

426 2908 792 2981 διαλογισμοῖς
823 2911 1098 2980 πονηροῖς,
1149 2907 1370 2960 δύναται
1413 2906 1612 2976 μελέτη
1637 2907 1734 2976 τῆς
1781 2900 2006 2976 καρδίας

429 2999 564 3056 εἶναι
592 3003 680 3057 διὰ
713 3003 911 3065 παντὸς
946 3000 1176 3056 ἐνώπιον
1199 2999 1292 3053 τοῦ
1319 2997 1474 3052 Θεοῦ.

1003 3308 1297 3364 ΨΑΛΜΟΣ
1322 3307 1420 3362 ΙΘ’.

515 3407 874 3461 Ἐποκούσαι
933 3416 1050 3457 σου
1093 3402 1308 3470 Κύριος
1359 3401 1428 3453 ἐν
1482 3399 1672 3468 ἡμέρᾳ
1726 3401 2008 3469 θλίψεως,

433 3499 844 3570 ὑπερασπίσαι
873 3509 988 3549 σου
1015 3493 1080 3547 τὸ
1112 3494 1296 3562 ὄνομα
1323 3490 1428 3546 τοῦ
1454 3491 1602 3546 Θεοῦ
1639 3491 1843 3547 Ἰακώϐ
1859 3509 1872 3524 ⁸
1919 3494 2014 3558 ἑξ-

433 3591 787 3647 αποστείλαι
819 3603 917 3642 σοι
941 3586 1233 3653 ,ϐοήθειαν
1262 3583 1332 3649 ἐξ
1357 3584 1550 3653 ἁγίου,
1610 3583 1708 3637 καὶ
1741 3583 1810 3636 ἐκ
1861 3583 2016 3637 Σιὼν

432 3682 808 3739 ἀντιλάϐοιτό
861 3693 998 3744 σου,
1051 3696 1106 3734 κ.
1162 3695 1213 3730 τ.
1270 3677 1316 3730 ὲ.
1374 3676 1434 3728 '0
1489 3677 1546 3730 ὲν
1575 3678 1733 3746 στενῇ
1770 3673 1882 3746 (25)
1922 3677 2017 3730 καὶ

435 3773 766 3846 τεθλιμμένη
795 3770 1075 3840 τυγχάνων
1108 3767 1233 3838 ὁδῷ,
1261 3765 1544 3839 ὲπαγούσῃ
1578 3767 1673 3820 ἐπὶ
1713 3765 1813 3837 τὴν
1846 3765 2014 3838 ζωὴν,

436 3869 652 3930 πάντως
696 3865 730 3936 ἢ
789 3866 847 3917 ὲν
903 3862 1068 3915 παντὶ
1109 3859 1370 3923 θλίϐεται,
1423 3859 1517 3912 καὶ
1568 3859 1626 3912 ὲν
1671 3857 1855 3928 ἡμέρᾳ
1901 3858 2017 3910 ἐστὶ

437 3959 667 4028 θλίψεως
687 3973 702 3987 ο
737 3955 818 4009 διὸ
849 3953 1106 4024 τυγχάνει
1138 3951 1237 4022 τῆς
1282 3951 1339 4002 ὲν
1364 3949 1442 4020 τῷ
1479 3948 1842 4002 ὲπακούεσθαι
1869 3947 2017 4002 εὐλο-

435 4047 583 4116 γίας,
612 4041 680 4118 ἧς
723 4041 1084 4113 ἀποτυγχάνει
1117 4042 1146 4094 6
1197 4042 1254 4093 ὲν
1283 4037 1514 4108 πλατείᾳ
1541 4036 1637 4092 ὢν.
1690 4035 1782 4089 Διὸ
1818 4036 2016 4109 μᾶλλον

437 4142 494 4194 ὲν
519 4139 704 4211 ἡμέρα
724 4135 954 4206 θλίψεως
978 4130 1119 4190 εἶναι
1145 4133 1459 4202 θελήσωμεν
1478 4146 1492 4160 ο
1519 4129 1882 4200 ὑπερασπίσει
1910 4129 2016 4201 γὰρ

438 4234 595 4306 ἡμῶν
619 4232 680 4284 τὸ
716 4231 885 4301 ὄνομα
904 4226 998 4281 τοῦ
1032 4225 1168 4281 Θεοῦ
1212 4223 1426 4286 Ἰακὼϐ,
1454 4221 1502 4276 εί
1527 4221 1877 4292 ἐνδυσάμενοι
1920 4219 2018 4292 τὴν

442 4324 741 4382 πανοπλίαν
786 4321 950 4376 αὑτοῦ
1003 4319 1265 4389 σταίημεν
1300 4316 1435 4386 πρὸς
1464 4315 1564 4378 τὰς
1617 4313 1894 4384 μεθοδείας
1923 4310 2017 4365 τοῦ

439 4418 706 4473 διαϐόλου.
765 4411 1067 4484 Εὑχὼμεθα
1103 4406 1196 4463 οὖν
1227 4407 1445 4470 πάντως
1474 4407 1529 4458 ὲν
1557 4404 1742 4476 ἡμέρᾳ
1765 4403 2017 4473 θλίψεως,

443 4513 529 4564 ἵνα
555 4505 1003 4576 ὲπακουσθῶμεν,
1046 4500 1342 4571 ἀγγελικῆς
1378 4501 1413 4571 ἦ
1444 4517 1589 4563 τινος
1633 4498 1888 4570 τοιαύτης
1932 4497 2020 4564 ἐξ·

441 4597 911 4671 αποστελλομένης
934 4598 1065 4669 ἡμῖν
1097 4595 1195 4666 τῆς
1249 4591 1522 4664 βοηθείας,
1573 4592 1608 4663 ἦ
1651 4590 1901 4663 βοηθείας
1924 4588 2018 4644 τοῦ

442 4692 700 4767 Χριστοῦ.

520 4786 629 4840 Τοῦ
666 4782 871 4838 αὐτοῦ.
931 4780 990 4834 Ὀ
1023 4779 1122 4850 τὴν
1157 4776 1346 4848 στενὴν
1377 4775 1490 4847 (24)
1516 4775 1611 4829 καὶ
1655 4773 2019 4845 τεθλιμμένην

443 4876 641 4931 ὁδεύων
664 4875 780 4929 ὁδὸν
813 4873 899 4926 ἀεί
922 4873 1068 4924 ἐστιν
1101 4871 1159 4924 ὲν
1185 4869 1414 4939 θλίψεσι,
1444 4868 1540 4921 καὶ
1591 4866 1879 4937 εὐχόμενος
1911 4867 2022 4918 εἰσ-

445 4969 700 5024 ακούεται
718 4983 733 4997 ·
787 4967 815 5018 6
871 4964 1130 5017 πλατεῖαν
1162 4961 1284 5016 οὗτε
1311 4959 1570 5023 θλίϐεται,
1592 4957 1716 5012 οὕτε
1740 4956 2016 5011 ἀκούεται.

449 5059 746 5132 Εὐχὼμεθα
777 5053 869 5112 οὖν
905 5057 963 5109 ὲν
1003 5055 1266 5126 θλίψεσιν,
1303 5053 1389 5106 ἵνα
1413 5047 1880 5120 είσακουσώμεθα.
1911 5048 2023 5100 Καὶ

458 5153 704 5219 Ἐζεκίας
731 5150 840 5222 γὰρ
867 5149 965 5221 τὴν
992 5147 1278 5218 ἐπιστολὴν
1310 5143 1491 5198 λαϐὼν
1520 5139 1884 5213 Σεναχηρεὶμ,
1929 5139 2025 5193 καὶ

447 5244 506 5296 ὲν
556 5241 632 5312 τῷ
681 5241 795 5311 ναῷ
843 5239 1049 5309 ταύτην
1096 5236 1172 5308 τῷ
1217 5235 1336 5307 Θεῷ
1389 5233 1717 5298 ἐπιδεικνὺς,
1765 5231 1859 5286 τοῦ
1892 5229 2024 5286 λαοῦ

447 5333 589 5404 ὑπὲρ
615 5331 780 5385 αὐτοῦ
813 5329 1106 5403 εὐχομένου
1140 5326 1491 5397 εἰσηκούσθη.

519 5423 826 5493 Μνησθείη
872 5422 1076 5491 πάσης
1102 5420 1318 5488 θυσίας
1349 5435 1486 5485 σου,
1539 5418 1637 5472 καὶ
1673 5414 1739 5469 τὸ
1772 5413 2024 5471 ὁλοκαύ-

525 5621 635 5692 (20)
674 5619 903 5692 Ἀγνεία
951 5619 1145 5687 ἐστίν,
1196 5627 1306 5673 etc.
1356 5612 1581 5670 Schedae
1616 5608 1847 5678 Grabii,
1898 5607 2034 5664 Bar-

763 5765 794 5817 ὁ
819 5761 1065 5828 δοῦλος»
1090 5768 1197 5816 ρίου
1221 5755 1539 5825 Cordcrius’
1572 5751 1784 5810 senum
1816 5747 2028 5817 Gram,

2035 3315 2081 3376 C

2103 1991 2310 2046 culatus
2336 2006 2444 2056 ero,
2485 1999 2594 2043 etc.
2635 1985 2692 2041 Si
2725 1984 2883 2040 alieni
2925 1999 3029 2037 non
3076 1981 3274 2036 fuerint
3307 1979 3461 2035 nobis
3505 1976 3680 2032 domi-

2106 2084 2238 2146 nati,
2271 2091 2396 2136 tunc
2427 2078 2754 2134 immaculali
2798 2076 3022 2138 erimus,
3055 2087 3179 2128 cum
3229 2071 3378 2139 prius
3415 2065 3550 2121 tales
3577 2079 3681 2119 non

2106 2189 2369 2231 essemus.
2420 2169 2756 2227 lmmaculati
2795 2178 2976 2222 autem
3033 2165 3238 2220 erimus
3278 2170 3335 2216 et
3376 2176 3405 2214 a
3451 2158 3687 2212 maximo

2107 2275 2332 2337 peccato
2384 2264 2606 2333 expiati.
2644 2263 2816 2330 Atque
2867 2257 2984 2328 ejus
3031 2255 3247 2327 quidem
3292 2252 3381 2322 qui
3420 2247 3552 2304 nihil
3585 2249 3685 2304 nisi

2108 2367 2315 2414 castum
2341 2373 2407 2412 cx
2429 2370 2527 2411 ore
2560 2369 2660 2410 suo
2685 2351 2914 2422 profert,
2941 2346 3151 2417 eloquia
3180 2352 3339 2400 erunt
3363 2353 3420 2396 ut
3452 2339 3688 2408 compla-

2108 2459 2281 2511 ceant,
2312 2449 2511 2519 quippe
2533 2445 2624 2516 qui
2658 2459 2762 2499 non
2792 2441 2999 2513 aperiat
3021 2455 3083 2495 os
3111 2437 3214 2493 nisi
3239 2435 3340 2492 soli
3369 2433 3532 2490 verbo
3572 2432 3689 2487 Dei.

2107 2538 2280 2608 llujus
2312 2547 2490 2592 autem
2525 2535 2803 2592 meditatio
2834 2532 3019 2588 cordis
3058 2530 3110 2585 in
3146 2534 3437 2596 conspectu
3476 2522 3571 2578 Dei
3610 2536 3694 2578 est

2111 2646 2347 2700 semper.
2373 2628 2582 2683 Nullius
2617 2636 2798 2682 autem
2837 2625 2926 2694 qui
2975 2620 3245 2677 remiserit
3283 2615 3690 2672 meditationem

2113 2721 2296 2777 cordis
2325 2719 2408 2774 sui
2443 2727 2501 2773 et
2531 2726 2816 2788 propterea
2847 2712 3116 2786 perversis
3159 2707 3574 2778 cogitationibus
3607 2705 3688 2759 in-

2114 2814 2369 2882 quinatus
2398 2810 2584 2875 fuerit,
2619 2818 2799 2879 potest
2835 2806 3116 2863 meditatio
3151 2803 3332 2859 cordis
3377 2801 3430 2856 in
3463 2812 3686 2867 conspe-

2115 2916 2202 2960 ctu
2234 2904 2326 2959 Dei
2355 2917 2475 2960 esse
2503 2915 2738 2971 semper.

2644 3293 2965 3354 PSALMUS
3019 3292 3160 3348 XIX.

2191 3395 2359 3467 616
2384 3393 2551 3451 Vens.
2573 3393 2648 3448 25
2697 3388 2970 3443 Exnudiut
3009 3397 3056 3440 te
3090 3383 3348 3440 Dominus
3383 3381 3437 3436 in
3478 3381 3562 3435 die
3594 3381 3692 3433 tri-

2117 3494 2400 3549 bulationis
2423 3530 2438 3554 ,
2470 3494 2704 3556 protegat
2733 3493 2780 3536 te
2810 3497 2994 3534 nomen
3025 3479 3121 3534 Dei
3145 3477 3310 3532 Iacob
3342 3493 3361 3541 ;
3401 3477 3571 3529 mittat
3601 3475 3694 3527 tibi

2117 3586 2373 3641 auxilium
2415 3582 2477 3634 de
2513 3585 2717 3638 sancto,
2752 3585 2798 3628 et
2834 3575 2898 3628 de
2940 3572 3075 3628 Sion
3117 3578 3325 3624 tueatur
3355 3577 3423 3636 te,
3452 3577 3559 3622 etc.
3594 3566 3694 3636 Qui

2119 3680 2171 3735 in
2204 3684 2432 3749 angusta
2465 3682 2520 3728 et
2568 3679 2720 3726 arcta
2755 3669 2839 3722 via
2888 3675 2995 3732 est,
3035 3679 3154 3734 quae
3198 3661 3344 3719 ducit
3387 3661 3454 3715 ad
3511 3660 3696 3724 vitam,

2118 3771 2340 3826 omnino
2371 3776 2464 3822 aut
2490 3766 2542 3820 in
2573 3762 2829 3818 omnibus
2863 3757 3172 3822 tribulatur,
3203 3764 3257 3810 et
3290 3765 3372 3810 est
3399 3754 3449 3808 in
3481 3752 3568 3807 die
3598 3751 3698 3806 tri-

2120 3861 2448 3920 bulationis:
2481 3865 2812 3928 quapropter
2852 3852 3062 3907 obtinet
3081 3847 3442 3903 exauditionis
3476 3845 3699 3900 benedi»

2121 3957 2352 4011 ctionem
2379 3966 2481 4022 qua
2512 3950 2806 4004 frustratur
2834 3945 2881 3999 is
2909 3943 2999 4012 qui
3031 3942 3083 3994 in
3115 3941 3223 3994 lata
3258 3939 3342 3993 via
3373 3947 3474 3993 est.
3505 3937 3702 4004 Quaru-

2118 4048 2304 4104 obrem
2335 4044 2512 4115 potius
2538 4039 2762 4095 velimus
2789 4049 2910 4090 esse
2941 4033 2993 4087 in
3021 4031 3106 4086 die
3134 4029 3499 4085 tribulationis
3525 4045 3542 4084 :
3571 4043 3700 4098 pro-

2121 4145 2265 4206 teget
2301 4136 2444 4190 enim
2480 4147 2577 4188 nos
2625 4142 2818 4186 nomen
2866 4124 2957 4178 Dei
3003 4121 3191 4188 Jacob,
3231 4121 3275 4176 si
3314 4120 3485 4176 induti
3523 4135 3701 4173 arma-

2123 4236 2296 4282 turam
2341 4223 2478 4294 ejus,
2511 4220 2719 4275 artihus
2753 4214 2950 4270 diaboli
3002 4213 3336 4268 resistamus.
3380 4210 3702 4267 Omnimodo

2121 4319 2284 4391 igitur
2331 4317 2382 4371 in
2429 4314 2516 4369 die
2565 4310 2928 4366 tribulationis
2959 4319 3195 4370 oremus,
3230 4313 3288 4358 ut
3327 4303 3697 4369 exaudiamur,

2122 4421 2176 4468 et
2225 4409 2526 4481 angelicum
2577 4405 2659 4461 vel
2717 4405 2861 4460 aliud
2916 4402 3180 4471 eiusmodi
3229 4400 3488 4456 auxilium
3545 4397 3702 4457 nobis

2124 4506 2398 4569 mittatur,
2424 4501 2510 4557 vel
2536 4497 2792 4554 auxilium
2822 4495 3048 4552 Christi.

2205 4769 2474 4840 Ejusdem.
2512 4765 2614 4833 Qui
2652 4778 2750 4834 per
2795 4767 3081 4831 angustam
3129 4765 3181 4812 et
3225 4765 3431 4810 arctam
3467 4755 3706 4812 ambulat

2127 4877 2295 4928 vram,
2319 4874 2530 4930 semper
2555 4865 2639 4914 est
2693 4856 2746 4910 in
2791 4850 3245 4915 tribulationibus,
3276 4859 3331 4903 et
3361 4862 3482 4902 cum
3514 4862 3707 4916 preca-

2130 4963 2238 5019 tur,
2270 4953 2594 5015 exauditur;
2629 4947 2720 5017 qui
2749 4957 2929 5000 autem
2959 4944 3122 4997 latam
3155 4948 3304 4995 tenet
3336 4939 3498 5005 viam,
3533 4953 3708 5006 neque

2133 5045 2442 5108 tribulatur,
2474 5056 2649 5112 neque
2680 5036 2986 5094 exauditur.
3019 5035 3248 5092 Oremus
3282 5047 3410 5104 ergo
3447 5031 3500 5084 in
3533 5032 3705 5085 tribu-

2131 5135 2418 5192 lationibus
2451 5143 2510 5190 ut
2541 5131 2916 5189 exaudiamur.
2963 5127 3223 5183 Ezechias
3254 5139 3374 5180 cum
3420 5122 3705 5192 epistolam

2131 5242 2161 5281 a
2208 5226 2579 5282 Sennacherib
2628 5225 2946 5295 accepisset,
2983 5227 3038 5276 et
3081 5234 3200 5274 eam
3259 5216 3367 5270 Deo
3405 5215 3456 5268 in
3504 5219 3712 5283 templo

2131 5320 2480 5385 ostendisset,
2509 5317 2707 5389 popqu
2741 5333 2838 5386 pro
2868 5329 2933 5370 eo
2969 5320 3160 5368 erante
3186 5309 3469 5365 examlilns
3494 5313 3597 5362 est.

2205 5410 2365 5466 Vens.
2398 5408 2452 5464 4.
2482 5407 2684 5463 Memor
2723 5407 2789 5461 sit
2830 5402 2998 5458 omnis
3046 5396 3292 5460 sacriﬁcii
3334 5394 3435 5462 tui,
3469 5404 3516 5449 et
3556 5389 3707 5444 huic.

2208 5606 2319 5680 (22)
2345 5607 2488 5680 Ἐὰν
2515 5608 2569 5661 οἱ
2595 5604 3056 5680 ἀφλνιρηοιοι,Λοιιῖἶ
3080 5595 3390 5679 Gorderius.

2205 5667 2322 5750 (25)
2361 5679 2414 5731 Ὀ
2446 5677 2516 5750 ἐν
2546 5673 2758 5750 στενῇ,
2781 5667 2886 5726 etc.
2915 5667 3230 5750 Conrd_eri_us.

2203 5735 2317 5821 (24)
2353 5751 2408 5804 '0
2439 5747 2553 5817 τὴν
2577 5735 2822 5810 στεώλήν,
2848 5751 2952 5800 ctc.
2979 5738 3204 5795 Schodac
3228 5735 3437 5792 Grabii.
