4100 6402
388 380 525 437 1247

1766 380 1859 436 EX
1897 380 2197 438 ORIGENE
2268 376 2275 381 ’

3520 392 3658 484 ιειε

382 508 622 552 caustum
659 506 805 550 tuum
831 496 1023 567 pingue
1055 497 1171 563 ﬁat,
1202 504 1307 552 ete.
1358 497 1625 554 Animalia
1652 486 1866 570 quidem
1898 503 1956 557 ir‘

2074 502 2235 571 τωμὰ
2266 516 2382 557 σου
2407 505 2691 573 πιανάτω,
2721 524 2772 561 κ.
2810 525 2859 561 τ.
2893 508 2940 561 ὲ.
2972 508 3052 563 Τὰ
3084 509 3180 579 μὲν
3201 509 3375 578 ἄλογα
3406 504 3659 582 (ἳ5)’ζῶα

383 591 725 647 rationabilia
780 592 943 647 obesa
991 592 1387 661 sacriﬁcantur,
1425 604 1480 649 et
1522 595 1730 668 integra
1782 599 1968 653 incen-

381 686 616 750 duntur;
666 684 1003 739 rationabilia
1052 700 1181 739 vero
1234 696 1356 755 post
1407 687 1720 743 holocausta
1751 691 1966 761 pinguia

382 778 537 839 tlnnt,
580 775 845 845 siquidem
897 784 1021 844 post
1081 777 1222 846 ignis
1284 780 1458 832 sancti
1517 780 1965 851 expurgationem

380 866 689 936 cognitione
728 866 950 935 dignum
1003 868 1063 921 ﬁt
1108 869 1251 937 quod
1290 876 1459 922 totum
1498 868 1617 940 igne
1662 872 1968 927 sanctiﬁca-

380 967 493 1009 tunt
525 965 629 1010 est.
664 955 892 1025 Pinguia
928 957 1068 1012 Deus
1112 956 1341 1025 alicujus
1386 957 1700 1014 holocausta
1729 960 1876 1027 iacit,
1910 974 1968 1016 ut

381 1049 654 1119 pinguedo
689 1050 895 1103 nutriat
930 1050 1107 1119 ignem
1141 1051 1193 1103 in
1228 1050 1405 1104 altari.
1444 1050 1614 1105 Porro
1642 1052 1967 1107 inanimato-

381 1157 500 1194 rum
549 1156 823 1209 nunquam
870 1150 955 1196 est
1000 1140 1353 1208 sacriﬁcium,
1389 1142 1752 1197 animatorum
1783 1152 1966 1200 autem

378 1237 505 1283 sunt
536 1230 1017 1285 holocaustomata.

453 1318 727 1389 Ejusdem.
781 1319 952 1383 Istud,
994 1340 1012 1372 ι
1049 1323 1245 1386 omnis,
1289 1342 1308 1375 ι
1343 1324 1615 1395 signiﬁcat
1668 1325 1965 1382 multitudi-

382 1427 531 1477 nem,
564 1428 628 1467 ac
658 1414 703 1467 si
730 1414 1021 1482 paucitatis
1052 1432 1155 1469 non
1189 1417 1516 1471 meminerit.

454 1505 617 1563 Vsus.
679 1506 732 1560 5.
797 1506 1015 1561 Tribuat
1076 1509 1170 1561 tibi
1231 1509 1485 1564 Dominus
1536 1513 1823 1566 secundum
1875 1530 1966 1567 car

377 1607 548 1664 tuum,
581 1608 687 1653 etc.
725 1599 853 1665 Qua:
893 1599 1061 1655 Deum
1103 1601 1259 1656 decet
1302 1602 1450 1667 dare,
1484 1612 1539 1658 et
1570 1613 1841 1672 petentem
1874 1622 1964 1661 ac-

378 1691 785 1761 cipere,ntpote
813 1691 1075 1747 scientem
1106 1694 1234 1763 quid
1262 1710 1422 1751 orare
1453 1706 1721 1765 oporteat,
1750 1707 1803 1753 et
1829 1713 1965 1768 quo-

2071 594 2397 665 πιαινόμενα
2431 594 2615 650 θύεται
2674 598 2769 652 καὶ
2820 599 3337 665 ὁλοκαυτοῦται,ητὰ
3382 603 3655 672 δὲλογικὰ

2073 687 2214 757 μετὰ
2258 688 2318 740 τὸ
2361 689 2799 760 ὀλοκαυτωθῆναι
2834 691 3129 757 πιαίνεται,
3180 693 3235 746 εἰ
3261 712 3325 763 γε
3381 694 3529 765 μετὰ
3554 695 3654 766 τὴν

2068 776 2223 845 ἁγίου
2256 780 2426 850 πυρὸς
2465 779 2731 851 κάθαρσιν
2764 780 3116 848 καταξιοῦται
3140 781 3395 851 γνώσεως
3424 782 3648 853 ὁλόκληε

2070 884 2163 938 ρον
2190 868 2655 940 καθαγιαζόμενον
2688 872 2839 943 πυρί.
2894 872 3104 926 Πιαίνει
3127 874 3155 925 ὁ
3183 872 3316 935 Θεὸς
3348 871 3656 928 ὁλοκαυτώ-

2070 961 2217 1030 ματα
2249 979 2409 1025 τινος,
2460 964 2545 1016 ἴνα
2597 965 2629 1034 ή
2686 964 2879 1034 πιότης
2912 965 3089 1038 τρέφῃ
3115 966 3176 1019 τὸ
3216 966 3310 1019 ἐπὶ
3336 964 3439 1019 τοῦ.
3466 964 3654 1019 θυσια-

2070 1053 2290 1122 στηρίου
2325 1053 2459 1125 πῦρ.
2488 1054 2773 1125 Μηδέποτε
2802 1055 3024 1127 ἀψύχων
3050 1058 3149 1129 μὲν
3184 1059 3227 1129 ἡ
3253 1057 3435 1123 θυσία,
3472 1056 3651 1127 ἐμψύ-

2065 1161 2176 1215 χων
2202 1144 2261 1198 δὲ
2287 1144 2355 1199 τὰ
2378 1145 2829 1216 ὁλοκαυτώματα.

2138 1327 2250 1381 Τοῦ
2272 1326 2483 1382 αὐτοῦ.
2508 1326 2601 1391 Τὸ,
2644 1342 2663 1377 ι
2706 1325 2886 1398 πάσης
2912 1325 3045 1397 (26),
3081 1344 3099 1378 ι
3133 1324 3386 1396 ἐμφαίνει
3416 1323 3641 1395 πλῆθος,

2060 1418 2136 1483 ὡς
2166 1420 2225 1472 οὐ
2258 1411 2607 1491 μεμντῇμένου
2633 1418 2839 1489 ὀλίγης.

2131 1509 2255 1577 Δῴη
2290 1525 2388 1563 σοι
2414 1510 2627 1578 Κύριος
2657 1509 2808 1562 κατὰ
2836 1507 2951 1577 τὴν
2976 1508 3227 1577 καρδίαν
3255 1521 3392 1573 σου,
3425 1524 3478 1559 κ.
3512 1524 3560 1559 τ.
3590 1506 3639 1561 ἑ.

2066 1604 2134 1655 Ἀ
2167 1601 2366 1673 πρέπει
2394 1601 2513 1672 Θεῷ
2541 1600 2721 1655 δοῦναι
2748 1600 2883 1670 (27),
2911 1592 3004 1654 καὶ
3038 1600 3281 1653 αἰτοῦντι
3312 1598 3516 1662 λαϐεῖν,
3567 1597 3645 1661 ὡς

2060 1693 2220 1746 εἰδότι
2252 1692 2303 1745 τί
2333 1692 2733 1764 προσεύξασθαι
2762 1692 2862 1755 δεῖ,
2920 1692 3014 1745 καὶ
3047 1691 3167 1745 καθ’
3215 1692 3244 1743 ὃ
3299 1691 3396 1745 δεῖ.
3432 1691 3501 1742 Ἦ
3530 1688 3645 1760 δῴη

378 1781 540 1835 modo
570 1790 836 1850 oporteat.
866 1782 963 1837 Vel
991 1784 1193 1839 tribuat
1220 1785 1310 1840 tibi
1344 1786 1604 1842 Dominus
1635 1788 1687 1843 id
1715 1792 1781 1844 ad
1813 1790 1956 1860 quod

2062 1804 2144 1839 σοι
2182 1785 2387 1857 Κύριος
2411 1786 2489 1849 εἱς
2515 1784 2543 1838 ὃ
2577 1788 2744 1856 χωρεί
2770 1787 2803 1857 ἡ
2837 1783 3036 1856 καρδία
3053 1823 3068 1849 ,
3094 1784 3193 1854 τὴν
3220 1783 3413 1854 βουλήν
3448 1799 3541 1834 σου
3567 1779 3645 1844 ὡς

377 1873 550 1927 tendit
576 1889 691 1941 cor,
725 1875 1011 1930 consilium
1042 1886 1190 1931 tuum
1222 1887 1475 1949 tanquam
1502 1880 1722 1937 bonum.

449 1964 613 2019 Vnus.
642 1965 694 2019 6.
728 1964 1051 2022 Laztnbimur
1077 1970 1130 2024 in
1157 1970 1384 2025 salutari
1414 1982 1525 2038 tuo,
1555 1982 1661 2028 etc.
1704 1973 1959 2030 Homines

374 2066 466 2110 aut
493 2057 545 2111 iu
577 2057 804 2125 divitiis,
837 2068 931 2113 aut
975 2060 1027 2114 in
1073 2061 1268 2130 gloria,
1302 2072 1396 2118 aut
1434 2063 1486 2117 in
1513 2066 1728 2134 generis
1766 2067 1959 2123 nobili-

306 2168 312 2172 ·
373 2156 487 2202 tate
522 2148 797 2215 laetantur,
828 2161 1047 2215 sanctus
1084 2167 1212 2207 vero
1253 2154 1304 2207 in
1351 2155 1445 2210 Dei
1497 2155 1748 2214 salutari.
1778 2157 1957 2213 Patris

372 2248 552 2293 autem
587 2240 824 2297 salutare
856 2242 909 2296 in
948 2245 1150 2299 mundo
1180 2244 1395 2314 Filius;
1442 2247 1681 2305 salutare
1725 2248 1849 2305 Filii
1901 2250 1954 2305 in

1988 1855 2032 1911 Β
2061 1855 2293 1949 ἀγαθήν).
2404 1896 2407 1899 ’

2140 1969 2653 2038 Ἀγαλλιασόμεθα
2693 1967 2763 2021 ἐν
2802 1966 2882 2033 τῷ
2932 1968 3204 2036 σωτηρίῳ
3235 1983 3373 2032 σου,
3420 1984 3473 2019 κ.
3508 1983 3557 2018 τ.
3593 1963 3641 2017 ὲ.

2057 2062 2121 2114 Οἱ
2150 2061 2247 2132 μὲν
2275 2059 2549 2134 ἄνθρωποι
2575 2060 2687 2132 (28)
2713 2062 2771 2114 ὲν
2797 2058 3010 2129 πλούτῳ
3043 2059 3371 2127 ἀγαλλιῶσιν
3403 2059 3436 2128 ἦ
3471 2060 3527 2110 ὲν
3553 2055 3642 2109 δό-

2058 2154 2124 2226 ξῃ
2156 2154 2189 2224 ἢ
2222 2154 2280 2206 ὲν
2308 2153 2576 2225 εὐγενείᾳ,
2639 2153 2668 2205 ὁ
2708 2151 2765 2205 δὲ
2820 2152 2974 2220 ἆγιος
3006 2153 3064 2204 ἐν
3117 2150 3195 2222 τῷ
3247 2149 3501 2221 σωτηρίῳ
3549 2146 3646 2202 τοῦ

2054 2246 2214 2299 Θεοῦ.
2250 2246 2527 2317 Σωτήρων
2580 2240 2674 2297 τοῦ
2711 2243 2923 2316 Πατρὸς
2954 2244 3012 2296 ὲν
3060 2242 3139 2315 τῷ
3189 2242 3381 2312 κόσμῳ
3418 2244 3446 2294 ὁ
3478 2239 3638 2302 Υἱός*

370 2333 573 2387 mundo
598 2344 683 2388 est
728 2350 896 2401 crux;
930 2336 1169 2392 salutare
1200 2337 1267 2392 de
1297 2354 1404 2409 quo
1447 2341 1648 2395 dictum
1690 2352 1794 2411 est,
1829 2344 1954 2414 quia

2061 2341 2324 2412 σωτήριον
2347 2338 2441 2392 τοῦ
2467 2322 2595 2392 Υίοῦ
2621 2339 2677 2391 ἐν
2694 2336 2774 2409 τῷ
2790 2336 2979 2409 κόσμῳ
3032 2339 3059 2391 ὁ
3084 2336 3312 2407 σταυρὸς
3330 2350 3348 2367 ο
3376 2333 3645 2405 σωτήριον

374 2442 395 2475 ι
423 2435 580 2479 natus
604 2433 688 2479 est
718 2427 872 2482 nobis
900 2428 1060 2484 hodie
1092 2429 1340 2487 Salvator
1357 2432 1670 2503 Dominus},
1697 2453 1715 2486 ι
1751 2435 1819 2491 de
1847 2452 1955 2506 quo

2061 2432 2185 2503 napi.
2212 2424 2272 2484 οὗ
2302 2432 2535 2503 εἴρηται,
2568 2431 2651 2483 ὃτι
2694 2449 2712 2480 ι
2756 2428 2954 2499 ἐτέχθη
3014 2430 3145 2499 ἡμῖν
3180 2429 3419 2499 σήμερον
3453 2423 3644 2494 Σωτὴρ

368 2516 503 2570 dixit
542 2518 786 2585 Simeon,
826 2538 844 2571 ι
885 2519 1023 2587 Quia
1073 2522 1326 2578 viderunt
1370 2524 1512 2580 oculi
1563 2527 1667 2581 mei
1714 2526 1953 2583 salutare

2061 2523 2278 2595 Κύριος,
2315 2540 2335 2573 ι
2362 2522 2490 2592 περὶ
2512 2514 2573 2574 οὗ
2597 2516 2717 2573 εἶπε
2746 2520 2993 2591 Συμεὼν,
3026 2521 3181 2573 (Ὅτι
3211 2515 3348 2573 εἶδον
3371 2519 3419 2571 οἱ
3445 2512 3644 2585 mea».

370 2618 522 2663 tuum
548 2612 591 2667 ⁵.
630 2631 648 2663 ι

436 2699 602 2771 617
637 2701 910 2772 Ejusdem.
944 2704 1194 2761 Salutare
1219 2706 1311 2762 Dei
1346 2716 1451 2778 est,
1488 2709 1540 2763 in
1568 2710 1686 2779 ipso
1712 2710 1948 2765 salvari:

369 2792 423 2847 in
455 2794 579 2849 ﬁliis
629 2807 808 2852 autem
860 2799 1141 2855 hominum
1190 2804 1307 2857 haec
1338 2818 1444 2858 non
1502 2812 1586 2858 est
1634 2804 1802 2861 salus.
1838 2804 1948 2858 Im-

369 2883 589 2953 plentur
616 2902 743 2943 vero
772 2890 1063 2958 petitiones
1089 2892 1206 2964 ejus
1237 2894 1329 2964 qui
1360 2895 1494 2964 petit
1525 2910 1721 2967 magna
1752 2906 1805 2952 et
1836 2911 1947 2952 cur

366 2973 544 3034 lcstia.

444 3069 603 3126 Vsus.
635 3071 685 3127 7.
724 3071 948 3143 Impleat
986 3075 1240 3131 Dominus
1281 3094 1457 3133 omnes
1501 3079 1779 3149 petitiones
1802 3090 1945 3147 tuas,

2057 2616 2149 2686 μοί
2178 2632 2277 2685 μου
2300 2614 2362 2666 τὸ
2392 2611 2657 2682 σωτήριόν
2692 2628 2805 2664 σου.
2839 2631 2857 2662 ι

2126 2698 2237 2754 Τοῦ
2263 2698 2469 2751 αὐτοῦ.
2512 2696 2783 2767 Σωτήριόν
2833 2698 2949 2748 ἐστι
2983 2694 3118 2748 Θεοῦ
3155 2696 3269 2766 (29)
3306 2696 3367 2750 τὸ
3411 2697 3468 2750 ἐν
3495 2696 3644 2766 αὑτῷ

2054 2787 2354 2853 σώζεσθαι·
2405 2789 2463 2841 ὲν
2515 2788 2651 2850 υἱοῖς
2697 2785 2754 2839 δὲ
2785 2784 3087 2858 ἀνθρώπων
3118 2788 3217 2839 οὐκ
3257 2786 3404 2839 ἔστιν
3433 2785 3572 2857 αῦτη
3606 2786 3641 2856 ή

2053 2881 2315 2953 σωτηρία.
2372 2879 2679 2953 Πληροῦται
2723 2880 2781 2933 δὲ
2824 2879 2892 2933 τὰ
2927 2880 3205 2951 αἰτήματα
3228 2879 3325 2934 τοῦ.
3363 2878 3641 2944 αἰτοῦντος

2053 2976 2270 3047 μεγάλα
2301 2977 2396 3029 καὶ
2430 2974 2751 3046 ἐπουράνια.

2119 3065 2441 3137 Πληρώσαι
2490 3067 2705 3134 Κύριος
2775 3064 2973 3118 πάντα
3019 3063 3089 3117 τὰ
3148 3060 3443 3131 αἰτήματά
3498 3077 3640 3121 σου,

365 3171 475 3218 ctc.
513 3164 582 3217 At
613 3181 715 3220 non
751 3167 919 3222 malas
952 3170 1260 3237 petitiones.
1320 3171 1418 3226 Ctti
1479 3147 1750 3228 sacriﬁcia
1783 3174 1945 3227 obtu-

2061 3178 2104 3213 κ.
2139 3178 2189 3213 τ.
2226 3161 2273 3214 ὲ.
2327 3158 2465 3212 Ἀλλ’
2500 3159 2561 3211 οὐ
2612 3159 2681 3211 τὰ
2733 3155 2881 3212 κακὰ
2923 3154 3036 3225 (50)
3091 3156 3390 3224 αἰτήματα.
3444 3147 3514 3223 τῼ
3542 3151 3643 3216 τὰς

371 3252 502 3320 listi,
542 3254 585 3309 is
611 3254 837 3326 impleat
858 3271 1197 3330 qumcunque
1225 3272 1405 3316 mente
1428 3262 1654 3331 petiisti,
1683 3264 1946 3334 quoniam

365 3347 433 3403 ah
471 3348 588 3419 ipso
616 3350 851 3406 alienum
881 3369 987 3408 non
1020 3363 1102 3408 est
1130 3353 1415 3410 consilium
1454 3365 1628 3410 tuum.

445 3528 709 3586 Ea'audiet
738 3533 890 3586 illum
917 3532 980 3586 de
1009 3532 1135 3587 caelo
1186 3544 1372 3589 sancto
1402 3552 1521 3601 suo,
1576 3544 1683 3590 etc.
1715 3536 1951 3591 Exaudit

365 3625 511 3676 enim
556 3623 819 3679 Dominus
882 3637 1097 3677 omnem
1154 3636 1357 3694 regem,
1404 3626 1496 3695 qui
1535 3628 1726 3696 aRege
1761 3642 1948 3696 regum

368 3712 595 3781 regitur.

443 3885 606 3942 Vens.
640 3888 692 3943 9.
728 3887 842 3955 Ipsi
872 3888 1086 3957 obligati
1122 3899 1245 3942 sunt
1276 3896 1325 3944 et
1356 3890 1677 3959 ceciderunt,
1705 3900 1813 3946 etc.
1841 3891 1951 3945 Ad-

367 3980 598 4034 versarii
655 3981 874 4050 quidem
906 3994 1028 4035 cum
1063 3982 1269 4037 malitia
1322 3983 1374 4037 in
1435 4000 1534 4039 nos
1564 3986 1828 4054 impetum
1860 3982 1947 4038 fa-

367 4077 543 4134 Cllllll,
581 4085 679 4124 nos
714 4084 841 4125 vero
889 4087 1011 4126 cum
1064 4071 1267 4126 Christi
1305 4073 1498 4127 notitia
1546 4073 1657 4129 illis
1698 4074 1947 4128 occurri-

368 4175 489 4215 tnns
526 4176 540 4212 :
574 4161 769 4216 cadent
800 4161 944 4217 enim
975 4164 1300 4218 adversaria:
1324 4172 1620 4235 potestates
1657 4180 1778 4220 cum
1806 4182 1946 4237 prte-

369 4251 573 4308 dictutn
607 4254 846 4311 salutare
878 4255 1075 4311 mundo
1116 4256 1374 4313 illuserit.

1950 4381 2022 4397 —

922 4469 1243 4528 PSALMUS
1284 4471 1403 4527 XX.

444 4564 607 4620 Vens.
634 4565 689 4619 2.
722 4563 962 4627 Domine,
1015 4567 1069 4618 in
1101 4568 1289 4620 virtute
1316 4576 1406 4619 tua
1438 4566 1703 4621 (celabitur
1755 4584 1867 4634 rex,
1901 4578 1950 4621 et

366 4672 524 4724 super
577 4656 813 4708 salutare
840 4665 987 4707 tuum
1034 4654 1319 4709 exsultabit
1354 4656 1693 4721 vehementer,
1742 4669 1849 4713 etc.
1892 4658 1950 4713 Si

367 4748 619 4804 Christus
678 4748 769 4803 Dei
820 4748 991 4803 virtus
1039 4758 1144 4812 est,
1202 4750 1389 4819 utique
1421 4751 1472 4804 in
1537 4750 1624 4805 illa
1656 4751 1948 4808 hctabitur.

371 4838 529 4893 Sicut
566 4848 747 4893 autem
774 4840 949 4893 virtus
981 4848 1066 4895 est
1090 4851 1148 4896 et
1185 4841 1475 4911 sapientia,
1514 4844 1587 4896 ita
1617 4851 1671 4896 et
1707 4842 1878 4897 salus.

444 5019 607 5075 V'tsns.
645 5020 697 5076 5.
738 5020 1065 5075 Desiderium
1122 5022 1294 5075 cordis
1338 5022 1453 5091 ejus
1515 5020 1748 5074 tribuisti
1802 5020 1871 5083 ei,
1903 5031 1951 5073 et

366 5112 636 5167 voluntate
667 5114 929 5167 labiorum
958 5115 1071 5183 ejus
1109 5130 1213 5167 non
1245 5115 1513 5183 [ναυτίακὶ
1546 5130 1685 5175 eum,
1720 5122 1821 5168 ctc.
1850 5113 1953 5166 De-

366 5204 631 5260 sitterium
658 5205 841 5261 cordis
875 5205 927 5260 in
958 5206 1298 5276 spiritalibus
1354 5216 1457 5271 est,
1506 5214 1559 5261 et
1595 5204 1733 5261 visio
1764 5205 1955 5260 oculo-

479 5338 501 5369 δ
530 5338 660 5395 an.
695 5354 754 5403 ll,
783 5340 867 5395 11.
944 5341 965 5371 ⁵
1002 5340 1127 5395 ihid.
1154 5341 1241 5396 ⁸50.

441 5454 554 5525 (25)
593 5454 669 5526 Τὰ
712 5454 830 5525 μὲν
855 5455 1073 5526 ﬁdiora
1101 5496 1115 5521 ,
1170 5464 1278 5511 elc.
1316 5456 1495 5511 Codex
1548 5456 1952 5524 Coislinianus,

373 5527 586 5581 schedia
616 5525 830 5589 Grabii,
850 5525 1149 5581 Barbarus.

445 5595 556 5663 ('16)
599 5595 690 5659 Τὸ,
718 5595 943 5662 πάσης,
975 5606 1083 5652 etc.
1112 5596 1340 5653 Sclteda:
1369 5597 1579 5652 Grahii.

446 5663 556 5731 (Ἡ)
604 5667 661 5716 Ἂ
700 5666 911 5733 πρέπει
942 5666 1065 5732 Θεῷ
1092 5666 1322 5729 δοῦναι,
1355 5678 1462 5722 etc.
1493 5667 1719 5723 Schetlze
1741 5667 1948 5722 Crahii.

448 5733 560 5802 ('28)
606 5737 668 5804 0t
699 5735 816 5801 μὲν
838 5734 1160 5802 ἅνθρωποι.
1198 5742 1302 5795 τις.
1330 5737 1512 5796 Codex
1550 5739 1939 5804 Coislinianus,

379 5803 586 5860 schcdu:
618 5803 824 5871 (Stabit,
854 5805 1143 5861 Barbarus.

2057 3251 2246 3315 θυσίας
2280 3250 2679 3322 προσήνεγκας,
2736 3246 3021 3321 πληρώσαι
3069 3248 3169 3302 ὅσα
3224 3246 3365 3300 κατὰ
3408 3246 3643 3299 διάνοιαν

2058 3344 2287 3415 ᾔτησας,
2321 3344 2403 3397 ὅτι
2452 3341 2585 3414 μηδὲ
2629 3341 2885 3413 ἀλλότρια
2920 3338 3085 3393 αὐτοῦ
3130 3340 3200 3393 τὰ
3233 3339 3335 3409 τῆς
3380 3339 3481 3409 σῆς
3522 3336 3645 3408 βουο

2057 3436 2180 3499 λῆς.

2090 3454 2180 3507 ης-

2142 3526 2571 3579 Ἐπακούσεται
2602 3524 2789 3579 αὐτοῦ
2824 3524 2894 3589 ἐξ
2934 3524 3194 3593 οὐρανοῦ
3234 3524 3406 3591 ἁγίου
3431 3522 3641 3586 αὐτοῦ,

2059 3636 2113 3672 κ.
2154 3636 2203 3670 τ.
2246 3619 2293 3671 ἑ.
2352 3615 2642 3670 Ἐπακούει
2690 3615 2799 3687 γὰρ
2831 3616 2944 3687 (51)
2990 3615 3193 3687 Κύριος
3240 3615 3442 3677 παντὸς
3492 3614 3646 3684 βασι-

2056 3710 2211 3774 λέως,
2264 3709 2680 3781 βασιλευομένου
2732 3709 2839 3762 ὑπὸ
2878 3707 2970 3762 τοῦ
3012 3709 3288 3773 Βασιὶέως
3330 3707 3439 3763 τῶν
3492 3707 3646 3778 βασι-

2054 3802 2341 3856 λευὸντων.

2124 3893 2305 3949 Αὐτοὶ
2343 3893 2881 3961 συνεποδίσθησαν
2918 3893 3014 3947 καὶ
3039 3892 3290 3957 ἔπεσαν,
3320 3910 3375 3949 κ.
3403 3910 3451 3946 τ.
3491 3893 3536 3945 ἐ.
3579 3893 3643 3947 Oi

2055 3986 2156 4057 μὲν
2188 3984 2552 4057 ἀντικείμενοι
2590 3986 2702 4056 (52)
2736 3985 2874 4056 μετὰ
2923 3986 3022 4055 τῆς
3055 3984 3253 4048 κακίας
3298 3986 3431 4055 ἡμῖν
3482 3985 3643 4053 ἐφορ-

2055 4078 2229 4149 μῶσιν
2248 4094 2263 4107 ο
2314 4078 2474 4149 ἡμεῖς
2503 4078 2558 4130 δὲ
2608 4078 2745 4149 μετὰ
2774 4079 2873 4150 τῆς
2900 4075 3135 4150 Χριστοῦ
3179 4077 3431 4145 γνώσεως
3461 4077 3642 4141 αὐτοῖς

2052 4170 2411 4242 ἀπαντῶμεν·
2463 4169 2752 4223 πεσοῦνται
2799 4169 2907 4240 γὰρ
2956 4170 3012 4222 αἰ
3067 4169 3441 4239 ἀντικείμεναι
3483 4168 3645 4221 δυνά-

2056 4278 2202 4333 μεις,
2244 4261 2409 4335 ήνίκα
2442 4262 2501 4315 τὸ
2536 4261 2699 4334 ῥηθὲν
2736 4263 3078 4332 ὲπιφανεῖται
3110 4260 3393 4331 σωτήριον.

2638 4472 2932 4527 “mox
2965 4472 3049 4553 ις’.

2126 4566 2322 4634 Κύριε,
2346 4564 2415 4618 ἐν
2446 4562 2520 4633 τῇ
2541 4562 2789 4634 δυνάμει
2817 4578 2935 4617 σου
2959 4559 3440 4630 εὐφρανθήσεται
3473 4561 3505 4611 ό
3522 4558 3643 4622 ,ϐα-

2056 4655 2289 4722 σιλεὺς,
2333 4656 2432 4709 καὶ
2468 4654 2568 4708 ἐπὶ
2615 4654 2696 4719 τῷ
2736 4652 3007 4718 σωτηρίῳ
3050 4667 3166 4703 σου
3211 4646 3641 4717 ἀγαλλιάσεται

2055 4747 2312 4816 σφόδρα,
2344 4765 2399 4801 κ.
2434 4766 2483 4803 τ.
2513 4749 2558 4801 ἑ.
2600 4748 2663 4800 Εἰ
2686 4744 2919 4817 Χριστὸς
2946 4743 3057 4814 (55)
3086 4740 3219 4795 Θεοῦ
3245 4739 3495 4811 δύναμις,
3533 4742 3639 4811 μή·

2058 4857 2193 4893 ποτε
2228 4842 2314 4894 ἐπ’
2342 4839 2529 4913 ἐκείνῃ
2572 4838 3028 4910 εὐφρανθήσεται.
3082 4836 3169 4899 Ὠς
3204 4834 3260 4887 δὲ
3293 4834 3520 4903 δύναμις
3547 4832 3645 4887 καὶ

2061 4933 2242 5002 σοφία,
2273 4933 2417 4987 οὕτω
2442 4935 2535 4986 καὶ
2563 4930 2823 5003 σωτηρία.

2137 5026 2255 5095 Τὴν
2286 5027 2607 5096 ἐπιθυμίαν
2637 5024 2748 5093 τῆς
2781 5022 3027 5091 καρδίας
3058 5021 3244 5076 αὐτοῦ
3280 5020 3510 5087 ἔδωκας
3542 5022 3647 5075 αὐ-

2058 5118 2161 5184 τῷ,
2210 5119 2307 5171 καὶ
2362 5117 2476 5186 τὴν
2539 5118 2792 5185 θέλησιν
2837 5113 2957 5168 τῶν
3004 5112 3253 5183 χειλέων
3302 5111 3489 5166 αὐτοῦ
3534 5115 3649 5167 οὐκ

2057 5208 2393 5278 ἐστέρησας
2436 5206 2642 5272 αὑτὸν,
2668 5224 2721 5260 κ.
2748 5224 2799 5260 τ.
2824 5206 2870 5259 ὲ.
2924 5203 3111 5260 Ἐπιθυ
3120 5204 3218 5274 μία
3267 5203 3365 5273 μὲν
3414 5202 3648 5275 καρδίας

2127 5454 2241 5524 (‘29)
2275 5453 2575 5521 Σωτήριόν
2608 5452 2739 5506 ἐστι
2764 5450 2933 5524 Θεοῦ,
2969 5449 3421 5524 el_c.»Corde‘rius.

2276 5520 2536 5579 Ἀλλ’ίοὺ
2560 5525 2633 5576 τὰ
2662 5522 2839 5594 κακά,
2871 5535 2976 5594 εις.
3007 5520 3233 5594 Scheda;
3259 5521 3467 5594 Girabii.

2123 5591 2235 5663 (3|)
2278 5594 2594 5649 Ἐπακούει
2627 5592 2756 5662 γάρ,
2788 5602 2893 5645 etc.
2931 5592 3157 5663 Sclte_d:e
3185 5591 3392 5663 Cranii.

2123 5660 2234 5737 (δὲ)
2262 5664 2467 5737 Οίγμὲν
2482 5660 2902 5737 ᾀιῖικείμενοι,
2922 5676 3027 5716 etc.
3046 5660 3227 5718 Codex
3250 5660 3643 5729 Coisliniunus,

2051 5734 2268 5793 sclieda:
2307 5734 2519 5794 Crahii.
2552 5734 2839 5786 Barbarus.

2126 5808 2238 5873 (35)
2275 5807 2339 5859 Et
2368 5803 2641 5873 Χριστός,
2669 5809 2773 5858 etc.
2813 5801 3132 5858 Cordcrius.
