4100 6398
424 358 491 412 Η).
500 360 562 414 ίθ

1392 342 1701 401 SELECTA
1736 340 1804 396 1N
1844 336 2185 395 PSALMOS.
2218 338 2295 378 '—
2334 336 2529 396 PSAL.
2570 337 2688 394 XX.

3549 338 3687 393 ΕΞὶο

421 476 535 547 (34)
593 472 651 526 ὲν
680 470 912 542 νοητοῖς,
968 466 1063 521 καὶ
1110 464 1313 538 θεωρία
1348 460 1642 533 ὀφθαλμῶν
1690 460 1748 512 ἐν
1794 459 2011 530 ὁρατοῖς

2115 470 2234 510 rum
2271 455 2325 510 in
2351 455 2653 511 visibilibus
2686 460 2743 508 ct
2773 452 3122 523 spectaculis,
3170 452 3420 507 voluntas
3448 466 3576 507 vero
3605 457 3686 509 la-

419 565 527 618 καὶ
567 563 822 633 θεάμασι,
866 559 1091 627 θέλησις
1135 556 1191 609 δὲ
1218 554 1439 626 χειλέων
1468 556 1523 607 ἐν
1545 555 1610 625 τῇ
1637 550 1891 623 περὶτῶν
1922 567 2009 603 νε-

418 666 515 720 νοη
524 649 701 719 μένων
733 648 826 702 καὶ
854 645 1281 717 τεθεωρημένων
1309 643 1635 713 ἐπαγγελίᾳ.

499 744 763 809 Ἔθηκας
814 740 911 793 ἐπὶ
965 739 1080 807 τὴν
1132 737 1410 807 κεφαλὴν
1462 736 1650 791 αὑτοῦ
1698 734 2011 805 στέφανον

421 832 493 887 ἐκ
548 833 721 887 λίθου
768 832 984 900 τιμίου,
1033 848 1086 883 κ.
1126 849 1176 885 τ.
1215 832 1263 885 ὲ.
1326 830 1595 899 Στέφανος
1631 828 1730 899 μὲν
1771 827 2007 900 Χριστοῦ

425 924 537 997 (55)
584 926 612 976 ὀ
638 923 789 987 Θεὸς,
824 924 1055 994 Χριστὸς
1098 922 1159 975 δὲ
1188 923 1286 993 τῆς
1312 922 1535 993 λογικῆς
1581 921 1814 990 φύσεως.
1856 922 2007 975 Λίθοι

421 1016 593 1087 τίμιοι
642 1018 689 1069 οἱ
718 1019 1056 1088 μαργαρῖται
1085 1016 1257 1083 λόγοι,
1299 1016 1427 1087 περὶ
1465 1009 1539 1069 ὧν
1568 1015 1782 1087 εἴρηται
1802 1030 1817 1046 ⁸
1872 1035 1889 1067 ι
1916 1017 2007 1087 Μὴ

424 1101 620 1173 ῥίψητε
652 1104 775 1166 τοὺς
810 1104 1154 1175 μαργαρίτας
1209 1104 1363 1176 ὑμῶν
1418 1104 1724 1177 ἔμπροσθεν
1759 1105 1867 1159 τῶν
1893 1106 2007 1176 χοί-

425 1209 553 1265 ρων.
600 1212 618 1245 ι
646 1193 755 1247 Καὶ
792 1196 820 1247 ό
842 1194 1206 1267 πολυτίμητος
1242 1198 1585 1269 μαργαρίτης
1618 1197 1712 1251 τοῦ
1740 1198 2005 1269 ἐμπόρου,

423 1285 517 1338 καὶ
543 1287 588 1339 oi
620 1284 855 1357 Χριστοῦ
906 1286 1165 1358 μαθηταὶ,
1199 1288 1248 1340 οἳ
1297 1288 1372 1352 ὼς
1414 1289 1677 1359 στέφανος
1710 1290 2010 1355 πλακέντες

423 1379 489 1449 τῇ
517 1377 753 1449 Χριστοῦ
794 1379 1001 1450 κεφαλῇ
1034 1380 1468 1451 ἐπιτεθήσονται.

500 1470 609 1523 Τοῦ
632 1470 839 1525 αὑτοῦ.
893 1472 982 1537 Ἐξ
1020 1466 1094 1526 ὧν
1122 1491 1206 1537 τις
1238 1476 1547 1547 ἐπιτηδεύει
1574 1475 1705 1547 (56),
1759 1478 1853 1531 καὶ
1884 1495 2007 1531 στε-

425 1558 706 1627 φανοῦται.
753 1561 811 1613 '0
838 1560 945 1632 γὰρ
972 1561 1197 1626 δίκαιος,
1228 1562 1423 1630 διώξας
1453 1566 1511 1619 τὸ
1536 1566 1763 1631 δίκαιον,
1792 1567 1882 1621 τὸν
1909 1568 2011 1639 τῆς

426 1647 767 1721 δικαιοσύνης
810 1651 1147 1724 ἀπολήψεται
1198 1654 1493 1725 στέφανον·
1536 1659 1563 1710 ό
1589 1660 2010 1730 κατατρυφήσας

2108 547 2323 603 biorum
2356 548 2409 601 in
2445 559 2633 601 eorum
2666 556 2787 613 quae
2827 541 3108 597 intellectu
3159 542 3390 611 visuque
3428 552 3688 612 percepta

2110 648 2258 708 sunt,
2284 640 2660 694 enuntiatione
2692 637 2963 694 consistit.

2180 732 2346 788 Vens.
2386 733 2442 786 4.
2478 731 2709 785 Posuisti
2758 731 2811 783 in
2840 731 3010 798 capite
3050 730 3166 796 eius
3210 745 3463 783 coronam
3501 732 3568 782 de
3610 727 3693 780 la-

2108 826 2228 896 ριάε
2255 824 2501 895 pretioso,
2532 832 2640 878 etc.
2674 820 2875 877 Christi
2904 820 3068 885 Deus,
3101 822 3352 877 Christus
3383 829 3564 875 autem
3602 835 3693 873 ra-

2113 918 2386 974 tionabilis
2412 927 2617 971 natura:
2652 930 2851 971 corona
2883 924 2985 970 est.
3019 913 3249 984 Lapides
3298 913 3520 983 pretiosi
3562 922 3693 967 sunt

2109 1010 2416 1082 margarita:
2440 1023 2742 1073 sermones,
2772 1008 2837 1063 de
2868 1007 3066 1077 quibus
3094 1008 3293 1061 dictum
3314 1014 3401 1061 est
3430 1008 3451 1037 ⁸
3476 1024 3493 1063 :
3525 1024 3543 1058 ι
3582 1005 3693 1060 No-

2108 1102 2203 1158 lite
2254 1100 2523 1172 projicere
2572 1102 2897 1173 margaritas
2962 1108 3174 1155 vestras
3216 1110 3341 1152 ante
3396 1112 3612 1167 porcos.
3664 1117 3685 1150 ο

2108 1195 2352 1251 Pretiosa
2391 1196 2683 1265 margarita
2736 1193 3058 1251 mercatoris
3089 1194 3253 1248 etiam
3283 1191 3484 1247 Christi
3529 1192 3692 1246 disci-

2110 1288 2219 1357 puli
2250 1298 2394 1354 sunt,
2420 1288 2511 1359 qui
2544 1289 2721 1343 instar
2742 1301 2959 1343 corona:
2995 1283 3310 1353 complicati
3340 1283 3543 1339 Christi
3591 1298 3690 1339 ca-

2110 1382 2204 1451 piti
2243 1381 2607 1451 imponentur.

2185 1473 2457 1544 Ejusdem.
2526 1474 2733 1542 Quibus
2812 1473 3007 1530 studiis
3049 1472 3244 1542 aliquis
3294 1485 3513 1541 Operam
3562 1471 3691 1537 dat,

2112 1566 2301 1622 iisdem
2338 1576 2393 1622 et
2446 1574 2758 1622 coronatur.
2817 1564 2948 1619 Nam
2976 1564 3157 1635 justus
3184 1564 3275 1633 qui
3301 1563 3569 1633 justitiam
3602 1578 3692 1618 se—

2111 1661 2315 1730 quitur,
2356 1659 2582 1729 justitire
2630 1674 2892 1714 coronam
2944 1657 3208 1725 accipiet;
3266 1656 3359 1726 qui
3388 1656 3694 1711 oblectatur

416 1740 485 1793 ’δὲ
515 1740 609 1794 τοῦ
643 1742 849 1815 Κυρίου
879 1747 1128 1818 στεφάνῳ
1158 1748 1371 1820 τρυφῆς
1414 1749 1850 1822 ὑπερασπίζεται
1874 1770 1887 1783 ·
1916 1753 2010 1806 καὶ

2115 1754 2165 1809 in
2215 1754 2463 1816 Domino,
2516 1766 2718 1807 corona
2760 1746 3138 1806 cxsultationis
3186 1759 3527 1818 protegetur;
3599 1750 3691 1819 qui

430 1836 458 1885 ό
491 1834 674 1905 χάριτι
725 1810 917 1900 σωθεὶς
972 1810 1234 1906 στέφανόν
1278 1810 1536 1912 γάρίτων’
1559 1844 1651 1896 ἐπὶ
1682 1810 1781 1915 τῆς
1814 1847 2007 1901 ἑαυτοῦ

2115 1847 2285 1918 gratia
2319 1846 2556 1902 salvatus
2601 1855 2705 1911 est,
2756 1844 3054 1915 gratiarum
3102 1857 3366 1900 coronam
3400 1842 3455 1895 in
3489 1842 3693 1897 vertice

418 1924 639 1994 δέχεται
690 1927 969 1998 κορυφῆς’
1018 1929 1110 1981 καὶ
1156 1930 1185 1981 ὁ
1216 1929 1552 2003 θησαυρίσας
1596 1935 1735 2005 μετὰ
1783 1938 2008 2009 χρυσίου

2115 1940 2344 2011 accipiet
2372 1955 2500 2005 suo;
2528 1948 2581 1994 et
2613 1938 2703 2009 qui
2735 1952 2867 1992 auro
2889 1946 2941 1992 et
2966 1947 3193 2007 argento
3225 1938 3546 1991 thesaurum
3608 1935 3690 1988 la-

421 2016 519 2068 καὶ
564 2017 826 2089 ἀργυρίου
878 2018 1057 2083 λίθους
1103 2022 1337 2093 τιμίους,
1370 2023 1460 2093 ὑφ’
1491 2017 1565 2079 ὧν
1610 2028 1900 2097 εἰργάσατο
1930 2030 2010 2083 λί-

2115 2034 2295 2105 pidum
2346 2034 2715 2102 pretiosorum
2759 2030 2860 2086 sibi
2906 2032 3285 2101 comparavit,
3337 2044 3404 2083 ex
3458 2029 3525 2083 iis
3554 2044 3693 2098 quos

426 2107 534 2161 θων
570 2111 1066 2183 στεφανωθήσεται.
1104 2115 1216 2168 Καὶ
1262 2116 1293 2168 ὁ
1335 2116 1539 2188 Κύριος
1583 2121 1709 2183 τοὺς
1747 2123 1826 2185 είς
1853 2122 2011 2177 αὑτὸν

2115 2124 2495 2189 elaboraverit,
2560 2123 2834 2191 lapidibus
2893 2122 3271 2177 coronabitur.
3332 2121 3397 2175 Ει
3430 2121 3694 2177 Dominus

424 2199 745 2269 ἐλπίζοντας
773 2208 1029 2272 στεφανοῖ
1061 2207 1118 2259 ὲν
1141 2205 1278 2260 ἐλέει
1307 2209 1400 2262 καὶ
1424 2211 1747 2282 οίκτιρμοῖς.

497 2382 671 2451 Ζωὴν
699 2383 971 2455 ᾐτήσατο
1000 2403 1093 2451 σε,
1130 2388 1227 2441 καὶ
1264 2390 1489 2458 ἔδωκας
1520 2392 1680 2459 αὺτῷ
1712 2398 2013 2466 μακρότη-

422 2488 500 2526 ta
528 2476 765 2543 ἡμερῶν
792 2480 879 2543 εις
906 2477 1090 2533 αἰῶνα
1112 2479 1347 2548 (ιιῶνος,
1382 2500 1435 2535 κ.
1460 2500 1509 2538 τ.
1535 2485 1579 2537 ὲ.
1627 2487 1868 2558 Ζήτησον
1902 2489 2012 2560 (57)

416 2566 473 2618 εἰ
502 2566 533 2637 ἡ
570 2567 667 2636 μὲν
698 2567 844 2621 ἔστιν
875 2568 981 2623 ἀπὸ
1012 2570 1149 2624 Θεοῦ
1174 2572 1433 2646 δεδομένη
1462 2573 1595 2647 ζωὴ,
1626 2580 1658 2648 ή
1692 2578 1747 2632 δὲ
1780 2580 1887 2633 ἀπὸ
1916 2582 2015 2652 τῆς

424 2654 561 2727 ὕλης
588 2658 885 2730 ἐρχομένη,
920 2660 1011 2713 καὶ
1055 2661 1345 2735 σύγκρινον
1378 2665 1456 2718 τό·
1498 2684 1516 2717 ι
1541 2668 1901 2740 Ἐνεφύσησεν
1934 2673 2014 2735 είς

422 2748 488 2801 τὸ
518 2749 807 2821 πρόσωπον
836 2752 1003 2806 αὐτοῦ
1032 2756 1198 2827 πνοὴν
1232 2755 1396 2828 ζωῆς,
1419 2776 1438 2809 ι
1476 2758 1554 2830 τῷ
1573 2776 1587 2789 ο
1627 2779 1644 2813 ι
1668 2761 2016 2832 Ἐξαγαγέτω

426 2839 460 2909 ἡ
486 2841 559 2912 γῆ
589 2841 767 2913 ψυχὴν
795 2842 993 2907 ζῶσαν.
1023 2863 1043 2898 ι
1095 2847 1250 2918 Ζωὴν
1276 2850 1515 2920 ᾐτήσατό
1558 2867 1638 2916 σε,
1669 2852 1759 2905 τὸν
1788 2854 1894 2925 πρὸ
1919 2854 2017 2925 τῆς

426 2931 585 2985 νόσου
616 2932 729 3003 βίον
770 2934 959 2988 αὑτοῦ.

504 3024 615 3079 Τοῦ
648 3025 858 3079 αὐτοῦ.
906 3027 965 3079 '0
1013 3027 1266 3097 βασιλεὺς
1301 3028 1407 3101 (58)
1436 3031 1512 3095 ὡς
1544 3033 1748 3101 ἀγαθὸν
1777 3036 2016 3108 ᾐτήσατο

426 3116 525 3187 σὴν
560 3115 703 3187 ζωὴν
732 3117 839 3170 άπὸ
871 3118 1096 3189 Κυρίου,
1125 3120 1217 3172 καὶ
1243 3120 1484 3191 εἴληφεν.
1523 3125 1751 3192 Ἀγαθὸν
1785 3126 1842 3179 δέ
1868 3130 2015 3181 ἐστιν

428 3208 461 3276 ή
492 3207 626 3277 ζώὴ,
651 3208 680 3259 ό
705 3206 902 3260 εἰπών·
939 3228 957 3260 ι
983 3209 1123 3278 Ἐγώ
1153 3213 1266 3282 είμι
1296 3213 1485 3286 ήζωή.
1517 3234 1536 3268 ι
1572 3206 1849 3290 Καὶῖτάχα
1873 3222 1901 3272 ὁ
1928 3220 2013 3273 δό-

428 3295 525 3361 ξας
565 3298 844 3365 φιλοζωεῖν
890 3298 1139 3367 Ἐζεκίας
1177 3303 1393 3375 ἐκείνην
1438 3305 1594 3377 ἤθελε
1626 3309 1724 3381 τὴν
1753 3308 1916 3383 ζωὴν,
1946 3313 2012 3383 ἣν

428 3393 772 3463 συμϐολικῶς
805 3396 1105 3465 ὲφιλοζώει.

484 3485 740 3554 Μεγάλη
783 3488 822 3555 ἠ
872 3486 1023 3554 δόξα
1073 3492 1261 3547 αὐτοῦ
1314 3494 1385 3550 ἐν
1428 3495 1509 3563 τῷ
1559 3501 1830 3569 σωτηρίῳ
1872 3519 2009 3567 σου,

423 3592 494 3668 διἒ
514 3593 561 3668 τι
595 3578 639 3631 ὲ.
684 3578 756 3630 Τὸ
792 3582 1055 3653 σωτήριον
1086 3582 1195 3653 (59)
1242 3586 1399 3654 δόξαν
1451 3596 1730 3661 περιποιεῖ
1771 3595 2012 3668 μεγάλην

425 3665 505 3736 τῷ
538 3667 603 3721 ὲκ
627 3669 837 3740 νεκρῶν
870 3673 1161 3729 ἀναστάντι
1208 3677 1453 3747 βασιλεῖ·
1503 3682 1597 3735 καὶ
1635 3683 1790 3751 δόξαν
1833 3665 2011 3756 ἔχοντι

426 3760 521 3813 καὶ
551 3759 743 3833 ἑτέραν
773 3765 1083 3836 προσέθηκε
1128 3770 1222 3823 καὶ
1253 3771 1316 3825 ὲκ
1346 3773 1443 3843 τῆς
1476 3775 1847 3845 ἀναστάσεως,
1872 3781 2013 3833 κατά

425 3848 515 3901 τό’
544 3867 562 3900 ι
586 3850 841 3918 Ἐδόξασα
866 3856 961 3907 καὶ
988 3857 1147 3911 πάλιν
1175 3860 1398 3925 δοξάσω.
1424 3883 1441 3915 ι

502 3941 844 4038 τοῦ-αὐτοῦ.
906 3947 971 4000 Ἡ
1011 3948 1138 4014 δόξα
1183 3951 1293 4024 (40)
1340 3955 1434 4008 τοῦ
1488 3957 1755 4027 βασιλέως
1802 3966 2010 4038 μεγάλη

430 4030 578 4084 ἔστὶν
620 4034 680 4087 ὲν
721 4034 799 4105 τῷ
831 4039 1084 4111 σωτηρίῳ
1116 4041 1208 4094 τοῦ
1256 4046 1480 4116 Κυρίου,
1528 4051 1622 4103 καὶ
1667 4054 1766 4106 οὐκ
1800 4030 1857 4109 ἓν
1884 4030 2011 4112 ττινι

567 4126 892 4199 κατωτέρων
921 4130 1182 4189 ἐκείνου.«
1200 4134 1366 4202 Δόξαν
1400 4140 1493 4191 καὶ
1538 4143 2011 4216 μεγαλοπρέπειαν

427 4213 707 4286 ἐπιθήσεις
735 4218 825 4269 ἐπ’
853 4219 1210 4295 αὑτόν.›Εἷχε
1260 4227 1359 4297 μὲν
1405 4232 1433 4282 ὀ
1459 4232 1692 4304 Χριστὸς
1721 4213 1877 4305 δόξαν
1919 4243 2011 4295 καὶ

429 4306 903 4379 μεγαλοπρέπειαν
933 4313 991 4364 ὲν
1023 4318 1201 4387 μορφῇ
1235 4316 1367 4372 Θεοῦ
1400 4321 1659 4395 ὑπάρχων
1679 4343 1691 4356 ’
1720 4328 1808 4381 ὅτε
1835 4330 1891 4383 δὲ
1918 4334 2012 4387 καὶ

426 4396 711 4469 ἅνθρωπος
738 4401 979 4471 γέγονεν,
1005 4406 1034 4457 ὁ
1063 4406 1194 4471 Θεὸς
1224 4409 1385 4464 αὑτὸν
1414 4414 1754 4487 ὑπερύψωσε.

2043 3164 2091 3228 C

2108 2226 2405 2288 sperantes
2454 2216 2508 2270 in
2552 2230 2612 2269 se
2654 2222 2883 2269 coronat
2912 2213 2966 2268 in
3009 2213 3387 2269 misericordia
3428 2222 3483 2267 et
3524 2213 3691 2269 mise-

2114 2305 2438 2363 rationibus.

2191 2374 2361 2470 διε
2388 2394 2553 2455 Vens.
2576 2399 2631 2455 5.
2676 2395 2847 2450 Vitam
2878 2396 3025 2464 petiit
3059 2413 3091 2449 α
3127 2405 3196 2460 te,
3226 2396 3459 2450 tribuisti
3510 2397 3557 2449 ei
3584 2395 3699 2449 lon—

2112 2491 2404 2562 gitudinem
2449 2490 2654 2542 dierum
2700 2488 2756 2540 in
2804 2487 3057 2541 saeculum
3101 2486 3301 2550 sttculi,
3342 2496 3448 2541 etc.
3504 2486 3696 2553 Quaere

2118 2586 2245 2639 num
2277 2583 2383 2637 alia
2418 2582 2539 2636 sita
2574 2580 2684 2635 Deo
2713 2580 2838 2633 data
2868 2581 3000 2644 vita,
3032 2590 3086 2635 et
3118 2580 3223 2633 alia
3255 2594 3373 2648 quae
3406 2596 3433 2631 a
3468 2579 3695 2634 materia

2118 2676 2290 2742 venit,
2338 2683 2393 2729 et
2438 2674 2629 2728 confer
2656 2671 2839 2727 istud"
2874 2692 2886 2727 :
2928 2690 2947 2724 ι
2987 2672 3050 2727 Ει
3082 2673 3373 2741 inspiravit
3400 2673 3450 2727 in
3493 2673 3694 2729 faciem

2117 2768 2236 2838 ejus
2291 2763 2624 2834 spiraculum
2668 2763 2819 2827 vitm,
2869 2782 2886 2815 ι
2940 2779 3064 2818 cum
3122 2763 3214 2817 illo
3257 2763 3316 2813 ἐ
3355 2781 3373 2813 ι
3428 2762 3701 2817 Producat

2119 2871 2268 2915 terra
2295 2858 2533 2912 animam
2562 2855 2857 2910 viventem.
2890 2875 2910 2908 ι
2955 2854 3130 2910 Vitam
3164 2856 3322 2925 petiit
3344 2872 3373 2910 a
3398 2864 3473 2923 te,
3513 2856 3563 2910 id
3588 2866 3695 2922 est,

2118 2953 2284 3007 vitam
2310 2960 2436 3005 ante
2462 2948 2861 3003 inﬁrmitatem.

2190 3038 2469 3110 Ejusdem.
2500 3040 2616 3095 ilex
2646 3049 2902 3110 tanquam
2931 3038 3136 3109 aliquid
3166 3038 3313 3106 boni,
3345 3039 3501 3110 petiit
3530 3040 3697 3094 vitam

2122 3149 2153 3189 a
2200 3134 2453 3199 Domino,
2508 3143 2564 3188 et
2612 3133 2842 3201 accepit.
2875 3130 3082 3185 Bonum
3114 3132 3356 3197 estvita,
3411 3132 3503 3202 qni
3551 3132 3703 3187 dice-

2121 3227 2215 3281 bat
2244 3226 2264 3257 ⁹
2299 3242 2312 3278 :
2347 3242 2366 3277 ι
2403 3225 2517 3296 Ego
2548 3240 2666 3280 sum
2695 3225 2832 3278 vita.
2867 3243 2885 3276 ι
2924 3224 2985 3276 Et
3024 3223 3254 3277 forsitan
3288 3222 3575 3288 Ezechias,
3603 3228 3698 3295 qui

2121 3315 2245 3370 vita:
2267 3315 2494 3386 cupidus
2519 3316 2829 3381 videbatur,
2863 3314 3032 3369 vitam
3061 3313 3206 3369 illam
3236 3314 3475 3385 petebat,
3533 3330 3697 3386 quam

2120 3408 2420 3480 symbolice
2452 3409 2758 3463 adantabat.

2197 3500 2363 3553 Vens.
2394 3498 2448 3554 6.
2482 3498 2677 3569 Magna
2708 3509 2786 3554 est
2830 3498 2999 3569 gloria
3050 3500 3163 3569 ejus
3210 3499 3266 3553 in
3324 3498 3553 3553 salutari
3585 3509 3697 3567 tuo,

2120 3600 2228 3646 etc.
2266 3591 2519 3647 Salutare
2546 3606 2796 3661 magnam
2832 3591 3057 3657 gloriam
3091 3591 3233 3660 parit
3265 3592 3430 3661 regia
3464 3595 3696 3648 mortuis

2121 3680 2458 3751 resurgenti;
2487 3687 2540 3735 et
2568 3680 2819 3749 quamvis
2863 3680 3091 3749 gloriam
3113 3680 3227 3750 jam
3280 3681 3501 3744 haheat,
3532 3682 3697 3735 aliam

2120 3774 2441 3845 superaddit
2487 3786 2553 3827 ex
2616 3775 3045 3837 resurrectione,
3095 3772 3251 3842 juxta
3306 3773 3438 3829 illud
3465 3776 3545 3828 “z
3581 3794 3599 3828 ι
3633 3775 3700 3830 Et

2120 3864 2419 3935 gloriﬁcavi
2450 3874 2506 3919 et
2541 3865 2735 3919 iterum
2762 3864 3103 3933 gloriﬁcaho.
3144 3884 3162 3917 ι

2192 3958 2467 4020 Eiusdem.
2504 3956 2684 4013 Gloria
2718 3958 2861 4027 regis
2888 3973 3082 4028 magna
3113 3967 3198 4012 est
3227 3958 3279 4013 in
3316 3960 3542 4013 salutari
3598 3959 3700 4014 Do-

2121 4049 2276 4114 mini,
2312 4058 2369 4103 et
2394 4063 2499 4102 non
2533 4050 2585 4103 in
2620 4048 2799 4117 aliqua
2838 4063 2897 4103 re
2924 4048 3043 4117 ipso
3074 4048 3356 4105 inferiore.
3396 4070 3414 4103 ι
3449 4052 3690 4107 Gloriam

2119 4150 2173 4193 et
2203 4154 2456 4210 magnum
2492 4140 2741 4193 decorem
2773 4139 3016 4209 impones
3044 4155 3207 4209 super
3229 4155 3372 4194 eum.
3428 4158 3447 4191 ι
3501 4141 3700 4195 llahuit

2119 4231 2337 4300 quidem
2376 4230 2627 4286 Christus
2660 4230 2885 4302 gloriam
2923 4242 2978 4286 et
3006 4247 3259 4301 magnum
3294 4234 3544 4287 decorem
3574 4248 3696 4287 cum

2121 4324 2174 4378 in
2201 4324 2373 4378 forma
2412 4324 2504 4378 Dei
2532 4334 2652 4378 erat
2694 4341 2707 4377 :
2740 4326 2959 4394 quando
2982 4334 3162 4379 autem
3194 4326 3357 4379 homo
3388 4326 3564 4382 factus
3590 4336 3695 4393 est,

2120 4416 2263 4472 Deus
2294 4416 2446 4471 illum
2473 4416 2924 4487 superexaltavit.

497 4492 781 4560 Εὐρεθείη
821 4495 860 4562 ἡ
900 4497 1029 4565 χείρ
1072 4512 1189 4552 σου
1234 4500 1385 4556 πᾶσι
1424 4506 1549 4573 τοῖς
1589 4508 1827 4579 ἐχθροῖς
1872 4531 2009 4582 σου,

2197 4510 2356 4565 Vsus.
2384 4509 2436 4565 9.
2473 4507 2790 4563 Inveniatur
2835 4526 3021 4563 manus
3060 4518 3151 4563 tua
3178 4510 3417 4564 omnibus
3468 4512 3697 4565 inimicis

427 4596 555 4674 ante.
579 4582 626 4635 ἑ.
667 4584 729 4635 Οἱ
776 4585 873 4655 μὲν
922 4586 1107 4659 ἐχθροὶ
1144 4590 1256 4661 (41)
1291 4592 1385 4647 τοῦ
1422 4597 1626 4669 Κυρίου
1666 4602 2011 4674 εὑρίσκουσιν

430 4670 611 4737 αὐτὸν,
647 4674 695 4728 οἱ
727 4675 782 4728 δὲ
820 4678 1106 4748 μισοῦντες
1144 4684 1305 4738 αὑτὸν
1356 4688 1702 4760 εὑρίσκονται
1735 4670 1882 4769 παρ’
1913 4700 2012 4753 αὺ-

425 4761 540 4854 τοῦ.
575 4767 685 4819 Καὶ
713 4766 803 4821 διά
842 4770 939 4838 μὲν
964 4772 1056 4825 τοῦ
1092 4775 1256 4846 νόμου
1296 4780 1621 4853 εὑρίσκομεν
1647 4786 1799 4854 Θεὸν,
1835 4761 1935 4844 ’διὰ
1958 4792 2014 4847 δὲ

430 4852 536 4907 τῶν
557 4856 901 4950 εὐαγγελίων
926 4862 1291 4936 εὑρισκόμεθα
1328 4873 1457 4942 παρ’
1486 4852 1671 4942 αυτοῦ,
1716 4852 1899 4950 ἐχθροὶ
1924 4880 2013 4933 δν-

542 4944 891 5038 τὸΑπρότερον
915 4954 1008 5005 καὶ
1039 4974 1057 5006 ι
1081 4954 1220 5020 ξένοι
1247 4960 1355 5014 τῶν
1382 4961 1652 5036 διαθηκῶν
1681 4988 1700 5021 ι
1853 4971 2010 5038 Θεοῦ,

434 5053 451 5085 ι
476 5033 769 5131 ὲλπίδαῌμὴ
796 5038 1010 5109 ἔχοντες
1048 5044 1142 5097 καὶ
1168 5046 1319 5102 ἄθεοι
1347 5052 1404 5105 ὲν
1444 5033 1536 5125 τῷ*
1553 5056 1743 5129 κόσμῳ
1762 5074 1777 5090 ·
1803 5078 1821 5111 ι
1860 5060 1893 5131 ἢ
1924 5033 2015 5115 διά

431 5128 736 5198 πρακτικῆς
775 5131 873 5201 μὲν
897 5132 1223 5209 εὑρίσκομεν
1249 5139 1402 5207 Θεὸν,
1435 5144 1522 5199 διὰ
1551 5145 1608 5199 δὲ
1636 5128 1892 5217 γνώσεως
1924 5152 2014 5205 εὑ·-

431 5219 731 5289 ρισκόμεθα
759 5226 887 5295 παρ’
909 5226 1097 5283 αὐτοῦ.

498 5335 520 5366 ⁸
546 5333 733 5390 Matth.
758 5353 853 5404 vtt,
899 5338 950 5393 6.
1027 5343 1047 5373 ⁷
1075 5342 1212 5401 Gen.
1258 5363 1319 5416 Il,
1371 5352 1422 5405 7.
1499 5354 1521 5385 ⁸
1548 5356 1678 5412 ibid.
1711 5373 1751 5425 ι,
1786 5359 1879 5417 24.
1954 5360 2011 5415 ’ὲ

2115 5377 2163 5416 n.
2206 5378 2317 5429 xxv,
2363 5361 2417 5417 6.

648 5477 963 5565 LEs’ztOvjda
995 5484 1399 5565 μὲν-καρδίας,
1431 5498 1535 5541 etc.
1560 5488 1733 5565 Idem.

428 5546 940 5673 Βΰξῗῗὶζξῖᾇέφακος
958 5546 1076 5623 μὲν
1108 5546 1396 5626 Χρῖστοῧ,
1419 5571 1526 5614 etc.
1556 5560 1779 5618 Schedaa
1799 5561 2011 5634 Grabii,

502 5687 613 5767 (ξρ)
783 5682 871 5743 ὧν
890 5707 981 5761 τις
1013 5697 1372 5767 ἐπιτηδεύει,
1405 5709 1513 5753 etc.
1543 5699 1769 5758 Schedtc
1796 5704 2005 5762 Grahii.

432 5759 615 5882 dA57)
647 5758 924 5828 Ζήτησον
958 5758 1010 5821 sl
1038 5771 1073 5838 ἡ
1098 5758 1212 5838 μέν
1241 5758 1437 5838 ἔστιν,
1469 5781 1574 5826 etc.
1612 5758 1827 5831 Eaedem
1850 5758 2011 5833 sche;

2116 4603 2249 4667 tuis,
2278 4612 2387 4657 etc.
2430 4600 2638 4655 Inimici
2688 4600 2897 4656 Domini
2933 4602 3216 4656 inveniunt
3261 4614 3415 4667 eum;
3478 4603 3571 4672 qui
3599 4617 3699 4656 au-

2118 4704 2227 4749 tem
2259 4709 2382 4748 eum
2411 4695 2667 4758 oderunt,
2694 4694 3045 4750 inveniuntur
3074 4694 3143 4749 ab
3167 4708 3254 4751 eo.
3290 4694 3355 4748 Et
3388 4708 3482 4764 per
3524 4695 3696 4765 legem

2117 4786 2334 4856 quidem
2367 4786 2674 4842 invenimus
2709 4786 2898 4851 Deum,
2932 4802 3030 4856 per
3059 4785 3350 4855 Evangelia
3387 4800 3515 4839 vero
3542 4786 3611 4840 ab
3632 4803 3699 4840 eo

2118 4878 2548 4952 iuvenimur,qui
2582 4882 2735 4948 prius
2766 4880 2973 4935 inimici
3019 4894 3258 4945 eramus,
3292 4897 3312 4931 ι
3355 4888 3408 4933 et
3461 4879 3700 4947 hospites

2117 4981 2570 5028 testamentorum
2609 4990 2627 5023 ι
2659 4972 2775 5037 Dei,
2807 4992 2826 5026 ι
2856 4987 3005 5040 spem
3033 4987 3136 5026 non
3192 4972 3473 5035 habentes,
3500 4980 3554 5026 et
3581 4971 3699 5025 sine

2124 5066 2233 5121 Deo
2266 5066 2319 5119 in
2345 5066 2445 5120 hoc
2470 5064 2673 5119 mundo
2703 5064 2768 5120 ¹¹.
2802 5083 2823 5116 ι
2862 5062 2958 5121 Vel
2983 5081 3079 5134 per
3102 5065 3367 5120 actionem
3398 5063 3703 5119 invenimus

2122 5160 2313 5227 Deum,
2343 5168 2397 5216 et
2425 5176 2522 5231 per
2554 5161 2917 5232 cognitionem
2950 5161 3259 5217 invenimur
3287 5161 3354 5216 ab
3380 5174 3465 5216 eo.

2519 5362 2563 5395 ¹⁶
2593 5363 2725 5419 ihid.
2779 5379 2875 5429 sn,
2920 5362 3013 5420 28.
3092 5364 3131 5396 “
3170 5363 3368 5434 Ephes.
3398 5376 3459 5425 tt,
3490 5361 3578 5415 l2.

2193 5494 2307 5636 με)
2348 5496 2410 5550 Ὀ
2428 5497 2753 5571 βασιλεύς,
2786 5511 2889 5557 etc.
2921 5502 3231 5558 Corderius.

2216 5567 2305 5633 39)
2345 5567 2415 5621 Τό
2438 5569 2753 5636 σωτήριον,
2782 5584 2890 5628 etc.
2921 5573 3143 5627 Schedce
3167 5573 3231 5627 Ct

2216 5567 2305 5639 59‘)
2345 5567 2415 5621 Τό
2438 5567 2753 5639 σωτήριον,
2782 5584 2890 5628 etc.
2921 5573 3143 5627 Schedce
3167 5573 3378 5629 Crabii.

2190 5636 2301 5716 (Mt)
2345 5638 2413 5716 ᾘ
2669 5636 2774 5697 etc.
2810 5641 3011 5698 Partim
3052 5645 3344 5699 Corderius
3388 5645 3698 5716 partimque

2115 5706 2329 5760 schedte
2355 5709 2566 5764 Grabii.

2188 5778 2300 5853 (ll)
2346 5782 2409 5853 0]
2449 5781 2566 5848 μὲν
2609 5781 2844 5850 ἐχθροί,
2897 5792 3001 5839 etc.
3061 5781 3240 5841 Codex
3290 5785 3694 5853 Coisliuianus,

2114 5850 2325 5905 scheme
2352 5850 2559 5907 Cranii.
