4100 6408
420 327 548 382 1251

1788 313 1884 370 EX
1921 309 2228 370 ORIGENE

3541 326 3568 379 1
3587 323 3682 381 1'53

484 441 758 506 Eiusdem.
814 437 1201 496 Velocissimos
1247 435 1469 507 quidem
1522 435 1988 508 comprehendet,

2175 433 2286 488 Τοῦ
2313 432 2520 488 αὐτοῦ.
2563 434 2676 488 Καὶ
2705 435 2831 500 τοὺς
2870 438 2972 509 μὲν
3001 441 3339 511 ταχιτάτους
3373 440 3483 513 (42)
3515 462 3687 498 κατα-

409 530 824 588 robustissimos
865 537 1050 584 autem
1101 526 1413 582 interliciet.
1463 524 1778 582 Inveniatur
1809 534 1990 580 autem

409 639 655 696 pugnans
684 622 901 692 quando
935 619 1264 690 supplicium
1309 619 1496 683 sumit,
1536 618 1692 686 juxta
1741 618 1872 674 illud
1901 619 1943 650 "
1972 635 1987 674 :

413 738 434 774 ι
475 720 682 788 Pugnat
711 715 974 770 Dominus
1014 729 1176 768 manu
1211 712 1424 768 occulta
1446 719 1636 767 contra
1678 710 1920 766 Amalec.
1967 730 1986 764 ι

478 811 646 866 Vnus.
681 810 769 863 10.
801 806 976 861 Panes
1007 821 1092 860 eos
1122 814 1177 858 ut
1201 804 1470 858 clibanum
1506 804 1672 874 ignis,
1714 816 1820 858 etc.
1877 801 1991 858 Hoc

409 904 476 956 de
500 899 772 972 perversis
799 901 876 954 ait
909 915 923 952 :
953 897 1200 954 clibanus
1256 897 1404 952 enim
1466 896 1606 966 ignis
1651 905 1800 960 sunt,
1855 911 1992 965 quo-

405 995 554 1050 niam
609 1007 838 1049 accensa
899 1001 1024 1048 sunt
1081 990 1230 1046 velut
1283 987 1538 1044 clibanus
1565 989 1730 1044 corda
1773 1003 1988 1044 eorum.

407 1088 584 1154 Atque
612 1083 737 1139 alibi
766 1083 930 1138 etiam
968 1084 1176 1137 dictum
1223 1090 1309 1136 est
1340 1081 1386 1112 "
1422 1099 1436 1136 :
1469 1100 1487 1132 ι
1525 1078 1780 1134 Omnium
1833 1080 1959 1135 adul

409 1184 648 1231 terarum
687 1177 848 1231 corda
882 1183 1011 1230 sunt
1047 1184 1106 1229 ut
1137 1174 1406 1230 clibanus.
1446 1193 1472 1226 ιι

479 1268 738 1322 Dominus
765 1268 818 1322 in
845 1268 928 1320 ira
962 1284 1058 1322 sua
1083 1267 1417 1321 conturbabit
1455 1281 1562 1330 eos,
1592 1273 1700 1320 etc.
1740 1263 1992 1319 anban-

410 1368 500 1412 tur
529 1373 639 1428 pra:
666 1357 1072 1428 exspectatione
1095 1355 1368 1426 supplicii,
1402 1370 1506 1410 non
1531 1369 1717 1410 omnes
1745 1355 1990 1417 omnino,

404 1450 504 1504 sed
529 1450 621 1518 qui
653 1465 720 1504 ex
756 1449 1032 1518 voluptate
1075 1449 1317 1515 perversi
1354 1456 1496 1511 sunt,
1547 1454 1600 1502 et
1635 1445 1770 1500 falsa
1814 1445 1991 1513 magni

409 1540 638 1596 faciunt.
676 1559 694 1592 ι
729 1539 794 1594 Et
839 1538 1120 1594 devorabit
1149 1550 1244 1592 eos
1291 1538 1448 1609 ignis,
1493 1555 1511 1588 ι
1547 1535 1805 1606 quoniam
1866 1542 1994 1589 sunt

406 1637 574 1706 ligna,
611 1633 834 1693 fanum.
858 1632 1081 1703 stipula.

485 1727 649 1783 \‘EIH.
699 1726 785 1780 11.
839 1721 1100 1778 Fructum
1139 1739 1321 1778 eorum
1371 1723 1437 1776 de
1493 1732 1634 1776 terra
1687 1719 1896 1791 perdes,
1942 1728 1991 1772 et

2095 526 2345 598 λήψεται,
2379 527 2506 591 τοὺς
2533 527 2589 580 δὲ
2628 527 3034 594 δυνατωτάτους
3066 533 3378 588 καταλύσει.
3419 535 3686 610 Εὑρεθεὶη

2097 619 2154 672 δὲ
2197 617 2511 690 πολεμοῦσα
2545 621 2578 690 ἡ
2626 622 3034 694 τιμωρουμένη,
3087 626 3227 679 κατὰ
3267 626 3357 679 τό·
3411 644 3430 677 ι
3454 627 3688 699 Πολεμεῖ

2098 711 2304 783 Κύριος
2336 711 2482 784 χειρὶ
2519 713 2727 784 κρυφίᾳ
2751 712 2843 764 ἐπὶ
2867 713 2958 767 τὸν
2999 715 3290 786 Ἀμαλέκ.ι

2173 803 2394 872 Θήσεις
2441 804 2665 872 αὐτοὺς
2717 803 2797 871 ὡς
2846 807 3138 861 κλίϐανον
3186 810 3395 878 πηρός,
3445 829 3499 866 κ.
3535 829 3588 866 τ.
3637 811 3683 866 ὲ.

2099 894 2269 948 Τοῦτο
2299 895 2428 966 περὶ
2456 895 2906 967 πονηρευομένων
2937 896 3049 969 (45)
3081 899 3213 970 φησι
3237 916 3250 929 ’
3293 900 3544 965 κλίϐανος
3577 903 3686 975 γάρ

2099 989 2205 1040 εἰσι
2235 986 2428 1058 πυρὸς,
2459 988 2582 1040 ἐπεὶ
2622 987 3039 1060 ὲθερμάνθησαν
3075 991 3150 1055 ὡς
3179 992 3430 1056 κλίϐανος
3459 995 3515 1046 at
3546 1011 3684 1065 καρ-

2097 1077 2206 1132 δίαι
2236 1078 2435 1133 αὐτῶν.
2477 1079 2586 1133 Καὶ
2610 1078 2825 1151 εἴρηται
2858 1079 2921 1152 δή
2961 1096 3085 1134 που·
3122 1101 3142 1133 ι
3169 1083 3375 1147 Πάντες
3405 1085 3684 1155 μοιχεύον-

2098 1187 2209 1234 τες,
2237 1169 2312 1234 ὡς
2337 1171 2589 1236 κλίδανος
2618 1173 2673 1224 αἱ
2706 1172 2926 1243 καρδίαι
2954 1173 3156 1229 αὐτῶν.
3196 1193 3216 1227 ι

2169 1263 2385 1330 Κύριος
2443 1264 2514 1317 ἐν
2564 1262 2714 1333 ὀργῇ
2766 1264 2954 1318 αὑτοῦ
3016 1266 3379 1336 συνταράξει
3435 1269 3681 1336 αὐτοὺς,

2097 1373 2152 1408 κ.
2182 1373 2229 1407 τ.
2265 1357 2312 1408 ὲ.
2355 1357 2726 1428 Ταράττονται
2773 1356 2833 1409 δὲ
2867 1357 2958 1409 ἐπὶ
3011 1359 3303 1430 προσδοκίᾳ
3354 1359 3464 1431 (44)
3512 1379 3682 1431 τιμω-

2103 1444 2241 1516 ρίας,
2279 1446 2378 1515 οὐχ
2422 1445 2610 1510 ἁπλῶς
2656 1445 2877 1509 πάντες,
2929 1445 3043 1498 ἀλλ’
3079 1447 3126 1498 οἱ
3175 1443 3241 1498 δι’
3267 1446 3456 1518 ἡδονὴν
3499 1449 3678 1511 κακοὶ,

2099 1537 2192 1590 καὶ
2221 1537 2536 1604 δοξάζοντες
2563 1539 2630 1591 τὰ
2657 1537 2849 1609 ψευδῆ.
2897 1554 2918 1589 ι
2945 1537 3056 1592 Καὶ
3080 1537 3453 1606 καταφάγεται
3485 1540 3681 1602 αὐτοὺς

2098 1629 2234 1702 πῦρ,
2263 1649 2284 1684 ι
2315 1630 2501 1702 ἐπειδή
2535 1631 2639 1683 είσι
2665 1629 2817 1697 ξύλα,
2850 1631 3063 1702 χόρτος,
3092 1629 3334 1700 καλάμη.

2176 1721 2284 1776 Τὸν
2330 1721 2562 1790 καρπὸν
2601 1721 2801 1775 αὐτῶν·
2840 1721 2955 1776 ἀπὸ
2995 1719 3108 1790 γῆς
3154 1720 3422 1786 ἀπολεῖς,
3465 1721 3560 1773 καὶ
3614 1720 3680 1774 τὸ

403 1834 580 1872 semen
614 1831 793 1870 eorum
831 1832 863 1867 α
897 1814 1024 1882 ﬁliis
1067 1813 1364 1879 hominum,
1424 1823 1531 1869 etc.
1564 1811 1683 1868 Non
1739 1811 1988 1867 substan-

2093 1813 2331 1881 σπέρμα
2374 1810 2572 1866 αὐτῶν
2599 1811 2718 1866 ἀπὸ
2763 1797 2910 1866 war
2949 1809 3292 1879 ἀνθρώπων,
3342 1827 3394 1863 κ.
3421 1811 3541 1866 τ.ὲ.
3603 1812 3678 1864 Οὐ

408 1910 559 1973 tiam,
581 1905 750 1978 619
786 1905 1034 1960 interitus
1064 1905 1209 1960 enim
1241 1920 1437 1973 expers
1473 1914 1584 1971 est;
1621 1905 1715 1960 sed
1749 1904 1988 1974 qualita-

407 2009 515 2055 tem
551 2014 655 2068 qua
688 1997 1018 2068 germinavit
1047 1997 1214 2068 ligna,
1249 1997 1488 2063 lienam,
1522 1997 1798 2067 stipulam,
1848 1995 1988 2050 mala

408 2104 603 2161 nempe
641 2105 840 2160 opera;
893 2091 976 2145 vel
1011 2090 1173 2145 etiam
1206 2090 1258 2144 id
1293 2089 1440 2159 quod
1474 2089 1598 2142 mali
1633 2099 1688 2142 et
1719 2088 1868 2157 impii
1899 2103 1992 2143 se-

408 2183 688 2237 minarunt
716 2196 924 2247 semen,
951 2182 1096 2251 quod
1127 2183 1345 2251 quidem
1378 2181 1651 2250 disperdet
1684 2179 1829 2235 Deus
1857 2195 1888 2234 a
1929 2178 1990 2233 li-

409 2275 496 2330 liis
527 2274 828 2329 hominum.
879 2273 1208 2328 Beneficium
1249 2283 1430 2327 autem
1477 2280 1560 2326 est
1600 2287 1630 2325 a
1665 2271 1904 2341 peccatis
1936 2279 1993 2326 et

410 2366 566 2421 malis
592 2367 1015 2438 cogitationibus
1039 2366 1311 2422 decidere.
1344 2365 1542 2420 Semen
1573 2365 1717 2419 enim
1751 2364 1988 2434 peccati,

409 2459 668 2527 cogitatio
703 2473 982 2529 perversa.

476 2547 645 2606 Vens.
681 2549 767 2603 12.
804 2548 1070 2614 Quoniam
1093 2548 1490 2604 declinaverunt
1516 2551 1569 2603 in
1614 2559 1664 2603 te
1693 2547 1856 2613 mala,
1898 2558 1990 2603 ιο-

407 2642 703 2710 gitaverunt
735 2641 956 2696 consilia
991 2658 1106 2712 qua:
1137 2657 1239 2696 non
1267 2652 1546 2711 potuerunt
1579 2643 1837 2708 stabilire,
1879 2652 1987 2696 etc.

407 2733 515 2788 Per
550 2734 731 2789 omnia
758 2749 881 2790 sese
909 2745 1128 2790 vertunt
1154 2735 1393 2805 perversi
1429 2745 1486 2790 ut
1524 2735 1824 2790 imbecilles
1855 2735 1988 2788 ado-

413 2825 640 2880 riantur.
684 2827 1006 2898 Excogitant
1062 2829 1207 2882 enim
1256 2828 1486 2884 insidias
1540 2828 1810 2884 adversus
1861 2843 1989 2884 eum

404 2919 498 2990 qui
537 2935 730 2973 noxam
758 2935 864 2974 non
893 2920 1078 2975 ferret.

481 3014 757 3084 Ejusdem.
816 3013 1056 3082 Quilibet
1104 3029 1400 3085 perversus
1451 3016 1689 3071 declinat
1741 3015 1883 3070 mala
1937 3015 1990 3070 in

403 3123 531 3163 cum
569 3107 654 3161 cui
705 3121 904 3161 nocere
946 3106 1077 3172 vult,
1118 3107 1202 3161 vel
1236 3108 1288 3162 in
1323 3123 1448 3163 eum
1503 3109 1728 3178 quicum
1764 3105 1987 3176 injuste,

405 3198 486 3255 vel
525 3198 576 3252 in
603 3213 726 3253 eum
762 3197 980 3268 quicum
1015 3198 1178 3268 impie
1201 3199 1332 3270 agit.

481 3290 752 3360 Ejusdem.
790 3292 944 3348 Tunc
986 3292 1343 3357 inclinantur,
1390 3294 1610 3362 quando
1646 3303 1837 3351 contra
1888 3309 1989 3350 na-

404 3391 588 3438 turam
616 3398 921 3438 movemur.

482 3471 644 3528 Vsus.
677 3475 764 3529 15.
799 3474 1064 3541 Quoniam
1099 3493 1260 3547 pones
1289 3493 1379 3533 eos
1422 3478 1640 3532 dorsum
1679 3491 1699 3533 :
1747 3479 1806 3533 in
1867 3477 1992 3533 reti-

407 3566 547 3636 quiis
575 3568 680 3622 tuis
708 3568 1028 3638 prwparabis
1071 3569 1273 3623 vultum
1317 3586 1521 3637 eorum,
1556 3581 1662 3626 etc.
1695 3569 1988 3640 Postquam

409 3659 569 3730 positi
604 3657 812 3714 fuerint"
843 3659 1091 3716 odientes
1142 3660 1428 3717 Dominum
1460 3673 1521 3716 ut
1571 3662 1818 3719 clibanus
1851 3663 1991 3732 ignis

411 3752 464 3806 in
499 3762 739 3821 tempore
765 3749 944 3806 vultus
975 3751 1117 3820 ejus,
1163 3762 1217 3808 et
1242 3753 1551 3810 conturbati
1583 3754 1789 3810 fuerint
1818 3769 1848 3810 a
1884 3754 1992 3810 Do-

410 3845 562 3900 mino
617 3843 672 3898 in
723 3844 803 3898 ira
837 3843 980 3913 ejus,
1011 3859 1077 3900 ac
1104 3845 1450 3902 devoraverit
1495 3861 1590 3902 eos
1629 3847 1796 3918 ignis,
1824 3857 1991 3917 atque

410 3935 707 4007 perdiderit
734 3935 994 3992 Dominus
1023 3934 1261 3992 fructum
1293 3953 1480 3994 eorum
1515 3938 1582 3994 de
1612 3947 1782 4000 terra.
1850 3953 1989 4007 quo-

412 4028 555 4084 niam
589 4026 817 4099 spiritus
851 4026 1058 4082 l'ructus
1091 4043 1198 4084 non
1228 4037 1381 4095 erat;
1415 4039 1704 4098 postquam
1738 4029 1866 4084 item
1899 4044 1989 4084 se-

412 4131 531 4171 :neu
559 4131 748 4172 eorum
793 4115 1178 4187 disperdiderit
1201 4132 1229 4172 a
1256 4117 1382 4174 llliis
1409 4117 1690 4174 hominum
1721 4119 1988 4189 (declina-

409 4216 605 4262 verunt
643 4207 792 4262 enim
839 4207 1090 4263 odientes
1142 4208 1431 4264 Dominum
1475 4211 1616 4265 mala
1651 4211 1702 4266 in
1735 4226 1882 4278 eum,
1935 4219 1991 4268 et

411 4301 792 4371 cogitaverunt
822 4301 1046 4356 consilia
1075 4315 1197 4371 quae
1224 4316 1332 4356 non
1369 4309 1663 4371 potuerunt
1697 4303 1988 4374 stabilire),

409 4408 474 4447 ac
505 4401 789 4463 postquam
817 4402 1003 4462 postea
1035 4393 1281 4461 posuerit
1305 4393 1422 4448 illos
1446 4392 1715 4464 fugientes
1742 4395 1988 4461 dorsum,

411 4496 537 4540 tunc
573 4485 901 4557 praeparabit
933 4485 1140 4540 vultum
1174 4501 1362 4540 eorum
1396 4486 1448 4540 in
1479 4486 1744 4556 reliquiis,
1775 4497 1832 4543 ut
1867 4498 1990 4558 post

413 4585 491 4630 tot
526 4577 762 4644 dolores,
796 4576 1176 4631 remissionem
1218 4577 1534 4643 obtineant,
1564 4587 1620 4633 et
1648 4579 1714 4634 ad
1741 4589 1990 4634 contem-

411 4667 701 4737 plationem
735 4670 1081 4739 perveniant.

480 4829 648 4884 Vens.
678 4829 764 4884 14.
804 4829 1080 4894 EIaItnre,
1117 4827 1356 4896 Domine,
1401 4831 1455 4883 in
1488 4831 1680 4884 virtute
1708 4842 1825 4899 tua,
1864 4851 1992 4888 cano

395 4937 446 4978 In
467 4923 634 4977 bimus
687 4934 734 4977 et
787 4921 1072 4993 mallemus
1105 4922 1325 4976 virtutes
1378 4932 1519 4987 tuas,
1571 4934 1676 4979 etc.
1710 4925 1766 4980 Si
1821 4927 1992 4985 virtus

399 5013 486 5065 Dei
531 5012 779 5067 Christus
809 5025 914 5076 ρει,
950 5013 1074 5065 dum
1110 5011 1385 5066 exaltatur
1419 5013 1470 5067 in
1501 5013 1708 5069 virtute
1751 5033 1844 5070 sua
1879 5018 1985 5073 Do-

397 5110 504 5159 min
525 5121 605 5169 us,
654 5110 706 5160 in
754 5106 971 5162 Christo
1023 5104 1317 5160 cxaltalur.
1367 5107 1737 5164 Cauitautem
1765 5111 1984 5182 aliquis,

481 5227 523 5258 “
562 5225 732 5281 Exod.
760 5241 897 5282 xvn.
977 5224 1022 5257 ¹³
1052 5225 1192 5282 Osee
1223 5242 1318 5291 vn,
1349 5227 1405 5284 4.

405 5436 454 5491 G
643 5366 752 5421 Καὶ
807 5364 952 5431 τοὺς
994 5365 1110 5433 μὲν
1159 5365 1551 5435 ταχυτὰτους,
1605 5380 1712 5427 etc.
1764 5370 1990 5428 Schedw

463 5453 515 5490 ra
543 5453 618 5489 ιιι.

446 5575 458 5586 .
484 5504 595 5574 (45)
647 5505 828 5559 Τοῦτο
873 5509 1013 5574 περὶ
1057 5507 1588 5576 πονηρευομένων,
1638 5519 1744 5566 etc.
1787 5509 1990 5567 Corde-

412 5590 1017 5766 33§L€%.Tapdttorﬂu
1041 5646 1108 5701 δὲ
1129 5647 1227 5700 ἐπὶ
1252 5647 1607 5716 προσδοκίᾳ,
1635 5658 1741 5705 etc.
1769 5649 1993 5708 Schedm

489 5780 602 5851 (45)
622 5786 702 5838 Οὐ
737 5784 853 5854 τὴν
877 5787 1116 5854 οὐσίαν,
1148 5797 1252 5846 etc.
1273 5787 1514 5868 .Scbedtc
1539 5788 1745 5848 Grabii.

2092 1906 2191 1977 τὴν
2219 1904 2330 1977 (45)
2363 1905 2572 1969 οὐσίαν,
2611 1902 2915 1976 ἀνώλεθρος
2939 1902 3067 1974 γὰρ,
3103 1903 3236 1956 ἀλλὰ
3279 1903 3376 1973 τὴν
3414 1903 3678 1975 ποιότητα

2094 1996 2215 2049 καθ’
2249 1997 2314 2066 ἣν
2341 1995 2639 2066 ἐϐλάστησε
2667 1995 2820 2062 ξύλα,
2862 1997 3074 2067 χόρτον,
3109 1995 3382 2066 καλάμην,
3410 1996 3477 2049 τὰ
3509 2013 3676 2066 ﬂown-

2097 2089 2164 2159 ρὰ
2191 2088 2328 2160 ἔργα
2346 2107 2359 2120 ·
2389 2089 2421 2159 ἢ
2451 2089 2544 2141 καὶ
2572 2089 2708 2160 ὅπερ
2740 2089 2787 2140 οἱ
2815 2090 2976 2141 κακοὶ
3018 2090 3110 2142 καὶ
3139 2088 3417 2152 δυσσεϐεῖς
3448 2090 3677 2142 κατέϐα-

2091 2180 2182 2232 λον
2213 2179 2452 2251 σπέρμα,
2483 2180 2620 2251 ὅπερ
2654 2178 2902 2248 ἀφανίζει
2928 2181 2955 2232 ὁ
2989 2179 3122 2243 Θεὸς
3146 2180 3252 2233 ἀπὸ
3276 2181 3382 2232 τῶν
3414 2181 3542 2233 υἱῶν
3569 2183 3677 2234 τῶν

2092 2271 2415 2343 ἀνθρώπιον.
2454 2272 2759 2343 Εὐεργεσία
2790 2271 2846 2324 δέ
2899 2273 3042 2325 ἐστιν
3089 2275 3340 2326 ἐκπεσεῖν
3390 2273 3676 2345 ἁμαρτιῶν

2093 2365 2186 2417 καὶ
2235 2364 2454 2418 ἐννοιῶν
2495 2363 2764 2436 πονηρῶν.
2807 2364 3035 2435 Σπέρμα
3071 2361 3178 2436 γὰρ
3212 2365 3486 2437 ἁμαρτίας
3533 2366 3678 2434 λογι-

2095 2457 2229 2528 σμὸς
2262 2457 2515 2530 πονηρός.

2165 2549 2286 2602 Ὅτι
2312 2552 2564 2604 έκλιναν
2583 2551 2670 2616 εἰς
2696 2551 2770 2604 σὲ
2791 2551 2961 2615 κακὰ,
2997 2550 3412 2620 (Statariam-ro
3433 2551 3680 2619 βουλὴν

2094 2640 2174 2708 ἢν
2215 2643 2287 2696 οὐ
2324 2642 2410 2712 μὴ
2450 2643 2742 2697 δύνωνται
2787 2643 3030 2708 στῆσαι,
3079 2659 3130 2694 κ.
3168 2660 3217 2695 τ.
3242 2643 3287 2693 ἐ.
3327 2643 3424 2696 Διὰ
3460 2643 3677 2696 πάντων

2091 2738 2141 2788 οἱ
2174 2735 2366 2805 φαῦλοι
2396 2737 2503 2806 (46)
2536 2735 3004 2808 καταστραφέντες
3049 2733 3324 2796 ἀδυνάτοις
3367 2733 3676 2805 ἐπιχειροῦ-

2095 2847 2167 2884 ct.
2207 2829 2613 2897 Διαλογίζονται
2639 2828 2746 2899 γὰρ
2786 2825 3228 2896 ὲπιὸουλευτικὴν
3254 2825 3393 2878 κατὰ
3424 2825 3516 2878 τοῦ
3554 2825 3675 2896 pm.

2095 2921 2196 2994 δην
2225 2924 2299 2995 μὴ
2331 2923 2714 2995 ὑπομένοντος.

2171 3014 2282 3068 Τοῦ
2315 3015 2522 3069 αὐτοῦ.
2585 3016 2679 3078 Εἰς
2725 3014 2784 3068 ὃν
2829 3009 2968 3066 orm
3017 3010 3244 3074 ἕκαστος
3288 3009 3394 3063 τῶν
3425 3009 3675 3080 πονηρῶν

2096 3110 2434 3172 κακοποιεῖν,
2481 3106 2651 3161 κλίνει
2683 3106 2750 3160 τὰ
2782 3104 2947 3168 κακὰ,
3003 3103 3035 3174 ἢ
3073 3103 3151 3166 είς
3195 3102 3253 3155 ὃν
3289 3101 3484 3166 ἀδικεῖ,
3534 3101 3567 3172 ἢ
3599 3103 3678 3168 εἰς

2087 3198 2153 3252 ὃν
2181 3198 2387 3252 ἀσεϐεῖ.

2170 3292 2279 3347 Τοῦ
2305 3292 2512 3348 αὐτοῦ.
2543 3288 2678 3346 Τότε
2719 3290 3030 3362 κλινόμεθα,
3081 3291 3168 3342 ὅτε
3203 3288 3354 3361 παρὰ
3400 3289 3560 3360 φύσιν
3590 3307 3678 3344 κι-

2089 3382 2356 3454 νούμεϐα.

2167 3474 2288 3527 Ὅτι
2316 3473 2526 3541 θήσεις
2547 3473 2770 3540 αὐτοὺς
2805 3472 3023 3528 νῶτον
3058 3475 3128 3528 ἐν
3156 3473 3282 3539 τοῖς
3309 3473 3679 3540 περιλοὶποις

2090 3577 2211 3618 σου
2243 3564 2578 3634 ἐτοιμάσεις
2601 3565 2666 3618 τὸ
2690 3563 3246 3632 πρόσωπον-αὐτῶν,
3281 3581 3335 3618 κ.
3357 3580 3405 3616 τ.
3436 3566 3483 3619 ἒ.
3523 3562 3678 3618 Μετὰ

2092 3653 2337 3708 τίθεσθαι
2369 3655 2478 3726 (47)
2517 3657 2644 3719 τοὺς
2679 3656 2971 3726 μισοῦντας
2997 3655 3089 3708 τὸν
3121 3656 3324 3727 Κύριον
3380 3655 3461 3721 ὡς
3491 3655 3679 3710 κλίϐα-

2092 3764 2182 3804 νον
2214 3747 2384 3818 πυρὸς
2417 3749 2497 3811 εἰς
2524 3747 2714 3820 καιρὸν
2743 3747 2837 3801 τοῦ
2872 3747 3165 3820 προσώπου
3207 3747 3393 3813 αὐτοῦ,
3429 3749 3524 3802 καὶ
3556 3767 3679 3803 συν-

2091 3837 2458 3909 ταράσσεσθαι
2506 3839 2701 3902 αὐτοὺς
2734 3838 2838 3892 ὑπὸ
2883 3839 3086 3911 Κυρίου
3122 3842 3180 3894 ἐν
3227 3842 3293 3912 τῇ
3323 3841 3459 3912 ὀργῇ
3489 3841 3676 3907 αὐτοῦ,

2093 3929 2187 3983 καὶ
2211 3930 2374 4001 ἡνίκα
2418 3931 2802 4005 καταφάγηται
2848 3932 3044 3998 αὐτοὺς
3075 3932 3208 4006 πῦρ,
3253 3935 3347 3988 καὶ
3378 3934 3619 4009 ἀπολέσῃ
3650 3938 3680 3990 ὁ

2093 4020 2294 4093 Κύριος
2316 4021 2406 4074 τὸν
2433 4023 2644 4092 καρπὸν
2677 4024 2858 4078 αὐτῶν
2883 4025 2990 4078 ἀπὸ
3015 4025 3140 4095 γῆς,
3169 4027 3400 4097 ἐπείπερ
3426 4027 3484 4080 οὐ
3518 4027 3679 4081 πνεύ-

2097 4130 2264 4184 ματος
2300 4115 2512 4186 καρπὸς
2539 4112 2606 4187 ἦν
2626 4133 2640 4144 ·
2675 4116 2770 4170 καὶ
2801 4117 2939 4170 ἐπὰν
2971 4117 3032 4170 τὸ
3066 4118 3288 4191 σπέρμα
3337 4119 3513 4173 αὐτῶν
3544 4121 3679 4174 ἀπο-

2092 4201 2224 4273 λέσῃ
2251 4203 2358 4256 ἀπὸ
2407 4203 2537 4259 υἱῶν
2583 4205 2884 4278 ἀνθρώπων
2931 4207 3166 4279 (ἔκλιναν
3203 4209 3311 4281 γὰρ
3355 4211 3404 4262 οἱ
3461 4211 3679 4280 μισοῦν-

2092 4313 2182 4360 τες
2208 4296 2415 4368 Κύριον
2443 4299 2587 4352 κακὰ
2615 4301 2694 4363 εἰς
2741 4299 2922 4368 αὑτὸν,
2952 4303 3045 4355 καὶ
3069 4301 3434 4370 διελογίσαντο
3461 4303 3674 4374 βουλὰς,

2093 4387 2159 4450 ἃς
2189 4388 2383 4459 στῆσαι
2435 4391 2496 4443 ού
2547 4390 2844 4463 δύνανται)·
2898 4393 2992 4446 καὶ
3042 4392 3181 4446 ἐπὰν
3228 4395 3366 4464 μετὰ
3407 4395 3578 4448 ταῦτα
3609 4396 3674 4468 Οῇ

2023 4515 2068 4570 D
2095 4479 2290 4544 αὐτοὺς
2320 4481 2621 4551 φεῦγοντας
2654 4484 2840 4550 νῶτον,
2894 4484 3015 4538 τότε
3067 4487 3343 4556 ἑτοιμάσει
3376 4487 3438 4538 τὸ
3461 4487 3675 4558 πρόσω-

2095 4589 2197 4625 πον
2230 4573 2409 4629 αὐτῶν
2456 4577 2512 4630 ὲν
2557 4579 2668 4641 τοῖς
2706 4577 3058 4650 περιλοίποις,
3097 4580 3180 4630 ἵνα
3225 4581 3317 4631 καὶ
3365 4581 3419 4631 ἐν
3466 4580 3677 4644 τούτοις

2097 4665 2232 4735 μετὰ
2280 4669 2402 4732 τοὺς
2450 4670 2737 4733 τοσούτους
2779 4670 3015 4732 ἀνέσεως
3058 4669 3280 4739 τύχωσι,
3329 4671 3422 4724 καὶ
3467 4670 3675 4746 θεωρὴ-

2097 4770 2253 4809 σωσι.

2177 4847 2481 4916 Ὺψώθητι,
2512 4853 2712 4919 Κύριε,
2749 4852 2818 4904 ἐν
2858 4849 2931 4918 τῇ
2959 4850 3210 4921 δυνάμει
3259 4871 3406 4908 σου·
3449 4855 3677 4924 ᾅσομεν

2095 4939 2192 4992 καὶ
2248 4941 2566 5010 ἰί-αλοῦμεν
2603 4942 2710 5008 τὰς
2760 4941 3121 5010 δυναστείας
3154 4958 3290 5006 σου,
3341 4962 3394 4998 κ.
3433 4964 3482 5000 τ.
3525 4948 3572 5001 ἐ.
3615 4948 3676 5001 EE

2095 5029 2321 5100 δύναμις
2344 5031 2479 5086 Θεοῦ
2514 5031 2626 5104 (48)
2652 5037 2681 5087 ὁ
2717 5037 2971 5107 Χριστὸς,
3005 5035 3308 5107 ὑψούμενος
3339 5039 3396 5092 ὲν
3420 5041 3484 5110 τῇ
3517 5039 3677 5094 δυνά-

2097 5138 2188 5192 μει
2223 5123 2416 5176 ἑαυτοῦ
2445 5126 2474 5177 ὁ
2512 5125 2736 5196 Κύριος,
2789 5129 2847 5181 ἐν
2881 5127 3103 5198 Χριστῷ
3137 5127 3384 5198 ὑψοῦται.
3438 5131 3583 5202 ’ᾼδει
3623 5131 3679 5185 δέ

2098 5373 2282 5500 vim)
2327 5374 2430 5429 Διά
2466 5375 2706 5430 πάντων
2736 5379 2790 5430 οἱ
2819 5376 3076 5446 φαῦλοι,
3124 5383 3232 5431 etc.
3271 5373 3500 5430 Scbedaz
3546 5375 3681 5432 cra.

2141 5463 2198 5500 ιι.

2170 5515 2281 5585 (47)
2311 5514 2473 5570 Μετὰ
2498 5516 2784 5580 τίθεσθαι,
2817 5525 2926 5571 etc.
2957 5514 3139 5569 Codex
3174 5515 3540 5570 Coislinianus
3571 5516 3679 5569 Eu—

2099 5586 2249 5639 sebio
2281 5588 2501 5648 tribuit.
2546 5587 2842 5640 Corderius
2885 5601 3188 5656 anonymo,
3236 5587 3450 5656 scheda;
3492 5586 3679 5640 Gratiii

2098 5657 2341 5726 Origeni.
2373 5656 2532 5711 Certe
2563 5657 2618 5711 in
2652 5657 2866 5712 Eusebii
2899 5655 3311 5712 commentariis
3341 5656 3393 5710 in
3429 5655 3676 5714 Psalmos

2102 5725 2254 5795 nihil~
2269 5726 2444 5780 simile
2471 5729 2758 5795 reperitur.

2173 5793 2286 5864 (48)
2319 5797 2386 5851 El
2417 5793 2669 5866 δύναμις
2699 5796 2870 5864 Θεοῦ,
2896 5803 3005 5872 etc.
3037 5793 3349 5852 Corderius.
