4100 6400
411 317 428 372 ι
440 319 544 376 253

1357 316 1670 375 SELECTA
1703 317 1768 374 IN
1803 318 2141 378 PSALMOS.
2187 351 2254 363 --
2291 319 2490 378 PSAL.
2526 319 2664 377 XXI.

3531 318 3670 375 i25|

407 449 484 497 τις
507 430 746 503 θεωρῶν,
776 432 870 488 καὶ
899 431 1089 502 ψάλλει
1129 431 1251 484 κατ’
1281 431 1480 503 ἀρετὴν
1527 431 1785 504 ἐνεργῶν.
1817 433 1909 485 Δεῖ
1929 433 1975 486 δὲ

2092 433 2306 501 quando
2331 431 2750 502 contemplatur;
2788 439 2843 486 et
2874 428 3077 502 psallit,
3109 444 3232 486 cum
3260 430 3514 486 virtutem
3540 447 3673 500 ope-

401 520 498 578 καὶ
536 521 760 594 θεωρεῖν
787 521 886 586 τὰς
911 519 1230 585 δυναστείας
1256 519 1442 586 αὐτοῦ,
1477 521 1572 576 καὶ
1600 519 1742 576 κατά
1781 522 1984 585 ταύτας

401 614 682 688 πράττειν.

943 790 1243 846 ’ΨΑΛΜΟΣ
1279 793 1412 846 KA'.

481 879 536 935 Ὀ
556 881 730 948 Θεὸς,
761 883 793 934 ό
815 882 957 948 Θεός
973 899 1112 952 μου,
1137 882 1405 950 πρόσχες
1431 895 1554 949 μοι’
1584 881 1685 936 ἵνα
1716 883 1773 937 τί
1803 884 1979 954 ἐγκα-

399 971 639 1040 τέλιπές
666 991 757 1044 με,
794 993 857 1029 -κ.
881 993 931 1031 τ.
955 976 1001 1029 ἐ.
1043 973 1189 1049 Α’ύτη
1241 976 1274 1048 ἦ
1318 977 1470 1049 φωνὴ
1497 977 1608 1050 (49)
1645 979 1738 1033 τοῦ
1771 981 1977 1052 Κυρίου

395 1064 658 1140 Χριστοῦ,
705 1067 782 1138 τῷ
829 1068 1044 1140 σταυρῷ
1074 1068 1520 1143 προσηλωμένον,
1577 1071 1669 1126 καὶ⁹
1715 1072 1889 1137 ἄλλως
1919 1074 1978 1128 δέ

394 1163 561 1214 τυποί
583 1161 642 1214 τὸ
669 1161 933 1234 ἡμέτερον
964 1161 1156 1228 πάθος.
1197 1164 1390 1235 Ἡμεῖς
1411 1163 1520 1235 γὰρ
1545 1160 1686 1236 ἦμεν
1731 1168 1779 1219 οἱ
1814 1167 1982 1236 ἐγκα-

391 1251 810 1324 ταλελειμμένοι
837 1255 931 1309 καλ⁸
957 1255 1374 1329 παρεωραμένοι
1403 1257 1694 1328 πρότερον·
1736 1254 1854 1312 εἶτα
1885 1257 1980 1312 νῦν

399 1343 864 1417 προσειλημμένοι
905 1348 1000 1401 καὶ
1055 1347 1387 1418 σεσωσμένοι
1431 1349 1542 1411 τοῖς
1595 1348 1690 1402 τοῦ
1734 1348 1981 1416 ἀπαθοῦς

398 1434 648 1500 πάθεσιν,
683 1436 870 1509 ὥσπερ
919 1437 1017 1510 τὴν
1061 1438 1369 1510 ἀφροσύνην
1395 1439 1552 1510 ἡμῶν
1579 1441 1674 1494 καὶ
1715 1441 1777 1494 τὸ
1800 1442 1980 1514 πλημ-

403 1526 560 1596 μελὲς
585 1528 968 1599 οἰκειούμενος,
1016 1527 1105 1583 διά
1133 1528 1242 1583 τῶν
1276 1529 1400 1601 ἑξῆς
1431 1528 1521 1583 τοῦ
1561 1531 1776 1602 ψαλμοῦ
1809 1548 1975 1604 φησι·

2090 535 2266 582 ratur.
2312 526 2582 580 Caeterum
2618 524 2852 580 virtutes
2895 523 3010 594 ejus
3040 525 3471 597 contemplanda;
3516 533 3666 590 sunt.

2085 627 2148 675 et
2182 620 2249 675 ad
2277 619 2396 675 illas
2423 619 2534 674 vita
2563 617 2853 689 exigenda.

2625 799 2951 857 PSALMUS
2988 803 3130 857 XXI.

2159 890 2328 947 Vens.
2368 891 2423 947 2.
2465 891 2623 961 Deus,
2655 892 2796 949 Deus
2826 911 2996 960 meus,
3025 896 3222 964 respice
3251 896 3306 950 in
3351 911 3431 949 me
3455 913 3473 951 :
3501 910 3667 966 quare

2085 999 2168 1038 me
2198 985 2551 1057 dereliquisti,
2585 994 2693 1042 etc.
2722 985 2849 1042 Haec
2875 994 2960 1042 est
3001 963 3213 1041 Domini
3256 987 3458 1042 Christi
3496 963 3680 1041 crnci-
3719 963 3729 998 ᾖ

2087 1075 2178 1129 (ixi
2212 1089 2339 1139 vox,
2386 1090 2506 1146 quae
2546 1073 2770 1132 aliunde
2806 1076 3007 1146 ﬁgurat
3059 1077 3204 1148 quod
3236 1078 3396 1134 nobis
3448 1079 3663 1135 accidit.

2088 1163 2196 1222 Nos
2234 1166 2377 1222 enim
2401 1181 2622 1224 eramus
2651 1167 2802 1238 prius
2833 1168 3082 1224 derelicti
3111 1178 3167 1224 et
3193 1169 3458 1240 despecti,
3521 1184 3669 1224 nunc

2087 1273 2220 1316 vero
2249 1261 2594 1330 postmodum
2622 1261 2884 1331 assumpti
2915 1270 2970 1316 et
2995 1262 3128 1318 saivi
3165 1263 3295 1318 facti
3321 1264 3664 1334 passionibus

2087 1351 2206 1422 ejus
2232 1351 2325 1422 qui
2354 1367 2460 1407 non
2484 1360 2597 1406 erat
2624 1352 2973 1422 passionibus
2997 1355 3286 1420 obnoxius,
3315 1355 3662 1424 quemadmo-

2087 1443 2214 1498 dum
2261 1444 2630 1514 insipientiam
2679 1453 2924 1500 nostram
2972 1453 3027 1501 et
3075 1445 3333 1502 delictum
3373 1446 3476 1500 sibi
3503 1446 3666 1517 620

2088 1537 2530 1604 accommodans,
2584 1539 2869 1607 sequentia
2920 1537 3112 1607 psalmi
3166 1539 3331 1595 verba
3387 1540 3598 1609 profert
3647 1552 3667 1592 :

399 1635 424 1668 ι
443 1618 678 1690 Μακρὰν
707 1619 815 1672 ἀπὸ
839 1620 940 1691 τῆς
968 1620 1240 1692 σωτηρίας
1273 1637 1375 1692 μου
1405 1623 1456 1675 oi
1486 1621 1634 1691 λόγοι
1658 1623 1767 1678 τῶν
1798 1641 1975 1697 παρα-

2089 1647 2112 1682 ι
2151 1629 2334 1702 Longe
2361 1647 2388 1685 a
2420 1632 2592 1687 salute
2625 1648 2746 1688 mea
2779 1637 2943 1687 verba
2986 1633 3306 1690 delictorum
3340 1650 3608 1692 meorum.
3642 1652 3662 1684 ι

399 1711 708 1781 πτωμάτων
739 1730 857 1784 μου.
883 1731 900 1763 ι
948 1713 1036 1777 Ὠς
1074 1713 1229 1782 ἔλεγε
1252 1713 1363 1784 (50)
1383 1731 1398 1745 ·
1426 1714 1660 1786 Μακράν
1697 1734 1763 1788 με
1795 1718 1982 1773 ποιοῦ-

394 1816 450 1852 σι
479 1799 576 1871 τῆς
605 1803 876 1872 σωτηρίας
910 1804 963 1856 αί
994 1804 1280 1875 ἁμαρτίαι.

470 1914 552 1967 Σὺ
603 1914 670 1968 δὲ
713 1916 782 1969 ἐν
823 1917 967 1987 ἁγίῳ
1011 1920 1303 1987 κατοικεῖς
1349 1923 1384 1976 ό
1431 1923 1678 1990 ἔπαινος
1715 1925 1820 1980 τοῦ
1873 1926 1982 1980 Ἰσ-

386 2005 574 2074 ραὴλ,
607 2024 661 2062 κ.
689 2025 738 2060 τ.
766 2008 814 2061 ὲ.
884 2008 1163 2064 Ἐντεῦθεν
1206 2013 1548 2086 μανθάνομεν
1579 2013 1714 2087 (51),
1757 2019 1837 2072 ὅτι
1881 2018 1981 2071 αύ-

396 2098 676 2163 τοέπαινός
716 2099 862 2153 ἐστιν
905 2102 1179 2174 ὀΚύριος,
1224 2105 1316 2158 καὶ
1359 2106 1578 2171 ἔπαινος
1615 2105 1841 2180 μακράν
1882 2107 1976 2162 τοῦ

411 2189 644 2261 Ἰσραήλ.

480 2281 620 2350 Ἐγὼ
641 2282 708 2336 δέ
728 2285 841 2352 ειμι
873 2284 1119 2353 σκώληξ
1145 2288 1242 2341 καὶ
1273 2289 1380 2341 οὐκ
1415 2287 1744 2356 ἅνθρωπος,
1777 2309 1829 2344 κ.
1854 2309 1901 2344 τ.
1929 2294 1975 2347 ἒ.

407 2371 465 2424 'U
498 2372 711 2445 σκώληξ
743 2375 854 2446 (52)
903 2377 1002 2430 ούκ
1040 2379 1105 2431 ἐκ
1158 2379 1500 2450 συνδυασμοῦ
1545 2385 1820 2449 γεννᾶται,
1865 2383 1979 2436 ἀλλ’

393 2465 502 2518 ἀπὸ
547 2465 723 2530 ξύλου,
778 2469 872 2521 καὶ
921 2469 1194 2524 κατεσθίει
1237 2469 1388 2538 ξύλα,
1437 2473 1647 2544 χόρτον,
1705 2475 1976 2546 καλάμην.

393 2557 548 2627 Τάχα
598 2559 690 2611 καὶ
720 2561 747 2612 ὁ
784 2559 915 2624 Θεδς
942 2560 1099 2631 ἡμῶν
1131 2560 1241 2634 πῦρ
1289 2565 1406 2616 ἐστι
1450 2564 1843 2619 καταναλίσκον
1883 2569 1979 2636 τὴν

396 2650 676 2722 μοχθηράν
722 2653 814 2706 καὶ
847 2651 1154 2725 εὔπρηστον
1205 2651 1358 2728 ὓλην.
1410 2657 1474 2709 Ei
1519 2656 1574 2709 δὲ
1624 2657 1754 2724 ξύλα
1799 2658 1893 2714 καὶ
1923 2661 1978 2711 ai

391 2743 609 2814 λογικαὶ
630 2745 986 2816 ὀνομάζονται
1010 2745 1228 2816 φύσεις·
1269 2747 1395 2801 «Σὲ»
1430 2750 1559 2822 γὰρ,
1587 2751 1772 2822 φησιν,
1808 2771 1824 2802 ι
1854 2750 1980 2822 ἐζή-

382 2834 570 2890 λωσαν
609 2837 785 2892 πάντα
833 2838 900 2892 τὰ
934 2838 1065 2904 ξύλα
1099 2838 1193 2892 τοῦ
1235 2841 1588 2911 παραδείσου,
1619 2860 1637 2893 ι
1678 2843 1736 2894 ἐν
1766 2842 1822 2896 δέ
1851 2842 1980 2896 ταύ-

389 2943 510 2990 ταις
539 2928 748 2996 πέφυκε
770 2928 1060 2996 γεννᾶσθαι
1087 2931 1321 3002 Χριστὸς
1345 2931 1419 2993 ὡς
1448 2931 1629 3000 σοφία,
1665 2932 1757 2986 καὶ
1779 2933 1980 2986 δικαιο-

2085 1719 2249 1789 Quasi
2277 1723 2482 1778 diceret
2512 1742 2524 1779 :
2563 1723 2810 1780 Procula
2837 1723 3013 1779 salute
3063 1741 3148 1780 me
3175 1735 3400 1796 peccata
3439 1726 3664 1782 faciunt.

2156 1905 2326 1960 Vens.
2363 1905 2418 1960 4.
2454 1905 2531 1959 Tu
2562 1919 2733 1959 autem
2768 1907 2822 1960 in
2859 1914 3042 1960 sancto
3076 1905 3285 1960 habitas
3313 1905 3433 1960 laus
3467 1905 3662 1971 Israel,

2082 2008 2194 2052 etc.
2221 1995 2361 2051 Hinc
2402 1996 2662 2051 discimus
2715 1996 3000 2052 Dominum
3051 2011 3171 2053 esse
3223 1997 3436 2052 laudem
3470 1998 3664 2068 ipsam,

2083 2103 2138 2150 et
2170 2093 2403 2149 maxime
2431 2091 2642 2147 laudem
2669 2092 2853 2147 Israel.

2154 2267 2320 2324 Vens.
2356 2269 2411 2324 7.
2469 2269 2581 2338 Ego
2637 2278 2813 2321 autem
2863 2281 2977 2320 sum
3012 2267 3201 2320 vermis
3252 2275 3301 2319 et
3359 2266 3664 2330 nauliomo,

2083 2365 2190 2412 etc.
2224 2356 2340 2412 Non
2368 2358 2542 2412 oritur
2570 2358 2772 2412 vermis
2813 2370 2880 2412 ex
2913 2357 3127 2426 copula,
3167 2357 3261 2412 sed
3297 2371 3362 2411 ex
3416 2356 3585 2428 ligno,
3611 2365 3667 2409 et

2085 2449 2226 2504 rodit
2280 2450 2447 2520 ligna,
2504 2451 2728 2514 fututum,
2775 2449 3056 2520 stipulam.
3123 2449 3379 2504 Fortasse
3435 2458 3489 2504 et
3523 2451 3666 2505 Deus

2085 2550 2270 2595 noster
2302 2540 2444 2609 ignis
2473 2551 2555 2594 est
2583 2556 2911 2596 consumens
2947 2556 3170 2612 pravam
3207 2551 3261 2595 et
3309 2540 3667 2596 eomhustihi-

2085 2634 2189 2688 lem
2221 2634 2525 2688 materiam.
2565 2633 2718 2700 Quod
2749 2635 2790 2688 si
2823 2634 3094 2703 lignorum
3131 2634 3392 2689 vocabulo
3425 2635 3666 2689 rationa-

2086 2725 2220 2780 biles
2245 2738 2458 2795 qnoque
2487 2735 2692 2779 natura:
2723 2725 3066 2794 appellantur
3098 2740 3112 2775 :
3149 2742 3169 2774 ι
3206 2723 3281 2778 Te
3328 2745 3346 2777 ι
3384 2725 3552 2793 enim,
3586 2725 3668 2780 in-

2083 2816 2202 2888 quit
2231 2815 2297 2880 “,
2329 2832 2348 2866 ι
2397 2816 2646 2869 scutulata
2697 2824 2823 2869 sunt
2851 2817 3031 2869 omnia
3067 2814 3210 2883 ligna
3248 2815 3511 2882 paradisi,
3555 2834 3574 2867 ι
3611 2816 3666 2870 in

2085 2909 2168 2961 his
2192 2917 2371 2961 autem
2404 2905 2537 2960 solet
2567 2905 2715 2960 nasci
2744 2904 3012 2968 Christus,
3039 2915 3098 2958 ut
3121 2905 3383 2972 sapientia
3422 2915 3476 2961 et
3501 2904 3668 2974 justi-

392 3018 526 3087 σύνη
550 3036 562 3049 ·
602 2993 792 3083 καλῶς.
823 3021 851 3072 ὁ
878 3021 1113 3093 Χριστὸς
1139 2993 1464 3092 όνομάζεται
1504 2993 1722 3094 σκώληξ
1763 3023 1820 3075 ἐν
1865 3025 1975 3087 τοῖς

2085 2997 2178 3064 tia,
2211 2997 2439 3066 pulchre
2492 2996 2742 3051 Christus
2787 2995 2988 3049 dicitur
3035 2996 3235 3049 vermis
3283 2997 3337 3049 in
3395 2996 3662 3064 ejusmodi

389 3110 652 3174 τοιούτοις
682 3109 860 3177 ξύλοις
885 3111 1192 3182 γενόμενος.
1236 3112 1394 3167 Ἀλλὰ
1425 3114 1520 3167 καὶ
1545 3113 1621 3179 ὡς
1654 3114 1871 3188 σκώληξ
1895 3117 1980 3170 δέ-

382 3199 523 3272 λεαρ
554 3200 744 3270 γέγονε
774 3200 852 3272 τῷ
898 3201 1126 3273 διαϐόλῳ
1178 3203 1270 3256 καὶ
1312 3206 1424 3265 τοῖς
1471 3206 1726 3274 ἀγγέλοις
1771 3206 1975 3262 αὐτοῦ’

388 3293 488 3349 καὶ
517 3293 834 3366 εὑρίσκεται
885 3293 981 3365 μὲν
1022 3293 1101 3365 τῷ
1150 3294 1298 3366 σοφῷ
1343 3297 1524 3363 εὐθὺς,
1571 3299 1648 3370 τῷ
1678 3299 1736 3353 δὲ
1783 3301 1978 3371 ἄφρονι

391 3383 623 3446 σκολιός.
672 3382 882 3437 Γίνεται
909 3382 966 3436 δὲ
998 3383 1092 3437 καὶ
1141 3386 1278 3457 ἡμῖν
1330 3385 1704 3459 ἁμαρτάνουσι
1738 3388 1974 3464 σκώληξ,

384 3472 486 3545 τὴν
518 3473 819 3544 συνείδησιν
850 3472 1010 3546 ἡμῶν
1037 3475 1326 3548 διελέγχων
1362 3479 1454 3532 καὶ⁹
1483 3480 1874 3552 κατατρώγων.

462 3566 591 3622 Ὅτι
622 3567 703 3621 σὺ
747 3568 805 3622 εἴ
840 3569 874 3622 ό
902 3567 1225 3637 ἐκσπὰσας
1253 3589 1331 3640 με
1378 3573 1446 3627 ἐκ
1494 3577 1775 3645 γαστρὸς,
1817 3577 1856 3645 ή
1883 3577 1979 3632 ἑλ-

387 3660 490 3726 πίς
530 3679 651 3730 μου
698 3659 814 3715 ἀπὸ
842 3660 1092 3731 μαστῶν
1141 3662 1252 3732 τῆς
1289 3666 1516 3735 μητρός
1550 3685 1691 3737 μου,
1738 3687 1792 3723 κ.
1834 3687 1882 3724 τ.
1928 3671 1972 3723 ἑ.

387 3752 522 3806 Θεὸν
558 3751 664 3824 γάρ
706 3754 995 3824 γενόμενον
1042 3754 1154 3827 (53)
1200 3755 1228 3809 ὁ
1260 3752 1450 3830 Πατὴρ
1500 3759 1865 3830 ἐμαιεύσατο·
1900 3759 1978 3816 οἷ-

388 3863 489 3917 μαι
521 3845 576 3899 δὲ
609 3846 706 3900 καὶ
740 3847 898 3917 μόνον
926 3846 1034 3900 τῶν
1066 3848 1147 3910 εἰς
1187 3847 1402 3916 γένεσιν
1446 3851 1803 3921 ἐληλυθότων,
1854 3855 1977 3910 ἐπεὶ

387 3939 482 3992 καὶ
517 3938 677 4009 μόνος
726 3937 785 4006 ἐξ
835 3939 990 4007 ἁγίου
1035 3939 1352 4011 Πνεύματος
1391 3937 1480 4013 ἦν.
1533 3943 1598 3996 Ei
1644 3944 1701 3998 δὲ
1735 3946 1976 4011 ἐλπίζειν

385 4033 504 4105 ᾔδει
532 4032 611 4086 ἔτι
636 4031 1026 4102 γαλακτοδοτού
1036 4049 1192 4103 μενος
1213 4031 1530 4104 τελειότητι,
1561 4034 1698 4106 πρὸς
1719 4037 1805 4101 τὸ,
1841 4054 1861 4088 ι
1885 4039 1977 4092 ἐκ-

388 4126 602 4190 σπάσας
634 4144 722 4198 με,
749 4147 767 4176 ι
814 4125 1031 4196 λεχθείη
1064 4125 1152 4190 ἂν,
1185 4126 1266 4178 ὅτι
1302 4126 1395 4180 καὶ
1426 4125 1516 4180 ἵνα
1549 4127 1625 4198 μὴ
1657 4127 1850 4201 ἐξέλθῃ
1876 4129 1974 4201 τῆς

385 4219 642 4290 γαστρὸς,
677 4215 1064 4272 ἐπεϐουλεύετο
1089 4217 1184 4270 καὶ
1213 4215 1502 4280 ἐκωλύετο,
1539 4216 1615 4280 ὡς
1640 4216 1845 4271 δεῖσθαι
1877 4217 1974 4271 τοῦ

385 4305 520 4359 θεοῦ
555 4305 863 4369 ἐκσπῶντος
913 4303 1074 4358 αὑτὸν
1116 4302 1226 4358 ἀπὸ
1279 4305 1534 4377 γαστρός.
1587 4306 1740 4378 Τάχα
1771 4307 1828 4360 δὲ
1874 4308 1964 4361 κατ
2002 4343 2046 4399 D

385 4399 564 4454 πάντα
595 4398 684 4453 τὸν
729 4396 1064 4469 γεννώμενον
1108 4396 1338 4468 ἀόρατός
1379 4415 1463 4461 τις
1513 4398 1742 4470 δύναμις
1787 4401 1966 4473 ἐκσπᾷ

383 4493 492 4548 ἀπὸ
532 4493 632 4564 τῆς
662 4491 900 4563 γαστρός
919 4508 931 4520 ·
986 4489 1119 4559 ἁγία
1149 4491 1267 4562 μὲν,
1295 4489 1371 4554 ὡς
1415 4490 1508 4545 τὸν
1536 4491 1749 4546 Παῦλον
1773 4493 1968 4566 ἀφορι-

384 4584 608 4657 ζόμενον
630 4587 696 4639 ἐκ
721 4584 926 4647 κοιλίας
951 4583 1153 4655 μητρός
1173 4601 1186 4614 ο
1221 4582 1417 4656 χείρων
1445 4583 1520 4649 δέ,
1549 4583 1625 4648 ὼς
1644 4586 1770 4649 τοὺς
1797 4586 1969 4658 ἀπηλ-

382 4675 782 4748 λοτριωμένους
815 4674 922 4730 ἀπὸ
950 4675 1163 4746 μήτρας
1184 4674 1558 4746 ἁμαρτωλούς.
1594 4677 1770 4730 Μόνον
1798 4677 1854 4730 δὲ
1874 4677 1966 4732 τὸν

382 4767 610 4837 Σωτῆρα
644 4766 805 4828 αὐτὸς
831 4765 1131 4831 ἐξέσπασεν
1155 4763 1184 4816 ὁ
1213 4765 1404 4836 Πατὴρ
1439 4766 1547 4818 ἀπὸ
1577 4767 1675 4837 τῆς
1707 4767 1966 4839 γαστρὸς,

380 4855 521 4910 ὥστε
554 4854 716 4910 αὑτὸν
762 4853 856 4906 τοῦ
909 4853 1192 4924 ἐξαιρέτου
1244 4854 1631 4926 αἰσθανόμενον
1683 4857 1963 4928 εἰρηκέναι

377 4948 461 5002 τό.
497 4949 651 5000 ι”Οτι
697 4947 762 5000 σὺ
807 4942 859 4998 εἴ
903 4948 931 4998 ὁ
960 4947 1242 5009 ἐκσπάσας
1287 4964 1353 5017 με
1388 4948 1454 4999 ὲκ
1497 4949 1762 5018 γαστρός·
1795 4969 1813 5002 ι
1853 4950 1962 5004 τῶν

379 5041 552 5096 ἄλλων
588 5038 890 5112 ἀνθρώπων
931 5039 1030 5092 οὐκ
1070 5039 1482 5110 ἐκσπασμένων,
1529 5039 1644 5093 ἀλλ’
1669 5041 1960 5112 ἐξερχομέ-

378 5148 519 5186 νωνο
573 5129 836 5202 «Ἐξῆλθε
861 5148 879 5181 ι
923 5129 1052 5201 γὰρ,
1097 5130 1283 5201 φησὶν,
1329 5148 1348 5180 ι
1388 5132 1417 5183 ό
1461 5119 1629 5185 Ἠσαῦ
1661 5133 1791 5187 ὡσεὶ
1828 5135 1960 5206 δορὰ

378 5222 562 5288 δασύς.
597 5241 616 5276 ι
663 5222 760 5276 Διὰ
807 5221 965 5274 τοῦτο
996 5221 1052 5275 δέ
1089 5221 1247 5292 μόνος
1292 5222 1352 5274 οὐ
1387 5221 1608 5290 γέγονεν
1641 5225 1698 5278 ἐν
1745 5229 1811 5297 τῇ
1851 5227 1961 5280 τῶν

452 5359 497 5392 ⁸⁸
527 5359 727 5415 Ειιεεὴ.
767 5358 980 5424 ιιιιι,9.
1058 5358 1102 5389 ¹⁸
1147 5357 1284 5413 ben.
1333 5373 1461 5425 xxv,
1502 5358 1594 5414 25.

448 5497 562 5570 (49)
590 5497 761 5570 Αὕτη,
791 5496 836 5570 ἠ
870 5494 1041 5570 φωνή
1061 5534 1076 5558 ,
1109 5504 1212 5551 etc.
1247 5493 1538 5570 Corderius
1563 5534 1577 5556 ,
1603 5491 1740 5570 qui.
1767 5501 1826 5570 et_
1873 5491 1948 5545 si-

377 5560 696 5624 milia'iere
741 5560 914 5624 habet
964 5560 1063 5621 sub
1119 5565 1336 5621 nomine
1387 5560 1656 5634 Gregorii
1696 5560 1947 5616 Naaian~

376 5654 560 5836 262%)
597 5709 698 5834 Li);
723 5709 914 5780 ἔλεγε,
948 5718 1055 5767 etc.
1081 5705 1265 5764 Codex
1294 5703 1682 5770 Coislinianus,
1712 5709 1768 5758 et
1797 5701 1954 5758 sche-

413 5797 457 5836 ai
533 5796 588 5835 ra
634 5797 686 5834 tl.

413 5797 457 5837 22
483 5796 686 5836 υΓὶΙυιΙ.

2085 3087 2242 3158 lignis
2271 3096 2450 3142 natus.
2501 3085 2606 3141 Sed
2654 3093 2710 3140 et
2763 3094 3018 3153 tauquam
3075 3084 3280 3139 vermis
3320 3099 3448 3140 esca
3482 3085 3665 3140 iactus

2083 3189 2165 3235 est
2201 3179 2414 3234 diabolo
2441 3188 2495 3235 et
2530 3178 2734 3248 angelis
2782 3175 2920 3245 ejus.
2958 3175 3206 3246 Sapienti
3259 3177 3482 3244 insuper
3511 3177 3666 3232 inve-

2082 3273 2232 3327 nitur
2289 3281 2491 3338 rectus,
2525 3271 2801 3340 insipienti
2861 3285 2994 3326 vero
3052 3267 3324 3338 obliquus.
3373 3269 3460 3323 Fit
3495 3269 3662 3323 etiam

2084 3367 2240 3422 nobis
2272 3365 2652 3435 peccatoribus
2684 3362 2908 3428 vermis,
2955 3362 3354 3418 conscientiam
3413 3371 3660 3418 nostram

2081 3471 2316 3530 arguens
2347 3465 2400 3512 et
2435 3456 2655 3510 rodens.
3647 3473 3652 3476 -

2150 3569 2316 3626 Vens.
2348 3566 2439 3624 10.
2487 3566 2752 3634 Quoniam
2803 3575 2858 3618 tu
2912 3581 2966 3619 es
2999 3566 3089 3636 qui
3138 3565 3417 3619 extruxisti
3468 3582 3550 3620 me
3591 3570 3658 3620 de

2080 3673 2275 3726 ventre,
2301 3678 2417 3728 spes
2451 3676 2567 3714 mea
2610 3658 2672 3712 ab
2701 3657 2946 3712 uberibus
2999 3657 3185 3711 matris
3212 3675 3363 3724 mere,
3392 3668 3500 3714 etc.
3549 3658 3661 3713 Na-

2081 3755 2255 3811 scenti
2283 3755 2393 3809 Deo
2433 3751 2597 3807 Pater
2621 3750 3013 3806 obstetricatus
3049 3759 3152 3814 est,
3183 3750 3341 3820 eique
3374 3751 3500 3815 soli,
3535 3753 3661 3820 opi»

2080 3862 2201 3910 nor,
2237 3845 2362 3916 quia
2413 3843 2564 3898 solus
2609 3843 2675 3898 de
2721 3841 2928 3912 Spiritu
2962 3854 3154 3896 sancto
3195 3853 3334 3896 erat.
3388 3842 3660 3909 Quoniam

2078 3947 2258 3992 autem
2314 3950 2536 4006 sperare
2582 3947 2830 4002 noverat,
2881 3950 3001 3988 cum
3049 3935 3226 3989 adhuc
3307 3936 3660 4004 perfectionis

2077 4029 2218 4083 lacte
2248 4029 2571 4089 nutriretur,
2619 4029 2685 4082 ad
2743 4026 2873 4082 illud
2908 4043 2928 4076 ι
2965 4025 3247 4079 extruxisti
3279 4041 3384 4089 me,
3423 4045 3442 4078 ι
3473 4026 3659 4080 dicen-

2077 4120 2208 4174 dum
2248 4121 2374 4184 erit,
2401 4120 2596 4188 ipsum,
2631 4119 2926 4188 quominus
2950 4118 3122 4173 exiret
3145 4118 3210 4172 de
3241 4126 3451 4183 ventre,
3489 4116 3659 4171 fuisse

2076 4209 2416 4281 impeditum,
2449 4209 2608 4278 eique
2650 4207 2874 4264 insidias
2930 4206 3135 4280 positas
3191 4206 3380 4269 fuisse,
3431 4207 3566 4261 adeo
3596 4217 3656 4260 ut

2079 4318 2212 4374 opus
2244 4302 2500 4358 habuerit
2531 4301 2642 4357 Deo
2674 4301 2764 4371 qui
2795 4300 2943 4356 illum
2995 4300 3312 4354 extraheret
3340 4298 3410 4354 de
3440 4307 3650 4352 ventre.

2076 4395 2243 4453 Forte
2287 4404 2466 4450 autem
2519 4404 2572 4447 et
2627 4392 2928 4462 quemlibet
2995 4399 3308 4446 nascentem
3368 4389 3656 4444 invisibilis

2077 4487 2323 4558 quaedam
2363 4487 2538 4541 virtus
2560 4483 2802 4540 extrahit
2827 4483 2894 4538 de
2920 4491 3144 4546 ventre;
3183 4489 3372 4536 sancta
3407 4481 3651 4550 quidem,

2076 4578 2250 4651 qualis
2283 4577 2384 4632 fuit
2413 4593 2474 4633 ea
2507 4593 2626 4647 qum
2657 4575 2898 4629 extraxit
2937 4573 3162 4628 Paulum
3203 4584 3542 4644 segregatum
3583 4592 3651 4630 ex

2075 4682 2230 4728 utero
2258 4672 2478 4735 matris;
2536 4669 2676 4724 mala
2728 4683 3018 4737 vero,qum
3068 4666 3302 4721 extrahit
3331 4678 3651 4735 peccatores

2075 4765 2168 4836 qui
2218 4763 2436 4818 alienati
2475 4769 2603 4816 sunt
2647 4777 2674 4812 a
2725 4761 2907 4814 vulva.
2959 4761 3029 4813 At
3072 4759 3246 4813 solum
3305 4757 3649 4813 Salvatorem

2074 4861 2188 4926 ipse
2226 4857 2462 4914 extraxit
2505 4855 2667 4908 Pater
2708 4853 2773 4907 de
2825 4863 3036 4916 ventre,
3083 4853 3219 4906 adeo
3250 4861 3308 4904 ut
3359 4851 3652 4921 Singularis

2071 4952 2321 5008 beneﬁcii
2353 4950 2605 5005 conscius
2645 4947 2816 5001 Filius
2855 4945 3057 5000 dixerit
3091 4959 3106 4997 :
3141 4961 3160 4995 ι
3201 4944 3468 5011 Quoniam
3502 4955 3553 4998 tu
3589 4962 3648 4999 es

2070 5045 2162 5116 qui
2220 5041 2508 5098 exlraxisti
2545 5055 2629 5094 me
2684 5041 2749 5093 de
2797 5047 3008 5104 ventre,
3046 5055 3064 5088 ι
3107 5051 3229 5092 cum
3263 5035 3354 5089 alii
3399 5035 3647 5090 homines

2071 5155 2177 5192 non
2203 5135 2584 5196 extrahantur,
2615 5131 2706 5187 sed
2740 5131 3087 5201 egrediantur
3114 5145 3128 5183 :
3163 5145 3181 5180 ι
3214 5127 3479 5198 Egressus
3507 5137 3590 5181 est
3621 5145 3644 5179 ι

2067 5229 2234 5294 enim,
2265 5225 2508 5296 inquit”,
2535 5242 2551 5277 ι
2577 5223 2715 5278 Esau
2735 5223 2875 5277 sicut
2904 5221 3056 5290 pellis
3084 5219 3308 5290 pilosus.
3341 5238 3360 5272 ι
3386 5219 3642 5287 Propter-

2134 5490 2246 5557 (51)
2288 5487 2602 5559 Ἐντεῦθεν
2615 5491 3021 5559 μανθάνομεν,
3042 5501 3143 5546 etc.
3176 5491 3398 5546 Schedm
3427 5492 3636 5548 Grahii.

2134 5561 2248 5630 (52)
2290 5561 2351 5630 ’ρ
2396 5558 2676 5626 σκώληξ,
2723 5570 2830 5616 etc.
2875 5558 3053 5616 Codex
3094 5561 3315 5617 Coisliu.
3348 5573 3400 5617 et
3425 5564 3642 5620 schedte'

2061 5628 2277 5692 Gra‘bii,
2309 5628 2602 5684 Barbarus.

2134 5701 2245 5772 (55)
2274 5699 2430 5772 Qad-ir:
2465 5699 2576 5772 γὰρ
2607 5702 2939 5772 γενόμενον
2963 5741 2976 5765 ,
3014 5710 3114 5759 etc.
3154 5701 3379 5759 Schedm
3425 5703 3635 5762 Gradii.

2063 5770 2367 5840 partimque
2393 5770 2712 5828 Corderins.
