4100 6388
442 288 577 345 MSS

1802 286 1899 342 EX
1943 287 2246 344 ORIGENE

3562 286 3699 342 1256

440 423 503 464 ea
535 406 682 464 solus
709 406 959 462 Salvator
988 402 1233 458 infantiae
1271 400 1569 458 amentiam
1605 410 1661 457 et
1684 408 1882 457 statum
1913 417 2010 455 non

2123 404 2331 476 νηπίων
2358 402 2513 475 ἀνοίᾳ
2544 404 2635 458 καὶ
2665 405 2994 459 καταστάσει
3020 423 3032 436 ·
3066 406 3143 459 ἔτι
3179 405 3287 477 γὰρ
3322 405 3561 476 μαστοὺς
3598 423 3703 477 μη-

440 509 525 558 est
552 508 826 569 expertus,
872 498 1073 567 quippe
1122 495 1215 564 qui
1261 494 1443 550 adhuc
1478 494 1646 548 ubera
1680 495 1869 549 matris
1894 508 2019 548 cor—

442 606 575 660 pore
604 604 825 658 SllgCDS,
852 602 1077 656 sperare
1103 595 1327 639 noverat
1351 586 1402 638 in
1430 600 1552 639 eum
1717 594 2021 640 extraxerat

441 682 589 736 illum
620 683 684 735 de
706 690 913 735 ventre.
940 676 1139 733 Oinnes
1166 675 1310 730 enim
1339 676 1589 730 homines
1618 675 1709 729 ubi
1733 676 1844 729 nati
1871 685 2015 743 sunt,

440 773 507 827 ad
573 772 835 826 malitiam
878 770 1117 841 primum
1172 767 1462 829 accedunt,
1520 765 1783 821 Dominus
1834 775 2015 822 autem

441 872 625 919 noster
662 881 679 913 ι
717 863 1037 932 priusquam
1088 860 1303 915 noverit
1347 860 1545 912 bonum
1592 866 1686 910 aut
1725 856 1947 923 malum,
1990 875 2009 910 ι

437 956 579 1011 sicut
621 955 699 1009 ait
753 953 924 1009 Isaias
954 953 1019 1019 ⁸⁸,
1047 971 1069 1004 ι
1118 951 1338 1007 malitia:
1359 949 1725 1013 abrenuntiat,
1753 957 1814 1003 ut
1858 948 2020 1018 eligat

438 1047 662 1101 bonum.
703 1063 722 1097 ι
762 1046 895 1100 Cum
919 1046 1007 1099 his
1040 1042 1296 1097 conteres
1323 1057 1385 1095 ea
1435 1055 1557 1109 quae
1590 1041 1733 1095 dicta
1777 1049 1903 1095 sum
1949 1039 2018 1095 de

435 1134 644 1189 Joanne
674 1152 692 1185 ι
730 1134 1039 1189 exsultante
1089 1146 1201 1201 prae
1249 1131 1445 1201 gaudio
1486 1131 1556 1196 ",
1590 1148 1610 1181 ι
1641 1139 1696 1183 et
1733 1130 1801 1184 de
1844 1127 2016 1183 Jacob

442 1244 460 1275 ι
499 1226 551 1278 in
605 1235 762 1281 utero
813 1226 1200 1294 snpplantante
1234 1222 1467 1277 fratrem
1513 1237 1672 1277 suum
1701 1222 1767 1291 ‘3,
1809 1240 1827 1273 ι
1856 1230 1911 1276 et
1950 1221 2016 1276 de

434 1316 669 1370 Jcremia
701 1335 720 1368 ι
750 1316 1064 1387 priusquam
1090 1315 1267 1369 exiret
1283 1317 1347 1369 de
1371 1313 1529 1370 vulva
1553 1312 1894 1367 sanctificato
1914 1313 2008 1369 ιθ.»

504 1410 664 1480 62],
696 1409 860 1464 Vens.
890 1407 978 1470 l0,
1015 1408 1098 1461 ll.
1142 1405 1271 1476 Spes
1304 1422 1417 1459 mea
1452 1405 1516 1459 ab
1553 1405 1797 1458 uberibus
1829 1404 2013 1457 matris

435 1518 584 1565 mem,
611 1503 664 1555 in
687 1510 735 1555 te
756 1501 1014 1569 projectus
1038 1516 1155 1553 sum
1175 1514 1241 1552 ea:
1271 1508 1439 1562 utero,
1462 1507 1568 1552 etc.
1596 1496 1740 1551 Enos
1763 1497 2005 1566 speravit

436 1595 689 1650 invocare
716 1596 906 1659 Deum,
937 1593 1031 1648 sed
1065 1608 1173 1648 non
1205 1593 1273 1647 ab
1304 1591 1561 1647 uberibus
1595 1590 1825 1645 matris:
1858 1589 2014 1645 Cbri-

433 1695 549 1739 stus
592 1692 769 1738 autem
807 1693 1099 1751 antequam
1147 1690 1503 1752 cognosceret
1538 1682 1737 1736 bonum
1775 1691 1867 1735 aut
1897 1696 2014 1734 ma-

2120 498 2246 567 τρὺς
2277 495 2362 549 διὰ
2389 497 2448 549 τὸ
2481 498 2639 567 σῶμα
2676 496 2921 569 θηλάξων
2955 498 3194 561 ἐλπίζειν
3222 497 3335 569 ᾔδει
3368 498 3460 550 ἐπὶ
3492 497 3583 550 τὸν
3614 500 3707 551 ἐκ·-

2123 588 2401 641 σπάσαντα
2423 588 2585 641 αὐτὸν
2617 590 2681 641 ἐκ
2711 591 2948 661 γαστρός
2972 608 2985 621 σ
3038 592 3238 654 πάντες
3266 592 3376 662 γὰρ
3427 591 3704 662 ἄνθρωποι

2120 677 2398 749 γενόμενοι
2446 680 2708 751 πρότερον
2759 684 2824 751 τῇ
2883 682 3050 751 κακίᾳ
3106 682 3537 754 προσέρχονταιο
3590 685 3619 736 ό
3645 685 3703 738 δὲ

2120 768 2322 840 Κύριος
2352 770 2528 841 ἡμῶν,
2578 770 2760 835 καθώς
2788 788 2953 841 φησιν
2998 773 3249 837 Ἡσαΐας,
3286 791 3303 824 ι
3333 773 3461 845 πρὶν
3494 774 3526 843 ἧ
3558 774 3700 842 γνῶ-

2118 880 2205 916 ναι
2234 862 2395 916 αὑτὸν
2419 863 2621 931 ἀγαθὸν
2664 865 2697 934 ἢ
2732 864 2920 929 κακὸν,
2956 866 3172 918 ἀπειθεί
3201 869 3434 940 πονηρίᾳ
3474 869 3570 923 τοῦ
3603 868 3698 923 ἐκ-

2118 950 2372 1017 λέξασθαι
2403 952 2464 1005 τὸ
2492 952 2712 1020 ἀγαθόν.
2740 973 2758 1005 ι
2808 953 2880 1006 Τὸ
2907 954 2962 1007 δὲ
3004 957 3130 1027 περὶ
3174 957 3417 1011 Ἰωάννου
3451 957 3700 1028 μέντοιγε

2126 1059 2144 1093 ι
2170 1041 2496 1114 σκιρτῶντος
2537 1044 2594 1094 ἐν
2642 1042 2995 1110 ἀγαλλιάσει»
3057 1044 3429 1112 συνεξετάσεις
3466 1047 3697 1113 τούτοις,

2118 1134 2309 1188 καὶτὰ
2351 1136 2478 1205 περ).
2519 1133 2711 1188 Ἰακὼϐ
2749 1154 2766 1186 ι
2790 1138 2847 1188 ἐν
2892 1137 2954 1206 τῇ
2986 1135 3164 1207 κοιλίᾳ
3206 1136 3581 1208 πτερνίζοντος
3604 1137 3697 1192 τὸν

2118 1226 2345 1297 ἀδελφὸν
2377 1225 2565 1283 αὐτοῦ.
2591 1245 2609 1278 ι
2641 1228 2734 1280 καὶ
2779 1227 2846 1281 τά
2881 1229 3007 1300 περὶ
3048 1228 3309 1299 Ἰερεμίου
3340 1248 3359 1281 ι
3378 1230 3507 1301 πρὶν
3549 1228 3696 1295 ἐξελ-

2119 1313 2230 1366 θεῖν
2259 1316 2323 1367 ἐκ
2349 1316 2558 1386 μήτρας
2582 1315 2986 1382 άγιασθέντοςη

2199 1406 2260 1462 Ἡ
2278 1407 2455 1473 ἐλπίς
2479 1425 2598 1476 μου
2622 1407 2742 1461 ἀπὸ
2758 1407 3009 1476 μαστῶν
3037 1407 3147 1477 τῆς
3169 1410 3394 1477 μητρός
3421 1427 3561 1478 μου,
3592 1409 3692 1464 ἐπὶ

2116 1497 2190 1553 σὲ
2231 1498 2560 1567 sar—215,615,ch
2593 1499 2662 1552 ἐκ
2697 1501 2928 1567 μήτρας
2956 1540 2970 1565 ,
3016 1519 3071 1554 κ.
3122 1519 3172 1553 τ.
3224 1503 3294 1554 ἐπ’
3321 1501 3497 1567 Ἐνὼς-
3531 1503 3693 1574 ἧλπι-

2117 1608 2207 1645 σεν
2235 1591 2346 1663 (54)
2370 1590 2741 1643 ἐπικαλεῖσθαι
2764 1591 2854 1645 τὸν
2884 1591 3037 1655 Θεὸν,
3062 1592 3176 1646 ἀλλ’
3212 1593 3312 1646 οὐκ
3336 1594 3444 1647 άπὸ
3470 1595 3693 1663 μαστῶν

2113 1680 2211 1751 τῆς
2243 1680 2479 1751 μητρός⁶
2511 1682 2539 1733 ὁ
2570 1680 2626 1733 δὲ
2654 1681 2887 1752 Χριστὸς
2924 1682 3053 1752 πρὶν
3086 1682 3118 1752 ἥ
3151 1682 3457 1754 γνωσθῆναι
3490 1684 3693 1751 ἀγαθὸν

432 1775 564 1841 lum,
609 1775 771 1844 elegit
819 1774 1041 1829 bonum.
1093 1772 1275 1839 Quare
1324 1773 1493 1842 probe
1530 1773 1730 1827 dicitur
1768 1786 2010 1841 sperasse

2115 1769 2367 1841 ῆκακὸν,
2407 1768 2687 1836 ἐξελέξατο
2734 1770 2793 1822 τὸ
2836 1769 3068 1838 ἀγαθόν·
3121 1770 3262 1823 ὥστε
3318 1772 3496 1836 καλῶς
3537 1766 3693 1836 οὗτος

431 1868 499 1920 ab
540 1865 799 1921 uberibus
838 1863 1048 1918 matris.
1093 1881 1111 1915 ι
1145 1861 1259 1918 Non
1311 1864 1455 1918 enim
1480 1902 1497 1931 ,
1544 1861 1721 1931 inquit
1743 1862 1811 1929 ²⁰,
1844 1862 2011 1916 bomo

431 1957 627 2028 estqui
660 1959 831 2021 vivat,
855 1963 909 2010 et
937 1971 1043 2010 non
1080 1964 1291 2025 peccet.
1314 1972 1337 2005 θ

505 2135 581 2189 De
613 2143 790 2189 rentre
823 2130 1005 2185 matris
1038 2143 1168 2182 metr
1197 2126 1334 2181 Deus
1366 2142 1510 2179 meus
1541 2142 1594 2179 es
1625 2134 1701 2189 tu,
1732 2134 1837 2181 ctc.
1874 2126 2008 2192 Quia

428 2228 688 2284 nimirum
718 2240 839 2280 cum
865 2229 1206 2284 nasceretur,
1232 2219 1441 2282 orabat,
1473 2217 1609 2272 forte
1635 2218 1796 2272 etiam
1827 2220 2009 2288 prius-

431 2334 593 2389 quam
622 2325 957 2372 naseeretur.
983 2311 1310 2369 Prudentior
1341 2310 1487 2365 enim
1518 2308 1624 2364 fuit
1649 2308 1788 2365 Jona
1822 2311 1914 2380 qui
1954 2310 2008 2365 in

430 2420 623 2467 ventre
644 2408 758 2463 ceti
790 2406 987 2463 oravit.

504 2504 671 2558 Vens.
696 2501 789 2555 42.
819 2498 902 2553 Ne
934 2496 1240 2552 discesseris
1268 2513 1298 2548 a
1331 2509 1432 2558 me,
1462 2492 1706 2564 quoniam
1736 2489 2008 2545 tribulatio

432 2596 676 2663 proxima
728 2601 842 2656 est,
892 2589 1143 2660 quoniam
1200 2604 1304 2641 non
1356 2595 1430 2639 est
1478 2584 1570 2655 qui
1603 2584 1851 2654 adjuvet,
1898 2594 2005 2638 etc.

434 2686 704 2743 Fortassis
735 2683 897 2748 istud,
940 2699 963 2733 ι
997 2679 1278 2736 tribulatio
1310 2677 1555 2748 proxima
1591 2685 1695 2741 cst,
1720 2695 1738 2727 ι
1786 2676 2007 2731 dicebat

433 2796 554 2835 cum
604 2780 656 2833 in
689 2790 851 2833 cruce
896 2775 1175 2845 penderet,
1214 2771 1597 2839 referebatque
1634 2768 1761 2824 illud
1800 2771 1868 2825 ad
1911 2783 2008 2824 eas

430 2887 565 2942 quas
592 2871 652 2925 in
693 2870 900 2926 inferno
951 2876 1274 2936 experturus
1307 2875 1426 2919 erat
1472 2861 1801 2919 alllictiones
1835 2864 1906 2918 ab
1944 2863 2010 2918 iis

430 2976 552 3029 quae
595 2960 667 3016 ibi
703 2961 989 3031 degebant,
1032 2955 1417 3028 potestatibus.
1464 2953 1589 3011 llzec
1623 2966 1804 3011 autem
1854 2956 2005 3021 dicit,

432 3052 587 3121 quasi
626 3051 801 3105 nullus
834 3049 1150 3119 angelorum
1186 3047 1401 3103 futurus
1444 3058 1589 3103 esset
1625 3047 1862 3118 adiutor.
1892 3046 2004 3101 Non

429 3142 573 3197 enim
622 3157 686 3197 ex
742 3142 851 3197 illis
908 3139 1177 3211 quispiam
1230 3138 1355 3193 illuc
1412 3152 1577 3194 ausus
1627 3147 1709 3193 est
1758 3152 1881 3193 cum
1938 3151 2005 3192 eo

428 3233 785 3289 descendere.

507 3323 669 3377 Vens.
699 3323 786 3378 15.
835 3318 1302 3377 Circumdedertmt
1352 3336 1431 3374 me
1475 3317 1621 3373 vituli
1657 3316 1830 3383 multi,
1863 3318 2006 3371 tauri

431 3418 648 3488 pingues
671 3415 978 3467 obsederunt
1005 3428 1104 3474 me,
1134 3422 1240 3465 etc.
1266 3411 1387 3464 lianc
1416 3410 1577 3465 etiam
1611 3409 1815 3464 referes
1835 3410 1902 3462 ad
1926 3410 2006 3463 in-

442 3506 777 3562 tellectuales
821 3505 1120 3566 daemones,
1160 3511 1213 3554 et
1249 3500 1537 3555 vitulorum
1579 3499 1800 3554 nomine
1842 3498 2006 3552 intel-

431 3598 567 3667 liges
598 3594 884 3664 malignas,
914 3608 1036 3663 quze
1072 3602 1287 3646 terrena
1320 3598 1632 3660 operantur,
1666 3598 2003 3657 potestates:

432 3701 556 3741 nam
587 3684 788 3740 vitulus
838 3683 1038 3736 animal
1077 3691 1156 3734 est
1196 3691 1353 3734 terra:
1400 3678 1659 3746 operibus
1695 3680 2002 3735 addictum.

429 3777 730 3831 Taurorum
782 3773 1055 3844 pinguium
1110 3770 1329 3825 nomine
1376 3772 1445 3826 ob
1496 3762 1848 3843 multiplicem
1886 3786 2009 3825 ma-

432 3871 561 3923 litiae
606 3868 889 3923 scientiam
922 3881 1015 3920 eas
1045 3868 1193 3921 dices
1225 3864 1453 3919 virtutes
1488 3879 1608 3933 quae
1640 3865 1819 3920 verbis
1852 3865 2004 3918 lalla-

430 3961 588 4018 cibus
618 3968 876 4027 prmsunt,
906 3969 960 4013 et
991 3958 1057 4013 iis
1086 3972 1188 4012 ceu
1227 3972 1395 4011 cornu
1436 3958 1683 4011 homines
1727 3956 1929 4011 feriunt
1954 3963 2010 4011 et

430 4061 738 4123 proterunt.
768 4051 876 4107 Leo
924 4051 1031 4106 erit
1061 4048 1314 4105 diabolus
1348 4049 1571 4119 rugiens
1600 4057 1793 4103 contra
1826 4063 1926 4103 nos
1956 4056 2011 4101 et

432 4146 633 4201 multos
687 4144 1019 4214 abripiens:
1072 4158 1100 4196 a
1152 4158 1260 4213 quo
1320 4142 1477 4197 leone
1521 4142 1756 4196 extraxit
1822 4148 2011 4210 pastor

432 4239 607 4294 bonus
631 4238 739 4293 duo
786 4237 989 4291 femora
1033 4244 1088 4290 et
1133 4236 1297 4289 imam
1343 4235 1493 4289 auris
1535 4240 1766 4304 partem.
1807 4232 2008 4286 Aurem

430 4332 579 4385 enim
630 4332 825 4386 anima:
858 4331 1093 4385 hominis
1140 4344 1236 4398 per
1282 4327 1547 4394 auditum,
1575 4334 1630 4381 et
1676 4338 1773 4394 per
1806 4324 2010 4377 l'emora

435 4422 705 4478 incessum
730 4421 847 4493 ejus
875 4421 1212 4492 deglntierat.

510 4512 788 4582 Ejusdem.
821 4514 903 4567 Ab
953 4513 1036 4568 bis
1072 4510 1298 4567 verbis:
1337 4526 1360 4559 ι
1391 4505 1877 4562 Circnmdederunt
1926 4516 2013 4557 me

433 4604 587 4658 vituli
615 4604 788 4670 multi,
814 4625 832 4656 ο
861 4619 1077 4674 quaeres
1120 4618 1247 4657 num
1290 4599 1392 4655 alia
1426 4599 1645 4669 quidem
1695 4596 1762 4651 ad
1795 4610 1856 4648 ea
1894 4606 2013 4663 quae

434 4695 551 4761 ejus
596 4695 803 4750 exitum
850 4703 1268 4765 praecesserunt,
1316 4693 1420 4747 alia
1456 4698 1635 4745 autem
1681 4688 1747 4742 ad
1792 4700 1855 4741 ea
1888 4700 2012 4753 quae

438 4788 591 4842 illum
635 4789 925 4844 subsecuta
960 4796 1109 4852 sunt,
1156 4803 1225 4842 an
1260 4802 1389 4842 vero
1436 4784 1618 4838 omnia
1654 4781 1719 4833 ad
1769 4779 1855 4832 illa
1891 4792 2010 4847 qme

436 4880 643 4934 exitum
687 4879 976 4935 subsecuta
1009 4889 1158 4942 sunt,
1206 4878 1538 4950 pertineant.
1581 4869 1891 4925 Verisimile
1927 4875 2010 4921 est

430 4971 591 5025 illum
628 4972 827 5026 vidisse
891 4971 1310 5026 circumstantes
1360 4973 1656 5038 potestates
1713 4975 1831 5029 quae
1890 4958 2009 5012 ani-

432 5077 585 5115 mam
613 5064 733 5132 ejus
764 5062 1019 5131 abripere
1047 5061 1297 5117 volebant
1333 5068 1387 5115 et
1418 5056 1485 5112 ad
1518 5050 1862 5110 liorribiliora
1890 5049 2006 5104 loca

429 5155 747 5211 detrudere.

2111 1860 2326 1930 λέγεται
2378 1862 2665 1932 ἠλπικέναι
2710 1861 2817 1916 ἀπὸ
2865 1862 3083 1932 μαστῶν
3127 1862 3226 1933 τῆς
3263 1865 3485 1935 μητρός.
3521 1882 3542 1917 ι
3577 1866 3692 1918 Οὐκ

2113 1952 2229 2006 ἐστι
2278 1953 2406 2026 γὰρ,
2463 1955 2644 2027 φησὶν,
2699 1954 3002 2026 ἄνθρωπος,
3054 1955 3111 2019 ὂς
3142 1954 3382 2025 ξήσεταιν
3442 1955 3536 2010 καὶ
3591 1956 3689 2027 οὐκ

2115 2040 2440 2114 ἁμαρτήσει.
2487 2062 2505 2094 ι

2197 2132 2330 2186 Ἀπὸ
2378 2135 2636 2204 γτιστρὸς
2671 2138 2895 2206 μητρός
2928 2155 3044 2207 μου
3080 2139 3223 2205 Θεός
3254 2155 3372 2208 μου
3402 2137 3460 2191 εἷ
3490 2136 3590 2203 σὺ,
3636 2155 3690 2192 κ.

2113 2245 2162 2280 τ.
2205 2227 2250 2280 ἐ.
2280 2222 2359 2281 Ἦ
2390 2229 2513 2281 ἐπεὶ
2540 2230 2656 2300 ἅμα
2690 2229 2800 2299 (55)
2836 2229 2914 2301 τῷ
2946 2230 3267 2302 γεννηθῆναι
3302 2230 3525 2301 ηῠχετο,
3557 2229 3695 2300 τάχα

2120 2320 2212 2373 καὶ
2244 2320 2373 2394 πρὶν
2407 2322 2761 2394 γεννηθῆναγ
2792 2317 2860 2393 ἦν
2890 2321 2997 2395 γὰρ
3047 2321 3403 2395 συνετώτερος
3435 2323 3590 2376 Ἰωνᾶ
3636 2323 3693 2374 ἐν

2113 2408 2290 2483 κοιλίᾳ
2316 2414 2513 2485 κήτους
2540 2414 2854 2484 εὐχομένου.

2179 2503 2278 2573 Μὴ
2311 2504 2588 2573 ἀποστῇς
2628 2507 2729 2560 ἀπ’
2775 2506 2941 2575 ἐμοῦ,
2987 2507 3077 2560 ὅτι
3120 2508 3325 2575 θλίψις
3365 2507 3565 2579 ἐγγὺς,
3606 2506 3693 2560 ὅτι

2113 2593 2223 2647 οὐκ
2253 2593 2425 2647 ἔστιν
2451 2597 2482 2647 ὀ
2508 2595 2775 2661 βοηθῶν,
2816 2610 2867 2645 κ.
2887 2612 2937 2650 τ.
2969 2595 3014 2646 ἐ.
3034 2596 3186 2664 Τάχα
3207 2596 3285 2659 τὸ,
3316 2615 3334 2647 ι
3370 2597 3545 2666 θλίψις
3583 2596 3692 2668 (56)

2112 2687 2296 2757 ἐγγὺς,
2336 2705 2355 2738 ›
2389 2685 2571 2754 ἔλεγεν
2594 2684 2688 2737 ἐπὶ
2711 2684 2805 2738 τοῦ
2840 2685 3072 2755 σταυροῦ
3106 2686 3471 2756 κρεμάμενος,
3497 2685 3696 2754 ἀναιρέ-

2114 2796 2221 2853 ρων
2255 2777 2349 2831 ἐπὶ
2380 2778 2479 2841 τὰς
2513 2779 2569 2831 ἐν
2611 2777 2735 2849 ᾅδου
2776 2778 2911 2848 πρὸς
2949 2777 3048 2840 τὰς
3092 2777 3210 2830 ἐκεῖ
3247 2776 3502 2846 δυνάμεις
3535 2792 3692 2845 περι-

2113 2871 2348 2935 στάσεις.
2378 2870 2538 2939 Λέγει
2564 2871 2620 2924 δὲ
2648 2868 2838 2933 ταῦτα,
2868 2869 3033 2922 οἱονεὶ
3057 2868 3269 2931 οὐδενὸς
3305 2866 3411 2920 τῶν
3443 2864 3692 2934 ἀγγέλων

2112 2962 2260 3033 αὐτῷ
2292 2962 2631 3034 βοηθοῦντος.
2674 2962 2746 3016 Οὐ
2794 2962 2903 3033 γάρ
2947 2960 3211 3032 ἐτόλμησέ
3249 2977 3332 3023 τις
3372 2956 3549 3013 αὐτῶν
3586 2955 3690 3019 ’ἐως

2113 3057 2230 3109 ἐκεῖ
2254 3054 2683 3127 συγκαταϐῆναι.

2180 3307 2675 3378 Περιεκύιλωσάν
2696 3322 2773 3376 με
2794 3307 3018 3375 μόσχοι
3059 3301 3297 3363 πολλοὶ,
3328 3298 3528 3367 ταῦροι
3559 3297 3695 3351 πίο-

2108 3418 2211 3468 νες
2242 3399 2561 3468 περιέσχον
2588 3415 2683 3467 με,
2720 3415 2772 3451 κ.
2803 3414 2853 3452 τ.
2897 3398 2942 3448 ὲ.
2988 3394 3231 3461 Ἀνάγοις
3276 3391 3333 3443 δὲ
3380 3390 3551 3443 ταῦτα
3578 3387 3693 3459 (57)

2109 3494 2205 3548 καὶ
2232 3494 2324 3546 ἐπὶ
2361 3493 2486 3552 τοὺς
2524 3489 2746 3560 νοητοὺς
2776 3487 3054 3555 δαίμονας,
3084 3484 3176 3536 καὶ
3226 3483 3455 3553 μόσχους
3480 3481 3693 3549 νοήσεις

2109 3580 2207 3643 τὰς
2262 3576 2589 3648 ἐνεργούσας
2647 3574 2811 3644 γήϊνα
2855 3572 3096 3643 πονηράς
3147 3570 3424 3639 δυνάμεις,
3488 3568 3574 3622 διὰ
3630 3566 3692 3619 τὸ

2110 3669 2384 3739 γεωπόνον
2421 3663 2560 3721 εἶναι
2608 3667 2669 3719 τὸ
2714 3662 2877 3728 ζῶον·
2928 3662 3161 3733 ταύρους
3200 3661 3255 3714 δὲ
3292 3662 3478 3724 πίονας
3516 3660 3602 3713 διὰ
3631 3660 3691 3712 τὸ

2111 3763 2418 3836 πολυμαθές
2448 3761 2547 3832 τῆς
2577 3759 2771 3821 κακίας
2809 3758 2907 3820 τὰς
2959 3754 3064 3808 τῶν
3098 3754 3388 3824 ἀπατηλῶν
3436 3753 3693 3826 ῥημάτων

2112 3853 2515 3926 προῖσταμένας
2565 3849 2819 3921 δυνάμεις
2859 3848 2954 3901 καὶ
2986 3846 3053 3899 δι’
3098 3846 3276 3900 αὐτῶν
3311 3845 3438 3908 τοὺς
3484 3842 3694 3915 ἀνθρὼ-

2113 3964 2246 4010 πους
2279 3942 2699 4018 κερατιζοὺσας·
2733 3941 2923 3994 λέοντα
2952 3939 3010 3993 δὲ
3042 3939 3132 3992 τὸν
3170 3938 3411 3991 διάϐολον
3445 3936 3687 4006 ὠρυόμε-

2111 4057 2201 4094 νον
2239 4037 2360 4092 καθ’
2391 4035 2567 4107 ἡμῶν,
2618 4034 2712 4087 καὶ
2757 4031 2985 4095 πολλοὺς
3034 4029 3471 4100 καθαρπάζοντα,
3509 4028 3600 4096 ἀφ’
3632 4021 3692 4081 οὗ

2111 4130 2325 4193 λέοντος
2357 4127 2655 4193 ἐξέσπασεν
2698 4126 2726 4177 ὁ
2758 4123 2961 4195 ποιμὴν
2992 4124 3017 4176 ὁ
3059 4120 3222 4185 καλὸς
3259 4120 3352 4173 δύο
3403 4118 3568 4190 σκέλη
3600 4118 3694 4171 καὶ

2112 4224 2268 4278 λοϐὸν
2299 4220 2483 4288 ὠτίου,
2519 4218 2606 4272 διὰ
2642 4218 2922 4287 παρακοῆς
2958 4216 3054 4286 μὲν
3084 4212 3473 4276 κατατείνοντος
3510 4210 3570 4263 τὸ
3600 4205 3692 4273 οὖς

2111 4316 2211 4387 τῆς
2250 4314 2427 4386 ψυχῆς
2470 4311 2565 4365 τοῦ
2614 4308 2923 4381 ἀνθρώπου,
2959 4306 3047 4360 διὰ
3092 4305 3153 4360 δὲ
3195 4306 3302 4360 τῶν
3345 4304 3547 4359 σκελῶν
3594 4303 3693 4376 τὴν

2117 4405 2338 4477 πορείαν
2366 4403 2555 4474 αὐτῆς.

2191 4493 2301 4548 Τοῦ
2337 4491 2543 4547 αὑτοῦ.
2578 4490 2841 4561 Ζητήσεις
2869 4488 2924 4540 δὲ
2956 4486 3065 4556 (58)
3091 4486 3200 4539 ἀπὸ
3227 4483 3341 4549 τοῦ,
3374 4503 3394 4535 ι
3429 4484 3692 4554 Περιεκύ-

2114 4586 2329 4641 κλωσάν
2362 4602 2430 4656 με
2462 4585 2651 4654 μόσχοι
2691 4581 2894 4645 πολλοὶ,
2932 4600 2949 4630 ι
2984 4579 3209 4648 πότερον
3247 4577 3314 4629 τὰ
3349 4576 3448 4645 μὲν
3478 4574 3691 4643 λέγεται

2115 4675 2222 4747 πρὸ
2250 4676 2348 4746 τῆς
2382 4673 2581 4741 ἐξόδου,
2611 4672 2679 4724 τὰ
2716 4671 2773 4723 δὲ
2809 4670 2934 4738 περὶ
2966 4668 3073 4719 τῶν
3105 4665 3242 4736 μετὰ
3279 4665 3377 4737 τὴν
3424 4663 3618 4731 ἔξοδον,
3655 4665 3689 4735 ἢ

2114 4770 2331 4831 πάντως
2364 4767 2492 4836 περὶ
2519 4763 2627 4816 τῶν
2665 4760 2799 4832 μετὰ
2828 4758 2923 4829 τὴν
2954 4757 3149 4823 ἔξοδον.
3183 4757 3293 4811 Καὶ
3330 4755 3474 4818 είκός
3511 4770 3574 4822 γε
3610 4754 3692 4807 ὅτι

2114 4861 2261 4933 ἐώρα
2296 4856 2718 4931 περιεστηκυίας
2751 4852 3005 4922 δυνάμεις
3036 4849 3362 4922 βουλομένας
3390 4846 3486 4920 τὴν
3515 4847 3692 4919 ψυχὴν

2115 4951 2278 5006 αὑτοῦ
2303 4948 2658 5020 παραλαϐεῖν,
2686 4946 2779 4999 καὶ
2810 4944 3173 5002 καταϐιϐάσαι
3214 4946 3271 4998 ἐν
3315 4940 3691 5015 σκυθρωποτέ-

2116 5061 2231 5115 ροις
2258 5041 2496 5111 χωρίοις.

512 5294 555 5325 ’⁸
613 5294 713 5349 lsa.
744 5308 838 5357 vti,
885 5291 973 5346 16.
1050 5292 1091 5321 ¹⁷
1120 5288 1249 5344 an.
1282 5288 1418 5353 1,44.
1497 5285 1539 5317 ’⁸
1566 5282 1703 5337 Gen.
1732 5296 1901 5345 xxv",
1926 5278 2010 5334 '56.

2118 5276 2137 5306 ’
2159 5274 2363 5329 Jcrem.
2394 5282 2434 5332 I,
2458 5265 2512 5319 5.
2589 5264 2634 5294 ’°
2673 5262 2738 5317 ΙΙΙ
2772 5263 2903 5331 Reg.
2929 5278 3046 5329 \‘lll,
3072 5261 3163 5315 46.

511 5433 625 5504 (54)
661 5431 842 5498 Ἐνὼς
867 5430 1148 5500 ἤλπισεν,
1181 5438 1286 5485 etc.
1314 5424 1542 5483 Scheda:
1566 5421 1774 5485 Grabii,
1801 5419 2008 5473 Barba-

443 5519 557 5565 rus,
583 5504 747 5556 codex
778 5504 1160 5556 Coislinianns.

515 5559 626 5641 (55)
658 5568 739 5625 Ἶι
773 5570 902 5623 ἐπεὶ
934 5571 1089 5640 ἅμα,
1128 5583 1232 5624 etc.
1282 5566 1462 5623 Codex
1507 5559 1904 5624 Coislinianus,
1956 5565 2011 5611 ct

447 5643 660 5695 SCItetl'JB
684 5642 723 5692 (Β
737 5642 889 5693 rubii.

513 5708 628 5778 156)
667 5708 819 5777 Τάχα
850 5710 930 5773 τὸ,
975 5709 1198 5776 θλίψις,
1231 5714 1335 5761 etc.
1380 5701 1592 5757 Eaedem
1623 5699 1856 5765 scbcdte,
1888 5696 2016 5751 Bar—

2346 5479 2607 5549 Ἁνάγοις
2645 5476 2714 5529 δὲ
2758 5473 2978 5550 ταῦτα,
3036 5481 3146 5527 etc.
3200 5470 3426 5550 Schedae
3467 5465 3692 5550 Grabii,

2116 5538 2426 5624 partimque
2472 5538 2764 5606 Corderins
2805 5547 2943 5611 apud
2994 5558 3155 5613 quem
3214 5543 3421 5595 incerto
3481 5538 3691 5593 aut-tori

2122 5624 2449 5679 tribuuntur.

2192 5690 2304 5762 (58)
2341 5687 2632 5757 Ζητήσεις
2662 5686 2748 5750 δέ,
2787 5692 2892 5740 etc.
2925 5682 3145 5739 Scltcdt'e
3177 5680 3386 5736 Grabii.
