4100 6384
490 335 628 389 1259
1873 330 1961 385 EX
2007 327 2312 387 ORIGENE
3631 347 3770 403 ηδε)

485 451 686 503 dabunt
735 448 1014 502 Dominum
1071 449 1160 515 qui
1213 447 1484 517 requirunt
1531 465 1686 512 eum,
1737 456 1843 504 etc.
1901 467 1918 499 ι
1960 449 2049 518 Egi

2171 453 2484 507 αἱνέσουσι
2534 455 2755 523 Κύριον
2793 458 2846 510 οὶ
2883 455 3268 526 ἐχῷιτοῦντες
3299 458 3509 524 αὐτὸν,
3544 478 3600 518 κ.
3630 481 3682 520 τ.
3720 466 3769 516 ὲ.

488 557 606 595 sum
638 541 794 610 panis
825 540 917 608 qui
952 541 1018 592 de
1048 539 1190 593 cwlo
1219 541 1473 595 descendi
1501 540 1566 594 εδ.
1595 560 1613 591 ι

2185 557 2202 588 ι
2255 540 2397 608 Ἐγώ
2424 543 2538 612 εἰμι
2567 545 2595 596 ὀ
2623 544 2786 614 ἄρτος
2817 547 2846 598 ὁ
2870 547 2935 599 ἐκ
2959 547 3052 600 τοῦ
3082 548 3312 621 οὐρανοῦ
3339 551 3601 616 καταϐάς.
3639 571 3660 604 ι

559 636 720 689 Vens.
746 633 837 688 28.
882 631 1324 695 Ilemiuiscentur,
1358 641 1406 685 et
1447 643 1816 685 convertentur
1847 633 1916 685 nd
1966 631 2042 684 Do

2245 632 2717 700 Μνησθήσονται
2750 636 2848 690 καί
2881 637 3434 707 ἐπιστραφήσονται
3475 641 3626 708 πρὸς
3652 645 3767 698 Κύ-

486 731 683 782 minum
727 727 960 781 universi
1005 727 1135 795 fines
1166 736 1345 788 terrm,
1375 734 1484 780 etc.
1522 725 1646 777 Post
1698 725 2055 793 cugnitionen

2168 740 2309 790 ριον
2336 724 2532 778 πάντα
2563 725 2632 779 τὰ
2667 728 2892 795 πέρατα
2919 727 3030 798 τῆς
3065 729 3199 800 γῆς,
3233 748 3288 787 κ.
3315 749 3366 786 τ.
3401 733 3448 786 ὲ.
3481 733 3640 788 Μετὰ
3670 737 3772 808 τὴν

484 824 707 888 oblivio,
747 830 799 875 et
840 829 963 888 post
1005 820 1334 876 oblivionem
1374 822 1658 876 memoria.
1698 819 1928 874 Pulchre
1973 836 2055 872 an-

2175 819 2375 885 γνῶσιν
2411 817 2521 888 (66)
2554 820 2587 890 ἡ
2625 817 2785 891 λήθη,
2827 821 2923 874 καὶ
2967 821 3105 892 μετὰ
3149 823 3248 895 τὴν
3285 822 3454 896 λήθην
3487 827 3520 896 ἡ
3555 828 3766 899 μνήμη.

485 929 593 970 tem
639 914 818 984 posuit
874 914 1048 977 illud,
1097 933 1115 965 ι
1149 914 1640 974 ιοηιὶηἰδοοιιιιιτ;›
1698 929 1820 965 nam
1865 929 1989 965 cum
2039 927 2055 966 ι

2175 909 2370 974 Καλῶς
2391 927 2476 972 τε,
2511 930 2529 961 ι
2567 911 2988 982 μνησθήσονται,
3020 931 3038 965 ι
3070 915 3314 969 τέθεικεν
3335 933 3349 946 ο
3385 917 3488 970 ὑπὸ
3510 917 3604 972 τοῦ
3631 920 3770 974 Θεοῦ

484 1012 594 1064 Deo
626 1009 678 1063 id
710 1007 857 1078 quod
894 1017 1024 1063 sunt
1070 1007 1404 1077 acceperint,
1441 1007 1654 1078 opiﬁcis
1701 1007 2055 1060 recordabun-

2173 1003 2283 1072 γὰρ
2311 1002 2374 1056 τὸ
2417 999 2556 1058 εἶναι
2601 1003 2905 1074 δεξάμενοι,
2950 1004 3046 1059 τοῦ
3088 1005 3591 1080 δημιουργήσαντος
3628 1029 3766 1084 μνη-

482 1115 590 1163 llll‘,
625 1111 680 1155 ΘΙ.
714 1114 983 1156 memores
1028 1109 1441 1163 COIH’CNCIIIUP,
1493 1114 1601 1153 ηοιι
1654 1114 1760 1152 una
1809 1114 1966 1168 gens,
2013 1111 2055 1150 lli

2175 1096 2486 1168 σθήσονται,
2522 1097 2615 1149 καὶ
2650 1097 2979 1169 μνησθέντες
3019 1099 3544 1172 ὲπιστραφήσονται,
3581 1105 3678 1176 οὐχ
3707 1105 3769 1159 ἒν

479 1199 687 1252 dictum
721 1205 824 1258 est,
856 1206 1032 1261 neque
1060 1190 1202 1256 duae,
1231 1191 1325 1246 sed
1361 1190 1600 1246 universi
1634 1190 1768 1246 lines
1806 1199 1964 1245 terra:
1994 1191 2055 1245 di

2173 1188 2344 1252 ἔθνος,
2369 1187 2445 1252 ὡς
2484 1189 2718 1260 εἴρηται,
2749 1188 2872 1242 οὐδὲ
2906 1188 3018 1253 δύο,
3053 1189 3190 1248 ἀλλὰ
3233 1191 3413 1246 πάντα
3443 1192 3511 1246 τὰ
3553 1195 3766 1267 πέρατα

480 1292 621 1344 vinae
655 1287 984 1357 cognitionis
1008 1285 1219 1341 lumine
1250 1283 1534 1340 illustrati.

2169 1282 2270 1354 τῆς
2297 1282 2420 1353 γῆς,
2449 1281 2529 1354 τῷ
2557 1283 2656 1354 τῆς
2691 1282 3018 1352 θεογνωσίας
3051 1285 3188 1355 φωτὶ
3221 1287 3585 1358 φωτιζόμενα.

553 1382 831 1437 \’t-:ns.29.
870 1379 1134 1445 Quoniam
1172 1378 1388 1433 Domini
1430 1389 1506 1433 est
1558 1395 1810 1448 regnum,
1858 1387 1908 1431 et
1957 1378 2055 1446 ipse

2244 1375 2364 1428 Ὅτι
2392 1374 2498 1428 τοῦ
2527 1376 2750 1444 Κυρίου
2783 1377 2822 1445 ἡ
2857 1377 3165 1443 βασιλεία,
3193 1379 3294 1433 καὶ
3329 1380 3514 1444 αὐτὸς
3541 1379 3763 1435 δεσπό-

480 1476 790 1528 domiuatur
815 1473 1070 1543 gentium,
1101 1478 1209 1522 etc.
1237 1468 1372 1522 Eum
1406 1469 1552 1522 enim
1588 1485 1819 1537 regnare
1853 1479 2055 1538 Oportel

2171 1467 2256 1532 ζει
2290 1467 2411 1521 τῶν
2435 1467 2647 1534 ἐθνῶν,
2691 1487 2747 1523 κ.
2779 1487 2834 1526 τ.
2881 1470 2927 1523 ὲ.
2969 1472 3062 1524 Δεῖ
3100 1470 3211 1541 γὰρ
3249 1471 3411 1525 αὑτὸν
3454 1473 3564 1544 (67)
3611 1474 3770 1544 βασι-

477 1567 641 1640 623
676 1567 850 1620 donec
901 1571 1065 1632 ponat
1110 1575 1300 1615 omnes
1346 1561 1602 1615 inimicos
1649 1576 1777 1615 suos
1827 1563 1927 1616 sub
1973 1577 2055 1631 pe-

2168 1558 2344 1614 λεύειν
2387 1559 2547 1632 ἄχρις
2576 1560 2642 1614 ἂν
2676 1561 2743 1634 θῇ
2783 1562 2991 1626 πάντας
3023 1563 3149 1627 τοὺς
3187 1563 3418 1636 ἐχθροὺς
3446 1565 3614 1618 αὐτοῦ
3653 1565 3761 1620 ὑπὸ

479 1665 639 1716 dibus
705 1659 839 1715 suis.
895 1655 1058 1724 Quasi
1111 1655 1353 1717 diceret,
1407 1654 1579 1708 donec
1631 1668 1824 1709 omnes
1880 1655 2055 1725 injusti

2167 1655 2295 1720 τοὺς
2333 1653 2501 1718 πόδας
2541 1655 2727 1710 αὑτοῦ.
2771 1655 2915 1709 Ὠσεὶ
2964 1655 3170 1726 ἔλεγεν,
3214 1657 3296 1710 ὅτι
3343 1657 3546 1722 πάντες
3581 1658 3758 1712 ἄδικοι

481 1753 618 1806 ﬁant
662 1750 797 1820 justi
842 1759 898 1804 et
949 1746 1202 1803 desinant
1251 1759 1376 1801 esse
1434 1745 1636 1800 terreni
1682 1754 1738 1801 et
1785 1748 2055 1818 corrupti«

2169 1747 2450 1818 γενόμενοι
2489 1746 2708 1813 δίκαιοι,
2760 1747 3099 1819 παυσάμενοι
3136 1745 3230 1801 τοῦ
3278 1747 3530 1817 γενέσθαι
3577 1749 3758 1820 γήϊνοι

476 1845 637 1899 biles.

2169 1839 2264 1893 καὶ
2297 1839 2549 1912 φθαρτοί.

547 1937 713 1991 Vsus.
736 1934 827 1990 51.
861 1933 928 1987 Et
955 1931 1132 1987 anima
1163 1946 1277 1984 mea
1308 1930 1389 1986 illi
1417 1932 1568 1995 vivet,
1592 1941 1699 1988 etc.
1725 1932 1928 1988 Anima
1966 1933 2055 1990 Dei

2235 1931 2346 1986 Καὶ
2376 1934 2414 2001 ἡ
2440 1931 2612 2002 ψυχή
2633 1949 2754 2002 μου
2781 1931 2942 1998 αὐτῷ
2967 1931 3056 2001 ζῇ,
3084 1949 3140 1986 κ.
3175 1950 3224 1987 τ.
3263 1933 3311 1988 ὲ.
3352 1933 3516 2006 Μὸνῳ
3547 1935 3580 2004 ὴ
3611 1934 3760 2006 ψυχὴ

474 2028 574 2084 soli
617 2027 752 2083 vivit
796 2027 927 2094 Deo,
977 2034 1032 2080 et
1085 2025 1452 2095 cognitionem
1503 2026 1668 2080 habet
1724 2041 1830 2082 non
1885 2026 2055 2083 solum

2164 2022 2276 2095 (68)
2301 2022 2396 2078 τοῦ
2423 2023 2560 2076 Θεοῦ
2587 2024 2654 2094 ζῇ
2683 2022 2764 2094 τῷ
2788 2022 2930 2094 Θεῷ,
2967 2024 3068 2095 τὴν
3104 2024 3305 2094 γνῶσιν
3341 2025 3538 2095 ἔχουσα
3569 2027 3628 2080 οὐ
3665 2027 3762 2097 μό-

476 2123 898 2193 praeteritorum,
924 2120 1022 2176 sed
1052 2129 1108 2175 et
1138 2119 1309 2190 ipsius
1340 2119 1457 2174 Dei.

549 2215 714 2274 Vsus.
739 2213 830 2269 52.
879 2211 1302 2266 Aununtiabitur
1352 2211 1580 2268 Domino
1623 2215 1893 2286 generatio
1932 2231 2061 2270 ven-

475 2318 629 2374 tura,
668 2317 777 2362 etc.
828 2323 848 2357 ι
877 2304 1172 2360 Generatio
1223 2306 1499 2376 praeterit,
1533 2313 1587 2360 et
1635 2306 1920 2376 generatio
1965 2307 2062 2362 ad-

478 2406 647 2462 venit.
697 2425 716 2458 ι
749 2436 819 2447 -
849 2426 868 2459 ι
916 2406 1208 2462 Generatio
1253 2425 1274 2459 ι
1309 2417 1492 2463 autem
1527 2427 1545 2460 ι
1590 2409 1868 2478 sapienti-2e
1914 2426 1932 2458 ι
1969 2416 2056 2462 est

479 2499 777 2553 secundum
833 2498 1175 2556 Salomonem
1226 2519 1246 2555 ι
1301 2501 1466 2558 timor
1513 2501 1762 2566 Domini,
1820 2498 2047 2569 divitiae,

479 2591 644 2664 gloria
676 2607 740 2647 ac
769 2591 875 2647 vita
902 2593 968 2645 ’⁸.
1008 2609 1026 2642 ι

2085 2824 2133 2886 C

998 2806 1321 2864 PSALMUS
1363 2807 1528 2866 XXII.

543 2903 708 2960 Vens.
748 2903 800 2958 1.
858 2898 1112 2954 Dominus
1168 2899 1298 2968 regit
1350 2915 1432 2954 me
1481 2911 1529 2955 et
1589 2901 1725 2956 nihil
1781 2905 1912 2960 mihi
1961 2907 2057 2963 de-

471 2998 590 3062 erit,
621 3005 731 3051 etc.
777 2992 1242 3060 Quemadniodum
1283 3005 1415 3046 oves
1467 2991 1634 3047 herba
1674 3001 1729 3049 et
1761 3009 1900 3066 aqua
1949 3015 2058 3053 nu-

472 3092 726 3155 triuntur,
770 3088 850 3143 sic
897 3099 950 3142 ct
1005 3087 1170 3143 homo
1225 3087 1445 3142 actione
1490 3095 1546 3142 et
1607 3086 1837 3144 scientia
1883 3090 2059 3146 viviﬁ-

471 3194 652 3238 Calur.

543 3277 708 3332 Vens.
727 3275 780 3330 '5.
800 3274 1043 3328 Animam
1063 3287 1233 3326 meum
1255 3271 1528 3326 convertit.
1552 3267 1783 3326 Deduxit
1807 3287 1888 3326 me
1901 3289 2060 3342 super

471 3371 684 3426 semitas
706 3367 954 3438 justitiaz,
1000 3374 1106 3419 etc.
1158 3362 1216 3416 Si
1252 3363 1449 3418 semita
1478 3371 1563 3418 est
1587 3361 1834 3430 justitize,
1868 3365 2058 3434 utique

469 3473 556 3520 est
602 3460 926 3532 prudentiae,
975 3454 1260 3511 cbaritatis
1296 3465 1352 3510 et
1380 3455 1754 3521 continentiae,
1789 3470 1885 3527 per
1920 3472 2058 3526 quas

472 3558 594 3626 quis
631 3554 937 3625 ingreditur
966 3551 1021 3605 in
1056 3563 1282 3619 regnum
1316 3547 1606 3603 caelorum.

547 3748 708 3804 Vens.
733 3748 788 3802 4.
832 3743 994 3816 Nam,
1043 3747 1143 3801 etsi
1190 3743 1528 3801 ambulavero
1570 3747 1624 3802 in
1655 3747 1826 3804 medio
1858 3749 2057 3804 umbrae

471 3841 680 3904 martis,
707 3856 808 3894 non
832 3838 1026 3894 timebo
1058 3837 1222 3901 mala,
1248 3835 1500 3906 quoniam
1525 3847 1582 3891 tu
1613 3854 1817 3894 mecum
1843 3856 1922 3902 es,
1946 3848 2054 3893 etc.

472 3932 608 3986 llinc
637 3948 744 3986 non
774 3933 842 3987 de
883 3931 1015 3995 Deo,
1058 3930 1156 3985 sed
1200 3929 1269 3984 ad
1312 3928 1486 3999 ipsum
1518 3929 1686 3984 Deum
1716 3944 1898 3985 sermo
1922 3945 2056 3987 con-

469 4025 723 4079 vertitur.
751 4021 1047 4079 Ambulare
1090 4029 1274 4077 autem
1304 4020 1358 4076 in
1394 4021 1573 4077 medio
1605 4023 1810 4077 umbrae
1839 4023 2052 4088 mortis,

471 4132 578 4171 non
609 4115 748 4170 idem
777 4122 861 4168 est
893 4127 959 4168 ac
985 4113 1178 4170 sedere
1203 4112 1259 4168 in
1294 4113 1485 4166 umbra
1521 4113 1745 4179 mortis;
1782 4114 1875 4184 qui
1905 4116 2052 4170 enim

469 4211 622 4264 sedet
648 4209 700 4262 in
733 4207 926 4261 umbra
961 4205 1176 4270 mortis,
1209 4206 1261 4260 in
1303 4206 1419 4276 ipsa
1451 4206 1623 4270 sedet,
1656 4220 1721 4261 ac
1754 4205 1943 4261 firmus
1968 4217 2055 4264 est

470 4304 524 4358 iu
563 4301 705 4356 man
736 4311 790 4354 et
829 4301 880 4355 in
921 4300 1112 4355 umbra
1146 4300 1366 4355 mortis.
1397 4297 1692 4368 Propterea
1727 4299 1780 4353 in
1816 4300 2055 4356 tenebris

469 4406 576 4460 est,
604 4403 658 4448 ct
697 4390 1070 4447 misericordia
1121 4389 1330 4460 indiget
1371 4398 1432 4444 ut
1461 4389 1510 4444 ei
1558 4389 1647 4444 lux
1697 4390 1924 4444 oriatur.
1952 4388 2055 4457 Qui

471 4503 600 4543 vero
632 4501 737 4541 non
771 4485 947 4550 sedet,
997 4483 1092 4540 sed
1129 4484 1329 4538 transit
1354 4497 1418 4537 ac
1450 4497 1549 4551 per
1579 4483 1817 4536 medium
1848 4483 2057 4540 umbrat

470 4579 660 4634 mortis
693 4575 952 4640 ambulat,
984 4590 1088 4628 non
1123 4583 1296 4638 stans,
1331 4574 1427 4628 sed
1456 4583 1911 4644 przetercurrens,
1948 4591 2054 4631 non

469 4673 618 4726 solus
649 4669 912 4732 amlmlnt,
944 4670 1068 4737 quia
1101 4666 1362 4722 Dominus
1393 4681 1514 4721 cum
1551 4681 1616 4720 eo
1649 4667 1853 4736 pergit.
1879 4665 2058 4724 Caete-

471 4780 590 4818 rum
624 4762 820 4817 alicubi
855 4763 1119 4832 scriptnm
1151 4769 1238 4816 est
1276 4759 1344 4815 de
1392 4761 1632 4815 sessione
1669 4761 1876 4815 umbra:
1911 4777 2056 4817 mor-

470 4858 644 4912 tis”:
683 4875 702 4908 ι
732 4855 1059 4912 Sedcntibus
1087 4855 1142 4910 in
1179 4853 1405 4925 regione
1431 4862 1485 4910 et
1510 4854 1704 4911 umbra
1741 4853 1935 4910 mortis
1963 4853 2053 4911 lux

468 4958 590 5003 orta
620 4956 706 5003 est
734 4947 832 5003 eis.
855 4964 878 4998 ι

554 5124 711 5194 Virga
756 5136 847 5177 tua
897 5134 943 5176 et
997 5121 1214 5174 baculus
1265 5129 1420 5178 tuus,
1469 5118 1582 5186 ipsa
1633 5131 1714 5170 me
1783 5115 2056 5170 consolati:

470 5231 612 5286 mut,
641 5229 746 5273 etr.
785 5215 1002 5285 Virgam
1052 5215 1121 5269 de
1166 5212 1484 5267 verberibus
1529 5223 1593 5263 ac
1635 5207 1918 5277 suppliciis
1952 5207 2056 5261 dici

575 5325 622 5356 ²⁶
660 5314 819 5372 Joan.
848 5328 935 5380 γι,
964 5313 1055 5367 lit.

544 5433 656 5504 (66)
684 5432 845 5488 Μετὰ
881 5431 998 5499 τὴν
1026 5428 1273 5501 γνῶσιν,
1297 5436 1402 5482 etc.
1435 5425 1663 5480 Schedm
1690 5422 1902 5487 Grabii,
1929 5421 2062 5474 Bar-

475 5507 658 5643 mli-35
687 5573 785 5627 Δεῖ
812 5572 922 5641 γὰρ
956 5572 1164 5643 αὐτόν,
1199 5579 1304 5623 etc.
1326 5567 1567 5643 _Sclteda:
1597 5564 1810 5643 G‘rabii.

544 5638 655 5716 (68)
688 5638 863 5716 Μόνὶρ
888 5645 924 5710 ἡ
956 5642 1150 5716 ψυχή,
1185 5652 1289 5695 etc.
1325 5639 1537 5716 [ﬁnalem
1569 5638 1806 5716 senectae.

543 5705 656 5783 (ϐυ)
691 5705 879 5767 Γενεὰ
909 5705 1240 5783 ὲτῶρείῦἐται,
1269 5722 1375 5763 etc.
1410 5709 1623 5783 Eaedem
1649 5705 1891 5783 _>Cll0tl1?:

546 5771 656 5854 (70)
695 5785 920 5850 ’Ὠσπερ
949 5771 1016 5834 τί)
1053 5784 1384 5848 πρύιῒανω·,
1425 5789 1532 5834 eit‘.
1570 5776 1802 5830 Scitula:
1846 5771 2058 5837 Graliii,

1148 5311 1192 5342 ³⁷
1233 5309 1449 5364 Eccles.
1483 5324 1519 5371 ι,
1549 5307 1603 5361 4.
1680 5304 1725 5335 ’⁸
1751 5304 1914 5359 Prov.
1945 5317 2086 5368 χχιι,
2112 5301 2167 5356 ti.

2163 2133 2252 2170 vov
2281 2115 2392 2169 τῶν
2415 2115 2736 2186 γεγονότων,
2759 2114 2895 2169 ἀλλὰ
2926 2116 3019 2170 καὶ
3045 2115 3212 2170 αὑτοῦ
3249 2116 3345 2170 τοῦ
3373 2116 3532 2172 Θεοῦ.

2243 2207 2738 2278 Ἁναγγελήσεται
2778 2205 2860 2272 τῷ
2903 2207 3098 2276 Κυρίῳ
3143 2207 3320 2276 γενεὰ
3364 2209 3404 2277 ἡ
3443 2208 3758 2278 ἐρχομένη,

2165 2313 2221 2352 κ.
2253 2315 2304 2350 τ.
2336 2298 2383 2350 ὲ.
2411 2315 2431 2348 ι
2465 2296 2634 2351 Γενεὰ
2663 2296 2957 2368 πορεύεται
2987 2296 3098 2369 (69)
3125 2303 3220 2350 καὶ
3249 2296 3412 2364 γενεὰ
3451 2295 3690 2368 ἔρχεται.
3733 2315 3754 2350 ι

2170 2410 2190 2445 ι
2217 2391 2384 2445 Γενεὰ
2413 2410 2432 2444 ι
2456 2391 2514 2446 δὲ
2549 2409 2566 2440 ι
2599 2391 2792 2461 σοφίας
2834 2409 2854 2442 ι
2891 2389 3008 2444 ἐστὶ
3055 2389 3198 2445 κατὰ
3247 2389 3342 2444 τὸν
3395 2388 3557 2458 σοφὸν
3605 2389 3761 2443 Σολο-

2169 2486 2356 2558 μῶντα
2395 2502 2415 2537 ι
2455 2485 2618 2554 φόϐος
2671 2482 2880 2555 Κυρίου
2933 2483 3028 2537 καὶ
3075 2480 3306 2548 πλοῦτος
3357 2481 3452 2536 καὶ
3495 2480 3624 2550 δόξα
3665 2481 3763 2538 καὶ

2167 2580 2301 2650 ζωή·
2343 2598 2360 2631 ι

2729 2802 3025 2859 ΨΑΛΜΟΣ
3058 2801 3186 2857 ΚΒ⁹.

2232 2908 2449 2977 Κύριος
2474 2901 2774 2972 ποιμαίνει
2799 2915 2896 2969 με,
2928 2892 3027 2949 καὶ
3064 2895 3247 2950 οὐδέν
3285 2910 3364 2963 με
3409 2891 3756 2960 ὑστερήσει,

2161 3022 2216 3060 κ.
2250 3019 2302 3058 τ.
2329 3003 2377 3057 ὲ.
2417 3000 2627 3068 Ὥσπερ
2657 2995 2719 3048 τὸ
2751 2992 3024 3065 πρόϐατον
3051 2987 3162 3060 (70)
3197 2986 3456 3059 τρέφεται
3487 2985 3619 3059 χλόη
3663 2988 3760 3040 καὶ

2161 3097 2335 3159 ὕδατι,
2368 3091 2512 3147 οὕτω
2549 3090 2646 3144 καὶ
2678 3089 2708 3142 ὁ
2735 3084 3021 3158 ἄνθρωπος
3059 3080 3404 3148 ζωοποιεῖται
3437 3077 3636 3150 πράξει
3665 3077 3761 3131 καὶ

2197 3205 2380 3242 νωσει.

2167 3209 2380 3348 rugis]:
2402 3275 2616 3348 ψυχήν
2638 3289 2760 3343 μου
2800 3268 3203 3336 ἐπέστρεψεν-⁸
3246 3261 3526 3334 ὡδήγησέ
3550 3279 3628 3332 με
3663 3261 3761 3316 ἐπὶ

2160 3373 2400 3442 τρίϐους
2440 3366 2855 3432 δικαιοσύνης,
2896 3379 2950 3415 κ.
2985 3378 3037 3414 τ.
3074 3361 3120 3413 ὲ.
3157 3359 3222 3412 El
3264 3357 3379 3410 ἔστι
3423 3355 3608 3428 τρίϐος
3646 3354 3761 3426 (7!)

2159 3460 2527 3531 δικαιοσύνης,
2561 3457 2678 3510 ἐστὶ
2722 3453 2819 3508 καὶ
2869 3448 3228 3520 σωφροσύνης
3270 3448 3367 3501 καὶ
3401 3445 3623 3518 ἀγάπης
3665 3446 3762 3500 καὶ

2161 3551 2512 3625 ἐγκρατείας,
2535 3549 2603 3604 δι’
2633 3541 2708 3602 ὧν
2758 3543 3064 3616 εἰσέρχεταί
3105 3559 3190 3608 τις
3229 3542 3310 3606 εἰς
3350 3542 3449 3615 τὴν
3480 3541 3761 3612 βασιλείαν

2160 3646 2270 3701 τῶν
2301 3641 2567 3716 οὐρανῶν.

2242 3736 2386 3792 Ἐὰν
2413 3733 2524 3806 γὰρ
2555 3730 2653 3786 καὶ
2679 3727 2950 3800 πορευθῶ
2977 3725 3047 3780 ἐν
3065 3725 3236 3796 μέσῳ
3263 3723 3446 3792 σκιᾶς
3475 3723 3759 3790 θανάτου,

2161 3829 2234 3883 οὐ
2288 3823 2706 3896 φοϐηθήσομαι
2752 3817 2945 3882 κακὰ,
3006 3816 3096 3871 ὅτι
3138 3815 3220 3871 σὺ
3253 3817 3381 3887 μετ’
3413 3815 3580 3885 ἐμοῦ,
3617 3833 3672 3872 κ.
3705 3832 3756 3868 τ.

2161 3922 2210 3977 ἑ.
2244 3917 2524 3973 Ἐντεῦθεν
2556 3917 2585 3968 ὁ
2615 3914 2772 3982 λόγος
2800 3909 2916 3990 (7‘2)
2949 3909 3011 3964 οὐ
3053 3909 3184 3980 περὶ
3222 3907 3358 3962 Θεοῦ
3378 3949 3393 3973 ,
3438 3906 3573 3962 ἀλλὰ
3621 3906 3761 3978 πρὸς

2160 4013 2322 4068 αὐτὸν
2354 4011 2445 4064 τὸν
2478 4009 2629 4063 Θεὸν.
2682 4007 2757 4060 Οὐ
2812 4003 3009 4059 ταυτὸν
3055 4002 3112 4056 δέ
3159 4003 3275 4056 ἐστι
3326 3999 3654 4072 πορεύεσθαι
3700 4001 3760 4054 ὲν

2166 4103 2318 4175 μέσῳ
2355 4101 2514 4163 σκιᾶς
2552 4095 2783 4151 θανάτου
2819 4092 2898 4164 τῷ
2923 4091 3196 4162 καθῆσθαι
3234 4093 3293 4144 ὲν
3328 4091 3455 4161 σκιᾷ
3487 4089 3756 4143 θανάτου·

2087 4167 2134 4224 ῐ)
2217 4167 2445 4265 μὲξθγάρ
2466 4187 2828 4258 καθεζόμενος
2865 4183 3075 4253 ἵδρυται
3115 4183 3174 4235 ὲν
3207 4181 3369 4252 αὐτῇ.
3411 4181 3505 4233 καὶ
3541 4180 3759 4252 βέϐαιός

2158 4289 2307 4340 ἐστιν
2333 4285 2392 4337 ὲν
2426 4281 2504 4353 τῷ
2533 4278 2708 4350 κακῷ,
2750 4277 2846 4331 καὶ
2887 4278 2945 4329 ὲν
2969 4276 3036 4345 τῇ
3069 4274 3197 4345 σκιᾷ
3223 4271 3318 4326 τοῦ
3358 4271 3590 4327 θανάτου
3611 4289 3624 4303 ·
3669 4273 3760 4327 διὰ

2156 4377 2316 4434 τοῦτο
2351 4377 2407 4429 ὲν
2435 4373 2626 4444 σκοτίᾳ
2659 4371 2796 4436 ἐστὶ,
2829 4368 2923 4422 καὶ
2953 4368 3126 4421 δεῖται
3171 4365 3343 4432 ἐλέου,
3375 4365 3462 4418 ἴνα
3500 4364 3762 4437 ἀνατείλῃ

2153 4469 2308 4540 αὑτῷ
2341 4468 2481 4538 φῶςο
2512 4467 2540 4519 ὁ
2573 4465 2820 4537 μέντοιγε
2858 4459 2932 4532 μὴ
2981 4456 3369 4528 καθεζόμενος,
3405 4457 3540 4510 ἀλλὰ
3575 4475 3760 4529 παρα-

2159 4562 2390 4634 τρέχων,
2434 4557 2522 4611 ate
2572 4556 2669 4626 μὲν
2707 4553 2874 4622 μέσου
2923 4551 3081 4613 σκιᾶς
3122 4549 3352 4602 θανάτου
3400 4547 3620 4613 ὁδεύων,
3661 4550 3761 4622 οὐχ
3839 4563 3842 4566 ‘

2162 4652 2409 4726 έστηκὼς
2434 4650 2513 4714 δὲ,
2560 4647 2696 4702 ἀλλὰ
2735 4642 3093 4718 παρατρέχων
3128 4641 3195 4694 δι’
3225 4640 3398 4710 αὐτῆς
3446 4639 3544 4710 τῆς
3600 4641 3759 4705 σκιᾶς

2161 4745 2257 4797 τοῦ
2291 4743 2542 4805 θανάτου,
2577 4740 2639 4792 οὺ
2673 4737 2830 4808 μόνος
2866 4732 3190 4802 περιπατεῖ·
3243 4729 3446 4801 Κύριος
3475 4730 3583 4801 γὰρ
3610 4730 3762 4803 αὐτῷ

2167 4836 2455 4893 συνοδεύει.
2485 4832 2595 4886 Ποῦ
2629 4831 2685 4884 δὲ
2719 4828 3027 4900 γέγραπται
3061 4826 3190 4898 περὶ
3232 4825 3330 4897 τῆς
3363 4823 3631 4888 καθίσεως
3661 4826 3758 4897 τῆς

2167 4930 2326 4992 σκιᾶς
2356 4925 2451 4980 τοῦ
2481 4923 2712 4979 θανάτου
2733 4940 2746 4954 ο
2790 4939 2809 4973 ι
2850 4918 3196 4989 Καθημένοις
3226 4921 3284 4972 ὲν
3311 4916 3467 4988 χώρᾳ
3499 4918 3594 4971 καὶ
3631 4919 3755 4989 σκιᾷ

2167 5021 2400 5076 θανάτου
2429 5017 2545 5088 φῶς
2571 5013 2847 5070 ἀνέτειλεν
2877 5012 3081 5076 αὐτοῖς.
3125 5031 3144 5065 ι

2248 5116 2310 5171 Ἠ
2325 5112 2551 5182 ῥάϐδος
2582 5128 2699 5166 σου
2732 5111 2830 5164 καὶ
2880 5111 2918 5178 ἡ
2952 5108 3254 5176 βακτηρία
3299 5123 3437 5169 σου,
3483 5100 3662 5160 αὗταί
3683 5123 3758 5176 με

2167 5205 2619 5278 παρεκάλεσαν,
2653 5222 2706 5260 κ.
2736 5221 2786 5258 τ.
2822 5204 2868 5258 ὲ.
2913 5202 3038 5256 Ὀτι
3070 5201 3103 5272 ἡ
3138 5199 3332 5270 ῥάϐδος
3364 5198 3477 5269 (75)
3512 5198 3607 5251 ἐπὶ
3652 5198 3761 5253 τῶν

2257 5305 2303 5334 "
2345 5303 2448 5356 lsa.
2479 5318 2554 5366 Ill,
2582 5301 2638 5355 ἓ.

2167 5424 2337 5479 codex
2378 5421 2764 5475 Cnisliuianns.
2792 5417 3090 5472 Barbarus.

2237 5496 2350 5562 (τι)
2382 5494 2448 5545 Εἰ
2473 5493 2603 5562 ἔστι
2634 5491 2862 5562 τρίϐος,
2892 5501 2997 5542 etc.
3037 5485 3264 5562 Scbetlae
3293 5484 3502 5562 Grabii.

2237 5555 2351 5633 (‘79.)
2397 5555 2708 5617 Ἐντεῦθεν
2732 5563 2763 5613 ὀ
2786 5559 2990 5628 λόγος,
3018 5569 3124 5612 etc.
3155 5558 3332 5611 Codex
3366 5555 3758 5620 Baroccianus,

2211 5655 2257 5687 Ill
2277 5651 2457 5687 0211⁸115.

2167 5635 2532 5828 11:467:33."itm
2572 5704 2610 5773 ἡ
2653 5699 2913 5772 ῥάϐδος,
2965 5706 3072 5755 etc.
3113 5697 3294 5754 Codex
3351 5695 3759 5761 Barorcianus,

2213 5789 2458 5828 amarus.

2213 5779 2458 5830 urbarus.
