4100 6380
364 368 493 424 1261

1348 354 1657 413 SELECTA
1692 351 1761 409 IN
1792 349 2129 408 PSALMOS.
2162 381 2231 390 —
2271 348 2464 405 PSAL.
2504 346 2670 403 XXII.

3485 349 3625 404 126?.

365 486 643 559 μαστίγων
695 484 789 539 καὶ
845 482 955 538 τῶν
998 480 1272 536 κολάσεων
1322 479 1559 550 εἴρηται,
1612 475 1947 548 μαρτυρήσει

2062 471 2207 526 testis
2253 469 2357 525 erit
2389 467 2693 538 Scriptura,
2740 482 2861 537 quae
2892 467 3130 524 dicit“:
3167 486 3183 520 ι
3218 468 3275 523 Si
3323 468 3631 539 derelique-

360 580 500 649 αὑτὴ
552 581 586 649 ἡ
654 578 843 649 Γραφὴ
909 576 1167 644 λέγουσα·
1230 592 1247 624 ι
1298 573 1421 626 Ἐὰν
1486 567 1951 639 ὲγκαταλείπωσιν

362 673 413 724 oi.
446 671 549 724 υίοί
585 688 686 742 μου
712 670 803 723 τὸν
835 670 997 740 νόμον
1036 686 1156 739 μου,
1193 666 1285 719 καὶ
1334 667 1446 727 τοῖς
1479 661 1708 734 κρίμασί
1739 678 1838 731 μου
1878 658 1952 730 μὴ

368 761 741 833 πορευθῶσινο
787 760 881 813 ἐὰν
933 759 1000 813 τά
1049 756 1395 826 δικαιώματά
1435 770 1535 824 μου
1580 750 1949 823 βεϐηλώσωσι,

368 856 463 908 καὶ
492 854 591 917 τὰς
620 854 842 917 ἐντολάς
879 870 978 923 μου
1029 852 1103 922 μὴ
1142 849 1467 919 φυλάξωσιν,
1497 844 1863 914 ἐπισκέψομαι
1895 842 1952 895 ὲν

369 947 547 1017 ῥάϐδῳ
574 946 673 1010 τὰς
699 946 926 1017 ἀνομίας
954 943 1152 1008 αὐτῶν,
1189 942 1282 994 καὶ
1312 942 1369 993 ὲν
1402 938 1619 1011 μάστιξι
1652 938 1749 999 τὰς
1774 937 1955 1007 ἁμαρ-

365 1038 487 1102 τίας
519 1038 717 1102 αὐτῶν,
748 1037 810 1091 τὸ
844 1037 901 1090 δὲ
949 1035 1093 1097 ἔλεός
1126 1050 1226 1105 μου
1258 1031 1319 1085 ού
1361 1030 1435 1100 μὴ
1482 1027 1819 1083 διασκεδάσω
1857 1022 1952 1078 ἀπ’

367 1128 576 1182 αὐτῶν·
613 1147 631 1180 ι
659 1127 799 1180 ὥστε
830 1127 879 1179 εἰ
907 1126 1151 1197 ἥμαρτες
1192 1120 1286 1175 καὶ
1330 1119 1544 1191 βλέπεις
1586 1116 1778 1189 ῥάϐδον
1817 1113 1951 1167 Θεοῦ

369 1219 726 1289 ἐπικειμένην
754 1235 856 1284 σοι,
894 1216 1022 1278 ἴσθι,
1056 1216 1138 1268 ὅτι
1176 1213 1238 1267 τὸ
1266 1211 1409 1275 ἕλεος
1454 1210 1549 1263 τοῦ
1582 1207 1718 1263 Θεοῦ
1751 1207 1812 1261 οὐ
1842 1207 1954 1260 διε-

370 1309 658 1362 σκέδασται
688 1308 795 1362 ἀπὸ
826 1308 941 1361 σοῦ.
974 1309 1037 1360 Et
1071 1306 1128 1360 δὲ
1158 1305 1425 1375 ἥμαρτες,
1450 1352 1453 1353 ν
1474 1302 1568 1355 καὶ
1593 1298 1827 1368 οὐδαμοῦ
1857 1297 1954 1368 ῥά-

371 1405 512 1467 ϐδος,
547 1403 669 1455 οὐδὲ
706 1400 922 1473 μάστιξ,
954 1398 1120 1468 φοϐοῦ
1144 1414 1156 1428 °
1187 1397 1246 1451 ού
1280 1391 1643 1466 παραδέχεται
1677 1408 1736 1444 σε
1769 1392 1797 1444 ὁ
1822 1390 1955 1454 Θεὸς

375 1516 393 1545 ι
437 1497 465 1548 ὁ
494 1494 772 1567 μαστιγῶν
803 1493 981 1546 πάντα
1014 1492 1127 1545 υἱδν
1160 1490 1219 1544 δν
1244 1488 1627 1560 παραδέχεται.
1671 1504 1690 1536 ι
1720 1481 1957 1537 Τοιαῦτα

370 1589 583 1657 λέγεται
613 1586 741 1659 περὶ
772 1585 879 1640 τῶν
918 1582 1277 1656 ἁμαρτωλῶν,
1311 1582 1398 1634 ὅτε
1429 1579 1490 1632 ού
1529 1575 1951 1648 μαστιγοῦνταιο

377 1700 395 1731 ι
443 1680 606 1751 Ἐμοῦ
640 1679 697 1733 δὲ
730 1676 881 1749 παρά
918 1674 1109 1746 μικρὸν
1139 1670 1506 1741 ὲσαλεύθησαν
1537 1669 1585 1722 οἱ
1621 1666 1955 1737 πόδες-παρ’

369 1772 546 1840 ὀλίγον
577 1768 803 1841 ἐξεχύθη
837 1768 905 1821 τά
928 1764 1235 1836 διαϐήματά
1264 1780 1386 1833 μου,
1420 1762 1501 1814 ὅτι
1527 1760 1627 1812 οὐκ
1654 1757 1797 1811 ἔστιν
1822 1756 1955 1810 ἀνά-

2056 562 2165 616 rint
2194 560 2288 615 ﬁlii
2327 560 2430 613 mei
2470 560 2641 628 legem
2674 573 2873 621 meam,
2897 558 3032 613 etin
3072 557 3296 627 judiciis
3346 558 3481 611 meis
3524 574 3631 613 non

2054 652 2488 717 ambulaverint;
2532 651 2576 704 si
2620 648 2865 717 justitias
2911 664 3060 703 meas
3103 648 3535 717 profanaverint,
3579 660 3634 702 et

2056 744 2309 798 mandata
2356 756 2474 797 mea
2523 757 2630 795 non
2684 741 3075 801 custodierint,
3112 738 3346 793 visitabo
3378 740 3434 793 in
3481 740 3634 809 virga

2056 834 2377 903 iniquitates
2415 846 2626 898 eorum,
2652 840 2707 886 et
2740 831 2793 885 in
2821 830 3136 884 verberibus
3166 839 3386 898 peccata
3416 844 3632 891 eorum,

2055 925 2484 981 misericordiam
2510 934 2690 977 autem
2720 936 2892 977 meam
2927 936 3031 974 non
3062 919 3369 990 dispergam
3404 919 3472 974 ab
3495 920 3628 973 eis.»

2056 1016 2420 1085 Quamobrem
2454 1015 2498 1070 si
2532 1013 2804 1084 peccasti,
2850 1023 2906 1067 et
2956 1013 3108 1069 vides
3139 1013 3346 1075 virgam
3396 1011 3489 1066 Dei
3537 1011 3632 1064 tibi

2056 1113 2365 1174 imminere,
2391 1109 2558 1181 624
2586 1109 2726 1165 scito
2772 1108 3200 1164 misericordiam
3238 1107 3331 1162 Dei
3382 1122 3486 1162 non
3523 1107 3635 1161 dis-

2056 1221 2270 1276 persam
2322 1220 2443 1262 esse
2477 1220 2506 1258 a
2551 1213 2623 1258 te.
2677 1202 2733 1257 Si
2789 1210 2968 1255 autem
3023 1202 3297 1271 peccasti,
3344 1215 3445 1255 nec
3482 1199 3635 1270 virga

2056 1316 2155 1355 nec
2187 1299 2458 1371 ﬂagellum
2490 1294 2770 1351 ullomodo
2799 1293 3065 1357 imminet,
3097 1295 3227 1349 time
3254 1311 3269 1348 :
3308 1309 3413 1347 non
3441 1293 3637 1362 recipit

2060 1402 2110 1445 te
2152 1391 2293 1445 Deus
2338 1390 2428 1459 qui
2468 1409 2485 1441 ι
2517 1388 2757 1458 ﬂagellat
2803 1404 3021 1445 omnem
3075 1387 3245 1443 ﬁlium
3288 1402 3449 1456 quem
3498 1386 3638 1440 reci.

2058 1483 2137 1553 pit
2162 1481 2231 1536 ³¹.
2256 1500 2274 1532 ι
2312 1478 2447 1535 Nam
2479 1481 2546 1535 de
2588 1481 2969 1549 peccatoribus
3018 1494 3158 1549 quos
3210 1494 3316 1533 non
3367 1480 3634 1548 castigat,

2057 1574 2253 1629 dicitur
2274 1574 2318 1606 ³³
2342 1574 2377 1627 ε’
2398 1591 2417 1625 ι
2449 1570 2551 1626 Mei
2581 1582 2759 1627 autem
2791 1586 2927 1641 pene
2957 1572 3090 1626 moti
3125 1580 3254 1626 sunt
3281 1570 3470 1641 pedes,
3500 1584 3638 1640 pene

2060 1666 2215 1721 eﬂusi
2248 1675 2377 1721 sunt
2411 1680 2632 1738 gressus
2676 1665 2804 1728 mei,
2849 1665 2975 1734 quia
3004 1679 3110 1718 non
3151 1672 3236 1718 est
3269 1671 3547 1733 respectus
3579 1662 3633 1716 in

2059 1767 2233 1812 morte
2265 1758 2527 1827 ipsorum,
2569 1766 2620 1810 et
2658 1755 3058 1810 ﬁrmamentum
3105 1753 3160 1807 in
3211 1753 3367 1822 plaga
3419 1767 3633 1807 eorum.

372 1880 552 1925 νευσις
590 1865 648 1915 ὲν
690 1860 767 1931 τῷ
813 1857 1027 1927 θανάτῳ
1072 1853 1269 1917 αὐτῶν,
1318 1852 1412 1906 καὶ
1457 1849 1744 1922 στερέωμα
1788 1848 1845 1899 ὲν
1888 1847 1954 1917 τῇ

2062 1850 2113 1903 lu
2146 1849 2425 1904 laboribus
2452 1849 2731 1903 hominum
2766 1861 2870 1901 non
2906 1854 3054 1910 sunt,
3089 1854 3146 1899 et
3170 1860 3290 1899 cum
3326 1843 3637 1897 hominibus

375 1954 597 2024 μάστιγι
647 1951 846 2005 αὐτῶν.
892 1950 978 2001 Ἐν
1012 1947 1201 2009 κόποις
1242 1941 1541 2014 ἀνθρώπων
1580 1940 1679 1994 οὐκ
1718 1938 1957 2001 είσὶ,καὶ

376 2043 511 2115 μετά
565 2039 868 2111 ἀνθρώπων
922 2038 983 2091 οὐ
1047 2033 1570 2107 μαστιγωθήσονται.
1637 2029 1736 2082 Διά
1799 2027 1959 2082 τοῦτο

372 2135 673 2203 ἐκράτησεν
704 2131 898 2192 αὐτοὺς
932 2131 965 2200 ἡ
996 2125 1373 2199 ὑπερηφανίαν
1414 2121 1797 2195 περιεϐάλοντο
1837 2120 1958 2174 ἁδι-

372 2223 494 2275 κίαν
521 2223 609 2274 καὶ
640 2221 889 2275 ἀσέϐειαν
917 2219 1116 2274 αὐτῶν.
1150 2219 1214 2271 Ἥ
1240 2218 1429 2291 ῥάϐδος
1456 2233 1547 2269 σου
1582 2215 1674 2268 καὶ
1698 2214 1731 2284 ἡ
1757 2212 1960 2283 βακτη-

374 2311 462 2381 ρία
506 2328 619 2363 σου.
656 2330 674 2362 ι
712 2311 896 2381 Ἀρκεί
947 2308 1170 2379 ῥάϐδος·
1215 2307 1266 2360 τί
1312 2309 1457 2360 ποιεῖ
1509 2304 1812 2375 βακτηρία;
1861 2301 1957 2355 ὲάν

370 2398 437 2475 ᾗς
483 2402 750 2473 πρόϐατον
808 2400 1161 2472 ἁμαρτωλὸν,
1204 2398 1382 2469 ῥάϐδῳ
1432 2397 1713 2468 πληγήσῃ’
1758 2393 1855 2473 έάν
1888 2390 1958 2466 ᾖς

371 2492 655 2564 ἄνθρωπος
687 2492 1028 2565 ἁμαρτωλὸς,
1066 2490 1360 2561 βακτηρίᾳ·
1393 2489 1481 2543 διὰ
1516 2488 1672 2541 τοῦτο
1709 2487 1802 2540 ἐπὶ
1831 2484 1956 2538 τού-

371 2603 479 2638 των
507 2586 566 2638 ού
599 2586 809 2656 ῥάϐδος,
842 2586 977 2640 άλλά
1021 2583 1291 2655 βακτηρία
1337 2578 1628 2650 ὠνομάσθη
1685 2577 1836 2652 παρά
1880 2574 1957 2647 τῷ

374 2676 676 2747 Σολομῶντι
708 2679 766 2730 ἐν
793 2679 912 2740 ταῖς
935 2677 1312 2745 Παροιμίαιςο
1354 2693 1373 2726 ι
1417 2675 1475 2727 Ὀ
1506 2672 1816 2743 φειδόμενος
1856 2671 1959 2742 τῆς

377 2766 676 2839 βακτηρίας
709 2772 857 2839 μισεῖ
880 2770 971 2822 τὸν
999 2766 1194 2822 ἑαυτοῦ
1221 2767 1351 2820 υἱόν.
1386 2786 1404 2818 ι
1434 2766 1620 2820 Ταῦτα
1652 2760 1744 2819 οὖν
1776 2782 1959 2837 παρα-

2061 1957 2165 1996 non
2193 1940 2634 2011 ﬂagellabantur.
2662 1940 2785 1993 Ideo
2815 1937 2987 1992 tenuit
3014 1952 3109 1992 eos
3140 1937 3416 2005 superbia.
3446 1933 3631 2004 Operti

2059 2044 2189 2088 Sunt
2224 2032 2515 2102 iniquitate
2541 2039 2598 2086 et
2638 2030 2916 2100 impietate
2960 2043 3081 2083 sua.
3114 2026 3278 2097 Virga
3318 2038 3405 2082 tua
3437 2036 3492 2081 et
3540 2027 3639 2081 ba-

2060 2125 2213 2178 culus
2244 2133 2387 2179 tuus.
2412 2142 2432 2175 »
2470 2119 2678 2177 Sufﬁcit
2709 2121 2858 2188 virga
2889 2136 2903 2173 :
2936 2120 3063 2189 quid
3096 2134 3233 2188 opus
3276 2127 3360 2174 est
3405 2117 3637 2172 baculo?

2062 2217 2106 2271 si
2146 2215 2314 2270 fueris
2344 2214 2461 2269 ovis
2491 2228 2706 2279 errans,
2734 2212 2919 2280 virga;
2949 2212 2994 2265 si
3040 2210 3205 2266 fueris
3237 2211 3398 2264 homo
3440 2224 3634 2278 pecca-

2065 2315 2172 2372 tor,
2222 2305 2416 2361 baeulo
2455 2304 2753 2375 vapulabis.
2806 2302 2931 2357 Ideo
2983 2302 3036 2355 in
3073 2301 3158 2357 bis
3201 2315 3306 2354 non
3346 2300 3639 2368 virga,sed

2062 2398 2289 2454 baculus
2332 2398 2384 2452 in
2438 2395 2739 2451 Proverbiis
2789 2411 2816 2449 a
2866 2395 3157 2451 Salomone
3205 2391 3509 2463 appellatur
3544 2391 3637 2446 ":

2068 2508 2087 2543 ι
2117 2489 2218 2556 Qui
2262 2488 2435 2560 parcit
2465 2486 2679 2555 baculo,
2708 2486 2823 2541 odit
2857 2486 3029 2540 ﬁlium
3062 2501 3239 2540 suum.
3268 2502 3288 2537 ι
3339 2482 3463 2537 llree
3505 2498 3643 2537 con-

2063 2579 2308 2636 solantur
2355 2593 2479 2633 eum
2528 2577 2619 2648 qui
2654 2575 2873 2646 vapulat
2915 2585 2970 2632 et
3014 2576 3259 2645 punitur,
3309 2573 3511 2644 quippe
3550 2572 3641 2626 cui

2062 2686 2382 2742 persuasum
2413 2670 2484 2726 sit
2511 2686 2541 2726 a
2573 2668 2682 2725 Deo
2709 2682 2928 2725 omnem
2978 2667 3148 2724 ﬁlium
3179 2682 3339 2738 quem
3383 2666 3641 2738 suscipit,

2067 2762 2348 2834 ﬂagellari.

374 2858 527 2911 καλεῖ
553 2859 641 2912 τὸν
661 2861 991 2925 τυπτόμενον
1017 2860 1112 2912 καὶ
1135 2860 1223 2912 τὸν
1248 2856 1627 2928 κολαζόμενον,
1660 2856 2043 2925 πεπεισμένον,
2072 2855 2155 2909 ὅτι
2186 2854 2439 2927 μαστιγοῖ
2469 2856 2497 2909 ὁ
2524 2854 2656 2920 Θεὸς
2683 2855 2863 2911 πάντα
2895 2851 3010 2906 υίὺν
3037 2852 3097 2907 ὃν
3122 2851 3506 2923 παραδέχεται.

450 2952 561 3008 Τοῦ
606 2954 809 3009 αὐτοῦ.
854 2956 1063 3025 Ὥσπερ
1123 2954 1315 3023 ῥάϐδος
1347 2953 1456 3023 (74)
1493 2950 1771 3015 παιδεύει,
1818 2950 1958 3005 οὕτω

2138 2952 2419 3021 Ejusdem.
2450 2951 2914 3017 Quemadmodum
2944 2949 3098 3019 virga
3128 2949 3327 3013 erudit,
3372 2949 3452 3002 sic
3501 2947 3644 3003 actio

375 3044 653 3115 πρακτικὴ
687 3042 1047 3113 μετροπαοεῖν
1074 3043 1406 3096 ἐκδιδάσκει’
1436 3043 1530 3096 καὶ
1554 3041 1742 3113 ὥσπερ
1769 3040 1965 3113 βακτη-

379 3137 468 3209 ρία
495 3134 785 3198 ἀναπαύει,
810 3134 950 3187 οὕτω
984 3135 1077 3188 καὶ
1102 3134 1301 3202 γνῶσις
1345 3133 1647 3205 εὐφραίνει.
1682 3132 1964 3204 Βακτηρία

374 3226 435 3278 τὸ
475 3224 708 3295 ίσχυρόν.
734 3223 987 3276 Βούλεται
1011 3218 1102 3276 οὖν
1134 3225 1326 3289 εἰπεῖν,
1360 3225 1462 3289 ὅτι,
1500 3224 1567 3277 Ἠ
1592 3222 1839 3294 βασιλεία
1867 3239 1962 3277 σου

377 3320 410 3386 ἡ
441 3316 677 3385 κραταιά
715 3316 814 3387 τῆς
855 3314 1252 3386 παρακλήσεώς
1286 3333 1375 3388 μοι
1405 3316 1609 3387 ταύτης
1634 3314 1849 3385 ἐγένετο
1875 3333 1964 3387 χο-

378 3407 565 3479 ρηγός·

458 3500 809 3569 Ἡτοίμίισας
843 3499 1100 3554 ἐνώπιόν
1136 3518 1255 3570 μου
1299 3496 1620 3567 τράπεζαν,
1676 3501 1746 3567 ἐξ
1787 3502 1964 3557 ἐναν-

376 3592 504 3657 τίας
536 3591 652 3645 τῶν
680 3594 1005 3646 θλιϐόντων
1020 3610 1117 3661 με,
1146 3609 1200 3646 κ.
1228 3610 1275 3645 τ.
1304 3593 1350 3645 έ.
1379 3592 1443 3645 Τί
1469 3591 1715 3662 βούλεται
1746 3593 1856 3664 (75)
1882 3593 1961 3659 τὸ,

382 3702 399 3733 ι
440 3684 499 3748 ἐξ
529 3685 774 3749 ἐναντίας
814 3685 920 3737 τῶν
950 3684 1239 3739 θλιϐόντων
1284 3701 1385 3755 με;
1435 3704 1453 3736 ι
1489 3686 1641 3755 Ἔχει
1674 3703 1724 3739 τι
1757 3686 1963 3757 μυστή-

379 3791 491 3844 ριον
526 3775 854 3846 ἀπόρῥητον,
888 3775 973 3827 ἵνα
1017 3792 1100 3837 τις
1133 3773 1358 3845 εὔχηται
1388 3774 1680 3829 θλίϐεσθαι.
1729 3776 1964 3830 Ἐπινόει

381 3877 469 3930 μοι
498 3858 686 3930 ὥσπερ
738 3862 831 3913 ἐπὶ
876 3860 983 3914 τῶν
1033 3863 1257 3930 ἀγώνων
1313 3862 1419 3914 τῶν
1465 3862 1716 3933 μεγάλων
1771 3865 1965 3929 ἄθλους

376 3952 757 4022 ἐπικειμένους
807 3952 927 4006 καθ’
985 3952 1212 4006 ἕκαστον
1266 3952 1572 4023 ἀγώνισμα,
1630 3954 1803 4018 οὕτως
1840 3955 1961 4009 καθ’

378 4046 613 4117 ἑκάστην
643 4044 841 4114 θλίψιν,
867 4045 1028 4116 ἡνίκα
1054 4046 1119 4099 ἂν
1151 4046 1209 4098 τὸ
1232 4045 1410 4098 θλίϐον
1440 4048 1611 4117 παρῇ,
1646 4047 1740 4099 καὶ
1767 4048 1823 4100 αί
1853 4046 1963 4099 θλί-

379 4140 569 4190 Causa:
602 4138 857 4208 δυνάμεις
890 4140 943 4191 αί
988 4137 1380 4209 ἀντικείμεναι,
1410 4138 1519 4191 νόει
1557 4138 1963 4210 ἡτοιμασμένην

377 4230 655 4302 τράπεζαν
692 4230 1065 4302 πνευματικὴν
1107 4231 1201 4283 καὶ
1240 4230 1455 4301 νοητὴν,
1495 4230 1583 4284 διὰ
1616 4230 1820 4302 ταύτην
1863 4231 1962 4301 τὴν

2067 3045 2286 3098 modum
2336 3045 2388 3098 in
2424 3043 2710 3098 aﬂectibus
2754 3041 3049 3097 tenendum
3093 3042 3315 3103 edocet;
3348 3049 3402 3094 et
3441 3055 3638 3110 quem-

2066 3135 2355 3191 admodum
2389 3136 2610 3190 baculus
2643 3136 2734 3190 dat
2766 3136 3027 3205 quietem,
3068 3132 3150 3188 sic
3184 3142 3240 3188 et
3272 3132 3497 3188 scientia
3545 3133 3640 3187 lae-

2064 3224 2263 3280 titiam.
2315 3224 2547 3281 Baculus
2572 3235 2657 3280 est
2705 3226 2834 3296 quid
2871 3226 3031 3279 forte.
3074 3222 3186 3278 Hoc
3231 3237 3361 3292 ergo
3405 3224 3518 3277 vult
3558 3225 3644 3278 di-

2064 3330 2228 3371 cere:
2265 3316 2506 3387 Regnum
2555 3326 2704 3371 tuum
2745 3316 2984 3372 validum
3032 3316 3174 3373 hanc
3216 3315 3640 3372 consolationem

2066 3407 2195 3461 mihi
2231 3408 2479 3475 prwbuit.

2142 3498 2303 3554 Vsus.
2332 3499 2386 3554 5.
2434 3500 2651 3554 Parasti
2697 3501 2755 3554 in
2800 3508 3077 3569 conspectu
3117 3516 3231 3554 meo
3260 3516 3495 3554 mensam
3536 3502 3640 3555 ad-

2066 3607 2242 3646 versus
2289 3608 2376 3646 eos
2422 3594 2510 3662 qui
2561 3592 2815 3647 tribulant
2866 3608 2979 3657 me,
3027 3603 3135 3647 etc.
3187 3591 3327 3660 Quid
3385 3593 3487 3647 sibi
3528 3593 3643 3649 vult

2068 3683 2231 3751 istud,
2271 3702 2289 3734 ι
2317 3683 2580 3739 adversus
2610 3699 2705 3740 eos
2746 3683 2837 3754 qui
2889 3683 3151 3738 tribulant
3197 3683 3323 3739 me‘!
3351 3702 3371 3737 ι
3422 3683 3641 3753 Aliquid

2068 3775 2312 3845 mysterii
2363 3776 2626 3837 continet,
2673 3785 2730 3830 ut
2778 3784 3032 3844 precetur
3062 3774 3186 3844 quis
3233 3774 3502 3830 tribulari.
3539 3776 3646 3831 Co-

2066 3868 2177 3937 gita
2216 3866 2348 3920 mihi
2392 3868 2849 3937 quemadmodum
2886 3868 2941 3922 in
2975 3867 3183 3937 magnis
3225 3869 3642 3936 certaminibus,

2066 3956 2285 4011 cuilibet
2310 3957 2571 4025 palars'ra?
2594 3967 2742 4012 certa
2768 3960 3042 4027 proposita
3064 3968 3192 4012 sunt
3214 3961 3458 4028 praemia,
3485 3960 3641 4017 sicin

2066 4047 2309 4116 qualibet
2333 4048 2698 4114 tribulatione,
2716 4050 2931 4118 quando
2962 4050 3012 4103 id
3033 4051 3176 4118 quod
3204 4051 3445 4117 tribulat,
3464 4054 3641 4120 adest,

2064 4148 2121 4193 et
2177 4139 2579 4193 tribulationem
2634 4139 2875 4195 inferunt
2926 4139 3253 4195 adversariae
3310 4151 3639 4213 potestates,

2066 4245 2309 4285 mensam
2340 4230 2673 4300 spiritualem
2705 4241 2760 4285 et
2790 4231 3208 4287 intellectualem
3238 4247 3359 4288 esse
3397 4245 3640 4303 paratam

381 4324 577 4395 θλίψιν.
620 4324 837 4387 Ὁσάκις
860 4324 988 4392 γοῦν
1024 4323 1119 4376 ἐὰν
1149 4322 1325 4394 θλιϐῇ,
1354 4322 1679 4383 τοσαυτάκις
1709 4324 1803 4376 καὶ
1833 4324 1958 4395 τρά-

2069 4331 2290 4391 prepter
2324 4322 2462 4377 hanc
2518 4321 2936 4377 tribulationem.
2982 4323 3420 4393 Quotiescunque
3476 4325 3643 4395 igitur

380 4416 523 4480 πεζά
557 4435 635 4470 σοι
671 4416 1027 4487 παρατίθεται
1057 4415 1422 4485 πνευματική.
1449 4414 1622 4468 Μόνον
1647 4414 1734 4485 ἔχε
1768 4415 1966 4485 ὀφθαλ-

384 4511 517 4579 μοὺς
544 4512 669 4572 τοὺς
701 4509 996 4578 βλέποντας
1039 4506 1320 4580 τραπέζας
1361 4524 1480 4578 μου,
1514 4508 1579 4560 ἵν’
1625 4508 1964 4579 εὐχαριστῶν

381 4602 556 4670 λέγοις
603 4601 741 4672 μετὰ
791 4601 885 4654 τοῦ
925 4600 1276 4654 Ἀποστόλου⁸
1317 4618 1336 4651 ι
1377 4600 1452 4653 Οὐ
1496 4598 1651 4669 μόνον
1697 4600 1776 4667 δὲ,
1828 4600 1963 4656 ἀλλά

381 4696 475 4746 καὶ
505 4692 842 4763 καυχώμενοι
868 4694 923 4745 ὲν
953 4694 1071 4754 ταῖς
1105 4691 1363 4761 θλίψεσιν.
1399 4709 1416 4741 ι
1453 4691 1539 4744 Ἐν
1587 4690 1779 4763 ἀρχαῖς
1812 4691 1867 4744 δὲ
1904 4693 1963 4744 ὲ-

383 4787 662 4855 ᾳάσκομεν
682 4785 775 4837 τὸν
801 4786 864 4836 ἐκ
894 4784 1174 4854 προκοπῆς
1207 4783 1333 4837 ὄντα
1359 4779 1734 4851 κατασκηνοῦν
1764 4783 1843 4845 είς
1874 4782 1963 4835 τό·

383 4895 481 4930 πον
506 4877 685 4946 χλόης.
734 4875 884 4927 Ἐπεὶ
913 4871 1005 4927 οὖν
1047 4875 1074 4927 ὁ
1104 4874 1426 4945 προκόπτων
1466 4872 1565 4926 κᾶν
1593 4874 1684 4925 ἐπὶ
1717 4872 1777 4925 τὸ
1810 4873 1959 4937 τέλος

383 4970 658 5036 φθάσειεν,
690 4967 871 5019 οὐκέτι
906 4966 1094 5036 μείνας
1122 4964 1412 5036 πρόϐατον,
1435 4964 1571 5018 ἀλλά
1594 4964 1808 5034 λογικὸς
1838 4966 1961 5018 ἁνα-

380 5060 631 5131 δειχθεὶς,
675 5058 950 5130 τράπεζαν
1000 5055 1231 5124 λογικῶν
1275 5055 1491 5127 τροφῶν
1522 5055 1960 5127 ηὑτρεπισμένην

382 5153 491 5223 ἔχει
525 5152 628 5204 ὑπὸ
651 5151 877 5222 Κυρίου.
915 5148 1004 5219 Τῷ
1033 5148 1140 5219 γάρ
1167 5149 1357 5219 Κυρίῳ
1386 5149 1705 5218 τυγχάνοντι
1732 5149 1765 5217 ἡ
1800 5146 1960 5216 σοφία

383 5244 661 5314 ἑτοιμάσει
690 5245 789 5315 τὴν
810 5242 1011 5311 έαυτῆς
1028 5239 1327 5312 τράπεζαν,
1346 5242 1429 5308 ἐφ’
1449 5236 1515 5313 ἧς
1532 5240 1599 5305 τά
1618 5240 1722 5293 ἴδια
1743 5238 1805 5292 θύ
1814 5254 1961 5309 ματα

384 5338 699 5411 παρέχεται.
744 5333 1093 5405 Εὑχαριστῶν
1136 5328 1227 5386 οὖν
1257 5349 1414 5403 φησι·
1452 5351 1470 5382 ι
1509 5332 1839 5402 Ἡτοίμασας
1875 5330 1960 5382 ὲν-

2065 4414 2235 4469 fueris
2282 4413 2589 4478 tribulatus,
2624 4413 2783 4469 toties
2832 4415 2926 4468 tibi
2980 4430 3163 4470 mensa
3213 4416 3478 4483 spiritalis
3511 4433 3641 4487 pro-

2064 4505 2303 4577 ponitur.
2337 4504 2445 4561 Fac
2486 4505 2673 4561 oculos
2705 4504 2908 4562 habeas
2940 4505 3113 4561 solum
3146 4507 3211 4562 ad
3245 4523 3393 4562 meas
3423 4524 3641 4565 mensas

2065 4607 2323 4663 attentos,
2365 4606 2420 4651 ut
2461 4597 2663 4669 gratias
2711 4612 2878 4667 agens
2924 4599 3074 4653 dicas
3114 4614 3236 4653 cum
3271 4600 3527 4670 Apostolo
3550 4601 3639 4657 "z

2076 4710 2094 4743 ι
2127 4690 2241 4745 Non
2271 4690 2443 4746 solum
2473 4701 2677 4753 autem,
2709 4691 2802 4745 sed
2839 4699 2892 4745 et
2920 4690 3218 4761 gloriamur
3248 4692 3301 4746 in
3334 4691 3643 4749 tribulatio-

2069 4783 2284 4837 nibus.»
2320 4782 2479 4838 Initio
2510 4783 2821 4838 dicebamus
2849 4797 2971 4837 eum
3003 4783 3093 4852 qui
3130 4784 3363 4853 proﬁcit,
3391 4785 3639 4841 habitare

2067 4874 2121 4930 in
2156 4874 2270 4929 loco
2301 4890 2533 4944 pascuae.
2584 4873 2689 4929 Sed
2718 4890 2839 4929 cum
2877 4875 2922 4930 is
2962 4875 3052 4944 qui
3094 4876 3331 4944 proﬁcit,
3372 4877 3440 4932 ad
3477 4878 3637 4932 linem

2067 4964 2407 5032 pervenerit,
2459 4972 2585 5018 tunc
2634 4978 2757 5018 cum
2799 4978 2904 5017 non
2953 4963 3184 5033 amplius
3235 4972 3453 5021 maneat
3499 4967 3639 5030 ovis,

2066 5054 2159 5107 sed
2198 5063 2343 5109 totus
2391 5052 2675 5109 rationalis
2710 5052 3018 5109 declaratus
3049 5052 3140 5121 sit,
3187 5070 3427 5110 mensam
3476 5056 3641 5111 ratio-

2069 5144 2337 5198 nabilibus
2380 5144 2514 5199 cibis
2559 5159 2588 5197 a
2636 5144 2746 5198 Deo
2804 5145 3128 5199 instructam
3184 5145 3364 5200 habet.
3412 5144 3642 5201 Domino

2065 5238 2211 5290 enim
2251 5236 2511 5305 sapientia
2559 5235 2888 5306 praeparabit
2931 5249 3173 5290 mensam
3226 5249 3378 5290 suam
3426 5236 3478 5287 in
3528 5249 3634 5301 qua

2068 5327 2316 5383 victimas
2360 5342 2485 5383 suas
2517 5327 2799 5399 proponit.
2824 5326 3183 5394 Quamobrem
3226 5328 3430 5397 gratias
3469 5340 3638 5397 agens

454 5524 654 5581 "Psal.
678 5521 1020 5588 ηιμ-ιιι,ὃί
1051 5528 1105 5575 et
1131 5534 1248 5590 seq.
1326 5518 1545 5574 “Hebr.
1570 5534 1678 5585 ιιι,
1707 5518 1760 5575 6.
1835 5518 1879 5550 ³³
1917 5515 2057 5573 Psal.
2077 5529 2255 5578 usu,
2286 5510 2323 5565 2
2352 5518 2408 5566 et
2451 5524 2566 5579 seq.
2643 5509 2688 5542 ³³
2725 5507 2889 5564 Prov.
2914 5522 3032 5572 xm,
3059 5506 3150 5562 24.
3224 5504 3272 5538 ³⁸
3311 5502 3467 5560 Rom.
3498 5518 3551 5568 ν,
3572 5504 3636 5592 ‘3.

455 5663 587 5734 (7t)
626 5663 850 5734 ’ξΩσπερ
882 5659 1140 5731 ῥάϐδος,
1189 5668 1295 5717 etc.
1342 5659 1522 5717 Codex
1562 5658 1958 5726 Coislinianus,

384 5732 592 5789 schctlze
619 5732 824 5789 Grabii.

2140 5655 2253 5729 (75)
2283 5656 2344 5729 7:!
2373 5654 2683 5729 βούᾴεται,
2725 5660 2831 5707 etc.
2862 5648 3043 5706 Codex
3076 5647 3447 5703 Baroccranus
3466 5685 3482 5711 ,
3511 5662 3643 5717 par-

2069 5725 2271 5798 timque
2296 5725 2606 5782 Cordcrius.
