4100 6412
425 375 560 427 ιῖιῑῑεῖ

1809 361 1896 416 EX
1933 359 2236 416 Οιιιι]

3563 365 3701 422 ιειιι

423 503 540 544 att:
579 510 597 542 ι
632 489 846 546 Parasti
899 491 951 544 in
1004 497 1298 558 conspectu
1351 503 1468 540 mco
1533 499 1804 548 mensam,
1835 505 1850 535 ι
1905 499 2008 536 non

2117 481 2284 534 ιῖιπιόν
2309 499 2408 552 μου
2435 480 2732 552 τράπεζαν,
2758 501 2775 534 ι
2797 482 2982 536 οὐκέτι
3007 483 3376 554 εἰσαγωγικὴν
3397 483 3490 537 καὶ
3507 483 3706 554 ἠθικὴν

424 599 631 637 morum
653 583 1046 643 formatricem,
1071 589 1121 633 ct
1141 595 1260 648 qua:
1289 587 1436 632 recte
1461 578 1671 630 vivendi
1701 577 2006 630 rudimenta

425 674 666 726 traderet
689 672 1052 740 disciplinam,
1085 680 1140 722 ut
1175 669 1344 738 prius,
1379 669 1473 722 sed
1505 669 1788 740 mysticam
1833 677 1887 721 et
1920 681 2008 719 ve-

423 765 596 816 ritatis
645 763 1190 832 contemplationem.
1237 761 1533 816 Considera
1585 777 1716 815 nttm
1769 762 2008 830 quandiu

421 854 614 920 aliquis
649 863 734 908 est
765 855 816 907 in
851 855 953 908 hac
983 855 1115 917 vita,
1154 862 1206 906 et
1239 869 1337 922 per
1365 855 1642 920 speculum
1679 869 1742 908 ac
1780 857 2008 926 :enigma

417 945 580 1016 625
613 947 776 1014 videt,
811 946 932 1001 ovis
966 947 1034 1000 sit
1069 961 1188 1014 qua:
1217 947 1318 998 sub
1350 957 1572 1016 pastore
1603 957 1852 1016 regatur;
1885 964 2008 1002 cum

421 1051 552 1088 vero
585 1037 652 1089 ad
687 1035 946 1089 sarculum
987 1034 1228 1088 futurum
1285 1034 1585 1096 transierit,
1621 1044 1672 1086 ιιι
1719 1034 1911 1087 faciem
1946 1033 2008 1086 ad

421 1127 613 1181 faciem
657 1127 908 1182 veritatis
944 1126 1270 1191 admoverit,
1314 1127 1378 1180 ad
1429 1127 1728 1195 spiritalem
1769 1141 2010 1178 mensam

427 1235 758 1276 accessurus
787 1220 883 1282 sit,
904 1218 1058 1286 juxta
1088 1219 1217 1272 illud
1244 1219 1290 1250 ³³
1315 1237 1326 1272 :
1354 1238 1372 1268 ι
1397 1219 1460 1272 Et
1479 1233 1577 1288 rgo
1603 1219 1884 1287 disponam
1919 1233 2012 1270 vo-

424 1317 506 1368 bis
523 1313 958 1376 Testamentum,
989 1323 1046 1364 ιιι
1070 1311 1246 1366 cdatis
1267 1321 1320 1366 ct
1351 1312 1552 1365 bibatis
1581 1325 1743 1378 super
1771 1325 2011 1364 mensam

427 1407 606 1460 Patris
641 1406 698 1459 in
743 1407 996 1460 veritate.
1031 1425 1048 1456 ι
1083 1403 1237 1460 Unde
1277 1413 1332 1458 et
1365 1403 1567 1458 istud”
1595 1419 1606 1454 :
1634 1423 1652 1454 ι
1683 1402 2012 1471 Pt-zrparavit

423 1500 568 1554 Deus
603 1515 722 1569 qum
773 1501 966 1555 oculus
1009 1516 1116 1554 non
1169 1499 1322 1559 vidit,
1355 1517 1372 1549 ι
1430 1509 1537 1552 etc.
1583 1497 1714 1549 illud
1753 1513 1882 1550 vero
1918 1516 1933 1546 ι
1963 1498 2011 1550 in

423 1603 716 1660 conspecut
749 1609 894 1654 meo,
923 1613 940 1642 ι
973 1591 1242 1661 signiﬁcat
1270 1600 1516 1658 apertam
1549 1580 1832 1642 mihi'esse
1858 1603 2011 1642 men-

423 1700 538 1736 sam
574 1701 604 1736 e
627 1684 846 1752 regione
885 1682 1258 1736 tribulantium
1298 1695 1382 1732 me
1413 1679 1734 1740 multormn,
1769 1679 1860 1749 qui
1897 1695 2012 1734 tne-

422 1791 542 1826 cum
595 1773 909 1826 inimicitias
961 1787 1224 1826 exercere
1267 1771 1473 1824 volunt.
1525 1771 1592 1824 Et
1637 1787 1758 1826 cum
1793 1783 2014 1842 propter

420 1879 514 1917 eos
545 1862 637 1930 qui
672 1861 934 1915 tribulant
967 1877 1073 1927 me,
1111 1861 1373 1916 Dominus
1405 1860 1534 1913 velit
1569 1875 1656 1914 me
1705 1861 1882 1916 valide
1910 1863 2006 1914 ad-

423 1967 618 2008 versus
651 1952 798 2022 ipsos
847 1953 1148 2022 insurgere,
1193 1952 1406 2022 paravit
1452 1954 1504 2006 in
1551 1963 1847 2020 conspectu
1889 1968 2008 2008 meo

421 2060 692 2110 mensam,
729 2045 781 2099 in
815 2060 919 2114 qua
951 2045 1158 2100 solidus
1197 2043 1481 2113 appositus
1510 2053 1594 2098 cst
1620 2043 1796 2108 cibus,
1822 2054 1880 2098 ut
1905 2046 2006 2100 hoc

423 2133 684 2188 athletice
735 2144 1038 2196 saturatus,
1070 2149 1336 2204 generose
1371 2134 1580 2188 valeam
1618 2136 1876 2190 resistere
1905 2135 2004 2189 ad-

421 2240 614 2278 versus
656 2239 751 2280 cos
784 2225 874 2293 qui
931 2227 1192 2278 tribulaut
1231 2239 1336 2278 me.
1393 2225 1566 2295 Cujus
1615 2237 1794 2280 autem
1846 2235 2008 2295 caput

421 2317 546 2368 oleo
601 2330 628 2367 a
681 2315 913 2370 Domino
967 2315 1360 2385 impinguatur,
1410 2316 1476 2379 is,
1541 2317 2006 2386 quemadmodum

421 2407 678 2462 Christus
713 2415 906 2461 unctus
936 2421 966 2460 a
1003 2408 1114 2461 Dco
1159 2408 1281 2461 oleo
1333 2407 1732 2472 cxsultationis,
1761 2409 1962 2464 dicet"
1991 2423 2005 2462 :

429 2493 670 2550 «Oleum
723 2506 906 2550 autem
961 2497 1269 2565 peccatoris
1324 2512 1430 2549 non
1493 2497 1796 2566 impinguet
1847 2509 2012 2568 caput

421 2599 626 2640 meum.
652 2605 670 2639 ι
707 2585 970 2642 Existimo
998 2589 1162 2641 etiam
1187 2604 1312 2643 eum
1349 2591 1438 2659 qui
1472 2588 1704 2660 jcjunat,
1739 2591 1820 2646 sic
1847 2600 2010 2660 caput

423 2693 626 2747 ungere
679 2691 734 2733 et
771 2679 964 2734 facient
1011 2679 1216 2736 lavare.
1271 2681 1339 2737 Et
1380 2683 1640 2752 quoniam
1689 2699 1797 2738 non
1827 2683 2008 2738 solum

425 2785 667 2825 mensam
699 2771 914 2839 paravit
957 2771 1248 2840 sapientia,
1283 2789 1472 2828 verum
1505 2776 1670 2829 etiant
1715 2776 1768 2830 in
1797 2785 2009 2830 cratere

427 2863 646 2917 miscuit
691 2864 874 2918 vinum
915 2879 982 2920 ex
1029 2865 1146 2935 ipsa
1194 2881 1319 2920 vera
1373 2867 1482 2920 vite
1521 2881 1869 2936 expressum,
1903 2867 2009 2920 hoc

428 2967 558 3007 ιοιο
601 2955 786 3008 vinum
835 2956 1079 3021 miscuit,
1127 2973 1250 3011 cum
1294 2959 1550 3014 humanis
1601 2961 1784 3015 verbis
1817 2975 2010 3014 sensus

425 3047 636 3100 divinos
666 3047 976 3116 admiscuit,
1007 3063 1078 3104 ex
1101 3050 1366 3120 ejusmodi
1395 3061 1610 3108 cratere
1647 3053 1878 3123 singulis
1899 3053 2010 3108 dis-

435 3138 666 3194 tribuens
709 3140 938 3195 calicem
983 3144 1208 3211 praebet,
1241 3143 1334 3213 qui
1381 3145 1548 3208 calix,
1605 3159 1728 3201 cum
1785 3145 2010 3216 prmcla~

439 3245 541 3296 'lls,
583 3231 688 3286 hoc
729 3241 814 3286 est
861 3234 1136 3303 pretiosus
1181 3242 1236 3289 et
1288 3236 1528 3291 eximius
1559 3236 1652 3303 sit,
1685 3237 2008 3307 accipientis

441 3336 558 3376 esse
587 3323 809 3378 dicitur.

501 3433 776 3502 Ejusdem.
841 3435 1083 3490 Primum
1133 3439 1354 3508 quidem
1405 3449 1466 3494 ut
1522 3449 1710 3509 pastor
1761 3439 2013 3496 Christus

426 3529 608 3596 pascit
639 3541 793 3590 oves,
827 3543 972 3582 nunc
1007 3544 1135 3584 vero
1175 3541 1234 3584 ut
1261 3532 1469 3586 amicus
1517 3543 1678 3586 vocat
1705 3533 1911 3586 amicos
1947 3532 2012 3585 ad

431 3633 695 3672 mensam.
727 3637 744 3670 ι
795 3618 910 3674 Non
952 3621 1184 3689 amplius
1211 3641 1231 3675 ι
1266 3623 1436 3690 enim,
1470 3623 1732 3690 inquit”,
1769 3641 1788 3673 ι
1811 3637 1905 3677 vos
1932 3623 2014 3676 di-

427 3727 496 3766 co
519 3725 730 3776 servos,
765 3713 857 3766 sed
889 3713 1112 3768 amicos.
1137 3733 1155 3766 ι
1193 3715 1271 3770 Ac
1307 3730 1496 3770 servos
1527 3715 1746 3784 quidem
1781 3713 1911 3768 facit
1943 3715 2010 3767 ti-

429 3819 548 3856 mor
577 3805 688 3866 Dei,
718 3804 925 3858 amicos
949 3815 1125 3858 autem
1158 3807 1398 3876 cegnitio
1437 3807 1826 3876 mysteriorum
1864 3805 2005 3876 ejus.

431 3893 670 3948 Mensam
705 3895 808 3948 hoc
853 3895 971 3949 loco
1019 3896 1490 3952 immortalitatem
1525 3905 1706 3951 vocat.
1739 3897 1887 3950 istud
1915 3913 2014 3950 au-

431 3993 576 4037 tent:
609 3983 922 4038 «Adversus
957 3999 1054 4040 eos
1106 3987 1198 4056 qui
1239 3987 1504 4042 tribulam.
1550 4001 1655 4052 me,
1685 4006 1702 4038 ι
1751 3988 1890 4042 idem
1931 3997 2014 4043 est

430 4091 514 4141 ac,
563 4077 746 4131 inritis
791 4077 860 4132 iis
907 4079 1000 4146 qui
1039 4079 1174 4132 mihi
1233 4079 1585 4135 insidiantur.
1641 4079 1826 4150 Neque
1867 4080 2011 4136 enim

431 4170 686 4224 volebant
725 4170 864 4226 forte
897 4169 1184 4242 Babylonii
1223 4185 1318 4226 eos
1349 4187 1376 4224 a
1404 4173 1728 4242 captivitate
1769 4173 2010 4236 liberari,

431 4262 525 4316 sed
559 4263 734 4334 Cyrus
761 4263 936 4318 victor
967 4277 1063 4318 eus
1095 4263 1148 4318 in
1175 4262 1490 4318 libertatem
1521 4265 1780 4319 asseruit.

507 4467 666 4523 Vsus.
695 4469 748 4524 6.
787 4469 852 4522 Et
881 4469 1248 4523 misericordia
1282 4477 1374 4522 tua
1419 4469 1762 4538 subseqnetur
1791 4486 1874 4524 me
1903 4486 2014 4524 om-

433 4563 583 4615 nibus
609 4563 791 4614 diebus
823 4561 940 4615 vita:
979 4576 1128 4626 mete,
1163 4569 1272 4613 etc.
1298 4561 1558 4627 Quantam
1589 4569 1672 4616 est.
1702 4561 2014 4615 misericor-

433 4654 520 4705 dia
573 4666 692 4720 qua:
742 4653 1116 4720 subsequitur,
1158 4651 1263 4705 nisi
1298 4651 1388 4705 illa
1441 4651 1509 4707 de
1560 4667 1664 4721 qna
1723 4651 2014 4721 Apostolus

432 4742 618 4797 ait":
651 4761 668 4795 ι
701 4741 1016 4798 Factusest
1062 4742 1222 4798 nobis
1250 4743 1515 4812 sapientia
1549 4759 1577 4797 a
1610 4745 1737 4807 Dee,
1771 4753 1824 4798 et
1849 4743 2012 4810 justi-

367 4861 370 4866 -
433 4833 534 4890 tia.
577 4841 634 4885 et.
682 4832 1070 4898 sanctificatio,
1113 4841 1168 4886 et
1207 4833 1592 4900 redemptio?»
1641 4831 2015 4888 Misericordia

363 4923 370 4930 '
433 4935 555 4990 qua:
575 4931 622 4974 te
639 4923 1003 4990 subsequitur,
1023 4923 1265 4974 animata
1284 4923 1553 4992 sequitur,
1575 4933 1624 4977 et
1644 4925 1777 4977 alios
1797 4925 2012 4994 quidem

433 5013 814 5085 apprehendit,
835 5013 970 5068 alios
989 5029 1118 5069 vero
1147 5029 1276 5069 non.
1305 5015 1474 5068 Valde
1493 5014 1761 5085 fugientes
1789 5017 2016 5073 minime

433 5106 820 5176 apprehendit,
863 5105 1047 5161 minus
1079 5115 1260 5160 autem
1305 5106 1576 5176 fugientes
1613 5109 1761 5177 capit
1817 5119 1870 5162 ut
1913 5111 2017 5164 mi—

435 5211 701 5254 sereatur.
735 5197 850 5252 Non
884 5198 1056 5252 solum
1091 5209 1267 5252 autem
1307 5199 1684 5255 misericordia
1724 5203 2014 5274 subsequi-

437 5297 547 5354 tur,
578 5303 764 5342 verum
795 5287 960 5342 etiam
995 5287 1095 5340 hoc
1121 5287 1276 5352 facit,
1311 5307 1330 5340 ι
1353 5299 1408 5342 ιιι
1443 5289 1743 5346 inhabilem
1766 5293 1817 5348 in
1855 5298 2016 5350 domo

438 5381 654 5436 Domini
683 5379 1151 5449 inlongitudinem
1195 5383 1426 5438 dierum.
1455 5405 1473 5436 ι
1521 5385 1824 5456 Longitudo
1869 5390 2013 5443 enim

511 5523 557 5554 ⁸³
587 5521 718 5576 an.
759 5537 895 5586 xx",
919 5520 1009 5574 29.
1127 5523 1170 5554 ³⁸
1199 5523 1212 5575 Ι
1242 5523 1368 5579 Cor.
1397 5541 1434 5590 ι,
1474 5524 1528 5578 9.

1633 5523 1676 5554 ³⁷
1711 5523 1852 5578 Psal.
1885 5541 2008 5591 εει,
2035 5529 2068 5580 5

2112 573 2458 626 διδασκαλίαν
2495 574 2636 627 καθὰ
2677 577 2962 646 πρότερον,
2997 576 3130 629 ἀλλά
3165 577 3433 648 μυστικὴν
3471 577 3564 630 καὶ
3603 577 3708 647 τὴν

2113 667 2214 736 τῆς
2245 666 2500 736 ἀληθείας
2525 668 2776 739 θεωρίαν.
2805 669 3128 740 Ἐπίστησον
3158 669 3234 733 δὲ,
3266 670 3313 721 εί
3348 669 3440 721 καὶ
3469 669 3592 722 ὅσον
3621 669 3707 734 τίς

2115 759 2261 810 ἐστιν
2283 761 2340 812 ἐν
2359 759 2435 828 τῷ
2460 759 2556 828 βίῳ
2578 763 2770 830 τούτῳ,
2797 759 2862 812 δι’
2879 761 3145 832 ἐσόπτρου
3173 762 3266 814 καὶ
3287 761 3352 814 δι’
3384 762 3708 832 αἰνίγματος

2117 851 2348 922 βλέπων,
2377 852 2645 923 πῴϐατόν
2681 853 2828 904 ἐστιν
2859 851 2966 904 ὑπὸ
2997 851 3216 922 ποιμένι
3263 852 3563 923 ἀγόμενον·
3607 871 3696 922 με·

2113 943 2284 1006 ταϐὰς
2333 943 2388 996 δὲ
2431 945 2522 996 ἐπὶ
2554 944 2646 995 τὸν
2685 943 2946 1014 μέλλοντα
2981 943 3186 1006 αἰῶνα,
3225 945 3514 1015 πρόσωπον
3569 961 3710 1015 προς

2117 1035 2408 1106 πρόσωπον
2479 1034 2803 1107 προσϐαλὼν
2868 1038 2933 1105 τῇ
3012 1035 3276 1108 ἀληθείᾳ,
3353 1039 3702 1106 πνευματικῇ
3775 1095 3780 1100 _

2117 1129 2415 1198 προσϐαλεῖ
2451 1127 2720 1199 τραπέζῃ,
2748 1127 2889 1180 κατὰ
2916 1126 2977 1180 τό
3003 1143 3014 1155 ·
3059 1146 3078 1177 ι
3107 1127 3276 1195 Κάγὼ
3306 1127 3543 1198 θήσομαι
3576 1128 3706 1196 ὑμῖν

2117 1219 2414 1290 Διαθὴκην,
2447 1217 2646 1272 ἐσθίειν
2681 1219 2773 1272 καὶ
2807 1217 2980 1270 πίνειν
3029 1217 3122 1270 ἐπὶ
3151 1217 3252 1286 τῆς
3283 1215 3566 1288 τραπέζης
3609 1217 3704 1269 τοῦ

2119 1313 2330 1381 Πατρὶς
2357 1313 2414 1364 ἐν
2441 1313 2507 1380 τῇ
2541 1310 2782 1381 ἀληθεία.
2815 1327 2833 1360 ι
2873 1307 3033 1362 Ὅθεν
3067 1309 3162 1362 καὶ
3195 1310 3275 1362 τό·
3313 1327 3332 1360 ι
3377 1309 3704 1378 Ἠτοίμασεν

2116 1407 2144 1457 6
2177 1403 2307 1465 Θεὸς
2341 1402 2376 1456 ἀ
2419 1401 2694 1473 ὀφθαλμός
2723 1402 2823 1454 οὐκ
2855 1383 2982 1466 εἶδε,
3009 1421 3027 1450 ι
3078 1403 3174 1453 καὶ
3219 1399 3288 1452 τὰ
3333 1399 3480 1470 ἑξῆς.
3517 1399 3591 1451 Τὸ
3621 1397 3702 1458 δὲ,

2123 1517 2140 1548 ι
2169 1495 2397 1549 ἐνώπιόν
2435 1513 2558 1565 μου,
2587 1513 2604 1546 ι
2641 1495 2792 1566 δηλοῖ
2824 1493 3245 1565 πεφανερῶσθαι
3285 1493 3380 1546 καὶ
3427 1489 3704 1560 ἐγνῶσθαί

2121 1607 2222 1659 μου
2257 1587 2354 1658 τὴν
2407 1585 2686 1657 τράπεζαν
2731 1583 2791 1650 ἐξ
2839 1587 3086 1650 ἐναντίας
3134 1587 3243 1638 τῶν
3297 1585 3588 1638 θλιϐόντων
3637 1601 3704 1653 με

2118 1679 2328 1732 πολλῶν
2370 1679 2676 1750 ἐχθραίνειν
2734 1697 2820 1750 μοι
2879 1680 3234 1750 βουλομένων.
3287 1681 3398 1732 Καὶ
3455 1680 3542 1732 διὰ
3595 1679 3704 1732 τῶν

2119 1771 2410 1824 θλιϐόντων
2448 1788 2514 1840 με
2549 1769 2928 1837 ἐξανίστασθαί
2962 1789 3028 1841 με
3075 1771 3310 1842 ἰσχυρῶς
3337 1771 3472 1842 πρὸς
3507 1770 3703 1832 αὐτοὺς

2043 1837 2084 1890 Β
2112 1866 2140 1916 6
2175 1861 2380 1934 Κύριος
2415 1863 2604 1927 θέλων,
2635 1864 2930 1934 ἡτοίμασεν
2979 1863 3212 1917 ἐνώπιόν
3263 1881 3364 1934 μου
3398 1862 3700 1933 τράπεζαν,

2111 1955 2168 2004 ἐν
2267 1951 2540 2004 ἐπίκειται
2575 1951 2774 2022 στερεά
2805 1951 3002 2022 τροφὴ,
3030 1951 3134 2014 ἵνα,
3160 1951 3363 2020 ταύτης
3393 1948 3704 2018 ἀθλητικῶς

2109 2045 2477 2116 ἐμφορηθεὶς,
2531 2045 2847 2113 ἀντιστῆναι
2905 2045 3170 2112 γενναίως
3221 2041 3360 2114 πρὸς
3411 2042 3538 2103 τοὺς
3585 2039 3702 2092 θλί-

2111 2137 2304 2201 δόντας
2359 2136 2594 2206 δυνηθῶ.
2627 2129 2702 2190 Ob
2749 2137 2807 2189 δὲ
2863 2137 2969 2189 ἀπὸ
3017 2135 3218 2207 Κυρίου
3280 2133 3590 2188 λιπαίνεται.
3640 2134 3700 2185 ὲν

2111 2228 2272 2298 ἐλαίῳ
2316 2229 2349 2299 ἡ
2385 2228 2616 2298 κεφαλὴ,
2663 2231 2808 2300 ἐρεῖ·
2846 2249 2864 2279 ι
2899 2227 3114 2282 Ἕλαιον
3148 2227 3206 2280 δὲ
3252 2225 3582 2298 ἀμαρτωλοῦ
3625 2225 3700 2294 μὴ

2111 2321 2388 2374 λιπανάτω
2415 2321 2516 2390 τὴν
2545 2321 2786 2392 κεφαλήν
2815 2337 2938 2390 μου,
2967 2339 2985 2369 ι
3017 2319 3092 2382 ὡς
3113 2317 3220 2372 ἀπὸ
3243 2317 3380 2371 θεοῦ
3415 2317 3702 2388 χριόμενος

2113 2411 2278 2483 ἐλαίῳ
2313 2411 2688 2479 ἀγαλλιάσεως
2729 2410 2983 2482 Χριστός.
3017 2406 3184 2480 Οἶμαι
3218 2409 3294 2472 δὲ,
3332 2410 3414 2461 ὅτι
3463 2409 3558 2461 καὶ
3603 2425 3700 2476 νη-

2111 2503 2338 2567 στεύων,
2365 2503 2538 2566 οὖτως
2569 2503 2848 2570 ἀλείφεται
2881 2502 2979 2570 τὴν
3009 2501 3272 2572 κεφαλὴν,
3311 2500 3406 2553 καὶ
3437 2499 3498 2552 τὸ
3533 2497 3702 2568 πρόσ-

2109 2613 2257 2650 ωπον
2281 2597 2548 2649 νίπτεται.
2585 2595 2694 2647 Καὶ
2733 2595 2854 2646 ἐπεὶ
2898 2594 2972 2664 μὴ
3023 2594 3180 2663 μόνον
3211 2593 3496 2664 τράπεζαν
3543 2593 3698 2664 ἡτοί-

2113 2705 2282 2760 μασεν
2316 2689 2348 2757 ὴ
2384 2687 2562 2754 σοφία,
2595 2685 2730 2739 ἀλλά
2761 2685 2852 2738 καὶ
2885 2685 3087 2756 κράτος
3112 2685 3346 2754 ἐκέρασε
3374 2684 3466 2736 τὸν
3499 2685 3700 2752 ἑαυτῆς

2109 2776 2271 2843 οἶνον,
2315 2777 2374 2842 ἐξ
2415 2778 2584 2847 αὐτῆς
2640 2776 3038 2846 γεγεννημένον
3096 2774 3342 2844 ἀμπέλου
3397 2774 3696 2844 ἀληθινῆς,

2109 2871 2343 2941 ἐκέρασε
2385 2867 2440 2920 δὲ
2479 2866 2664 2919 τοῦτον
2711 2867 2802 2920 τὸν
2846 2859 3010 2930 οἶνον,
3065 2864 3414 2934 καταμίξασα
3463 2865 3530 2917 τά
3576 2865 3696 2918 θεῖα

2111 2963 2360 3033 νοήματα
2404 2957 2614 3025 λέξεσιν
2643 2957 3034 3028 ἀνθρωπίναις,
3063 2958 3128 3009 ὲκ
3157 2957 3250 3009 τοῦ
3281 2955 3527 3010 τοιούτου
3561 2975 3698 3027 κρα-

2109 3054 2275 3126 τῆρος
2311 3052 2609 3124 μερίζουσα
2637 3050 2852 3119 ἑκάστῳ
2892 3049 3074 3102 δίδωσι
3113 3051 3392 3120 ποτήριον,
3425 3051 3564 3119 ὅπερ
3603 3066 3698 3101 πο-

2111 3147 2300 3218 τήριον
2335 3145 2621 3216 κράτιστον
2661 3143 2740 3205 ὃν,
2773 3143 3018 3196 τουτέστι
3051 3141 3230 3213 τίμιον
3260 3143 3356 3196 καὶ
3399 3141 3698 3211 ἐξαίρετον,

2113 3237 2206 3292 τοῦ
2233 3236 2486 3300 λαϐόντος
2513 3236 2750 3305 λέγεται.

2192 3445 2300 3500 Τοῦ
2340 3444 2546 3499 αὐτοῦ.
2585 3443 2859 3514 Πρότερον
2901 3441 2998 3513 μὲν
3025 3439 3134 3513 (76)
3167 3441 3243 3504 ὡς
3275 3440 3479 3512 ποιμὴν
3511 3443 3540 3494 6
3569 3441 3708 3513 Χρι-

2118 3539 2240 3602 στος
2285 3536 2564 3608 ποιμαίνει
2595 3537 2664 3589 τὰ
2697 3536 2977 3607 πρόϐαταο
3007 3535 3103 3588 νῦν
3133 3535 3189 3588 δὲ
3219 3535 3405 3588 λοιπὸν
3446 3534 3522 3598 ὡς
3550 3535 3704 3604 φίλος

2115 3630 2271 3683 καλεί
2306 3629 2433 3691 τοὺς
2459 3627 2645 3698 φίλους
2683 3627 2778 3678 ἐπὶ
2829 3627 2927 3697 τὴν
2961 3626 3260 3696 τράπεζαν.
3285 3626 3542 3680 ιΟὖκέτιι
3572 3626 3701 3694 γὰρ,

2117 3723 2301 3791 φησιν,
2331 3719 2504 3791 «ὑμᾶς
2527 3719 2674 3772 καλῶ
2705 3718 2945 3782 δούλους,
2981 3717 3115 3772 ἀλλὰ
3149 3719 3356 3787 φίλους.
3380 3735 3400 3771 ι
3439 3717 3548 3771 Καὶ
3578 3719 3700 3772 δού-

2117 3815 2242 3877 λους
2277 3813 2375 3884 μὲν
2408 3815 2552 3865 ποιεῖ
2590 3811 2754 3879 φόϐος
2793 3810 2958 3863 Θεοῦ·
3010 3811 3197 3880 φίλους
3237 3811 3295 3864 δὲ
3341 3810 3546 3880 γνῶσις
3599 3830 3702 3881 μυ·-

2120 3907 2356 3978 στηρίων
2406 3904 2565 3958 Θεοῦ.
2625 3903 2914 3974 Τράπεζαν
2959 3903 3190 3957 ἐνταῦθα
3251 3903 3353 3976 τὴν
3407 3905 3704 3958 ἀθανασίαν

2115 3999 2286 4067 λέγει.
2317 3997 2390 4050 Τὸ
2420 3996 2499 4062 δὲ,
2527 4015 2544 4047 ι
2574 3995 2634 4063 ἐξ
2667 3995 2916 4059 ἐναντίας
2941 3995 3049 4048 τῶν
3079 3994 3369 4050 θλιϐόντων
3407 4012 3497 4066 με,
3523 4013 3539 4046 ι
3581 3996 3704 4052 ἀντὶ

2117 4091 2234 4154 τοῦ,
2294 4089 2534 4143 ἀκόντων
2575 4087 2686 4141 τῶν
2737 4085 3211 4141 ἐπιϐουλευόντων.
3260 4088 3334 4139 Οὐ
3386 4087 3495 4156 γὰρ
3550 4087 3707 4139 ἐϐού-

2117 4183 2270 4236 λοντο
2303 4180 2464 4249 τυχὸν
2498 4179 2547 4232 οἱ
2583 4177 2912 4234 Βαϐυλώνιοι
2944 4179 3280 4250 ἀπολυθῆναι
3315 4177 3514 4242 αὐτούς
3539 4195 3552 4209 ·
3588 4178 3615 4229 6
3647 4179 3704 4230 δὲ

2119 4273 2322 4343 Κύρος,
2366 4270 2827 4343 ἐπικρατέστερος
2880 4273 3192 4342 γενόμενος,
3244 4270 3456 4341 ἀφῆκεν
3507 4271 3704 4332 αὐτοὺς

2119 4364 2218 4434 τῆς
2253 4362 2652 4434 αἰχμαλωσίας.

2191 4475 2302 4527 Καὶ
2331 4475 2398 4527 τὸ
2431 4474 2605 4538 ἔλεός
2633 4485 2750 4527 σου
2791 4471 3216 4536 καταδιώξεταί
3247 4488 3325 4540 με
3361 4469 3564 4534 πάσας
3597 4470 3704 4535 τὰς

2121 4565 2346 4636 ἡμέρας
2395 4565 2508 4634 τῆς
2559 4563 2710 4634 ζωῆς
2743 4582 2884 4634 μου,
2933 4581 2984 4616 κ.
3015 4580 3064 4615 τ.
3101 4564 3148 4616 ὲ.
3181 4561 3278 4624 Τίς
3327 4563 3473 4612 ἐστιν
3533 4559 3644 4628 (77)
3677 4563 3706 4614 6

2121 4655 2474 4711 καταδιώκων
2525 4655 2692 4717 ἕλεος,
2741 4653 2776 4724 ἢ
2812 4653 2940 4722 περὶ
2983 4643 3044 4702 οὗ
3091 4666 3255 4720 φησιν
3288 4651 3316 4702 ὀ
3353 4648 3700 4711 ’Δπόστολος·

2128 4765 2144 4798 ι
2188 4747 2451 4818 Ἐγενήθη
2486 4747 2616 4815 ἡμῖν
2652 4743 2812 4810 σοφία
2845 4741 2952 4794 ἀπὸ
2986 4739 3142 4804 Θεοῦ,
3179 4737 3494 4808 δικαιοσύνη
3523 4757 3582 4794 τε
3612 4741 3707 4794 καὶ

2123 4837 2423 4908 ἁγιασμὸς,
2459 4836 2552 4888 καὶ
2605 4832 3014 4902 ἀπολύτρωσις;
3043 4851 3061 4882 ι
3111 4832 3170 4885 '0
3215 4829 3572 4885 καταδιῶκων
3607 4831 3706 4900 ἔμ-

2122 4929 2293 4999 ψυχός
2329 4946 2387 4982 σε
2423 4927 2568 4990 ἕλεος
2619 4925 2824 4988 διώκει,
2863 4923 2955 4988 οὓς
3006 4924 3103 4994 μὲν
3147 4923 3578 4994 καταλαμϐάνει,
3614 4922 3707 4984 οὓς

2124 5021 2181 5076 δὲ
2213 5018 2294 5073 ού.
2319 5019 2458 5082 Τοὺς
2503 5018 2643 5070 πάνυ
2685 5017 2986 5085 φεύγοντας
3009 5017 3069 5068 ού
3105 5015 3546 5084 καταλαμϐάνει·
3583 5013 3704 5074 τοὺς

2121 5111 2179 5164 δὲ
2215 5110 2432 5162 ἔλαττον
2465 5109 2685 5180 κρατεῖ,
2735 5108 2821 5160 ἵνα
2856 5106 3073 5178 ἐλεήσῃ.
3108 5105 3182 5158 Οὐ
3241 5105 3398 5175 μόνον
3451 5103 3506 5156 δὲ
3561 5103 3706 5166 ἕλεος

2124 5202 2488 5264 καταδιώκει,
2536 5200 2672 5254 ἀλλά
2718 5197 2809 5252 καὶ
2853 5197 3010 5250 τοῦτο
3053 5197 3229 5261 ποιεῖ,
3283 5215 3300 5246 ι
3329 5195 3388 5248 τὸ
3435 5195 3708 5248 κατοικεῖν

2131 5315 2197 5369 με
2227 5299 2283 5350 ἐν
2307 5295 2439 5366 οἴκῳ
2467 5293 2672 5366 Κυρίου
2703 5293 2781 5355 εἰς
2825 5290 3142 5361 μακρότητα
3186 5287 3428 5358 ἡμερῶν.
3463 5305 3482 5337 ι
3521 5285 3710 5354 Μῆκος

2129 5393 2236 5463 γὰρ
2281 5389 2493 5462 χρόνου,
2545 5385 2642 5441 καὶ
2695 5383 2773 5436 ἔτι
2807 5381 2982 5451 ζωῆς.
3029 5383 3086 5434 ἐν
3127 5379 3274 5450 δεξιᾷ
3329 5379 3429 5449 τῆς
3483 5377 3709 5444 σοφίαῪ

2169 5529 2212 5560 ³⁸
2239 5528 2395 5584 Joan.
2423 5543 2515 5592 xv,
2553 5525 2638 5580 Μ.
2717 5523 2760 5556 ³⁸
2793 5521 2810 5576 l
2841 5521 2967 5577 Cor.
2997 5538 3038 5588 ι,
3079 5520 3167 5575 50.

517 5705 631 5772 (76)
673 5707 967 5770 Πρότερον
989 5703 1124 5772 μέν,
1174 5711 1278 5756 etc.
1323 5699 1546 5772 Schcdze
1583 5698 1768 5755 Grabii
1793 5740 1810 5766 ,
1847 5702 2010 5756 codex

2115 5705 2429 5764 tislinianus.

519 5771 634 5844 (77)
671 5777 764 5841 Τίς
793 5771 1120 5840 ἐστιν,“(ξω.
1154 5771 1467 5828 Corderius.
