4100 6366
350 362 484 415 M35

1301 348 1606 405 SELECTA
1645 345 1710 401 IN
1750 341 2085 399 I’S.~\L.\IUS.
2126 372 2196 383 —-
2232 340 2427 396 PSAL.
2472 338 2665 393 XXIII.

3443 336 3581 389 1266

344 486 546 553 ἡμέραι
588 482 645 535 δὲ
692 479 835 551 ζωῆς
893 475 1164 548 φωτισμοί
1197 474 1303 528 εἰσι
1349 473 1595 542 διάφοροι
1643 470 1741 540 τῆς
1796 468 1926 538 ἁλη-

2034 466 2313 535 temporis,
2338 464 2446 518 imo
2478 471 2533 517 et
2568 462 2714 526 vitm,
2745 460 2796 513 in
2818 459 3036 513 dextera
3064 467 3149 513 est
3174 457 3450 527 sapientia!
3470 475 3485 512 ε
3509 459 3628 512 dies

346 576 511 638 θείας.

915 751 1209 807 ΨΑΛΜΟΣ
1247 749 1371 804 Kl".

425 848 536 902 Τοῦ
576 847 796 916 Κιφίου
830 848 867 914 ἡ
925 844 1000 915 γῆ
1049 844 1147 897 καὶ
1200 843 1265 896 τὸ
1297 841 1589 909 πλήρωμα
1634 835 1844 903 αὐτῆς,
1896 837 1933 903 ἠ

348 940 669 1009 οἰκουμένη
691 980 704 1001 ,
750 938 847 991 καὶ
879 936 1100 1001 πάντες
1128 938 1182 989 οἱ
1211 934 1632 997 κατοικοῦντες
1657 932 1726 984 ἐν
1756 927 1931 995 αὐτῇ,

349 1049 400 1082 κ.
432 1048 482 1083 τ.
521 1031 564 1082 ὲ.
600 1031 742 1100 Ὂρα
792 1028 847 1081 δὲ
876 1028 970 1081 καὶ
1010 1026 1182 1089 οὕτως
1218 1025 1353 1096 (78),
1396 1026 1444 1077 εἰ
1486 1022 1560 1095 μὴ
1599 1023 1796 1085 πάντες
1842 1021 1935 1074 ἄν·

349 1122 558 1192 Ορωποι
596 1121 752 1192 μερὶς
781 1120 1010 1189 Κυρίου,
1047 1118 1139 1171 καὶ
1171 1118 1268 1188 οὐχ
1291 1115 1479 1179 ἁπλῶς
1512 1115 1804 1169 ἀκουστέον
1840 1110 1933 1165 τοῦ

348 1214 559 1275 πάντας
600 1215 725 1276 τοὺς
757 1210 1146 1273 κατοικοῦντας
1182 1209 1280 1280 τὴν
1311 1207 1634 1279 οἰκουμένην
1668 1202 1806 1258 εἶναι
1841 1204 1932 1258 τοῦ

351 1307 576 1377 Κυρίου,
604 1307 652 1358 εἰ
701 1306 773 1375 μὴ
806 1306 914 1377 ἄρα
942 1304 1029 1358 διὰ
1070 1304 1170 1374 τὴν
1206 1302 1397 1373 κλῆσιν
1429 1301 1529 1372 τὴν
1563 1300 1670 1353 ἀπὸ
1716 1299 1933 1353 πάντων

347 1398 457 1451 τῶν
483 1398 650 1451 ἐθνῶν
675 1399 833 1451 τοῦτο
868 1397 1291 1469 προφητεύεται.

424 1491 534 1545 Τοῦ
589 1491 794 1544 αὑτοῦ.
852 1490 967 1561 Πρὸ
1010 1490 1108 1561 τῆς
1170 1487 1406 1561 Χριστοῦ
1468 1487 1578 1557 (79)
1635 1488 1929 1557 ἐπιδημίας

349 1583 588 1653 γνωστὸς
626 1585 683 1636 ἐν
721 1586 787 1653 τῇ
831 1583 1061 1654 Ἰουδαίᾳ
1108 1583 1267 1654 μόνον
1298 1579 1367 1654 ἦν
1403 1585 1429 1636 6
1462 1582 1624 1645 Θεὸς·
1662 1581 1720 1648 ἐξ
1768 1574 1827 1635 οῦ
1872 1580 1928 1635 δὲ

347 1676 581 1747 Χριστὸς
631 1674 963 1745 ἐπεδήμησε,
996 1673 1091 1727 τοῦ
1142 1674 1347 1746 Κυρίου
1400 1676 1550 1759 πᾶρσα
1591 1674 1623 1743 ἠ
1677 1674 1766 1743 γῆ.
1819 1673 1928 1727 Καὶ

2039 569 2222 614 autem
2252 559 2373 612 vita:
2395 565 2523 611 sunt
2546 555 2775 610 diversae
2802 551 3194 607 ill'ustrationes
3224 550 3495 606 veritatis.

2454 737 2621 809 626
2651 734 2972 790 PSALMUS
3006 730 3197 787 XXI“.

2109 831 2275 887 Vens.
2309 832 2360 885 l.
2393 830 2609 884 Domini
2639 838 2713 883 est
2747 842 2889 881 terra
2914 838 2962 880 et
3004 824 3277 895 plenitudo
3302 822 3440 893 ejus,
3483 820 3627 873 orbis

2038 935 2323 984 terrarum,
2362 932 2414 977 et
2464 923 2692 975 universi
2732 920 2820 990 qui
2872 918 3112 972 habitant
3144 918 3197 969 in
3231 930 3309 973 eo.
3344 923 3450 968 etc.
3496 911 3630 966 Vide

2037 1020 2199 1072 etiam
2232 1017 2308 1069 sic
2345 1030 2528 1070 annon
2554 1014 2795 1069 universi
2822 1012 3071 1065 homines
3088 1024 3213 1078 pars
3242 1008 3351 1063 sint
3384 1003 3629 1067 Domini,

2039 1120 2137 1159 nec
2173 1106 2494 1175 simpliciter
2521 1103 2896 1173 accipiendum
2941 1102 3011 1157 sit
3044 1115 3238 1156 οιιιιιοε
3262 1099 3411 1155 orbis
3443 1106 3625 1151 terra-

2040 1213 2156 1251 rum
2191 1198 2530 1251 habitatores
2560 1210 2682 1251 esse
2716 1195 2956 1257 Domini,
2996 1194 3101 1248 nisi
3129 1202 3352 1262 preptcr
3378 1186 3629 1244 vocatio-

2037 1305 2159 1343 nom
2203 1305 2322 1359 qua:
2364 1304 2431 1344 ex
2478 1290 2731 1345 omnibus
2762 1288 3016 1360 gentibus
3050 1284 3194 1341 facta
3218 1293 3325 1349 est,
3356 1283 3460 1337 hoc
3483 1279 3630 1337 vati-

2040 1383 2275 1436 cinetur.

2110 1472 2385 1541 Ejusdem.
2415 1470 2557 1525 Ante
2592 1470 2795 1526 Christi
2828 1471 3121 1524 adventum
3157 1478 3322 1524 notus
3353 1464 3530 1522 solum
3567 1463 3623 1517 in

2035 1563 2218 1619 Judma
2269 1562 2411 1617 Deus
2456 1560 2591 1627 fuit;
2643 1576 2709 1616 ex
2745 1576 2851 1629 quo
2884 1570 3062 1615 autem
3095 1560 3349 1615 Christus
3378 1554 3621 1617 advenit,

2040 1655 2252 1709 homini
2293 1664 2375 1709 est
2422 1655 2677 1708 universa
2722 1661 2888 1705 terra.
2921 1653 2986 1707 Et
3019 1653 3336 1723 priusquam
3369 1650 3625 1707 Christus

349 1766 481 1837 πρὶν
523 1766 622 1836 μὲν
670 1766 768 1836 τῆς
801 1764 1037 1836 Χριστοῦ
1077 1764 1371 1836 ἐπιδημίας
1410 1744 1510 1817 ob;
1540 1760 1607 1835 ῆν
1652 1765 1829 1836 εὑρεῖν
1875 1767 1930 1817 ἐν

2035 1750 2342 1812 adveniret,
2375 1761 2485 1802 non
2524 1754 2643 1801 erat
2681 1745 2733 1798 in
2764 1746 3015 1799 universa
3045 1756 3188 1798 terra
3222 1744 3621 1813 plenitudinem

349 1859 499 1930 πάσῃ
532 1859 599 1928 τῇ
629 1860 699 1927 γῇ
737 1856 1032 1928 πλήρωμα,
1074 1855 1189 1909 ἀλλ’
1226 1852 1295 1927 ἦν
1322 1856 1391 1909 τὰ
1418 1857 1646 1910 πλεῖστα
1676 1857 1775 1926 τῆς
1805 1856 1927 1926 γῆς,

348 1951 396 2001 εἰ
424 1949 505 2001 δεῖ
540 1948 712 2011 οὕτως
747 1949 941 2013 εἰπεῖν,
979 1948 1231 2018 κενότης·
1262 1951 1351 2002 ὅτε
1380 1949 1436 2001 δὲ
1468 1949 1702 2020 Χριστὸς
1736 1948 1931 2019 ἐπεδή-

355 2058 511 2111 μησε,
550 2041 730 2093 πολλοὶ
775 2040 976 2094 εἴποιεν
1010 2041 1075 2094 ἂν
1118 2041 1226 2093 τῶν
1258 2042 1696 2096 πεπιστευκότων
1734 2044 1797 2094 ἐκ
1825 2040 1930 2094 τῶν

348 2132 552 2186 ἐθνῶνο
591 2154 608 2185 ι
652 2134 746 2186 Ἐκ
778 2134 872 2187 τοῦ
906 2133 1270 2205 πληρώματος
1319 2133 1483 2187 αὑτοῦ
1524 2134 1722 2198 πάντες
1769 2138 1932 2205 ἡμεῖς

349 2227 615 2297 ἐλὰῢομεν
644 2244 657 2257 ·
689 2248 706 2279 ι
745 2229 840 2281 καὶ
880 2227 968 2280 διὰ
1016 2227 1175 2281 τοῦτο
1222 2227 1387 2280 αὐτοῦ
1443 2223 1580 2281 εἶναι
1634 2227 1927 2300 πλήρωμα.

349 2318 422 2369 Οὐ
462 2318 571 2387 γὰρ
604 2320 652 2370 οἰ
689 2319 835 2371 κενοὶ
866 2318 968 2389 τῆς
1004 2319 1144 2372 κατὰ
1176 2319 1236 2371 τὸ
1273 2319 1604 2387 Εὐαγγέλιον
1654 2318 1930 2384 πολιτείας

352 2404 625 2476 πλήρωμα
678 2402 786 2459 εἷεν
819 2405 1075 2477 Χριστοῦ.
1123 2408 1195 2458 Οὐ
1252 2407 1413 2477 μόνον
1441 2406 1497 2459 δὲ
1546 2410 1579 2476 ή
1617 2408 1689 2477 γῆ
1738 2410 1833 2461 καὶ
1868 2410 1930 2462 τὸ

350 2495 624 2568 πλήρωμα
655 2497 843 2568 αὐτῆς,
879 2497 1013 2550 ἀλλὰ
1050 2499 1143 2551 καὶ
1190 2499 1222 2569 ἠ
1257 2498 1568 2569 οἰκουμένη.
1615 2498 1703 2551 Ἐν
1737 2500 1931 2573 ἐρήμῳ

351 2591 594 2641 κατοικεῖ
636 2591 664 2643 6
696 2590 1045 2659 ἁμαρτωλὸς,
1093 2591 1121 2643 6
1153 2589 1208 2641 δὲ
1242 2591 1299 2643 ἐν
1342 2593 1410 2660 τῇ
1454 2590 1751 2663 Ἐκκλησία
1803 2609 1932 2661 τυγ-

349 2679 527 2749 χάνων
575 2683 641 2751 τῇ
677 2682 1083 2753 πεπληρωμένη
1120 2681 1224 2750 τῆς
1274 2681 1434 2749 ἁγίας
1474 2682 1724 2754 Τριὰδος,
1775 2677 1929 2750 οὗτος

352 2778 594 2828 κατοικεῖ
624 2776 723 2846 τὴν
773 2775 1119 2846 οἰκουμένην,
1169 2775 1291 2845 ἥτις
1340 2775 1553 2846 ἐστ).νὴ
1601 2776 1926 2846 Ἐκκλησία,

350 2865 444 2917 ἐπὶ
486 2864 772 2918 θαλασσῶν
812 2864 918 2917 τῶν
983 2865 1302 2936 πειρασμῶν
1346 2866 1451 2919 ὑπὸ
1499 2866 1705 2937 Κυρίου
1764 2867 1928 2937 θεμε-

347 2952 629 3025 λιουμένη,
661 2956 751 3007 καὶ
779 2958 835 3007 ὲν
864 2956 1044 3018 αὐτοῖς
1066 2955 1294 3019 νικῶσα,
1319 2957 1405 3010 ἵνα
1434 2956 1572 3027 μετὰ
1597 2956 1756 3012 τοῦτο
1785 2976 1930 3013 ποτι-

351 3045 551 3116 ζομένη
578 3046 670 3097 ἐπὶ
706 3045 949 3115 ποταμοῦ
984 3046 1300 3118 ἑτοιμασθῇ.

428 3138 522 3201 Τίς
568 3134 933 3201 ἀναϐήσεται
960 3138 1049 3200 εἰς
1080 3136 1147 3188 τὸ
1199 3136 1336 3204 ὅρος
1381 3138 1488 3192 τοῦ
1529 3140 1780 3207 Κυρίου,
1829 3141 1928 3195 καὶ

2038 1840 2302 1905 invenire,
2329 1838 2424 1892 sed
2465 1845 2585 1893 erat
2616 1835 2849 1889 tnaxima
2893 1851 3017 1905 pars
3063 1844 3243 1899 terrm,
3277 1834 3322 1889 si
3368 1834 3448 1889 sic
3473 1834 3620 1900 loqui

2037 1930 2118 1985 fas
2163 1942 2268 1993 est,
2320 1930 2601 1995 vacuitas;
2636 1932 2856 2000 quando
2889 1938 3066 1982 autem
3097 1928 3350 1981 Christus
3378 1924 3620 1986 advenit,

2036 2023 2253 2092 plurimi
2310 2021 2499 2077 fideles
2534 2036 2602 2077 ex
2654 2021 2911 2093 gentibus
2940 2021 3123 2073 dicere
3156 2016 3461 2088 possint“:
3498 2034 3516 2065 ι
3549 2016 3621 2068 De

2034 2112 2373 2182 plenitudine
2407 2111 2524 2182 ejus
2570 2127 2668 2167 nos
2724 2125 2921 2166 omnes
2968 2111 3315 2178 accepimus;
3354 2128 3372 2159 ι
3410 2118 3465 2161 et
3499 2123 3622 2175 pro.

2036 2216 2220 2275 pterea
2270 2220 2329 2259 se
2374 2219 2495 2259 esse
2544 2204 2665 2274 ejus
2708 2200 3124 2272 plenitudinem.
3183 2199 3300 2252 Non
3334 2200 3480 2253 enim
3528 2199 3619 2265 qui

2034 2298 2347 2366 evangelica
2384 2297 2722 2350 institutioae
2744 2295 2900 2349 vacui
2924 2302 3075 2356 sunt,
3103 2291 3383 2362 plenitudo
3414 2289 3622 2344 Christi

2033 2403 2153 2443 esse
2192 2396 2436 2457 possunt.
2475 2385 2591 2441 Non
2628 2385 2800 2440 soluat
2856 2394 3037 2438 autem
3077 2394 3223 2438 terra
3256 2395 3308 2436 et
3344 2381 3625 2451 plenitudo

2034 2480 2173 2549 ejus,
2217 2481 2311 2533 sed
2365 2488 2421 2534 ct
2474 2478 2624 2532 orbis
2671 2488 2941 2533 terrarum
2990 2476 3163 2544 ipsius
3217 2485 3323 2528 est.
3357 2474 3622 2529 Pet-calor

2035 2570 2245 2624 habitat
2290 2572 2344 2622 in
2389 2570 2637 2633 deserto;
2671 2567 2763 2636 qui
2808 2581 2936 2622 vero
2968 2566 3021 2620 in
3052 2566 3459 2634 Ecclesia,qua:
3497 2579 3624 2619 san-

2035 2661 2289 2715 ctissimae
2320 2659 2604 2715 Trinitatis
2638 2660 2795 2728 plena
2828 2670 2933 2726 est,
2971 2671 3367 2722 c0mntoratur,
3394 2657 3484 2712 hic
3526 2671 3621 2712 or-

2034 2754 2156 2809 bem
2210 2765 2476 2809 terrarum
2526 2753 2815 2820 inhabitat,
2848 2768 2968 2822 quae
3029 2763 3113 2808 est
3173 2751 3412 2806 Ecclesia
3458 2765 3624 2819 super

2037 2849 2208 2902 maria
2264 2848 2620 2900 tcntationum
2666 2860 2694 2898 a
2756 2844 2982 2900 Domino
3017 2845 3238 2899 fundata
3296 2853 3350 2899 et
3389 2843 3444 2897 in
3486 2844 3625 2914 ipsis

2034 2952 2322 3009 superans,
2382 2947 2440 2992 ut
2492 2936 2837 3008 postmodum
2881 2947 3069 3008 potata
3127 2938 3184 2992 in
3224 2936 3445 2990 ﬂuittine
3480 2950 3623 3007 pra:-

2036 3039 2222 3098 parata
2251 3031 2346 3085 sit.

1952 3081 1999 3140 C
2104 3120 2268 3176 Vsus.
2300 3121 2354 3176 3.
2393 3121 2525 3187 Quis
2565 3123 2811 3177 ascendet
2852 3123 2905 3176 in
2963 3131 3193 3176 montem
3245 3121 3484 3186 Domini,
3522 3131 3620 3174 aut

349 3229 440 3295 τίς
470 3226 760 3293 στήσεται
801 3228 870 3280 ἐν
899 3230 1061 3293 τόπῳ
1091 3227 1238 3296 ἁγίῳ
1277 3229 1499 3293 αὐτοῦ;
1541 3249 1596 3284 κ.
1623 3250 1672 3285 τ.
1705 3233 1753 3286 ἐ.
1791 3233 1930 3303 Σύγ-

2032 3212 2146 3281 quis
2176 3213 2332 3266 stabit
2358 3215 2413 3267 in
2442 3213 2554 3268 loco
2585 3223 2766 3269 sancto
2796 3214 2953 3285 ejus?
2977 3225 3086 3269 etc.
3127 3214 3328 3269 Confer
3350 3215 3467 3268 haec
3494 3229 3618 3268 cum

351 3335 533 3389 κρινον
566 3319 622 3370 δὲ
648 3318 821 3372 ταῦτα
854 3318 962 3390 (80)
993 3319 1090 3390 τῷ,
1129 3338 1146 3370 ι
1178 3320 1369 3393 Κύριε,
1402 3321 1488 3386 τίς
1517 3326 1840 3396 παροικήσει
1872 3328 1930 3381 ἐν

347 3410 426 3480 τῷ
461 3410 776 3481 σκηνώματί
810 3414 1066 3476 σου;›κα“ι
1094 3413 1164 3466 τὰ
1203 3413 1363 3484 ἑξῆς·
1401 3414 1496 3468 καὶ
1528 3415 1652 3487 ὅρα,
1687 3416 1770 3469 ὃτι
1815 3420 1932 3471 ἐκεῖ

350 3502 450 3571 μὲν
496 3502 758 3574 πρότερον
806 3506 1130 3577 παροικήσει
1179 3507 1237 3559 ἐν
1292 3505 1609 3579 σκηνώματι
1649 3509 1857 3580 Κυρίου
1902 3511 1932 3563 6

346 3593 573 3656 τοιόσδε,
620 3594 812 3649 ἔπειτα
853 3597 1265 3669 κατασκηνώσει
1301 3599 1357 3651 ἐν
1392 3599 1507 3672 ὄρει
1558 3600 1697 3671 ἁγίῳ
1731 3602 1927 3655 αὐτοῦ’

346 3683 534 3736 ἐνθάδε
562 3684 619 3737 δὲ
671 3686 934 3759 πρότερον
983 3689 1316 3760 ἀναϐήσεται
1348 3690 1428 3753 εἰς
1477 3690 1604 3765 ὅρος
1652 3692 1857 3765 Κυρίου
1902 3696 1930 3747 ὁ

344 3776 572 3837 τοιόσδε,
603 3775 853 3849 δεύτερον
886 3778 943 3831 δὲ
974 3781 1229 3850 στήσεται
1271 3783 1329 3834 ἐν
1359 3781 1437 3852 τῷ
1468 3784 1617 3854 τόπῳ
1655 3785 1798 3856 ἁγίῳ
1836 3787 1931 3840 αὐ-

344 3866 459 3920 τοῦ.
510 3868 619 3920 Καὶ
664 3868 789 3939 ὅρος
835 3869 933 3939 μέν
968 3886 1101 3941 φησι
1135 3870 1339 3942 Κυρίου
1372 3873 1433 3924 τὸ
1463 3873 1676 3928 τελικὸν
1726 3876 1930 3944 ἀγαθὸν

346 3959 439 4011 καὶ
466 3958 556 4010 τὸν
588 3958 721 4011 Θεὸν
755 3961 925 4028 Λόγον
944 3977 957 3989 ·
993 3962 1216 4024 σπάνιος
1250 3960 1357 4033 γὰρ
1390 3963 1419 4015 6
1447 3963 1583 4034 πρὸς
1624 3965 1723 4036 τὴν
1749 3967 1931 4037 ἀκρώ-

349 4067 497 4122 ρειαν
525 4050 686 4103 αὑτοῦ
728 4050 816 4105 διὰ
846 4053 1126 4123 προκοπῆς
1160 4052 1425 4122 ἀναϐῆναι
1459 4054 1788 4126 δυνάμενος·
1820 4060 1849 4111 ὁ
1871 4057 1929 4110 ῦὲ

345 4139 683 4203 τελειωθεὶς,
734 4140 931 4211 μηκέτι
985 4142 1295 4212 περαιτέρω
1340 4147 1538 4217 χωρεῖν
1579 4141 1689 4209 οἷός
1724 4163 1782 4198 τε
1831 4145 1925 4211 ῶν,

347 4230 561 4283 ἵσταται
593 4230 807 4301 βέϐαιος
852 4231 947 4283 καὶ
990 4231 1347 4303 χρηματίζων
1381 4236 1535 4302 ἅγιος
1568 4235 1732 4299 τόπος
1766 4234 1923 4290 Θεοῦ.

359 4319 563 4371 Ὀπίσω
620 4319 736 4391 γὰρ
760 4320 963 4390 Κυρίου
1003 4321 1365 4393 πορευόμενος
1420 4322 1732 4389 ἀναϐαίνει,
1768 4342 1786 4375 ι
1819 4324 1927 4379 τῶν

2034 3307 2158 3363 istis
2181 3308 2225 3338 "
2272 3324 2286 3362 :
2339 3325 2357 3359 ι
2390 3306 2636 3375 Domine,
2697 3307 2821 3377 quis
2869 3307 3134 3363 habitabit
3170 3309 3223 3362 in
3260 3307 3619 3363 tabernaculo

2035 3401 2169 3456 tuo?
2199 3420 2219 3454 ι
2253 3409 2395 3467 etc.;
2429 3409 2485 3456 et
2528 3401 2652 3455 vide
2683 3401 2827 3455 hunc
2857 3402 3076 3469 quidem
3125 3401 3195 3456 ibi
3229 3402 3380 3470 prius
3407 3401 3618 3455 habita-

2035 3504 2216 3548 tnrum
2269 3494 2322 3549 in
2376 3493 2728 3549 tabernaculo
2782 3493 3018 3560 Domini,
3066 3493 3266 3548 deinde
3320 3502 3504 3548 autem
3560 3493 3613 3547 in

2032 3596 2221 3641 monte
2242 3595 2432 3641 saneto
2464 3586 2582 3656 ejus
2614 3604 2628 3640 :
2657 3587 2743 3642 hic
2768 3600 2902 3641 vero
2930 3585 3081 3654 prius
3113 3600 3470 3640 escensurum
3494 3600 3620 3638 esse

2034 3679 2087 3732 in
2126 3686 2364 3733 montem
2404 3678 2638 3747 Domini,
2703 3689 2761 3735 ut
2800 3679 2995 3735 deinde
3039 3688 3148 3733 stet
3194 3678 3245 3732 in
3280 3677 3400 3733 loco
3426 3689 3620 3733 sancto

2033 3768 2170 3837 ejus.
2221 3771 2288 3824 Et
2348 3781 2584 3825 montem
2631 3769 2851 3840 quidem
2906 3770 3121 3824 Domini
3173 3771 3305 3825 dicit
3344 3786 3617 3825 summum

2035 3862 2259 3926 bonum,
2293 3873 2343 3916 et
2379 3863 2546 3917 Deum
2580 3861 2821 3919 Verbum
2854 3878 2870 3916 :
2906 3878 3065 3918 rarus
3089 3863 3235 3918 enim
3269 3872 3354 3919 est
3392 3863 3485 3934 qui
3528 3865 3619 3936 ju-

2033 3952 2173 4022 giter
2218 3952 2550 4020 proliciendo
2593 3954 2662 4007 ad
2711 3955 2829 4022 ejus
2868 3954 3135 4009 verticem
3171 3955 3483 4026 pertingere
3521 3969 3619 4008 vs-

2032 4043 2161 4096 leat.
2204 4042 2306 4106 Qui
2355 4058 2483 4099 vero
2536 4043 2814 4112 perfectus
2849 4053 2955 4111 est,
2997 4059 3123 4100 cum
3159 4058 3272 4098 non
3304 4045 3476 4113 possit
3506 4054 3619 4100 ten-

2031 4136 2162 4189 dere
2208 4134 2460 4201 ulterius,
2512 4143 2624 4190 stat
2680 4135 2888 4199 ﬁrmus,
2931 4146 2986 4191 et
3029 4143 3254 4190 vocatur
3299 4135 3452 4191 locus
3489 4151 3616 4191 san-

2030 4232 2152 4279 ctus
2196 4222 2312 4277 Dei.
2358 4221 2491 4277 Nam
2540 4224 2632 4293 qui
2686 4224 2975 4279 Dominum
3014 4225 3287 4296 sequitur,
3338 4226 3612 4292 ascendit,

2038 4333 2055 4366 ι
2086 4330 2205 4383 qua:
2240 4322 2388 4369 retro
2433 4324 2561 4370 sunt
2602 4316 2956 4383 obliviscens,
2987 4316 3054 4371 ad
3087 4332 3148 4371 ea
3177 4331 3309 4371 vero
3337 4330 3457 4385 quae
3487 4326 3620 4371 sunt

344 4409 568 4464 ὄπισθεν
616 4410 1135 4482 ἐπιλανθανόμενος,
1182 4415 1293 4477 τοῖς
1338 4413 1396 4466 δὲ
1445 4413 1755 4487 ἔμπροσθεν
1826 4418 1927 4471 ἐπ-

2032 4408 2212 4475 priora
2265 4407 2565 4462 extendens
2602 4408 2680 4460 δ’»
2737 4409 3000 4476 scipsum,
3047 4408 3209 4462 linem
3263 4408 3469 4463 habens
3517 4409 3617 4461 bo-

344 4503 734 4572 εκτεινόμενος,
762 4522 780 4554 ι
802 4502 951 4566 τέλος
974 4502 1111 4574 ἔχων
1127 4504 1327 4573 ἀγαθὸν
1351 4506 1411 4559 τὸ
1434 4506 1619 4577 στῆναι
1641 4507 1777 4578 μετὰ
1792 4508 1924 4563 Θεὸν

345 4593 403 4643 ὲν
434 4592 581 4663 τόπῳ
610 4594 751 4664 ἁγίῳ
792 4592 977 4647 αὐτοῦ.
1022 4595 1086 4647 El
1134 4594 1387 4664 βούλεσθε
1434 4596 1783 4668 παράδειγμα
1832 4598 1927 4653 λα-

343 4682 456 4734 ϐεῖν
500 4683 609 4735 ἀπὸ
654 4684 762 4736 τῶν
808 4684 967 4755 ἱερῶν
1012 4686 1375 4757 γραμμάτων,
1412 4687 1650 4758 Μωῦσῆς
1685 4687 1815 4759 ἔστη
1866 4690 1925 4741 ἐν

341 4773 493 4844 τόπῳ
547 4774 890 4845 ἁγιάσματος
920 4777 1013 4830 τοῦ
1048 4778 1182 4831 Θεοῦ
1201 4796 1214 4809 ·
1251 4779 1386 4850 πρὸς
1417 4778 1476 4831 ὃν
1504 4775 1655 4833 εἶπεν
1688 4781 1717 4833 6
1748 4781 1880 4844 Θεός
1907 4798 1921 4812 ”

346 4886 375 4945 l—
395 4867 467 4919 Σὺ
502 4866 558 4918 δὲ
603 4866 767 4920 αὑτοῦ
821 4867 979 4937 στῆθι
1027 4872 1143 4941 μετ’
1188 4870 1386 4941 ἐμοῦ.»
1436 4870 1574 4925 Ἀλλ’
1617 4872 1698 4924 ὅτι
1742 4870 1925 4945 ζητεῖς

339 4957 591 5028 ἁγίασμα
643 4958 737 5009 τοῦ
767 4959 923 5023 Θεοῦ,
954 4961 1086 5013 ὅπου
1117 4962 1197 5014 δεῖ
1230 4964 1447 5032 στῆναι·
1506 4983 1524 5014 ι
1555 4964 1666 5016 Καὶ
1694 4964 1924 5036 ἔστησεν

340 5050 431 5102 ἐπὶ
467 5051 672 5121 πέτραν
700 5052 827 5116 τοὺς
869 5053 1034 5117 πόδας
1068 5071 1190 5124 μου,
1216 5074 1232 5106 ι
1264 5055 1513 5124 λέγουσιν
1544 5057 1593 5109 οἱ
1625 5058 1922 5128 προφῆται,

341 5146 463 5196 ἐπεὶ
507 5164 523 5195 ι
559 5145 731 5216 πέτρα
768 5141 836 5217 ἦν
860 5147 888 5199 6
921 5147 1173 5215 Χριστός.
1202 5165 1219 5196 ι
1260 5147 1539 5217 Μόιθωμεν
1576 5148 1633 5202 δὲ
1659 5150 1742 5212 τίς
1776 5151 1923 5202 ἐστιν

339 5238 365 5291 ὁ
395 5238 504 5289 τῶν
526 5238 868 5305 ἐπαγγελιῶν
890 5236 1092 5290 τούτων
1117 5236 1457 5309 τευξόμενος.

425 5325 629 5392 Ἀθῶος
681 5327 855 5396 χερσί
903 5327 1003 5383 καί
1037 5328 1296 5397 καθαρὸς
1336 5327 1412 5397 τῇ
1444 5329 1677 5400 καρδίᾳ,
1720 5348 1773 5384 κ.
1796 5349 1845 5385 τ.
1873 5332 1919 5386 ἐ.

409 5487 455 5519 ⁴⁰
485 5485 643 5541 Joan.
676 5486 809 5552 ι,16.
884 5486 927 5520 ⁴¹
962 5486 1107 5543 Psal.
1141 5503 1251 5555 xiv,
1286 5490 1336 5544 Ι.

1414 5490 1459 5522 ’⁵³
1491 5490 1720 5561 Philipp.
1758 5508 1840 5559 ιιι,
1877 5494 1957 5548 15.
2033 5490 2079 5522 ⁴³
2109 5490 2282 5546 Exod.
2310 5507 2492 5546 xxuv.

2034 4515 2182 4563 num,
2215 4508 2273 4553 ut
2306 4508 2415 4553 stet
2442 4509 2563 4568 post
2600 4500 2768 4555 Deum
2807 4501 2859 4555 in
2889 4501 3008 4556 loco
3053 4509 3246 4556 saneto
3293 4500 3431 4570 ejus.
3462 4501 3615 4569 Quod

2016 4592 2077 4653 isi
2121 4592 2286 4644 vultis
2332 4606 2398 4644 ex
2450 4591 2623 4646 sacris
2664 4590 2968 4662 Scripturis
3013 4590 3325 4660 exetnplum
3372 4608 3615 4652 sumere,

2034 4684 2186 4737 Stetit
2231 4684 2283 4737 in
2336 4683 2463 4738 loco
2496 4684 2953 4741 sanctilicationis
2987 4684 3080 4739 Dei
3114 4683 3327 4754 Moyses
3356 4685 3422 4739 ad
3455 4702 3616 4756 quem

2035 4774 2165 4829 dixit
2193 4775 2274 4830 u:
2303 4794 2321 4826 ι
2348 4775 2427 4831 Tu
2465 4791 2593 4830 vero
2623 4778 2733 4831 illic
2763 4787 2848 4831 sta
2880 4792 3116 4831 mecum.
3143 4796 3161 4829 ι
3198 4777 3304 4832 Sed
3329 4779 3459 4847 quia
3488 4794 3619 4832 sau-

2034 4867 2422 4921 etilicationem
2486 4868 2577 4923 Dei
2614 4872 2815 4940 quaeris
2861 4869 2952 4925 ubi
2991 4878 3140 4924 stare
3191 4878 3461 4940 oporteat,
3496 4886 3621 4941 pro-

2033 4961 2208 5029 pheta:
2255 4960 2444 5015 dicunt
2491 4980 2503 5016 :
2557 4963 2663 5017 «Et
2713 4964 2905 5018 statuit
2968 4977 3133 5032 super
3196 4973 3407 5034 petram
3451 4965 3620 5034 pedes

2036 5068 2183 5107 meos
2199 5051 2265 5121 δ”,
2293 5073 2311 5106 ι
2346 5057 2603 5123 quoniam
2634 5074 2653 5106 ι
2678 5067 2830 5124 petra
2861 5065 2985 5110 erat
3005 5055 3260 5112 Christus
3280 5056 3379 5111 “.t
3417 5055 3615 5110 Disca-

2034 5160 2154 5199 mus
2188 5157 2369 5199 autem
2402 5147 2656 5214 quisnam
2690 5149 2881 5219 sitqui
2915 5149 3306 5219 promissioues
3334 5146 3618 5217 hujusmo-

2033 5238 2083 5293 di
2113 5247 2497 5306 consequatur.

2102 5325 2266 5397 627
2302 5325 2462 5381 Vsus.
2493 5328 2545 5382 4.
2581 5326 2841 5385 lunocem
2870 5333 3112 5388 manibus
3133 5342 3183 5388 et
3206 5333 3405 5386 mutulo
3432 5332 3611 5395 corde,

2575 5493 2619 5525 ""
2646 5493 2786 5548 Psal.
2824 5511 3013 5563 xxxix,
3040 5495 3091 5550 5.
3181 5496 3224 5527 ⁸⁸
3259 5494 3425 5550 lCor.
3466 5511 3522 5561 ιι,
3559 5496 3610 5553 4.

374 5654 380 5675 ¹
412 5647 523 5719 (78)
564 5647 704 5715 ’Ὦρα
734 5647 801 5701 δὲ
824 5649 919 5703 καὶ
954 5651 1161 5718 οὕτως,
1192 5662 1299 5707 etc.
1332 5652 1553 5710 St-hedm
1584 5655 1792 5719 Grabii,
1814 5658 2107 5713 Barbatus.

412 5718 461 5782 (7
490 5730 521 5781 ε)
559 5719 671 5784 Πρὸ
709 5720 816 5786 τῆς
860 5723 1140 5789 Χριστοῦ,
1184 5734 1289 5778 clc.
1344 5726 1669 5789 Cot‘dcritts,
1714 5718 2005 5782 Barbarus.

415 5790 524 5857 (δυ)
557 5792 887 5859 Scirum-or
914 5793 981 5846 δὲ
1012 5794 1219 5862 ταῦτα,
1246 5806 1350 5852 ctc.
1382 5795 1582 5852 l’ut‘lllll
1614 5799 1925 5867 Cmdct‘ius,
1952 5810 2001 5856 et
2040 5801 2251 5858 scltcda:
2279 5800 2486 5872 Crabii,
2531 5820 2590 5859 ac
2618 5804 2908 5861 Barbarus.
