4100 6402
460 327 601 384 1267

1838 327 1932 382 EX
1961 326 2264 384 ORIGENE

3583 328 3723 384 1268

458 459 570 503 etc.
603 447 683 502 Ad
718 446 1205 517 interrogationem
1239 447 1550 516 respondet,
1574 448 1720 502 hunc
1753 460 1876 502 esse
1902 447 2038 500 acti-

2150 444 2289 516 Πρὸς
2319 444 2418 514 τὴν
2452 441 2718 516 ἐρώτησιν
2752 442 2862 515 (81)
2894 442 3272 514 ἀποκρίνεται,
3314 441 3614 515 πρακτικόν
3661 461 3720 496 τε

462 555 589 594 vum
630 549 686 594 et
729 538 1225 607 contemplativum.
1255 538 1405 592 Mulli
1448 539 1593 593 enim
1639 555 1802 609 puras
1837 539 2037 592 habent

465 633 734 696 actiones,
775 631 868 685 sed
917 631 1179 700 quoniam
1213 631 1428 685 laudem
1459 632 1528 685 ab
1559 631 1875 686 hominibus
1906 646 2038 699 pro-

461 729 588 789 pter
637 735 732 775 eas
768 729 1060 784 venantur,
1089 735 1197 776 non
1229 731 1358 776 sunt
1398 721 1584 777 mundi
1625 723 1810 777 corde.
1843 723 2038 778 Anima

461 813 552 866 illa
594 828 735 866 vana
773 822 881 877 est,
925 828 1046 882 quze
1087 813 1319 869 rationis
1358 815 1574 882 quidem
1609 824 1694 870 est
1739 815 2037 884 particeps,

463 907 559 958 sed
591 905 733 976 quod
766 906 989 960 noxium
1019 915 1104 960 est
1144 922 1250 960 non
1295 905 1452 978 fugit,
1487 921 1588 962 nec
1620 907 1819 962 bonum
1866 908 2038 978 eligit.

463 996 568 1062 Qui
605 1006 786 1051 autem
814 1007 1003 1052 servat
1035 997 1192 1059 illud,
1222 1015 1239 1048 ι
1268 999 1337 1051 ita
1370 1017 1389 1050 ι
1426 1007 1482 1053 et
1509 1016 1527 1050 ι
1557 1014 1682 1061 ιιοιι,
1710 1017 1729 1051 ι
1762 1001 1880 1054 sine
1917 1000 2041 1054 dolo

464 1088 594 1142 l'acit
641 1087 1048 1159 jusjurandum,
1095 1099 1152 1143 et
1202 1090 1409 1158 prmmii
1460 1090 1581 1145 loco
1624 1091 1788 1145 habet
1817 1091 2040 1146 benedi-

462 1181 728 1244 ctionem,
785 1179 1130 1250 salvabitque
1180 1196 1304 1236 eum
1374 1181 1517 1236 Deus
1564 1181 1938 1236 misericordia
1988 1190 2044 1236 et

464 1272 663 1341 gratia.
708 1271 1115 1343 Qualiscunque
1149 1272 1294 1327 enim
1329 1272 1494 1328 homo
1541 1273 1633 1341 sit,
1671 1281 1793 1342 eget
1829 1273 2044 1330 miseri-

465 1364 650 1418 cordia
687 1363 803 1418 Dei.

413 1462 429 1474 '
540 1451 822 1524 Ejusdem.
851 1451 1022 1508 Judas
1057 1453 1272 1523 quidem
1295 1451 1539 1508 ascendit
1578 1451 1629 1506 in
1658 1461 1893 1508 montem
1935 1453 2038 1508 Do-

467 1543 626 1610 mini,
663 1546 754 1600 sed
791 1561 896 1600 non
937 1547 1089 1600 stetit
1116 1547 1168 1599 in
1205 1545 1327 1598 loco
1355 1555 1546 1600 sancto
1572 1543 1716 1612 ejus;
1753 1561 1859 1600 non
1897 1547 2040 1600 enim

470 1639 735 1692 innocens
781 1647 902 1692 erat
952 1636 1202 1692 manibus
1241 1644 1295 1691 et
1344 1639 1547 1692 mundo
1581 1637 1767 1702 corde,
1799 1638 1897 1694 sed
1932 1638 2043 1705 fur,

467 1730 559 1798 qui
589 1728 794 1783 loculos
830 1727 1062 1784 ferebat.

2137 536 2326 589 τοῦτον
2359 532 2498 589 εἶναι
2529 535 2623 589 κα)⁸
2667 535 3016 606 θεωρητικόν.
3053 534 3218 588 Ἀλλὰ
3261 536 3357 588 καὶ
3395 534 3577 587 πολλοὶ
3625 537 3721 600 τὰς

2143 625 2240 696 μὲν
2272 625 2500 696 πράξεις
2527 625 2709 697 ἔχουσι
2740 625 3007 696 καθαρὰς,
3051 626 3119 679 δι’
3163 624 3384 680 ἔπαινον
3409 625 3467 678 δέ
3514 625 3722 700 ἀνθρώ-

2141 734 2258 770 πων
2285 717 2444 770 τοῦτο
2483 718 2787 782 ποιοῦντες,
2828 718 2929 771 οὐκ
2977 719 3088 771 εἰσὶ
3119 717 3351 788 καθαροὶ
3398 721 3464 790 τῇ
3499 718 3722 790 καρδίᾳ.

2139 810 2361 865 Ματαία
2397 810 2456 864 δὲ
2497 810 2643 883 ψυχὴ
2674 813 2708 882 ὴ
2740 809 2933 882 λογικὴ
2965 809 3063 880 μὲν
3093 805 3252 875 οὖσα,
3281 809 3344 863 τὸ
3374 810 3430 862 δὲ
3459 810 3723 882 βλαϐερὸν

2140 901 2200 954 οὐ
2243 900 2553 970 φεύγουσα,
2605 903 2700 955 καὶ
2745 901 2806 954 τὸ
2851 901 3056 970 ἀγαθὸν
3106 899 3426 972 αἱρουμένη.
3467 901 3525 954 Ὀ
3555 901 3612 954 δέ
3663 900 3725 955 τὸ

2147 1014 2166 1046 ι
2195 996 2301 1060 ναὶ,
2330 1014 2347 1046 ι
2379 994 2474 1047 καὶ
2508 1014 2526 1046 ι
2556 995 2634 1057 οὗ,
2663 1013 2681 1046 ι
2719 993 3001 1065 φυλάττων
3035 993 3162 1047 ἄνευ
3188 992 3338 1045 δόλου
3363 996 3600 1046 ποιεῖται
3633 993 3724 1046 τὸν

2141 1085 2324 1157 ὅρκον,
2358 1081 2518 1140 ἆθλον
2551 1085 2688 1156 ἔχων
2714 1084 2984 1154 εὐλογίαν,
3012 1083 3106 1136 καὶ
3142 1080 3304 1137 σώσει
3330 1085 3518 1138 τοῦτον
3541 1087 3569 1138 ὁ
3591 1083 3722 1148 Θεὸς

2142 1177 2277 1249 ἐλέῳ
2301 1178 2396 1231 καὶ
2427 1179 2632 1250 χάριτι.
2668 1180 2884 1242 Ὀποῖος
2907 1179 3016 1250 γάρ
3043 1195 3173 1232 ποτε
3198 1177 3265 1232 ἂν
3361 1181 3389 1232 ὁ
3416 1179 3721 1250 ἄνθρωπος,

2143 1267 2292 1322 ἐλέου
2323 1267 2514 1341 χρῄζει
2546 1269 2640 1324 τοῦ
2673 1270 2782 1324 ἀπὸ
2809 1269 2964 1323 Θεοῦ.

2220 1453 2332 1508 Τοῦ
2374 1453 2582 1509 αὐτοῦ.
2626 1453 2826 1518 Ἰούδας
2866 1455 3038 1526 ἀνέϐη
3083 1453 3195 1527 (82)
3243 1455 3343 1526 μὲν
3377 1455 3457 1518 είς
3491 1453 3554 1506 τὸ
3599 1453 3722 1527 ὅρος

2143 1546 2370 1619 Κυρίου,
2409 1546 2510 1599 οὐκ
2541 1545 2671 1616 ἔστη
2722 1546 2779 1600 δὲ
2814 1549 2874 1599 ἐν
2906 1546 3057 1618 τόπῳ
3096 1546 3235 1618 ἁγίῳ
3279 1545 3472 1600 αὐτοῦ’
3511 1546 3572 1599 οὐ
3615 1547 3726 1615 γὰρ

2143 1631 2212 1710 ἦν
2257 1637 2434 1699 ἀθῶος
2471 1637 2680 1708 χερσὶν,
2734 1637 2854 1690 οὐδὲ
2911 1636 3151 1708 καθαρὸς
3194 1640 3260 1708 τῇ
3307 1635 3542 1708 καρδίᾳ,
3591 1635 3728 1689 ἀλλὰ

2147 1729 2385 1800 κλέπτης
2413 1726 2489 1782 ὣν
2517 1729 2585 1782 τὰ
2616 1728 2920 1800 βαλλόμενα
2958 1727 3262 1799 βαστάζων.

539 1821 815 1889 Ejusdem.
853 1820 958 1875 Sed
989 1819 1246 1890 quoniam
1273 1819 1516 1875 nonnulli
1545 1820 1790 1876 actiones
1822 1820 2042 1891 quidem

2225 1795 2352 1875 Τοῦ-
2386 1795 2930 1875 αὐτοῦίᾋλλίέπεί
2959 1795 3110 1884 τινες
3159 1819 3267 1888 (85)
3300 1818 3399 1883 τὰς
3440 1819 3540 1890 μὲν
3583 1819 3727 1890 πρά-

469 1913 669 1966 Ιιιιιιοιιι
700 1927 888 1981 puras,
923 1929 1026 1968 non
1061 1922 1188 1968 sunt
1222 1927 1353 1968 vero
1400 1913 1583 1968 mundi
1619 1914 1804 1980 corde,
1842 1913 2048 1969 addidit

468 1995 622 2062 illud,
675 2000 951 2055 «mundus
1001 2001 1230 2054 corde.»
1297 1999 1521 2069 Oportet
1576 2001 1720 2055 enim
1777 2018 1900 2056 eum
1951 2002 2044 2073 qui

469 2099 616 2143 recta
646 2099 925 2158 operatur,
951 2091 1208 2145 mundum
1238 2105 1460 2161 quoque
1490 2106 1613 2147 esse
1645 2091 1974 2163 cognitione.

541 2270 706 2326 Vens.
769 2268 824 2325 6.
885 2269 1015 2325 "me
1067 2280 1142 2326 est
1190 2272 1457 2341 generatio
1501 2273 1850 2343 quwrentium
1901 2287 2043 2342 eum,

467 2363 818 2432 qua’rentium
849 2362 1039 2431 faciem
1087 2362 1187 2418 Dei
1214 2363 1404 2429 Jacob,
1430 2371 1540 2419 etc.
1583 2363 1652 2418 At
1691 2378 1850 2429 nemo
1895 2379 2046 2433 qum-

471 2470 598 2528 rens
659 2453 856 2510 faciem
919 2455 1034 2520 Dei,
1069 2456 1159 2512 hic
1198 2456 1393 2512 faciem
1445 2456 1539 2512 Dei
1596 2457 1801 2512 videbit
1834 2475 1848 2511 :
1888 2455 2044 2512 «Non

469 2545 614 2598 enim
647 2543 852 2599 videbit
875 2543 1036 2600 homo
1071 2543 1267 2600 faciem
1299 2561 1527 2612 meam,»
1557 2546 1728 2617 inquit
1749 2546 1816 2614 “,
1848 2557 1931 2602 «et
1961 2547 2045 2602 vi-

373 2635 376 2640 ’
471 2645 582 2689 vet.
611 2656 631 2689 ι
681 2635 880 2691 Mutari
940 2646 993 2692 te
1043 2651 1264 2694 necesse
1316 2646 1418 2704 est,
1469 2647 1528 2692 ut
1565 2654 1815 2708 quaerens
1848 2639 2045 2696 faciem

473 2730 590 2794 Dei,
621 2729 766 2784 illam
825 2729 1028 2785 videas.
1089 2728 1334 2784 llumana
1368 2732 1549 2784 omnia
1609 2731 1702 2786 tibi
1742 2732 2046 2803 abjicienda

473 2831 620 2876 sunt.
650 2822 917 2892 Angelum
951 2832 1003 2876 te
1036 2821 1145 2878 imo
1185 2833 1240 2878 et
1290 2825 1458 2879 Deum
1490 2823 1606 2879 ﬁeri
1635 2835 1874 2895 oportet.
1909 2824 2046 2882 Nam

472 2913 724 2969 Salvator
750 2914 828 2970 ait
853 2914 898 2946 ⁸⁷
927 2930 942 2967 :
979 2932 996 2966 ι
1023 2913 1100 2968 Ne
1136 2916 1502 2971 contemnatis
1532 2931 1698 2970 unum
1741 2932 1806 2971 ex
1836 2918 2048 2988 pusillis

474 3004 596 3060 istis
635 3006 727 3076 qui
778 3015 905 3061 sunt
942 3007 994 3060 in
1045 3006 1314 3062 Ecclesia.
1346 3007 1516 3062 Amen
1544 3009 1666 3064 dico
1697 3010 1872 3077 vobis,
1902 3010 2048 3080 quod

2149 1911 2262 1978 ξεις
2293 1912 2475 1983 ἔχουσι
2505 1913 2773 1984 καθαρὰς,
2797 1913 2898 1966 οὐκ
2931 1911 3038 1966 εἰσ).
3062 1911 3117 1964 δὲ
3147 1910 3380 1984 καθαροὶ
3410 1913 3476 1981 τῇ
3508 1911 3727 1982 καρδία,

2149 2003 2456 2076 προσέθηκε
2494 2004 2578 2069 τὸ,
2619 2024 2638 2057 ι
2666 2003 2905 2076 καθαρὸς
2948 2007 3014 2076 τῇ
3054 2003 3271 2075 καρδίᾳ.
3305 2022 3324 2053 ι
3356 2005 3450 2056 Δεῖ
3496 2002 3603 2072 γὰρ
3635 2002 3728 2054 τὸν

2150 2099 2208 2151 ἐν
2236 2096 2468 2168 πράξεσι
2499 2097 2866 2169 κατορθοῦντα
2909 2096 3003 2150 καὶ
3049 2095 3288 2168 καθαρὸν
3321 2096 3378 2148 ἐν
3420 2095 3487 2166 τῇ
3526 2092 3729 2162 γνώσει

2150 2187 2461 2258 τυγχάνειν.

2216 2279 2378 2348 Αὕτη
2420 2280 2460 2348 ἡ
2501 2276 2678 2349 γενεὰ
2704 2277 3036 2346 ζητούντων
3065 2276 3271 2343 αὐτὸν,
3306 2274 3638 2344 ζητούντων
3662 2272 3732 2326 τὸ

2150 2373 2473 2441 πρόσωπον
2530 2371 2637 2425 τοῦ
2697 2371 2844 2425 Θεοῦ
2885 2370 3099 2425 Ἰακώϐ.
3172 2367 3308 2421 Ἀλλ’
3381 2366 3553 2428 οὐδεὶς
3628 2363 3728 2434 ζη-

2147 2463 2256 2516 τῶν
2283 2461 2394 2534 (84)
2420 2461 2707 2532 πρόσωπον
2732 2460 2826 2514 τοῦ
2855 2460 3010 2524 Θεοῦ,
3041 2459 3228 2513 ἐνθάδε
3273 2457 3564 2528 πρόσωπον
3595 2452 3731 2506 Θεοῦ

2147 2555 2365 2625 ὄψεται·
2409 2573 2427 2605 ι
2458 2553 2532 2606 Ού
2571 2553 2680 2625 γὰρ
2706 2552 2896 2622 ὄψεται
2928 2551 3214 2620 ἄνθρωπος
3241 2547 3315 2601 ῶν
3338 2547 3400 2601 τὸ
3442 2545 3731 2618 πρόσωπόν

2153 2665 2275 2719 μου,
2309 2647 2461 2718 φησὶ,
2495 2646 2589 2700 καὶ
2629 2645 2873 2714 ζήσεται.
2899 2661 2917 2692 ι
2961 2639 3337 2695 Μεταϐἀλλειν
3391 2656 3450 2692 σε
3502 2639 3612 2700 δεῖ,
3646 2638 3734 2691 ἵνα

2152 2738 2328 2810 ζητῶν
2365 2737 2426 2790 τὸ
2459 2736 2748 2808 πρόσωπον
2776 2732 2868 2786 τοῦ
2899 2731 3033 2786 Θεοῦ
3063 2731 3178 2804 ἴδῃς
3210 2729 3360 2784 αὐτό.
3409 2729 3733 2784 Ἀποίὶὲσθαι

2147 2829 2230 2883 δεῖ
2290 2828 2466 2882 πάντα
2511 2826 2581 2881 τὰ
2626 2824 2974 2898 ἀνθρώπινα·
3023 2821 3251 2891 ἄγγελον
3302 2820 3402 2891 ἥδη
3451 2819 3545 2872 καὶ
3593 2820 3728 2874 Θεὸν

2149 2920 2402 2992 γενέσθαι
2446 2919 2558 2973 δεῖ·
2607 2938 2625 2969 ι
2663 2917 2756 2988 Μὴ
2821 2915 3271 2986 καταφρονήσητε
3317 2913 3447 2984 γὰρ,
3493 2912 3659 2982 φησιν
3701 2913 3730 2965 ὁ

2150 3013 2364 3086 Σωτὴρ,
2414 3011 2533 3076 ἑνὸς
2579 3009 2786 3064 τούτων
2831 3008 2940 3062 τῶν
2987 3005 3198 3078 μικρῶν
3255 3003 3363 3058 τῶν
3412 3006 3470 3057 ἐν
3499 3005 3566 3074 τῇ
3607 3005 3730 3056 Ἐκ-

469 3098 861 3167 angelicorum
895 3113 1108 3169 semper
1135 3100 1320 3154 vident
1353 3100 1546 3155 faciem
1585 3099 1761 3158 Patris
1794 3104 1921 3168 mei,
1956 3105 2045 3173 qui

2152 3105 2371 3178 κλησίᾳ.
2412 3105 2585 3177 Ἀμὴν
2627 3103 2736 3174 γὰρ
2780 3100 2925 3168 λέγω
2967 3097 3118 3168 ὑμῖν,
3159 3096 3242 3149 ὅτι
3289 3096 3339 3148 οἱ
3369 3094 3589 3164 ἄγγελοι
3630 3096 3726 3147 αὐ-

468 3199 553 3244 est
590 3191 642 3244 in
679 3192 852 3247 coelis.
887 3209 905 3243 ι
940 3190 1064 3246 "(BC
1085 3202 1168 3247 est
1196 3191 1358 3262 igitur
1391 3194 1671 3264 generatio
1693 3196 2051 3265 quaerentium
2089 3190 2096 3255 ί

477 3283 794 3348 Dominum,
824 3283 1186 3354 quaerentium
1222 3283 1416 3338 faciem
1449 3285 1544 3340 Dei
1576 3283 1765 3342 Jacob.

551 3532 826 3604 Ejusdem.
887 3535 945 3592 Si
1000 3537 1311 3607 angelorum
1353 3545 1439 3593 est
1495 3538 1684 3594 videre
1716 3539 1914 3594 faciem
1955 3540 2050 3598 Dei

474 3642 712 3696 semper,
748 3630 888 3684 hanc
921 3640 1097 3686 autem
1153 3631 1346 3686 faciem
1399 3633 1562 3688 etiam
1620 3634 1869 3690 homines
1905 3650 2053 3705 qua:-

476 3727 604 3770 runt
632 3719 840 3783 videre,
872 3720 1184 3790 angelorum
1209 3723 1395 3792 utique
1441 3724 1604 3778 etiam
1659 3725 1908 3781 homines
1959 3742 2054 3782 co-

476 3809 772 3875 gnitionem
805 3821 1072 3881 quierunt,
1091 3814 1136 3867 si
1161 3814 1377 3883 quidem
1411 3815 1528 3872 fieri
1556 3825 1737 3886 potest
1766 3827 1823 3872 ut
1855 3833 2051 3888 panem

478 3899 796 3968 angelorum
834 3903 1123 3960 manducet
1157 3904 1341 3960 homo.

550 3993 714 4054 Vens,
749 3993 804 4059 7,
832 3994 884 4050 8.
919 3996 1157 4051 Attollite
1195 4009 1398 4067 portas,
1429 4001 1713 4069 principes,
1754 4011 1970 4068 vestras,
2003 4013 2052 4057 et

476 4085 772 4149 elevamini,
803 4097 972 4156 porta:
1020 4091 1318 4154 wternales,
1348 4101 1395 4144 et
1424 4091 1661 4146 introibit
1697 4091 1810 4147 Rea:
1839 4093 2050 4165 gloriaz.

479 4177 612 4245 Quis
663 4189 736 4233 est
795 4181 896 4235 iste
951 4196 1046 4234 rex
1098 4181 1614 4252 gloriw1’Dominus
1640 4185 1916 4253 virtutum,
1943 4196 2052 4243 etc.

478 4273 668 4326 l’ortas
694 4273 926 4329 virtutes
973 4275 1125 4343 dicit,
1147 4276 1304 4346 juxta
1353 4277 1483 4334 illud
1505 4277 1551 4310 ⁴⁵⁸
1584 4299 1596 4333 :
1629 4297 1647 4330 ι
1673 4279 1892 4349 Aperite
1921 4282 2054 4336 mihi

477 4375 666 4429 portas
693 4364 940 4433 justitiaa.
966 4385 985 4418 ι
1023 4366 1490 4433 Quemadmodum
1534 4370 1760 4442 justitia:
1793 4373 2052 4442 aperiun-

2154 3199 2262 3252 τῶν
2317 3195 2407 3252 διὰ
2460 3194 2660 3258 παντὸς
2715 3193 2968 3264 βλέπουσι
3018 3190 3080 3245 τὸ
3137 3190 3427 3262 πρόσωπον
3478 3188 3573 3242 τοῦ
3622 3189 3732 3240 Πασ

2153 3289 2281 3364 τρός
2327 3307 2427 3362 μου
2471 3286 2566 3341 τοῦ
2610 3288 2667 3340 ἐν
2709 3285 2977 3357 οὐρανοῖς.
3001 3301 3020 3336 ι
3064 3280 3213 3354 Αὕτη
3244 3276 3337 3334 οῦν
3371 3281 3404 3351 ὴ
3438 3279 3602 3350 γενεὰ
3635 3279 3733 3350 ζη-

2152 3384 2390 3439 τούντων
2434 3382 2526 3436 τὸν
2570 3379 2797 3453 Κύριον,
2840 3375 3145 3448 ζητούντων
3189 3374 3251 3428 τὸ
3296 3374 3590 3446 πρόσωπον
3635 3372 3732 3426 τοῦ

2152 3474 2289 3530 Θεοῦ
2325 3472 2538 3528 Ἰακώϐ.

2229 3563 2342 3619 Τοῦ
2390 3559 2598 3616 αὑτοῦ.
2635 3561 2698 3614 Εἰ
2744 3556 2990 3627 ἀγγέλων
3022 3557 3140 3610 ἐστὶ
3185 3558 3250 3612 τὸ
3281 3555 3498 3627 βλέπειν
3530 3550 3641 3624 (85)
3674 3553 3736 3607 τὸ

2155 3655 2445 3728 πρόσωπον
2479 3652 2572 3706 τοῦ
2599 3650 2732 3705 Θεοῦ
2759 3648 3065 3713 διαπαντὸς,
3087 3647 3243 3702 τοῦτο
3267 3648 3326 3701 δὲ
3352 3647 3414 3700 τὺ
3443 3645 3736 3716 πρόσωπον

2154 3746 2250 3799 καὶ
2275 3746 2323 3799 oi
2355 3743 2633 3814 ἄνθρωποι
2669 3739 2921 3813 ζητοῦσιν
2959 3741 3107 3806 ἰδεῖν,
3136 3737 3385 3808 ἀγγέλων
3418 3737 3526 3806 ἄρα
3560 3735 3654 3788 καὶ
3684 3735 3736 3786 οἱ

2153 3836 2432 3908 ἄνθρωποι
2465 3835 2666 3904 γνῶσιν
2718 3831 3090 3902 ἐπιζητοῦσιν,
3137 3832 3252 3900 εἴγε
3297 3827 3521 3882 δυνατὸν
3571 3825 3736 3896 ἄρτον

2153 3927 2400 3997 ἀγγέλων
2427 3928 2616 3996 φαγεῖν
2645 3924 2735 3978 τὸν
2769 3923 3074 3995 ἄνθρωπον.

2228 4018 2431 4084 Ἄρατε
2459 4015 2676 4080 πύλας,
2693 4016 2746 4067 οἱ
2767 4012 3074 4081 ἄρχοντες,
3093 4008 3278 4080 ὑμῶν,
3301 4007 3398 4062 καὶ
3418 4003 3735 4074 ὲπάρθητε,

2154 4110 2342 4164 πύλαι
2373 4106 2616 4170 αὶώνιοι,
2654 4104 2754 4161 καί
2784 4105 3192 4158 εἰσελεύσεται
3225 4105 3257 4156 ό
3290 4099 3588 4164 Βασιλεὺς
3626 4097 3737 4165 τῆς

2155 4199 2358 4268 δόξης.
2393 4199 2488 4265 Τίς
2534 4199 2705 4252 ἐστιν
2737 4193 2916 4262 οὗτος
2957 4199 2989 4250 ό
3017 4194 3316 4261 βασιλεὺς
3361 4191 3469 4260 τῆς
3518 4191 3736 4260 δόξης;

2156 4292 2368 4360 Κύριος
2394 4289 2513 4342 τῶν
2544 4289 2875 4358 δυνάμεων,
2907 4302 3035 4346 κιτ.
3071 4288 3117 4339 ἐ.
3151 4284 3418 4368 Πύλαςδὲ
3447 4283 3595 4351 λέγει
3623 4283 3736 4350 (86)

2155 4383 2254 4446 τὰς
2268 4381 2486 4451 ἀρετάςο
2514 4399 2531 4432 ι
2554 4381 2824 4447 ’Λνοίξατε
2845 4380 2951 4451 γάρ
2971 4396 3082 4450 μοι,
3100 4378 3254 4446 φησι,
3269 4375 3440 4438 πύλας
3462 4374 3736 4428 δικαιοσύ-

477 4464 566 4510 tur
587 4466 776 4525 portae,
803 4457 883 4513 sic
899 4469 950 4512 et
976 4462 1368 4530 temperantiae,
1388 4472 1442 4518 et
1468 4463 1821 4530 fortitudinis,
1841 4476 1894 4520 et
1923 4469 2049 4522 cha-

2161 4492 2277 4546 νης.
2293 4494 2310 4526 ι
2331 4474 2418 4538 Ὡς
2439 4473 2494 4526 δὲ
2517 4471 2864 4542 δικαιοσύνης
2888 4468 3190 4536 ἀνοίγονται
3216 4465 3401 4528 πύλαι,
3433 4465 3606 4528 οὓτως
3639 4466 3738 4519 καὶ

480 4551 680 4615 ritatis,
736 4561 793 4607 et
849 4552 1286 4621 longanimitatis
1325 4564 1494 4623 portae
1556 4569 1900 4625 reserantur,
1957 4575 2054 4629 per

476 4655 614 4706 quas
688 4642 784 4698 Dei
855 4645 1095 4713 cognitio
1161 4645 1491 4715 ingreditur,
1549 4647 1659 4702 Deo
1711 4647 1861 4702 velut
1918 4650 2060 4704 duce

479 4745 780 4802 praeeunte,
808 4751 873 4792 ac
901 4737 1143 4794 solvente
1169 4739 1564 4808 captivitatem,
1585 4740 1932 4811 victoresque
1960 4743 2058 4795 de-

480 4826 725 4882 clarante
755 4842 850 4882 eos
872 4828 962 4898 qui
997 4839 1154 4884 erant
1182 4830 1400 4900 captivi.
1438 4830 1503 4884 Et
1528 4831 1696 4901 628
1719 4831 2060 4887 introeuntes

483 4915 535 4965 in
569 4912 846 4970 civitatem
882 4915 1227 4985 splendidam
1278 4918 1346 4972 ad
1379 4928 1705 4988 tropaeorum
1741 4920 2058 4976 manifesta-

482 5005 681 5060 tionem
713 5007 815 5062 hoc
837 5006 1033 5075 iubent
1061 5009 1240 5079 p0puli
1265 5025 1280 5062 :
1302 5027 1320 5061 ι
1344 5009 1588 5065 Attollite
1619 5018 1826 5080 portas,
1856 5012 2059 5082 princi-

482 5112 600 5166 pes,
640 5111 872 5156 vestras.
902 5119 922 5152 ι

2153 4564 2505 4637 σωφροσύνης
2552 4565 2646 4617 καὶ
2695 4562 2944 4634 ἀνδρείας
2989 4560 3082 4613 καὶ
3119 4557 3340 4626 ἀγάπης
3385 4555 3479 4607 καὶ
3528 4573 3740 4631 μακρο-

2153 4655 2390 4725 θυμίας,
2431 4655 2499 4709 δι’
2546 4649 2621 4707 ὧν
2660 4649 3004 4723 εἰσέρχεσθαι
3053 4647 3266 4721 πέφυκε
3319 4650 3519 4718 γνῶσις
3577 4649 3737 4717 Θεοῦ,

2154 4742 2354 4796 ὡσανεὶ
2376 4741 2510 4795 Θεοῦ
2543 4739 2954 4812 προηγουμένου
2983 4739 3184 4805 αὐτῶν,
3217 4739 3476 4802 λύσαντος
3517 4739 3615 4809 μὲν
3637 4741 3741 4811 τὴν

2157 4833 2552 4904 αἰχμαλωσίαν,
2601 4830 2829 4902 νικητὰς
2872 4829 2929 4882 δὲ
2963 4830 3341 4900 ἀποφήναντος
3373 4829 3498 4890 τοὺς
3532 4829 3738 4898 αἰχμα-

2164 4924 2387 4988 λώτους.
2431 4924 2541 4976 Καὶ
2585 4923 2842 4986 εἰσιόντες
2901 4923 2981 4986 εἰς
3027 4921 3178 4974 πόλιν
3221 4919 3483 4991 λαμπρὰν
3527 4920 3621 4972 ἐπὶ
3671 4924 3736 4990 τῇ

2164 5016 2440 5088 τροπαίων
2480 5014 2735 5078 ἐπιδείξει
2767 5013 3144 5082 ἐγκελεύονται
3183 5016 3232 5068 οἱ
3262 5013 3455 5084 δῆμοι·
3490 5032 3509 5064 ι
3536 5013 3735 5084 Ἀρατε

2166 5107 2359 5172 πύλας,
2387 5107 2437 5160 ot
2469 5106 2749 5178 ἄρχοντες,
2778 5105 2950 5177 ὑμῶν.
2976 5125 2996 5158 ι

551 5216 598 5248 ⁸⁸
629 5216 799 5271 Exod.
842 5231 1036 5278 χχχιιι,
1065 5213 1154 5269 20.
1194 5215 1238 5247 ⁸⁷
1265 5214 1454 5272 Matth.
1494 5231 1649 5282 xvnt,
1688 5214 1772 5270 l0.
1850 5215 1895 5247 ⁸⁸
1921 5214 2061 5270 Psal.
2087 5218 2349 5284 cxvu,l9.

553 5354 665 5424 (8|)
703 5353 860 5420 Πρὸς
890 5351 1004 5420 τὴν
1046 5351 1358 5420 ἐρώτησιν,
1412 5363 1518 5410 etc.
1569 5353 1861 5408 Corderius
1896 5355 2058 5410 habet

485 5435 737 5503 tanquam
771 5426 957 5476 incerti
986 5426 1253 5488 auctoris,
1284 5425 1401 5478 alia:
1453 5438 1581 5480 vero
1604 5436 1808 5480 catenae
1833 5425 2056 5496 Origeni

486 5495 917 5629 missilibus“
943 5563 1148 5630 ἀνέϐη,
1183 5571 1289 5617 etc.
1322 5563 1546 5620 Seltcdaa
1593 5564 1775 5619 Crahii
1799 5606 1813 5630 ,
1859 5563 2062 5620 Barba-

487 5647 671 5767 Γυῗίίὂ)
701 5699 865 5753 Ἀλλ’
886 5701 1018 5754 ἐπεί
1044 5719 1223 5766 τινες,
1244 5712 1349 5757 etc.
1382 5703 1606 5762 Schcda:
1630 5703 1836 5757 Grabii.

558 5770 670 5839 (8t)
703 5770 868 5824 Ἀλλ’
897 5771 1093 5840 οὐδεὶς
1140 5773 1350 5841 ζητῶν,
1395 5783 1500 5834 etc.
1545 5774 1722 5831 Codex
1769 5774 2054 5831 Baroccia-

2168 5373 2287 5411 nus.
2317 5356 2468 5426 Apud
2499 5355 2820 5410 Corderium
2846 5367 2975 5408 vero
2999 5362 3055 5406 et
3089 5351 3141 5404 in
3170 5352 3358 5405 codice
3389 5348 3500 5402 Rue
3525 5349 3743 5419 paucio-

2165 5429 2318 5481 ribus
2339 5428 2523 5481 verbis
2549 5427 2836 5479 habentur.

2233 5498 2346 5568 (85)
2375 5500 2444 5552 Εὶ
2494 5496 2762 5566 ἀγγέλων
2806 5493 2940 5568 ἐστὶ
2990 5489 3359 5568 τιὸ-βλέπειν,
3402 5496 3509 5544 etc.
3557 5488 3739 5542 Codex

2174 5563 2559 5630 COislinianus,
2582 5563 2632 5618 et
2662 5565 2876 5618 schcdw
2903 5563 3112 5616 Grabii.

2242 5638 2354 5708 (86)
2381 5628 2588 5708 Πύλας
2612 5635 2680 5688 δὲ
2703 5634 2887 5704 λέγει,
2918 5642 3022 5708 etc.
3051 5631 3233 5708 (iudex
3274 5628 3657 5695 Coislinianus,
3688 5637 3748 5680 et

2168 5703 2382 5764 schcda:
2405 5707 2616 5773 Grabii,
2643 5703 2948 5776 partimque
2973 5703 3264 5757 Barbarus.
