  <div class='ocr_page' id='page_1' title='image "/cluster/home/n/w/nwhite01/storage/ocr_20150623/12:no.2/coo.31924054873074/648.png"; bbox 0 0 4100 6428; ppageno 0'>
   <div class='ocr_carea' id='block_1_1' title="bbox 384 326 525 380">
    <p class='ocr_par' dir='ltr' id='par_1_1' title="bbox 384 326 525 380">
     <span class='ocr_line' id='line_1_1' title="bbox 384 326 525 380; baseline 0 0"><span class='ocrx_word' id='word_1_1' title='bbox 384 326 412 380; x_wconf 72' lang='grc'><strong>1</strong></span> <span class='ocrx_word' id='word_1_2' title='bbox 424 326 525 380; x_wconf 71' lang='lat'><strong>269</strong></span> 
     </span>
    </p>
   </div>
   <div class='ocr_carea' id='block_1_2' title="bbox 1357 312 2717 373">
    <p class='ocr_par' dir='ltr' id='par_1_2' title="bbox 1357 312 2717 373">
     <span class='ocr_line' id='line_1_2' title="bbox 1357 312 2717 373; baseline -0.004 -1"><span class='ocrx_word' id='word_1_3' title='bbox 1357 316 1667 373; x_wconf 76' lang='lat' dir='ltr'><strong>SELECTA</strong></span> <span class='ocrx_word' id='word_1_4' title='bbox 1706 314 1773 371; x_wconf 86' lang='lat' dir='ltr'><strong>IN</strong></span> <span class='ocrx_word' id='word_1_5' title='bbox 1808 314 2146 372; x_wconf 70' lang='lat' dir='ltr'><strong>PSALMOS.</strong></span> <span class='ocrx_word' id='word_1_6' title='bbox 2183 345 2251 358; x_wconf 90' lang='lat'><strong>-—-</strong></span> <span class='ocrx_word' id='word_1_7' title='bbox 2290 314 2485 369; x_wconf 74' lang='lat' dir='ltr'><strong>PSAL.</strong></span> <span class='ocrx_word' id='word_1_8' title='bbox 2527 312 2717 370; x_wconf 77' lang='lat' dir='ltr'><strong>XXIV.</strong></span> 
     </span>
    </p>
   </div>
   <div class='ocr_carea' id='block_1_3' title="bbox 3512 309 3655 361">
    <p class='ocr_par' dir='ltr' id='par_1_3' title="bbox 3512 309 3655 361">
     <span class='ocr_line' id='line_1_3' title="bbox 3512 309 3655 361; baseline 0.007 -1"><span class='ocrx_word' id='word_1_9' title='bbox 3512 309 3655 361; x_wconf 68' lang='grc'><strong>1270</strong></span> 
     </span>
    </p>
   </div>
   <div class='ocr_carea' id='block_1_4' title="bbox 462 423 1967 499">
    <p class='ocr_par' dir='ltr' id='par_1_4' title="bbox 462 430 1966 497">
     <span class='ocr_line' id='line_1_4' title="bbox 462 430 1966 497; baseline -0.008 -3"><span class='ocrx_word' id='word_1_10' title='bbox 462 439 570 494; x_wconf 83' lang='grc' dir='ltr'><strong>Τοῦ</strong></span> <span class='ocrx_word' id='word_1_11' title='bbox 607 436 814 493; x_wconf 82' lang='grc' dir='ltr'>αὑτοῦ.</span> <span class='ocrx_word' id='word_1_12' title='bbox 846 435 960 490; x_wconf 81' lang='grc' dir='ltr'>Οὐκ</span> <span class='ocrx_word' id='word_1_13' title='bbox 998 431 1150 486; x_wconf 76' lang='grc' dir='ltr'>εἶπεν</span> <span class='ocrx_word' id='word_1_14' title='bbox 1180 432 1313 496; x_wconf 87' lang='grc'>(87),</span> <span class='ocrx_word' id='word_1_15' title='bbox 1364 432 1635 497; x_wconf 77' lang='grc' dir='ltr'>’Λνοίξατε</span> <span class='ocrx_word' id='word_1_16' title='bbox 1664 431 1764 494; x_wconf 80' lang='grc' dir='ltr'>τὰς</span> <span class='ocrx_word' id='word_1_17' title='bbox 1793 430 1966 493; x_wconf 72' lang='grc' dir='ltr'>πύλας</span> 
     </span>
    </p>
   </div>
   <div class='ocr_carea' id='block_1_5' title="bbox 2070 423 3648 499">
    <p class='ocr_par' dir='ltr' id='par_1_5' title="bbox 2142 423 3648 499">
     <span class='ocr_line' id='line_1_5' title="bbox 2142 423 3648 499; baseline -0.003 -18"><span class='ocrx_word' id='word_1_18' title='bbox 2142 427 2418 499; x_wconf 76' lang='lat' dir='ltr'><strong>Ejusdem.</strong></span> <span class='ocrx_word' id='word_1_19' title='bbox 2448 429 2561 483; x_wconf 87' lang='lat' dir='ltr'><strong>Non</strong></span> <span class='ocrx_word' id='word_1_20' title='bbox 2597 427 2753 491; x_wconf 71' lang='lat' dir='ltr'><strong>dixit,</strong></span> <span class='ocrx_word' id='word_1_21' title='bbox 2783 423 3007 494; x_wconf 77' lang='lat' dir='ltr'><strong>Aperite</strong></span> <span class='ocrx_word' id='word_1_22' title='bbox 3054 430 3238 492; x_wconf 85' lang='lat' dir='ltr'><strong>portas</strong></span> <span class='ocrx_word' id='word_1_23' title='bbox 3283 423 3479 492; x_wconf 84' lang='lat' dir='ltr'><strong>quibus</strong></span> <span class='ocrx_word' id='word_1_24' title='bbox 3509 440 3648 492; x_wconf 41' lang='lat' dir='ltr'><strong>prter-</strong></span> 
     </span>
    </p>
   </div>
   <div class='ocr_carea' id='block_1_6' title="bbox 383 520 1965 602">
    <p class='ocr_par' dir='ltr' id='par_1_6' title="bbox 383 520 1965 602">
     <span class='ocr_line' id='line_1_6' title="bbox 383 520 1965 602; baseline -0.009 -17"><span class='ocrx_word' id='word_1_25' title='bbox 383 528 459 586; x_wconf 82' lang='grc' dir='ltr'>ὧν</span> <span class='ocrx_word' id='word_1_26' title='bbox 480 530 699 602; x_wconf 85' lang='grc' dir='ltr'>ἡγεῖσθε</span> <span class='ocrx_word' id='word_1_27' title='bbox 719 530 811 583; x_wconf 74' lang='grc' dir='ltr'><strong>καὶ</strong></span> <span class='ocrx_word' id='word_1_28' title='bbox 838 526 1134 596; x_wconf 83' lang='grc' dir='ltr'>τυγχάνετε</span> <span class='ocrx_word' id='word_1_29' title='bbox 1164 523 1421 592; x_wconf 83' lang='grc' dir='ltr'>φύλακες,</span> <span class='ocrx_word' id='word_1_30' title='bbox 1450 523 1564 576; x_wconf 75' lang='grc' dir='ltr'>ἀλλ’</span> <span class='ocrx_word' id='word_1_31' title='bbox 1595 542 1611 571; x_wconf 77' lang='grc' dir='ltr'><strong>ι</strong></span> <span class='ocrx_word' id='word_1_32' title='bbox 1637 523 1804 593; x_wconf 85' lang='grc' dir='ltr'>ἄρατε</span> <span class='ocrx_word' id='word_1_33' title='bbox 1821 539 1833 550; x_wconf 95' lang='grc'><strong>·</strong></span> <span class='ocrx_word' id='word_1_34' title='bbox 1851 540 1867 571; x_wconf 72' lang='grc' dir='ltr'><strong>ι</strong></span> <span class='ocrx_word' id='word_1_35' title='bbox 1890 520 1965 583; x_wconf 84' lang='grc' dir='ltr'>ὡς</span> 
     </span>
    </p>
   </div>
   <div class='ocr_carea' id='block_1_7' title="bbox 384 613 1964 695">
    <p class='ocr_par' dir='ltr' id='par_1_7' title="bbox 384 613 1964 695">
     <span class='ocr_line' id='line_1_7' title="bbox 384 613 1964 695; baseline -0.009 -18"><span class='ocrx_word' id='word_1_36' title='bbox 384 625 495 695; x_wconf 76' lang='grc' dir='ltr'><strong>γὰρ</strong></span> <span class='ocrx_word' id='word_1_37' title='bbox 528 620 729 675; x_wconf 88' lang='grc' dir='ltr'>κατιὼν</span> <span class='ocrx_word' id='word_1_38' title='bbox 774 619 960 681; x_wconf 81' lang='grc' dir='ltr'>κλίνας</span> <span class='ocrx_word' id='word_1_39' title='bbox 1006 617 1289 688; x_wconf 74' lang='grc' dir='ltr'>οὐρανοὺς,</span> <span class='ocrx_word' id='word_1_40' title='bbox 1319 616 1418 668; x_wconf 77' lang='grc' dir='ltr'><strong>οὐκ</strong></span> <span class='ocrx_word' id='word_1_41' title='bbox 1466 614 1684 677; x_wconf 80' lang='grc' dir='ltr'>ἀνοίξας</span> <span class='ocrx_word' id='word_1_42' title='bbox 1730 613 1964 682; x_wconf 88' lang='grc' dir='ltr'>κατέϐη,</span> 
     </span>
    </p>
   </div>
   <div class='ocr_carea' id='block_1_8' title="bbox 384 704 1966 783">
    <p class='ocr_par' dir='ltr' id='par_1_8' title="bbox 384 704 1966 783">
     <span class='ocr_line' id='line_1_8' title="bbox 384 704 1966 783; baseline -0.008 -14"><span class='ocrx_word' id='word_1_43' title='bbox 384 716 475 769; x_wconf 87' lang='grc' dir='ltr'><strong>τδν</strong></span> <span class='ocrx_word' id='word_1_44' title='bbox 511 715 673 769; x_wconf 84' lang='grc' dir='ltr'>αὐτὸν</span> <span class='ocrx_word' id='word_1_45' title='bbox 707 712 907 783; x_wconf 82' lang='grc' dir='ltr'><strong>τρόπον</strong></span> <span class='ocrx_word' id='word_1_46' title='bbox 938 708 1299 781; x_wconf 74' lang='grc' dir='ltr'><strong>ἀναληφθεὶς,</strong></span> <span class='ocrx_word' id='word_1_47' title='bbox 1340 708 1440 760; x_wconf 87' lang='grc' dir='ltr'><strong>ούκ</strong></span> <span class='ocrx_word' id='word_1_48' title='bbox 1478 704 1827 777; x_wconf 75' lang='grc' dir='ltr'><strong>ἀνοιχθεισῶν</strong></span> <span class='ocrx_word' id='word_1_49' title='bbox 1858 704 1966 757; x_wconf 85' lang='grc' dir='ltr'><strong>τῶν</strong></span> 
     </span>
    </p>
   </div>
   <div class='ocr_carea' id='block_1_9' title="bbox 386 801 1397 875">
    <p class='ocr_par' dir='ltr' id='par_1_9' title="bbox 386 801 1397 875">
     <span class='ocr_line' id='line_1_9' title="bbox 386 801 1397 875; baseline -0.008 -14"><span class='ocrx_word' id='word_1_50' title='bbox 386 806 572 861; x_wconf 83' lang='grc' dir='ltr'>πυλῶν</span> <span class='ocrx_word' id='word_1_51' title='bbox 604 804 869 875; x_wconf 81' lang='grc' dir='ltr'>είσῆλθεν,</span> <span class='ocrx_word' id='word_1_52' title='bbox 900 803 1014 856; x_wconf 81' lang='grc' dir='ltr'>ἀλλ’</span> <span class='ocrx_word' id='word_1_53' title='bbox 1038 801 1397 872; x_wconf 77' lang='grc' dir='ltr'>αἱρουμένων.</span> 
     </span>
    </p>
   </div>
   <div class='ocr_carea' id='block_1_10' title="bbox 458 888 1967 962">
    <p class='ocr_par' dir='ltr' id='par_1_10' title="bbox 458 888 1967 962">
     <span class='ocr_line' id='line_1_10' title="bbox 458 888 1967 962; baseline -0.007 -11"><span class='ocrx_word' id='word_1_54' title='bbox 458 898 564 951; x_wconf 87' lang='grc' dir='ltr'>Τοῦ</span> <span class='ocrx_word' id='word_1_55' title='bbox 608 896 793 950; x_wconf 79' lang='grc' dir='ltr'>αὑτοῦ.</span> <span class='ocrx_word' id='word_1_56' title='bbox 834 895 945 948; x_wconf 81' lang='grc' dir='ltr'><strong>Καὶ</strong></span> <span class='ocrx_word' id='word_1_57' title='bbox 991 893 1307 962; x_wconf 81' lang='grc' dir='ltr'>ἐπάρθητε,</span> <span class='ocrx_word' id='word_1_58' title='bbox 1359 892 1545 944; x_wconf 73' lang='grc' dir='ltr'>πύλαι</span> <span class='ocrx_word' id='word_1_59' title='bbox 1587 889 1829 943; x_wconf 76' lang='grc' dir='ltr'>αἱώνιοι.</span> <span class='ocrx_word' id='word_1_60' title='bbox 1878 888 1967 952; x_wconf 76' lang='grc' dir='ltr'>Ὠς</span> 
     </span>
    </p>
   </div>
   <div class='ocr_carea' id='block_1_11' title="bbox 308 981 1960 1059">
    <p class='ocr_par' dir='ltr' id='par_1_11' title="bbox 308 981 1960 1059">
     <span class='ocr_line' id='line_1_11' title="bbox 308 981 1960 1059; baseline -0.007 -15"><span class='ocrx_word' id='word_1_61' title='bbox 308 1014 311 1015; x_wconf 49' lang='grc' dir='ltr'><strong>ν</strong></span> <span class='ocrx_word' id='word_1_62' title='bbox 384 992 630 1059; x_wconf 85' lang='grc' dir='ltr'>λογικαῖς</span> <span class='ocrx_word' id='word_1_63' title='bbox 679 986 790 1058; x_wconf 84' lang='grc'>(88)</span> <span class='ocrx_word' id='word_1_64' title='bbox 841 987 898 1039; x_wconf 81' lang='grc' dir='ltr'>δὲ</span> <span class='ocrx_word' id='word_1_65' title='bbox 944 985 1168 1049; x_wconf 84' lang='grc' dir='ltr'>ταύταις</span> <span class='ocrx_word' id='word_1_66' title='bbox 1224 985 1358 1054; x_wconf 72' lang='grc' dir='ltr'>φησὶ</span> <span class='ocrx_word' id='word_1_67' title='bbox 1404 983 1496 1047; x_wconf 86' lang='grc' dir='ltr'><strong>τὸ,</strong></span> <span class='ocrx_word' id='word_1_68' title='bbox 1538 1000 1555 1032; x_wconf 78' lang='grc' dir='ltr'><strong>ι</strong></span> <span class='ocrx_word' id='word_1_69' title='bbox 1595 981 1902 1052; x_wconf 80' lang='grc' dir='ltr'>ὲπάρθητε·</span> <span class='ocrx_word' id='word_1_70' title='bbox 1941 1000 1960 1033; x_wconf 72' lang='grc' dir='ltr'><strong>ι</strong></span> 
     </span>
    </p>
   </div>
   <div class='ocr_carea' id='block_1_12' title="bbox 386 1072 1968 1152">
    <p class='ocr_par' dir='ltr' id='par_1_12' title="bbox 386 1072 1968 1152">
     <span class='ocr_line' id='line_1_12' title="bbox 386 1072 1968 1152; baseline -0.006 -17"><span class='ocrx_word' id='word_1_71' title='bbox 386 1080 754 1152; x_wconf 68' lang='grc' dir='ltr'>πνευματικά).</span> <span class='ocrx_word' id='word_1_72' title='bbox 778 1078 837 1133; x_wconf 92' lang='grc' dir='ltr'><strong>δέ</strong></span> <span class='ocrx_word' id='word_1_73' title='bbox 868 1079 996 1144; x_wconf 82' lang='grc' dir='ltr'>εἰσι,</span> <span class='ocrx_word' id='word_1_74' title='bbox 1030 1077 1123 1131; x_wconf 69' lang='grc' dir='ltr'><strong>κα)⁹</strong></span> <span class='ocrx_word' id='word_1_75' title='bbox 1145 1078 1205 1130; x_wconf 85' lang='grc' dir='ltr'><strong>ού</strong></span> <span class='ocrx_word' id='word_1_76' title='bbox 1238 1075 1565 1148; x_wconf 84' lang='grc' dir='ltr'>πρόσκαιροι</span> <span class='ocrx_word' id='word_1_77' title='bbox 1596 1072 1686 1128; x_wconf 84' lang='grc' dir='ltr'>διὰ</span> <span class='ocrx_word' id='word_1_78' title='bbox 1713 1073 1774 1127; x_wconf 81' lang='grc' dir='ltr'><strong>τὸ</strong></span> <span class='ocrx_word' id='word_1_79' title='bbox 1807 1073 1968 1128; x_wconf 80' lang='grc' dir='ltr'>ἄῦλον</span> 
     </span>
    </p>
   </div>
   <div class='ocr_carea' id='block_1_13' title="bbox 385 1171 808 1241">
    <p class='ocr_par' dir='ltr' id='par_1_13' title="bbox 385 1171 808 1241">
     <span class='ocr_line' id='line_1_13' title="bbox 385 1171 808 1241; baseline -0.007 -17"><span class='ocrx_word' id='word_1_80' title='bbox 385 1172 482 1224; x_wconf 79' lang='grc' dir='ltr'><strong>καὶ</strong></span> <span class='ocrx_word' id='word_1_81' title='bbox 510 1171 808 1241; x_wconf 84' lang='grc' dir='ltr'>ἀκήρατον.</span> 
     </span>
    </p>
   </div>
   <div class='ocr_carea' id='block_1_14' title="bbox 457 1348 1970 1423">
    <p class='ocr_par' dir='ltr' id='par_1_14' title="bbox 457 1348 1970 1423">
     <span class='ocr_line' id='line_1_14' title="bbox 457 1348 1970 1423; baseline -0.004 -16"><span class='ocrx_word' id='word_1_82' title='bbox 457 1353 673 1421; x_wconf 83' lang='grc' dir='ltr'>Κύριος</span> <span class='ocrx_word' id='word_1_83' title='bbox 693 1353 971 1423; x_wconf 81' lang='grc' dir='ltr'>κραταιὸς</span> <span class='ocrx_word' id='word_1_84' title='bbox 988 1354 1085 1407; x_wconf 75' lang='grc' dir='ltr'>καὶ</span> <span class='ocrx_word' id='word_1_85' title='bbox 1105 1350 1381 1418; x_wconf 74' lang='grc' dir='ltr'>δυνατὸς,</span> <span class='ocrx_word' id='word_1_86' title='bbox 1399 1352 1613 1419; x_wconf 83' lang='grc' dir='ltr'>Κύριος</span> <span class='ocrx_word' id='word_1_87' title='bbox 1630 1348 1970 1413; x_wconf 80' lang='grc' dir='ltr'><strong>δυνατὸςέν</strong></span> 
     </span>
    </p>
   </div>
   <div class='ocr_carea' id='block_1_15' title="bbox 388 1442 1965 1516">
    <p class='ocr_par' dir='ltr' id='par_1_15' title="bbox 388 1442 1965 1516">
     <span class='ocr_line' id='line_1_15' title="bbox 388 1442 1965 1516; baseline -0.001 -19"><span class='ocrx_word' id='word_1_88' title='bbox 388 1444 651 1514; x_wconf 81' lang='grc' dir='ltr'>πολέμῳ,</span> <span class='ocrx_word' id='word_1_89' title='bbox 682 1462 736 1500; x_wconf 88' lang='grc' dir='ltr'><strong>κ.</strong></span> <span class='ocrx_word' id='word_1_90' title='bbox 769 1464 819 1499; x_wconf 87' lang='grc' dir='ltr'><strong>τ.</strong></span> <span class='ocrx_word' id='word_1_91' title='bbox 849 1446 895 1500; x_wconf 81' lang='grc' dir='ltr'>ὲ.</span> <span class='ocrx_word' id='word_1_92' title='bbox 934 1464 951 1497; x_wconf 84' lang='grc' dir='ltr'><strong>ι</strong></span> <span class='ocrx_word' id='word_1_93' title='bbox 983 1445 1265 1516; x_wconf 81' lang='grc' dir='ltr'>Θαρσεῖτε,</span> <span class='ocrx_word' id='word_1_94' title='bbox 1295 1463 1312 1495; x_wconf 76' lang='grc' dir='ltr'><strong>ι</strong></span> <span class='ocrx_word' id='word_1_95' title='bbox 1351 1445 1516 1515; x_wconf 62' lang='grc' dir='ltr'>φησὶν</span> <span class='ocrx_word' id='word_1_96' title='bbox 1548 1442 1657 1515; x_wconf 66' lang='grc'><strong>(89)</strong></span> <span class='ocrx_word' id='word_1_97' title='bbox 1689 1446 1717 1497; x_wconf 86' lang='grc' dir='ltr'><strong>ό</strong></span> <span class='ocrx_word' id='word_1_98' title='bbox 1753 1442 1965 1512; x_wconf 83' lang='grc' dir='ltr'>Σωτὴρ,</span> 
     </span>
    </p>
   </div>
   <div class='ocr_carea' id='block_1_16' title="bbox 394 1533 1964 1608">
    <p class='ocr_par' dir='ltr' id='par_1_16' title="bbox 394 1533 1964 1608">
     <span class='ocr_line' id='line_1_16' title="bbox 394 1533 1964 1608; baseline -0.002 -20"><span class='ocrx_word' id='word_1_99' title='bbox 394 1557 413 1588; x_wconf 80' lang='grc' dir='ltr'><strong>ι</strong></span> <span class='ocrx_word' id='word_1_100' title='bbox 447 1536 558 1605; x_wconf 75' lang='grc' dir='ltr'><strong>ἐγὼ</strong></span> <span class='ocrx_word' id='word_1_101' title='bbox 608 1537 870 1608; x_wconf 86' lang='grc' dir='ltr'>νενίκηκα</span> <span class='ocrx_word' id='word_1_102' title='bbox 899 1537 989 1590; x_wconf 83' lang='grc' dir='ltr'><strong>τὸν</strong></span> <span class='ocrx_word' id='word_1_103' title='bbox 1024 1537 1255 1608; x_wconf 81' lang='grc' dir='ltr'>κόσμον·</span> <span class='ocrx_word' id='word_1_104' title='bbox 1286 1535 1380 1589; x_wconf 82' lang='grc' dir='ltr'><strong>νῦν</strong></span> <span class='ocrx_word' id='word_1_105' title='bbox 1424 1536 1604 1608; x_wconf 79' lang='grc' dir='ltr'>ἄρχων</span> <span class='ocrx_word' id='word_1_106' title='bbox 1636 1533 1730 1589; x_wconf 78' lang='grc' dir='ltr'><strong>τοῦ</strong></span> <span class='ocrx_word' id='word_1_107' title='bbox 1760 1533 1964 1603; x_wconf 77' lang='grc' dir='ltr'>κόσμου</span> 
     </span>
    </p>
   </div>
   <div class='ocr_carea' id='block_1_17' title="bbox 387 1629 1223 1701">
    <p class='ocr_par' dir='ltr' id='par_1_17' title="bbox 387 1629 1223 1701">
     <span class='ocr_line' id='line_1_17' title="bbox 387 1629 1223 1701; baseline -0.001 -19"><span class='ocrx_word' id='word_1_108' title='bbox 387 1629 578 1682; x_wconf 89' lang='grc' dir='ltr'>τούτου</span> <span class='ocrx_word' id='word_1_109' title='bbox 607 1629 1011 1701; x_wconf 83' lang='grc' dir='ltr'>ὲμϐληθήσεται</span> <span class='ocrx_word' id='word_1_110' title='bbox 1046 1629 1169 1697; x_wconf 76' lang='grc' dir='ltr'>ἔξω.</span> <span class='ocrx_word' id='word_1_111' title='bbox 1204 1648 1223 1681; x_wconf 71' lang='grc' dir='ltr'><strong>ι</strong></span> 
     </span>
    </p>
   </div>
   <div class='ocr_carea' id='block_1_18' title="bbox 454 1712 1967 1789">
    <p class='ocr_par' dir='ltr' id='par_1_18' title="bbox 454 1712 1967 1789">
     <span class='ocr_line' id='line_1_18' title="bbox 454 1712 1967 1789; baseline -0.003 -16"><span class='ocrx_word' id='word_1_112' title='bbox 454 1720 673 1787; x_wconf 83' lang='grc' dir='ltr'>Κύριος</span> <span class='ocrx_word' id='word_1_113' title='bbox 700 1719 1031 1789; x_wconf 75' lang='grc' dir='ltr'><strong>δυνάμεων,</strong></span> <span class='ocrx_word' id='word_1_114' title='bbox 1075 1721 1258 1785; x_wconf 82' lang='grc' dir='ltr'>αὑτός</span> <span class='ocrx_word' id='word_1_115' title='bbox 1298 1718 1431 1772; x_wconf 80' lang='grc' dir='ltr'>ἐστι</span> <span class='ocrx_word' id='word_1_116' title='bbox 1482 1712 1663 1783; x_wconf 82' lang='grc' dir='ltr'>οὗτος</span> <span class='ocrx_word' id='word_1_117' title='bbox 1709 1718 1742 1771; x_wconf 85' lang='grc' dir='ltr'><em>ὁ</em></span> <span class='ocrx_word' id='word_1_118' title='bbox 1784 1715 1967 1780; x_wconf 83' lang='grc' dir='ltr'>,Βασι-</span> 
     </span>
    </p>
   </div>
   <div class='ocr_carea' id='block_1_19' title="bbox 2067 516 3646 590">
    <p class='ocr_par' dir='ltr' id='par_1_19' title="bbox 2067 516 3646 590">
     <span class='ocr_line' id='line_1_19' title="bbox 2067 516 3646 590; baseline -0.004 -15"><span class='ocrx_word' id='word_1_119' title='bbox 2067 524 2197 576; x_wconf 87' lang='lat' dir='ltr'><strong>cstis</strong></span> <span class='ocrx_word' id='word_1_120' title='bbox 2219 532 2271 576; x_wconf 89' lang='lat' dir='ltr'><strong>et</strong></span> <span class='ocrx_word' id='word_1_121' title='bbox 2288 536 2514 590; x_wconf 84' lang='lat' dir='ltr'><strong>quarum</strong></span> <span class='ocrx_word' id='word_1_122' title='bbox 2537 520 2669 575; x_wconf 81' lang='lat' dir='ltr'><strong>eStis</strong></span> <span class='ocrx_word' id='word_1_123' title='bbox 2692 518 2971 582; x_wconf 78' lang='lat' dir='ltr'><strong>custodes,</strong></span> <span class='ocrx_word' id='word_1_124' title='bbox 2988 517 3081 571; x_wconf 88' lang='lat' dir='ltr'><strong>sed</strong></span> <span class='ocrx_word' id='word_1_125' title='bbox 3112 516 3387 570; x_wconf 72' lang='lat' dir='ltr'><strong>«attollite.</strong></span> <span class='ocrx_word' id='word_1_126' title='bbox 3404 534 3422 566; x_wconf 73' lang='grc' dir='ltr'><strong>ο</strong></span> <span class='ocrx_word' id='word_1_127' title='bbox 3444 516 3646 582; x_wconf 77' lang='lat' dir='ltr'><strong>Quent-</strong></span> 
     </span>
    </p>
   </div>
   <div class='ocr_carea' id='block_1_20' title="bbox 2068 607 3646 676">
    <p class='ocr_par' dir='ltr' id='par_1_20' title="bbox 2068 607 3646 676">
     <span class='ocr_line' id='line_1_20' title="bbox 2068 607 3646 676; baseline -0.003 -12"><span class='ocrx_word' id='word_1_128' title='bbox 2068 611 2356 665; x_wconf 80' lang='lat' dir='ltr'><strong>admodum</strong></span> <span class='ocrx_word' id='word_1_129' title='bbox 2406 610 2549 665; x_wconf 89' lang='lat' dir='ltr'><strong>enim</strong></span> <span class='ocrx_word' id='word_1_130' title='bbox 2596 623 2718 663; x_wconf 89' lang='lat' dir='ltr'><strong>cum</strong></span> <span class='ocrx_word' id='word_1_131' title='bbox 2771 607 3086 667; x_wconf 81' lang='lat' dir='ltr'><strong>descendit,</strong></span> <span class='ocrx_word' id='word_1_132' title='bbox 3121 607 3289 660; x_wconf 74' lang='lat' dir='ltr'><strong>cselos</strong></span> <span class='ocrx_word' id='word_1_133' title='bbox 3352 622 3455 659; x_wconf 90' lang='lat' dir='ltr'><strong>non</strong></span> <span class='ocrx_word' id='word_1_134' title='bbox 3517 623 3646 676; x_wconf 84' lang='lat' dir='ltr'><strong>ape-</strong></span> 
     </span>
    </p>
   </div>
   <div class='ocr_carea' id='block_1_21' title="bbox 2069 699 3647 767">
    <p class='ocr_par' dir='ltr' id='par_1_21' title="bbox 2069 699 3647 767">
     <span class='ocr_line' id='line_1_21' title="bbox 2069 699 3647 767; baseline -0.003 -11"><span class='ocrx_word' id='word_1_135' title='bbox 2069 703 2231 767; x_wconf 81' lang='lat' dir='ltr'><strong>riens,</strong></span> <span class='ocrx_word' id='word_1_136' title='bbox 2267 702 2362 757; x_wconf 86' lang='lat' dir='ltr'><strong>sed</strong></span> <span class='ocrx_word' id='word_1_137' title='bbox 2406 701 2678 756; x_wconf 84' lang='lat' dir='ltr'><strong>inclinans</strong></span> <span class='ocrx_word' id='word_1_138' title='bbox 2728 699 3027 764; x_wconf 85' lang='lat' dir='ltr'><strong>descendit,</strong></span> <span class='ocrx_word' id='word_1_139' title='bbox 3061 700 3140 753; x_wconf 91' lang='lat' dir='ltr'><strong>sic</strong></span> <span class='ocrx_word' id='word_1_140' title='bbox 3179 714 3300 752; x_wconf 89' lang='lat' dir='ltr'><strong>cum</strong></span> <span class='ocrx_word' id='word_1_141' title='bbox 3333 708 3647 767; x_wconf 47' lang='lat' dir='ltr'><strong>ausumptns</strong></span> 
     </span>
    </p>
   </div>
   <div class='ocr_carea' id='block_1_22' title="bbox 2080 789 3616 859">
    <p class='ocr_par' dir='ltr' id='par_1_22' title="bbox 2080 789 3616 859">
     <span class='ocr_line' id='line_1_22' title="bbox 2080 789 3616 859; baseline -0.007 -13"><span class='ocrx_word' id='word_1_142' title='bbox 2080 801 2188 856; x_wconf 91' lang='lat' dir='ltr'><strong>est,</strong></span> <span class='ocrx_word' id='word_1_143' title='bbox 2224 807 2328 845; x_wconf 89' lang='lat' dir='ltr'><strong>non</strong></span> <span class='ocrx_word' id='word_1_144' title='bbox 2360 791 2589 859; x_wconf 84' lang='lat' dir='ltr'><strong>apertis,</strong></span> <span class='ocrx_word' id='word_1_145' title='bbox 2620 790 2713 847; x_wconf 86' lang='lat' dir='ltr'><strong>sed</strong></span> <span class='ocrx_word' id='word_1_146' title='bbox 2758 789 2955 844; x_wconf 89' lang='lat' dir='ltr'><strong>ablatis</strong></span> <span class='ocrx_word' id='word_1_147' title='bbox 2990 790 3163 859; x_wconf 88' lang='lat' dir='ltr'><strong>portis</strong></span> <span class='ocrx_word' id='word_1_148' title='bbox 3197 789 3472 857; x_wconf 80' lang='lat' dir='ltr'><strong>ingressus</strong></span> <span class='ocrx_word' id='word_1_149' title='bbox 3504 798 3616 841; x_wconf 69' lang='lat' dir='ltr'><strong>est.</strong></span> 
     </span>
    </p>
   </div>
   <div class='ocr_carea' id='block_1_23' title="bbox 2151 881 3645 950">
    <p class='ocr_par' dir='ltr' id='par_1_23' title="bbox 2151 881 3645 950">
     <span class='ocr_line' id='line_1_23' title="bbox 2151 881 3645 950; baseline -0.002 -14"><span class='ocrx_word' id='word_1_150' title='bbox 2151 882 2424 949; x_wconf 77' lang='lat' dir='ltr'><strong>Ejusdem.</strong></span> <span class='ocrx_word' id='word_1_151' title='bbox 2480 882 2549 936; x_wconf 81' lang='lat' dir='ltr'><strong>Et</strong></span> <span class='ocrx_word' id='word_1_152' title='bbox 2618 881 2919 942; x_wconf 76' lang='lat' dir='ltr'><strong>elevamini,</strong></span> <span class='ocrx_word' id='word_1_153' title='bbox 2979 891 3143 950; x_wconf 73' lang='lat' dir='ltr'><strong>portre</strong></span> <span class='ocrx_word' id='word_1_154' title='bbox 3191 881 3488 945; x_wconf 58' lang='lat' dir='ltr'><strong>a‘tenmles,</strong></span> <span class='ocrx_word' id='word_1_155' title='bbox 3538 888 3645 933; x_wconf 85' lang='lat' dir='ltr'><strong>etc.</strong></span> 
     </span>
    </p>
   </div>
   <div class='ocr_carea' id='block_1_24' title="bbox 2070 972 3646 1042">
    <p class='ocr_par' dir='ltr' id='par_1_24' title="bbox 2070 972 3646 1042">
     <span class='ocr_line' id='line_1_24' title="bbox 2070 972 3646 1042; baseline -0.003 -13"><span class='ocrx_word' id='word_1_156' title='bbox 2070 975 2233 1042; x_wconf 84' lang='lat' dir='ltr'><strong>Quasi</strong></span> <span class='ocrx_word' id='word_1_157' title='bbox 2284 974 2517 1029; x_wconf 84' lang='lat' dir='ltr'><strong>rationis</strong></span> <span class='ocrx_word' id='word_1_158' title='bbox 2544 984 2728 1029; x_wconf 90' lang='lat' dir='ltr'><strong>essent</strong></span> <span class='ocrx_word' id='word_1_159' title='bbox 2760 984 3062 1042; x_wconf 87' lang='lat' dir='ltr'><strong>compotes.</strong></span> <span class='ocrx_word' id='word_1_160' title='bbox 3104 988 3199 1026; x_wconf 85' lang='lat' dir='ltr'><strong>eas</strong></span> <span class='ocrx_word' id='word_1_161' title='bbox 3229 972 3528 1041; x_wconf 88' lang='lat' dir='ltr'><strong>alloquitur</strong></span> <span class='ocrx_word' id='word_1_162' title='bbox 3564 972 3646 1025; x_wconf 77' lang='lat' dir='ltr'><strong>di—</strong></span> 
     </span>
    </p>
   </div>
   <div class='ocr_carea' id='block_1_25' title="bbox 2068 1064 3646 1136">
    <p class='ocr_par' dir='ltr' id='par_1_25' title="bbox 2068 1064 3646 1136">
     <span class='ocr_line' id='line_1_25' title="bbox 2068 1064 3646 1136; baseline -0.006 -13"><span class='ocrx_word' id='word_1_163' title='bbox 2068 1082 2221 1134; x_wconf 86' lang='lat' dir='ltr'><strong>cens,</strong></span> <span class='ocrx_word' id='word_1_164' title='bbox 2269 1085 2288 1118; x_wconf 80' lang='grc' dir='ltr'><strong>ι</strong></span> <span class='ocrx_word' id='word_1_165' title='bbox 2313 1067 2630 1126; x_wconf 85' lang='lat' dir='ltr'><strong>elevamini;</strong></span> <span class='ocrx_word' id='word_1_166' title='bbox 2663 1084 2681 1116; x_wconf 75' lang='grc' dir='ltr'><strong>ι</strong></span> <span class='ocrx_word' id='word_1_167' title='bbox 2714 1066 3031 1136; x_wconf 84' lang='lat' dir='ltr'><strong>spirituales</strong></span> <span class='ocrx_word' id='word_1_168' title='bbox 3079 1064 3223 1118; x_wconf 86' lang='lat' dir='ltr'><strong>enim</strong></span> <span class='ocrx_word' id='word_1_169' title='bbox 3277 1072 3424 1126; x_wconf 81' lang='lat' dir='ltr'><strong>sunt,</strong></span> <span class='ocrx_word' id='word_1_170' title='bbox 3458 1074 3512 1116; x_wconf 90' lang='lat' dir='ltr'><strong>et</strong></span> <span class='ocrx_word' id='word_1_171' title='bbox 3539 1076 3646 1115; x_wconf 90' lang='lat' dir='ltr'><strong>non</strong></span> 
     </span>
    </p>
   </div>
   <div class='ocr_carea' id='block_1_26' title="bbox 2069 1146 3649 1229">
    <p class='ocr_par' dir='ltr' id='par_1_26' title="bbox 2069 1146 3649 1229">
     <span class='ocr_line' id='line_1_26' title="bbox 2069 1146 3649 1229; baseline -0.003 -14"><span class='ocrx_word' id='word_1_172' title='bbox 2069 1171 2454 1229; x_wconf 62' lang='lat' dir='ltr'><strong>temporanete,</strong></span> <span class='ocrx_word' id='word_1_173' title='bbox 2488 1173 2553 1213; x_wconf 93' lang='lat' dir='ltr'><strong>eo</strong></span> <span class='ocrx_word' id='word_1_174' title='bbox 2594 1159 2739 1228; x_wconf 90' lang='lat' dir='ltr'><strong>quod</strong></span> <span class='ocrx_word' id='word_1_175' title='bbox 2777 1146 3023 1214; x_wconf 78' lang='lat' dir='ltr'><strong>materia:</strong></span> <span class='ocrx_word' id='word_1_176' title='bbox 3065 1167 3122 1212; x_wconf 90' lang='lat' dir='ltr'><strong>et</strong></span> <span class='ocrx_word' id='word_1_177' title='bbox 3159 1155 3528 1225; x_wconf 85' lang='lat' dir='ltr'><strong>corruptionis</strong></span> <span class='ocrx_word' id='word_1_178' title='bbox 3551 1171 3649 1211; x_wconf 79' lang='lat' dir='ltr'><strong>ex-</strong></span> 
     </span>
    </p>
   </div>
   <div class='ocr_carea' id='block_1_27' title="bbox 2068 1256 2411 1326">
    <p class='ocr_par' dir='ltr' id='par_1_27' title="bbox 2068 1256 2411 1326">
     <span class='ocr_line' id='line_1_27' title="bbox 2068 1256 2411 1326; baseline -0.006 -16"><span class='ocrx_word' id='word_1_179' title='bbox 2068 1266 2252 1326; x_wconf 87' lang='lat' dir='ltr'><strong>pertes</strong></span> <span class='ocrx_word' id='word_1_180' title='bbox 2283 1256 2411 1308; x_wconf 89' lang='lat' dir='ltr'><strong>sint.</strong></span> 
     </span>
    </p>
   </div>
   <div class='ocr_carea' id='block_1_28' title="bbox 2144 1342 3649 1415">
    <p class='ocr_par' dir='ltr' id='par_1_28' title="bbox 2144 1342 3649 1415">
     <span class='ocr_line' id='line_1_28' title="bbox 2144 1342 3649 1415; baseline -0.005 -12"><span class='ocrx_word' id='word_1_181' title='bbox 2144 1349 2401 1403; x_wconf 78' lang='lat' dir='ltr'><strong>Dominus</strong></span> <span class='ocrx_word' id='word_1_182' title='bbox 2469 1347 2620 1415; x_wconf 78' lang='lat' dir='ltr'><strong>fortis</strong></span> <span class='ocrx_word' id='word_1_183' title='bbox 2688 1356 2737 1400; x_wconf 86' lang='lat' dir='ltr'><strong>et</strong></span> <span class='ocrx_word' id='word_1_184' title='bbox 2788 1353 3006 1413; x_wconf 80' lang='lat' dir='ltr'><strong>potens,</strong></span> <span class='ocrx_word' id='word_1_185' title='bbox 3069 1342 3322 1398; x_wconf 77' lang='lat' dir='ltr'><strong>Dominus</strong></span> <span class='ocrx_word' id='word_1_186' title='bbox 3368 1351 3551 1412; x_wconf 75' lang='lat' dir='ltr'><strong>potens</strong></span> <span class='ocrx_word' id='word_1_187' title='bbox 3594 1342 3649 1397; x_wconf 79' lang='lat' dir='ltr'><strong>in</strong></span> 
     </span>
    </p>
   </div>
   <div class='ocr_carea' id='block_1_29' title="bbox 2067 1436 3652 1510">
    <p class='ocr_par' dir='ltr' id='par_1_29' title="bbox 2067 1436 3652 1510">
     <span class='ocr_line' id='line_1_29' title="bbox 2067 1436 3652 1510; baseline -0.003 -17"><span class='ocrx_word' id='word_1_188' title='bbox 2067 1442 2281 1510; x_wconf 66' lang='lat' dir='ltr'><strong>pra&#39;lia,</strong></span> <span class='ocrx_word' id='word_1_189' title='bbox 2304 1452 2410 1495; x_wconf 86' lang='lat' dir='ltr'><strong>etc.</strong></span> <span class='ocrx_word' id='word_1_190' title='bbox 2464 1458 2480 1490; x_wconf 85' lang='grc' dir='ltr'><strong>ι</strong></span> <span class='ocrx_word' id='word_1_191' title='bbox 2509 1440 2800 1504; x_wconf 85' lang='lat' dir='ltr'><strong>Conlidite,</strong></span> <span class='ocrx_word' id='word_1_192' title='bbox 2829 1458 2849 1491; x_wconf 73' lang='grc' dir='ltr'><strong>ι</strong></span> <span class='ocrx_word' id='word_1_193' title='bbox 2899 1438 3075 1508; x_wconf 83' lang='lat' dir='ltr'><strong>inquit</strong></span> <span class='ocrx_word' id='word_1_194' title='bbox 3133 1436 3384 1490; x_wconf 76' lang='lat' dir='ltr'><strong>Salvator</strong></span> <span class='ocrx_word' id='word_1_195' title='bbox 3405 1436 3471 1500; x_wconf 65' lang='lat'><strong>‘9,</strong></span> <span class='ocrx_word' id='word_1_196' title='bbox 3503 1453 3524 1486; x_wconf 73' lang='grc' dir='ltr'><strong>ιι</strong></span> <span class='ocrx_word' id='word_1_197' title='bbox 3550 1449 3652 1505; x_wconf 83' lang='lat' dir='ltr'><strong>ego</strong></span> 
     </span>
    </p>
   </div>
   <div class='ocr_carea' id='block_1_30' title="bbox 2073 1525 3653 1601">
    <p class='ocr_par' dir='ltr' id='par_1_30' title="bbox 2073 1525 3653 1601">
     <span class='ocr_line' id='line_1_30' title="bbox 2073 1525 3653 1601; baseline -0.004 -16"><span class='ocrx_word' id='word_1_198' title='bbox 2073 1532 2176 1585; x_wconf 85' lang='lat' dir='ltr'><strong>vici</strong></span> <span class='ocrx_word' id='word_1_199' title='bbox 2235 1534 2515 1584; x_wconf 89' lang='lat' dir='ltr'><strong>mundum.</strong></span> <span class='ocrx_word' id='word_1_200' title='bbox 2581 1530 2735 1586; x_wconf 84' lang='lat' dir='ltr'><strong>Nunc</strong></span> <span class='ocrx_word' id='word_1_201' title='bbox 2801 1532 3057 1601; x_wconf 86' lang='lat' dir='ltr'><strong>princeps</strong></span> <span class='ocrx_word' id='word_1_202' title='bbox 3106 1529 3270 1598; x_wconf 88' lang='lat' dir='ltr'><strong>bujns</strong></span> <span class='ocrx_word' id='word_1_203' title='bbox 3323 1529 3508 1583; x_wconf 88' lang='lat' dir='ltr'><strong>mundi</strong></span> <span class='ocrx_word' id='word_1_204' title='bbox 3553 1525 3653 1595; x_wconf 84' lang='lat' dir='ltr'><strong>eji-</strong></span> 
     </span>
    </p>
   </div>
   <div class='ocr_carea' id='block_1_31' title="bbox 2072 1621 2568 1679">
    <p class='ocr_par' dir='ltr' id='par_1_31' title="bbox 2072 1621 2568 1679">
     <span class='ocr_line' id='line_1_31' title="bbox 2072 1621 2568 1679; baseline -0.008 -1"><span class='ocrx_word' id='word_1_205' title='bbox 2072 1624 2247 1679; x_wconf 85' lang='lat' dir='ltr'><strong>cietnr</strong></span> <span class='ocrx_word' id='word_1_206' title='bbox 2282 1623 2426 1675; x_wconf 88' lang='lat' dir='ltr'><strong>loras</strong></span> <span class='ocrx_word' id='word_1_207' title='bbox 2449 1621 2516 1675; x_wconf 73' lang='grc' dir='ltr'><strong>⁸ο.</strong></span> <span class='ocrx_word' id='word_1_208' title='bbox 2549 1640 2568 1674; x_wconf 73' lang='grc' dir='ltr'><strong>ο</strong></span> 
     </span>
    </p>
   </div>
   <div class='ocr_carea' id='block_1_32' title="bbox 2146 1708 3653 1779">
    <p class='ocr_par' dir='ltr' id='par_1_32' title="bbox 2146 1708 3653 1779">
     <span class='ocr_line' id='line_1_32' title="bbox 2146 1708 3653 1779; baseline -0.003 -14"><span class='ocrx_word' id='word_1_209' title='bbox 2146 1711 2307 1766; x_wconf 73' lang='lat' dir='ltr'><strong>Vens.</strong></span> <span class='ocrx_word' id='word_1_210' title='bbox 2363 1711 2449 1764; x_wconf 80' lang='grc'>10.</span> <span class='ocrx_word' id='word_1_211' title='bbox 2502 1710 2762 1764; x_wconf 79' lang='lat' dir='ltr'><strong>Dominus</strong></span> <span class='ocrx_word' id='word_1_212' title='bbox 2820 1710 3073 1764; x_wconf 69' lang='lat' dir='ltr'><strong>virtutum</strong></span> <span class='ocrx_word' id='word_1_213' title='bbox 3133 1712 3241 1779; x_wconf 73' lang='lat' dir='ltr'><strong>ipse</strong></span> <span class='ocrx_word' id='word_1_214' title='bbox 3284 1718 3363 1763; x_wconf 81' lang='lat' dir='ltr'><strong>est</strong></span> <span class='ocrx_word' id='word_1_215' title='bbox 3412 1725 3504 1763; x_wconf 78' lang='lat' dir='ltr'><strong>rea:</strong></span> <span class='ocrx_word' id='word_1_216' title='bbox 3546 1708 3653 1777; x_wconf 82' lang='lat' dir='ltr'><strong>glo-</strong></span> 
     </span>
    </p>
   </div>
   <div class='ocr_carea' id='block_1_33' title="bbox 384 1779 1967 1879">
    <p class='ocr_par' dir='ltr' id='par_1_33' title="bbox 384 1779 1967 1879">
     <span class='ocr_line' id='line_1_33' title="bbox 384 1779 1967 1879; baseline -0.003 -16"><span class='ocrx_word' id='word_1_217' title='bbox 384 1779 674 1877; x_wconf 46' lang='lat' dir='ltr'><strong>Jebc&#39;zﬁc}</strong></span> <span class='ocrx_word' id='word_1_218' title='bbox 700 1779 904 1876; x_wconf 53' lang='grc' dir='ltr'>δόξης,</span> <span class='ocrx_word' id='word_1_219' title='bbox 934 1827 990 1862; x_wconf 85' lang='grc' dir='ltr'><strong>κ.</strong></span> <span class='ocrx_word' id='word_1_220' title='bbox 1090 1810 1136 1862; x_wconf 84' lang='grc' dir='ltr'>ὲ.</span> <span class='ocrx_word' id='word_1_221' title='bbox 1169 1779 1462 1878; x_wconf 74' lang='grc' dir='ltr'>Δύνάμεων</span> <span class='ocrx_word' id='word_1_222' title='bbox 1494 1779 1697 1879; x_wconf 77' lang='grc' dir='ltr'>Κύριον</span> <span class='ocrx_word' id='word_1_223' title='bbox 1729 1806 1840 1875; x_wconf 83' lang='lat'><strong>(90)</strong></span> <span class='ocrx_word' id='word_1_224' title='bbox 1877 1806 1967 1859; x_wconf 86' lang='grc' dir='ltr'>αύ-</span> 
     </span>
    </p>
   </div>
   <div class='ocr_carea' id='block_1_34' title="bbox 2070 1779 3652 1879">
    <p class='ocr_par' dir='ltr' id='par_1_34' title="bbox 2072 1801 3652 1870">
     <span class='ocr_line' id='line_1_34' title="bbox 2072 1801 3652 1870; baseline -0.004 -13"><span class='ocrx_word' id='word_1_225' title='bbox 2072 1802 2187 1867; x_wconf 69' lang='grc' dir='ltr'>νὶαξ,</span> <span class='ocrx_word' id='word_1_226' title='bbox 2223 1815 2331 1858; x_wconf 85' lang='lat' dir='ltr'><strong>etc.</strong></span> <span class='ocrx_word' id='word_1_227' title='bbox 2372 1803 2657 1855; x_wconf 84' lang='lat' dir='ltr'><strong>Dominum</strong></span> <span class='ocrx_word' id='word_1_228' title='bbox 2700 1802 2957 1854; x_wconf 87' lang='lat' dir='ltr'><strong>virtutum</strong></span> <span class='ocrx_word' id='word_1_229' title='bbox 3009 1802 3183 1870; x_wconf 86' lang='lat' dir='ltr'><strong>ipsum</strong></span> <span class='ocrx_word' id='word_1_230' title='bbox 3238 1801 3494 1854; x_wconf 73' lang='lat' dir='ltr'><strong>dixerunt</strong></span> <span class='ocrx_word' id='word_1_231' title='bbox 3532 1809 3652 1851; x_wconf 85' lang='lat' dir='ltr'><strong>tan-</strong></span> 
     </span>
    </p>
   </div>
   <div class='ocr_carea' id='block_1_35' title="bbox 383 1895 1968 1970">
    <p class='ocr_par' dir='ltr' id='par_1_35' title="bbox 383 1895 1968 1970">
     <span class='ocr_line' id='line_1_35' title="bbox 383 1895 1968 1970; baseline -0.001 -20"><span class='ocrx_word' id='word_1_232' title='bbox 383 1897 476 1953; x_wconf 83' lang='grc' dir='ltr'><strong>τὸν</strong></span> <span class='ocrx_word' id='word_1_233' title='bbox 509 1895 663 1953; x_wconf 84' lang='grc' dir='ltr'>εἷπον</span> <span class='ocrx_word' id='word_1_234' title='bbox 692 1898 767 1961; x_wconf 83' lang='grc' dir='ltr'>ὡς</span> <span class='ocrx_word' id='word_1_235' title='bbox 800 1898 1036 1970; x_wconf 83' lang='grc' dir='ltr'>ἄρχοντα</span> <span class='ocrx_word' id='word_1_236' title='bbox 1082 1898 1477 1968; x_wconf 83' lang='grc' dir='ltr'>στρατοπέδων.</span> <span class='ocrx_word' id='word_1_237' title='bbox 1519 1896 1859 1967; x_wconf 84' lang='grc' dir='ltr'>Σημειωτέον</span> <span class='ocrx_word' id='word_1_238' title='bbox 1887 1895 1968 1959; x_wconf 86' lang='grc' dir='ltr'>δὲ,</span> 
     </span>
    </p>
   </div>
   <div class='ocr_carea' id='block_1_36' title="bbox 384 1987 1963 2061">
    <p class='ocr_par' dir='ltr' id='par_1_36' title="bbox 384 1987 1963 2061">
     <span class='ocr_line' id='line_1_36' title="bbox 384 1987 1963 2061; baseline -0.004 -17"><span class='ocrx_word' id='word_1_239' title='bbox 384 1991 465 2045; x_wconf 82' lang='grc' dir='ltr'><strong>ὅτι</strong></span> <span class='ocrx_word' id='word_1_240' title='bbox 492 1992 541 2044; x_wconf 85' lang='lat' dir='ltr'><strong>oi.</strong></span> <span class='ocrx_word' id='word_1_241' title='bbox 567 1991 635 2043; x_wconf 85' lang='grc' dir='ltr'><strong>τά</strong></span> <span class='ocrx_word' id='word_1_242' title='bbox 665 1990 932 2059; x_wconf 85' lang='grc' dir='ltr'>Ἐϐραίων</span> <span class='ocrx_word' id='word_1_243' title='bbox 958 1989 1331 2061; x_wconf 70' lang='grc' dir='ltr'>ήκριϐωκότες</span> <span class='ocrx_word' id='word_1_244' title='bbox 1359 1988 1514 2059; x_wconf 76' lang='grc' dir='ltr'>φασίο</span> <span class='ocrx_word' id='word_1_245' title='bbox 1531 1990 1666 2060; x_wconf 72' lang='grc' dir='ltr'><strong>Τὴν(</strong></span> <span class='ocrx_word' id='word_1_246' title='bbox 1691 1987 1914 2043; x_wconf 75' lang='grc' dir='ltr'>Σαϐαὼθ</span> <span class='ocrx_word' id='word_1_247' title='bbox 1943 2006 1963 2039; x_wconf 70' lang='grc' dir='ltr'><strong>ι</strong></span> 
     </span>
    </p>
   </div>
   <div class='ocr_carea' id='block_1_37' title="bbox 385 2078 1969 2152">
    <p class='ocr_par' dir='ltr' id='par_1_37' title="bbox 385 2078 1969 2152">
     <span class='ocr_line' id='line_1_37' title="bbox 385 2078 1969 2152; baseline -0.001 -19"><span class='ocrx_word' id='word_1_248' title='bbox 385 2081 569 2149; x_wconf 86' lang='grc' dir='ltr'>φωνὴν</span> <span class='ocrx_word' id='word_1_249' title='bbox 596 2083 654 2133; x_wconf 84' lang='grc' dir='ltr'>ὲν</span> <span class='ocrx_word' id='word_1_250' title='bbox 685 2081 765 2151; x_wconf 86' lang='grc' dir='ltr'>τῷ</span> <span class='ocrx_word' id='word_1_251' title='bbox 804 2080 1076 2152; x_wconf 83' lang='grc' dir='ltr'>Ἑϐραῖκῷ</span> <span class='ocrx_word' id='word_1_252' title='bbox 1103 2081 1361 2152; x_wconf 81' lang='grc' dir='ltr'>κειμένην</span> <span class='ocrx_word' id='word_1_253' title='bbox 1395 2083 1475 2144; x_wconf 78' lang='grc' dir='ltr'>εἰς</span> <span class='ocrx_word' id='word_1_254' title='bbox 1510 2079 1757 2142; x_wconf 81' lang='grc' dir='ltr'><strong>Ἑλλάδος</strong></span> <span class='ocrx_word' id='word_1_255' title='bbox 1784 2078 1969 2149; x_wconf 73' lang='grc' dir='ltr'>φωνὴν</span> 
     </span>
    </p>
   </div>
   <div class='ocr_carea' id='block_1_38' title="bbox 382 2170 1967 2243">
    <p class='ocr_par' dir='ltr' id='par_1_38' title="bbox 382 2170 1967 2243">
     <span class='ocr_line' id='line_1_38' title="bbox 382 2170 1967 2243; baseline -0.001 -19"><span class='ocrx_word' id='word_1_256' title='bbox 382 2173 433 2224; x_wconf 87' lang='grc' dir='ltr'>οἱ</span> <span class='ocrx_word' id='word_1_257' title='bbox 468 2170 869 2241; x_wconf 79' lang='grc' dir='ltr'>Ἐϐδομήκοντα</span> <span class='ocrx_word' id='word_1_258' title='bbox 902 2171 1427 2243; x_wconf 87' lang='grc' dir='ltr'>μεταλαμϐάνοντες,</span> <span class='ocrx_word' id='word_1_259' title='bbox 1457 2171 1545 2224; x_wconf 84' lang='grc' dir='ltr'><strong>ὁτὲ</strong></span> <span class='ocrx_word' id='word_1_260' title='bbox 1573 2171 1670 2242; x_wconf 85' lang='grc' dir='ltr'>μὲν</span> <span class='ocrx_word' id='word_1_261' title='bbox 1698 2170 1776 2233; x_wconf 86' lang='grc' dir='ltr'><strong>τὸ,</strong></span> <span class='ocrx_word' id='word_1_262' title='bbox 1816 2190 1833 2221; x_wconf 83' lang='grc' dir='ltr'><strong>ι</strong></span> <span class='ocrx_word' id='word_1_263' title='bbox 1861 2170 1967 2223; x_wconf 84' lang='grc' dir='ltr'>Κύ-</span> 
     </span>
    </p>
   </div>
   <div class='ocr_carea' id='block_1_39' title="bbox 387 2260 1963 2335">
    <p class='ocr_par' dir='ltr' id='par_1_39' title="bbox 387 2260 1963 2335">
     <span class='ocr_line' id='line_1_39' title="bbox 387 2260 1963 2335; baseline 0.002 -23"><span class='ocrx_word' id='word_1_264' title='bbox 387 2278 499 2330; x_wconf 84' lang='grc' dir='ltr'>ριος</span> <span class='ocrx_word' id='word_1_265' title='bbox 526 2260 635 2313; x_wconf 87' lang='grc' dir='ltr'><strong>τῶν</strong></span> <span class='ocrx_word' id='word_1_266' title='bbox 661 2261 966 2332; x_wconf 85' lang='grc' dir='ltr'>δυνάμεων,</span> <span class='ocrx_word' id='word_1_267' title='bbox 992 2283 1009 2314; x_wconf 74' lang='grc' dir='ltr'><strong>ι</strong></span> <span class='ocrx_word' id='word_1_268' title='bbox 1049 2263 1138 2316; x_wconf 82' lang='grc' dir='ltr'>ὁτὲ</span> <span class='ocrx_word' id='word_1_269' title='bbox 1163 2263 1221 2316; x_wconf 81' lang='grc' dir='ltr'><strong>δὲ</strong></span> <span class='ocrx_word' id='word_1_270' title='bbox 1248 2264 1328 2328; x_wconf 82' lang='grc' dir='ltr'><strong>τὸ,</strong></span> <span class='ocrx_word' id='word_1_271' title='bbox 1361 2283 1380 2316; x_wconf 75' lang='grc' dir='ltr'><strong>ι</strong></span> <span class='ocrx_word' id='word_1_272' title='bbox 1414 2262 1621 2335; x_wconf 83' lang='grc' dir='ltr'>Κύριος</span> <span class='ocrx_word' id='word_1_273' title='bbox 1648 2263 1963 2335; x_wconf 73' lang='grc' dir='ltr'>κραταιὸς,›</span> 
     </span>
    </p>
   </div>
   <div class='ocr_carea' id='block_1_40' title="bbox 381 2348 1966 2425">
    <p class='ocr_par' dir='ltr' id='par_1_40' title="bbox 381 2348 1966 2425">
     <span class='ocr_line' id='line_1_40' title="bbox 381 2348 1966 2425; baseline 0.004 -24"><span class='ocrx_word' id='word_1_274' title='bbox 381 2350 470 2401; x_wconf 84' lang='grc' dir='ltr'>ὁτὲ</span> <span class='ocrx_word' id='word_1_275' title='bbox 511 2349 567 2402; x_wconf 89' lang='grc' dir='ltr'>δὲ</span> <span class='ocrx_word' id='word_1_276' title='bbox 611 2348 694 2414; x_wconf 82' lang='grc' dir='ltr'><strong>τὸ,</strong></span> <span class='ocrx_word' id='word_1_277' title='bbox 730 2370 748 2402; x_wconf 81' lang='grc' dir='ltr'><strong>ι</strong></span> <span class='ocrx_word' id='word_1_278' title='bbox 776 2354 1192 2425; x_wconf 79' lang='grc' dir='ltr'>παντοκράτωρ,</span> <span class='ocrx_word' id='word_1_279' title='bbox 1218 2373 1236 2406; x_wconf 71' lang='grc' dir='ltr'><strong>ι</strong></span> <span class='ocrx_word' id='word_1_280' title='bbox 1275 2353 1497 2421; x_wconf 78' lang='grc' dir='ltr'>ἔταξαν.</span> <span class='ocrx_word' id='word_1_281' title='bbox 1537 2354 1776 2423; x_wconf 81' lang='grc' dir='ltr'>Λέγουσι</span> <span class='ocrx_word' id='word_1_282' title='bbox 1815 2353 1966 2422; x_wconf 79' lang='grc' dir='ltr'>γοῦν,</span> 
     </span>
    </p>
   </div>
   <div class='ocr_carea' id='block_1_41' title="bbox 381 2440 1962 2516">
    <p class='ocr_par' dir='ltr' id='par_1_41' title="bbox 381 2440 1962 2516">
     <span class='ocr_line' id='line_1_41' title="bbox 381 2440 1962 2516; baseline 0.003 -24"><span class='ocrx_word' id='word_1_283' title='bbox 381 2440 465 2492; x_wconf 82' lang='grc' dir='ltr'><strong>ὅτι</strong></span> <span class='ocrx_word' id='word_1_284' title='bbox 512 2440 603 2493; x_wconf 72' lang='grc' dir='ltr'><strong>κα)¹</strong></span> <span class='ocrx_word' id='word_1_285' title='bbox 643 2443 701 2494; x_wconf 85' lang='grc' dir='ltr'>ὲν</span> <span class='ocrx_word' id='word_1_286' title='bbox 730 2440 809 2512; x_wconf 84' lang='grc' dir='ltr'>τῷ</span> <span class='ocrx_word' id='word_1_287' title='bbox 835 2442 986 2514; x_wconf 81' lang='grc' dir='ltr'>τόπῳ</span> <span class='ocrx_word' id='word_1_288' title='bbox 1033 2444 1209 2514; x_wconf 86' lang='grc' dir='ltr'>τούτῳ</span> <span class='ocrx_word' id='word_1_289' title='bbox 1240 2445 1469 2516; x_wconf 80' lang='grc' dir='ltr'>κειμένη</span> <span class='ocrx_word' id='word_1_290' title='bbox 1503 2444 1599 2497; x_wconf 78' lang='grc' dir='ltr'>τοῦ</span> <span class='ocrx_word' id='word_1_291' title='bbox 1648 2464 1665 2496; x_wconf 82' lang='grc' dir='ltr'><strong>ι</strong></span> <span class='ocrx_word' id='word_1_292' title='bbox 1697 2443 1922 2499; x_wconf 82' lang='grc' dir='ltr'>Σαϐαὼθ</span> <span class='ocrx_word' id='word_1_293' title='bbox 1944 2464 1962 2496; x_wconf 76' lang='grc' dir='ltr'><strong>ι</strong></span> 
     </span>
    </p>
   </div>
   <div class='ocr_carea' id='block_1_42' title="bbox 383 2532 1975 2609">
    <p class='ocr_par' dir='ltr' id='par_1_42' title="bbox 383 2532 1975 2609">
     <span class='ocr_line' id='line_1_42' title="bbox 383 2532 1975 2609; baseline 0.003 -25"><span class='ocrx_word' id='word_1_294' title='bbox 383 2534 415 2602; x_wconf 79' lang='grc' dir='ltr'>ἡ</span> <span class='ocrx_word' id='word_1_295' title='bbox 453 2532 753 2602; x_wconf 68' lang='grc' dir='ltr'>μετάληψις</span> <span class='ocrx_word' id='word_1_296' title='bbox 786 2534 866 2596; x_wconf 79' lang='grc' dir='ltr'><strong>είς</strong></span> <span class='ocrx_word' id='word_1_297' title='bbox 897 2534 976 2598; x_wconf 85' lang='grc' dir='ltr'><strong>τὸ,</strong></span> <span class='ocrx_word' id='word_1_298' title='bbox 1010 2553 1028 2587; x_wconf 82' lang='grc' dir='ltr'><strong>ι</strong></span> <span class='ocrx_word' id='word_1_299' title='bbox 1051 2535 1255 2607; x_wconf 83' lang='grc' dir='ltr'>Κύριος</span> <span class='ocrx_word' id='word_1_300' title='bbox 1302 2537 1409 2590; x_wconf 78' lang='grc' dir='ltr'><strong>τῶν</strong></span> <span class='ocrx_word' id='word_1_301' title='bbox 1438 2538 1740 2609; x_wconf 88' lang='grc' dir='ltr'>δυνάμεων,</span> <span class='ocrx_word' id='word_1_302' title='bbox 1769 2557 1788 2589; x_wconf 74' lang='grc' dir='ltr'><strong>ι</strong></span> <span class='ocrx_word' id='word_1_303' title='bbox 1824 2538 1975 2607; x_wconf 85' lang='grc' dir='ltr'>γέγο-</span> 
     </span>
    </p>
   </div>
   <div class='ocr_carea' id='block_1_43' title="bbox 383 2624 1971 2701">
    <p class='ocr_par' dir='ltr' id='par_1_43' title="bbox 383 2624 1971 2701">
     <span class='ocr_line' id='line_1_43' title="bbox 383 2624 1971 2701; baseline 0.004 -26"><span class='ocrx_word' id='word_1_304' title='bbox 383 2641 493 2676; x_wconf 80' lang='grc' dir='ltr'>νεν.</span> <span class='ocrx_word' id='word_1_305' title='bbox 545 2625 606 2677; x_wconf 85' lang='grc' dir='ltr'><strong>Εἰ</strong></span> <span class='ocrx_word' id='word_1_306' title='bbox 644 2624 701 2677; x_wconf 86' lang='grc' dir='ltr'>δὲ</span> <span class='ocrx_word' id='word_1_307' title='bbox 750 2624 811 2678; x_wconf 88' lang='grc' dir='ltr'><strong>τὸ</strong></span> <span class='ocrx_word' id='word_1_308' title='bbox 862 2645 880 2677; x_wconf 80' lang='grc' dir='ltr'><strong>ι</strong></span> <span class='ocrx_word' id='word_1_309' title='bbox 909 2625 1136 2679; x_wconf 86' lang='grc' dir='ltr'>Σαϐαὼθ</span> <span class='ocrx_word' id='word_1_310' title='bbox 1173 2647 1192 2680; x_wconf 74' lang='grc' dir='ltr'><strong>ο</strong></span> <span class='ocrx_word' id='word_1_311' title='bbox 1230 2629 1322 2681; x_wconf 71' lang='grc' dir='ltr'>ἐπὶ</span> <span class='ocrx_word' id='word_1_312' title='bbox 1344 2629 1439 2683; x_wconf 82' lang='grc' dir='ltr'>τοῦ</span> <span class='ocrx_word' id='word_1_313' title='bbox 1484 2630 1739 2701; x_wconf 84' lang='grc' dir='ltr'>Σωτῆρος</span> <span class='ocrx_word' id='word_1_314' title='bbox 1771 2632 1971 2695; x_wconf 85' lang='grc' dir='ltr'>κεῖται,</span> 
     </span>
    </p>
   </div>
   <div class='ocr_carea' id='block_1_44' title="bbox 384 2714 1961 2793">
    <p class='ocr_par' dir='ltr' id='par_1_44' title="bbox 384 2714 1961 2793">
     <span class='ocr_line' id='line_1_44' title="bbox 384 2714 1961 2793; baseline 0.005 -27"><span class='ocrx_word' id='word_1_315' title='bbox 384 2714 743 2786; x_wconf 75' lang='grc' dir='ltr'>ἑρμηνεύεται</span> <span class='ocrx_word' id='word_1_316' title='bbox 800 2718 880 2780; x_wconf 85' lang='grc' dir='ltr'>εἰς</span> <span class='ocrx_word' id='word_1_317' title='bbox 938 2717 998 2771; x_wconf 84' lang='grc' dir='ltr'><strong>τὸ</strong></span> <span class='ocrx_word' id='word_1_318' title='bbox 1053 2737 1071 2770; x_wconf 80' lang='grc' dir='ltr'><strong>ι</strong></span> <span class='ocrx_word' id='word_1_319' title='bbox 1101 2720 1560 2793; x_wconf 70' lang='grc' dir='ltr'>παντοκράτωρ.ι</span> <span class='ocrx_word' id='word_1_320' title='bbox 1614 2722 1855 2784; x_wconf 86' lang='grc' dir='ltr'>Εἰκότως</span> <span class='ocrx_word' id='word_1_321' title='bbox 1926 2721 1961 2792; x_wconf 75' lang='grc' dir='ltr'><strong>ἡ</strong></span> 
     </span>
    </p>
   </div>
   <div class='ocr_carea' id='block_1_45' title="bbox 389 2810 1971 2886">
    <p class='ocr_par' dir='ltr' id='par_1_45' title="bbox 389 2810 1971 2886">
     <span class='ocr_line' id='line_1_45' title="bbox 389 2810 1971 2886; baseline 0.004 -28"><span class='ocrx_word' id='word_1_322' title='bbox 389 2827 408 2858; x_wconf 68' lang='grc' dir='ltr'><em>α</em></span> <span class='ocrx_word' id='word_1_323' title='bbox 442 2810 835 2881; x_wconf 84' lang='grc' dir='ltr'>παντοκράτωρ</span> <span class='ocrx_word' id='word_1_324' title='bbox 868 2829 886 2860; x_wconf 72' lang='grc' dir='ltr'><strong>ι</strong></span> <span class='ocrx_word' id='word_1_325' title='bbox 924 2811 1073 2880; x_wconf 73' lang='grc' dir='ltr'>φωνὴ</span> <span class='ocrx_word' id='word_1_326' title='bbox 1120 2812 1213 2865; x_wconf 79' lang='grc' dir='ltr'>τοῦ</span> <span class='ocrx_word' id='word_1_327' title='bbox 1254 2813 1507 2884; x_wconf 82' lang='grc' dir='ltr'>Σωτῆρος</span> <span class='ocrx_word' id='word_1_328' title='bbox 1543 2811 1971 2886; x_wconf 83' lang='grc' dir='ltr'>κατηγορηθείη.</span> 
     </span>
    </p>
   </div>
   <div class='ocr_carea' id='block_1_46' title="bbox 382 2898 1963 2971">
    <p class='ocr_par' dir='ltr' id='par_1_46' title="bbox 382 2898 1963 2971">
     <span class='ocr_line' id='line_1_46' title="bbox 382 2898 1963 2971; baseline 0.005 -22"><span class='ocrx_word' id='word_1_329' title='bbox 382 2898 445 2950; x_wconf 82' lang='grc' dir='ltr'><strong>Εἰ</strong></span> <span class='ocrx_word' id='word_1_330' title='bbox 482 2898 591 2969; x_wconf 87' lang='grc' dir='ltr'><strong>γάρ</strong></span> <span class='ocrx_word' id='word_1_331' title='bbox 633 2916 650 2949; x_wconf 84' lang='grc' dir='ltr'><strong>ι</strong></span> <span class='ocrx_word' id='word_1_332' title='bbox 680 2899 857 2952; x_wconf 88' lang='grc' dir='ltr'>πάντα</span> <span class='ocrx_word' id='word_1_333' title='bbox 896 2899 963 2952; x_wconf 79' lang='grc' dir='ltr'>δι’</span> <span class='ocrx_word' id='word_1_334' title='bbox 1002 2902 1164 2955; x_wconf 80' lang='grc' dir='ltr'>αὑτὸν</span> <span class='ocrx_word' id='word_1_335' title='bbox 1196 2902 1408 2971; x_wconf 89' lang='grc' dir='ltr'>γέγονε,</span> <span class='ocrx_word' id='word_1_336' title='bbox 1432 2922 1449 2954; x_wconf 73' lang='grc' dir='ltr'><strong>ι</strong></span> <span class='ocrx_word' id='word_1_337' title='bbox 1488 2903 1583 2955; x_wconf 78' lang='grc' dir='ltr'>καὶ</span> <span class='ocrx_word' id='word_1_338' title='bbox 1639 2903 1803 2968; x_wconf 83' lang='grc' dir='ltr'>αὐτός</span> <span class='ocrx_word' id='word_1_339' title='bbox 1845 2905 1963 2958; x_wconf 74' lang='grc' dir='ltr'>ἐστι</span> 
     </span>
    </p>
   </div>
   <div class='ocr_carea' id='block_1_47' title="bbox 381 2988 1805 3066">
    <p class='ocr_par' dir='ltr' id='par_1_47' title="bbox 381 2988 1805 3066">
     <span class='ocr_line' id='line_1_47' title="bbox 381 2988 1805 3066; baseline 0.007 -25"><span class='ocrx_word' id='word_1_340' title='bbox 381 2988 490 3060; x_wconf 84' lang='grc' dir='ltr'><strong>πρὸ</strong></span> <span class='ocrx_word' id='word_1_341' title='bbox 523 2990 760 3055; x_wconf 86' lang='grc' dir='ltr'>πάντων,</span> <span class='ocrx_word' id='word_1_342' title='bbox 796 2990 1108 3057; x_wconf 82' lang='grc' dir='ltr'>ἀκολούθως</span> <span class='ocrx_word' id='word_1_343' title='bbox 1138 2995 1537 3066; x_wconf 85' lang='grc' dir='ltr'>παντοκράτωρ</span> <span class='ocrx_word' id='word_1_344' title='bbox 1568 2994 1805 3064; x_wconf 83' lang='grc' dir='ltr'>λέγεται.</span> 
     </span>
    </p>
   </div>
   <div class='ocr_carea' id='block_1_48' title="bbox 942 3168 1402 3225">
    <p class='ocr_par' dir='ltr' id='par_1_48' title="bbox 942 3168 1402 3225">
     <span class='ocr_line' id='line_1_48' title="bbox 942 3168 1402 3225; baseline 0.009 -4"><span class='ocrx_word' id='word_1_345' title='bbox 942 3168 1236 3222; x_wconf 76' lang='grc' dir='ltr'><strong>ΨΛΛΜΟΣ</strong></span> <span class='ocrx_word' id='word_1_346' title='bbox 1277 3171 1402 3225; x_wconf 76' lang='lat' dir='ltr'><strong>KA&#39;.</strong></span> 
     </span>
    </p>
   </div>
   <div class='ocr_carea' id='block_1_49' title="bbox 453 3256 1960 3333">
    <p class='ocr_par' dir='ltr' id='par_1_49' title="bbox 453 3256 1960 3333">
     <span class='ocr_line' id='line_1_49' title="bbox 453 3256 1960 3333; baseline 0.007 -22"><span class='ocrx_word' id='word_1_347' title='bbox 453 3256 974 3325; x_wconf 78' lang='grc' dir='ltr'><strong>Αὶσχυνθήτωσαν</strong></span> <span class='ocrx_word' id='word_1_348' title='bbox 1011 3261 1065 3312; x_wconf 81' lang='lat' dir='ltr'><strong>ul</strong></span> <span class='ocrx_word' id='word_1_349' title='bbox 1096 3261 1465 3330; x_wconf 78' lang='grc' dir='ltr'>ἀνομοῦντες</span> <span class='ocrx_word' id='word_1_350' title='bbox 1493 3261 1796 3333; x_wconf 63' lang='grc' dir='ltr'>διακενῆς,</span> <span class='ocrx_word' id='word_1_351' title='bbox 1826 3282 1882 3321; x_wconf 81' lang='grc' dir='ltr'><strong>κ.</strong></span> <span class='ocrx_word' id='word_1_352' title='bbox 1910 3283 1960 3321; x_wconf 87' lang='grc' dir='ltr'><strong>τ.</strong></span> 
     </span>
    </p>
   </div>
   <div class='ocr_carea' id='block_1_50' title="bbox 385 3348 1966 3427">
    <p class='ocr_par' dir='ltr' id='par_1_50' title="bbox 385 3348 1966 3427">
     <span class='ocr_line' id='line_1_50' title="bbox 385 3348 1966 3427; baseline 0.006 -25"><span class='ocrx_word' id='word_1_353' title='bbox 385 3353 429 3402; x_wconf 71' lang='grc' dir='ltr'>ἒ.</span> <span class='ocrx_word' id='word_1_354' title='bbox 459 3348 615 3399; x_wconf 88' lang='grc' dir='ltr'>Ἔστι</span> <span class='ocrx_word' id='word_1_355' title='bbox 651 3349 746 3402; x_wconf 72' lang='grc' dir='ltr'>καὶ</span> <span class='ocrx_word' id='word_1_356' title='bbox 798 3349 871 3420; x_wconf 83' lang='grc' dir='ltr'>μὴ</span> <span class='ocrx_word' id='word_1_357' title='bbox 914 3350 1166 3422; x_wconf 81' lang='grc' dir='ltr'>διακενῆς</span> <span class='ocrx_word' id='word_1_358' title='bbox 1212 3352 1320 3423; x_wconf 83' lang='grc'><strong>(91)</strong></span> <span class='ocrx_word' id='word_1_359' title='bbox 1360 3354 1659 3425; x_wconf 80' lang='grc' dir='ltr'>άνομῆσαι.</span> <span class='ocrx_word' id='word_1_360' title='bbox 1694 3375 1713 3408; x_wconf 74' lang='grc' dir='ltr'><strong>ι</strong></span> <span class='ocrx_word' id='word_1_361' title='bbox 1758 3358 1966 3427; x_wconf 86' lang='grc' dir='ltr'>Ἐγενό-</span> 
     </span>
    </p>
   </div>
   <div class='ocr_carea' id='block_1_51' title="bbox 385 3440 1963 3519">
    <p class='ocr_par' dir='ltr' id='par_1_51' title="bbox 385 3440 1963 3519">
     <span class='ocr_line' id='line_1_51' title="bbox 385 3440 1963 3519; baseline 0.009 -30"><span class='ocrx_word' id='word_1_362' title='bbox 385 3453 493 3507; x_wconf 90' lang='grc' dir='ltr'><strong>μην</strong></span> <span class='ocrx_word' id='word_1_363' title='bbox 532 3441 644 3502; x_wconf 90' lang='grc' dir='ltr'>τοῖς</span> <span class='ocrx_word' id='word_1_364' title='bbox 692 3440 913 3509; x_wconf 86' lang='grc' dir='ltr'>ἀνόμοις</span> <span class='ocrx_word' id='word_1_365' title='bbox 963 3440 1039 3503; x_wconf 81' lang='grc' dir='ltr'><strong>ὡς</strong></span> <span class='ocrx_word' id='word_1_366' title='bbox 1087 3441 1318 3511; x_wconf 85' lang='grc' dir='ltr'>ἄνομος·</span> <span class='ocrx_word' id='word_1_367' title='bbox 1352 3462 1370 3495; x_wconf 76' lang='grc' dir='ltr'><strong>ι</strong></span> <span class='ocrx_word' id='word_1_368' title='bbox 1406 3444 1543 3516; x_wconf 77' lang='grc' dir='ltr'>αὓτη</span> <span class='ocrx_word' id='word_1_369' title='bbox 1581 3447 1614 3517; x_wconf 82' lang='grc' dir='ltr'><strong>ή</strong></span> <span class='ocrx_word' id='word_1_370' title='bbox 1664 3449 1863 3519; x_wconf 88' lang='grc' dir='ltr'>ἀνομία</span> <span class='ocrx_word' id='word_1_371' title='bbox 1902 3448 1963 3503; x_wconf 83' lang='grc' dir='ltr'><strong>οὐ</strong></span> 
     </span>
    </p>
   </div>
   <div class='ocr_carea' id='block_1_52' title="bbox 381 3530 1967 3608">
    <p class='ocr_par' dir='ltr' id='par_1_52' title="bbox 381 3530 1967 3608">
     <span class='ocr_line' id='line_1_52' title="bbox 381 3530 1967 3608; baseline 0.006 -27"><span class='ocrx_word' id='word_1_372' title='bbox 381 3530 654 3601; x_wconf 79' lang='grc' dir='ltr'>διακενῆς.</span> <span class='ocrx_word' id='word_1_373' title='bbox 686 3531 945 3603; x_wconf 75' lang='grc' dir='ltr'>Στρέψον,</span> <span class='ocrx_word' id='word_1_374' title='bbox 974 3531 1243 3599; x_wconf 81' lang='grc' dir='ltr'>Δέσποτα,</span> <span class='ocrx_word' id='word_1_375' title='bbox 1287 3534 1387 3607; x_wconf 78' lang='grc' dir='ltr'><strong>τὴν</strong></span> <span class='ocrx_word' id='word_1_376' title='bbox 1423 3535 1684 3608; x_wconf 76' lang='grc' dir='ltr'>αἰσχύνην</span> <span class='ocrx_word' id='word_1_377' title='bbox 1714 3540 1793 3602; x_wconf 77' lang='grc' dir='ltr'><strong>εἰς</strong></span> <span class='ocrx_word' id='word_1_378' title='bbox 1838 3539 1967 3604; x_wconf 82' lang='grc' dir='ltr'>τοὺς</span> 
     </span>
    </p>
   </div>
   <div class='ocr_carea' id='block_1_53' title="bbox 381 3621 1968 3704">
    <p class='ocr_par' dir='ltr' id='par_1_53' title="bbox 381 3621 1968 3704">
     <span class='ocr_line' id='line_1_53' title="bbox 381 3621 1968 3704; baseline 0.008 -30"><span class='ocrx_word' id='word_1_379' title='bbox 381 3621 719 3693; x_wconf 81' lang='grc' dir='ltr'>ἀνομοῦντας</span> <span class='ocrx_word' id='word_1_380' title='bbox 748 3624 917 3695; x_wconf 76' lang='grc' dir='ltr'>ἡμᾶς,</span> <span class='ocrx_word' id='word_1_381' title='bbox 960 3623 1112 3679; x_wconf 78' lang='grc' dir='ltr'>οὐδὲν</span> <span class='ocrx_word' id='word_1_382' title='bbox 1143 3626 1498 3700; x_wconf 71' lang='grc' dir='ltr'>ἠδικηκότας.</span> <span class='ocrx_word' id='word_1_383' title='bbox 1528 3630 1700 3685; x_wconf 77' lang='grc' dir='ltr'>Τοῦτο</span> <span class='ocrx_word' id='word_1_384' title='bbox 1730 3630 1836 3704; x_wconf 84' lang='grc' dir='ltr'>γὰρ</span> <span class='ocrx_word' id='word_1_385' title='bbox 1883 3632 1968 3687; x_wconf 86' lang='grc' dir='ltr'>λέ-</span> 
     </span>
    </p>
   </div>
   <div class='ocr_carea' id='block_1_54' title="bbox 382 3713 850 3787">
    <p class='ocr_par' dir='ltr' id='par_1_54' title="bbox 382 3713 850 3787">
     <span class='ocr_line' id='line_1_54' title="bbox 382 3713 850 3787; baseline 0.009 -21"><span class='ocrx_word' id='word_1_386' title='bbox 382 3731 470 3783; x_wconf 87' lang='grc' dir='ltr'><strong>γει</strong></span> <span class='ocrx_word' id='word_1_387' title='bbox 502 3732 520 3766; x_wconf 82' lang='grc' dir='ltr'><strong>ι</strong></span> <span class='ocrx_word' id='word_1_388' title='bbox 541 3713 850 3787; x_wconf 76' lang='grc' dir='ltr'>διακενῆς.»</span> 
     </span>
    </p>
   </div>
   <div class='ocr_carea' id='block_1_55' title="bbox 459 3985 1966 4064">
    <p class='ocr_par' dir='ltr' id='par_1_55' title="bbox 459 3985 1966 4064">
     <span class='ocr_line' id='line_1_55' title="bbox 459 3985 1966 4064; baseline 0.009 -25"><span class='ocrx_word' id='word_1_389' title='bbox 459 3985 571 4052; x_wconf 85' lang='grc' dir='ltr'><strong>Τὰς</strong></span> <span class='ocrx_word' id='word_1_390' title='bbox 602 3986 781 4054; x_wconf 82' lang='grc' dir='ltr'>ὁδούς</span> <span class='ocrx_word' id='word_1_391' title='bbox 811 4002 951 4055; x_wconf 86' lang='grc' dir='ltr'>σου,</span> <span class='ocrx_word' id='word_1_392' title='bbox 988 3991 1184 4060; x_wconf 81' lang='grc' dir='ltr'>Κύριε,</span> <span class='ocrx_word' id='word_1_393' title='bbox 1218 3990 1516 4061; x_wconf 70' lang='grc' dir='ltr'>τνώρισόν</span> <span class='ocrx_word' id='word_1_394' title='bbox 1540 4012 1663 4064; x_wconf 82' lang='grc' dir='ltr'>μοι,</span> <span class='ocrx_word' id='word_1_395' title='bbox 1713 3995 1812 4050; x_wconf 77' lang='grc' dir='ltr'>καὶ</span> <span class='ocrx_word' id='word_1_396' title='bbox 1857 3997 1966 4064; x_wconf 81' lang='grc' dir='ltr'>τὰς</span> 
     </span>
    </p>
   </div>
   <div class='ocr_carea' id='block_1_56' title="bbox 382 4078 1966 4156">
    <p class='ocr_par' dir='ltr' id='par_1_56' title="bbox 382 4078 1966 4156">
     <span class='ocr_line' id='line_1_56' title="bbox 382 4078 1966 4156; baseline 0.008 -27"><span class='ocrx_word' id='word_1_397' title='bbox 382 4078 620 4145; x_wconf 78' lang='grc' dir='ltr'>τρίϐους</span> <span class='ocrx_word' id='word_1_398' title='bbox 655 4093 772 4131; x_wconf 84' lang='grc' dir='ltr'>σου</span> <span class='ocrx_word' id='word_1_399' title='bbox 820 4079 1067 4145; x_wconf 81' lang='grc' dir='ltr'>δίδαξόν</span> <span class='ocrx_word' id='word_1_400' title='bbox 1088 4099 1186 4150; x_wconf 85' lang='grc' dir='ltr'><strong>με,</strong></span> <span class='ocrx_word' id='word_1_401' title='bbox 1233 4101 1287 4135; x_wconf 89' lang='grc' dir='ltr'><strong>κ.</strong></span> <span class='ocrx_word' id='word_1_402' title='bbox 1325 4102 1374 4137; x_wconf 92' lang='grc' dir='ltr'><strong>τ.</strong></span> <span class='ocrx_word' id='word_1_403' title='bbox 1412 4085 1459 4137; x_wconf 83' lang='grc' dir='ltr'><strong>ὲ.</strong></span> <span class='ocrx_word' id='word_1_404' title='bbox 1498 4085 1556 4139; x_wconf 82' lang='grc' dir='ltr'>Ὀ</span> <span class='ocrx_word' id='word_1_405' title='bbox 1601 4085 1771 4140; x_wconf 80' lang='grc' dir='ltr'>θέλων</span> <span class='ocrx_word' id='word_1_406' title='bbox 1824 4088 1966 4156; x_wconf 82' lang='grc' dir='ltr'>γνῶ-</span> 
     </span>
    </p>
   </div>
   <div class='ocr_carea' id='block_1_57' title="bbox 380 4169 1968 4245">
    <p class='ocr_par' dir='ltr' id='par_1_57' title="bbox 380 4169 1968 4245">
     <span class='ocr_line' id='line_1_57' title="bbox 380 4169 1968 4245; baseline 0.008 -27"><span class='ocrx_word' id='word_1_407' title='bbox 380 4186 469 4221; x_wconf 91' lang='grc' dir='ltr'><strong>ναι</strong></span> <span class='ocrx_word' id='word_1_408' title='bbox 497 4169 607 4239; x_wconf 69' lang='lat'><strong>(92)</strong></span> <span class='ocrx_word' id='word_1_409' title='bbox 652 4170 751 4233; x_wconf 85' lang='grc' dir='ltr'>τὰς</span> <span class='ocrx_word' id='word_1_410' title='bbox 776 4170 928 4235; x_wconf 80' lang='grc' dir='ltr'>ὁδοὺς</span> <span class='ocrx_word' id='word_1_411' title='bbox 960 4172 1052 4226; x_wconf 79' lang='grc' dir='ltr'>τοῦ</span> <span class='ocrx_word' id='word_1_412' title='bbox 1074 4173 1277 4244; x_wconf 82' lang='grc' dir='ltr'>Κυρίου</span> <span class='ocrx_word' id='word_1_413' title='bbox 1305 4175 1548 4244; x_wconf 80' lang='grc' dir='ltr'>γενέσθω</span> <span class='ocrx_word' id='word_1_414' title='bbox 1594 4178 1804 4245; x_wconf 74' lang='grc' dir='ltr'>πραΰςο</span> <span class='ocrx_word' id='word_1_415' title='bbox 1840 4197 1859 4230; x_wconf 79' lang='grc' dir='ltr'><strong>ι</strong></span> <span class='ocrx_word' id='word_1_416' title='bbox 1884 4180 1968 4231; x_wconf 87' lang='grc' dir='ltr'><strong>Δι-</strong></span> 
     </span>
    </p>
   </div>
   <div class='ocr_carea' id='block_1_58' title="bbox 379 4260 1966 4335">
    <p class='ocr_par' dir='ltr' id='par_1_58' title="bbox 379 4260 1966 4335">
     <span class='ocr_line' id='line_1_58' title="bbox 379 4260 1966 4335; baseline 0.006 -21"><span class='ocrx_word' id='word_1_417' title='bbox 379 4260 527 4326; x_wconf 80' lang='grc' dir='ltr'>δάξει</span> <span class='ocrx_word' id='word_1_418' title='bbox 554 4280 572 4312; x_wconf 73' lang='grc' dir='ltr'><strong>ι</strong></span> <span class='ocrx_word' id='word_1_419' title='bbox 600 4261 728 4333; x_wconf 88' lang='grc' dir='ltr'>γάρ,</span> <span class='ocrx_word' id='word_1_420' title='bbox 748 4264 904 4332; x_wconf 71' lang='grc' dir='ltr'>φησὶ,</span> <span class='ocrx_word' id='word_1_421' title='bbox 936 4282 954 4315; x_wconf 76' lang='grc' dir='ltr'><strong>ι</strong></span> <span class='ocrx_word' id='word_1_422' title='bbox 982 4267 1174 4335; x_wconf 79' lang='grc' dir='ltr'>πραεῖς</span> <span class='ocrx_word' id='word_1_423' title='bbox 1198 4266 1350 4330; x_wconf 82' lang='grc' dir='ltr'>ὁδοὺς</span> <span class='ocrx_word' id='word_1_424' title='bbox 1377 4267 1563 4334; x_wconf 80' lang='grc' dir='ltr'>αὐτοῦ,</span> <span class='ocrx_word' id='word_1_425' title='bbox 1587 4288 1604 4319; x_wconf 70' lang='grc' dir='ltr'><strong>ι</strong></span> <span class='ocrx_word' id='word_1_426' title='bbox 1635 4270 1762 4332; x_wconf 81' lang='grc' dir='ltr'>τοὺς</span> <span class='ocrx_word' id='word_1_427' title='bbox 1796 4286 1966 4323; x_wconf 83' lang='grc' dir='ltr'>κατα-</span> 
     </span>
    </p>
   </div>
   <div class='ocr_carea' id='block_1_59' title="bbox 382 4353 1964 4430">
    <p class='ocr_par' dir='ltr' id='par_1_59' title="bbox 382 4353 1964 4430">
     <span class='ocr_line' id='line_1_59' title="bbox 382 4353 1964 4430; baseline 0.006 -26"><span class='ocrx_word' id='word_1_428' title='bbox 382 4353 698 4416; x_wconf 86' lang='grc' dir='ltr'>παύσαντας</span> <span class='ocrx_word' id='word_1_429' title='bbox 727 4354 824 4423; x_wconf 80' lang='grc' dir='ltr'>τὴν</span> <span class='ocrx_word' id='word_1_430' title='bbox 854 4354 911 4406; x_wconf 80' lang='grc' dir='ltr'>ὲν</span> <span class='ocrx_word' id='word_1_431' title='bbox 943 4356 1008 4425; x_wconf 81' lang='grc' dir='ltr'>τῇ</span> <span class='ocrx_word' id='word_1_432' title='bbox 1054 4354 1201 4427; x_wconf 78' lang='grc' dir='ltr'>ψυχῇ</span> <span class='ocrx_word' id='word_1_433' title='bbox 1246 4356 1521 4409; x_wconf 78' lang='grc' dir='ltr'>ἄπαυστον</span> <span class='ocrx_word' id='word_1_434' title='bbox 1566 4357 1746 4429; x_wconf 82' lang='grc' dir='ltr'>μάχην</span> <span class='ocrx_word' id='word_1_435' title='bbox 1790 4359 1964 4430; x_wconf 81' lang='grc' dir='ltr'>θυμοῦ</span> 
     </span>
    </p>
   </div>
   <div class='ocr_carea' id='block_1_60' title="bbox 380 4443 1966 4522">
    <p class='ocr_par' dir='ltr' id='par_1_60' title="bbox 380 4443 1966 4522">
     <span class='ocr_line' id='line_1_60' title="bbox 380 4443 1966 4522; baseline 0.007 -27"><span class='ocrx_word' id='word_1_436' title='bbox 380 4445 474 4496; x_wconf 73' lang='grc' dir='ltr'><strong>καὶ</strong></span> <span class='ocrx_word' id='word_1_437' title='bbox 506 4443 801 4513; x_wconf 81' lang='grc' dir='ltr'>ἐπιθυμίας</span> <span class='ocrx_word' id='word_1_438' title='bbox 834 4444 931 4498; x_wconf 71' lang='grc' dir='ltr'><strong>καὶ</strong></span> <span class='ocrx_word' id='word_1_439' title='bbox 969 4446 1079 4499; x_wconf 85' lang='grc' dir='ltr'><strong>τῶν</strong></span> <span class='ocrx_word' id='word_1_440' title='bbox 1123 4447 1331 4512; x_wconf 87' lang='grc' dir='ltr'>τούτοις</span> <span class='ocrx_word' id='word_1_441' title='bbox 1373 4448 1833 4522; x_wconf 85' lang='grc' dir='ltr'>ὑποϐεϐλημένων</span> <span class='ocrx_word' id='word_1_442' title='bbox 1861 4470 1966 4507; x_wconf 84' lang='grc' dir='ltr'>πα-</span> 
     </span>
    </p>
   </div>
   <div class='ocr_carea' id='block_1_61' title="bbox 381 4524 2042 4615">
    <p class='ocr_par' dir='ltr' id='par_1_61' title="bbox 381 4524 2042 4615">
     <span class='ocr_line' id='line_1_61' title="bbox 381 4524 2042 4615; baseline 0.01 -31"><span class='ocrx_word' id='word_1_443' title='bbox 381 4533 508 4586; x_wconf 85' lang='grc' dir='ltr'>θῶν.</span> <span class='ocrx_word' id='word_1_444' title='bbox 542 4534 636 4598; x_wconf 83' lang='grc' dir='ltr'>Τὸ,</span> <span class='ocrx_word' id='word_1_445' title='bbox 677 4553 695 4585; x_wconf 74' lang='grc' dir='ltr'><strong>ι</strong></span> <span class='ocrx_word' id='word_1_446' title='bbox 725 4535 997 4608; x_wconf 85' lang='grc' dir='ltr'>Γνώρισόν</span> <span class='ocrx_word' id='word_1_447' title='bbox 1049 4556 1160 4609; x_wconf 85' lang='grc' dir='ltr'>μοι,</span> <span class='ocrx_word' id='word_1_448' title='bbox 1223 4540 1317 4593; x_wconf 74' lang='grc' dir='ltr'><strong>καὶ</strong></span> <span class='ocrx_word' id='word_1_449' title='bbox 1351 4540 1580 4608; x_wconf 80' lang='grc' dir='ltr'>δίδαξον,</span> <span class='ocrx_word' id='word_1_450' title='bbox 1617 4562 1635 4595; x_wconf 74' lang='lat' dir='ltr'><strong>t</strong></span> <span class='ocrx_word' id='word_1_451' title='bbox 1683 4543 1779 4595; x_wconf 80' lang='grc' dir='ltr'>ἐπὶ</span> <span class='ocrx_word' id='word_1_452' title='bbox 1819 4544 1963 4615; x_wconf 89' lang='grc' dir='ltr'>πρά-</span> <span class='ocrx_word' id='word_1_453' title='bbox 1997 4524 2042 4579; x_wconf 74' lang='lat' dir='ltr'><strong>D</strong></span> 
     </span>
    </p>
   </div>
   <div class='ocr_carea' id='block_1_62' title="bbox 381 4625 1965 4701">
    <p class='ocr_par' dir='ltr' id='par_1_62' title="bbox 381 4625 1965 4701">
     <span class='ocr_line' id='line_1_62' title="bbox 381 4625 1965 4701; baseline 0.01 -26"><span class='ocrx_word' id='word_1_454' title='bbox 381 4641 567 4695; x_wconf 87' lang='grc' dir='ltr'>γματα</span> <span class='ocrx_word' id='word_1_455' title='bbox 601 4625 769 4695; x_wconf 90' lang='grc' dir='ltr'>λέγει.</span> <span class='ocrx_word' id='word_1_456' title='bbox 796 4628 1052 4683; x_wconf 88' lang='grc' dir='ltr'>Βούλεται</span> <span class='ocrx_word' id='word_1_457' title='bbox 1083 4630 1192 4701; x_wconf 87' lang='grc' dir='ltr'>γὰρ</span> <span class='ocrx_word' id='word_1_458' title='bbox 1228 4633 1421 4697; x_wconf 84' lang='grc' dir='ltr'>εἰπεῖν,</span> <span class='ocrx_word' id='word_1_459' title='bbox 1444 4634 1547 4699; x_wconf 81' lang='grc' dir='ltr'>ότι,</span> <span class='ocrx_word' id='word_1_460' title='bbox 1590 4634 1682 4688; x_wconf 84' lang='grc' dir='ltr'>Ἐν</span> <span class='ocrx_word' id='word_1_461' title='bbox 1727 4636 1965 4691; x_wconf 83' lang='grc' dir='ltr'>ἀπολαύ-</span> 
     </span>
    </p>
   </div>
   <div class='ocr_carea' id='block_1_63' title="bbox 381 4720 1957 4796">
    <p class='ocr_par' dir='ltr' id='par_1_63' title="bbox 381 4720 1957 4796">
     <span class='ocr_line' id='line_1_63' title="bbox 381 4720 1957 4796; baseline 0.003 -27"><span class='ocrx_word' id='word_1_462' title='bbox 381 4735 463 4771; x_wconf 86' lang='grc' dir='ltr'><strong>σει</strong></span> <span class='ocrx_word' id='word_1_463' title='bbox 518 4737 585 4789; x_wconf 88' lang='grc' dir='ltr'><strong>με</strong></span> <span class='ocrx_word' id='word_1_464' title='bbox 643 4720 985 4793; x_wconf 86' lang='grc' dir='ltr'>κατάστησον</span> <span class='ocrx_word' id='word_1_465' title='bbox 1042 4723 1151 4777; x_wconf 82' lang='grc' dir='ltr'><strong>τῶν</strong></span> <span class='ocrx_word' id='word_1_466' title='bbox 1214 4723 1468 4796; x_wconf 75' lang='grc' dir='ltr'>πράξεών</span> <span class='ocrx_word' id='word_1_467' title='bbox 1513 4743 1629 4791; x_wconf 88' lang='grc' dir='ltr'>σου,</span> <span class='ocrx_word' id='word_1_468' title='bbox 1659 4723 1957 4784; x_wconf 82' lang='grc' dir='ltr'>τουτέστιν,</span> 
     </span>
    </p>
   </div>
   <div class='ocr_carea' id='block_1_64' title="bbox 392 4810 1962 4890">
    <p class='ocr_par' dir='ltr' id='par_1_64' title="bbox 392 4810 1962 4890">
     <span class='ocr_line' id='line_1_64' title="bbox 392 4810 1962 4890; baseline 0.008 -28"><span class='ocrx_word' id='word_1_469' title='bbox 392 4810 668 4880; x_wconf 85' lang='grc' dir='ltr'>Ἑπάγαγέ</span> <span class='ocrx_word' id='word_1_470' title='bbox 687 4828 756 4881; x_wconf 81' lang='grc' dir='ltr'><strong>με</strong></span> <span class='ocrx_word' id='word_1_471' title='bbox 799 4813 880 4875; x_wconf 79' lang='grc' dir='ltr'><strong>είς</strong></span> <span class='ocrx_word' id='word_1_472' title='bbox 911 4813 978 4867; x_wconf 83' lang='grc' dir='ltr'>τὰ</span> <span class='ocrx_word' id='word_1_473' title='bbox 1021 4814 1231 4867; x_wconf 80' lang='grc' dir='ltr'>οἰκεῖα’</span> <span class='ocrx_word' id='word_1_474' title='bbox 1272 4814 1396 4868; x_wconf 82' lang='grc' dir='ltr'>ὅθεν</span> <span class='ocrx_word' id='word_1_475' title='bbox 1432 4815 1712 4888; x_wconf 75' lang='grc' dir='ltr'>ἐπιφέρει·</span> <span class='ocrx_word' id='word_1_476' title='bbox 1746 4835 1768 4869; x_wconf 71' lang='grc' dir='ltr'><strong>ο</strong></span> <span class='ocrx_word' id='word_1_477' title='bbox 1809 4817 1962 4890; x_wconf 71' lang='grc' dir='ltr'>Ὀδη-</span> 
     </span>
    </p>
   </div>
   <div class='ocr_carea' id='block_1_65' title="bbox 376 4902 1350 4976">
    <p class='ocr_par' dir='ltr' id='par_1_65' title="bbox 376 4902 1350 4976">
     <span class='ocr_line' id='line_1_65' title="bbox 376 4902 1350 4976; baseline 0.008 -26"><span class='ocrx_word' id='word_1_478' title='bbox 376 4902 543 4971; x_wconf 81' lang='grc' dir='ltr'>γησόν</span> <span class='ocrx_word' id='word_1_479' title='bbox 572 4919 640 4971; x_wconf 92' lang='grc' dir='ltr'><strong>με</strong></span> <span class='ocrx_word' id='word_1_480' title='bbox 671 4904 750 4966; x_wconf 84' lang='grc' dir='ltr'><strong>εἰς</strong></span> <span class='ocrx_word' id='word_1_481' title='bbox 774 4903 872 4974; x_wconf 79' lang='grc' dir='ltr'>τὴν</span> <span class='ocrx_word' id='word_1_482' title='bbox 901 4903 1157 4976; x_wconf 84' lang='grc' dir='ltr'>ἀλήθειάν</span> <span class='ocrx_word' id='word_1_483' title='bbox 1185 4923 1299 4960; x_wconf 90' lang='grc' dir='ltr'>σου.</span> <span class='ocrx_word' id='word_1_484' title='bbox 1331 4925 1350 4958; x_wconf 75' lang='grc' dir='ltr'><strong>ι</strong></span> 
     </span>
    </p>
   </div>
   <div class='ocr_carea' id='block_1_66' title="bbox 459 4994 1959 5070">
    <p class='ocr_par' dir='ltr' id='par_1_66' title="bbox 459 4994 1959 5070">
     <span class='ocr_line' id='line_1_66' title="bbox 459 4994 1959 5070; baseline 0.007 -25"><span class='ocrx_word' id='word_1_485' title='bbox 459 4994 774 5062; x_wconf 80' lang='grc' dir='ltr'>’Λμαρτίας</span> <span class='ocrx_word' id='word_1_486' title='bbox 800 4996 1084 5063; x_wconf 81' lang='grc' dir='ltr'>νεότητός</span> <span class='ocrx_word' id='word_1_487' title='bbox 1118 5014 1238 5066; x_wconf 79' lang='grc' dir='ltr'>μου</span> <span class='ocrx_word' id='word_1_488' title='bbox 1296 4997 1394 5050; x_wconf 76' lang='grc' dir='ltr'>καὶ</span> <span class='ocrx_word' id='word_1_489' title='bbox 1438 4998 1687 5068; x_wconf 73' lang='grc' dir='ltr'>ἀγνοίας</span> <span class='ocrx_word' id='word_1_490' title='bbox 1722 5018 1843 5070; x_wconf 86' lang='grc' dir='ltr'>μου</span> <span class='ocrx_word' id='word_1_491' title='bbox 1871 5001 1959 5070; x_wconf 80' lang='grc' dir='ltr'>μὴ</span> 
     </span>
    </p>
   </div>
   <div class='ocr_carea' id='block_1_67' title="bbox 374 5082 1962 5163">
    <p class='ocr_par' dir='ltr' id='par_1_67' title="bbox 374 5082 1962 5163">
     <span class='ocr_line' id='line_1_67' title="bbox 374 5082 1962 5163; baseline 0.006 -26"><span class='ocrx_word' id='word_1_492' title='bbox 374 5085 675 5157; x_wconf 69' lang='grc' dir='ltr'>μνησθῇς,</span> <span class='ocrx_word' id='word_1_493' title='bbox 710 5105 764 5140; x_wconf 89' lang='grc' dir='ltr'><strong>κ.</strong></span> <span class='ocrx_word' id='word_1_494' title='bbox 797 5104 847 5141; x_wconf 90' lang='grc' dir='ltr'><strong>τ.</strong></span> <span class='ocrx_word' id='word_1_495' title='bbox 882 5087 929 5140; x_wconf 81' lang='grc' dir='ltr'><strong>ἑ.</strong></span> <span class='ocrx_word' id='word_1_496' title='bbox 978 5088 1091 5157; x_wconf 76' lang='grc' dir='ltr'><strong>Ἐφ’</strong></span> <span class='ocrx_word' id='word_1_497' title='bbox 1128 5082 1210 5153; x_wconf 79' lang='grc' dir='ltr'><strong>οἷς</strong></span> <span class='ocrx_word' id='word_1_498' title='bbox 1236 5088 1346 5161; x_wconf 78' lang='grc' dir='ltr'><strong>γάρ</strong></span> <span class='ocrx_word' id='word_1_499' title='bbox 1380 5088 1459 5143; x_wconf 77' lang='grc' dir='ltr'>ἔτι</span> <span class='ocrx_word' id='word_1_500' title='bbox 1501 5092 1611 5161; x_wconf 72' lang='grc'><strong>(95)</strong></span> <span class='ocrx_word' id='word_1_501' title='bbox 1649 5091 1962 5163; x_wconf 87' lang='grc' dir='ltr'>πλημμελεῖ</span> 
     </span>
    </p>
   </div>
   <div class='ocr_carea' id='block_1_68' title="bbox 378 5227 1426 5297">
    <p class='ocr_par' dir='ltr' id='par_1_68' title="bbox 378 5227 1426 5297">
     <span class='ocr_line' id='line_1_68' title="bbox 378 5227 1426 5297; baseline 0.008 -16"><span class='ocrx_word' id='word_1_502' title='bbox 378 5228 424 5260; x_wconf 69' lang='grc' dir='ltr'>δ’</span> <span class='ocrx_word' id='word_1_503' title='bbox 450 5227 607 5283; x_wconf 84' lang='lat' dir='ltr'><strong>Joan.</strong></span> <span class='ocrx_word' id='word_1_504' title='bbox 639 5245 749 5296; x_wconf 70' lang='grc' dir='ltr'>χιιι,</span> <span class='ocrx_word' id='word_1_505' title='bbox 774 5230 866 5285; x_wconf 79' lang='lat'><strong>55.</strong></span> <span class='ocrx_word' id='word_1_506' title='bbox 956 5230 1004 5262; x_wconf 76' lang='grc' dir='ltr'><strong>⁸ο</strong></span> <span class='ocrx_word' id='word_1_507' title='bbox 1029 5231 1186 5289; x_wconf 78' lang='lat' dir='ltr'><strong>Joan.</strong></span> <span class='ocrx_word' id='word_1_508' title='bbox 1210 5247 1309 5297; x_wconf 76' lang='grc' dir='ltr'>ιιι,</span> <span class='ocrx_word' id='word_1_509' title='bbox 1335 5234 1426 5289; x_wconf 76' lang='grc'><strong>51.</strong></span> 
     </span>
    </p>
   </div>
   <div class='ocr_carea' id='block_1_69' title="bbox 449 5342 1544 5411">
    <p class='ocr_par' dir='ltr' id='par_1_69' title="bbox 449 5342 1544 5411">
     <span class='ocr_line' id='line_1_69' title="bbox 449 5342 1544 5411; baseline 0.006 -16"><span class='ocrx_word' id='word_1_510' title='bbox 449 5342 560 5411; x_wconf 82' lang='lat'><strong>(87)</strong></span> <span class='ocrx_word' id='word_1_511' title='bbox 593 5344 714 5397; x_wconf 82' lang='grc' dir='ltr'><strong>Οὐκ</strong></span> <span class='ocrx_word' id='word_1_512' title='bbox 740 5344 929 5411; x_wconf 79' lang='grc' dir='ltr'>εἶπεν,</span> <span class='ocrx_word' id='word_1_513' title='bbox 959 5356 1061 5399; x_wconf 76' lang='lat' dir='ltr'><strong>etc.</strong></span> <span class='ocrx_word' id='word_1_514' title='bbox 1090 5346 1315 5401; x_wconf 60' lang='lat' dir='ltr'><strong>Schedee</strong></span> <span class='ocrx_word' id='word_1_515' title='bbox 1336 5348 1544 5403; x_wconf 89' lang='lat' dir='ltr'><strong>Grabii.</strong></span> 
     </span>
    </p>
   </div>
   <div class='ocr_carea' id='block_1_70' title="bbox 447 5412 1660 5484">
    <p class='ocr_par' dir='ltr' id='par_1_70' title="bbox 447 5412 1660 5484">
     <span class='ocr_line' id='line_1_70' title="bbox 447 5412 1660 5484; baseline 0.011 -23"><span class='ocrx_word' id='word_1_516' title='bbox 447 5412 555 5481; x_wconf 69' lang='lat' dir='ltr'><strong>(R8)</strong></span> <span class='ocrx_word' id='word_1_517' title='bbox 595 5414 689 5478; x_wconf 84' lang='grc' dir='ltr'>Ὡς</span> <span class='ocrx_word' id='word_1_518' title='bbox 730 5415 1019 5484; x_wconf 77' lang='grc' dir='ltr'>λογικαῖς,</span> <span class='ocrx_word' id='word_1_519' title='bbox 1054 5429 1159 5471; x_wconf 85' lang='lat' dir='ltr'><strong>etc.</strong></span> <span class='ocrx_word' id='word_1_520' title='bbox 1188 5417 1400 5470; x_wconf 60' lang='lat' dir='ltr'><strong>Eadem</strong></span> <span class='ocrx_word' id='word_1_521' title='bbox 1429 5421 1660 5474; x_wconf 66' lang='lat' dir='ltr'><strong>schedaa.</strong></span> 
     </span>
    </p>
   </div>
   <div class='ocr_carea' id='block_1_71' title="bbox 377 5484 1959 5607">
    <p class='ocr_par' dir='ltr' id='par_1_71' title="bbox 377 5484 1959 5607">
     <span class='ocr_line' id='line_1_71' title="bbox 377 5484 1959 5607; baseline -0.005 -51"><span class='ocrx_word' id='word_1_522' title='bbox 377 5484 564 5607; x_wconf 46' lang='lat' dir='ltr'><strong>mg]?</strong></span> <span class='ocrx_word' id='word_1_523' title='bbox 585 5484 887 5552; x_wconf 80' lang='grc' dir='ltr'>θαρσεῖτε,</span> <span class='ocrx_word' id='word_1_524' title='bbox 910 5487 1123 5555; x_wconf 68' lang='grc' dir='ltr'>φησιν,</span> <span class='ocrx_word' id='word_1_525' title='bbox 1149 5498 1254 5542; x_wconf 88' lang='lat' dir='ltr'><strong>etc.</strong></span> <span class='ocrx_word' id='word_1_526' title='bbox 1279 5486 1494 5544; x_wconf 70' lang='lat' dir='ltr'><strong>Ezedem</strong></span> <span class='ocrx_word' id='word_1_527' title='bbox 1522 5493 1737 5547; x_wconf 74' lang='lat' dir='ltr'><strong>scheda:</strong></span> <span class='ocrx_word' id='word_1_528' title='bbox 1752 5502 1805 5547; x_wconf 89' lang='lat' dir='ltr'><strong>et</strong></span> <span class='ocrx_word' id='word_1_529' title='bbox 1826 5492 1898 5549; x_wconf 85' lang='lat' dir='ltr'><strong>Ba</strong></span> <span class='ocrx_word' id='word_1_530' title='bbox 1909 5510 1959 5549; x_wconf 86' lang='lat' dir='ltr'><strong>r-</strong></span> 
     </span>
    </p>
   </div>
   <div class='ocr_carea' id='block_1_72' title="bbox 2069 1890 3652 1965">
    <p class='ocr_par' dir='ltr' id='par_1_72' title="bbox 2069 1890 3652 1965">
     <span class='ocr_line' id='line_1_72' title="bbox 2069 1890 3652 1965; baseline -0.003 -18"><span class='ocrx_word' id='word_1_531' title='bbox 2069 1910 2233 1963; x_wconf 86' lang='lat' dir='ltr'><strong>qnatn</strong></span> <span class='ocrx_word' id='word_1_532' title='bbox 2305 1894 2603 1965; x_wconf 88' lang='lat' dir='ltr'><strong>principem</strong></span> <span class='ocrx_word' id='word_1_533' title='bbox 2678 1903 3006 1947; x_wconf 81' lang='lat' dir='ltr'><strong>castrorum.</strong></span> <span class='ocrx_word' id='word_1_534' title='bbox 3064 1890 3478 1946; x_wconf 83' lang='lat' dir='ltr'><strong>Observandum</strong></span> <span class='ocrx_word' id='word_1_535' title='bbox 3566 1900 3652 1943; x_wconf 89' lang='lat' dir='ltr'><strong>cst</strong></span> 
     </span>
    </p>
   </div>
   <div class='ocr_carea' id='block_1_73' title="bbox 2070 1985 3652 2055">
    <p class='ocr_par' dir='ltr' id='par_1_73' title="bbox 2070 1985 3652 2055">
     <span class='ocr_line' id='line_1_73' title="bbox 2070 1985 3652 2055; baseline -0.003 -14"><span class='ocrx_word' id='word_1_536' title='bbox 2070 1997 2251 2042; x_wconf 87' lang='lat' dir='ltr'><strong>autem</strong></span> <span class='ocrx_word' id='word_1_537' title='bbox 2306 2002 2400 2041; x_wconf 87' lang='lat' dir='ltr'><strong>eos</strong></span> <span class='ocrx_word' id='word_1_538' title='bbox 2447 1987 2538 2055; x_wconf 88' lang='lat' dir='ltr'><strong>qui</strong></span> <span class='ocrx_word' id='word_1_539' title='bbox 2600 1998 2856 2040; x_wconf 81' lang='lat' dir='ltr'><strong>accurate</strong></span> <span class='ocrx_word' id='word_1_540' title='bbox 2901 1985 3128 2039; x_wconf 71' lang='lat' dir='ltr'><strong>Hebraea</strong></span> <span class='ocrx_word' id='word_1_541' title='bbox 3162 1985 3435 2055; x_wconf 78' lang='lat' dir='ltr'><strong>legerunt,</strong></span> <span class='ocrx_word' id='word_1_542' title='bbox 3468 1985 3652 2037; x_wconf 79' lang='lat' dir='ltr'><strong>dicere</strong></span> 
     </span>
    </p>
   </div>
   <div class='ocr_carea' id='block_1_74' title="bbox 2072 2075 3653 2146">
    <p class='ocr_par' dir='ltr' id='par_1_74' title="bbox 2072 2075 3653 2146">
     <span class='ocr_line' id='line_1_74' title="bbox 2072 2075 3653 2146; baseline -0.003 -14"><span class='ocrx_word' id='word_1_543' title='bbox 2072 2093 2259 2133; x_wconf 81' lang='lat' dir='ltr'><strong>vocem</strong></span> <span class='ocrx_word' id='word_1_544' title='bbox 2298 2096 2317 2131; x_wconf 85' lang='grc' dir='ltr'><strong>ι</strong></span> <span class='ocrx_word' id='word_1_545' title='bbox 2361 2077 2630 2141; x_wconf 79' lang='lat' dir='ltr'><strong>Sabaoth,</strong></span> <span class='ocrx_word' id='word_1_546' title='bbox 2656 2096 2675 2130; x_wconf 75' lang='grc' dir='ltr'><strong>ι</strong></span> <span class='ocrx_word' id='word_1_547' title='bbox 2706 2092 2829 2146; x_wconf 64' lang='lat' dir='ltr'><strong>quae</strong></span> <span class='ocrx_word' id='word_1_548' title='bbox 2852 2076 2906 2130; x_wconf 88' lang='lat' dir='ltr'><strong>in</strong></span> <span class='ocrx_word' id='word_1_549' title='bbox 2939 2076 3165 2132; x_wconf 76' lang='lat' dir='ltr'><strong>llebra-o</strong></span> <span class='ocrx_word' id='word_1_550' title='bbox 3201 2077 3454 2140; x_wconf 83' lang='lat' dir='ltr'><strong>habetur,</strong></span> <span class='ocrx_word' id='word_1_551' title='bbox 3486 2091 3515 2129; x_wconf 86' lang='lat' dir='ltr'><strong>a</strong></span> <span class='ocrx_word' id='word_1_552' title='bbox 3554 2075 3653 2128; x_wconf 87' lang='lat' dir='ltr'><strong>Se-</strong></span> 
     </span>
    </p>
   </div>
   <div class='ocr_carea' id='block_1_75' title="bbox 2073 2167 3654 2242">
    <p class='ocr_par' dir='ltr' id='par_1_75' title="bbox 2073 2167 3654 2242">
     <span class='ocr_line' id='line_1_75' title="bbox 2073 2167 3654 2242; baseline -0.006 -16"><span class='ocrx_word' id='word_1_553' title='bbox 2073 2172 2352 2242; x_wconf 78' lang='lat' dir='ltr'><strong>ptuaginta</strong></span> <span class='ocrx_word' id='word_1_554' title='bbox 2386 2169 2773 2240; x_wconf 86' lang='lat' dir='ltr'><strong>lnterpretibus</strong></span> <span class='ocrx_word' id='word_1_555' title='bbox 2811 2168 2999 2224; x_wconf 57' lang='lat' dir='ltr'><strong>Greece</strong></span> <span class='ocrx_word' id='word_1_556' title='bbox 3043 2168 3178 2222; x_wconf 86' lang='lat' dir='ltr'><strong>verti</strong></span> <span class='ocrx_word' id='word_1_557' title='bbox 3221 2172 3401 2230; x_wconf 87' lang='lat' dir='ltr'><strong>modo,</strong></span> <span class='ocrx_word' id='word_1_558' title='bbox 3437 2184 3456 2217; x_wconf 79' lang='grc' dir='ltr'><strong>ι</strong></span> <span class='ocrx_word' id='word_1_559' title='bbox 3481 2167 3654 2220; x_wconf 86' lang='lat' dir='ltr'><strong>Domi-</strong></span> 
     </span>
    </p>
   </div>
   <div class='ocr_carea' id='block_1_76' title="bbox 2076 2258 3652 2328">
    <p class='ocr_par' dir='ltr' id='par_1_76' title="bbox 2076 2258 3652 2328">
     <span class='ocr_line' id='line_1_76' title="bbox 2076 2258 3652 2328; baseline -0.004 -9"><span class='ocrx_word' id='word_1_560' title='bbox 2076 2278 2179 2319; x_wconf 90' lang='lat' dir='ltr'><strong>nus</strong></span> <span class='ocrx_word' id='word_1_561' title='bbox 2211 2264 2475 2317; x_wconf 87' lang='lat' dir='ltr'><strong>virtntum</strong></span> <span class='ocrx_word' id='word_1_562' title='bbox 2500 2279 2514 2328; x_wconf 88' lang='lat'><strong>;</strong></span> <span class='ocrx_word' id='word_1_563' title='bbox 2538 2281 2557 2313; x_wconf 70' lang='grc' dir='ltr'><strong>ι</strong></span> <span class='ocrx_word' id='word_1_564' title='bbox 2592 2262 2777 2326; x_wconf 92' lang='lat' dir='ltr'><strong>modo,</strong></span> <span class='ocrx_word' id='word_1_565' title='bbox 2812 2278 2832 2311; x_wconf 76' lang='grc' dir='ltr'><strong>ι</strong></span> <span class='ocrx_word' id='word_1_566' title='bbox 2861 2260 3118 2315; x_wconf 87' lang='lat' dir='ltr'><strong>Dominus</strong></span> <span class='ocrx_word' id='word_1_567' title='bbox 3142 2258 3328 2323; x_wconf 83' lang='lat' dir='ltr'><strong>fortis;</strong></span> <span class='ocrx_word' id='word_1_568' title='bbox 3353 2276 3373 2309; x_wconf 74' lang='grc' dir='ltr'><strong>ι</strong></span> <span class='ocrx_word' id='word_1_569' title='bbox 3404 2259 3652 2327; x_wconf 84' lang='lat' dir='ltr'><strong>aliquan-</strong></span> 
     </span>
    </p>
   </div>
   <div class='ocr_carea' id='block_1_77' title="bbox 2075 2352 3651 2422">
    <p class='ocr_par' dir='ltr' id='par_1_77' title="bbox 2075 2352 3651 2422">
     <span class='ocr_line' id='line_1_77' title="bbox 2075 2352 3651 2422; baseline -0.004 -13"><span class='ocrx_word' id='word_1_570' title='bbox 2075 2355 2145 2411; x_wconf 90' lang='lat' dir='ltr'><strong>do</strong></span> <span class='ocrx_word' id='word_1_571' title='bbox 2178 2363 2382 2420; x_wconf 88' lang='lat' dir='ltr'><strong>autem,</strong></span> <span class='ocrx_word' id='word_1_572' title='bbox 2424 2373 2442 2406; x_wconf 77' lang='grc' dir='ltr'><strong>ι</strong></span> <span class='ocrx_word' id='word_1_573' title='bbox 2465 2355 2834 2420; x_wconf 82' lang='lat' dir='ltr'><strong>omnipotens.</strong></span> <span class='ocrx_word' id='word_1_574' title='bbox 2860 2372 2881 2406; x_wconf 74' lang='grc' dir='ltr'><strong>ι</strong></span> <span class='ocrx_word' id='word_1_575' title='bbox 2913 2353 3176 2407; x_wconf 79' lang='lat' dir='ltr'><strong>Asserunt</strong></span> <span class='ocrx_word' id='word_1_576' title='bbox 3226 2367 3355 2422; x_wconf 81' lang='lat' dir='ltr'><strong>ergo</strong></span> <span class='ocrx_word' id='word_1_577' title='bbox 3388 2353 3489 2406; x_wconf 90' lang='lat' dir='ltr'><strong>boc</strong></span> <span class='ocrx_word' id='word_1_578' title='bbox 3535 2352 3651 2405; x_wconf 72' lang='lat' dir='ltr'><strong>low</strong></span> 
     </span>
    </p>
   </div>
   <div class='ocr_carea' id='block_1_78' title="bbox 2078 2442 3648 2509">
    <p class='ocr_par' dir='ltr' id='par_1_78' title="bbox 2078 2442 3648 2509">
     <span class='ocr_line' id='line_1_78' title="bbox 2078 2442 3648 2509; baseline -0.003 -11"><span class='ocrx_word' id='word_1_579' title='bbox 2078 2462 2263 2503; x_wconf 78' lang='lat' dir='ltr'><strong>vocem</strong></span> <span class='ocrx_word' id='word_1_580' title='bbox 2320 2464 2339 2497; x_wconf 84' lang='grc' dir='ltr'><strong>ι</strong></span> <span class='ocrx_word' id='word_1_581' title='bbox 2368 2448 2615 2501; x_wconf 84' lang='lat' dir='ltr'><strong>Sabaoth</strong></span> <span class='ocrx_word' id='word_1_582' title='bbox 2638 2465 2661 2500; x_wconf 71' lang='grc' dir='ltr'><strong><em>ι</em></strong></span> <span class='ocrx_word' id='word_1_583' title='bbox 2715 2445 2982 2500; x_wconf 86' lang='lat' dir='ltr'><strong>redditam</strong></span> <span class='ocrx_word' id='word_1_584' title='bbox 3016 2458 3162 2509; x_wconf 90' lang='lat' dir='ltr'><strong>esse,</strong></span> <span class='ocrx_word' id='word_1_585' title='bbox 3201 2463 3220 2495; x_wconf 75' lang='grc' dir='ltr'><strong>ι</strong></span> <span class='ocrx_word' id='word_1_586' title='bbox 3246 2442 3504 2496; x_wconf 89' lang='lat' dir='ltr'><strong>Dominus</strong></span> <span class='ocrx_word' id='word_1_587' title='bbox 3535 2444 3648 2493; x_wconf 85' lang='lat' dir='ltr'><strong>vir-</strong></span> 
     </span>
    </p>
   </div>
   <div class='ocr_carea' id='block_1_79' title="bbox 2077 2535 3654 2593">
    <p class='ocr_par' dir='ltr' id='par_1_79' title="bbox 2077 2535 3654 2593">
     <span class='ocr_line' id='line_1_79' title="bbox 2077 2535 3654 2593; baseline -0.003 0"><span class='ocrx_word' id='word_1_588' title='bbox 2077 2548 2277 2593; x_wconf 74' lang='lat' dir='ltr'><strong>tutum.</strong></span> <span class='ocrx_word' id='word_1_589' title='bbox 2304 2558 2323 2591; x_wconf 76' lang='grc' dir='ltr'><strong>ι</strong></span> <span class='ocrx_word' id='word_1_590' title='bbox 2364 2538 2421 2593; x_wconf 88' lang='lat' dir='ltr'><strong>Si</strong></span> <span class='ocrx_word' id='word_1_591' title='bbox 2478 2548 2657 2593; x_wconf 84' lang='lat' dir='ltr'><strong>autem</strong></span> <span class='ocrx_word' id='word_1_592' title='bbox 2725 2552 2827 2592; x_wconf 82' lang='lat' dir='ltr'><strong>vox</strong></span> <span class='ocrx_word' id='word_1_593' title='bbox 2864 2536 3195 2591; x_wconf 65' lang='lat' dir='ltr'><strong>«Sabaoth:</strong></span> <span class='ocrx_word' id='word_1_594' title='bbox 3253 2536 3320 2589; x_wconf 87' lang='lat' dir='ltr'><strong>de</strong></span> <span class='ocrx_word' id='word_1_595' title='bbox 3369 2535 3654 2589; x_wconf 82' lang='lat' dir='ltr'><strong>Salvatore</strong></span> 
     </span>
    </p>
   </div>
   <div class='ocr_carea' id='block_1_80' title="bbox 2076 2625 3647 2700">
    <p class='ocr_par' dir='ltr' id='par_1_80' title="bbox 2076 2625 3647 2700">
     <span class='ocr_line' id='line_1_80' title="bbox 2076 2625 3647 2700; baseline -0.001 -18"><span class='ocrx_word' id='word_1_596' title='bbox 2076 2630 2315 2700; x_wconf 81' lang='lat' dir='ltr'><strong>ponitur,</strong></span> <span class='ocrx_word' id='word_1_597' title='bbox 2372 2632 2763 2699; x_wconf 83' lang='lat' dir='ltr'><strong>interpretatur</strong></span> <span class='ocrx_word' id='word_1_598' title='bbox 2800 2647 2820 2680; x_wconf 77' lang='grc' dir='ltr'><strong>ι</strong></span> <span class='ocrx_word' id='word_1_599' title='bbox 2845 2629 3213 2697; x_wconf 85' lang='lat' dir='ltr'><strong>omnipotens.</strong></span> <span class='ocrx_word' id='word_1_600' title='bbox 3242 2644 3262 2679; x_wconf 67' lang='grc' dir='ltr'><strong>ι</strong></span> <span class='ocrx_word' id='word_1_601' title='bbox 3303 2625 3415 2681; x_wconf 81' lang='lat' dir='ltr'><strong>Nec</strong></span> <span class='ocrx_word' id='word_1_602' title='bbox 3452 2627 3647 2680; x_wconf 82' lang='lat' dir='ltr'><strong>imme-</strong></span> 
     </span>
    </p>
   </div>
   <div class='ocr_carea' id='block_1_81' title="bbox 2075 2717 3649 2789">
    <p class='ocr_par' dir='ltr' id='par_1_81' title="bbox 2075 2717 3649 2789">
     <span class='ocr_line' id='line_1_81' title="bbox 2075 2717 3649 2789; baseline -0.001 -17"><span class='ocrx_word' id='word_1_603' title='bbox 2075 2720 2180 2774; x_wconf 87' lang='lat' dir='ltr'><strong>rito</strong></span> <span class='ocrx_word' id='word_1_604' title='bbox 2208 2735 2310 2773; x_wconf 80' lang='lat' dir='ltr'><strong>vox</strong></span> <span class='ocrx_word' id='word_1_605' title='bbox 2348 2736 2368 2770; x_wconf 76' lang='grc' dir='ltr'><strong>ι</strong></span> <span class='ocrx_word' id='word_1_606' title='bbox 2389 2719 2731 2789; x_wconf 84' lang='lat' dir='ltr'><strong>omnipotens</strong></span> <span class='ocrx_word' id='word_1_607' title='bbox 2754 2736 2773 2771; x_wconf 73' lang='grc' dir='ltr'><strong>ο</strong></span> <span class='ocrx_word' id='word_1_608' title='bbox 2806 2717 2874 2773; x_wconf 91' lang='lat' dir='ltr'><strong>de</strong></span> <span class='ocrx_word' id='word_1_609' title='bbox 2906 2717 3192 2772; x_wconf 88' lang='lat' dir='ltr'><strong>Salvatore</strong></span> <span class='ocrx_word' id='word_1_610' title='bbox 3246 2717 3649 2786; x_wconf 70' lang='lat' dir='ltr'><strong>pranlicabitur.</strong></span> 
     </span>
    </p>
   </div>
   <div class='ocr_carea' id='block_1_82' title="bbox 2075 2808 3653 2881">
    <p class='ocr_par' dir='ltr' id='par_1_82' title="bbox 2075 2808 3653 2881">
     <span class='ocr_line' id='line_1_82' title="bbox 2075 2808 3653 2881; baseline -0.002 -16"><span class='ocrx_word' id='word_1_611' title='bbox 2075 2810 2136 2865; x_wconf 89' lang='lat' dir='ltr'><strong>Si</strong></span> <span class='ocrx_word' id='word_1_612' title='bbox 2163 2811 2307 2866; x_wconf 90' lang='lat' dir='ltr'><strong>enim</strong></span> <span class='ocrx_word' id='word_1_613' title='bbox 2341 2828 2362 2862; x_wconf 73' lang='grc' dir='ltr'><strong>ε</strong></span> <span class='ocrx_word' id='word_1_614' title='bbox 2387 2810 2569 2865; x_wconf 88' lang='lat' dir='ltr'><strong>omnia</strong></span> <span class='ocrx_word' id='word_1_615' title='bbox 2617 2825 2714 2881; x_wconf 83' lang='lat' dir='ltr'><strong>per</strong></span> <span class='ocrx_word' id='word_1_616' title='bbox 2768 2809 2943 2879; x_wconf 90' lang='lat' dir='ltr'><strong>ipsum</strong></span> <span class='ocrx_word' id='word_1_617' title='bbox 2980 2808 3123 2865; x_wconf 80' lang='lat' dir='ltr'><strong>facta</strong></span> <span class='ocrx_word' id='word_1_618' title='bbox 3156 2818 3284 2864; x_wconf 87' lang='lat' dir='ltr'><strong>sunt</strong></span> <span class='ocrx_word' id='word_1_619' title='bbox 3306 2808 3373 2873; x_wconf 82' lang='lat'><strong>&quot;,</strong></span> <span class='ocrx_word' id='word_1_620' title='bbox 3398 2826 3420 2861; x_wconf 76' lang='grc' dir='ltr'><strong>ι</strong></span> <span class='ocrx_word' id='word_1_621' title='bbox 3454 2818 3507 2862; x_wconf 89' lang='lat' dir='ltr'><strong>et</strong></span> <span class='ocrx_word' id='word_1_622' title='bbox 3538 2809 3653 2874; x_wconf 86' lang='lat' dir='ltr'><strong>ipse</strong></span> 
     </span>
    </p>
   </div>
   <div class='ocr_carea' id='block_1_83' title="bbox 2068 2902 3581 2975">
    <p class='ocr_par' dir='ltr' id='par_1_83' title="bbox 2068 2902 3581 2975">
     <span class='ocr_line' id='line_1_83' title="bbox 2068 2902 3581 2975; baseline -0.001 -17"><span class='ocrx_word' id='word_1_623' title='bbox 2068 2912 2153 2958; x_wconf 77' lang='lat' dir='ltr'><strong>est</strong></span> <span class='ocrx_word' id='word_1_624' title='bbox 2181 2914 2306 2959; x_wconf 87' lang='lat' dir='ltr'><strong>ante</strong></span> <span class='ocrx_word' id='word_1_625' title='bbox 2334 2904 2540 2971; x_wconf 87' lang='lat' dir='ltr'><strong>omnia,</strong></span> <span class='ocrx_word' id='word_1_626' title='bbox 2572 2913 2969 2975; x_wconf 83' lang='lat' dir='ltr'><strong>consequenter</strong></span> <span class='ocrx_word' id='word_1_627' title='bbox 2998 2906 3341 2974; x_wconf 81' lang='lat' dir='ltr'><strong>ornnipotens</strong></span> <span class='ocrx_word' id='word_1_628' title='bbox 3360 2902 3581 2957; x_wconf 81' lang='lat' dir='ltr'><strong>dicitur.</strong></span> 
     </span>
    </p>
   </div>
   <div class='ocr_carea' id='block_1_84' title="bbox 2582 3168 3131 3225">
    <p class='ocr_par' dir='ltr' id='par_1_84' title="bbox 2582 3168 3131 3225">
     <span class='ocr_line' id='line_1_84' title="bbox 2582 3168 3131 3225; baseline 0 0"><span class='ocrx_word' id='word_1_629' title='bbox 2582 3168 2902 3225; x_wconf 77' lang='lat' dir='ltr'><strong>PSALMUS</strong></span> <span class='ocrx_word' id='word_1_630' title='bbox 2942 3169 3131 3225; x_wconf 82' lang='lat' dir='ltr'><strong>XXIV.</strong></span> 
     </span>
    </p>
   </div>
   <div class='ocr_carea' id='block_1_85' title="bbox 2141 3261 3651 3333">
    <p class='ocr_par' dir='ltr' id='par_1_85' title="bbox 2141 3261 3651 3333">
     <span class='ocr_line' id='line_1_85' title="bbox 2141 3261 3651 3333; baseline 0 -18"><span class='ocrx_word' id='word_1_631' title='bbox 2141 3264 2304 3321; x_wconf 78' lang='lat' dir='ltr'><strong>Vens.</strong></span> <span class='ocrx_word' id='word_1_632' title='bbox 2336 3263 2389 3317; x_wconf 77' lang='grc' dir='ltr'><strong>ι.</strong></span> <span class='ocrx_word' id='word_1_633' title='bbox 2410 3261 2817 3333; x_wconf 78' lang='lat' dir='ltr'><strong>Confundantur</strong></span> <span class='ocrx_word' id='word_1_634' title='bbox 2837 3279 3012 3317; x_wconf 78' lang='lat' dir='ltr'><strong>omnes</strong></span> <span class='ocrx_word' id='word_1_635' title='bbox 3043 3264 3222 3333; x_wconf 83' lang='lat' dir='ltr'><strong>iniqua</strong></span> <span class='ocrx_word' id='word_1_636' title='bbox 3245 3271 3452 3331; x_wconf 67' lang='lat' dir='ltr'><strong>agente:</strong></span> <span class='ocrx_word' id='word_1_637' title='bbox 3473 3278 3651 3330; x_wconf 76' lang='lat' dir='ltr'><strong>super-</strong></span> 
     </span>
    </p>
   </div>
   <div class='ocr_carea' id='block_1_86' title="bbox 2067 3354 3647 3424">
    <p class='ocr_par' dir='ltr' id='par_1_86' title="bbox 2067 3354 3647 3424">
     <span class='ocr_line' id='line_1_86' title="bbox 2067 3354 3647 3424; baseline -0.005 -11"><span class='ocrx_word' id='word_1_638' title='bbox 2067 3374 2250 3421; x_wconf 75' lang='lat' dir='ltr'><strong>vacue,</strong></span> <span class='ocrx_word' id='word_1_639' title='bbox 2284 3365 2393 3411; x_wconf 88' lang='lat' dir='ltr'><strong>etc.</strong></span> <span class='ocrx_word' id='word_1_640' title='bbox 2423 3354 2566 3409; x_wconf 87' lang='lat' dir='ltr'><strong>Fieri</strong></span> <span class='ocrx_word' id='word_1_641' title='bbox 2600 3355 2764 3411; x_wconf 80' lang='lat' dir='ltr'><strong>etiam</strong></span> <span class='ocrx_word' id='word_1_642' title='bbox 2788 3362 2972 3424; x_wconf 80' lang='lat' dir='ltr'><strong>potest</strong></span> <span class='ocrx_word' id='word_1_643' title='bbox 3014 3363 3073 3407; x_wconf 91' lang='lat' dir='ltr'><strong>ut</strong></span> <span class='ocrx_word' id='word_1_644' title='bbox 3109 3354 3231 3423; x_wconf 88' lang='lat' dir='ltr'><strong>quis</strong></span> <span class='ocrx_word' id='word_1_645' title='bbox 3252 3370 3355 3407; x_wconf 89' lang='lat' dir='ltr'><strong>non</strong></span> <span class='ocrx_word' id='word_1_646' title='bbox 3389 3369 3647 3422; x_wconf 80' lang='lat' dir='ltr'><strong>superva-</strong></span> 
     </span>
    </p>
   </div>
   <div class='ocr_carea' id='block_1_87' title="bbox 2068 3436 3649 3517">
    <p class='ocr_par' dir='ltr' id='par_1_87' title="bbox 2068 3436 3649 3517">
     <span class='ocr_line' id='line_1_87' title="bbox 2068 3436 3649 3517; baseline -0.001 -13"><span class='ocrx_word' id='word_1_647' title='bbox 2068 3465 2168 3505; x_wconf 89' lang='lat' dir='ltr'><strong>cue</strong></span> <span class='ocrx_word' id='word_1_648' title='bbox 2207 3448 2323 3503; x_wconf 84' lang='lat' dir='ltr'><strong>sine</strong></span> <span class='ocrx_word' id='word_1_649' title='bbox 2366 3448 2482 3517; x_wconf 87' lang='lat' dir='ltr'><strong>lege</strong></span> <span class='ocrx_word' id='word_1_650' title='bbox 2522 3447 2613 3511; x_wconf 89' lang='lat' dir='ltr'><strong>sit,</strong></span> <span class='ocrx_word' id='word_1_651' title='bbox 2642 3446 2794 3515; x_wconf 78' lang='lat' dir='ltr'><strong>juxta</strong></span> <span class='ocrx_word' id='word_1_652' title='bbox 2850 3445 2980 3499; x_wconf 92' lang='lat' dir='ltr'><strong>illud</strong></span> <span class='ocrx_word' id='word_1_653' title='bbox 2998 3446 3084 3498; x_wconf 66' lang='grc' dir='ltr'>ἰε</span> <span class='ocrx_word' id='word_1_654' title='bbox 3121 3436 3375 3503; x_wconf 70' lang='grc' dir='ltr'>«Εειοιυε</span> <span class='ocrx_word' id='word_1_655' title='bbox 3411 3464 3528 3501; x_wconf 91' lang='lat' dir='ltr'><strong>sum</strong></span> <span class='ocrx_word' id='word_1_656' title='bbox 3583 3448 3649 3502; x_wconf 85' lang='lat' dir='ltr'><strong>iis</strong></span> 
     </span>
    </p>
   </div>
   <div class='ocr_carea' id='block_1_88' title="bbox 2067 3539 3648 3609">
    <p class='ocr_par' dir='ltr' id='par_1_88' title="bbox 2067 3539 3648 3609">
     <span class='ocr_line' id='line_1_88' title="bbox 2067 3539 3648 3609; baseline 0 -15"><span class='ocrx_word' id='word_1_657' title='bbox 2067 3542 2158 3609; x_wconf 92' lang='lat' dir='ltr'><strong>qui</strong></span> <span class='ocrx_word' id='word_1_658' title='bbox 2191 3540 2309 3595; x_wconf 87' lang='lat' dir='ltr'><strong>sine</strong></span> <span class='ocrx_word' id='word_1_659' title='bbox 2337 3540 2454 3609; x_wconf 83' lang='lat' dir='ltr'><strong>lege</strong></span> <span class='ocrx_word' id='word_1_660' title='bbox 2479 3548 2659 3605; x_wconf 91' lang='lat' dir='ltr'><strong>erant,</strong></span> <span class='ocrx_word' id='word_1_661' title='bbox 2696 3548 2951 3609; x_wconf 82' lang='lat' dir='ltr'><strong>tanquam</strong></span> <span class='ocrx_word' id='word_1_662' title='bbox 2980 3540 3097 3593; x_wconf 89' lang='lat' dir='ltr'><strong>sine</strong></span> <span class='ocrx_word' id='word_1_663' title='bbox 3134 3539 3248 3609; x_wconf 86' lang='lat' dir='ltr'><strong>lege</strong></span> <span class='ocrx_word' id='word_1_664' title='bbox 3278 3553 3473 3595; x_wconf 84' lang='lat' dir='ltr'><strong>essem.</strong></span> <span class='ocrx_word' id='word_1_665' title='bbox 3500 3559 3519 3592; x_wconf 72' lang='grc' dir='ltr'><strong>ι</strong></span> <span class='ocrx_word' id='word_1_666' title='bbox 3551 3540 3648 3594; x_wconf 86' lang='lat' dir='ltr'><strong>llic</strong></span> 
     </span>
    </p>
   </div>
   <div class='ocr_carea' id='block_1_89' title="bbox 2068 3626 3649 3697">
    <p class='ocr_par' dir='ltr' id='par_1_89' title="bbox 2068 3626 3649 3697">
     <span class='ocr_line' id='line_1_89' title="bbox 2068 3626 3649 3697; baseline -0.001 -12"><span class='ocrx_word' id='word_1_667' title='bbox 2068 3639 2243 3685; x_wconf 89' lang='lat' dir='ltr'><strong>status</strong></span> <span class='ocrx_word' id='word_1_668' title='bbox 2270 3628 2429 3682; x_wconf 76' lang='lat' dir='ltr'><strong>exlex</strong></span> <span class='ocrx_word' id='word_1_669' title='bbox 2456 3642 2561 3681; x_wconf 93' lang='lat' dir='ltr'><strong>non</strong></span> <span class='ocrx_word' id='word_1_670' title='bbox 2590 3635 2676 3682; x_wconf 86' lang='lat' dir='ltr'><strong>est</strong></span> <span class='ocrx_word' id='word_1_671' title='bbox 2700 3642 3058 3697; x_wconf 79' lang='lat' dir='ltr'><strong>supervacue.</strong></span> <span class='ocrx_word' id='word_1_672' title='bbox 3083 3626 3371 3694; x_wconf 82' lang='lat' dir='ltr'><strong>Converte,</strong></span> <span class='ocrx_word' id='word_1_673' title='bbox 3402 3630 3649 3695; x_wconf 82' lang='lat' dir='ltr'><strong>Domine,</strong></span> 
     </span>
    </p>
   </div>
   <div class='ocr_carea' id='block_1_90' title="bbox 2068 3718 3648 3788">
    <p class='ocr_par' dir='ltr' id='par_1_90' title="bbox 2068 3718 3648 3788">
     <span class='ocr_line' id='line_1_90' title="bbox 2068 3718 3648 3788; baseline 0 -13"><span class='ocrx_word' id='word_1_674' title='bbox 2068 3719 2449 3775; x_wconf 79' lang='lat' dir='ltr'><strong>confusiOnem</strong></span> <span class='ocrx_word' id='word_1_675' title='bbox 2489 3719 2542 3772; x_wconf 90' lang='lat' dir='ltr'><strong>in</strong></span> <span class='ocrx_word' id='word_1_676' title='bbox 2580 3732 2674 3772; x_wconf 92' lang='lat' dir='ltr'><strong>eos</strong></span> <span class='ocrx_word' id='word_1_677' title='bbox 2721 3718 2817 3788; x_wconf 90' lang='lat' dir='ltr'><strong>qui</strong></span> <span class='ocrx_word' id='word_1_678' title='bbox 2864 3719 3154 3776; x_wconf 76' lang='lat' dir='ltr'><strong>adversum</strong></span> <span class='ocrx_word' id='word_1_679' title='bbox 3199 3736 3296 3775; x_wconf 90' lang='lat' dir='ltr'><strong>nos</strong></span> <span class='ocrx_word' id='word_1_680' title='bbox 3328 3721 3648 3775; x_wconf 87' lang='lat' dir='ltr'><strong>innocentes</strong></span> 
     </span>
    </p>
   </div>
   <div class='ocr_carea' id='block_1_91' title="bbox 2071 3808 3649 3882">
    <p class='ocr_par' dir='ltr' id='par_1_91' title="bbox 2071 3808 3649 3882">
     <span class='ocr_line' id='line_1_91' title="bbox 2071 3808 3649 3882; baseline 0.001 -17"><span class='ocrx_word' id='word_1_681' title='bbox 2071 3811 2257 3878; x_wconf 88' lang='lat' dir='ltr'><strong>inique</strong></span> <span class='ocrx_word' id='word_1_682' title='bbox 2294 3819 2486 3881; x_wconf 86' lang='lat' dir='ltr'><strong>agunt.</strong></span> <span class='ocrx_word' id='word_1_683' title='bbox 2526 3808 2638 3865; x_wconf 88' lang='lat' dir='ltr'><strong>Hoc</strong></span> <span class='ocrx_word' id='word_1_684' title='bbox 2688 3810 2834 3865; x_wconf 88' lang='lat' dir='ltr'><strong>enim</strong></span> <span class='ocrx_word' id='word_1_685' title='bbox 2871 3811 3143 3882; x_wconf 67' lang='lat' dir='ltr'><strong>significat</strong></span> <span class='ocrx_word' id='word_1_686' title='bbox 3172 3810 3303 3866; x_wconf 89' lang='lat' dir='ltr'><strong>illud</strong></span> <span class='ocrx_word' id='word_1_687' title='bbox 3343 3829 3363 3864; x_wconf 76' lang='grc' dir='ltr'><strong>ι</strong></span> <span class='ocrx_word' id='word_1_688' title='bbox 3387 3827 3649 3882; x_wconf 85' lang='lat' dir='ltr'><strong>superva-</strong></span> 
     </span>
    </p>
   </div>
   <div class='ocr_carea' id='block_1_92' title="bbox 2068 3918 2240 3958">
    <p class='ocr_par' dir='ltr' id='par_1_92' title="bbox 2068 3918 2240 3958">
     <span class='ocr_line' id='line_1_92' title="bbox 2068 3918 2240 3958; baseline -0.012 0"><span class='ocrx_word' id='word_1_689' title='bbox 2068 3918 2187 3958; x_wconf 86' lang='lat' dir='ltr'><strong>cue.</strong></span> <span class='ocrx_word' id='word_1_690' title='bbox 2220 3921 2240 3956; x_wconf 72' lang='grc' dir='ltr'><strong><em>ι</em></strong></span> 
     </span>
    </p>
   </div>
   <div class='ocr_carea' id='block_1_93' title="bbox 2152 3992 3645 4058">
    <p class='ocr_par' dir='ltr' id='par_1_93' title="bbox 2152 3992 3645 4058">
     <span class='ocr_line' id='line_1_93' title="bbox 2152 3992 3645 4058; baseline 0.003 -12"><span class='ocrx_word' id='word_1_691' title='bbox 2152 3992 2275 4047; x_wconf 67' lang='lat' dir='ltr'><strong>Via;</strong></span> <span class='ocrx_word' id='word_1_692' title='bbox 2306 4001 2451 4057; x_wconf 76' lang='lat' dir='ltr'><strong>tuas,</strong></span> <span class='ocrx_word' id='word_1_693' title='bbox 2495 3993 2741 4058; x_wconf 81' lang='lat' dir='ltr'><strong>Domine,</strong></span> <span class='ocrx_word' id='word_1_694' title='bbox 2795 3993 3101 4050; x_wconf 72' lang='lat' dir='ltr'><strong>demonstra</strong></span> <span class='ocrx_word' id='word_1_695' title='bbox 3141 3997 3274 4049; x_wconf 78' lang='lat' dir='ltr'><strong>mihi</strong></span> <span class='ocrx_word' id='word_1_696' title='bbox 3326 4005 3376 4050; x_wconf 87' lang='lat' dir='ltr'><strong>et</strong></span> <span class='ocrx_word' id='word_1_697' title='bbox 3429 3997 3645 4051; x_wconf 73' lang='lat' dir='ltr'><strong>seruitus</strong></span> 
     </span>
    </p>
   </div>
   <div class='ocr_carea' id='block_1_94' title="bbox 2068 4086 3638 4153">
    <p class='ocr_par' dir='ltr' id='par_1_94' title="bbox 2068 4086 3638 4153">
     <span class='ocr_line' id='line_1_94' title="bbox 2068 4086 3638 4153; baseline 0 -14"><span class='ocrx_word' id='word_1_698' title='bbox 2068 4096 2185 4139; x_wconf 71' lang='lat' dir='ltr'><strong>tua:</strong></span> <span class='ocrx_word' id='word_1_699' title='bbox 2214 4087 2375 4139; x_wconf 83' lang='lat' dir='ltr'><strong>edoce</strong></span> <span class='ocrx_word' id='word_1_700' title='bbox 2421 4101 2521 4149; x_wconf 84' lang='lat' dir='ltr'><strong>me,</strong></span> <span class='ocrx_word' id='word_1_701' title='bbox 2552 4096 2659 4141; x_wconf 85' lang='lat' dir='ltr'><strong>etc.</strong></span> <span class='ocrx_word' id='word_1_702' title='bbox 2692 4086 2794 4153; x_wconf 84' lang='lat' dir='ltr'><strong>Qui</strong></span> <span class='ocrx_word' id='word_1_703' title='bbox 2827 4086 2942 4139; x_wconf 88' lang='lat' dir='ltr'><strong>vult</strong></span> <span class='ocrx_word' id='word_1_704' title='bbox 2972 4102 3203 4143; x_wconf 84' lang='lat' dir='ltr'><strong>noscere</strong></span> <span class='ocrx_word' id='word_1_705' title='bbox 3254 4087 3367 4141; x_wconf 90' lang='lat' dir='ltr'><strong>vias</strong></span> <span class='ocrx_word' id='word_1_706' title='bbox 3400 4089 3638 4153; x_wconf 87' lang='lat' dir='ltr'><strong>Domini,</strong></span> 
     </span>
    </p>
   </div>
   <div class='ocr_carea' id='block_1_95' title="bbox 2068 4174 3639 4246">
    <p class='ocr_par' dir='ltr' id='par_1_95' title="bbox 2068 4174 3639 4246">
     <span class='ocr_line' id='line_1_95' title="bbox 2068 4174 3639 4246; baseline 0.001 -19"><span class='ocrx_word' id='word_1_707' title='bbox 2068 4174 2216 4228; x_wconf 86' lang='lat' dir='ltr'><strong>mitis</strong></span> <span class='ocrx_word' id='word_1_708' title='bbox 2237 4174 2352 4228; x_wconf 77' lang='lat' dir='ltr'><strong>fiat.</strong></span> <span class='ocrx_word' id='word_1_709' title='bbox 2379 4193 2398 4225; x_wconf 85' lang='grc'><strong>‹</strong></span> <span class='ocrx_word' id='word_1_710' title='bbox 2420 4175 2646 4229; x_wconf 87' lang='lat' dir='ltr'><strong>Docebit</strong></span> <span class='ocrx_word' id='word_1_711' title='bbox 2669 4193 2687 4226; x_wconf 85' lang='grc'><strong>›</strong></span> <span class='ocrx_word' id='word_1_712' title='bbox 2709 4175 2878 4241; x_wconf 85' lang='lat' dir='ltr'><strong>enim,</strong></span> <span class='ocrx_word' id='word_1_713' title='bbox 2898 4175 3091 4246; x_wconf 89' lang='lat' dir='ltr'><strong>inquit,</strong></span> <span class='ocrx_word' id='word_1_714' title='bbox 3114 4195 3132 4229; x_wconf 78' lang='grc' dir='ltr'><strong>ι</strong></span> <span class='ocrx_word' id='word_1_715' title='bbox 3154 4177 3311 4231; x_wconf 87' lang='lat' dir='ltr'><strong>mites</strong></span> <span class='ocrx_word' id='word_1_716' title='bbox 3329 4177 3442 4230; x_wconf 91' lang='lat' dir='ltr'><strong>vias</strong></span> <span class='ocrx_word' id='word_1_717' title='bbox 3460 4193 3602 4241; x_wconf 85' lang='lat' dir='ltr'><strong>suas,</strong></span> <span class='ocrx_word' id='word_1_718' title='bbox 3619 4196 3639 4229; x_wconf 76' lang='grc' dir='ltr'><strong>ι</strong></span> 
     </span>
    </p>
   </div>
   <div class='ocr_carea' id='block_1_96' title="bbox 2068 4267 3645 4338">
    <p class='ocr_par' dir='ltr' id='par_1_96' title="bbox 2068 4267 3645 4338">
     <span class='ocr_line' id='line_1_96' title="bbox 2068 4267 3645 4338; baseline 0.003 -18"><span class='ocrx_word' id='word_1_719' title='bbox 2068 4280 2193 4321; x_wconf 91' lang='lat' dir='ltr'><strong>cum</strong></span> <span class='ocrx_word' id='word_1_720' title='bbox 2250 4267 2642 4322; x_wconf 89' lang='lat' dir='ltr'><strong>indesinentem</strong></span> <span class='ocrx_word' id='word_1_721' title='bbox 2692 4267 2746 4320; x_wconf 88' lang='lat' dir='ltr'><strong>in</strong></span> <span class='ocrx_word' id='word_1_722' title='bbox 2786 4268 2968 4322; x_wconf 87' lang='lat' dir='ltr'><strong>anima</strong></span> <span class='ocrx_word' id='word_1_723' title='bbox 2996 4284 3226 4338; x_wconf 88' lang='lat' dir='ltr'><strong>pugnam</strong></span> <span class='ocrx_word' id='word_1_724' title='bbox 3262 4270 3559 4323; x_wconf 73' lang='lat' dir='ltr'><strong>iracundia:</strong></span> <span class='ocrx_word' id='word_1_725' title='bbox 3589 4281 3645 4325; x_wconf 84' lang='lat' dir='ltr'><strong>et</strong></span> 
     </span>
    </p>
   </div>
   <div class='ocr_carea' id='block_1_97' title="bbox 2070 4359 3643 4431">
    <p class='ocr_par' dir='ltr' id='par_1_97' title="bbox 2070 4359 3643 4431">
     <span class='ocr_line' id='line_1_97' title="bbox 2070 4359 3643 4431; baseline 0.003 -18"><span class='ocrx_word' id='word_1_726' title='bbox 2070 4359 2529 4428; x_wconf 57' lang='lat' dir='ltr'><strong>concupiscentia</strong></span> <span class='ocrx_word' id='word_1_727' title='bbox 2582 4373 2647 4413; x_wconf 88' lang='lat' dir='ltr'><strong>ac</strong></span> <span class='ocrx_word' id='word_1_728' title='bbox 2711 4369 3034 4415; x_wconf 68' lang='lat' dir='ltr'><strong>czeterornm</strong></span> <span class='ocrx_word' id='word_1_729' title='bbox 3092 4360 3381 4417; x_wconf 81' lang='lat' dir='ltr'><strong>aﬂ&#39;ectuum</strong></span> <span class='ocrx_word' id='word_1_730' title='bbox 3418 4364 3509 4431; x_wconf 88' lang='lat' dir='ltr'><strong>qui</strong></span> <span class='ocrx_word' id='word_1_731' title='bbox 3574 4364 3643 4418; x_wconf 87' lang='lat' dir='ltr'><strong>iis</strong></span> 
     </span>
    </p>
   </div>
   <div class='ocr_carea' id='block_1_98' title="bbox 2069 4448 3643 4519">
    <p class='ocr_par' dir='ltr' id='par_1_98' title="bbox 2069 4448 3643 4519">
     <span class='ocr_line' id='line_1_98' title="bbox 2069 4448 3643 4519; baseline 0.003 -18"><span class='ocrx_word' id='word_1_732' title='bbox 2069 4448 2919 4519; x_wconf 84' lang='lat' dir='ltr'><strong>subjiciuntur,compresserint.</strong></span> <span class='ocrx_word' id='word_1_733' title='bbox 2946 4452 3079 4507; x_wconf 91' lang='lat' dir='ltr'><strong>Illud</strong></span> <span class='ocrx_word' id='word_1_734' title='bbox 3114 4461 3326 4507; x_wconf 88' lang='lat' dir='ltr'><strong>autem:</strong></span> <span class='ocrx_word' id='word_1_735' title='bbox 3365 4472 3382 4503; x_wconf 75' lang='grc' dir='ltr'><strong>ι</strong></span> <span class='ocrx_word' id='word_1_736' title='bbox 3412 4454 3643 4506; x_wconf 80' lang='lat' dir='ltr'><strong>Demon-</strong></span> 
     </span>
    </p>
   </div>
   <div class='ocr_carea' id='block_1_99' title="bbox 2072 4542 3642 4613">
    <p class='ocr_par' dir='ltr' id='par_1_99' title="bbox 2072 4542 3642 4613">
     <span class='ocr_line' id='line_1_99' title="bbox 2072 4542 3642 4613; baseline 0.003 -19"><span class='ocrx_word' id='word_1_737' title='bbox 2072 4552 2182 4594; x_wconf 91' lang='lat' dir='ltr'><strong>stra</strong></span> <span class='ocrx_word' id='word_1_738' title='bbox 2216 4543 2371 4606; x_wconf 78' lang='lat' dir='ltr'><strong>mibi,</strong></span> <span class='ocrx_word' id='word_1_739' title='bbox 2406 4553 2460 4597; x_wconf 92' lang='lat' dir='ltr'><strong>et</strong></span> <span class='ocrx_word' id='word_1_740' title='bbox 2507 4542 2662 4610; x_wconf 84' lang='lat' dir='ltr'><strong>doce,</strong></span> <span class='ocrx_word' id='word_1_741' title='bbox 2692 4563 2710 4596; x_wconf 73' lang='grc' dir='ltr'><strong>ι</strong></span> <span class='ocrx_word' id='word_1_742' title='bbox 2766 4544 2832 4598; x_wconf 88' lang='lat' dir='ltr'><strong>ad</strong></span> <span class='ocrx_word' id='word_1_743' title='bbox 2874 4558 2961 4598; x_wconf 91' lang='lat' dir='ltr'><strong>res</strong></span> <span class='ocrx_word' id='word_1_744' title='bbox 3018 4544 3166 4613; x_wconf 85' lang='lat' dir='ltr'><strong>ipsas</strong></span> <span class='ocrx_word' id='word_1_745' title='bbox 3225 4544 3486 4598; x_wconf 79' lang='lat' dir='ltr'><strong>refertur.</strong></span> <span class='ocrx_word' id='word_1_746' title='bbox 3520 4543 3642 4599; x_wconf 84' lang='lat' dir='ltr'><strong>Vult</strong></span> 
     </span>
    </p>
   </div>
   <div class='ocr_carea' id='block_1_100' title="bbox 2068 4633 3644 4705">
    <p class='ocr_par' dir='ltr' id='par_1_100' title="bbox 2068 4633 3644 4705">
     <span class='ocr_line' id='line_1_100' title="bbox 2068 4633 3644 4705; baseline 0 -17"><span class='ocrx_word' id='word_1_747' title='bbox 2068 4633 2213 4688; x_wconf 86' lang='lat' dir='ltr'><strong>enim</strong></span> <span class='ocrx_word' id='word_1_748' title='bbox 2241 4634 2424 4690; x_wconf 86' lang='lat' dir='ltr'><strong>dicere</strong></span> <span class='ocrx_word' id='word_1_749' title='bbox 2451 4654 2463 4689; x_wconf 90' lang='lat'><strong>:</strong></span> <span class='ocrx_word' id='word_1_750' title='bbox 2489 4634 2657 4705; x_wconf 78' lang='lat'><strong>629</strong></span> <span class='ocrx_word' id='word_1_751' title='bbox 2687 4636 2966 4690; x_wconf 73' lang='lat' dir='ltr'><strong>(ionstitue</strong></span> <span class='ocrx_word' id='word_1_752' title='bbox 3002 4649 3089 4690; x_wconf 92' lang='lat' dir='ltr'><strong>me</strong></span> <span class='ocrx_word' id='word_1_753' title='bbox 3125 4636 3176 4689; x_wconf 89' lang='lat' dir='ltr'><strong>in</strong></span> <span class='ocrx_word' id='word_1_754' title='bbox 3208 4637 3486 4689; x_wconf 86' lang='lat' dir='ltr'><strong>actionum</strong></span> <span class='ocrx_word' id='word_1_755' title='bbox 3522 4644 3644 4690; x_wconf 79' lang='lat' dir='ltr'><strong>tua—</strong></span> 
     </span>
    </p>
   </div>
   <div class='ocr_carea' id='block_1_101' title="bbox 2071 4725 3644 4797">
    <p class='ocr_par' dir='ltr' id='par_1_101' title="bbox 2071 4725 3644 4797">
     <span class='ocr_line' id='line_1_101' title="bbox 2071 4725 3644 4797; baseline 0.001 -17"><span class='ocrx_word' id='word_1_756' title='bbox 2071 4741 2191 4781; x_wconf 89' lang='lat' dir='ltr'><strong>rum</strong></span> <span class='ocrx_word' id='word_1_757' title='bbox 2247 4725 2449 4793; x_wconf 85' lang='lat' dir='ltr'><strong>l&#39;rnctn,</strong></span> <span class='ocrx_word' id='word_1_758' title='bbox 2507 4727 2610 4781; x_wconf 83' lang='lat' dir='ltr'><strong>boc</strong></span> <span class='ocrx_word' id='word_1_759' title='bbox 2662 4736 2747 4782; x_wconf 92' lang='lat' dir='ltr'><strong>est</strong></span> <span class='ocrx_word' id='word_1_760' title='bbox 2777 4743 2790 4780; x_wconf 91' lang='lat'><strong>:</strong></span> <span class='ocrx_word' id='word_1_761' title='bbox 2820 4727 3005 4781; x_wconf 87' lang='lat' dir='ltr'><strong>Deduc</strong></span> <span class='ocrx_word' id='word_1_762' title='bbox 3052 4742 3137 4781; x_wconf 88' lang='lat' dir='ltr'><strong>me</strong></span> <span class='ocrx_word' id='word_1_763' title='bbox 3177 4728 3231 4781; x_wconf 82' lang='lat' dir='ltr'><strong>in</strong></span> <span class='ocrx_word' id='word_1_764' title='bbox 3268 4728 3485 4797; x_wconf 85' lang='lat' dir='ltr'><strong>propria</strong></span> <span class='ocrx_word' id='word_1_765' title='bbox 3519 4738 3644 4794; x_wconf 81' lang='lat' dir='ltr'><strong>tua;</strong></span> 
     </span>
    </p>
   </div>
   <div class='ocr_carea' id='block_1_102' title="bbox 2067 4818 3371 4876">
    <p class='ocr_par' dir='ltr' id='par_1_102' title="bbox 2067 4818 3371 4876">
     <span class='ocr_line' id='line_1_102' title="bbox 2067 4818 3371 4876; baseline -0.002 -1"><span class='ocrx_word' id='word_1_766' title='bbox 2067 4820 2209 4875; x_wconf 86' lang='lat' dir='ltr'><strong>unde</strong></span> <span class='ocrx_word' id='word_1_767' title='bbox 2236 4818 2399 4875; x_wconf 78' lang='lat' dir='ltr'><strong>infert</strong></span> <span class='ocrx_word' id='word_1_768' title='bbox 2436 4835 2451 4872; x_wconf 90' lang='lat'>:</span> <span class='ocrx_word' id='word_1_769' title='bbox 2491 4838 2510 4872; x_wconf 81' lang='grc' dir='ltr'><strong>ι</strong></span> <span class='ocrx_word' id='word_1_770' title='bbox 2543 4820 2723 4876; x_wconf 85' lang='lat' dir='ltr'><strong>Deduc</strong></span> <span class='ocrx_word' id='word_1_771' title='bbox 2754 4834 2841 4875; x_wconf 85' lang='lat' dir='ltr'><strong>me</strong></span> <span class='ocrx_word' id='word_1_772' title='bbox 2865 4820 2919 4875; x_wconf 90' lang='lat' dir='ltr'><strong>in</strong></span> <span class='ocrx_word' id='word_1_773' title='bbox 2950 4821 3183 4876; x_wconf 87' lang='lat' dir='ltr'><strong>veritate</strong></span> <span class='ocrx_word' id='word_1_774' title='bbox 3213 4831 3322 4876; x_wconf 90' lang='lat' dir='ltr'><strong>tua.</strong></span> <span class='ocrx_word' id='word_1_775' title='bbox 3351 4840 3371 4873; x_wconf 74' lang='grc' dir='ltr'><strong>ι</strong></span> 
     </span>
    </p>
   </div>
   <div class='ocr_carea' id='block_1_103' title="bbox 2142 5000 3644 5073">
    <p class='ocr_par' dir='ltr' id='par_1_103' title="bbox 2142 5000 3644 5073">
     <span class='ocr_line' id='line_1_103' title="bbox 2142 5000 3644 5073; baseline 0.002 -20"><span class='ocrx_word' id='word_1_776' title='bbox 2142 5000 2307 5058; x_wconf 71' lang='lat' dir='ltr'><strong>Vens.</strong></span> <span class='ocrx_word' id='word_1_777' title='bbox 2343 5002 2394 5057; x_wconf 87' lang='lat'><strong>7.</strong></span> <span class='ocrx_word' id='word_1_778' title='bbox 2445 5002 2652 5057; x_wconf 81' lang='lat' dir='ltr'><strong>Delicta</strong></span> <span class='ocrx_word' id='word_1_779' title='bbox 2691 5004 2981 5073; x_wconf 75' lang='lat' dir='ltr'><strong>juventutis</strong></span> <span class='ocrx_word' id='word_1_780' title='bbox 3031 5018 3179 5068; x_wconf 70' lang='lat' dir='ltr'><strong>mete,</strong></span> <span class='ocrx_word' id='word_1_781' title='bbox 3232 5012 3281 5056; x_wconf 85' lang='lat' dir='ltr'><strong>et</strong></span> <span class='ocrx_word' id='word_1_782' title='bbox 3315 5004 3644 5072; x_wconf 79' lang='lat' dir='ltr'><strong>ignorantias</strong></span> 
     </span>
    </p>
   </div>
   <div class='ocr_carea' id='block_1_104' title="bbox 2068 5093 3647 5165">
    <p class='ocr_par' dir='ltr' id='par_1_104' title="bbox 2068 5093 3647 5165">
     <span class='ocr_line' id='line_1_104' title="bbox 2068 5093 3647 5165; baseline 0.001 -18"><span class='ocrx_word' id='word_1_783' title='bbox 2068 5111 2211 5149; x_wconf 68' lang='lat' dir='ltr'><strong>mea;</strong></span> <span class='ocrx_word' id='word_1_784' title='bbox 2249 5110 2310 5149; x_wconf 86' lang='lat' dir='ltr'><strong>ne</strong></span> <span class='ocrx_word' id='word_1_785' title='bbox 2351 5093 2668 5162; x_wconf 77' lang='lat' dir='ltr'><strong>memineris,</strong></span> <span class='ocrx_word' id='word_1_786' title='bbox 2692 5104 2795 5150; x_wconf 91' lang='lat' dir='ltr'><strong>etc.</strong></span> <span class='ocrx_word' id='word_1_787' title='bbox 2835 5095 2911 5151; x_wconf 84' lang='lat' dir='ltr'><strong>Ea</strong></span> <span class='ocrx_word' id='word_1_788' title='bbox 2943 5095 3090 5151; x_wconf 84' lang='lat' dir='ltr'><strong>enim</strong></span> <span class='ocrx_word' id='word_1_789' title='bbox 3143 5110 3265 5165; x_wconf 82' lang='lat' dir='ltr'><strong>qua:</strong></span> <span class='ocrx_word' id='word_1_790' title='bbox 3300 5096 3477 5150; x_wconf 85' lang='lat' dir='ltr'><strong>adhuc</strong></span> <span class='ocrx_word' id='word_1_791' title='bbox 3517 5097 3647 5165; x_wconf 78' lang='lat' dir='ltr'><strong>quis</strong></span> 
     </span>
    </p>
   </div>
   <div class='ocr_carea' id='block_1_105' title="bbox 1535 5233 2477 5307">
    <p class='ocr_par' dir='ltr' id='par_1_105' title="bbox 1535 5233 2477 5307">
     <span class='ocr_line' id='line_1_105' title="bbox 1535 5233 2477 5307; baseline 0.004 -17"><span class='ocrx_word' id='word_1_792' title='bbox 1535 5235 1578 5267; x_wconf 77' lang='lat'><strong>&quot;</strong></span> <span class='ocrx_word' id='word_1_793' title='bbox 1611 5233 1764 5291; x_wconf 82' lang='lat' dir='ltr'><strong>Joan.</strong></span> <span class='ocrx_word' id='word_1_794' title='bbox 1798 5251 1841 5302; x_wconf 87' lang='grc' dir='ltr'><strong>ι,</strong></span> <span class='ocrx_word' id='word_1_795' title='bbox 1874 5235 1928 5292; x_wconf 78' lang='grc'>5.</span> <span class='ocrx_word' id='word_1_796' title='bbox 2004 5237 2051 5270; x_wconf 70' lang='grc' dir='ltr'>δ’</span> <span class='ocrx_word' id='word_1_797' title='bbox 2080 5236 2096 5292; x_wconf 91' lang='grc'><strong>1</strong></span> <span class='ocrx_word' id='word_1_798' title='bbox 2125 5236 2251 5292; x_wconf 90' lang='lat' dir='ltr'><strong>Cor.</strong></span> <span class='ocrx_word' id='word_1_799' title='bbox 2278 5254 2353 5307; x_wconf 80' lang='lat' dir='ltr'><strong>ix,</strong></span> <span class='ocrx_word' id='word_1_800' title='bbox 2386 5239 2477 5296; x_wconf 78' lang='lat'><strong>2|.</strong></span> 
     </span>
    </p>
   </div>
   <div class='ocr_carea' id='block_1_106' title="bbox 2064 5352 2483 5416">
    <p class='ocr_par' dir='ltr' id='par_1_106' title="bbox 2064 5352 2483 5416">
     <span class='ocr_line' id='line_1_106' title="bbox 2064 5352 2483 5416; baseline 0 -9"><span class='ocrx_word' id='word_1_801' title='bbox 2064 5353 2160 5416; x_wconf 88' lang='lat' dir='ltr'><strong>bii,</strong></span> <span class='ocrx_word' id='word_1_802' title='bbox 2190 5352 2483 5407; x_wconf 84' lang='lat' dir='ltr'><strong>Barbarus.</strong></span> 
     </span>
    </p>
   </div>
   <div class='ocr_carea' id='block_1_107' title="bbox 2137 5423 3639 5495">
    <p class='ocr_par' dir='ltr' id='par_1_107' title="bbox 2137 5423 3639 5495">
     <span class='ocr_line' id='line_1_107' title="bbox 2137 5423 3639 5495; baseline 0.005 -19"><span class='ocrx_word' id='word_1_803' title='bbox 2137 5423 2354 5495; x_wconf 34' lang='lat'><strong>(92)]0</strong></span> <span class='ocrx_word' id='word_1_804' title='bbox 2384 5423 2576 5479; x_wconf 70' lang='grc' dir='ltr'>θέλων</span> <span class='ocrx_word' id='word_1_805' title='bbox 2624 5423 2866 5495; x_wconf 62' lang='grc' dir='ltr'>γνῶναι,</span> <span class='ocrx_word' id='word_1_806' title='bbox 2909 5434 3015 5481; x_wconf 86' lang='lat' dir='ltr'><strong>etc.</strong></span> <span class='ocrx_word' id='word_1_807' title='bbox 3070 5425 3297 5482; x_wconf 65' lang='lat' dir='ltr'><strong>Scbedre</strong></span> <span class='ocrx_word' id='word_1_808' title='bbox 3333 5427 3544 5493; x_wconf 82' lang='lat' dir='ltr'><strong>Grabii,</strong></span> <span class='ocrx_word' id='word_1_809' title='bbox 3585 5436 3639 5483; x_wconf 87' lang='lat' dir='ltr'><strong>et</strong></span> 
     </span>
    </p>
   </div>
   <div class='ocr_carea' id='block_1_108' title="bbox 2066 5492 3077 5559">
    <p class='ocr_par' dir='ltr' id='par_1_108' title="bbox 2066 5492 3077 5559">
     <span class='ocr_line' id='line_1_108' title="bbox 2066 5492 3077 5559; baseline 0.007 -15"><span class='ocrx_word' id='word_1_810' title='bbox 2066 5492 2237 5550; x_wconf 80' lang='lat' dir='ltr'><strong>codex</strong></span> <span class='ocrx_word' id='word_1_811' title='bbox 2267 5492 2652 5559; x_wconf 77' lang='lat' dir='ltr'><strong>Coislinianns,</strong></span> <span class='ocrx_word' id='word_1_812' title='bbox 2679 5512 2743 5550; x_wconf 85' lang='lat' dir='ltr'><strong>ac</strong></span> <span class='ocrx_word' id='word_1_813' title='bbox 2783 5496 3077 5551; x_wconf 86' lang='lat' dir='ltr'><strong>Barbarus.</strong></span> 
     </span>
    </p>
   </div>
   <div class='ocr_carea' id='block_1_109' title="bbox 2138 5560 3632 5637">
    <p class='ocr_par' dir='ltr' id='par_1_109' title="bbox 2138 5560 3632 5637">
     <span class='ocr_line' id='line_1_109' title="bbox 2138 5560 3632 5637; baseline 0.002 -20"><span class='ocrx_word' id='word_1_814' title='bbox 2138 5564 2249 5634; x_wconf 79' lang='lat'><strong>(95)</strong></span> <span class='ocrx_word' id='word_1_815' title='bbox 2278 5565 2404 5637; x_wconf 53' lang='grc' dir='ltr'><strong>’ξφ</strong></span> <span class='ocrx_word' id='word_1_816' title='bbox 2426 5560 2525 5637; x_wconf 2' lang='grc' dir='ltr'>,οἷς</span> <span class='ocrx_word' id='word_1_817' title='bbox 2554 5565 2803 5637; x_wconf 67' lang='grc' dir='ltr'>γάρὲτι,</span> <span class='ocrx_word' id='word_1_818' title='bbox 2836 5576 2945 5620; x_wconf 78' lang='lat' dir='ltr'><strong>etc.</strong></span> <span class='ocrx_word' id='word_1_819' title='bbox 2991 5567 3217 5623; x_wconf 68' lang='lat' dir='ltr'><strong>Scbedze</strong></span> <span class='ocrx_word' id='word_1_820' title='bbox 3265 5568 3474 5633; x_wconf 85' lang='lat' dir='ltr'><strong>Grabii,</strong></span> <span class='ocrx_word' id='word_1_821' title='bbox 3508 5584 3632 5637; x_wconf 86' lang='lat' dir='ltr'><strong>par-</strong></span> 
     </span>
    </p>
   </div>
   <div class='ocr_carea' id='block_1_110' title="bbox 446 5624 3647 5701">
    <p class='ocr_par' dir='ltr' id='par_1_110' title="bbox 446 5624 3647 5701">
     <span class='ocr_line' id='line_1_110' title="bbox 446 5624 3647 5701; baseline 0.005 -26"><span class='ocrx_word' id='word_1_822' title='bbox 446 5624 556 5692; x_wconf 86' lang='lat'><strong>(90)</strong></span> <span class='ocrx_word' id='word_1_823' title='bbox 582 5624 899 5701; x_wconf 56' lang='lat' dir='ltr'><strong>Ayvdyem-</strong></span> <span class='ocrx_word' id='word_1_824' title='bbox 930 5626 1312 5701; x_wconf 52' lang='lat' dir='ltr'><strong>(inmanem.</strong></span> <span class='ocrx_word' id='word_1_825' title='bbox 1358 5628 1586 5700; x_wconf 81' lang='lat' dir='ltr'><strong>Didymo</strong></span> <span class='ocrx_word' id='word_1_826' title='bbox 1615 5630 1802 5687; x_wconf 88' lang='lat' dir='ltr'><strong>tribuit</strong></span> <span class='ocrx_word' id='word_1_827' title='bbox 1822 5633 1959 5688; x_wconf 86' lang='lat' dir='ltr'><strong>Bar-</strong></span> <span class='ocrx_word' id='word_1_828' title='bbox 2063 5624 2267 5701; x_wconf 71' lang='lat' dir='ltr'><strong>ﬁnique</strong></span> <span class='ocrx_word' id='word_1_829' title='bbox 2294 5624 2901 5690; x_wconf 59' lang='lat' dir='ltr'><strong>Gorderitt&#39;s.&#39;l‘ionntrlla</strong></span> <span class='ocrx_word' id='word_1_830' title='bbox 2938 5645 3119 5691; x_wconf 86' lang='lat' dir='ltr'><strong>tamen</strong></span> <span class='ocrx_word' id='word_1_831' title='bbox 3152 5640 3343 5691; x_wconf 85' lang='lat' dir='ltr'><strong>iisdem</strong></span> <span class='ocrx_word' id='word_1_832' title='bbox 3373 5624 3488 5693; x_wconf 77' lang='lat' dir='ltr'><strong>fere</strong></span> <span class='ocrx_word' id='word_1_833' title='bbox 3510 5624 3647 5692; x_wconf 61' lang='grc' dir='ltr'>νει--</span> 
     </span>
    </p>
   </div>
   <div class='ocr_carea' id='block_1_111' title="bbox 379 5694 1404 5767">
    <p class='ocr_par' dir='ltr' id='par_1_111' title="bbox 379 5694 1404 5767">
     <span class='ocr_line' id='line_1_111' title="bbox 379 5694 1404 5767; baseline 0.007 -20"><span class='ocrx_word' id='word_1_834' title='bbox 379 5708 566 5767; x_wconf 71' lang='lat' dir='ltr'><strong>Durus,</strong></span> <span class='ocrx_word' id='word_1_835' title='bbox 595 5694 715 5767; x_wconf 63' lang='lat' dir='ltr'><strong>alia!</strong></span> <span class='ocrx_word' id='word_1_836' title='bbox 750 5711 878 5749; x_wconf 87' lang='lat' dir='ltr'><strong>vero</strong></span> <span class='ocrx_word' id='word_1_837' title='bbox 902 5698 1133 5767; x_wconf 60' lang='lat' dir='ltr'><strong>Calptttv</strong></span> <span class='ocrx_word' id='word_1_838' title='bbox 1165 5698 1404 5767; x_wconf 83' lang='lat' dir='ltr'><strong>Origeni.</strong></span> 
     </span>
    </p>
   </div>
   <div class='ocr_carea' id='block_1_112' title="bbox 450 5764 1959 5841">
    <p class='ocr_par' dir='ltr' id='par_1_112' title="bbox 450 5764 1959 5841">
     <span class='ocr_line' id='line_1_112' title="bbox 450 5764 1959 5841; baseline 0.01 -24"><span class='ocrx_word' id='word_1_839' title='bbox 450 5764 560 5833; x_wconf 75' lang='lat' dir='ltr'><strong>(9i)</strong></span> <span class='ocrx_word' id='word_1_840' title='bbox 600 5764 774 5819; x_wconf 85' lang='grc' dir='ltr'>Ἔστι</span> <span class='ocrx_word' id='word_1_841' title='bbox 815 5766 915 5820; x_wconf 82' lang='grc' dir='ltr'>καὶ</span> <span class='ocrx_word' id='word_1_842' title='bbox 956 5765 1043 5838; x_wconf 80' lang='grc' dir='ltr'>μὴ</span> <span class='ocrx_word' id='word_1_843' title='bbox 1076 5764 1393 5841; x_wconf 63' lang='grc' dir='ltr'>διακενῖῆς,</span> <span class='ocrx_word' id='word_1_844' title='bbox 1439 5779 1548 5827; x_wconf 80' lang='lat' dir='ltr'><strong>etc.</strong></span> <span class='ocrx_word' id='word_1_845' title='bbox 1580 5770 1806 5830; x_wconf 62' lang='lat' dir='ltr'><strong>Scheda</strong></span> <span class='ocrx_word' id='word_1_846' title='bbox 1826 5773 1959 5833; x_wconf 76' lang='lat' dir='ltr'><strong>Cra-</strong></span> 
     </span>
    </p>
   </div>
   <div class='ocr_carea' id='block_1_113' title="bbox 2063 5705 3640 5778">
    <p class='ocr_par' dir='ltr' id='par_1_113' title="bbox 2063 5705 3640 5778">
     <span class='ocr_line' id='line_1_113' title="bbox 2063 5705 3640 5778; baseline 0.003 -20"><span class='ocrx_word' id='word_1_847' title='bbox 2063 5706 2149 5760; x_wconf 88' lang='lat' dir='ltr'><strong>bis</strong></span> <span class='ocrx_word' id='word_1_848' title='bbox 2180 5706 2380 5762; x_wconf 81' lang='lat' dir='ltr'><strong>habent</strong></span> <span class='ocrx_word' id='word_1_849' title='bbox 2407 5705 2694 5775; x_wconf 76' lang='lat' dir='ltr'><strong>Eusebius,</strong></span> <span class='ocrx_word' id='word_1_850' title='bbox 2723 5716 2779 5762; x_wconf 89' lang='lat' dir='ltr'><strong>ct</strong></span> <span class='ocrx_word' id='word_1_851' title='bbox 2814 5705 3076 5778; x_wconf 82' lang='lat' dir='ltr'><strong>Didymus</strong></span> <span class='ocrx_word' id='word_1_852' title='bbox 3123 5710 3175 5765; x_wconf 91' lang='lat' dir='ltr'><strong>in</strong></span> <span class='ocrx_word' id='word_1_853' title='bbox 3202 5709 3407 5765; x_wconf 74' lang='lat' dir='ltr'><strong>Catena</strong></span> <span class='ocrx_word' id='word_1_854' title='bbox 3434 5707 3640 5765; x_wconf 79' lang='lat' dir='ltr'><strong>Barba-</strong></span> 
     </span>
    </p>
   </div>
   <div class='ocr_carea' id='block_1_114' title="bbox 2066 5778 2133 5832">
    <p class='ocr_par' dir='ltr' id='par_1_114' title="bbox 2066 5778 2133 5832">
     <span class='ocr_line' id='line_1_114' title="bbox 2066 5778 2133 5832; baseline 0 -1"><span class='ocrx_word' id='word_1_855' title='bbox 2066 5778 2133 5832; x_wconf 88' lang='lat' dir='ltr'><strong>ri.</strong></span> 
     </span>
    </p>
   </div>
  </div>
