4100 6404
459 290 593 345 1271

1844 303 1931 358 EX
1974 304 2275 361 ORIGENE

3590 313 3729 370 1272

459 408 749 463 committit
791 420 1050 479 peccata,
1101 428 1206 465 non
1263 416 1574 482 confitetur,
1620 435 1797 488 neque
1848 438 1945 492 pro
1981 425 2036 479 iis

2147 443 2231 489 τις
2263 427 2362 478 οὐκ
2397 425 2794 497 ἐξομολογεῖται
2832 428 3126 499 μετανοῶν·
3163 428 3237 491 ὡς
3273 429 3364 483 καὶ
3401 428 3467 480 τὰ
3509 430 3574 481 ὲκ
3608 429 3727 483 νεό-

461 503 837 571 ιιιιιυῐιεηιίιιιη
870 506 997 575 agit.
1036 505 1130 560 Sic
1163 516 1218 560 et
1250 523 1370 577 quae
1402 511 1453 562 in
1492 511 1779 581 juventute
1822 528 2041 584 peccata

459 604 586 646 sunt
620 602 675 647 et
709 609 807 663 per
861 595 1221 663 ignorantiam
1259 599 1526 667 admissa,
1565 619 1670 657 non
1715 608 1944 677 amplius
1974 612 2044 664 ab

457 700 522 737 eo
566 687 656 755 qui
699 701 727 738 a
773 685 1056 753 juventutc
1091 691 1344 757 excessit,
1379 696 1812 751 committuntur.
1863 700 2045 757 Potest

457 785 635 827 autent
659 772 966 843 jnventutis
997 778 1215 832 nomine
1261 796 1473 834 morum
1520 782 1845 843 inslabilitas
1876 790 2043 859 signi-

456 866 635 931 ficari,
670 868 892 936 quando
924 869 1047 939 quis
1083 871 1340 939 ignorans
1374 887 1585 943 peccat,
1622 879 1793 934 donec
1823 882 1968 937 Deus
1992 885 2041 937 ei

454 958 545 1025 qui
566 958 830 1028 ejusmodi
856 969 962 1023 est,
979 975 1198 1016 sensum
1225 964 1444 1019 tribuat.
1473 968 1680 1023 Dictum
1701 983 1785 1027 est
1807 975 2037 1029 enim”:

459 1068 479 1100 ι
519 1049 587 1105 Ut
642 1052 734 1106 det
788 1052 1130 1121 simplicibus
1184 1058 1518 1115 astutiam.»
1588 1062 1852 1119 Caeterum
1924 1069 2040 1123 haec

455 1140 642 1197 Davidi
680 1158 787 1196 non
829 1154 1161 1214 congruunt,
1217 1148 1371 1217 cujus
1427 1154 1632 1209 nullum
1669 1158 1925 1213 delictum
1951 1161 2040 1229 ju-

455 1233 695 1287 ventuiis
728 1247 1085 1301 memoratur,
1118 1242 1212 1294 sed
1246 1253 1476 1297 cunctos
1512 1247 1694 1314 potius
1731 1250 1821 1318 qui
1856 1251 1908 1304 in
1943 1252 2038 1322 ju-

454 1323 650 1377 venilia
688 1340 914 1393 pcccata
951 1330 1281 1398 inciderunt,
1314 1337 1513 1391 docent
1541 1354 1604 1392 ea
1649 1348 1900 1409 tanquam
1946 1358 2040 1397 ve-

458 1425 574 1468 tera
629 1417 853 1473 vulnera
914 1424 1206 1478 ostendere
1257 1425 1305 1479 ei
1348 1427 1438 1494 qui
1490 1443 1586 1496 per
1637 1432 2035 1489 confessionem

454 1523 584 1561 cura
596 1524 653 1563 re
683 1521 881 1579 potest.
1002 1520 1007 1525 '

531 1601 835 1656 Secundum
890 1605 1309 1662 misericordiam
1355 1618 1497 1665 tuam
1537 1624 1793 1669 memento
1824 1620 1923 1671 mei
1954 1628 2032 1685 tu,

451 1703 663 1760 propter
677 1695 956 1763 bonitatem
979 1709 1146 1767 (nam,
1166 1701 1405 1766 Domine,
1424 1705 1671 1761 etc.Cutn
1689 1708 1939 1765 homines
1957 1728 2035 1767 re-

453 1786 769 1851 cordantur,
794 1802 971 1842 rerum
990 1804 1123 1858 quas
1146 1793 1293 1860 prius
1313 1805 1578 1849 noverant
1596 1796 1744 1853 ideas
1765 1801 1815 1852 in
1840 1803 2034 1870 seipsis

448 1875 708 1944 excitant.
740 1879 812 1932 At
860 1878 1025 1946 Deus,
1061 1897 1184 1936 cum
1225 1885 1563 1942 rationabilis
1599 1899 1809 1943 naturae
1838 1893 2035 1945 memi-

451 1969 551 2031 nit,
588 1969 640 2022 in
679 1971 793 2039 ipsa
831 1982 933 2026 est.
980 1971 1149 2043 llujus
1201 1975 1345 2029 enim
1389 1976 1590 2031 dicitur
1626 1981 1943 2037 meminisse
1979 1984 2032 2037 in

448 2073 607 2126 quem
640 2061 806 2114 venit.
848 2061 1003 2116 Venit
1031 2072 1210 2118 autem
1244 2066 1396 2135 prius
1426 2081 1523 2134 per
1563 2084 1747 2123 rerum
1781 2072 2031 2140 specula-

451 2152 675 2217 tionem,
696 2162 885 2221 postea
925 2169 1054 2210 vero
1089 2170 1187 2226 per
1218 2157 1298 2212 sui
1322 2158 1495 2226 ipsius
1524 2163 1921 2230 cognitionem.

527 2328 688 2384 Vens.
717 2332 771 2395 8,
805 2331 856 2387 9.
894 2333 1079 2389 Dulcis
1111 2348 1159 2390 et
1187 2347 1357 2393 rectus
1377 2339 1633 2393 Dominus
1659 2358 1676 2394 :
1701 2353 1911 2407 promer
1937 2345 2033 2399 hoc

450 2423 612 2491 legem
643 2423 789 2477 dabit
819 2425 1239 2496 delinquentibus
1273 2431 1327 2485 in
1362 2432 1463 2485 via.
1502 2431 1702 2501 Diriget
1730 2450 2032 2491 mansuetos

450 2515 502 2568 in
524 2517 973 2585 judicio,docebit
990 2520 1138 2575 mites
1177 2522 1288 2576 vias
1327 2535 1596 2589 suas,etc.
1620 2545 1637 2576 ι
1657 2524 1810 2580 .lusto
1832 2546 1851 2580 ι
1880 2528 2025 2581 enim

457 2626 474 2658 ι
501 2607 584 2661 lex
616 2624 720 2662 non
754 2618 839 2664 est
863 2610 1035 2677 posita
1055 2606 1477 2683 “"JPropterea,
1504 2616 1699 2685 inquit,
1724 2618 1850 2687 quia
1870 2619 2033 2688 justi-

453 2701 525 2752 tia
559 2701 607 2754 ei
655 2700 819 2766 inest,
867 2702 1037 2771 legent
1084 2704 1172 2758 dat
1204 2705 1650 2776 delinquentibus
1697 2710 1749 2763 in
1784 2711 1889 2776 via,
1927 2712 2030 2769 hoc

448 2802 551 2857 est,
588 2804 805 2849 revocat
831 2804 1147 2864 peccatores
1168 2797 1234 2851 ad
1264 2798 1542 2866 pietatem,
1571 2808 1623 2855 et
1652 2804 2031 2870 peccatoribus

449 2885 690 2954 quidem,
727 2887 923 2956 inquit,
957 2888 1192 2944 ostendit
1233 2890 1528 2958 justitiam,
1561 2892 1685 2948 aliis
1721 2904 1899 2949 autent
1930 2896 2031 2951 bo-

449 2979 693 3045 nitatem,
738 2980 880 3036 unde
918 2980 1119 3036 infert:
1157 3000 1176 3033 ι
1207 2981 1412 3053 Diriget
1459 2996 1773 3041 mansuetos
1803 2986 1855 3040 in
1879 2986 2022 3057 judiv

449 3070 554 3138 cio,
592 3071 808 3129 docebit
841 3074 999 3130 mites
1031 3076 1147 3129 vias
1174 3089 1321 3130 suas.
1349 3096 1368 3128 ι

519 3353 685 3408 Vens.
730 3353 817 3410 16.
867 3352 1081 3425 Respice
1128 3355 1184 3409 in
1230 3371 1308 3410 me
1357 3364 1408 3409 et
1453 3357 1699 3410 miserere
1749 3357 1873 3423 mei,
1904 3359 2031 3429 quia

449 3445 642 3500 unicus
688 3456 735 3500 et
784 3464 986 3514 pauper
1035 3464 1150 3501 sum
1197 3463 1312 3517 ego,
1358 3456 1471 3504 etc.
1514 3447 1617 3514 Qui
1676 3450 1858 3504 omnia
1901 3451 2033 3506 dicit

450 3550 506 3594 ct
548 3542 657 3610 agit
698 3548 756 3593 ut
788 3541 974 3595 "Deum
1007 3550 1321 3609 cognoscat,
1353 3541 1399 3596 is
1432 3542 1621 3598 oculos
1658 3543 1856 3598 animae
1889 3559 2034 3600 sem-

452 3644 551 3698 per
608 3629 768 3683 liabet
830 3630 897 3683 ad
963 3629 1268 3683 Dominum.
1323 3630 1380 3685 Si
1434 3631 1556 3701 quis
1606 3633 1856 3703 spiritum
1898 3636 2032 3688 ado-

452 3719 654 3789 ptionis
699 3718 933 3773 filiorum
967 3733 1071 3773 non
1101 3721 1328 3788 accepit,
1363 3735 1542 3792 neque
1588 3734 1905 3779 sanctarum
1940 3741 2033 3794 po-

455 3819 715 3864 testatum
754 3825 853 3865 ncc
893 3810 1066 3879 ipsius
1097 3809 1298 3868 Christi
1334 3811 1504 3871 frater
1533 3814 1764 3871 effectus
1810 3825 1915 3884 est,
1948 3817 2031 3872 di-

454 3913 545 3958 cat
577 3918 639 3957 se
680 3916 801 3958 esse
841 3902 1058 3957 unicum
1105 3912 1161 3958 et
1207 3918 1504 3974 pauperem
1541 3906 1749 3963 divitiis
1793 3909 2035 3963 scientiaa

454 3997 748 4067 privatum.
792 3996 1046 4051 Arbitror
1093 4005 1277 4051 autem
1331 3998 1500 4053 David
1555 4015 1666 4069 prae
1707 4002 1873 4056 animi
1921 4019 2036 4057 mo-

460 4089 634 4146 tlestia
665 4090 763 4144 bos
810 4105 1092 4146 sermones
1126 4104 1325 4145 canere
1356 4110 1367 4144 :
1397 4091 1604 4147 incerta
1638 4095 1784 4148 enim
1818 4105 1873 4149 et
1911 4095 2037 4149 abs-

452 4185 668 4240 condita
704 4184 988 4254 sapientia:
1025 4198 1136 4239 sua:
1168 4184 1218 4238 ei
1256 4183 1705 4241 manifestaverat
1733 4189 1893 4242 Deus.

525 4365 694 4419 Vens.
728 4366 816 4429 l7,
854 4364 941 4420 18.
990 4363 1380 4419 Tribulationes
1420 4367 1595 4420 cordis
1640 4369 1739 4420 mei
1776 4366 2036 4435 multipli-

2145 534 2306 586 τητος
2339 519 2701 590 ἡμαρτημένα
2736 523 2829 573 καὶ
2864 520 3178 591 ἠγνοημὲνα
3210 520 3394 573 οὐκέτι
3425 521 3729 593 ἐνεργεῖται

2144 606 2222 677 τῷ
2253 608 2353 677 τὴν
2393 609 2622 679 νεότητα
2655 610 3018 683 διαϐεϐηκότι.
3055 612 3217 680 Λέγοι
3246 612 3298 664 ’δ’
3329 612 3394 666 ἄν
3426 629 3510 676 τις
3538 613 3728 683 νεότηο

2143 715 2233 762 τος
2258 698 2354 751 καί
2384 700 2445 751 τὸ
2473 700 2566 753 τοῦ
2599 702 2760 772 ἤθους
2794 702 3046 767 ἄστατον,
3072 702 3162 755 ὅτε
3190 719 3276 766 τις
3308 702 3517 770 ἀγνοῶν
3551 703 3729 774 ἀμαρ-

2142 790 2313 857 τάνει,
2355 792 2513 862 μέχρι
2559 793 2692 857 Θεὸς
2738 792 2992 862 αἴσθησιν
3035 792 3113 863 τῷ
3143 792 3371 865 τοιούτῳ
3408 792 3723 866 χαρίζηται.

2143 866 2379 951 Εἴρηται
2404 882 2531 953 γὰρ,
2557 884 2704 938 «Ἵνα
2731 883 2805 954 δῷ
2825 883 3052 947 ἀκάκοις
3080 884 3432 957 πανουργίαν.
3450 905 3467 937 ι
3493 885 3607 955 Οὐχ
3636 885 3731 956 ἁρ-

2147 972 2332 1041 μόττει
2360 972 2416 1025 δὲ
2445 973 2617 1028 ταῦτα
2648 975 2724 1046 τῷ
2751 976 2932 1041 Δαυῒδ,
2979 972 3040 1032 οὗ
3075 977 3242 1048 μηδὲν
3277 978 3582 1049 ἁμάρτημα
3612 979 3727 1033 νεόν

2141 1080 2303 1133 τητος
2339 1066 2583 1138 φέρεται,
2626 1069 2761 1123 ἀλλὰ
2803 1070 3013 1134 πάντας
3063 1069 3262 1140 μᾶλλον
3311 1070 3554 1124 διδάσκει
3596 1072 3725 1136 τοὺς

2142 1158 2633 1227 περιπεπτωκότας
2667 1160 3030 1232 ἁμαρτήμασι
3078 1164 3423 1231 νεωτερικοϊς
3474 1161 3729 1233 καθάπερ

2139 1248 2428 1319 τραύματα
2459 1249 2663 1313 παλαιὰ
2694 1251 2972 1306 δεικνύναι
3004 1252 3177 1306 ταῦτα
3214 1252 3292 1324 τῷ
3322 1253 3605 1325 δυναμένῳ
3639 1253 3726 1308 θε-

2144 1339 2411 1409 ραπεῦσαι
2442 1341 2530 1395 διὰ
2567 1344 2665 1413 τῆς
2696 1343 3152 1415 ἐξομολογήσεως.

2210 1638 2373 1690 Κατὰ
2401 1638 2466 1690 τὸ
2501 1637 2675 1705 ἔλεός
2714 1657 2831 1694 σου
2872 1640 3177 1710 μνήσθητί
3199 1659 3341 1712 μου,
3382 1642 3591 1695 ἕνεκεν
3614 1644 3726 1712 τῆς

2138 1727 2549 1793 χρηστότητός
2575 1742 2712 1794 σου,
2732 1726 2926 1800 Κύριε,
2946 1750 2999 1785 κ.
3022 1750 3072 1784 τ.
3097 1733 3142 1785 ἐ.
3167 1732 3298 1785 'AvO
3309 1749 3478 1803 ρωποι
3500 1733 3597 1802 μὲν
3615 1732 3724 1803 (94)

2141 1814 2573 1883 μνημονεύοντές
2603 1834 2785 1881 τινων,
2824 1819 2924 1883 τὰς
2950 1822 3058 1875 τῶν
3094 1820 3559 1892 προεγνωσμένων
3592 1840 3727 1891 φαν-

2135 1906 2329 1968 τασίας
2362 1907 2711 1961 ἀνακινοῦσιν
2739 1912 2799 1963 ἐν
2828 1912 3062 1973 ἑαυτοῖς·
3105 1910 3238 1975 Θεὸς
3278 1912 3336 1964 δὲ
3371 1913 3726 1984 μνημονεύων

2137 1996 2359 2067 λογικῆς
2380 1996 2615 2065 φύσεως,
2642 2000 2698 2053 ὲν
2724 2002 2861 2072 αὐτῇ
2888 2002 3116 2069 γίνεται.
3149 2001 3352 2054 Τούτου
3378 2004 3485 2075 γὰρ
3507 2004 3724 2073 λέγεται

2140 2087 2450 2157 μεμνῆσθαι
2486 2091 2545 2143 ὲν
2576 2084 2619 2158 ᾧ
2651 2093 2837 2162 χωρεῖ.
2886 2094 3069 2163 Χωρεῖ
3104 2093 3161 2144 δὲ
3208 2094 3473 2165 πρότερον
3504 2096 3603 2165 μὲν
3636 2094 3725 2147 διὰ

2134 2175 2236 2244 τῆς
2267 2175 2376 2229 τῶν
2410 2178 2711 2246 γεγονότων
2753 2178 3006 2252 θεωρίας,
3050 2181 3240 2235 ἔπειτα
3274 2182 3331 2234 δὲ
3372 2184 3466 2236 καὶ
3504 2183 3593 2238 διὰ
3623 2185 3724 2255 τῆς

2134 2266 2390 2335 γνώσεως
2420 2271 2521 2340 τῆς
2554 2273 2771 2329 ἑαυτοῦ.

2202 2361 2477 2429 Χρηστὸς
2504 2364 2603 2416 καὶ
2631 2366 2811 2431 εὐθὺς
2850 2370 2883 2420 ό
2915 2368 3150 2435 Κύριος-
3190 2368 3287 2423 διὰ
3333 2370 3508 2423 τοῦτο
3538 2386 3718 2439 νομο-

2134 2450 2373 2517 θετήσει
2400 2452 2855 2523 ἁμαρτάνοντας
2878 2456 2948 2510 ἐν
2986 2456 3122 2523 ὀδῷ.
3164 2458 3481 2529 Ὀδηγήσει
3516 2460 3727 2529 πραεῖς

2134 2543 2203 2595 ἐν
2245 2545 2460 2612 κρίσει,
2502 2541 2730 2612 διδάξει
2772 2548 2985 2617 πραεῖς
3027 2549 3210 2617 ὁδοὺς
3260 2551 3465 2618 αὑτοῦ,
3514 2570 3567 2606 κ.
3594 2570 3645 2609 τ.
3674 2556 3722 2609 ἑ.

2153 2654 2170 2684 «ι
2205 2636 2410 2706 Δικαίῳ
2441 2635 2548 2706 γὰρ
2579 2637 2687 2707 (95)
2726 2639 2886 2708 νόμος
2924 2640 2984 2690 ού
3026 2643 3218 2694 κεῖται.
3257 2660 3275 2693 ι
3314 2645 3412 2698 Διὰ
3444 2645 3551 2716 γὰρ
3594 2649 3722 2701 ταύ-

2147 2743 2263 2796 την,
2302 2729 2454 2798 φησι,
2481 2727 2581 2797 τὴν
2608 2728 2809 2791 αἰτίαν,
2837 2730 3022 2799 ἐπειδὴ
3057 2731 3341 2801 πρόσεστιν
3366 2734 3514 2804 αὐτῷ
3542 2737 3633 2788 καὶ
3659 2740 3720 2789 τὸ

2145 2816 2383 2883 δίκαιον,
2431 2818 2708 2889 νομοθετεῖ
2752 2819 3151 2889 ἁμαρτάνουσιν
3195 2823 3252 2874 ἐν
3295 2822 3418 2893 ὁδῷ,
3443 2826 3716 2879 τουτέστιν

2146 2910 2473 2982 ὑποστρέφει
2509 2910 2634 2974 τοὺς
2681 2911 3092 2981 ἁμαρτάνοντας
3136 2910 3273 2966 εἶναι
3303 2916 3383 2977 εἰς
3411 2915 3713 2980 εὐσέϐειαν,

2145 3004 2239 3056 καὶ
2273 3005 2400 3074 περὶ
2434 3002 2532 3074 μὲν
2564 3004 2689 3066 τοὺς
2723 3003 3162 3074 ἁμαρτάνοντας,
3192 3007 3388 3075 φησὶν,
3416 3007 3717 3060 ἐπιδείκνυ-

2058 3130 2102 3187 C
2143 3112 2232 3147 ται
2259 3094 2319 3147 τὸ
2344 3096 2572 3159 δίκαιον,
2606 3094 2733 3165 περὶ
2768 3094 2824 3155 δὲ
2851 3096 2978 3159 τοὺς
3011 3095 3202 3159 ἄλλους
3229 3096 3326 3167 τὴν
3355 3099 3715 3169 χρηστότητα,

2141 3186 2263 3241 ὃθεν
2292 3184 2560 3255 ἐπιφέρειο
2598 3203 2616 3235 ι
2666 3186 2949 3256 Ὀἲηγήσει
2980 3191 3173 3257 πραεῖς
3203 3189 3259 3241 ὲν
3290 3188 3486 3260 κρίσει,
3515 3190 3715 3255 διδάξει

2143 3279 2337 3347 πραεῖς
2363 3276 2515 3340 ὁδοὺς
2545 3275 2728 3330 αὑτοῦ.
2765 3296 2782 3326 ι

2221 3375 2587 3443 Ἐπίὄλεψον
2603 3375 2696 3427 ἐπ’
2715 3373 2821 3443 ἐμὲ
2849 3373 2945 3428 καὶ
2972 3374 3234 3441 ἐλέησόν
3245 3390 3344 3442 με,
3367 3372 3453 3426 ὅτι
3478 3386 3729 3442 μονογε-

2136 3465 2250 3535 νὴς
2279 3466 2377 3519 καὶ
2415 3467 2651 3533 πτωχός
2685 3467 2802 3534 εἰμι
2832 3464 2965 3533 ἐγὼ,
3003 3481 3057 3516 κ.
3091 3481 3140 3517 τ.
3168 3464 3213 3518 ἑ.
3258 3465 3315 3516 Ὁ
3338 3464 3517 3517 πάντα
3551 3461 3728 3533 πράτ-

2134 3575 2242 3615 των
2273 3557 2383 3628 (96)
2420 3559 2514 3611 καὶ
2546 3558 2718 3626 λέγων
2762 3557 2863 3627 τῆς
2908 3557 3001 3609 τοῦ
3043 3554 3180 3609 Θεοῦ
3230 3555 3484 3626 γνώσεως
3515 3555 3725 3618 ἕνεκεν,

2136 3652 2263 3714 τοὺς
2316 3649 2630 3720 ὀφθαλμοὺς
2659 3648 2759 3719 τῆς
2791 3648 2967 3719 ψυχῆς
3011 3648 3303 3711 διαπαντὸς
3329 3648 3441 3718 ἔχει
3473 3649 3609 3721 πρὸς
3637 3649 3728 3701 τὸν

2137 3743 2361 3815 Κύριον.
2398 3742 2466 3796 Εἴ
2513 3759 2597 3806 τις
2642 3740 2913 3805 υἱοθεσίας
2957 3743 3059 3795 οὐκ
3104 3741 3265 3795 ἔλαϐε
3310 3739 3549 3811 πνεῦμα,
3604 3741 3727 3793 οὐδὲ

2137 3835 2244 3888 τῶν
2280 3833 2450 3903 ἁγίων
2482 3833 2768 3905 δυνάμεων
2813 3834 2912 3886 καὶ
2956 3831 3122 3885 αὐτοῦ
3167 3831 3264 3885 τοῦ
3298 3831 3535 3904 Χριστοῦ
3568 3831 3729 3900 γέγο-

2138 3946 2228 3981 νεν
2277 3926 2526 3995 ἀδελφὸς,
2575 3925 2780 3995 λεγέτω
2830 3925 3127 3996 μονογενὴς
3170 3921 3308 3978 εἶναι
3367 3924 3460 3977 καὶ
3513 3922 3730 3993 πτωχὸς

2139 4018 2503 4091 ἐστερημένος
2531 4017 2624 4071 τοῦ
2653 4017 2886 4071 πλούτου
2914 4017 3016 4088 τῆς
3046 4016 3321 4086 γνώσεως.
3358 4012 3525 4086 Οἶμαι
3551 4015 3606 4068 δὲ
3639 4015 3732 4070 τὸν

2139 4109 2304 4164 Δαυῒδ
2358 4107 2719 4181 μετριάζοντα
2765 4107 2986 4171 τούτους
3032 4107 3178 4179 ᾅδειν
3225 4107 3352 4170 τοὺς
3403 4106 3613 4175 λόγους·
3661 4105 3732 4159 τὰ

2140 4201 2311 4273 ἄδηλα
2354 4200 2463 4271 γὰρ
2501 4200 2598 4254 καὶ
2646 4199 2713 4253 τὰ
2762 4200 2971 4272 κρύφια
3015 4200 3115 4271 τῆς
3152 4199 3342 4269 σοφίας
3374 4197 3539 4252 αὐτοῦ
3570 4196 3729 4268 δεδή..

2142 4296 2314 4348 λωκεν
2352 4292 2504 4363 αὐτῷ
2533 4295 2561 4346 ὀ
2590 4292 2744 4356 Θεός.

2211 4387 2280 4438 Αἱ
2332 4385 2573 4451 θλίψεις
2620 4382 2729 4451 τῆς
2778 4383 3027 4452 καρδίας
3070 4400 3190 4451 μου
3234 4382 3729 4449 ἐ·πληθύνοησαν’

454 4469 586 4511 cum:
617 4465 739 4511 sunt
769 4473 785 4510 :
817 4456 881 4511 de
910 4458 1305 4512 necessitatibus
1347 4458 1475 4535 meis
1505 4473 1629 4512 erue
1657 4475 1757 4514 me.
1791 4456 1916 4511 Vide
1940 4460 2036 4511 Im-

2140 4477 2209 4530 ἐκ
2243 4477 2362 4532 τῶν
2392 4475 2673 4545 ἀναγκῶν
2694 4493 2814 4545 μου
2859 4473 3115 4544 ἐξάγαγέ
3149 4489 3243 4542 με.
3299 4472 3423 4526 Ἴδε
3470 4472 3586 4539 τὴν
3629 4489 3734 4525 τα-

454 4552 733 4606 militatem
789 4565 957 4603 meam
996 4563 1042 4602 et
1081 4548 1314 4604 laborem
1357 4567 1553 4616 meum,
1595 4562 1641 4604 et
1675 4551 1880 4605 dimitte
1917 4552 2036 4604 nni-

453 4644 831 4698 cersa'delicta
869 4659 1008 4704 mea.
1058 4652 1164 4699 etc.
1214 4641 1333 4697 Non
1383 4646 1562 4699 omnis
1614 4643 1768 4698 labor
1812 4653 2034 4714 peccata

455 4735 668 4802 eximit,
706 4736 799 4789 sed
837 4734 927 4789 ille
953 4735 1044 4804 qui
1079 4743 1301 4804 propter
1324 4735 1489 4806 630
1512 4736 1798 4789 Dominum
1833 4735 2040 4804 agendo

458 4826 809 4893 impenditur.
847 4825 1146 4880 Contentus
1176 4834 1315 4893 esto,
1350 4827 1547 4896 inquit,
1584 4826 1833 4891 Domine,
1875 4826 2038 4880 illatis

458 4917 590 4971 mitti
642 4916 1107 4985 tribulationibus,
1162 4928 1219 4975 et
1263 4921 1454 4975 decide
1500 4918 1703 4988 aliquid
1761 4936 1827 4975 ex
1877 4933 2037 4988 poena

455 5025 620 5081 quam
671 5020 892 5081 propter
936 5012 1257 5070 delictorum
1310 5013 1713 5068 multitudinem
1768 5014 2033 5068 sustineo.

458 5103 790 5157 llumiliatur
845 5103 935 5173 qui
1002 5121 1106 5160 non
1143 5106 1289 5176 loqui
1345 5108 1510 5160 audet
1564 5106 1636 5160 ob
1687 5115 2035 5175 peccatorum

457 5194 874 5259 conscientiam,
908 5204 964 5249 et
1004 5195 1217 5253 laborat
1257 5203 1478 5267 propter
1524 5195 1736 5275 fructus
1773 5196 2040 5265 poeniten-

458 5286 567 5342 tite.

529 5407 578 5439 ⁸⁸
614 5407 777 5465 Prov.
812 5427 853 5476 ιο,
881 5409 934 5464 4.
1012 5410 1060 5442 ⁵⁸
1083 5410 1104 5465 l
1128 5408 1271 5464 Tim.
1305 5424 1343 5475 ι,
1370 5409 1426 5464 9.

533 5544 645 5617 (94)
677 5547 1009 5616 Ἄνθρωποι
1027 5548 1165 5617 μέν,
1205 5557 1312 5603 etc.
1365 5547 1590 5603 Scheda:
1631 5546 1837 5610 Grabii,
1866 5548 2032 5603 codex
2076 5557 2083 5562 '

460 5613 844 5678 Coislinianus,
875 5613 1172 5674 Barbarus.

536 5683 648 5762 (9:3)
669 5687 1042 5762 Amatgydg,
1073 5698 1178 5762 etc.
1212 5688 1436 5762 Schedm
1467 5688 1649 5746 Grabii
1675 5733 1688 5757 ,
1734 5687 2031 5755 Barbarus,

462 5759 771 5825 partimque
803 5759 975 5815 codex
1000 5759 1384 5815 Coislinianus.

2146 4567 2435 4622 πείνωσίν
2448 4584 2588 4636 μου,
2610 4567 2707 4620 καὶ
2739 4564 2846 4618 τὸν
2865 4566 3058 4617 κόπον
3071 4580 3213 4630 μου,
3235 4561 3330 4614 καὶ
3357 4560 3507 4629 ἄφες
3527 4560 3733 4627 πάσας

2146 4657 2253 4723 τὰς
2283 4659 2572 4728 ἁμαρτίας
2599 4674 2740 4726 μου,
2774 4673 2826 4708 κ.
2852 4672 2900 4707 τ.
2937 4655 2983 4705 ἑ.
3028 4654 3102 4706 Ού
3140 4653 3249 4715 πᾶς
3294 4651 3461 4714 κόπος
3487 4650 3597 4722 (97)
3629 4668 3730 4703 πε-

2150 4754 2353 4822 ριαιρεῖ
2372 4750 2666 4823 ἁμαρτίας,
2689 4746 2802 4800 ἀλλ’
2823 4747 2852 4797 ὁ
2875 4745 2962 4797 διὰ
2987 4743 3078 4797 τὸν
3110 4742 3313 4815 Κύριον
3345 4745 3411 4813 τῇ
3451 4745 3729 4813 πρακτικῇ

2147 4841 2592 4912 προσγινόμενος.
2627 4828 2973 4907 Ἀρκέσθητι,
3002 4833 3157 4905 φησὶ,
3181 4833 3581 4895 Δέσποτα,ταῖς
3629 4833 3735 4883 ὲπ-

2148 4930 2489 5002 ενεχθείσαις
2503 4923 2841 4999 μοιθλίψεσι,
2868 4921 2964 4977 καὶ
2993 4919 3286 4992 περίκοψον
3324 4921 3388 4972 ὲκ
3422 4919 3521 4988 τῆς
3552 4918 3733 4990 δίκης,

2145 5021 2213 5091 ἢν
2243 5021 2428 5091 ὑπέχω
2460 5019 2549 5072 διὰ
2577 5017 2640 5070 τὸ
2686 5014 2890 5083 πλῆθος
2933 5012 3042 5066 τῶν
3087 5011 3594 5083 πλημμελημάτων.
3630 5011 3733 5062 Τα-

2147 5112 2426 5166 πεινοῦταὶ
2453 5128 2535 5175 τις
2556 5108 3002 5180 ἀπαρρησίαστος
3027 5103 3102 5157 ὦν
3130 5106 3193 5157 ἐκ
3212 5105 3313 5174 τῆς
3338 5102 3447 5155 τῶν
3476 5103 3729 5172 ἁμαρτη-

2151 5204 2335 5275 μάτων
2369 5201 2794 5272 συναισθήσεως,
2830 5200 2924 5252 καὶ
2967 5197 3166 5269 κάμνει
3213 5194 3304 5249 διὰ
3347 5194 3592 5266 καρποὺς
3642 5209 3733 5263 με-

2145 5296 2380 5358 τανοίας.

2218 5547 2328 5618 (96)
2367 5548 2430 5600 Ὀ
2464 5544 2660 5618 πάντα
2687 5543 2983 5618 πράττων,
3004 5549 3112 5597 etc.
3137 5538 3315 5595 Codex
3343 5536 3729 5601 Coislinianus,

2144 5615 2356 5691 schedia
2389 5617 2595 5691 Graltji.
2636 5615 2927 5691 Barbarus.
3013 5681 3045 5691 _
3104 5680 3117 5691 _
3221 5680 3253 5691 ﬂ
3297 5679 3307 5691 ι
3348 5678 3377 5691 ι,

2218 5687 2327 5757 (97)
2359 5689 2439 5740 0i:
2472 5684 2590 5750 πᾶς
2622 5686 2826 5751 κόπος,
2865 5696 2972 5739 ctc.
3007 5680 3186 5739 Codex
3216 5678 3469 5740 Coislin.,
3519 5678 3731 5731 scheibe

2146 5757 2356 5826 Grabii,
2384 5757 2678 5812 Barbarus.
