4100 6434
391 320 532 374 1275

1829 317 1921 373 EX
1956 319 2264 375 οιιιοΕΝΕ

3531 327 3672 382 1976

387 447 441 492 et
471 438 537 492 ad
575 438 852 508 propriqu
883 446 1130 493 centrum
1166 437 1422 505 respicit,
1463 438 1766 493 circumdat
1805 441 1961 495 altare

2080 442 2267 512 βλέπει
2302 441 2437 512 πρὸς
2464 441 2662 514 ἑαυτὴν
2707 443 2802 496 καὶ
2844 443 2904 496 τὸ
2938 442 3068 499 ἴδιον
3104 444 3348 517 κέντρον,
3387 445 3579 500 κυκλοῖ
3609 450 3699 502 τὸ’

389 529 515 594 Dei,
550 546 650 584 nec
675 531 840 584 ullum
875 539 1135 600 operatur
1161 530 1416 599 angulum
1444 532 1538 598 qui
1570 532 1974 600 corruptionem

385 633 548 691 queat
582 623 824 692 recipere
871 640 886 677 :
941 641 959 672 ι
997 622 1311 690 lnsipientia
1339 622 1484 675 enim
1518 623 1568 674 in
1603 624 1812 691 angulis
1843 625 1975 678 insi-

386 715 566 768 diatur
593 715 636 747 ⁵⁸
659 755 674 781 ,
714 734 732 766 ι
767 714 842 768 ait
873 715 1094 778 sapiens
1145 713 1422 767 Salomon.
1469 714 1560 767 Est
1594 724 1772 767 autem
1809 715 1978 770 altare

386 821 771 873 corporeorum
828 815 883 860 ct
943 807 1389 875 incorporeorum
1443 807 1870 875 contemplatio,
1921 809 1974 862 in

383 911 487 964 qua
525 905 856 964 expurgatur
902 913 1054 952 meus
1075 937 1091 963 ,
1125 913 1284 965 quam
1318 898 1408 965 qui
1445 899 1768 965 circumdat,
1797 901 1847 955 id
1871 912 1974 966 εει,

384 988 556 1053 novit,
591 989 636 1041 is
669 997 894 1042 enarrat
922 990 1106 1042 omnia
1142 989 1409 1042 mirabilia
1445 989 1558 1046 Dei.

453 1081 618 1138 Vens.
670 1083 725 1145 8,
772 1082 843 1148 9,
896 1084 985 1139 10.
1041 1083 1299 1142 Domine.
1338 1084 1498 1138 dilexi
1523 1085 1762 1138 decorem
1787 1085 1976 1138 domus

381 1182 523 1241 tum,
573 1184 622 1228 et
667 1174 839 1229 locum
887 1175 1232 1229 habitationis
1282 1174 1464 1245 gloria:
1503 1187 1628 1230 true.
1667 1175 1748 1231 Ne
1784 1177 1973 1245 perdas

2081 534 2464 606 θυσιαστήριον
2496 535 2591 588 τοῦ
2617 535 2772 588 Θεοῦ·
2803 537 3074 608 μηδεμίαν
3096 540 3298 606 γωνίαν
3324 539 3666 613 ἐργαζομένη

2080 627 2286 699 φθορᾶς
2317 628 2592 700 δεκτικήνο
2632 628 2774 700 «Τὴν
2814 629 2922 699 γὰρ
2950 629 3262 701 ἀφροσύνην
3295 632 3497 699 γωνίαν
3528 651 3667 707 παρ-

2078 719 2318 790 εδρεύειν
2340 741 2356 771 ι
2391 722 2418 774 6
2452 721 2613 788 σοφός
2649 737 2780 789 φησι
2816 720 3084 791 Σολομὼν.
3115 723 3270 774 Ἔστι
3295 722 3349 775 δὲ
3372 725 3670 796 θυσιαστή-

2082 831 2195 886 ριον
2223 815 2492 883 σωμάτων
2523 812 2726 885 θεωρία
2752 814 2845 867 καὶ
2873 813 3205 884 ἀσωμάτων,
3247 819 3304 868 ἐν
3412 816 3664 889 καθαίρε-

2076 923 2166 958 ται
2196 904 2338 968 νοῦς·
2375 906 2440 976 ἢν
2482 905 2510 956 6
2547 903 2857 970 κυκλώσας,
2908 906 3187 959 τουτέστιν
3233 906 3509 976 ἐγνωκὼς,
3553 907 3669 978 διη-

2076 1000 2255 1066 γεῖται
2281 997 2459 1050 πάντα
2484 996 2554 1051 τὰ
2585 995 2867 1068 θαυμάσια
2892 996 2987 1049 τοῦ
3013 997 3169 1050 Θεοῦ.

2147 1089 2346 1156 Κύριε,
2402 1087 2696 1157 ἠγάπησα
2743 1087 3110 1156 εὐπρέπειαν
3162 1087 3334 1142 οἴκου
3382 1104 3523 1148 σου,
3564 1086 3662 1142 sed.

2075 1177 2263 1230 τόπον
2295 1176 2688 1246 σκηνώματπ
2719 1176 2905 1244 δόξης
2933 1193 3070 1232 σου.
3099 1176 3197 1246 Μὴ
3227 1177 3665 1246 συναπολέσῃς

381 1283 499 1320 cum
550 1269 721 1337 impiis
761 1269 995 1321 animam
1026 1285 1195 1322 meam
1221 1307 1235 1330 ,
1267 1278 1314 1320 et
1346 1283 1466 1320 cum
1499 1269 1624 1321 viris
1656 1269 1961 1336 sanguinun.

2068 1269 2223 1337 μετὰ
2252 1268 2490 1322 ἀσεϐῶν
2517 1266 2632 1336 τὴν
2675 1267 2888 1338 ψυχήν
2911 1286 3053 1338 μου,
3093 1270 3192 1322 καὶ
3231 1268 3382 1338 μετὰ
3426 1268 3664 1337 ἀνδρῶν

383 1361 539 1412 vitam
588 1376 788 1424 meam,
835 1361 890 1414 in
924 1377 1150 1430 quorum
1199 1359 1442 1412 manibus
1483 1359 1788 1426 iniquitates
1830 1367 1972 1413 sunt.

385 1448 612 1504 Dextera
653 1468 834 1506 eorum
877 1453 1072 1520 repleta
1098 1463 1171 1504 est
1197 1449 1505 1504 muneribus
1533 1492 1547 1515 ,
1581 1461 1684 1508 etc.
1718 1453 1971 1507 Animam

380 1540 666 1598 allectibus
693 1543 1175 1598 incuntaminatam
1205 1546 1439 1598 servavi.

453 1634 729 1704 Ejusdem.
761 1637 1042 1705 Tanquam
1074 1636 1252 1707 justus
1277 1641 1450 1708 possit
1487 1653 1591 1692 una
1635 1651 1757 1690 cum
1791 1636 1973 1707 impiis

378 1728 554 1794 perdi.
600 1727 714 1780 haec
739 1727 835 1782 ait.
879 1729 945 1782 Et
985 1729 1258 1782 Abraham
1304 1731 1370 1784 ad
1408 1730 1576 1784 Demn
1609 1746 1624 1784 :
1663 1749 1682 1782 ι
1723 1729 1969 1798 Nunquid

376 1819 590 1889 perdes,
617 1835 634 1867 ι
672 1821 865 1888 inquit,
896 1841 912 1870 ι
940 1821 984 1853 ⁸⁷
1013 1822 1218 1890 justum
1241 1839 1361 1878 cum
1383 1824 1575 1892 impio,
1597 1823 1966 1892 eteritjustus
2003 1798 2042 1852 Β

375 1913 515 1966 sicut
534 1913 754 1981 impius?
779 1933 797 1964 ι
822 1914 914 1969 llis
931 1915 1107 1970 verbis
1133 1917 1394 1970 utendum
1425 1929 1508 1971 est
1527 1932 1653 1986 erga
1682 1915 1965 1985 religiosus

374 2003 523 2059 viros
571 2013 667 2060 aut
725 2003 955 2061 fetniuas
998 2007 1089 2077 qui
1134 2008 1213 2062 vel
1259 2023 1379 2078 qum
1407 2023 1509 2062 una
1539 2024 1662 2063 cum
1702 2008 1858 2061 malis
1886 2007 1964 2060 vi-

373 2104 524 2150 vuut.

448 2187 723 2256 Ejusdem.
777 2209 795 2242 ι
855 2190 1086 2246 Dextera
1141 2207 1330 2245 eorum
1384 2192 1588 2260 repleta
1639 2200 1722 2246 est
1774 2205 1965 2246 mune-

374 2274 546 2329 ribus.
611 2296 630 2328 ι
689 2277 952 2344 Quoniam
1008 2281 1350 2350 iniquitatem
1402 2282 1607 2350 operati
1650 2292 1799 2346 sunt,
1841 2281 1962 2336 ideo

374 2365 654 2424 dexteram
689 2386 841 2426 suam
875 2372 1194 2430 muneribus
1221 2372 1603 2444 impleverunt.

887 2651 1116 2708 PSALM
1129 2651 1218 2708 US
1249 2653 1341 2708 XX
1353 2651 1438 2709 Vl.

442 2741 609 2798 Vens.
670 2743 724 2798 Ι.
789 2742 1044 2799 Dominus
1101 2744 1423 2798 illuminatio
1476 2761 1592 2800 mea
1639 2757 1684 2798 et
1729 2742 1965 2799 salvator

372 2855 541 2902 meus,
569 2853 719 2907 quem
745 2837 958 2891 timebo?
996 2837 1251 2890 Dominus
1279 2846 1542 2905 protector
1584 2837 1701 2891 vitae
1729 2853 1887 2898 mete,
1929 2853 1962 2890 a

374 2946 477 2999 quo
516 2930 822 2998 trepidabo?
851 2939 960 2984 etc.
1010 2929 1136 2983 Haec
1170 2927 1311 2984 dicet
1346 2928 1430 2980 vir
1464 2927 1620 2982 l'ortis
1643 2937 1695 2982 et
1732 2928 1960 2984 scientia

377 3022 751 3088 ilhuninatus,
798 3022 980 3092 qualis
1024 3031 1138 3077 erat
1191 3021 1238 3076 is
1280 3020 1372 3090 qui
1411 3021 1625 3075 dicebat
1653 3020 1702 3054 ⁸⁸
1731 3039 1745 3076 :
1777 3039 1797 3072 ι
1827 3021 1960 3088 Quis

371 3129 468 3167 nos
499 3113 781 3184 separabit
823 3129 852 3168 a
885 3113 1149 3168 charitate
1173 3109 1424 3170 Christi?
1471 3129 1489 3160 ι
1521 3113 1732 3168 Etenim
1757 3115 1800 3170 si
1833 3130 1962 3170 vere

367 3206 618 3261 Christus
651 3222 748 3276 pro
777 3207 935 3262 nobis
967 3247 981 3270 ,
1015 3207 1081 3261 ad
1112 3207 1338 3262 nihilum
1375 3209 1638 3280 redigitur
1663 3209 1841 3263 omnis
1867 3207 1958 3277 qui

369 3309 556 3352 contra
577 3314 673 3354 nos
699 3307 804 3353 est.
825 3299 880 3353 Si
905 3309 1084 3354 autem
1106 3302 1205 3354 ista
1233 3302 1418 3367 verba,
1442 3321 1459 3353 ι
1487 3305 1609 3358 vitae
1623 3317 1775 3366 mea‘,
1805 3319 1824 3353 ι
1853 3316 1957 3356 ιιοη

370 3391 735 3457 intelligamus
762 3391 826 3444 de
850 3406 918 3446 eo
942 3393 1030 3459 qui
1063 3391 1142 3446 ait
1168 3393 1214 3425 ⁸⁸
1251 3409 1264 3446 :
1293 3411 1312 3445 ι
1352 3393 1460 3463 Ego
1488 3409 1606 3447 sum
1639 3395 1778 3459 vita,
1811 3411 1833 3447 ο
1865 3393 1958 3447 sed

368 3482 697 3549 simpliciter
717 3481 784 3536 de
811 3483 1081 3537 communi
1112 3484 1244 3548 vita,
1271 3500 1379 3538 non
1413 3485 1517 3540 erit
1553 3486 1814 3540 Dominus
1837 3485 1960 3540 vita:

370 3588 666 3646 martyrum
699 3587 996 3650 protector.
1027 3578 1167 3644 Quin
1190 3587 1244 3633 et
1284 3578 1504 3644 Paulus,
1534 3595 1654 3634 cum
1689 3579 1825 3632 dixit
1863 3597 1878 3633 :
1912 3579 1958 3612 ⁸ο

374 3687 393 3718 ι
439 3670 512 3721 Ita
547 3677 604 3722 ut
640 3669 1067 3724 destitueremur
1105 3670 1272 3724 etiam
1304 3670 1436 3736 vita,
1471 3690 1489 3722 ι
1523 3671 1761 3724 divinam
1787 3671 1955 3724 vitam

370 3759 658 3814 intellexit.
687 3760 858 3814 Porro
881 3758 1225 3815 formidinem
1251 3778 1354 3815 non
1380 3763 1618 3830 patietur
1637 3763 1726 3831 qui
1749 3764 1860 3815 haec
1889 3776 1955 3816 ex

367 3851 568 3907 affectu
591 3854 742 3908 dicit.
762 3855 924 3926 632
945 3875 962 3907 ι
989 3855 1212 3909 Timidis
1231 3874 1250 3907 ι
1269 3855 1436 3919 enim,
1461 3854 1919 3909 secundumDomi
1939 3883 1955 3896 -

369 3963 520 4012 num,
557 3965 576 3998 ι
607 3963 736 4016 pars
757 3959 839 4002 est
871 3950 923 4003 in
950 3959 1142 4018 stagno
1174 3948 1311 4018 ignis
1337 3949 1404 4001 ⁶¹.
1448 3967 1468 4001 ι
1503 3947 1752 4021 Impiugit
1775 3957 1954 4005 autem

366 4041 548 4094 anima
598 4041 918 4106 czccutiens,
967 4050 1023 4094 et
1069 4043 1248 4095 omnia
1296 4042 1506 4106 metuit,
1565 4050 1725 4110 atque
1777 4044 1950 4113 ipsam

364 4135 528 4186 etiam
566 4133 656 4187 Dei
689 4133 1081 4202 professionem
1117 4134 1324 4203 negabit
1350 4152 1364 4199 ;
1391 4149 1421 4188 a
1456 4136 1564 4190 Deo
1594 4150 1720 4191 vero
1748 4135 1952 4190 illumi-

367 4239 513 4289 nata,
564 4224 800 4292 primum
849 4224 1068 4292 quidem
1116 4223 1457 4277 defensorem
1503 4239 1566 4277 ac
1611 4221 1952 4278 Salvatorem

365 4331 522 4370 suum
569 4315 970 4384 contemplatur
993 4355 1008 4380 ,
1053 4315 1250 4370 deinde
1279 4330 1408 4370 vero
1439 4315 1739 4369 animosior
1773 4314 1956 4370 evadit

363 4418 551 4463 contra
575 4409 760 4463 hostes
783 4421 910 4463 suos
925 4447 943 4472 ,
965 4407 1078 4461 sive
1101 4407 1347 4461 homines
1367 4407 1479 4462 sint
1502 4407 1592 4475 qui
1618 4408 1782 4461 Deum
1807 4405 1956 4476 igno-

366 4511 511 4562 rant,
548 4500 664 4554 sive
695 4499 1003 4554 invisibiles
1042 4508 1342 4568 potestates
1362 4538 1377 4564 ,
1409 4498 1575 4553 habet
1601 4499 1744 4552 enim
1775 4498 1950 4565 ipsum

366 4593 562 4647 Filium
582 4592 930 4661 adiutorem:
963 4607 1087 4645 nam
1129 4591 1182 4646 in
1220 4589 1488 4645 llehraico
1516 4589 1813 4660 exemplari
1847 4604 1950 4643 vox

362 4701 465 4754 qua
484 4685 804 4753 exprimitur
823 4704 842 4734 ι
869 4685 1288 4747 salvatormeus,
1315 4696 1538 4736 momen
1555 4691 1638 4736 est
1655 4681 1952 4736 Salvatoris

365 4777 537 4831 nostri
583 4775 710 4832 Jesu
761 4777 1010 4841 Christi,
1066 4775 1354 4844 ipsissimis
1398 4775 1809 4830 characteribus
1844 4775 1952 4829 He-

363 4867 563 4923 braicis
592 4883 938 4935 expressum,
969 4869 1164 4938 quibus
1197 4882 1393 4922 nomen
1423 4866 1580 4922 Jesus
1606 4866 1949 4923 describitur.

434 4956 598 5019 Vens.
641 4959 696 5012 2.
743 4958 883 5012 Dum
933 4961 1245 5028 appmpiant
1285 4977 1443 5028 super
1469 4977 1549 5014 me
1584 4972 1860 5024 nocentes,
1890 4969 1949 5014 ut

359 5051 516 5105 edant
547 5068 731 5106 carnes
765 5068 907 5107 meas
939 5068 958 5106 :
1001 5051 1090 5124 qui
1131 5051 1385 5106 tribulam
1435 5069 1515 5108 me
1559 5053 1761 5108 inimici
1803 5054 1944 5120 mei,

362 5145 463 5211 ipsi
484 5145 740 5212 inﬁrmati
766 5155 908 5211 sunt,
942 5153 992 5199 et
1023 5145 1341 5211 ceciderunt,
1364 5156 1475 5201 etc.
1509 5144 1642 5200 Cum
1677 5153 1949 5200 tentantes

362 5239 428 5292 ad
457 5255 556 5293 nos
595 5239 866 5294 accedunt
893 5249 1173 5302 nocentes,
1193 5239 1557 5294 utcomedant
1587 5253 1808 5293 carnem
1831 5253 1950 5307 qua:

425 5335 472 5369 ³⁸
537 5334 694 5392 Prov.
749 5353 848 5404 vn,
892 5336 980 5392 12.

357 5422 473 5470 xxt,
493 5407 544 5460 8.

435 5498 523 5580 (α),
555 5497 1038 5580 Ὠς-δυγαμένου,
1079 5507 1188 5554 etc.
1237 5496 1464 5552 Scheda:
1514 5495 1738 5561 Grabti,
1780 5496 1955 5552 codex

364 5569 613 5628 Coislin.,
651 5569 945 5622 Barbarus.

437 5638 514 5705 (7)
542 5637 786 5705 Ἐπειδὴ
808 5637 1166 5708 εἰργάζοντο,
1200 5647 1308 5694 etc.
1345 5636 1574 5694 Scheda:
1613 5635 1826 5704 Grabii,
1860 5651 1956 5691 c0-

369 5705 473 5760 dex
508 5705 1224 5770 (Inislinianuis,'Barharus.

447 5778 523 5849 (8)
566 5777 618 5830 '0
645 5776 915 5847 d>6peiog
942 5778 1162 5850 ταῦτα,
1201 5789 1308 5836 etc.
1337 5778 1652 5847 Cortlcrius,
1691 5788 1746 5834 et
1788 5773 1959 5833 codex

2073 1361 2336 1430 αἱμάτων
2364 1360 2478 1429 τὴν
2504 1359 2655 1428 ζωήν
2670 1378 2811 1430 μου,
2841 1355 2931 1415 ὧν
2957 1361 3028 1416 ἐν
3058 1361 3270 1431 χερσιν
3293 1364 3553 1430 ἀνομίαι.
3597 1363 3664 1417 Ἡ

2073 1451 2244 1516 δεξιὰ
2273 1450 2472 1506 αὐτῶν
2509 1453 2789 1523 ἐπλήσθη
2823 1452 3046 1523 δώρων,
3085 1472 3138 1507 κ.
3171 1471 3222 1508 τ.
3257 1456 3304 1509 ὲ.
3342 1455 3454 1526 Τὴν
3479 1453 3661 1528 ψυχὴν

2072 1544 2258 1615 ἀπαθῆ
2292 1544 2608 1614 διεφύλαξα.

2151 1637 2260 1692 Τοῦ
2289 1637 2495 1692 αὐτοῦ.
2534 1638 2622 1702 Ὠς
2643 1637 2939 1708 δυναμένου
2963 1637 3037 1709 (6)
3068 1637 3162 1691 καὶ
3185 1637 3393 1694 δικαίου
3422 1655 3658 1691 συναπο-

2071 1730 2259 1784 λέσθαι
2287 1733 2398 1794 τοῖς
2429 1729 2670 1792 ἀσεϐέσι,
2709 1730 2885 1784 ταῦτά
2915 1747 3064 1800 φησι.
3109 1731 3221 1785 Καὶ
3251 1732 3279 1783 6
3324 1730 3575 1802 Ἀϐραὰμ
3599 1731 3658 1784 δὲ

2072 1823 2210 1894 πρὸς
2243 1822 2334 1874 τὸν
2374 1821 2527 1886 Θεὸν,
2571 1823 2702 1894 (Μὴ
2737 1822 3132 1894 συναπολέσῃς,
3160 1842 3178 1873 ι
3217 1823 3372 1894 φησὶ,
3412 1823 3660 1876 (δίκαιον

2074 1911 2213 1983 μετὰ
2237 1911 2502 1976 ἀσεϐοῦς;
2533 1912 2643 1966 Καὶ
2665 1911 2818 1964 ἔσται
2839 1913 2867 1963 6
2887 1912 3094 1976 δίκαιος
3111 1913 3186 1976 ὠς
3207 1913 3411 1984 ἀσεϐής
3433 1929 3446 1976 ;
3471 1932 3489 1964 ι
3510 1914 3660 1984 Χρη-

2069 2006 2230 2058 στέον
2277 2007 2334 2059 δὲ
2380 2005 2555 2076 τούτῳ
2592 2004 2671 2075 τῷ
2717 2004 2866 2077 ῥητῷ
2906 2006 3044 2077 πρὸς
3077 2006 3328 2070 εὐλαϐεῖς
3374 2007 3573 2078 ἄνδρας
3617 2007 3652 2078 ἦ

2070 2099 2357 2166 γυναῖκας,
2395 2096 2672 2161 συζῶντας
2699 2097 2730 2168 ἦ
2758 2097 3022 2162 συζούσας
3053 2102 3264 2162 κακοῖς.

2147 2190 2259 2245 Τοῦ
2298 2189 2504 2244 αὐτοῦ.
2547 2209 2566 2242 ι
2603 2191 2668 2244 Ἡ
2697 2189 2848 2254 δεξιὰ
2884 2191 3065 2246 αὐτῶν
3098 2191 3342 2263 ἐπλήσθη
3393 2192 3600 2264 δώρων.
3630 2211 3650 2244 ι

2083 2277 2303 2350 Ἐπειδὴ
2332 2279 2738 2353 εἰργάζοντοΠ)
2769 2281 3022 2358 ἀνομίαν,
3044 2282 3132 2336 διὰ
3161 2281 3322 2337 τοῦτο
3345 2283 3446 2354 τὴν
3475 2282 3658 2350 δεξιὰν

2067 2369 2246 2424 αὐτῶν
2270 2368 2542 2441 ἐπλήρουν
2565 2369 2777 2442 δώρων.

1979 2651 2028 2712 ο

2621 2647 2916 2702 mmo:
2951 2649 3095 2716 κεῖν.

2137 2742 2356 2812 Κύριος
2384 2741 2689 2812 φωτισμός
2707 2757 2826 2811 μου
2853 2740 2949 2794 καὶ
2977 2740 3178 2808 σωτήρ
3211 2759 3353 2811 μου,
3388 2742 3526 2796 τίνα
3547 2761 3654 2813 φο-

2064 2837 2432 2906 ϐηθήσομαι;
2458 2837 2672 2904 Κύριος
2692 2831 3156 2901 ὑπερασπιστὴς
3184 2833 3295 2902 τῆς
3327 2833 3478 2903 ζωῆς
3504 2853 3648 2904 μου,

2063 2929 2183 2983 ἀπὸ
2216 2929 2380 2995 τινος
2405 2927 2689 2982 δειλιάσω
2707 2943 2725 2991 ;
2758 2945 2813 2980 κ.
2843 2944 2894 2979 τ.
2927 2926 2972 2978 ὲ.
3013 2925 3071 2978 Ὁ
3101 2925 3343 2996 ἀνδρεῖος
3377 2926 3552 2980 ταῦτα
3571 2927 3649 2998 (8)

2063 3023 2182 3093 ὲρεῖ
2209 3023 2303 3076 καὶ
2343 3019 2543 3090 γνώσει
2589 3019 3022 3090 πεφωτισμένος,
3063 3019 3245 3082 ὁποῖος
3281 3014 3349 3089 ἦν
3389 3019 3417 3071 6
3448 3018 3642 3088 λέγων·

2068 3133 2087 3166 c
2113 3113 2208 3177 Τίς
2240 3114 2388 3184 ἡμᾶς
2420 3112 2647 3184 χωρίσει
2691 3110 2800 3164 ἀπὸ
2826 3111 2925 3182 τῆς
2964 3110 3185 3181 ἀγάπης
3224 3109 3319 3164 τοῦ
3347 3109 3646 3180 Χριστοῦ;›

2062 3208 2175 3263 Kal.
2202 3207 2308 3280 γὰρ
2339 3207 2387 3260 εἰ
2417 3204 2633 3276 ἀληθῶς
2659 3206 2687 3258 ὁ
2724 3203 2959 3275 Χριστὸς
2990 3204 3131 3274 ὑπὲρ
3156 3201 3336 3274 ἡμῶν,
3363 3200 3654 3267 ὲξουδένω-

2061 3317 2153 3353 ται
2199 3300 2307 3362 πᾶς
2347 3300 2375 3352 6
2412 3295 2535 3350 καθ’
2567 3295 2746 3366 ἡμῶν.
2819 3294 2944 3348 Ἐὰν
2983 3294 3042 3346 δὲ
3080 3293 3154 3364 μὴ
3201 3292 3523 3363 ὲκλάεωμεν
3569 3293 3652 3355 τὸ,

2068 3411 2087 3443 ι
2110 3391 2256 3462 ζωῆς
2290 3408 2410 3462 μου,
2439 3408 2457 3440 ι
2497 3389 2595 3441 ἐπὶ
2627 3386 2721 3440 τοῦ
2763 3386 3028 3450 εἰπόντος,
3053 3404 3072 3436 ι
3109 3383 3250 3454 Ἐγώ
3266 3387 3380 3455 εἰμι
3404 3387 3436 3455 ἡ
3461 3383 3600 3456 ζωὴ,
3630 3403 3650 3435 ι

2061 3482 2175 3538 ἀλλ’
2197 3482 2290 3535 ἐπὶ
2314 3481 2414 3550 τῆς
2437 3477 2807 3548 ἁπλούστερον
2837 3478 3158 3548 νοουμένης,
3175 3480 3276 3531 οὐκ
3297 3477 3452 3530 ἔσται
3481 3477 3654 3546 ὑπερ-

2061 3576 2334 3646 ασπιστὴς
2377 3575 2476 3644 τῆς
2530 3571 2643 3624 τῶν
2680 3568 2972 3642 μαρτύρων
3004 3567 3152 3640 ζωῆς
3183 3571 3212 3622 6
3241 3570 3468 3641 Κύριος.
3491 3571 3603 3623 Καὶ
3625 3570 3660 3623 6

2063 3665 2276 3729 Παῦλος
2304 3663 2362 3717 δὲ
2407 3663 2602 3731 λέγων,
2652 3679 2670 3711 ι
2699 3660 2862 3711 ’Ὥστε
2907 3658 3316 3730 ἐξαπορηθῆναι
3361 3659 3513 3728 ἡμᾶς
3557 3657 3657 3711 xal.

2060 3757 2156 3812 τοῦ
2176 3756 2298 3828 ζῇν,
2313 3776 2330 3806 ι
2349 3755 2448 3826 τὴν
2466 3753 2614 3806 θεῖαν
2636 3751 2787 3820 ἔλεγε
2812 3748 2978 3822 ζωήν.
3007 3750 3217 3804 Δειλίαν
3237 3750 3294 3803 δὲ
3313 3750 3372 3803 οὐ
3405 3750 3660 3803 πείσεται

2059 3853 2090 3905 6
2104 3849 2277 3904 ταῦτα
2290 3848 2460 3916 λέγων
2477 3849 2540 3900 ὲκ
2557 3844 2871 3906 διαθέσεως.
2893 3863 2908 3893 ι
2922 3844 3046 3908 Τοῖς
3059 3864 3075 3894 ι
3095 3843 3202 3915 γὰρ
3220 3863 3237 3894 ι
3249 3843 3462 3908 δειλοῖς,
3478 3862 3494 3894 ι
3511 3841 3656 3895 κατὰ

2059 3943 2152 3998 τὸν
2175 3941 2402 4015 Κύριον,
2427 3939 2515 3993 (τὸ
2540 3937 2704 4011 μέρος
2725 3938 2783 3989 ὲν
2804 3939 2868 4009 τῇ
2896 3936 3062 4009 λίμνῃ
3085 3938 3179 3990 τοῦ
3207 3936 3397 4006 πυρός,
3423 3955 3440 3987 ι
3473 3937 3652 4006 Προσ-

2061 4036 2253 4092 κόπτει
2292 4034 2349 4086 δὲ
2378 4031 2524 4104 ψυχὴ
2565 4029 2970 4100 τυφλώττουσα,
3018 4029 3114 4082 καὶ
3158 4027 3336 4081 πάντα
3383 4026 3654 4098 φοϐεῖται,

2061 4128 2157 4180 καὶ
2189 4126 2289 4197 τὴν
2325 4127 2404 4188 εἰς
2434 4125 2566 4178 Θεὸν
2597 4119 2887 4193 ὁμολογίαν
2934 4123 3256 4192 ἀρνήσεταν
3299 4118 3406 4173 ὑπὸ
3430 4117 3566 4172 Θεοῦ
3595 4117 3653 4171 δὲ

2062 4218 2392 4290 φωτισθεῖσα
2412 4259 2426 4283 ,
2468 4219 2684 4290 πρῶτον
2727 4220 2824 4289 μὲν
2870 4218 2962 4271 τὸν
3006 4215 3291 4286 πρόμαχον
3341 4213 3515 4282 αὐτῆς
3556 4213 3654 4266 καὶ

2062 4311 2294 4384 Σωτῆρα
2331 4311 2448 4364 ἐστι
2490 4311 2789 4383 θεωροῦσα,
2835 4308 2974 4381 μετὰ
3010 4308 3067 4362 δὲ
3108 4306 3284 4360 ταῦτα
3323 4306 3432 4359 τῶν
3482 4306 3654 4376 αὐτῆς

2061 4403 2336 4474 πολεμίων
2356 4401 2711 4475 καταθαῤῥεί,
2740 4401 2851 4455 εἴτε
2889 4399 3020 4452 Θεὸν
3062 4394 3406 4464 ἀγνοούντων
3431 4393 3530 4447 ἀνθ
3541 4394 3651 4465 ρώο

2059 4515 2198 4561 πων,
2234 4496 2344 4550 εἴτε
2379 4493 2661 4566 δυνάμεων
2697 4494 2966 4566 ἀοράτων,
3006 4492 3082 4553 ὼς
3116 4489 3278 4542 αὐτὸν
3319 4486 3517 4557 ἔχουσα
3561 4488 3658 4542 τὸν

2057 4590 2186 4644 Υἱὸν
2210 4587 2422 4660 βοηθόν·
2464 4589 2524 4642 ὲν
2550 4587 2661 4658 γὰρ
2687 4585 2861 4656 τούτῳ
2888 4583 2967 4654 τῷ
3010 4578 3283 4651 Ἐὅραῖκῷ
3306 4577 3387 4641 τὸ,
3425 4597 3442 4627 ι
3470 4580 3656 4650 σωτήρ

2063 4701 2219 4754 pou,»
2265 4683 2434 4753 ὄνομα
2462 4681 2774 4750 γέγραπται
2822 4675 2916 4729 τοῦ
2962 4671 3217 4742 Σωτῆρος
3260 4668 3419 4740 ἡμῶν
3481 4668 3654 4739 Ἰησοῦ

2059 4773 2317 4846 Χριστοῦο
2369 4773 2434 4828 δι’
2472 4767 2548 4826 ὧν
2593 4770 2659 4824 ἄν
2694 4785 2779 4832 τις
2812 4769 2924 4830 τοῖς
2967 4763 3275 4835 Ἑϐραϊκοῖς
3309 4761 3654 4834 χαρακτῆρσι

2060 4870 2249 4944 γράψῃ
2286 4869 2379 4922 τὸν
2425 4865 2654 4937 Ἰησοῦν.

2143 4965 2247 5018 Ἐν
2271 4962 2354 5028 τῷ
2378 4957 2629 5031 ἐγγίζειν
2671 4957 2766 5010 ἐπ’
2793 4953 2900 5024 ἐμὲ
2930 4951 3276 5018 κακοῦντας
3303 4950 3412 5004 τοῦ
3441 4947 3656 5020 φαγεῖν

2052 5056 2161 5123 τὰς
2187 5053 2418 5123 σάρκας
2426 5067 2565 5123 μου·
2586 5052 2640 5105 οἱ
2668 5045 3065 5115 θλίϐοντέςμε
3088 5044 3189 5099 καὶ
3219 5047 3272 5098 οἱ
3293 5043 3495 5112 ἐχθροί
3512 5059 3649 5111 μου,

2055 5148 2224 5203 αὐτοὶ
2256 5145 2614 5214 ἡσθένησαν
2649 5140 2748 5194 καὶ
2789 5138 3042 5202 ἕπεο-αν,
3086 5155 3140 5191 κ.
3186 5153 3235 5188 τ.
3282 5135 3328 5188 ὲ.
3380 5134 3507 5187 Ὅτε
3534 5149 3646 5185 πει-

2059 5237 2350 5311 ραζόμενοι
2371 5235 2448 5308 (9)
2481 5233 2792 5305 ἐγγίζουσιν
2831 5232 2914 5301 ἐφ’
2941 5230 3088 5301 ἡμᾶς
3111 5227 3428 5290 κακοῦντες,
3459 5225 3654 5293 φαγεῖν

1081 5337 1125 5369 ⁵⁷
1151 5338 1348 5393 Gcnes.
1404 5352 1558 5399 xvm,
1587 5336 1678 5391 25.
1753 5335 1802 5369 ⁸⁸
1831 5337 1961 5392 liom

2065 5335 2256 5405 "1,55.
2332 5333 2378 5365 ”
2401 5331 2556 5388 Joan.
2601 5346 2714 5397 xiv,
2765 5327 2819 5384 6.
2897 5328 2942 5359 ⁶⁹
2972 5325 3014 5381 ιι
3048 5326 3174 5380 Cor.
3204 5341 3245 5391 ι,
3274 5322 3330 5378 8.
3405 5320 3448 5351 ⁶¹
3478 5321 3649 5388 Apoc.

2063 5497 2432 5553 Coislinianus
2457 5512 2607 5551 num.
2646 5493 2768 5549 189.
2800 5489 2993 5545 Verum
3021 5486 3281 5544 nonnulla
3316 5483 3511 5540 iisdem
3538 5478 3653 5535 fere

2064 5570 2249 5625 verbis
2273 5578 2489 5623 exstant
2520 5566 2660 5634 apud
2701 5562 3017 5617 Eusebium.
3067 5630 3097 5634 Α
3158 5628 3169 5634 _
3285 5624 3319 5634 η
3361 5625 3372 5634 _
3408 5623 3441 5634 η
3489 5621 3501 5634 ο

2137 5623 2380 5710 (9))Ὀτε
2425 5623 2850 5707 πειρὶιζόμενοι,
2904 5641 3007 5689 etc.
3057 5628 3242 5686 Codex
3280 5623 3652 5682 Coislinianus

2069 5709 2190 5766 589.
