4100 6402
431 387 564 441 ΙΞΠἸ

1377 367 1683 426 SELECTA
1724 366 1789 421 lN
1828 360 2168 420 PSALMOS.
2203 390 2271 401 --
2302 358 2502 416 PSAL.
2536 354 2723 413 XXVI;

3543 349 3677 404 I278

428 506 671 566 θέλοντες
698 500 791 571 τὴν
821 498 895 569 μὴ
916 491 1219 564 δυναμένην
1244 488 1649 559 κληρονομῆσαι
1681 484 1816 537 Θεοῦ
1850 483 1999 552 βασι-

2110 495 2324 549 regnum
2358 478 2447 531 Dei
2480 475 2801 531 hatreditare
2834 486 2942 526 non
2973 478 3186 539 potest,
3221 478 3383 538 atque
3436 469 3681 523 nutrian-

426 598 574 650 λείαν
622 595 831 663 σάρκα,
879 594 974 644 καὶ
1016 584 1292 657 τραφῆναι
1340 580 1431 648 ἀφ’
1478 572 1553 630 ὦν
1598 576 1999 646 ἁμαρτάνοντες

430 686 689 757 ποιοῦμεν
717 683 891 753 ἔργων
928 677 1130 749 σαρκὸς
1164 674 1353 744 ἐτέρας
1390 669 1555 740 οῦσης
1578 667 1729 738 παρὰ
1754 666 1849 737 τὴν
1872 665 1999 734 (rbo-

434 756 603 847 μένην
640 775 817 845 σάρκα
863 771 924 824 τὸ
966 769 1230 839 σωτήριον
1276 763 1369 816 τοῦ
1406 761 1561 814 Θεοῦ·
1598 760 1693 812 κα)⁸
1729 760 1818 811 ὅτε
1852 756 2002 824 ἐγγί-

430 870 581 934 ζουσι
619 866 713 919 τοῦ
744 863 953 917 δικαίου
998 858 1312 919 κακοῦντες,
1336 853 1458 906 τότε
1498 851 1714 923 πρῶτον
1752 847 2002 902 ἀσθενοῦ-

432 978 536 1025 σιν,
578 956 695 1012 εἶτα
737 957 1046 1015 πίπτουσιν,
1090 949 1261 1019 αὐτῆς
1316 947 1415 1016 τῆς
1457 945 1599 1013 ἁφῆς
1635 939 1703 1014 ἦς
1740 941 2001 995 ἅπτονται

429 1052 522 1105 τοῦ
569 1051 799 1111 δικαίου,
842 1043 1177 1113 κολαζούσης
1227 1041 1443 1103 αὐτοὺς,
1486 1037 1579 1090 καὶ
1623 1034 1868 1087 ἀσθενεῖν
1909 1030 2002 1084 καὶ¹

431 1142 650 1195 πίπτειν
689 1138 946 1205 ποιούσης
982 1132 1196 1196 αύτούς.

506 1234 616 1288 Τοῦ
654 1229 862 1285 αὑτοῦ.
907 1230 969 1281 Εἰ
1002 1228 1163 1297 ἡμεῖς
1200 1223 1299 1285 τὰς
1336 1220 1431 1275 τοῦ
1471 1214 1835 1290 Χριστοῦ(10)
1869 1213 2002 1283 σάρ-

430 1341 530 1388 κας
570 1324 841 1392 ἐσθίομεν,
884 1319 929 1390 (ι
976 1320 1032 1372 Ὀ
1072 1316 1343 1386 τρώγων»
1397 1311 1504 1380 γάρ
1561 1329 1577 1360 ι
1608 1326 1731 1379 μου,
1764 1325 1782 1357 ι
1835 1304 2000 1373 φησὶ,

434 1437 453 1469 ι
478 1417 575 1485 τὴν
611 1415 809 1484 σάρκα,
835 1412 929 1464 καὶ
963 1409 1131 1462 πίνων
1172 1423 1270 1477 μου
1308 1406 1368 1457 τὸ
1391 1400 1545 1473 αἷμα·
1565 1421 1581 1451 i
1604 1402 1620 1469 )
1648 1400 1746 1461 τὰς
1787 1397 1843 1449 δὲ
1864 1398 2001 1464 ἡμε-

428 1508 594 1580 τέρας
625 1507 673 1558 οἱ
698 1504 967 1575 δαίμονες·
1007 1502 1215 1571 μήποτε
1240 1498 1332 1551 καὶ
1364 1497 1461 1557 τὰς
1493 1491 1585 1545 τοῦ
1620 1486 1854 1561 Χριστοῦ
1894 1487 2001 1556 ἄρα

431 1576 639 1668 σάρκας
670 1599 719 1650 οἱ
746 1596 997 1667 δαίμονες
1020 1591 1277 1651 ἐσθίουσι,
1302 1587 1398 1650 τὰς
1440 1588 1497 1638 ὲν
1533 1585 1664 1654 ἡμῖν
1686 1578 1885 1650 ἀρετάς
1905 1576 2001 1629 καὶ

426 1690 495 1742 τὰ
523 1690 695 1761 άληθῆ
722 1690 965 1759 δόγματα
992 1683 1321 1752 διαφθείρειν
1348 1676 1754 1738 σπουδάζοντες·
1781 1671 2000 1761 λέγεται

430 1780 537 1851 γὰρ
555 1777 617 1831 τδ
650 1760 880 1846 «φαγεῖν
904 1795 921 1827 i
948 1775 1040 1829 καὶ
1060 1774 1153 1827 ἐπὶ
1176 1772 1270 1825 τοῦ
1294 1790 1309 1822 t
1332 1768 1681 1839 διαφθείρειν.
1698 1760 1991 1815 »-‹Ἐάν›

428 1872 537 1942 γὰρ
587 1868 838 1939 «θέλητε,
866 1886 885 1918 ι
934 1865 1118 1935 φησὶν,
1174 1862 1311 1915 «καὶ
1356 1856 1712 1929 εἰσακούσητέ
1757 1872 1888 1925 μου,
1929 1852 1999 1906 τά

430 1964 609 2031 ἀγαθὰ
636 1962 734 2031 τῆς
773 1960 877 2029 γῆς
920 1957 1176 2028 φάγεσθε.
1221 1953 1347 2007 Ἐάν
1384 1953 1440 2005 δὲ
1493 1952 1566 2023 μὴ
1614 1949 1827 2021 θέλητε,
1867 1948 2001 2019 μηδὲ

430 2052 783 2121 είσακούσητέ
817 2067 952 2121 μου,
1000 2049 1241 2119 μάχαιρα
1280 2045 1424 2115 ὑμᾶς
1454 2042 1753 2095 κατέδεται·
1796 2039 1855 2091 τὸ
1896 2038 2004 2109 γὰρ

432 2144 604 2214 στόμα
646 2142 849 2213 Κυρίου
890 2140 1119 2210 ἐλάλησε
1160 2136 1394 2191 ταῦτα.»
1457 2132 1721 2187 Ἐνταῦθα
1767 2131 1875 2201 γὰρ
1920 2129 2002 2194 τὸ,

438 2254 456 2286 ι
480 2234 780 2297 κατέδεται,
797 2253 814 2281 ι
843 2233 964 2285 ἀντὶ
983 2230 1098 2292 τοῦ,
1134 2226 1481 2297 «διαφθείρει.
1498 2244 1515 2275 i
1538 2226 1733 2278 κεῖται·
1761 2222 2004 2292 μάχαιρα

432 2327 538 2397 γὰρ
560 2327 757 2379 ἐσθίειν
778 2326 837 2379 ού
864 2324 1122 2393 πέφυκεν.
1153 2322 1221 2373 Ἣ
1258 2319 1356 2382 τὰς
1396 2319 1603 2389 σάρκας
1633 2318 1664 2385 ἡ
1676 2314 1790 2383 μῶν
1823 2313 2007 2380 λέγον·-

430 2438 519 2473 ται
557 2418 753 2471 ὲσθίειν
788 2418 838 2470 οἱ
874 2416 1125 2486 δαίμονες
1164 2412 1284 2465 ἀντὶ
1320 2410 1413 2463 τοῦ
1453 2413 1520 2463 τὰ
1558 2411 1622 2460 ἐκ
1658 2408 1758 2476 τῆς
1805 2402 2005 2475 σαρκὸς

433 2509 695 2580 φυόμενα.
745 2525 763 2557 ι
787 2504 999 2574 Φανερὰ
1035 2502 1093 2555 δέ
1133 2504 1249 2553 ἐστι
1301 2499 1369 2551 τὰ
1415 2498 1552 2569 ἔργα
1589 2496 1687 2565 τῆς
1727 2491 1949 2563 σαρκὸς,
1981 2508 2000 2541 ι

432 2606 460 2656 ὁ
492 2603 633 2671 ἱερὸς
665 2596 983 2659 Ἀπόστολός
1012 2612 1196 2664 φησιν,
1224 2612 1241 2643 ι
1268 2590 1425 2645 ἅτινά
1450 2592 1565 2643 ἐστι
1590 2587 1844 2658 μοιχεῖαι,
1878 2597 2010 2654 πορ-

432 2700 590 2756 νεῖαι,
616 2694 915 2760 άσέλγειαι,
948 2687 1401 2757 εἰδωλολατρεῖαι,
1430 2702 1447 2734 ι
1474 2681 1568 2735 καὶ
1606 2679 1673 2733 τὰ
1708 2678 1859 2748 ἑξῆς.

517 2785 659 2838 Ἐὰν
686 2780 1093 2849 παρατάξηται
1119 2777 1210 2830 ἐπ’
1244 2774 1350 2845 ἐμὲ
1390 2770 1759 2841 παρεμϐολὴ,
1794 2770 1865 2823 οὐ
1903 2784 2010 2837 ερο-

436 2876 754 2943 6ηοήσεται
778 2875 815 2940 ἡ
839 2871 1052 2939 καρδία
1069 2887 1208 2938 μου,
1232 2885 1286 2921 κ.
1315 2884 1365 2919 τ.
1393 2867 1441 2918 ἑ.
1476 2866 1538 2916 'H
1562 2861 1879 2933 παρεμϐολὴ
1898 2860 2008 2930 (Η)

435 2969 656 3037 τοιαύτη
683 2967 852 3030 ἐστὶν,
892 2966 1075 3025 ὁποῖος
1096 2964 1123 3014 ὁ
1144 2964 1203 3013 ὲν
1233 2960 1424 3027 τάφοις
1456 2956 1619 3009 οἰκῶν
1655 2952 1876 3022 λεγεὼν.
1901 2951 2010 3005 Καὶ

434 3062 575 3132 τάχα
598 3059 710 3129 φῶς
745 3059 889 3109 ἐστιν
923 3054 1083 3125 ἡτῶν
1111 3051 1367 3105 ἐναντίων
1404 3045 1742 3118 παρεμϐολή.
1790 3044 1852 3096 Ἡ
1876 3061 2012 3114 καρ-

2106 581 2191 623 tur
2224 586 2287 622 ex
2335 570 2402 622 iis
2441 583 2559 635 qua:
2604 563 2877 633 peccando
2910 563 3170 623 facimus,
3206 561 3461 630 operibus
3498 562 3681 613 carnis

2102 663 2170 716 ab
2238 661 2326 714 illa
2386 659 2616 713 diversa:
2663 667 2827 709 carne
2866 667 2987 721 qua:
3028 651 3234 705 videbit
3269 650 3513 703 salutare
3553 650 3677 713 Dei;

2105 756 2232 807 item
2263 750 2479 821 quando
2519 746 2784 801 accedunt
2832 752 2889 798 ut
2936 751 3153 811 tangant
3184 741 3389 810 justum
3422 749 3475 794 et
3505 742 3552 793 ei
3584 756 3681 793 no-

2101 854 2283 907 ceant,
2339 852 2465 894 tunc
2516 840 2751 908 primum
2799 834 3168 895 iulirmantur,
3217 832 3413 886 deinde
3443 833 3679 895 cadunt,

2102 952 2222 990 cum
2260 934 2376 1002 ipso
2418 940 2563 985 tactu
2621 943 2729 998 quo
2775 935 3003 996 tangunt
3040 925 3280 994 justum,
3319 923 3533 993 ipsimet
3569 921 3681 991 ple-

2101 1034 2336 1089 ctautur,
2366 1022 2702 1077 inﬁrmeutur
2721 1028 2778 1073 et
2802 1022 3225 1087 prosternuntur.

2178 1176 2451 1247 Ejusdem.
2494 1172 2550 1228 Si
2600 1185 2700 1225 nos
2741 1183 2937 1223 carnes
2980 1166 3183 1221 Christi
3217 1162 3549 1218 comedimus
3584 1159 3681 1233 (ait

2105 1271 2250 1325 enim
2302 1268 2347 1298 "
2397 1283 2410 1321 :
2471 1285 2490 1315 ι
2528 1264 2629 1329 Qui
2676 1260 2968 1315 manducat
2997 1274 3173 1313 meam
3200 1271 3439 1315 carnem.
3466 1264 3519 1308 et
3548 1254 3683 1306 bibit

2104 1376 2281 1417 meum
2327 1356 2641 1425 sanguinem
2669 1353 2755 1423 ι),
2788 1362 2842 1406 et
2892 1366 3083 1404 carnes
3141 1357 3353 1403 nostras
3410 1347 3683 1399 diei-tones

2103 1453 2429 1513 comedunt,
2481 1449 2601 1501 vide
2628 1462 2693 1499 ne
2716 1444 2857 1498 forte
2885 1453 2935 1497 et
2963 1440 3168 1497 Christi
3194 1453 3387 1493 carnes
3414 1437 3684 1491 dzemones

2103 1544 2456 1605 manducent,
2478 1553 2597 1592 cum
2625 1538 2856 1590 virtutes
2884 1550 3003 1604 qua:
3026 1534 3079 1586 in
3109 1532 3263 1585 nobis
3294 1538 3440 1594 sunt,
3473 1538 3526 1581 et
3555 1542 3683 1579 vera

2100 1635 2353 1703 dogmata
2403 1629 2745 1685 labefactare
2783 1627 3039 1681 student:
3072 1640 3195 1677 nam
3223 1632 3274 1676 et
3302 1641 3320 1673 ι
3350 1621 3511 1675 edere
3539 1638 3557 1670 ι
3590 1632 3686 1687 pro

2100 1725 2426 1783 labefactare
2450 1722 2687 1792 ponitur.
2727 1738 2744 1770 ‹
2776 1718 2832 1773 Si
2862 1736 2880 1769 ι
2912 1718 3074 1781 enim,
3107 1716 3307 1784 inquit,
3343 1714 3387 1745 ⁶¹
3424 1730 3442 1763 ι
3499 1714 3684 1765 voluc-

2034 1817 2073 1872 Β
2102 1817 2217 1870 ritis
2275 1823 2329 1870 et
2376 1812 2657 1868 audieritis
2691 1826 2810 1875 me,
2851 1809 2991 1863 bona
3037 1816 3195 1861 terra:
3251 1804 3569 1861 comedetis.
3627 1804 3682 1858 Si

2104 1918 2283 1962 autem
2350 1905 2631 1960 nolueritis
2683 1917 2784 1957 nec
2842 1899 3120 1954 audieritis
3166 1911 3284 1963 me,
3329 1896 3537 1965 gladius
3589 1910 3686 1948 vos

2104 2000 2381 2061 comedet,
2423 2012 2485 2052 os
2528 1996 2671 2049 enim
2714 1992 2921 2048 Domini
2955 1990 3193 2044 locutum
3221 1998 3305 2043 est
3336 1988 3455 2039 ista.
3503 2003 3522 2037 ι
3549 1983 3683 2038 Nam

2107 2090 2208 2143 hoc
2232 2088 2348 2143 loco
2376 2106 2392 2139 ι
2424 2086 2672 2141 comedet
2694 2104 2712 2136 ι
2742 2098 2836 2154 pro
2864 2102 2881 2135 ι
2908 2080 3217 2145 iutcrﬁciet,
3252 2102 3270 2130 ι
3293 2077 3513 2148 ponitur
3539 2074 3686 2143 :gla-

2107 2178 2226 2231 dius
2276 2176 2417 2231 enim
2461 2186 2652 2228 natura
2696 2189 2800 2227 non
2862 2182 3019 2240 aptus
3058 2181 3142 2225 est
3174 2170 3239 2224 ad
3272 2168 3687 2223 comedendum.

2112 2266 2209 2319 Vel
2253 2281 2451 2319 carnes
2496 2276 2712 2319 nostras
2749 2265 3004 2317 dicuntur
3053 2262 3327 2315 dmtuones
3368 2259 3687 2321 comedere,

2106 2357 2211 2411 lioe
2239 2368 2345 2425 est,
2379 2373 2441 2410 ea
2467 2373 2585 2426 qua:
2608 2372 2671 2410 ex
2698 2371 2863 2411 carne
2890 2364 3204 2409 nascuntur.
3235 2369 3256 2404 ι
3292 2350 3570 2404 Manifesta
3596 2366 3690 2400 au-

2110 2459 2214 2503 tem
2239 2456 2365 2503 sunt
2394 2463 2556 2516 opera
2591 2447 2789 2511 carnis,
2817 2465 2837 2495 ι
2876 2429 3047 2513 inquit
3076 2451 3296 2497 sanctus
3316 2440 3687 2510 Apostolus“,

2113 2558 2262 2613 «qua:
2279 2552 2403 2596 sunt
2427 2539 2711 2601 adulteria,
2741 2538 3153 2601 fornicationes,
3177 2534 3544 2604 impudicitia‘,
3577 2533 3691 2587 ido-

2110 2631 2359 2697 lolatrize,
2383 2645 2401 2678 ι
2422 2635 2477 2681 et
2496 2642 2618 2699 qua:
2639 2636 2965 2699 sequuntur.

2182 2790 2346 2845 νεεδ.
2392 2789 2445 2843 3.
2500 2788 2559 2843 Si
2612 2788 2896 2841 consistant
2930 2786 3205 2839 adversum
3247 2799 3327 2836 me
3368 2792 3563 2847 castra,
3591 2798 3694 2833 non

2112 2883 2309 2937 timebit
2355 2898 2446 2935 cor
2480 2898 2676 2944 meum,
2715 2890 2822 2933 etc.
2862 2878 3049 2931 Castra
3082 2876 3197 2929 haec
3231 2884 3353 2928 sunt
3389 2873 3688 2940 ejusmodi,

2118 2971 2297 3040 qualis
2343 2980 2461 3024 erat
2506 2970 2644 3038 legio
2692 2984 2811 3036 quin
2852 2968 2904 3019 in
2945 2965 3208 3034 sepulcris
3244 2965 3578 3017 morabatur.
3628 2962 3693 3015 Et

2116 3055 2253 3110 forte
2298 3055 2385 3108 lux
2428 3065 2552 3108 sunt
2592 3065 2772 3108 castra
2820 3054 3279 3107 adversariorum.
3316 3052 3424 3105 Cor
3462 3061 3642 3104 autem
3670 3090 3686 3113 ,

435 3156 525 3208 δία
576 3154 651 3216 δὲ,
702 3148 945 3203 τουτέστι
988 3146 1051 3198 τὸ
1098 3140 1454 3214 ἡγεμονικὸν,
1507 3138 1567 3191 ού
1623 3135 2007 3206 φοϐηθήσεται·

2117 3146 2167 3201 id
2201 3156 2284 3200 est
2318 3146 2584 3215 praecipua
2617 3148 2809 3200 anima.-
2839 3160 2964 3215 pars
2986 3187 3000 3208 ,
3036 3161 3137 3199 non
3171 3143 3398 3202 timebit,
3431 3142 3685 3210 quoniam

436 3245 558 3297 ἐπεὶ
600 3242 660 3293 τὸ
700 3239 952 3310 φρόνημα
991 3235 1163 3304 αὐτῆς
1219 3232 1389 3303 ἔχθρα
1426 3229 1581 3283 ἐστὶν
1620 3230 1700 3291 εἱς
1740 3226 1893 3289 Θεὸν,
1934 3224 2008 3295 τῷ

2116 3238 2399 3307 prudentia
2444 3238 2611 3306 ipsius
2656 3238 2874 3291 inimica
2906 3248 2990 3292 est
3027 3239 3157 3299 Deo,
3198 3249 3375 3303 neque
3402 3233 3545 3287 enim
3589 3232 3691 3300 legi

436 3335 583 3404 νόμῳ
617 3332 707 3385 τοῦ
743 3328 877 3381 Θεοῦ
902 3329 999 3397 οὐχ
1020 3322 1485 3393 ὑποτασσομένης,
1517 3339 1535 3371 ι
1572 3320 1699 3373 Ἐὰν
1736 3319 2008 3387 ἐπαναστῇ

2119 3327 2210 3380 Dei
2238 3326 2536 3394 subjectum
2567 3336 2668 3381 est.
2709 3345 2727 3378 ι
2764 3327 2819 3381 Si
2848 3336 3104 3396 exsurgat
3131 3328 3414 3378 adversnm
3443 3339 3527 3375 me
3553 3338 3693 3391 pra:-

437 3423 524 3476 ὲπ⁹
550 3421 648 3492 ἐμὲ
679 3419 933 3488 πόλεμος,
965 3436 985 3467 i
1013 3414 1192 3468 καὶτὰ
1232 3413 1377 3482 ἑξῆς.
1422 3409 1584 3465 Κατὰ
1613 3409 1773 3462 τοῦτο
1807 3406 2014 3461 δέδοται

437 3514 755 3583 άνακλήτως
794 3508 1033 3572 ἐλπίζειν
1074 3509 1131 3559 ὲν
1164 3508 1231 3576 τῇ
1276 3503 1491 3576 καρδία.

514 3603 623 3655 Τοῦ
654 3598 860 3653 αὑτοῦ.
905 3599 964 3651 '0
998 3597 1096 3667 μὲν
1141 3594 1443 3666 πρακτικὸς
1480 3591 1588 3663 (12)
1626 3591 1713 3646 διὰ
1746 3589 1853 3643 τῶν
1890 3590 2016 3661 ἀρε-

436 3695 546 3749 τῶν
574 3692 876 3763 πολεμείτω
905 3692 1016 3752 τοῖς
1045 3687 1378 3756 ἀλλοφύλοις·
1415 3688 1443 3738 ὁ
1467 3686 1522 3739 δὲ
1552 3682 1881 3755 θεωρητικὸς
1904 3684 2015 3746 τοῖς

438 3788 661 3857 ἀληθέσι
701 3786 931 3854 δόγμασι
961 3782 1211 3850 καθαιρεῖ
1242 3779 1301 3831 τὸ
1347 3780 1454 3831 πᾶν
1500 3776 1699 3847 ὕψωμα
1743 3774 1884 3828 κατὰ
1920 3774 2017 3844 τῆς

440 3878 532 3930 τοῦ
564 3875 700 3929 Θεοῦ
734 3873 984 3943 γνώσεως
1012 3869 1392 3941 ἐπαιρόμενον.
1430 3867 1676 3937 Καρδίαν
1704 3866 1759 3919 δὲ
1787 3865 1847 3918 τὸ
1884 3867 2017 3935 ἡγε-

445 3968 662 4041 μονικὸν
708 3966 892 4031 λέγει,
947 3964 1086 4032 ὅπερ
1136 3960 1195 4012 οὐ
1244 3958 1633 4028 φοϐηθήσεται.
1668 3958 1820 4026 Τάχα
1848 3957 1955 4027 γὰρ
1981 3958 2015 4028 ή

442 4059 789 4127 ἁσθενήσασα
843 4053 978 4124 σὰρξ
1038 4051 1425 4122 φοϐηθήσεται,
1483 4050 1606 4101 ἐπεὶ
1643 4047 1704 4100 τὸ
1762 4047 2019 4118 φρόνημα

443 4153 611 4221 αὐτῆς
639 4148 831 4219 ἐχθρόν
867 4147 1017 4198 ἐστιν
1044 4145 1123 4207 εἰς
1152 4144 1305 4207 Θεὸν,
1331 4141 1411 4213 τῷ
1438 4141 1586 4211 νόμῳ
1613 4137 1705 4193 τοῦ
1736 4136 1872 4192 Θεοῦ
1918 4138 2019 4208 ούχ

448 4239 907 4309 ὑποτασσομὲνης.

512 4334 617 4389 Τοῦ
651 4331 837 4386 αὑτοῦ.
887 4328 1022 4383 Ἐὰν
1050 4323 1363 4393 ἐπαναστῇ
1392 4324 1482 4376 ἐπ’
1510 4323 1614 4392 ἐμὲ
1642 4322 1923 4391 πόλεμος,
1950 4320 2020 4373 ἐν

443 4427 626 4491 ταύτῃ
669 4420 783 4490 ἐγὼ
821 4413 1053 4477 ἐλπίζω.
1102 4417 1190 4467 Ἐν
1224 4418 1289 4485 τῇ
1326 4414 1542 4485 καρδίᾳ.
1585 4411 1886 4482 Ἐφωτίσθη
1910 4411 2018 4482 γὰρ

2119 3418 2270 3483 lium,
2330 3439 2348 3472 ι
2402 3428 2505 3474 etc.
2557 3418 2867 3473 Secundum
2915 3420 3017 3473 hoc
3050 3417 3248 3471 alacris
3280 3416 3334 3470 in
3374 3415 3537 3470 cordc
3571 3428 3694 3483 spes

2116 3507 2238 3562 data
2266 3518 2372 3562 est.

2186 3598 2347 3670 633
2369 3598 2639 3669 Ejusdem.
2665 3598 2764 3665 Qui
2788 3600 2951 3654 vitam
2977 3601 3209 3653 activam
3229 3598 3495 3668 sequitur,
3516 3598 3561 3652 is
3579 3598 3689 3651 vir-

2117 3692 2322 3745 tutibus
2350 3692 2465 3745 suis
2487 3691 2685 3745 bellum
2704 3700 2859 3761 gerat
2877 3706 2999 3746 cum
3018 3691 3369 3761 alienigenis;
3399 3691 3489 3759 qui
3508 3701 3686 3744 autent

2117 3784 2624 3853 contemplativam,
2658 3786 2702 3839 is
2730 3785 2875 3837 veris
2900 3784 3249 3853 dogmatibus
3281 3794 3439 3837 utens
3471 3799 3687 3836 onmem

2120 3875 2459 3929 altitudinem
2490 3890 2608 3943 quae
2640 3884 2827 3928 contra
2861 3874 2951 3927 Dei
2988 3874 3355 3942 cognitionem
3390 3873 3694 3937 extollitur,

2120 3964 2369 4018 destruit.
2408 3964 2515 4017 Cor
2554 3974 2734 4016 autem
2771 3974 2927 4017 vocat
2962 3964 3291 4031 prmcipuam
3343 3964 3536 4015 animae
3571 3980 3696 4031 par-

2122 4064 2228 4109 tem
2254 4093 2270 4115 .
2300 4070 2422 4122 quae
2462 4070 2565 4107 nou
2604 4054 2832 4107 timebit.
2870 4053 3032 4107 Forte
3076 4054 3220 4107 enim
3266 4054 3535 4107 inﬁrmata
3567 4070 3697 4108 caro

2122 4145 2366 4210 timebit,
2399 4145 2657 4213 quoniam
2710 4145 2828 4211 ejus
2868 4145 3134 4213 sapientia
3161 4145 3379 4201 inimica
3413 4155 3497 4201 est
3540 4145 3649 4201 Deo
3677 4166 3691 4212 ;

2123 4250 2296 4304 neque
2323 4236 2466 4288 enim
2500 4234 2604 4305 legi
2635 4236 2723 4289 Dei
2756 4236 3061 4306 subjicitur.

2192 4327 2471 4396 Ejusdem.
2512 4326 2573 4381 Si
2607 4335 2856 4390 exsurgat
2901 4328 3178 4380 adversum
3218 4342 3298 4379 me
3340 4327 3603 4395 pra'lium,
3641 4328 3695 4381 iu

2122 4420 2217 4473 hoc
2243 4435 2336 4489 ego
2368 4420 2586 4486 sperabo
2608 4457 2622 4481 ,
2651 4429 2759 4471 etc.
2798 4418 2849 4470 In
2894 4419 3056 4472 corde
3092 4418 3367 4471 nimirum.
3417 4416 3693 4471 lllumina-

446 4519 504 4569 ὲν
529 4488 790 4585 τανύτῃντῇ
822 4509 1042 4581 βοηθείᾳ
1065 4503 1133 4579 ἧς
1158 4509 1353 4577 πεῖραν
1378 4505 1588 4567 ἔλαϐον,
1617 4504 1738 4556 ὅθεν
1764 4503 1886 4557 οὐδὲ
1924 4503 2008 4555 άλ-

2122 4519 2233 4562 ιιιιιι
2259 4517 2341 4563 est
2366 4509 2510 4561 enim
2542 4508 2644 4563 hoc
2675 4507 2878 4562 auxilio
2914 4508 3058 4577 quod
3093 4517 3352 4577 expertus
3378 4524 3519 4572 smn,
3555 4510 3697 4564 unde

445 4605 541 4673 λην
582 4602 801 4655 πλείονα
844 4598 1144 4670 παράταξιν
1171 4598 1418 4659 δέδοικα,
1462 4594 1770 4665 σκεπούσης
1808 4612 1876 4665 με
1914 4594 2018 4665 τῆς

445 4696 697 4764 τοιαύτης
735 4692 1003 4763 βοηθείας.

514 4785 673 4838 Μίαν
722 4780 1041 4849 ᾐτησάμην
1096 4778 1259 4846 παρὰ
1308 4777 1551 4845 Κυρίου,
1598 4777 1823 4843 ταύτην
1850 4777 2017 4845 ἐκζψ

445 4873 628 4939 τήσω·
663 4871 772 4925 τοῦ
827 4869 1125 4924 κατοικεῖν
1159 4886 1237 4937 με
1274 4867 1344 4921 ἐν
1386 4868 1530 4929 οἴκῳ
1559 4868 1780 4934 Κυρίου
1817 4868 2020 4936 πάσας

446 4966 552 5031 τὰς
599 4962 822 5033 ἡμέρας
855 4962 967 5030 τῆς
1008 4960 1157 5029 ζωῆς
1193 4979 1333 5030 μου,
1372 4961 1481 5014 τοῦ
1524 4960 1762 5027 θεωρεῖν
1795 4978 1871 5030 με
1908 4962 2021 5029 τὴν

446 5058 817 5125 τερπνότητα
844 5054 1063 5121 Κυρίου
1081 5091 1097 5116 ,
1132 5053 1228 5106 καὶ
1251 5052 1716 5107 ἐπισκέπτεσθαι
1746 5056 1853 5106 τὸν
1873 5052 2023 5106 ναὸν

445 5149 652 5203 αὐτοῦ·
687 5147 775 5200 ὅτι
803 5144 1031 5214 ἔκρυψέ
1045 5161 1121 5213 με
1166 5144 1236 5196 ἐν
1274 5142 1472 5213 σκηνῇ
1505 5143 1690 5198 αὺτοῦ
1722 5145 1791 5197 ἐν
1830 5143 2022 5214 ἡμέρᾳ

449 5238 649 5292 κακῶν
667 5255 785 5307 μου
804 5278 820 5301 ,
846 5233 1152 5290 ἐσκέπασέ
1180 5252 1256 5302 με
1297 5235 1367 5287 ἐν
1384 5236 1708 5303 ἀποκρύφῳ
1730 5234 1839 5303 τῆς
1864 5250 2013 5303 σκη-

448 5330 563 5399 νῆς
586 5329 794 5383 αὐτοῦ·
818 5327 887 5381 ἐν
907 5326 1093 5394 πέτρᾳ
1119 5325 1328 5393 ὕψωσέ
1342 5343 1437 5395 με.
1468 5326 1881 5396 Μεμαθήκαμεν
1906 5327 2014 5399 (15)

508 5449 552 5480 ⁸³
582 5448 933 5518 Joan.v1,55.
1010 5444 1353 5516 3’lsai.I,i9,
1380 5442 1471 5497 20.
1546 5442 1591 5473 ⁸⁸
1619 5441 1801 5509 (Ialm,
1832 5443 1917 5497 19.

525 5585 636 5656 (lbi
662 5586 729 5636 El
756 5583 923 5656 ἡμεῖς
939 5583 1046 5649 τὰς
1074 5582 1467 5656 τοῦΧριστοῦ,
1500 5592 1604 5639 etc.
1646 5582 1871 5639 Sclicdm
1890 5583 2021 5637 Gra-

448 5654 544 5718 bii,
571 5657 738 5707 (ititqu
762 5655 1151 5721 Coisliniantts,
1186 5654 1476 5711 Barbarus.

521 5729 635 5791 (11)
671 5724 731 5774 ’11
755 5724 1120 5793 παρεμϐολή,
1147 5735 1257 5779 etc.
1290 5725 1600 5778 Cordi-rius.

518 5796 631 5866 (l2)
671 5795 725 5849 '0
747 5797 862 5864 μὲν
888 5796 1229 5865 πρακτικός,
1257 5806 1362 5854 etc.
1392 5794 2014 5862 Schcderubii,codcx

2121 4615 2220 4653 nec
2246 4600 2476 4653 alterum
2509 4599 2768 4668 majorem
2799 4600 3143 4653 inimicorum
3179 4601 3475 4654 exercitum
3507 4600 3698 4666 timeo,

2119 4706 2243 4743 cum
2274 4689 2538 4756 ejusmodi
2567 4702 2653 4741 me
2685 4689 2945 4740 auxilium
2974 4696 3245 4757 protegat.

2197 4780 2359 4835 Vens.
2391 4780 2445 4842 4,
2475 4780 2528 4842 5,
2566 4780 2620 4836 6.
2666 4778 2836 4832 Unam
2862 4780 2989 4846 petii
3015 4796 3046 4831 (ι
3080 4779 3327 4846 Domino,
3353 4779 3488 4832 hanc
3518 4781 3695 4851 requi-

2120 4891 2255 4937 ram,
2308 4884 2362 4925 ut
2412 4873 2696 4925 inhabilem
2724 4874 2778 4925 iu
2804 4872 2958 4926 domo
2995 4872 3205 4925 Domini
3248 4874 3491 4925 omnibus
3516 4876 3697 4927 diebus

2119 4967 2239 5019 vita:
2271 4981 2434 5029 mere;
2471 4974 2524 5017 ut
2560 4965 2762 5017 videam
2798 4964 3110 5031 voluptatem
3141 4963 3386 5028 Domini,
3418 4976 3464 5017 et
3496 4967 3697 5018 visitcm

2122 5057 2368 5126 templum
2398 5056 2553 5123 ejus;
2582 5055 2834 5126 quoniam
2869 5056 3139 5109 abscondit
3164 5073 3245 5109 me
3274 5056 3326 5108 in
3360 5056 3701 5109 tabernaculo

2126 5164 2223 5202 suo
2273 5150 2324 5202 in
2360 5150 2446 5202 die
2476 5149 2735 5202 maiorum
2766 5189 2780 5214 ,
2812 5151 3038 5217 protexit
3070 5165 3150 5201 me
3187 5150 3242 5203 in
3274 5150 3580 5203 abscondito
3616 5160 3699 5201 ta-

2132 5239 2399 5293 bernaculi
2429 5242 2550 5297 sui:
2581 5240 2635 5293 in
2663 5249 2811 5308 petra
2844 5241 3092 5294 exaiiavii
3122 5256 3221 5304 me,
3260 5248 3366 5293 etc.
3404 5239 3700 5291 Didiriuuis

2133 5331 2351 5389 domum
2397 5332 2612 5387 Domini
2647 5333 2751 5389 dici
2782 5332 3077 5388 Ecclesium
3114 5331 3205 5387 Dei
3242 5331 3493 5397 viventis,
3524 5344 3588 5383 ex
3622 5330 3695 5382 ιιι.

2126 5587 2507 5644 Coisliniauus,
2554 5581 2851 5635 Barbarus.
2946 5596 2955 5603 ‘

2198 5660 2308 5725 (ibi
2353 5648 2812 5718 Μειλαθήκαμεν,
2843 5659 2951 5725 etc.
2982 5646 3277 5705 Cordet'ius
3318 5645 3561 5719 Origcui,
3590 5646 3689 5703 Ca-

2127 5721 2249 5785 tena
2282 5727 2509 5783 Barbari
2537 5726 2761 5793 Didyme
2789 5721 2993 5776 tribuit.
