4100 6378
457 347 590 400 19.79

2017 341 2319 398 ORIGENE

3565 349 3701 406 1230

455 456 666 521 pidibus
703 455 855 506 rivis.
889 454 1020 508 Cum
1070 471 1195 508 vero
1233 467 1284 508 et
1331 457 1634 524 benignitas
1667 465 1722 509 et
1759 455 2000 510 severita:

2127 449 2272 506 οἶκον
2305 454 2508 524 Κυρίου
2538 453 2786 522 λέγεσθαι
2818 455 2914 523 τὴν
2953 455 3278 528 Ἐκκλησίαν
3315 456 3449 510 Θεοῦ
3480 459 3700 528 ζῶντος,

453 548 699 614 quautam
731 549 799 598 sit
831 547 942 606 Dei,
982 547 1074 614 qtti
1110 547 1357 600 habitant
1395 551 1444 601 itt
1479 549 1642 601 domo
1675 547 1908 610 Domini,
1945 549 2022 599 vi-

454 639 656 688 debunt
689 637 738 688 itt
795 638 1036 692 bonitate
1089 639 1176 692 Dei
1230 638 1664 704 jncunditatem;
1701 640 1790 706 qtti
1841 650 2020 690 autent

452 737 601 780 extra
633 729 848 780 dotnnm
879 729 996 796 ejus
1025 741 1179 792 sunt,
1213 735 1556 784 severitatem
1591 731 1708 796 ejus
1737 733 2021 798 experien-

451 825 554 868 tur.
587 817 844 871 Adverles
883 830 1057 873 autem
1086 837 1212 882 ιιωιι
1249 821 1460 873 dill'erat
1496 820 1750 886 templum
1788 821 2016 884 Domini,

450 923 476 956 a
513 907 670 960 domo
713 909 961 972 Domini,
1011 919 1066 962 et
1115 927 1240 962 num
1278 913 1469 965 domus
1510 911 1578 964 sit
1627 912 1864 965 Ecclesia
1901 929 2018 980 quae

449 1008 652 1062 svertet
693 1000 850 1052 simul
901 1003 968 1054 ad
1030 1001 1244 1056 Levitas
1293 1013 1345 1056 et
1389 1005 1720 1056 sacerdotes.
1773 1003 2016 1056 Primum

448 1089 665 1154 quidem
697 1092 746 1142 in
783 1092 869 1144 die
899 1090 1163 1144 malorum
1203 1093 1550 1146 absconditur
1578 1093 1698 1160 quis
1723 1111 1750 1146 a
1791 1093 2020 1148 Domino

448 1179 499 1231 in
539 1181 628 1234 Dei
685 1181 1060 1244 tabernaculo,
1103 1183 1298 1236 deinde
1351 1185 1654 1252 protegitur
1689 1183 1739 1236 itt
1793 1185 2018 1236 abscon-

447 1272 558 1326 dito
586 1273 916 1328 tabernaculi
945 1276 1134 1344 ipsius,
1173 1279 1328 1330 tertio
1355 1277 1568 1330 demum
1597 1277 1646 1328 in
1679 1289 1828 1345 petra
1867 1277 2018 1330 exal-

447 1375 613 1418 tatur.
645 1365 783 1418 l’etit
818 1369 1000 1437 itaque
1032 1379 1085 1421 ιιι
1121 1370 1172 1422 in
1207 1369 1442 1422 Ecclesia
1479 1369 1742 1423 inhabitet
1772 1373 2016 1422 curando

447 1469 535 1507 res
583 1457 987 1513 ecclesiasticas
1036 1461 1286 1514 omnibus
1320 1462 1508 1514 diebus
1543 1461 1859 1514 illuminata:
1895 1463 2014 1515 vita:

446 1557 576 1598 siue.
609 1543 663 1598 In
704 1555 868 1612 terra,
911 1549 1104 1617 inqttit,
1143 1567 1388 1614 manens,
1423 1551 1635 1604 tametsi
1671 1551 1852 1605 multis
1913 1554 2012 1605 b0-

448 1637 528 1688 ufs
561 1649 782 1704 egeam,
833 1654 996 1691 unum
1037 1641 1296 1694 hactenus
1329 1651 1470 1708 peto.
1527 1643 1659 1696 Cum
1698 1645 1842 1698 enim
1877 1661 2010 1698 eon-

445 1727 621 1780 l'ertim
673 1729 723 1782 in
759 1733 1011 1785 omnibus
1059 1733 1212 1786 bouis
1253 1737 1454 1788 versari
1489 1753 1782 1804 nequeam.
1813 1753 1878 1791 ne
1909 1739 2011 1792 sal-

2125 547 2190 597 ἐκ
2217 543 2376 596 λίοων
2405 545 2636 607 ζώντων.
2677 544 2854 615 Οῦσης
2893 546 2950 598 δὲ
2993 548 3085 600 καὶ
3126 549 3510 618 χρηστότητος,
3539 549 3704 616 οὔσης

2123 635 2180 687 δέ
2214 636 2306 687 καὶ
2335 637 2636 706 ἁποτομίας
2669 636 2802 688 Θεοῦ
2823 675 2838 700 ,
2867 639 2916 687 οἱ
2945 639 3041 706 μὲν
3075 639 3453 702 κατοικοῦντες
3489 643 3545 692 ἐν
3569 643 3702 711 οἴκῳ

2125 727 2328 797 Κυρίου
2369 727 2588 794 ὄψονται
2619 727 2716 798 τὴν
2753 729 2810 780 ἐν
2835 731 2902 798 τῇ
2931 729 3258 799 χρηστότητι
3289 729 3382 781 τοῦ
3417 731 3552 782 θεοῦ
3581 749 3706 804 τερο

2124 820 2383 889 πνότητα·
2417 823 2466 872 οἱ
2493 821 2548 872 δὲ
2581 820 2684 886 ἔξω
2705 820 2797 873 τοῦ
2821 821 2971 873 οἴκου
2999 822 3358 889 τυγχάνοντες
3381 823 3482 892 τῆς
3503 825 3701 876 ἀποτο-

2127 908 2252 976 μίας
2283 910 2444 962 αὑτοῦ
2483 913 2676 980 πεῖραν
2725 909 3006 980 λήψονται.
3043 910 3106 960 Εἰ
3155 908 3402 981 διαφέρει
3455 912 3512 964 δὲ
3574 913 3700 975 ναὸς

2123 1001 2326 1070 Κυρίου
2363 1003 2456 1054 καὶ
2485 998 2630 1064 οἶκος
2661 1003 2864 1072 Κυρίου
2889 1004 3222 1074 ἐπιστήσεις,
3247 1005 3338 1056 καὶ
3365 1007 3413 1056 εἰ
3433 1000 3579 1067 οἶκος
3601 1005 3699 1073 μὲν

2119 1093 2151 1160 ἡ
2201 1091 2492 1163 Ἐκκλησία
2523 1093 2798 1162 ἀναλόγως
2835 1095 3086 1158 Λευῖταις
3127 1097 3220 1148 καὶ
3266 1095 3490 1166 ἱερεῦσι.
3534 1095 3694 1165 Πρῶ-

2120 1201 2208 1236 τον
2237 1186 2294 1235 ἐν
2331 1187 2396 1254 τῇ
2433 1188 2601 1256 σκηνῇ
2651 1185 2743 1238 τοῦ
2790 1185 2923 1237 Θεοῦ
2965 1186 3263 1257 κρύπτεταί
3299 1204 3384 1250 τις
3420 1187 3477 1238 ἐν
3515 1187 3696 1257 ἡμέρᾳ

2119 1275 2306 1328 κακῶν
2341 1277 2448 1328 ἀπὸ
2485 1277 2721 1346 Κυρίου,
2771 1275 2889 1328 εἶτα
2935 1279 3262 1342 σκεπάζεται
3300 1280 3358 1331 ἐν
3395 1279 3695 1349 ἀποκρύφῳ

2117 1367 2215 1435 τῆς
2260 1368 2462 1437 σκηνῆς
2497 1367 2694 1430 αὐτοῦ,
2747 1369 2838 1420 καὶ
2883 1370 3064 1442 τρίτον
3105 1371 3160 1422 ἐν
3213 1369 3388 1440 πέτρα
3447 1369 3691 1439 ὑψοῦται.

2117 1459 2267 1510 Λίτεί
2329 1460 2504 1511 τοίνυν
2543 1461 2638 1530 τὴν
2682 1461 3002 1531 Ἐκκλησίαν
3040 1464 3206 1514 οἰκεῖν
3235 1461 3320 1515 διὰ
3355 1461 3450 1516 τοῦ
3479 1465 3693 1532 φρονεῖν

2115 1544 2184 1597 τὰ
2241 1531 2672 1615 ἐκκλησιαστικὰ
2733 1551 2912 1610 πασας
2961 1549 3058 1612 τὰς
3103 1551 3314 1621 ἡμέρας
3367 1553 3462 1620 τῆς
3507 1569 3691 1619 πεφω-

2115 1637 2372 1706 τισμένης
2403 1637 2565 1690 αὑτοῦ
2603 1637 2766 1709 ζωῆς.
2817 1641 2939 1691 Ἐπὶ
2975 1641 3098 1710 γῆς,
3132 1622 3286 1710 φησῗ,
3307 1643 3606 1712 τυγχάνων,
3643 1644 3692 1694 εἰ

2115 1731 2206 1781 καὶ
2236 1731 2442 1784 πολλῶν
2493 1731 2572 1783 δεῖ
2624 1749 2712 1800 μοι
2743 1731 2850 1783 τῶν
2879 1731 3122 1798 ἀγαθῶν,
3155 1733 3281 1802 μίαν
3307 1733 3522 1804 αἴτησιν
3553 1733 3688 1796 τέως

445 1827 550 1870 tem
583 1818 682 1872 hoc
711 1835 794 1874 me
819 1823 1032 1875 deficiat
1059 1827 1198 1891 quod
1233 1842 1484 1894 magnum
1528 1837 1580 1881 et
1610 1830 1868 1884 eximium
1903 1841 2000 1898 est1

2115 1821 2266 1873 αἰτῶ.
2313 1822 2544 1892 ’Λορὸως
2592 1823 2698 1895 γὰρ
2747 1825 2804 1877 ἐν
2857 1827 3019 1880 πᾶσιν
3059 1827 3156 1896 οὐχ
3187 1820 3297 1877 οἷόν
3335 1843 3394 1876 τε
3433 1825 3688 1892 γενέσθαι

444 1923 462 1954 ι
494 1915 547 1958 ιιι
580 1908 811 1974 videam,
845 1929 864 1961 ι
909 1923 1012 1965 etc.
1069 1913 1172 1979 Qui
1205 1927 1385 1968 autem
1419 1917 1595 1984 diligit
1629 1921 1876 1973 decorem
1912 1923 2010 1977 do-

441 2011 557 2048 mus
589 1997 820 2066 Domini,
849 2003 1080 2056 dulciter
1107 2006 1224 2072 ejus
1253 2022 1546 2076 conspecut
1583 2011 1684 2063 frui
1712 2014 2004 2078 desiderat,

437 2095 490 2140 et
527 2099 646 2156 post
692 2081 1250 2164 contc-tuplatioueni,
1291 2101 1524 2154 invisere
1567 2105 1820 2172 teutpltttn
1869 2107 2006 2174 ejus.

437 2179 606 2234 Porro
643 2183 686 2234 is
712 2186 854 2238 videt
880 2187 1276 2254 jucundilalem
1313 2191 1522 2246 Domini
1556 2195 1646 2261 qui
1691 2196 2008 2254 fundamen-

441 2273 562 2324 talia
613 2273 866 2329 ΕιτυιιιςῙιυ
927 2279 1174 2348 dogmata
1222 2283 1495 2337 intuetur:
1549 2285 1833 2342 Trinitatis
1883 2309 2008 2346 vero

439 2367 692 2432 mysteria
728 2368 1082 2422 emisiderans
1108 2412 1121 2436 ,
1171 2377 1420 2442 templum
1455 2375 1568 2442 cjus
1620 2383 2008 2450 contemplabi-

437 2465 540 2508 tur.
581 2457 750 2510 Decor
781 2461 1011 2526 Domini,
1041 2475 1117 2517 est
1149 2467 1310 2518 etiam
1343 2471 1517 2522 onmis
1553 2487 1741 2526 eorum
1773 2475 1880 2526 vita
1912 2476 2002 2544 qui

437 2549 632 2602 virtute
676 2559 728 2602 et
771 2552 965 2618 pietate
1012 2567 1290 2622 praestant.
1345 2578 1362 2608 ι
1403 2559 1670 2625 Quoniam
1717 2565 2004 2618 abscondit

433 2653 538 2702 tae,
567 2657 586 2688 ι
621 2649 726 2692 etc.
768 2661 784 2692 ι
811 2644 1016 2697 lnimici
1047 2648 1287 2714 quidem,
1329 2650 1522 2718 inquit,
1555 2653 1850 2708 inlirmitati
1879 2668 2005 2712 sunt

429 2733 484 2776 et
507 2727 850 2794 ceciderunt;
885 2751 902 2782 ι
945 2748 1043 2802 ego
1081 2746 1256 2789 autem
1287 2741 1388 2792 sub
1413 2743 1633 2794 dextera
1673 2745 1840 2813 ipsius
1871 2749 2000 2802 abs-

430 2818 728 2882 condebar.
765 2824 1014 2880 habitans
1061 2827 1112 2879 itt
1155 2831 1542 2898 tabernaculo;
1599 2838 1854 2904 quoniam
1891 2848 2000 2892 tum

431 2905 481 2958 in
517 2906 744 2964 desertis
779 2915 1048 2980 morabar,
1083 2935 1180 2972 uec
1211 2921 1473 2976 habebam
1501 2927 1728 2980 domum
1751 2929 1866 2994 Dei,
1903 2948 1999 2988 nec

431 2999 683 3066 templum
749 3005 884 3072 ejus.
945 3007 1326 3066 Verumtamen
1381 3013 1484 3068 isto
1545 3022 1996 3084 persecutionum

429 3089 592 3162 634
642 3101 881 3162 tempore
933 3103 1170 3166 protexit
1219 3121 1324 3156 me.
1373 3107 1762 3164 Absconditum
1817 3124 2069 3200 autemc

429 3185 788 3252 tabernaculi,
819 3197 938 3242 erat
963 3192 1079 3260 ejus
1107 3193 1356 3247 intimum
1386 3208 1440 3250 et
1469 3199 1825 3269 inaccessum,
1851 3207 1996 3272 quod

428 3271 625 3326 Sancta
661 3285 973 3330 sanctorum
999 3280 1368 3345 appellabant.
1413 3283 1526 3336 Non
1563 3288 1782 3342 onmiuo
1817 3271 1998 3344 autem

425 3366 838 3418 tabernaculum
898 3369 948 3421 in
1001 3369 1119 3424 loco
1155 3372 1320 3426 fuisse
1372 3375 1602 3440 asserit,
1643 3379 1738 3431 sed
1787 3379 1997 3434 insana

423 3457 621 3510 animm
652 3461 1043 3516 constitutione
1075 3479 1192 3530 qua:
1225 3467 1296 3518 sit
1337 3469 1408 3520 ab
1439 3471 1584 3522 omni
1635 3473 1999 3530 multitudinis

422 3551 804 3604 communione
831 3553 1019 3606 libera.
1047 3555 1160 3608 Non
1195 3559 1439 3624 permisit
1465 3577 1571 3624 me,
1599 3562 1795 3631 ittquit,
1831 3563 1999 3620 latere

425 3656 594 3708 usque
631 3643 682 3694 in
729 3645 930 3708 tinem,
973 3647 1065 3699 sed
1099 3663 1218 3700 cum
1253 3650 1416 3702 etiam
1465 3651 1586 3706 aliis
1629 3670 1712 3707 me
1743 3657 1998 3722 prodesse

425 3732 606 3796 vellet,
643 3733 694 3786 itt
731 3745 903 3800 petra,
943 3737 993 3789 id
1042 3749 1124 3792 est
1160 3739 1374 3794 Christo
1401 3743 1662 3798 exultavit
1693 3763 1799 3800 me.
1847 3750 1997 3804 Alias

422 3823 588 3876 etiam
620 3839 760 3894 saepe
791 3826 990 3880 dictum
1021 3839 1104 3883 est
1149 3831 1499 3888 tabernaculo
1528 3837 1828 3902 profectum
1849 3881 1865 3906 ,
1901 3841 1996 3894 do-

425 3931 512 3968 mo
541 3925 719 3970 autem
769 3917 1164 3987 perfectionem
1219 3923 1536 3992 signiﬁcari.
1577 3927 1747 3982 Nemo
1795 3931 1990 3999 igitur,

421 4023 541 4060 cum
589 4009 686 4079 ipsi
735 4010 850 4065 dies
895 4013 1068 4067 malus
1117 4014 1401 4082 imminet,
1445 4017 1496 4071 in
1527 4020 1687 4074 domo
1735 4021 1828 4076 Dei
1865 4039 1986 4080 esse

419 4109 630 4166 potest:
675 4102 766 4156 sed
805 4103 857 4156 in
899 4106 1088 4159 umbra
1133 4105 1484 4162 absconditur
1509 4151 1524 4176 ,
1560 4113 1702 4179 quod
1741 4114 1785 4167 is
1835 4118 1925 4184 qui
1961 4133 1989 4170 a

421 4191 561 4244 male
609 4191 803 4247 liberat
851 4195 1148 4263 profectum
1203 4199 1320 4268 ejus
1369 4211 1635 4270 protegat.
1693 4206 1794 4269 Qui
1843 4209 1988 4262 enim

416 4284 596 4338 adhuc
621 4297 786 4353 agunt
817 4289 1208 4356 ptenitentiam,
1248 4293 1636 4360 perfectionem
1675 4297 1873 4352 habere
1903 4313 1992 4352 ne-

417 4385 642 4440 queunt.
673 4375 903 4430 Possunt
929 4379 1092 4433 etiam
1127 4381 1262 4435 mala
1303 4381 1390 4437 hic
1423 4382 1652 4454 intelligi
1686 4389 1989 4442 adversita-

2113 1917 2223 1976 τοῖς
2257 1915 2496 1981 ἁγαΟοῖς,
2537 1917 2700 1986 μήπω
2728 1917 2844 1968 τόδε
2873 1917 3046 1970 λείποι
3088 1921 3146 1971 τὸ
3177 1919 3316 1988 μέγα
3345 1920 3438 1970 καὶ
3477 1918 3688 1990 ἐξαίρε-

2111 2021 2234 2066 τον,
2281 2023 2300 2052 ι
2333 2005 2392 2056 τὸ
2439 2007 2660 2076 Θεωρεῐν
2693 2024 2777 2075 με,
2809 2026 2826 2056 ι
2863 2009 2954 2060 καὶ
2991 2009 3060 2060 τὰ
3093 2008 3240 2078 ἑξῆς.
3289 2009 3346 2058 'U
3373 2009 3430 2060 δὲ
3459 2009 3687 2077 ἀγαπῶν

2111 2096 2208 2164 τὴν
2239 2095 2570 2166 εὐπρέπειαν
2603 2097 2694 2150 τοῦ
2735 2097 2882 2151 οἴκου
2915 2101 3117 2169 Κυρίου
3157 2100 3398 2170 βούλεται
3439 2102 3686 2172 τερπνῶς

2111 2187 2475 2240 ἐναπολαῦσαι
2508 2193 2572 2258 τῇ
2611 2189 2727 2259 θέα,
2763 2193 2854 2242 καὶ
2895 2193 3030 2261 μετὰ
3063 2193 3160 2264 τὴν
3189 2193 3419 2263 Θεωρίαν
3464 2195 3684 2246 ἐπισκέ-

2111 2279 2340 2332 πτεσθαι
2369 2281 2458 2332 τὸν
2493 2283 2617 2333 ναὸν
2643 2282 2830 2334 αὑτοῦ.
2861 2284 3066 2354 Θεωρεῖ
3105 2285 3160 2337 δέ
3207 2303 3292 2349 τις
3318 2287 3415 2357 τὴν
3457 2288 3684 2357 τερπνό-

2109 2391 2244 2442 τητα
2285 2373 2510 2442 Κυρίου.
2539 2373 2608 2426 τὰ
2635 2375 3016 2446 ὑποϐεϐηκότα
3049 2377 3292 2448 δόγματα
3329 2379 3426 2448 τῆς
3461 2377 3686 2449 Ἐκκλη-

2111 2463 2230 2524 σίας
2273 2463 2433 2532 ὀρῶν·
2483 2465 2803 2533 προσϐαλὼν
2835 2467 2890 2518 δὲ
2919 2471 3028 2532 τοῖς
3057 2471 3184 2536 περὶ
3215 2470 3460 2539 Τριὰδος,
3491 2488 3686 2542 περιαο

2108 2554 2296 2624 Ορήσει
2323 2556 2414 2608 τὸν
2435 2557 2556 2608 ναὸν
2583 2557 2768 2610 αὑτοῦ.
2803 2559 3116 2629 Εὺπρέπεια
3136 2560 3190 2612 δὲ
3219 2561 3422 2630 Κυρίου
3457 2565 3550 2614 καὶ
3577 2565 3686 2626 πᾶς

2106 2648 2133 2698 ὁ
2161 2649 2280 2699 κατ’
2320 2647 2517 2718 ἀρετὴν
2550 2649 2662 2718 βίος
2697 2650 2804 2702 τῶν
2843 2653 2900 2705 ἐν
2951 2652 3224 2720 Οεοσεεείᾳ
3253 2653 3682 2721 διαπρεπόντων.

2109 2757 2129 2788 ι
2160 2739 2280 2791 ’Ὁτι
2313 2739 2518 2810 ἔκρυψέ
2547 2759 2633 2810 με,
2667 2762 2684 2792 ι
2717 2744 2810 2794 καὶ
2851 2743 2920 2796 τὰ
2955 2745 3098 2813 ἑξῆς.
3139 2763 3154 2792 ι
3177 2745 3240 2795 Οἱ
3319 2744 3416 2812 μὲν
3451 2743 3670 2812 ἐχθροὶ,

2106 2831 2296 2900 φησὶν,
2355 2831 2614 2900 ἠσθένουν
2664 2833 2757 2886 καὶ¹
2785 2835 3027 2888 ἔπιπτον
3055 2855 3070 2885 ι
3103 2833 3210 2902 ἐγὼ
3247 2835 3304 2886 δὲ
3337 2835 3439 2886 ὑπὸ
3465 2836 3562 2904 τῆς
3583 2836 3680 2888 αὺ-

2103 2921 2198 2974 τοῦ
2231 2923 2410 2987 δεξιᾶς
2453 2925 2802 2996 ἐκρυπτόμην
2849 2930 2906 2980 ἐν
2951 2929 3120 2997 σκηνῇ
3155 2927 3456 2990 κατοικῶν,
3491 2926 3576 2980 διὰ
3618 2927 3678 2978 τὸ

2101 3013 2306 3083 διάγειν
2333 3017 2390 3070 ἐν
2421 3017 2698 3087 ἐρημίαις,
2736 3018 2830 3069 καὶ
2875 3017 2948 3088 μὴ
2977 3016 3116 3086 ἔχειν
3147 3017 3268 3068 τότε
3292 3017 3383 3068 τὸν
3411 3013 3555 3070 οἷκον
3584 3016 3676 3070 τοῦ

2102 3106 2236 3160 Θεοῦ
2261 3147 2274 3170 ,
2334 3107 2466 3176 μηδέ
2509 3107 2600 3160 τὸν
2640 3109 2766 3162 ναὸν
2809 3109 2994 3165 αὐτοῦ.
3037 3109 3149 3162 Καὶ
3197 3111 3254 3160 ἐν
3296 3109 3431 3178 τῷδε
3465 3109 3543 3179 τῷ
3573 3110 3680 3164 τῶν

2103 3197 2354 3266 διωγμῶν
2393 3199 2568 3270 καιρῷ
2605 3201 2874 3253 ἐσκέπασέ
2934 3219 3021 3271 με.
3074 3202 3417 3271 Ἀπὸκρυφον
3455 3201 3512 3253 δὲ
3545 3218 3680 3269 σκη-

2103 3289 2198 3357 νῆς
2235 3289 2294 3340 τὸ
2327 3289 2603 3344 ἐνδότατόν
2636 3309 2692 3344 τε
2729 3293 2822 3345 καὶ
2852 3291 3070 3356 ἄϐατον,
3098 3294 3235 3364 ὅπερ
3259 3293 3486 3346 ἐκάλουν
3512 3293 3680 3360 ’Ἅγια

2101 3378 2290 3445 ἁγίων.
2333 3382 2404 3434 Οὐ
2430 3383 2646 3444 πάντως
2671 3382 2726 3434 δὲ
2751 3383 2848 3450 τὴν
2871 3383 3074 3453 σκηνὴν
3101 3384 3157 3435 ἐν
3179 3383 3330 3452 τόπῳ
3353 3382 3680 3452 γεγενῆσθαί

2103 3491 2286 3544 φησιν,
2338 3475 2452 3527 ἀλλ’
2503 3476 2560 3527 ἐν
2602 3474 2777 3544 ψυχῆς
2837 3473 3164 3526 καταστάσει
3217 3475 3542 3544 ἡγιασμένη,
3589 3474 3680 3526 καὶ

2101 3565 2281 3634 πάσης
2311 3566 2706 3637 ἀπηλλαγμένῃ
2727 3567 2825 3636 τῆς
2845 3566 2953 3618 τῶν
2983 3565 3192 3618 πολλῶν
3221 3565 3521 3628 κοινωνίας.
3541 3565 3677 3616 Ἀλλ’

2098 3659 2196 3709 οὐκ
2221 3657 2402 3726 ἀφῆκέ
2439 3675 2526 3727 με,
2565 3657 2724 3727 φησὶ,
2767 3656 2930 3726 μέχρι
2973 3657 3157 3719 τέλους
3203 3654 3676 3720 λανθάνειν,ἀλλὰ

2099 3751 2192 3803 καὶ
2224 3750 2430 3820 ἑτέροις
2459 3750 2728 3820 χρήσιμον
2760 3747 3012 3816 γενέσθαι
3047 3746 3388 3816 βουλόμενος,
3415 3747 3470 3798 ἐν
3506 3745 3678 3816 πέτρᾳ

2097 3844 2173 3914 τῷ
2205 3843 2424 3916 Χριστῷ
2461 3843 2642 3913 ὕψωσέ
2685 3861 2772 3912 με.
2805 3843 2914 3894 Καὶ
2943 3841 3117 3904 ἄλλως
3145 3841 3202 3894 δὲ
3237 3840 3494 3902 πολλάκις
3527 3840 3677 3912 εἴρη-

2095 3955 2184 3990 ται
2218 3937 2314 4006 τὴν
2349 3937 2444 4005 μὲν
2475 3935 2678 4006 σκηνὴν
2715 3934 2908 4005 δηλοῦν
2965 3935 3266 4006 προκοπὴν,
3313 3934 3403 3987 τὸν
3437 3930 3584 3987 οἷκον
3619 3934 3675 3987 δὲ

2095 4027 2427 4098 τελειότητα.
2465 4027 2651 4089 Οὐδεὶς
2683 4021 2774 4078 οὖν
2797 4065 2812 4089 ,
2847 4026 3199 4096 ἐνεστηκυίας
3233 4024 3381 4095 αὐτῷ
3416 4025 3513 4096 τῆς
3567 4024 3674 4076 τῶν

2097 4121 2282 4172 κακῶν
2313 4117 2544 4188 ἡμέρας,
2581 4119 2637 4170 ὲν
2669 4116 2802 4186 οἴκῳ
2833 4113 2969 4170 εἶναι
2995 4117 3216 4170 δύναται
3243 4115 3336 4170 τοῦ
3366 4115 3522 4168 Θεοῦ’
3559 4115 3673 4169 ἀλλ’

2095 4213 2152 4264 ἐν
2193 4213 2258 4280 τῇ
2293 4211 2418 4278 σκιᾷ
2453 4209 2749 4280 κρύπτεται
2774 4209 2883 4280 ,τῷ
2915 4209 3013 4280 τὴν
3047 4209 3330 4280 προκοπὴν
3377 4208 3670 4272 σκεπάζειν

2092 4299 2184 4354 τὸν
2213 4300 2409 4362 κακίας
2447 4300 2939 4370 ἀπαλλαττόμενος).
2979 4301 3098 4351 Ἔτι
3131 4299 3238 4370 γὰρ
3265 4299 3672 4369 μετανοοῦντες,

2094 4393 2154 4444 οὺ
2189 4391 2444 4445 δύνανται
2477 4391 2622 4462 ἔχειν
2671 4393 2768 4462 τὴν
2813 4393 3146 4460 τελειότητα.
3204 4389 3436 4442 Δύναται
3484 4390 3540 4442 δὲ
3581 4393 3674 4444 καὶ

421 4477 530 4528 tes;
581 4469 956 4522 absconditum
1006 4481 1184 4526 autem
1220 4475 1548 4530 tabernaculi
1586 4476 1702 4545 ejus
1741 4481 1989 4549 discipli-

2105 4481 2188 4535 νῦν
2220 4469 2379 4536 κακὰ
2433 4485 2668 4537 νοεῖσθαι
2728 4483 2796 4536 τὰ
2849 4481 3221 4554 περιστατικά·
3263 4479 3580 4550 ἀπόκρυφον
3615 4481 3672 4534 δὲ

419 4573 483 4609 tta
505 4597 518 4620 ,
563 4575 666 4626 qtta
701 4561 862 4612 ctiam
897 4561 1236 4630 proﬁcimus.
1271 4565 1450 4632 Atque
1484 4567 1585 4622 alia
1615 4571 1830 4636 quidem
1865 4584 1988 4628 sunt

419 4646 732 4712 manifesta,
769 4649 869 4702 alia
905 4667 1032 4706 vero
1065 4654 1313 4722 mystica.
1351 4655 1492 4712 Deus
1535 4659 1719 4728 itaque
1761 4678 1866 4718 non
1895 4681 1988 4718 su-

416 4743 632 4804 pt-riieie
669 4753 828 4797 tenus
852 4745 1222 4810 proﬁcientem
1253 4751 1512 4818 protegit.
1549 4751 1689 4806 Dixit
1727 4757 1982 4812 taberna-

415 4830 594 4882 culum
630 4832 777 4899 ejus,
813 4837 1065 4904 quoniam
1113 4854 1217 4892 non
1271 4843 1452 4896 onmis
1483 4845 1757 4910 profectus
1793 4863 1984 4904 secun-

415 4923 540 4974 dum
568 4922 730 4976 Deum
765 4937 874 4988 est,
923 4927 1064 4982 hunc
1093 4941 1270 4985 autem
1307 4934 1606 5001 profectum
1644 4941 1856 5009 excepit
1889 4957 1981 5011 pe-

415 5024 493 5066 tra
524 5013 889 5082 perfectionis.
930 5019 1200 5076 Profectui
1239 5025 1531 5094 resmndet
1565 5031 1780 5084 verbum
1818 5052 1836 5080 τ
1859 5035 1984 5090 abs-

412 5105 628 5170 condit;
683 5125 701 5158 ι
783 5111 1104 5176 perfectioni
1153 5130 1282 5170 vero
1340 5137 1358 5170 ι
1405 5121 1684 5176 exultavit.
1727 5143 1746 5173 ι
1803 5125 1983 5182 Possis

411 5199 572 5250 etiam
613 5201 1014 5256 tabernaCnlmn
1059 5207 1370 5276 inti-“igere,
1416 5213 1536 5266 vitae
1565 5215 1868 5270 institutum
1897 5235 1981 5272 se-

410 5292 643 5344 cundum
675 5292 846 5360 legem
876 5304 928 5348 et
954 5299 1268 5365 prephetas,
1299 5303 1348 5354 in
1377 5319 1502 5370 quo,
1541 5306 1589 5356 id
1625 5317 1706 5360 est
1737 5308 1786 5362 in
1819 5325 1978 5364 sensu

412 5385 658 5450 mystico,
695 5386 980 5440 abscondit
1022 5389 1158 5442 Deus
1189 5407 1308 5446 eum
1351 5411 1506 5462 quem
1543 5396 1782 5464 instruit,
1829 5403 1980 5454 emil-

413 5485 530 5523 taus
563 5473 736 5540 ipsum
772 5477 820 5528 itt
851 5487 1022 5544 petra,
1055 5481 1102 5533 id
1137 5491 1217 5536 est
1247 5483 1294 5536 itt
1323 5484 1556 5538 Christo.

441 5623 454 5635 _
487 5563 642 5616 Vens.
695 5569 744 5617 5.
787 5569 1048 5630 Quoniam
1097 5575 1368 5626 abscondit
1417 5595 1495 5628 me
1545 5581 1594 5629 in
1647 5582 1980 5638 tabernaculo

415 5665 508 5700 suo
541 5653 592 5704 in
633 5657 716 5708 die
754 5661 1011 5714 malorum
1038 5703 1050 5726 ,
1093 5675 1196 5718 etc.
1237 5665 1666 5723 'l‘aberuaculum
1704 5673 1978 5726 Christum

2099 4577 2302 4647 σκηνῆς
2331 4577 2494 4630 αὐτοῦ
2531 4579 2624 4630 ἐπὶ
2659 4578 2756 4648 τῆς
2785 4575 3136 4634 παιδεύσεως,
3177 4573 3334 4623 κάκεῖ
3365 4571 3668 4640 προκόπτο-

2099 4684 2215 4738 μεν.
2245 4669 2326 4721 Τὰ
2354 4670 2455 4739 μέν
2481 4671 2598 4721 ἐστι
2643 4667 2890 4737 προφανῆ
2916 4707 2930 4728 ,
2959 4664 3025 4716 τὰ
3051 4665 3106 4715 δὲ
3151 4661 3408 4732 μυστικά.
3459 4663 3572 4714 Οὐκ
3609 4664 3669 4714 ἐν

2092 4763 2203 4824 τοῖς
2228 4760 2563 4822 ἐπιπολαίοις
2592 4755 2684 4812 οὖν
2709 4761 2738 4810 ὁ
2759 4757 2890 4818 Θεὸς
2913 4755 3003 4807 τὸν
3028 4753 3407 4825 προκόπτοντα
3453 4753 3664 4806 σκέπει.

2091 4855 2262 4907 Αὑτοῦ
2291 4855 2346 4908 δὲ
2375 4851 2492 4906 εἷπε
2523 4851 2747 4922 σκηνὴν,
2773 4850 2892 4901 ἐπεὶ
2920 4848 2992 4920 μὴ
3035 4849 3184 4900 πᾶσα
3215 4845 3354 4899 κατὰ
3379 4846 3510 4898 Θεὸν
3536 4864 3670 4917 προ-

2093 4947 2254 5016 κοπή·
2275 4945 2540 5007 διεδέξατο
2567 4943 2623 4994 δέ
2647 4942 2745 5012 τὴν
2774 4941 3054 5011 προκοπὴν
3083 4941 3116 5009 ἡ
3143 4939 3316 5007 πέτρα
3343 4938 3444 5006 τῆς
3467 4938 3667 4990 τελειό-

2090 5053 2271 5107 τητος.
2305 5033 2654 5096 Κατάλληλον
2686 5033 2743 5086 δὲ
2775 5037 2839 5104 τῇ
2872 5033 2970 5103 μὲν
2990 5033 3238 5102 προκοπῇ
3273 5030 3334 5082 τὸ
3367 5049 3384 5080 ι
3407 5031 3659 5100 ἐκρυῲε,ι

2089 5132 2157 5199 τῇ
2189 5129 2245 5180 δὲ
2277 5127 2570 5194 τελειότητι
2603 5125 2664 5177 τὸ
2693 5145 2708 5176 ι
2735 5125 2938 5192 ὒψωσε.
2971 5143 2987 5174 ι
3025 5123 3218 5191 Λέγοις
3267 5121 3310 5173 δ’
3347 5121 3410 5174 ἂν
3463 5121 3663 5188 σκηνὴν

2093 5221 2184 5274 καὶ
2213 5219 2310 5288 τὴν
2339 5217 2426 5270 διὰ
2447 5217 2611 5286 νόμου
2643 5217 2734 5269 καὶ
2764 5215 3060 5286 προφητῶν
3085 5213 3328 5282 ἀγωγὴν,
3357 5207 3468 5284 ἐνῇ
3499 5214 3557 5264 ἐν
3589 5211 3666 5279 τῷ

2095 5306 2336 5379 μυστικῴ
2367 5305 2443 5376 νῷ
2471 5305 2703 5375 κρύπτει
2743 5307 2832 5358 τὸν
2861 5303 3248 5373 παιδευόμενον
3279 5303 3307 5354 ὁ
3333 5303 3484 5364 Θεὸς,
3516 5299 3666 5368 ὑιξιῶν

2091 5401 2250 5454 αὑτὸν
2282 5401 2338 5452 ἐν
2365 5401 2430 5470 τῇ
2463 5399 2637 5469 πέτρα
2677 5399 2752 5468 τῷ
2780 5395 3020 5468 Χριστῷ.

2163 5585 2276 5634 ’Ὁτι
2305 5579 2532 5648 ἐκέ-ιτεΙὲ
2557 5599 2630 5648 με
2665 5581 2733 5632 ἐν·
2777 5578 2978 5646 σκηνῇ
3009 5577 3192 5630 aﬂuit
3233 5577 3300 5628 ἐν
3349 5575 3528 5640 fma-iga
3565 5591 3662 5624 .m-

2091 5677 2212 5728 κῶιν
2239 5695 2296 5736 μί
2319 5697 2370 5738 ιν,
2399 5694 2452 5728 κ.
2477 5694 2524 5728 τ.
2631 5675 2840 5744 Σκηνὶλν
2871 5674 2959 5726 τὸν
2993 5672 3222 5738 Χριστὸν
3261 5669 3662 5740 (14)(5νομάζει,

481 5765 586 5835 (li)
619 5767 865 5836 Σιωινὶιν
901 5775 1002 5827 τὸν
1033 5779 1308 5844 λζοιστιῖν,
1347 5793 1448 5837 εις.
1493 5783 1719 5840 Schcdw
1767 5785 1974 5858 Crabii,

2105 5809 2175 5848 ex
2208 5791 2591 5848 Cuisliniauus.
2627 5789 2912 5844 Barbarus.
