  <div class='ocr_page' id='page_1' title='image "/cluster/home/n/w/nwhite01/storage/ocr_20150623/12:no.2/coo.31924054873074/654.png"; bbox 0 0 4100 6394; ppageno 0'>
   <div class='ocr_carea' id='block_1_1' title="bbox 376 371 504 424">
    <p class='ocr_par' dir='ltr' id='par_1_1' title="bbox 376 371 504 424">
     <span class='ocr_line' id='line_1_1' title="bbox 376 371 504 424; baseline 0.008 -1"><span class='ocrx_word' id='word_1_1' title='bbox 376 371 504 424; x_wconf 66' lang='lat'><strong>{2‘31</strong></span> 
     </span>
    </p>
   </div>
   <div class='ocr_carea' id='block_1_2' title="bbox 372 484 1415 559">
    <p class='ocr_par' dir='ltr' id='par_1_2' title="bbox 372 484 1415 559">
     <span class='ocr_line' id='line_1_2' title="bbox 372 484 1415 559; baseline -0.002 -18"><span class='ocrx_word' id='word_1_2' title='bbox 372 490 431 542; x_wconf 80' lang='grc' dir='ltr'>ὲν</span> <span class='ocrx_word' id='word_1_3' title='bbox 465 484 510 557; x_wconf 80' lang='grc' dir='ltr'>ᾧ</span> <span class='ocrx_word' id='word_1_4' title='bbox 550 489 649 545; x_wconf 72' lang='grc' dir='ltr'><strong>καὶ</strong></span> <span class='ocrx_word' id='word_1_5' title='bbox 707 490 1120 559; x_wconf 71' lang='grc' dir='ltr'>κατεσκήνωσεν</span> <span class='ocrx_word' id='word_1_6' title='bbox 1181 486 1209 537; x_wconf 78' lang='grc' dir='ltr'><strong>ὁ</strong></span> <span class='ocrx_word' id='word_1_7' title='bbox 1252 488 1415 550; x_wconf 64' lang='lat' dir='ltr'><strong>Ger};-</strong></span> 
     </span>
    </p>
   </div>
   <div class='ocr_carea' id='block_1_3' title="bbox 371 581 1958 654">
    <p class='ocr_par' dir='ltr' id='par_1_3' title="bbox 371 581 1958 654">
     <span class='ocr_line' id='line_1_3' title="bbox 371 581 1958 654; baseline -0.002 -17"><span class='ocrx_word' id='word_1_8' title='bbox 371 584 503 654; x_wconf 66' lang='grc' dir='ltr'>γὰρ,</span> <span class='ocrx_word' id='word_1_9' title='bbox 539 583 725 653; x_wconf 75' lang='grc' dir='ltr'>φησὶν,</span> <span class='ocrx_word' id='word_1_10' title='bbox 774 602 791 631; x_wconf 73' lang='grc' dir='ltr'><strong>ι</strong></span> <span class='ocrx_word' id='word_1_11' title='bbox 818 581 970 633; x_wconf 84' lang='grc' dir='ltr'>ἔθετο</span> <span class='ocrx_word' id='word_1_12' title='bbox 1000 581 1058 633; x_wconf 82' lang='grc' dir='ltr'><strong>τὸ</strong></span> <span class='ocrx_word' id='word_1_13' title='bbox 1094 582 1359 650; x_wconf 76' lang='grc' dir='ltr'>σκήνωμα</span> <span class='ocrx_word' id='word_1_14' title='bbox 1407 582 1589 634; x_wconf 76' lang='grc' dir='ltr'>αὐτοῦ.</span> <span class='ocrx_word' id='word_1_15' title='bbox 1625 601 1642 631; x_wconf 70' lang='grc' dir='ltr'><strong>ι</strong></span> <span class='ocrx_word' id='word_1_16' title='bbox 1677 583 1862 645; x_wconf 86' lang='grc' dir='ltr'>Ἥλιος</span> <span class='ocrx_word' id='word_1_17' title='bbox 1904 584 1958 635; x_wconf 79' lang='grc' dir='ltr'>δὲ</span> 
     </span>
    </p>
   </div>
   <div class='ocr_carea' id='block_1_4' title="bbox 373 671 1956 745">
    <p class='ocr_par' dir='ltr' id='par_1_4' title="bbox 373 671 1956 745">
     <span class='ocr_line' id='line_1_4' title="bbox 373 671 1956 745; baseline 0.001 -20"><span class='ocrx_word' id='word_1_18' title='bbox 373 673 722 743; x_wconf 72' lang='grc' dir='ltr'><strong>δικαιοσύνης</strong></span> <span class='ocrx_word' id='word_1_19' title='bbox 760 674 789 725; x_wconf 86' lang='grc' dir='ltr'>ὁ</span> <span class='ocrx_word' id='word_1_20' title='bbox 835 671 1059 743; x_wconf 83' lang='grc' dir='ltr'>Κύριος.</span> <span class='ocrx_word' id='word_1_21' title='bbox 1095 672 1203 724; x_wconf 75' lang='grc' dir='ltr'><strong>Καὶ</strong></span> <span class='ocrx_word' id='word_1_22' title='bbox 1233 672 1341 743; x_wconf 80' lang='grc' dir='ltr'>γὰρ</span> <span class='ocrx_word' id='word_1_23' title='bbox 1376 674 1440 725; x_wconf 74' lang='grc' dir='ltr'>ἐκ</span> <span class='ocrx_word' id='word_1_24' title='bbox 1483 673 1577 725; x_wconf 87' lang='grc' dir='ltr'><strong>τοῦ</strong></span> <span class='ocrx_word' id='word_1_25' title='bbox 1628 673 1757 726; x_wconf 98' lang='grc' dir='ltr'>ναοῦ</span> <span class='ocrx_word' id='word_1_26' title='bbox 1803 692 1956 745; x_wconf 83' lang='grc' dir='ltr'>φησι.</span> 
     </span>
    </p>
   </div>
   <div class='ocr_carea' id='block_1_5' title="bbox 375 764 1960 836">
    <p class='ocr_par' dir='ltr' id='par_1_5' title="bbox 375 764 1960 836">
     <span class='ocr_line' id='line_1_5' title="bbox 375 764 1960 836; baseline 0.003 -21"><span class='ocrx_word' id='word_1_27' title='bbox 375 764 592 834; x_wconf 80' lang='grc' dir='ltr'>Ταύτην</span> <span class='ocrx_word' id='word_1_28' title='bbox 624 764 753 835; x_wconf 69' lang='grc' dir='ltr'>γὰρ,</span> <span class='ocrx_word' id='word_1_29' title='bbox 788 764 956 832; x_wconf 77' lang='grc' dir='ltr'>λέγει,</span> <span class='ocrx_word' id='word_1_30' title='bbox 1018 765 1220 835; x_wconf 82' lang='grc' dir='ltr'>σκηνὴν</span> <span class='ocrx_word' id='word_1_31' title='bbox 1279 765 1436 836; x_wconf 75' lang='grc' dir='ltr'>ἔσχον</span> <span class='ocrx_word' id='word_1_32' title='bbox 1488 766 1585 835; x_wconf 77' lang='grc' dir='ltr'><strong>τὴν</strong></span> <span class='ocrx_word' id='word_1_33' title='bbox 1628 765 1837 835; x_wconf 78' lang='grc' dir='ltr'><strong>σκέπην</strong></span> <span class='ocrx_word' id='word_1_34' title='bbox 1867 768 1960 820; x_wconf 81' lang='grc' dir='ltr'><strong>καὶ</strong></span> 
     </span>
    </p>
   </div>
   <div class='ocr_carea' id='block_1_6' title="bbox 374 856 1961 929">
    <p class='ocr_par' dir='ltr' id='par_1_6' title="bbox 374 856 1961 929">
     <span class='ocr_line' id='line_1_6' title="bbox 374 856 1961 929; baseline 0.003 -21"><span class='ocrx_word' id='word_1_35' title='bbox 374 858 473 927; x_wconf 77' lang='grc' dir='ltr'><strong>τὴν</strong></span> <span class='ocrx_word' id='word_1_36' title='bbox 525 857 795 927; x_wconf 75' lang='grc' dir='ltr'>βοήθειαν.</span> <span class='ocrx_word' id='word_1_37' title='bbox 833 856 1048 927; x_wconf 80' lang='grc' dir='ltr'>Ἐπειδὴ</span> <span class='ocrx_word' id='word_1_38' title='bbox 1083 859 1139 910; x_wconf 77' lang='grc' dir='ltr'>ὲν</span> <span class='ocrx_word' id='word_1_39' title='bbox 1172 860 1237 927; x_wconf 82' lang='grc' dir='ltr'>τῇ</span> <span class='ocrx_word' id='word_1_40' title='bbox 1271 857 1365 910; x_wconf 87' lang='grc' dir='ltr'><strong>τοῦ</strong></span> <span class='ocrx_word' id='word_1_41' title='bbox 1400 857 1533 910; x_wconf 87' lang='grc' dir='ltr'>Θεοῦ</span> <span class='ocrx_word' id='word_1_42' title='bbox 1571 861 1741 928; x_wconf 84' lang='grc' dir='ltr'>σκηνῇ</span> <span class='ocrx_word' id='word_1_43' title='bbox 1794 876 1961 929; x_wconf 87' lang='grc' dir='ltr'>προσ-</span> 
     </span>
    </p>
   </div>
   <div class='ocr_carea' id='block_1_7' title="bbox 375 947 1956 1021">
    <p class='ocr_par' dir='ltr' id='par_1_7' title="bbox 375 947 1956 1021">
     <span class='ocr_line' id='line_1_7' title="bbox 375 947 1956 1021; baseline 0.004 -22"><span class='ocrx_word' id='word_1_44' title='bbox 375 947 669 1017; x_wconf 81' lang='grc' dir='ltr'>ευξάμενος</span> <span class='ocrx_word' id='word_1_45' title='bbox 691 989 705 1012; x_wconf 96' lang='grc'><strong>,</strong></span> <span class='ocrx_word' id='word_1_46' title='bbox 746 948 838 1001; x_wconf 75' lang='grc' dir='ltr'>καὶ</span> <span class='ocrx_word' id='word_1_47' title='bbox 870 951 967 1021; x_wconf 86' lang='grc' dir='ltr'>τὴν</span> <span class='ocrx_word' id='word_1_48' title='bbox 997 949 1104 1003; x_wconf 79' lang='grc' dir='ltr'><strong>ἀπὸ</strong></span> <span class='ocrx_word' id='word_1_49' title='bbox 1127 948 1234 1002; x_wconf 85' lang='grc' dir='ltr'><strong>τῶν</strong></span> <span class='ocrx_word' id='word_1_50' title='bbox 1267 950 1444 1020; x_wconf 83' lang='grc' dir='ltr'>ἄρτων</span> <span class='ocrx_word' id='word_1_51' title='bbox 1480 948 1659 1002; x_wconf 74' lang='grc' dir='ltr'>λαϐὼν</span> <span class='ocrx_word' id='word_1_52' title='bbox 1682 949 1956 1018; x_wconf 81' lang='grc' dir='ltr'>εὐλογίαν,</span> 
     </span>
    </p>
   </div>
   <div class='ocr_carea' id='block_1_8' title="bbox 374 1038 1960 1110">
    <p class='ocr_par' dir='ltr' id='par_1_8' title="bbox 374 1038 1960 1110">
     <span class='ocr_line' id='line_1_8' title="bbox 374 1038 1960 1110; baseline 0.005 -20"><span class='ocrx_word' id='word_1_53' title='bbox 374 1038 474 1101; x_wconf 80' lang='grc' dir='ltr'>τὰς</span> <span class='ocrx_word' id='word_1_54' title='bbox 510 1042 700 1110; x_wconf 81' lang='grc' dir='ltr'>χεῖρας</span> <span class='ocrx_word' id='word_1_55' title='bbox 733 1039 841 1095; x_wconf 82' lang='grc' dir='ltr'>τῶν</span> <span class='ocrx_word' id='word_1_56' title='bbox 892 1040 1271 1109; x_wconf 81' lang='grc' dir='ltr'>πολεμούντων</span> <span class='ocrx_word' id='word_1_57' title='bbox 1303 1042 1554 1109; x_wconf 64' lang='grc' dir='ltr'>διέφυγεν</span> <span class='ocrx_word' id='word_1_58' title='bbox 1580 1081 1595 1104; x_wconf 92' lang='grc'><strong>,</strong></span> <span class='ocrx_word' id='word_1_59' title='bbox 1642 1044 1803 1096; x_wconf 80' lang='grc' dir='ltr'>ὁπότε</span> <span class='ocrx_word' id='word_1_60' title='bbox 1866 1047 1960 1099; x_wconf 73' lang='grc' dir='ltr'><strong>καὶ</strong></span> 
     </span>
    </p>
   </div>
   <div class='ocr_carea' id='block_1_9' title="bbox 374 1131 1963 1205">
    <p class='ocr_par' dir='ltr' id='par_1_9' title="bbox 374 1131 1963 1205">
     <span class='ocr_line' id='line_1_9' title="bbox 374 1131 1963 1205; baseline 0.004 -22"><span class='ocrx_word' id='word_1_61' title='bbox 374 1131 535 1202; x_wconf 79' lang='grc' dir='ltr'>Δωήκ</span> <span class='ocrx_word' id='word_1_62' title='bbox 564 1132 662 1195; x_wconf 82' lang='grc' dir='ltr'>τὰς</span> <span class='ocrx_word' id='word_1_63' title='bbox 693 1132 976 1201; x_wconf 78' lang='grc' dir='ltr'>βασιλικὰς</span> <span class='ocrx_word' id='word_1_64' title='bbox 1014 1133 1270 1203; x_wconf 79' lang='grc' dir='ltr'><strong>ἡμιόνους</strong></span> <span class='ocrx_word' id='word_1_65' title='bbox 1311 1134 1491 1203; x_wconf 85' lang='grc' dir='ltr'>νέμων</span> <span class='ocrx_word' id='word_1_66' title='bbox 1527 1135 1626 1205; x_wconf 78' lang='grc' dir='ltr'><strong>τήν</strong></span> <span class='ocrx_word' id='word_1_67' title='bbox 1656 1135 1823 1188; x_wconf 82' lang='grc' dir='ltr'>αὑτοῦ</span> <span class='ocrx_word' id='word_1_68' title='bbox 1860 1153 1963 1205; x_wconf 81' lang='grc' dir='ltr'><strong>φυ-</strong></span> 
     </span>
    </p>
   </div>
   <div class='ocr_carea' id='block_1_10' title="bbox 375 1225 1960 1296">
    <p class='ocr_par' dir='ltr' id='par_1_10' title="bbox 375 1225 1960 1296">
     <span class='ocr_line' id='line_1_10' title="bbox 375 1225 1960 1296; baseline 0.004 -20"><span class='ocrx_word' id='word_1_69' title='bbox 375 1225 477 1295; x_wconf 78' lang='grc' dir='ltr'>γὴν</span> <span class='ocrx_word' id='word_1_70' title='bbox 505 1226 582 1296; x_wconf 81' lang='grc' dir='ltr'>τῷ</span> <span class='ocrx_word' id='word_1_71' title='bbox 611 1226 782 1278; x_wconf 74' lang='grc' dir='ltr'>Σαοὺλ</span> <span class='ocrx_word' id='word_1_72' title='bbox 812 1227 1207 1295; x_wconf 86' lang='grc' dir='ltr'>κατεμήνυσεν.</span> <span class='ocrx_word' id='word_1_73' title='bbox 1248 1245 1265 1275; x_wconf 73' lang='grc' dir='ltr'><strong>ι</strong></span> <span class='ocrx_word' id='word_1_74' title='bbox 1311 1228 1614 1280; x_wconf 84' lang='grc' dir='ltr'>Ἐσκέπασέ</span> <span class='ocrx_word' id='word_1_75' title='bbox 1648 1244 1714 1296; x_wconf 88' lang='grc' dir='ltr'><strong>με</strong></span> <span class='ocrx_word' id='word_1_76' title='bbox 1745 1228 1801 1280; x_wconf 82' lang='grc' dir='ltr'><strong>ἐν</strong></span> <span class='ocrx_word' id='word_1_77' title='bbox 1825 1228 1960 1281; x_wconf 86' lang='grc' dir='ltr'>ἁπο-</span> 
     </span>
    </p>
   </div>
   <div class='ocr_carea' id='block_1_11' title="bbox 375 1314 1959 1387">
    <p class='ocr_par' dir='ltr' id='par_1_11' title="bbox 375 1314 1959 1387">
     <span class='ocr_line' id='line_1_11' title="bbox 375 1314 1959 1387; baseline 0.003 -20"><span class='ocrx_word' id='word_1_78' title='bbox 375 1314 570 1386; x_wconf 79' lang='grc' dir='ltr'>κρύφῳ</span> <span class='ocrx_word' id='word_1_79' title='bbox 618 1317 716 1386; x_wconf 81' lang='grc' dir='ltr'>τῆς</span> <span class='ocrx_word' id='word_1_80' title='bbox 768 1317 976 1387; x_wconf 76' lang='grc' dir='ltr'>σκηνῆς</span> <span class='ocrx_word' id='word_1_81' title='bbox 1022 1316 1210 1370; x_wconf 82' lang='grc' dir='ltr'>αὐτοῦ.</span> <span class='ocrx_word' id='word_1_82' title='bbox 1235 1334 1255 1367; x_wconf 72' lang='grc' dir='ltr'><strong>ι</strong></span> <span class='ocrx_word' id='word_1_83' title='bbox 1308 1317 1451 1369; x_wconf 74' lang='grc' dir='ltr'>Ἀντὶ</span> <span class='ocrx_word' id='word_1_84' title='bbox 1477 1316 1593 1379; x_wconf 86' lang='grc' dir='ltr'>τοῦ,</span> <span class='ocrx_word' id='word_1_85' title='bbox 1628 1317 1702 1381; x_wconf 84' lang='grc' dir='ltr'>ὡς</span> <span class='ocrx_word' id='word_1_86' title='bbox 1732 1319 1789 1370; x_wconf 84' lang='grc' dir='ltr'>ἐν</span> <span class='ocrx_word' id='word_1_87' title='bbox 1824 1320 1959 1372; x_wconf 86' lang='grc' dir='ltr'>ἀπο-</span> 
     </span>
    </p>
   </div>
   <div class='ocr_carea' id='block_1_12' title="bbox 375 1406 1957 1479">
    <p class='ocr_par' dir='ltr' id='par_1_12' title="bbox 375 1406 1957 1479">
     <span class='ocr_line' id='line_1_12' title="bbox 375 1406 1957 1479; baseline 0.003 -21"><span class='ocrx_word' id='word_1_88' title='bbox 375 1406 589 1477; x_wconf 78' lang='grc' dir='ltr'>κρύφῳ.</span> <span class='ocrx_word' id='word_1_89' title='bbox 627 1407 801 1471; x_wconf 83' lang='grc' dir='ltr'>Οὖτω,</span> <span class='ocrx_word' id='word_1_90' title='bbox 838 1408 993 1477; x_wconf 79' lang='grc' dir='ltr'>φησὶ,</span> <span class='ocrx_word' id='word_1_91' title='bbox 1029 1406 1200 1459; x_wconf 84' lang='grc' dir='ltr'>πολλὰ</span> <span class='ocrx_word' id='word_1_92' title='bbox 1229 1407 1563 1477; x_wconf 74' lang='grc' dir='ltr'><strong>ζητήσαντες</strong></span> <span class='ocrx_word' id='word_1_93' title='bbox 1590 1408 1719 1479; x_wconf 69' lang='grc' dir='ltr'>περὶ</span> <span class='ocrx_word' id='word_1_94' title='bbox 1752 1407 1886 1479; x_wconf 81' lang='grc' dir='ltr'>ἐμοῦ</span> <span class='ocrx_word' id='word_1_95' title='bbox 1909 1410 1957 1462; x_wconf 85' lang='grc' dir='ltr'><strong>οί</strong></span> 
     </span>
    </p>
   </div>
   <div class='ocr_carea' id='block_1_13' title="bbox 376 1492 1955 1571">
    <p class='ocr_par' dir='ltr' id='par_1_13' title="bbox 376 1492 1955 1571">
     <span class='ocr_line' id='line_1_13' title="bbox 376 1492 1955 1571; baseline 0.003 -22"><span class='ocrx_word' id='word_1_96' title='bbox 376 1497 623 1567; x_wconf 84' lang='grc' dir='ltr'>πολέμιοι</span> <span class='ocrx_word' id='word_1_97' title='bbox 656 1500 754 1569; x_wconf 82' lang='grc' dir='ltr'>οὐχ</span> <span class='ocrx_word' id='word_1_98' title='bbox 798 1492 957 1571; x_wconf 79' lang='grc' dir='ltr'>εὗρόν</span> <span class='ocrx_word' id='word_1_99' title='bbox 1009 1516 1096 1569; x_wconf 91' lang='grc' dir='ltr'><strong>με,</strong></span> <span class='ocrx_word' id='word_1_100' title='bbox 1142 1497 1235 1552; x_wconf 88' lang='grc' dir='ltr'><strong>τοῦ</strong></span> <span class='ocrx_word' id='word_1_101' title='bbox 1265 1498 1400 1557; x_wconf 81' lang='grc' dir='ltr'>Θεοῦ</span> <span class='ocrx_word' id='word_1_102' title='bbox 1445 1516 1512 1571; x_wconf 89' lang='grc' dir='ltr'><strong>με</strong></span> <span class='ocrx_word' id='word_1_103' title='bbox 1569 1501 1955 1565; x_wconf 74' lang='grc' dir='ltr'>σκεπάζοντος.</span> 
     </span>
    </p>
   </div>
   <div class='ocr_carea' id='block_1_14' title="bbox 375 1588 1235 1666">
    <p class='ocr_par' dir='ltr' id='par_1_14' title="bbox 375 1588 1235 1666">
     <span class='ocr_line' id='line_1_14' title="bbox 375 1588 1235 1666; baseline 0.008 -26"><span class='ocrx_word' id='word_1_104' title='bbox 375 1590 483 1641; x_wconf 77' lang='grc' dir='ltr'><strong>Καὶ</strong></span> <span class='ocrx_word' id='word_1_105' title='bbox 518 1588 661 1642; x_wconf 78' lang='grc' dir='ltr'>οὕτω</span> <span class='ocrx_word' id='word_1_106' title='bbox 688 1590 769 1653; x_wconf 86' lang='grc' dir='ltr'>τὸ,</span> <span class='ocrx_word' id='word_1_107' title='bbox 804 1591 1087 1666; x_wconf 66' lang='grc' dir='ltr'>ι’ξΕκρυψέ</span> <span class='ocrx_word' id='word_1_108' title='bbox 1114 1608 1235 1662; x_wconf 70' lang='grc' dir='ltr'>με.)</span> 
     </span>
    </p>
   </div>
   <div class='ocr_carea' id='block_1_15' title="bbox 446 1681 1960 1754">
    <p class='ocr_par' dir='ltr' id='par_1_15' title="bbox 446 1681 1960 1754">
     <span class='ocr_line' id='line_1_15' title="bbox 446 1681 1960 1754; baseline 0.004 -21"><span class='ocrx_word' id='word_1_109' title='bbox 446 1681 554 1735; x_wconf 77' lang='grc' dir='ltr'><strong>Καὶ</strong></span> <span class='ocrx_word' id='word_1_110' title='bbox 581 1683 698 1736; x_wconf 72' lang='grc' dir='ltr'><strong>νῦν</strong></span> <span class='ocrx_word' id='word_1_111' title='bbox 727 1682 856 1736; x_wconf 84' lang='grc' dir='ltr'>ίδοὺ</span> <span class='ocrx_word' id='word_1_112' title='bbox 889 1683 1099 1751; x_wconf 80' lang='grc' dir='ltr'>ὕψωσε</span> <span class='ocrx_word' id='word_1_113' title='bbox 1134 1681 1249 1749; x_wconf 79' lang='grc' dir='ltr'><strong>τὴν</strong></span> <span class='ocrx_word' id='word_1_114' title='bbox 1290 1683 1566 1753; x_wconf 71' lang='grc' dir='ltr'>κεφαλήν</span> <span class='ocrx_word' id='word_1_115' title='bbox 1589 1702 1710 1753; x_wconf 82' lang='grc' dir='ltr'><strong>μου</strong></span> <span class='ocrx_word' id='word_1_116' title='bbox 1739 1685 1833 1753; x_wconf 70' lang='grc' dir='ltr'><strong>ἐπ’</strong></span> <span class='ocrx_word' id='word_1_117' title='bbox 1860 1685 1960 1754; x_wconf 80' lang='grc' dir='ltr'><strong>ἑχ-</strong></span> 
     </span>
    </p>
   </div>
   <div class='ocr_carea' id='block_1_16' title="bbox 374 1774 1961 1845">
    <p class='ocr_par' dir='ltr' id='par_1_16' title="bbox 374 1774 1961 1845">
     <span class='ocr_line' id='line_1_16' title="bbox 374 1774 1961 1845; baseline 0.003 -18"><span class='ocrx_word' id='word_1_118' title='bbox 374 1774 557 1841; x_wconf 78' lang='grc' dir='ltr'>θρούς</span> <span class='ocrx_word' id='word_1_119' title='bbox 577 1791 716 1844; x_wconf 75' lang='grc' dir='ltr'>μουο</span> <span class='ocrx_word' id='word_1_120' title='bbox 752 1775 1072 1829; x_wconf 78' lang='grc' dir='ltr'>ἑκύκλωσα</span> <span class='ocrx_word' id='word_1_121' title='bbox 1094 1777 1191 1829; x_wconf 81' lang='grc' dir='ltr'>καὶ</span> <span class='ocrx_word' id='word_1_122' title='bbox 1212 1776 1403 1831; x_wconf 78' lang='grc' dir='ltr'>ἔθυσα</span> <span class='ocrx_word' id='word_1_123' title='bbox 1434 1777 1504 1830; x_wconf 82' lang='grc' dir='ltr'><strong>ἐν</strong></span> <span class='ocrx_word' id='word_1_124' title='bbox 1534 1775 1609 1845; x_wconf 77' lang='grc' dir='ltr'>τῇ</span> <span class='ocrx_word' id='word_1_125' title='bbox 1634 1776 1841 1845; x_wconf 74' lang='grc' dir='ltr'>σκηνῇ</span> <span class='ocrx_word' id='word_1_126' title='bbox 1861 1780 1961 1831; x_wconf 81' lang='grc' dir='ltr'><strong><em>(ιὺ-</em></strong></span> 
     </span>
    </p>
   </div>
   <div class='ocr_carea' id='block_1_17' title="bbox 1330 371 2653 429">
    <p class='ocr_par' dir='ltr' id='par_1_17' title="bbox 1330 371 2653 429">
     <span class='ocr_line' id='line_1_17' title="bbox 1330 371 2653 429; baseline 0.002 -6"><span class='ocrx_word' id='word_1_127' title='bbox 1330 371 1637 425; x_wconf 62' lang='lat' dir='ltr'><strong>SEIECTA</strong></span> <span class='ocrx_word' id='word_1_128' title='bbox 1674 372 1737 425; x_wconf 82' lang='lat' dir='ltr'><strong>IN</strong></span> <span class='ocrx_word' id='word_1_129' title='bbox 1771 372 2110 429; x_wconf 77' lang='lat' dir='ltr'><strong>PSALMOS.</strong></span> <span class='ocrx_word' id='word_1_130' title='bbox 2161 403 2210 418; x_wconf 78' lang='grc' dir='ltr'><strong>σ-</strong></span> <span class='ocrx_word' id='word_1_131' title='bbox 2241 376 2430 428; x_wconf 78' lang='lat' dir='ltr'><strong>I‘SAL.</strong></span> <span class='ocrx_word' id='word_1_132' title='bbox 2467 376 2653 428; x_wconf 68' lang='grc' dir='ltr'>χλνι.</span> 
     </span>
    </p>
   </div>
   <div class='ocr_carea' id='block_1_18' title="bbox 1466 489 1953 560">
    <p class='ocr_par' dir='ltr' id='par_1_18' title="bbox 1466 490 1948 560">
     <span class='ocr_line' id='line_1_18' title="bbox 1466 490 1948 560; baseline 0.004 -22"><span class='ocrx_word' id='word_1_133' title='bbox 1466 508 1481 538; x_wconf 75' lang='grc' dir='ltr'><strong>ι</strong></span> <span class='ocrx_word' id='word_1_134' title='bbox 1521 490 1608 541; x_wconf 77' lang='grc' dir='ltr'>Ἐν</span> <span class='ocrx_word' id='word_1_135' title='bbox 1643 490 1721 559; x_wconf 80' lang='grc' dir='ltr'><strong>τῷ</strong></span> <span class='ocrx_word' id='word_1_136' title='bbox 1753 490 1894 560; x_wconf 76' lang='grc' dir='ltr'>ἡλίῳ</span> <span class='ocrx_word' id='word_1_137' title='bbox 1933 510 1948 540; x_wconf 78' lang='grc' dir='ltr'><strong>ι</strong></span> 
     </span>
    </p>
   </div>
   <div class='ocr_carea' id='block_1_19' title="bbox 2056 489 3626 560">
    <p class='ocr_par' dir='ltr' id='par_1_19' title="bbox 2056 489 3626 558">
     <span class='ocr_line' id='line_1_19' title="bbox 2056 489 3626 558; baseline 0.006 -16"><span class='ocrx_word' id='word_1_138' title='bbox 2056 497 2227 549; x_wconf 78' lang='lat' dir='ltr'><strong>vocat,</strong></span> <span class='ocrx_word' id='word_1_139' title='bbox 2262 489 2315 541; x_wconf 90' lang='lat' dir='ltr'><strong>in</strong></span> <span class='ocrx_word' id='word_1_140' title='bbox 2345 505 2452 558; x_wconf 87' lang='lat' dir='ltr'><strong>quo</strong></span> <span class='ocrx_word' id='word_1_141' title='bbox 2482 489 2625 543; x_wconf 72' lang='lat' dir='ltr'><strong>licus</strong></span> <span class='ocrx_word' id='word_1_142' title='bbox 2655 489 2933 544; x_wconf 81' lang='lat' dir='ltr'><strong>habitavit.</strong></span> <span class='ocrx_word' id='word_1_143' title='bbox 2974 510 2989 540; x_wconf 80' lang='grc' dir='ltr'><strong>ι</strong></span> <span class='ocrx_word' id='word_1_144' title='bbox 3027 493 3087 543; x_wconf 83' lang='lat' dir='ltr'><strong>In</strong></span> <span class='ocrx_word' id='word_1_145' title='bbox 3132 492 3244 546; x_wconf 91' lang='lat' dir='ltr'><strong>sole</strong></span> <span class='ocrx_word' id='word_1_146' title='bbox 3283 511 3299 543; x_wconf 70' lang='grc' dir='ltr'><strong>ι</strong></span> <span class='ocrx_word' id='word_1_147' title='bbox 3335 493 3508 556; x_wconf 88' lang='lat' dir='ltr'><strong>enim.</strong></span> <span class='ocrx_word' id='word_1_148' title='bbox 3542 498 3626 551; x_wconf 87' lang='lat' dir='ltr'><strong>iu-</strong></span> 
     </span>
    </p>
   </div>
   <div class='ocr_carea' id='block_1_20' title="bbox 3487 388 3625 440">
    <p class='ocr_par' dir='ltr' id='par_1_20' title="bbox 3487 388 3625 440">
     <span class='ocr_line' id='line_1_20' title="bbox 3487 388 3625 440; baseline 0.036 -5"><span class='ocrx_word' id='word_1_149' title='bbox 3487 388 3509 435; x_wconf 84' lang='grc'><strong>1</strong></span> <span class='ocrx_word' id='word_1_150' title='bbox 3518 388 3625 440; x_wconf 66' lang='grc'><strong>282</strong></span> 
     </span>
    </p>
   </div>
   <div class='ocr_carea' id='block_1_21' title="bbox 2050 580 3622 648">
    <p class='ocr_par' dir='ltr' id='par_1_21' title="bbox 2050 580 3622 648">
     <span class='ocr_line' id='line_1_21' title="bbox 2050 580 3622 648; baseline 0.01 -18"><span class='ocrx_word' id='word_1_151' title='bbox 2050 580 2167 648; x_wconf 85' lang='lat' dir='ltr'><strong>quit</strong></span> <span class='ocrx_word' id='word_1_152' title='bbox 2197 580 2261 645; x_wconf 73' lang='grc'><strong>⁸⁸,</strong></span> <span class='ocrx_word' id='word_1_153' title='bbox 2294 599 2310 630; x_wconf 85' lang='grc'><strong>‹</strong></span> <span class='ocrx_word' id='word_1_154' title='bbox 2355 580 2534 648; x_wconf 91' lang='lat' dir='ltr'><strong>posuit</strong></span> <span class='ocrx_word' id='word_1_155' title='bbox 2576 582 2979 635; x_wconf 76' lang='lat' dir='ltr'><strong>tabernaculum</strong></span> <span class='ocrx_word' id='word_1_156' title='bbox 3026 600 3205 637; x_wconf 89' lang='lat' dir='ltr'><strong>suum.</strong></span> <span class='ocrx_word' id='word_1_157' title='bbox 3245 605 3263 636; x_wconf 75' lang='grc' dir='ltr'><strong>ι</strong></span> <span class='ocrx_word' id='word_1_158' title='bbox 3307 588 3397 640; x_wconf 85' lang='lat' dir='ltr'><strong>Sol</strong></span> <span class='ocrx_word' id='word_1_159' title='bbox 3441 600 3622 644; x_wconf 89' lang='lat' dir='ltr'><strong>autem</strong></span> 
     </span>
    </p>
   </div>
   <div class='ocr_carea' id='block_1_22' title="bbox 2047 668 3625 743">
    <p class='ocr_par' dir='ltr' id='par_1_22' title="bbox 2047 668 3625 743">
     <span class='ocr_line' id='line_1_22' title="bbox 2047 668 3625 743; baseline 0.009 -23"><span class='ocrx_word' id='word_1_160' title='bbox 2047 668 2269 736; x_wconf 68' lang='lat' dir='ltr'><strong>justitia:</strong></span> <span class='ocrx_word' id='word_1_161' title='bbox 2302 670 2563 724; x_wconf 84' lang='lat' dir='ltr'><strong>Dominus</strong></span> <span class='ocrx_word' id='word_1_162' title='bbox 2601 679 2699 723; x_wconf 88' lang='lat' dir='ltr'><strong>cst.</strong></span> <span class='ocrx_word' id='word_1_163' title='bbox 2742 672 2953 724; x_wconf 76' lang='lat' dir='ltr'><strong>Etenim</strong></span> <span class='ocrx_word' id='word_1_164' title='bbox 2995 674 3061 726; x_wconf 89' lang='lat' dir='ltr'><strong>de</strong></span> <span class='ocrx_word' id='word_1_165' title='bbox 3090 675 3290 743; x_wconf 89' lang='lat' dir='ltr'><strong>templo</strong></span> <span class='ocrx_word' id='word_1_166' title='bbox 3319 677 3468 732; x_wconf 91' lang='lat' dir='ltr'><strong>dicit.</strong></span> <span class='ocrx_word' id='word_1_167' title='bbox 3511 680 3625 734; x_wconf 89' lang='lat' dir='ltr'><strong>lloc</strong></span> 
     </span>
    </p>
   </div>
   <div class='ocr_carea' id='block_1_23' title="bbox 2050 761 3624 834">
    <p class='ocr_par' dir='ltr' id='par_1_23' title="bbox 2050 761 3624 834">
     <span class='ocr_line' id='line_1_23' title="bbox 2050 761 3624 834; baseline 0.007 -19"><span class='ocrx_word' id='word_1_168' title='bbox 2050 762 2194 815; x_wconf 88' lang='lat' dir='ltr'><strong>enim</strong></span> <span class='ocrx_word' id='word_1_169' title='bbox 2215 801 2230 825; x_wconf 96' lang='lat'><strong>,</strong></span> <span class='ocrx_word' id='word_1_170' title='bbox 2258 761 2452 831; x_wconf 87' lang='lat' dir='ltr'><strong>inquit,</strong></span> <span class='ocrx_word' id='word_1_171' title='bbox 2487 763 2889 816; x_wconf 86' lang='lat' dir='ltr'><strong>tabernaculum</strong></span> <span class='ocrx_word' id='word_1_172' title='bbox 2919 766 3243 834; x_wconf 89' lang='lat' dir='ltr'><strong>protectioni</strong></span> <span class='ocrx_word' id='word_1_173' title='bbox 3269 768 3402 822; x_wconf 87' lang='lat' dir='ltr'><strong>mihi</strong></span> <span class='ocrx_word' id='word_1_174' title='bbox 3429 781 3483 824; x_wconf 88' lang='lat' dir='ltr'><strong>et</strong></span> <span class='ocrx_word' id='word_1_175' title='bbox 3523 788 3624 825; x_wconf 85' lang='lat' dir='ltr'><strong>au-</strong></span> 
     </span>
    </p>
   </div>
   <div class='ocr_carea' id='block_1_24' title="bbox 2049 855 3623 926">
    <p class='ocr_par' dir='ltr' id='par_1_24' title="bbox 2049 855 3623 926">
     <span class='ocr_line' id='line_1_24' title="bbox 2049 855 3623 926; baseline 0.006 -18"><span class='ocrx_word' id='word_1_176' title='bbox 2049 855 2178 909; x_wconf 77' lang='lat' dir='ltr'><strong>xilio</strong></span> <span class='ocrx_word' id='word_1_177' title='bbox 2205 855 2325 910; x_wconf 86' lang='lat' dir='ltr'><strong>fuit.</strong></span> <span class='ocrx_word' id='word_1_178' title='bbox 2373 858 2506 910; x_wconf 72' lang='lat' dir='ltr'><strong>Nam</strong></span> <span class='ocrx_word' id='word_1_179' title='bbox 2536 871 2660 909; x_wconf 92' lang='lat' dir='ltr'><strong>cum</strong></span> <span class='ocrx_word' id='word_1_180' title='bbox 2695 866 2900 910; x_wconf 82' lang='lat' dir='ltr'><strong>orasset</strong></span> <span class='ocrx_word' id='word_1_181' title='bbox 2932 857 2986 910; x_wconf 91' lang='lat' dir='ltr'><strong>in</strong></span> <span class='ocrx_word' id='word_1_182' title='bbox 3030 859 3376 915; x_wconf 84' lang='lat' dir='ltr'><strong>tabernaculo</strong></span> <span class='ocrx_word' id='word_1_183' title='bbox 3417 862 3533 926; x_wconf 89' lang='lat' dir='ltr'><strong>Dei,</strong></span> <span class='ocrx_word' id='word_1_184' title='bbox 3568 872 3623 917; x_wconf 90' lang='lat' dir='ltr'><strong>et</strong></span> 
     </span>
    </p>
   </div>
   <div class='ocr_carea' id='block_1_25' title="bbox 2053 948 3621 1017">
    <p class='ocr_par' dir='ltr' id='par_1_25' title="bbox 2053 948 3621 1017">
     <span class='ocr_line' id='line_1_25' title="bbox 2053 948 3621 1017; baseline 0.004 -20"><span class='ocrx_word' id='word_1_185' title='bbox 2053 960 2220 1014; x_wconf 85' lang='lat' dir='ltr'><strong>panes</strong></span> <span class='ocrx_word' id='word_1_186' title='bbox 2262 948 2657 1001; x_wconf 82' lang='lat' dir='ltr'><strong>benedictionis</strong></span> <span class='ocrx_word' id='word_1_187' title='bbox 2705 949 3019 1017; x_wconf 75' lang='lat' dir='ltr'><strong>accepisset,</strong></span> <span class='ocrx_word' id='word_1_188' title='bbox 3052 965 3244 1002; x_wconf 89' lang='lat' dir='ltr'><strong>manus</strong></span> <span class='ocrx_word' id='word_1_189' title='bbox 3274 951 3507 1004; x_wconf 87' lang='lat' dir='ltr'><strong>hostium</strong></span> <span class='ocrx_word' id='word_1_190' title='bbox 3539 954 3621 1006; x_wconf 84' lang='lat' dir='ltr'><strong>ef-</strong></span> 
     </span>
    </p>
   </div>
   <div class='ocr_carea' id='block_1_26' title="bbox 2050 1036 3621 1112">
    <p class='ocr_par' dir='ltr' id='par_1_26' title="bbox 2050 1036 3621 1112">
     <span class='ocr_line' id='line_1_26' title="bbox 2050 1036 3621 1112; baseline 0.004 -23"><span class='ocrx_word' id='word_1_191' title='bbox 2050 1036 2206 1107; x_wconf 73' lang='lat' dir='ltr'><strong>fugit,</strong></span> <span class='ocrx_word' id='word_1_192' title='bbox 2234 1039 2449 1107; x_wconf 84' lang='lat' dir='ltr'><strong>quando</strong></span> <span class='ocrx_word' id='word_1_193' title='bbox 2484 1040 2627 1108; x_wconf 79' lang='lat' dir='ltr'><strong>Doeg</strong></span> <span class='ocrx_word' id='word_1_194' title='bbox 2653 1040 2917 1109; x_wconf 75' lang='lat' dir='ltr'><strong>regiarum</strong></span> <span class='ocrx_word' id='word_1_195' title='bbox 2945 1041 3211 1093; x_wconf 88' lang='lat' dir='ltr'><strong>mularum</strong></span> <span class='ocrx_word' id='word_1_196' title='bbox 3239 1052 3423 1111; x_wconf 80' lang='lat' dir='ltr'><strong>pastor</strong></span> <span class='ocrx_word' id='word_1_197' title='bbox 3452 1043 3621 1112; x_wconf 84' lang='lat' dir='ltr'><strong>ipsius</strong></span> 
     </span>
    </p>
   </div>
   <div class='ocr_carea' id='block_1_27' title="bbox 2049 1129 3621 1198">
    <p class='ocr_par' dir='ltr' id='par_1_27' title="bbox 2049 1129 3621 1198">
     <span class='ocr_line' id='line_1_27' title="bbox 2049 1129 3621 1198; baseline 0.004 -17"><span class='ocrx_word' id='word_1_198' title='bbox 2049 1129 2227 1198; x_wconf 71' lang='lat' dir='ltr'><strong>fugam</strong></span> <span class='ocrx_word' id='word_1_199' title='bbox 2257 1131 2400 1183; x_wconf 80' lang='lat' dir='ltr'><strong>Sauli</strong></span> <span class='ocrx_word' id='word_1_200' title='bbox 2432 1132 2812 1184; x_wconf 78' lang='lat' dir='ltr'><strong>manifestavit.</strong></span> <span class='ocrx_word' id='word_1_201' title='bbox 2851 1152 2867 1181; x_wconf 75' lang='grc' dir='ltr'><strong>ι</strong></span> <span class='ocrx_word' id='word_1_202' title='bbox 2906 1132 3143 1186; x_wconf 75' lang='lat' dir='ltr'><strong>Protexit</strong></span> <span class='ocrx_word' id='word_1_203' title='bbox 3182 1149 3268 1187; x_wconf 87' lang='lat' dir='ltr'><strong>me</strong></span> <span class='ocrx_word' id='word_1_204' title='bbox 3305 1135 3357 1186; x_wconf 93' lang='lat' dir='ltr'><strong>in</strong></span> <span class='ocrx_word' id='word_1_205' title='bbox 3378 1134 3621 1188; x_wconf 79' lang='lat' dir='ltr'><strong>abscon-</strong></span> 
     </span>
    </p>
   </div>
   <div class='ocr_carea' id='block_1_28' title="bbox 2061 1220 3639 1295">
    <p class='ocr_par' dir='ltr' id='par_1_28' title="bbox 2061 1220 3639 1295">
     <span class='ocr_line' id='line_1_28' title="bbox 2061 1220 3639 1295; baseline 0.007 -22"><span class='ocrx_word' id='word_1_206' title='bbox 2061 1220 2176 1274; x_wconf 91' lang='lat' dir='ltr'><strong>dito</strong></span> <span class='ocrx_word' id='word_1_207' title='bbox 2205 1224 2537 1277; x_wconf 81' lang='lat' dir='ltr'><strong>tabernaculi</strong></span> <span class='ocrx_word' id='word_1_208' title='bbox 2562 1225 2666 1278; x_wconf 86' lang='lat' dir='ltr'><strong>sui.</strong></span> <span class='ocrx_word' id='word_1_209' title='bbox 2703 1243 2721 1276; x_wconf 74' lang='grc' dir='ltr'><strong>ι</strong></span> <span class='ocrx_word' id='word_1_210' title='bbox 2763 1224 2905 1280; x_wconf 90' lang='lat' dir='ltr'><strong>Loco</strong></span> <span class='ocrx_word' id='word_1_211' title='bbox 2931 1225 3093 1289; x_wconf 86' lang='lat' dir='ltr'><strong>illius,</strong></span> <span class='ocrx_word' id='word_1_212' title='bbox 3131 1236 3387 1295; x_wconf 79' lang='lat' dir='ltr'><strong>tanquam</strong></span> <span class='ocrx_word' id='word_1_213' title='bbox 3428 1231 3479 1283; x_wconf 89' lang='lat' dir='ltr'><strong>in</strong></span> <span class='ocrx_word' id='word_1_214' title='bbox 3513 1232 3639 1284; x_wconf 91' lang='lat' dir='ltr'><strong>abs-</strong></span> 
     </span>
    </p>
   </div>
   <div class='ocr_carea' id='block_1_29' title="bbox 2061 1313 3645 1387">
    <p class='ocr_par' dir='ltr' id='par_1_29' title="bbox 2061 1313 3645 1387">
     <span class='ocr_line' id='line_1_29' title="bbox 2061 1313 3645 1387; baseline 0.008 -25"><span class='ocrx_word' id='word_1_215' title='bbox 2061 1313 2303 1367; x_wconf 81' lang='lat' dir='ltr'><strong>condito.</strong></span> <span class='ocrx_word' id='word_1_216' title='bbox 2366 1313 2457 1367; x_wconf 90' lang='lat' dir='ltr'><strong>Sic</strong></span> <span class='ocrx_word' id='word_1_217' title='bbox 2479 1350 2496 1379; x_wconf 91' lang='lat'><strong>,</strong></span> <span class='ocrx_word' id='word_1_218' title='bbox 2541 1315 2734 1381; x_wconf 80' lang='lat' dir='ltr'><strong>inquit,</strong></span> <span class='ocrx_word' id='word_1_219' title='bbox 2767 1332 2890 1369; x_wconf 90' lang='lat' dir='ltr'><strong>cum</strong></span> <span class='ocrx_word' id='word_1_220' title='bbox 2925 1316 3146 1369; x_wconf 89' lang='lat' dir='ltr'><strong>multum</strong></span> <span class='ocrx_word' id='word_1_221' title='bbox 3181 1332 3266 1371; x_wconf 89' lang='lat' dir='ltr'><strong>me</strong></span> <span class='ocrx_word' id='word_1_222' title='bbox 3301 1320 3645 1387; x_wconf 68' lang='lat' dir='ltr'><strong>quaesiisscnt</strong></span> 
     </span>
    </p>
   </div>
   <div class='ocr_carea' id='block_1_30' title="bbox 2061 1403 3646 1480">
    <p class='ocr_par' dir='ltr' id='par_1_30' title="bbox 2061 1403 3646 1480">
     <span class='ocr_line' id='line_1_30' title="bbox 2061 1403 3646 1480; baseline 0.003 -25"><span class='ocrx_word' id='word_1_223' title='bbox 2061 1403 2288 1467; x_wconf 82' lang='lat' dir='ltr'><strong>inimici,</strong></span> <span class='ocrx_word' id='word_1_224' title='bbox 2328 1420 2433 1458; x_wconf 88' lang='lat' dir='ltr'><strong>non</strong></span> <span class='ocrx_word' id='word_1_225' title='bbox 2460 1405 2782 1460; x_wconf 70' lang='lat' dir='ltr'><strong>invenerunt</strong></span> <span class='ocrx_word' id='word_1_226' title='bbox 2814 1422 2915 1469; x_wconf 73' lang='lat' dir='ltr'><strong>me,</strong></span> <span class='ocrx_word' id='word_1_227' title='bbox 2944 1410 3139 1477; x_wconf 80' lang='lat' dir='ltr'><strong>quippe</strong></span> <span class='ocrx_word' id='word_1_228' title='bbox 3167 1425 3326 1478; x_wconf 88' lang='lat' dir='ltr'><strong>quem</strong></span> <span class='ocrx_word' id='word_1_229' title='bbox 3360 1411 3497 1464; x_wconf 85' lang='lat' dir='ltr'><strong>Deus</strong></span> <span class='ocrx_word' id='word_1_230' title='bbox 3520 1429 3646 1480; x_wconf 80' lang='lat' dir='ltr'><strong>pro—</strong></span> 
     </span>
    </p>
   </div>
   <div class='ocr_carea' id='block_1_31' title="bbox 2061 1493 3645 1563">
    <p class='ocr_par' dir='ltr' id='par_1_31' title="bbox 2061 1493 3645 1563">
     <span class='ocr_line' id='line_1_31' title="bbox 2061 1493 3645 1563; baseline 0.004 -19"><span class='ocrx_word' id='word_1_231' title='bbox 2061 1493 2297 1561; x_wconf 82' lang='lat' dir='ltr'><strong>tegebat.</strong></span> <span class='ocrx_word' id='word_1_232' title='bbox 2328 1494 2529 1562; x_wconf 84' lang='lat' dir='ltr'><strong>Sicque</strong></span> <span class='ocrx_word' id='word_1_233' title='bbox 2563 1495 2942 1563; x_wconf 86' lang='lat' dir='ltr'><strong>accipicndum</strong></span> <span class='ocrx_word' id='word_1_234' title='bbox 2976 1507 3058 1551; x_wconf 86' lang='lat' dir='ltr'><strong>est</strong></span> <span class='ocrx_word' id='word_1_235' title='bbox 3095 1498 3261 1553; x_wconf 88' lang='lat' dir='ltr'><strong>illud:</strong></span> <span class='ocrx_word' id='word_1_236' title='bbox 3300 1517 3318 1550; x_wconf 77' lang='grc' dir='ltr'><strong>ι</strong></span> <span class='ocrx_word' id='word_1_237' title='bbox 3347 1500 3645 1553; x_wconf 82' lang='lat' dir='ltr'><strong>Abscondit</strong></span> 
     </span>
    </p>
   </div>
   <div class='ocr_carea' id='block_1_32' title="bbox 2061 1599 2215 1637">
    <p class='ocr_par' dir='ltr' id='par_1_32' title="bbox 2061 1599 2215 1637">
     <span class='ocr_line' id='line_1_32' title="bbox 2061 1599 2215 1637; baseline -0.013 -1"><span class='ocrx_word' id='word_1_238' title='bbox 2061 1599 2165 1637; x_wconf 83' lang='lat' dir='ltr'><strong>me.</strong></span> <span class='ocrx_word' id='word_1_239' title='bbox 2198 1603 2215 1634; x_wconf 71' lang='grc' dir='ltr'><strong><em>ι</em></strong></span> 
     </span>
    </p>
   </div>
   <div class='ocr_carea' id='block_1_33' title="bbox 2135 1674 3645 1750">
    <p class='ocr_par' dir='ltr' id='par_1_33' title="bbox 2135 1674 3645 1750">
     <span class='ocr_line' id='line_1_33' title="bbox 2135 1674 3645 1750; baseline 0.003 -20"><span class='ocrx_word' id='word_1_240' title='bbox 2135 1677 2298 1730; x_wconf 68' lang='lat' dir='ltr'><strong>Vens.</strong></span> <span class='ocrx_word' id='word_1_241' title='bbox 2330 1674 2383 1731; x_wconf 83' lang='lat'><strong>6.</strong></span> <span class='ocrx_word' id='word_1_242' title='bbox 2419 1675 2486 1728; x_wconf 85' lang='lat' dir='ltr'><strong>Et</strong></span> <span class='ocrx_word' id='word_1_243' title='bbox 2520 1694 2658 1731; x_wconf 83' lang='lat' dir='ltr'><strong>nunc</strong></span> <span class='ocrx_word' id='word_1_244' title='bbox 2688 1677 2937 1731; x_wconf 63' lang='lat' dir='ltr'><strong>era/tavit</strong></span> <span class='ocrx_word' id='word_1_245' title='bbox 2968 1691 3123 1745; x_wconf 60' lang='lat' dir='ltr'><strong>caput</strong></span> <span class='ocrx_word' id='word_1_246' title='bbox 3161 1697 3329 1733; x_wconf 86' lang='lat' dir='ltr'><strong>meum</strong></span> <span class='ocrx_word' id='word_1_247' title='bbox 3364 1699 3521 1750; x_wconf 75' lang='lat' dir='ltr'><strong>super</strong></span> <span class='ocrx_word' id='word_1_248' title='bbox 3549 1685 3645 1735; x_wconf 87' lang='lat' dir='ltr'><strong>ini-</strong></span> 
     </span>
    </p>
   </div>
   <div class='ocr_carea' id='block_1_34' title="bbox 2063 1768 3640 1832">
    <p class='ocr_par' dir='ltr' id='par_1_34' title="bbox 2063 1768 3640 1832">
     <span class='ocr_line' id='line_1_34' title="bbox 2063 1768 3640 1832; baseline 0.005 -14"><span class='ocrx_word' id='word_1_249' title='bbox 2063 1768 2226 1820; x_wconf 79' lang='lat' dir='ltr'><strong>micos</strong></span> <span class='ocrx_word' id='word_1_250' title='bbox 2254 1784 2392 1820; x_wconf 86' lang='lat' dir='ltr'><strong>meos</strong></span> <span class='ocrx_word' id='word_1_251' title='bbox 2414 1783 2432 1820; x_wconf 88' lang='lat'><strong><em>:</em></strong></span> <span class='ocrx_word' id='word_1_252' title='bbox 2460 1770 2674 1821; x_wconf 66' lang='grc' dir='ltr'><strong>εἰν-ιιιὶιή</strong></span> <span class='ocrx_word' id='word_1_253' title='bbox 2705 1779 2750 1821; x_wconf 82' lang='lat' dir='ltr'><strong>et</strong></span> <span class='ocrx_word' id='word_1_254' title='bbox 2780 1770 3045 1822; x_wconf 87' lang='lat' dir='ltr'><strong>immolavi</strong></span> <span class='ocrx_word' id='word_1_255' title='bbox 3074 1772 3126 1820; x_wconf 80' lang='lat' dir='ltr'><strong>in</strong></span> <span class='ocrx_word' id='word_1_256' title='bbox 3158 1772 3494 1823; x_wconf 78' lang='lat' dir='ltr'><strong>tabernaculo</strong></span> <span class='ocrx_word' id='word_1_257' title='bbox 3527 1774 3640 1832; x_wconf 77' lang='lat' dir='ltr'><strong>eius</strong></span> 
     </span>
    </p>
   </div>
   <div class='ocr_carea' id='block_1_35' title="bbox 372 1841 1953 1935">
    <p class='ocr_par' dir='ltr' id='par_1_35' title="bbox 372 1841 1953 1935">
     <span class='ocr_line' id='line_1_35' title="bbox 372 1841 1953 1935; baseline 0.004 -22"><span class='ocrx_word' id='word_1_258' title='bbox 372 1862 480 1915; x_wconf 81' lang='grc' dir='ltr'><strong>τοῦ</strong></span> <span class='ocrx_word' id='word_1_259' title='bbox 514 1841 735 1917; x_wconf 62' lang='grc' dir='ltr'>θυσίαν</span> <span class='ocrx_word' id='word_1_260' title='bbox 764 1864 1138 1933; x_wconf 61' lang='grc' dir='ltr'>ἀλαλαγμοῦ,</span> <span class='ocrx_word' id='word_1_261' title='bbox 1158 1882 1212 1917; x_wconf 94' lang='grc' dir='ltr'>κ.</span> <span class='ocrx_word' id='word_1_262' title='bbox 1238 1882 1288 1918; x_wconf 92' lang='grc' dir='ltr'><strong>τ.</strong></span> <span class='ocrx_word' id='word_1_263' title='bbox 1314 1867 1361 1918; x_wconf 82' lang='grc' dir='ltr'><strong>ὲ.</strong></span> <span class='ocrx_word' id='word_1_264' title='bbox 1384 1867 1445 1917; x_wconf 78' lang='lat' dir='ltr'><strong>El</strong></span> <span class='ocrx_word' id='word_1_265' title='bbox 1475 1868 1502 1919; x_wconf 89' lang='grc' dir='ltr'><strong>ό</strong></span> <span class='ocrx_word' id='word_1_266' title='bbox 1527 1841 1953 1935; x_wconf 36' lang='grc' dir='ltr'>κυκλώσας-(15)</span> 
     </span>
    </p>
   </div>
   <div class='ocr_carea' id='block_1_36' title="bbox 2056 1841 3634 1935">
    <p class='ocr_par' dir='ltr' id='par_1_36' title="bbox 2060 1856 3634 1927">
     <span class='ocr_line' id='line_1_36' title="bbox 2060 1856 3634 1927; baseline 0.002 -19"><span class='ocrx_word' id='word_1_267' title='bbox 2060 1858 2284 1910; x_wconf 81' lang='lat' dir='ltr'><strong>hostium</strong></span> <span class='ocrx_word' id='word_1_268' title='bbox 2314 1856 2733 1924; x_wconf 76' lang='lat' dir='ltr'><strong>vociferationis.</strong></span> <span class='ocrx_word' id='word_1_269' title='bbox 2757 1868 2865 1910; x_wconf 79' lang='lat' dir='ltr'><strong>ctr.</strong></span> <span class='ocrx_word' id='word_1_270' title='bbox 2897 1856 2951 1910; x_wconf 87' lang='lat' dir='ltr'><strong>Si</strong></span> <span class='ocrx_word' id='word_1_271' title='bbox 2983 1860 3073 1927; x_wconf 90' lang='lat' dir='ltr'><strong>qui</strong></span> <span class='ocrx_word' id='word_1_272' title='bbox 3102 1860 3315 1923; x_wconf 88' lang='lat' dir='ltr'><strong>circuit,</strong></span> <span class='ocrx_word' id='word_1_273' title='bbox 3342 1862 3634 1924; x_wconf 78' lang='lat' dir='ltr'><strong>sacrificat,</strong></span> 
     </span>
    </p>
   </div>
   <div class='ocr_carea' id='block_1_37' title="bbox 371 1952 1959 2027">
    <p class='ocr_par' dir='ltr' id='par_1_37' title="bbox 371 1952 1959 2027">
     <span class='ocr_line' id='line_1_37' title="bbox 371 1952 1959 2027; baseline 0.004 -23"><span class='ocrx_word' id='word_1_274' title='bbox 371 1952 507 2004; x_wconf 90' lang='grc' dir='ltr'>θύει·</span> <span class='ocrx_word' id='word_1_275' title='bbox 545 1952 703 2006; x_wconf 83' lang='grc' dir='ltr'>θυσία</span> <span class='ocrx_word' id='word_1_276' title='bbox 746 1954 803 2007; x_wconf 86' lang='grc' dir='ltr'>δέ</span> <span class='ocrx_word' id='word_1_277' title='bbox 838 1957 955 2007; x_wconf 77' lang='grc' dir='ltr'>ἐστι</span> <span class='ocrx_word' id='word_1_278' title='bbox 1004 1956 1220 2027; x_wconf 81' lang='grc' dir='ltr'>πνεῦμα</span> <span class='ocrx_word' id='word_1_279' title='bbox 1264 1957 1743 2027; x_wconf 78' lang='grc' dir='ltr'>συντετριμμένον·</span> <span class='ocrx_word' id='word_1_280' title='bbox 1776 1958 1805 2009; x_wconf 84' lang='grc' dir='ltr'><strong>ό</strong></span> <span class='ocrx_word' id='word_1_281' title='bbox 1835 1974 1959 2011; x_wconf 88' lang='grc' dir='ltr'>συν-</span> 
     </span>
    </p>
   </div>
   <div class='ocr_carea' id='block_1_38' title="bbox 369 2045 1957 2121">
    <p class='ocr_par' dir='ltr' id='par_1_38' title="bbox 369 2045 1957 2121">
     <span class='ocr_line' id='line_1_38' title="bbox 369 2045 1957 2121; baseline 0.003 -24"><span class='ocrx_word' id='word_1_282' title='bbox 369 2045 566 2116; x_wconf 78' lang='grc' dir='ltr'>τρίψας</span> <span class='ocrx_word' id='word_1_283' title='bbox 604 2046 702 2117; x_wconf 87' lang='grc' dir='ltr'>τὴν</span> <span class='ocrx_word' id='word_1_284' title='bbox 754 2046 947 2100; x_wconf 77' lang='grc' dir='ltr'>ἑαυτοῦ</span> <span class='ocrx_word' id='word_1_285' title='bbox 997 2046 1175 2118; x_wconf 73' lang='grc' dir='ltr'>ψυχὴν</span> <span class='ocrx_word' id='word_1_286' title='bbox 1228 2048 1413 2120; x_wconf 80' lang='grc' dir='ltr'>κύκλῳ</span> <span class='ocrx_word' id='word_1_287' title='bbox 1466 2049 1636 2120; x_wconf 84' lang='grc' dir='ltr'>αὐτὴν</span> <span class='ocrx_word' id='word_1_288' title='bbox 1690 2048 1957 2121; x_wconf 85' lang='grc' dir='ltr'>πεποίηκε</span> 
     </span>
    </p>
   </div>
   <div class='ocr_carea' id='block_1_39' title="bbox 372 2137 1958 2212">
    <p class='ocr_par' dir='ltr' id='par_1_39' title="bbox 372 2137 1958 2212">
     <span class='ocr_line' id='line_1_39' title="bbox 372 2137 1958 2212; baseline -0.008 -5"><span class='ocrx_word' id='word_1_289' title='bbox 372 2137 556 2207; x_wconf 78' lang='grc' dir='ltr'><strong>σχῆμα</strong></span> <span class='ocrx_word' id='word_1_290' title='bbox 588 2137 789 2205; x_wconf 81' lang='grc' dir='ltr'>γωνίας</span> <span class='ocrx_word' id='word_1_291' title='bbox 818 2138 893 2211; x_wconf 80' lang='grc' dir='ltr'>μὴ</span> <span class='ocrx_word' id='word_1_292' title='bbox 927 2138 1153 2210; x_wconf 79' lang='grc' dir='ltr'>ἔχουσαν</span> <span class='ocrx_word' id='word_1_293' title='bbox 1189 2141 1580 2212; x_wconf 79' lang='grc' dir='ltr'>ἐπιδεχομένην</span> <span class='ocrx_word' id='word_1_294' title='bbox 1610 2140 1836 2211; x_wconf 79' lang='grc' dir='ltr'>φθορὰν,</span> <span class='ocrx_word' id='word_1_295' title='bbox 1866 2142 1958 2195; x_wconf 72' lang='grc' dir='ltr'><strong>καὶ</strong></span> 
     </span>
    </p>
   </div>
   <div class='ocr_carea' id='block_1_40' title="bbox 370 2228 1960 2305">
    <p class='ocr_par' dir='ltr' id='par_1_40' title="bbox 370 2228 1960 2305">
     <span class='ocr_line' id='line_1_40' title="bbox 370 2228 1960 2305; baseline 0.006 -27"><span class='ocrx_word' id='word_1_296' title='bbox 370 2228 467 2297; x_wconf 79' lang='grc' dir='ltr'>τὴν</span> <span class='ocrx_word' id='word_1_297' title='bbox 495 2228 808 2301; x_wconf 81' lang='grc' dir='ltr'>ἀφροσύνην</span> <span class='ocrx_word' id='word_1_298' title='bbox 840 2231 1009 2302; x_wconf 77' lang='grc' dir='ltr'>αὐτὴν</span> <span class='ocrx_word' id='word_1_299' title='bbox 1032 2273 1046 2296; x_wconf 92' lang='grc'><strong>,</strong></span> <span class='ocrx_word' id='word_1_300' title='bbox 1079 2234 1148 2304; x_wconf 79' lang='grc' dir='ltr'>ἢ,</span> <span class='ocrx_word' id='word_1_301' title='bbox 1193 2234 1327 2304; x_wconf 78' lang='grc' dir='ltr'>φησὶ</span> <span class='ocrx_word' id='word_1_302' title='bbox 1357 2233 1628 2305; x_wconf 86' lang='grc' dir='ltr'>Σολομὼν,</span> <span class='ocrx_word' id='word_1_303' title='bbox 1665 2253 1682 2285; x_wconf 72' lang='grc' dir='ltr'><strong>ι</strong></span> <span class='ocrx_word' id='word_1_304' title='bbox 1714 2237 1835 2298; x_wconf 89' lang='grc' dir='ltr'>ταῖς</span> <span class='ocrx_word' id='word_1_305' title='bbox 1857 2251 1960 2302; x_wconf 75' lang='grc' dir='ltr'>γωο</span> 
     </span>
    </p>
   </div>
   <div class='ocr_carea' id='block_1_41' title="bbox 370 2320 1958 2393">
    <p class='ocr_par' dir='ltr' id='par_1_41' title="bbox 370 2320 1958 2393">
     <span class='ocr_line' id='line_1_41' title="bbox 370 2320 1958 2393; baseline 0.006 -23"><span class='ocrx_word' id='word_1_306' title='bbox 370 2320 511 2382; x_wconf 89' lang='grc' dir='ltr'>νίαις</span> <span class='ocrx_word' id='word_1_307' title='bbox 546 2322 892 2393; x_wconf 85' lang='grc' dir='ltr'>παρεδρεύει·</span> <span class='ocrx_word' id='word_1_308' title='bbox 922 2343 940 2375; x_wconf 76' lang='grc' dir='ltr'><strong>ι</strong></span> <span class='ocrx_word' id='word_1_309' title='bbox 989 2326 1083 2378; x_wconf 80' lang='grc' dir='ltr'><strong>καὶ</strong></span> <span class='ocrx_word' id='word_1_310' title='bbox 1114 2326 1194 2390; x_wconf 85' lang='grc' dir='ltr'><strong>τὸ,</strong></span> <span class='ocrx_word' id='word_1_311' title='bbox 1225 2345 1242 2376; x_wconf 76' lang='grc' dir='ltr'><strong>ι</strong></span> <span class='ocrx_word' id='word_1_312' title='bbox 1269 2326 1543 2379; x_wconf 82' lang='grc' dir='ltr'>Κατελθὸν</span> <span class='ocrx_word' id='word_1_313' title='bbox 1585 2327 1642 2380; x_wconf 83' lang='grc' dir='ltr'>δὲ</span> <span class='ocrx_word' id='word_1_314' title='bbox 1696 2328 1788 2379; x_wconf 73' lang='grc' dir='ltr'><strong>ἐπὶ</strong></span> <span class='ocrx_word' id='word_1_315' title='bbox 1832 2328 1958 2390; x_wconf 82' lang='grc' dir='ltr'>τοὺς</span> 
     </span>
    </p>
   </div>
   <div class='ocr_carea' id='block_1_42' title="bbox 369 2407 1955 2487">
    <p class='ocr_par' dir='ltr' id='par_1_42' title="bbox 369 2407 1955 2487">
     <span class='ocr_line' id='line_1_42' title="bbox 369 2407 1955 2487; baseline 0.009 -30"><span class='ocrx_word' id='word_1_316' title='bbox 369 2407 564 2471; x_wconf 81' lang='grc' dir='ltr'>παῖδας</span> <span class='ocrx_word' id='word_1_317' title='bbox 609 2408 727 2461; x_wconf 83' lang='grc' dir='ltr'><strong>’1ὼὸ</strong></span> <span class='ocrx_word' id='word_1_318' title='bbox 770 2410 882 2481; x_wconf 86' lang='grc' dir='ltr'><strong>πῦρ</strong></span> <span class='ocrx_word' id='word_1_319' title='bbox 928 2412 1038 2467; x_wconf 88' lang='grc' dir='ltr'><strong>τῶν</strong></span> <span class='ocrx_word' id='word_1_320' title='bbox 1072 2415 1353 2487; x_wconf 86' lang='grc' dir='ltr'>τεσσάρων</span> <span class='ocrx_word' id='word_1_321' title='bbox 1403 2416 1582 2487; x_wconf 75' lang='grc' dir='ltr'>ἥψατο</span> <span class='ocrx_word' id='word_1_322' title='bbox 1606 2416 1817 2485; x_wconf 85' lang='grc' dir='ltr'>γωνιῶν</span> <span class='ocrx_word' id='word_1_323' title='bbox 1861 2417 1955 2471; x_wconf 90' lang='grc' dir='ltr'><strong>τοῦ</strong></span> 
     </span>
    </p>
   </div>
   <div class='ocr_carea' id='block_1_43' title="bbox 369 2499 1007 2567">
    <p class='ocr_par' dir='ltr' id='par_1_43' title="bbox 369 2499 1007 2567">
     <span class='ocr_line' id='line_1_43' title="bbox 369 2499 1007 2567; baseline 0.002 -16"><span class='ocrx_word' id='word_1_324' title='bbox 369 2499 545 2553; x_wconf 81' lang='grc' dir='ltr'>οἴκου.</span> <span class='ocrx_word' id='word_1_325' title='bbox 580 2521 597 2551; x_wconf 73' lang='grc' dir='ltr'><strong>ι</strong></span> <span class='ocrx_word' id='word_1_326' title='bbox 1002 2562 1007 2567; x_wconf 30' lang='grc' dir='ltr'><em>η</em></span> 
     </span>
    </p>
   </div>
   <div class='ocr_carea' id='block_1_44' title="bbox 439 2592 1956 2669">
    <p class='ocr_par' dir='ltr' id='par_1_44' title="bbox 439 2592 1956 2669">
     <span class='ocr_line' id='line_1_44' title="bbox 439 2592 1956 2669; baseline 0.005 -22"><span class='ocrx_word' id='word_1_327' title='bbox 439 2595 538 2647; x_wconf 80' lang='grc' dir='ltr'><strong>Σοὶ</strong></span> <span class='ocrx_word' id='word_1_328' title='bbox 570 2592 740 2650; x_wconf 79' lang='grc' dir='ltr'>εἶπεν</span> <span class='ocrx_word' id='word_1_329' title='bbox 763 2598 801 2665; x_wconf 78' lang='grc' dir='ltr'>ἡ</span> <span class='ocrx_word' id='word_1_330' title='bbox 832 2598 1043 2665; x_wconf 80' lang='grc' dir='ltr'>καρδία</span> <span class='ocrx_word' id='word_1_331' title='bbox 1075 2613 1213 2666; x_wconf 81' lang='grc' dir='ltr'>μου·</span> <span class='ocrx_word' id='word_1_332' title='bbox 1257 2597 1622 2668; x_wconf 69' lang='grc' dir='ltr'>Ἐξεζήτησα</span> <span class='ocrx_word' id='word_1_333' title='bbox 1658 2599 1722 2653; x_wconf 79' lang='grc' dir='ltr'>τὸ</span> <span class='ocrx_word' id='word_1_334' title='bbox 1764 2602 1956 2669; x_wconf 79' lang='grc' dir='ltr'>πρόσ-</span> 
     </span>
    </p>
   </div>
   <div class='ocr_carea' id='block_1_45' title="bbox 366 2686 1953 2759">
    <p class='ocr_par' dir='ltr' id='par_1_45' title="bbox 366 2686 1953 2759">
     <span class='ocr_line' id='line_1_45' title="bbox 366 2686 1953 2759; baseline 0.007 -25"><span class='ocrx_word' id='word_1_335' title='bbox 366 2686 530 2736; x_wconf 82' lang='grc' dir='ltr'>ωπόν</span> <span class='ocrx_word' id='word_1_336' title='bbox 545 2687 762 2747; x_wconf 78' lang='grc' dir='ltr'>σου,τὸ</span> <span class='ocrx_word' id='word_1_337' title='bbox 780 2692 1103 2755; x_wconf 78' lang='grc' dir='ltr'>πρόσωπόν</span> <span class='ocrx_word' id='word_1_338' title='bbox 1129 2706 1265 2752; x_wconf 85' lang='grc' dir='ltr'>σου,</span> <span class='ocrx_word' id='word_1_339' title='bbox 1291 2691 1486 2757; x_wconf 77' lang='grc' dir='ltr'>Κύριε,</span> <span class='ocrx_word' id='word_1_340' title='bbox 1506 2690 1757 2759; x_wconf 60' lang='lat' dir='ltr'><strong>(inﬁmo,</strong></span> <span class='ocrx_word' id='word_1_341' title='bbox 1772 2709 1890 2745; x_wconf 83' lang='grc' dir='ltr'>κ.τ.</span> <span class='ocrx_word' id='word_1_342' title='bbox 1906 2693 1953 2745; x_wconf 82' lang='grc' dir='ltr'><strong>ὲ.</strong></span> 
     </span>
    </p>
   </div>
   <div class='ocr_carea' id='block_1_46' title="bbox 371 2772 1958 2851">
    <p class='ocr_par' dir='ltr' id='par_1_46' title="bbox 371 2772 1958 2851">
     <span class='ocr_line' id='line_1_46' title="bbox 371 2772 1958 2851; baseline 0.004 -23"><span class='ocrx_word' id='word_1_343' title='bbox 371 2772 539 2829; x_wconf 83' lang='grc' dir='ltr'>Ὅταν</span> <span class='ocrx_word' id='word_1_344' title='bbox 571 2777 633 2829; x_wconf 79' lang='grc' dir='ltr'>τὸ</span> <span class='ocrx_word' id='word_1_345' title='bbox 673 2778 964 2849; x_wconf 83' lang='grc' dir='ltr'>πρόσωπόν</span> <span class='ocrx_word' id='word_1_346' title='bbox 993 2797 1138 2843; x_wconf 87' lang='grc' dir='ltr'>τινος</span> <span class='ocrx_word' id='word_1_347' title='bbox 1172 2780 1282 2850; x_wconf 83' lang='grc'><strong>(16)</strong></span> <span class='ocrx_word' id='word_1_348' title='bbox 1310 2781 1372 2833; x_wconf 84' lang='grc' dir='ltr'><strong>τὸ</strong></span> <span class='ocrx_word' id='word_1_349' title='bbox 1400 2781 1689 2851; x_wconf 83' lang='grc' dir='ltr'>πρόσωπον</span> <span class='ocrx_word' id='word_1_350' title='bbox 1721 2779 1814 2835; x_wconf 75' lang='grc' dir='ltr'><strong>τοῦ</strong></span> <span class='ocrx_word' id='word_1_351' title='bbox 1845 2784 1958 2835; x_wconf 85' lang='grc' dir='ltr'><strong>Κυ-</strong></span> 
     </span>
    </p>
   </div>
   <div class='ocr_carea' id='block_1_47' title="bbox 371 2865 1956 2942">
    <p class='ocr_par' dir='ltr' id='par_1_47' title="bbox 371 2865 1956 2942">
     <span class='ocr_line' id='line_1_47' title="bbox 371 2865 1956 2942; baseline 0.006 -25"><span class='ocrx_word' id='word_1_352' title='bbox 371 2865 487 2936; x_wconf 89' lang='grc' dir='ltr'>ρίου</span> <span class='ocrx_word' id='word_1_353' title='bbox 522 2867 768 2939; x_wconf 77' lang='grc' dir='ltr'>ζητήσει,</span> <span class='ocrx_word' id='word_1_354' title='bbox 821 2870 942 2923; x_wconf 87' lang='grc' dir='ltr'>τότε</span> <span class='ocrx_word' id='word_1_355' title='bbox 977 2872 1515 2941; x_wconf 86' lang='grc' dir='ltr'>ὰνακεκαλυμμένως</span> <span class='ocrx_word' id='word_1_356' title='bbox 1536 2873 1634 2942; x_wconf 80' lang='grc' dir='ltr'><strong>τὴν</strong></span> <span class='ocrx_word' id='word_1_357' title='bbox 1654 2872 1812 2938; x_wconf 80' lang='grc' dir='ltr'>δόξαν</span> <span class='ocrx_word' id='word_1_358' title='bbox 1838 2875 1956 2927; x_wconf 85' lang='grc' dir='ltr'><strong>Κυ-</strong></span> 
     </span>
    </p>
   </div>
   <div class='ocr_carea' id='block_1_48' title="bbox 370 2956 1955 3031">
    <p class='ocr_par' dir='ltr' id='par_1_48' title="bbox 370 2956 1955 3031">
     <span class='ocr_line' id='line_1_48' title="bbox 370 2956 1955 3031; baseline 0.005 -23"><span class='ocrx_word' id='word_1_359' title='bbox 370 2956 487 3027; x_wconf 82' lang='grc' dir='ltr'>ρίου</span> <span class='ocrx_word' id='word_1_360' title='bbox 533 2961 976 3030; x_wconf 81' lang='grc' dir='ltr'>κατοπτρίζεται,</span> <span class='ocrx_word' id='word_1_361' title='bbox 1012 2962 1108 3015; x_wconf 59' lang='grc' dir='ltr'><strong>καὶ¹</strong></span> <span class='ocrx_word' id='word_1_362' title='bbox 1144 2962 1437 3031; x_wconf 88' lang='grc' dir='ltr'>γενόμενος</span> <span class='ocrx_word' id='word_1_363' title='bbox 1488 2962 1808 3031; x_wconf 84' lang='grc' dir='ltr'>ίσάγγελος,</span> <span class='ocrx_word' id='word_1_364' title='bbox 1866 2962 1955 3016; x_wconf 80' lang='grc' dir='ltr'>διὰ</span> 
     </span>
    </p>
   </div>
   <div class='ocr_carea' id='block_1_49' title="bbox 366 3045 1951 3122">
    <p class='ocr_par' dir='ltr' id='par_1_49' title="bbox 366 3045 1951 3122">
     <span class='ocr_line' id='line_1_49' title="bbox 366 3045 1951 3122; baseline 0.005 -24"><span class='ocrx_word' id='word_1_365' title='bbox 366 3045 568 3110; x_wconf 82' lang='grc' dir='ltr'>παντὸς</span> <span class='ocrx_word' id='word_1_366' title='bbox 596 3048 784 3117; x_wconf 76' lang='grc' dir='ltr'>ὄψεται</span> <span class='ocrx_word' id='word_1_367' title='bbox 813 3050 874 3102; x_wconf 84' lang='grc' dir='ltr'>τὸ</span> <span class='ocrx_word' id='word_1_368' title='bbox 913 3050 1201 3121; x_wconf 84' lang='grc' dir='ltr'>πρόσωπον</span> <span class='ocrx_word' id='word_1_369' title='bbox 1232 3050 1323 3102; x_wconf 89' lang='grc' dir='ltr'><strong>τοῦ</strong></span> <span class='ocrx_word' id='word_1_370' title='bbox 1354 3051 1412 3103; x_wconf 82' lang='grc' dir='ltr'>ὲν</span> <span class='ocrx_word' id='word_1_371' title='bbox 1434 3050 1682 3120; x_wconf 81' lang='grc' dir='ltr'>οὐρανοῖς</span> <span class='ocrx_word' id='word_1_372' title='bbox 1717 3052 1951 3122; x_wconf 79' lang='grc' dir='ltr'>Πατρός.</span> 
     </span>
    </p>
   </div>
   <div class='ocr_carea' id='block_1_50' title="bbox 443 3137 1954 3211">
    <p class='ocr_par' dir='ltr' id='par_1_50' title="bbox 443 3137 1954 3211">
     <span class='ocr_line' id='line_1_50' title="bbox 443 3137 1954 3211; baseline 0.002 -18"><span class='ocrx_word' id='word_1_373' title='bbox 443 3140 552 3194; x_wconf 83' lang='grc' dir='ltr'>Τοῦ</span> <span class='ocrx_word' id='word_1_374' title='bbox 578 3141 784 3194; x_wconf 86' lang='grc' dir='ltr'>αὐτοῦ.</span> <span class='ocrx_word' id='word_1_375' title='bbox 820 3143 897 3194; x_wconf 85' lang='grc' dir='ltr'><strong>Δι’</strong></span> <span class='ocrx_word' id='word_1_376' title='bbox 931 3137 1005 3195; x_wconf 80' lang='grc' dir='ltr'>ὧν</span> <span class='ocrx_word' id='word_1_377' title='bbox 1044 3141 1295 3211; x_wconf 83' lang='grc' dir='ltr'>καθαίρει</span> <span class='ocrx_word' id='word_1_378' title='bbox 1328 3158 1409 3203; x_wconf 87' lang='grc' dir='ltr'><strong>τις</strong></span> <span class='ocrx_word' id='word_1_379' title='bbox 1451 3141 1561 3211; x_wconf 83' lang='lat' dir='ltr'><strong>(l7)</strong></span> <span class='ocrx_word' id='word_1_380' title='bbox 1604 3141 1816 3207; x_wconf 78' lang='grc' dir='ltr'>ἑαυτὸν,</span> <span class='ocrx_word' id='word_1_381' title='bbox 1846 3142 1954 3196; x_wconf 88' lang='grc' dir='ltr'>δεί-</span> 
     </span>
    </p>
   </div>
   <div class='ocr_carea' id='block_1_51' title="bbox 367 3230 1953 3305">
    <p class='ocr_par' dir='ltr' id='par_1_51' title="bbox 367 3230 1953 3305">
     <span class='ocr_line' id='line_1_51' title="bbox 367 3230 1953 3305; baseline 0.003 -22"><span class='ocrx_word' id='word_1_382' title='bbox 367 3248 523 3283; x_wconf 84' lang='grc' dir='ltr'>κνυσι</span> <span class='ocrx_word' id='word_1_383' title='bbox 581 3230 760 3301; x_wconf 84' lang='grc' dir='ltr'>ζητῶν</span> <span class='ocrx_word' id='word_1_384' title='bbox 798 3234 859 3286; x_wconf 83' lang='grc' dir='ltr'><strong>τὸ</strong></span> <span class='ocrx_word' id='word_1_385' title='bbox 886 3234 1176 3305; x_wconf 82' lang='grc' dir='ltr'>πρόσωπον</span> <span class='ocrx_word' id='word_1_386' title='bbox 1211 3232 1305 3285; x_wconf 88' lang='grc' dir='ltr'><strong>τοῦ</strong></span> <span class='ocrx_word' id='word_1_387' title='bbox 1352 3234 1510 3297; x_wconf 83' lang='grc' dir='ltr'>Θεοῦ,</span> <span class='ocrx_word' id='word_1_388' title='bbox 1546 3235 1684 3305; x_wconf 79' lang='grc' dir='ltr'>ὅπερ</span> <span class='ocrx_word' id='word_1_389' title='bbox 1710 3236 1759 3286; x_wconf 77' lang='grc' dir='ltr'>οἱ</span> <span class='ocrx_word' id='word_1_390' title='bbox 1790 3234 1953 3303; x_wconf 85' lang='grc' dir='ltr'>ἄγγε-</span> 
     </span>
    </p>
   </div>
   <div class='ocr_carea' id='block_1_52' title="bbox 367 3322 1344 3395">
    <p class='ocr_par' dir='ltr' id='par_1_52' title="bbox 367 3322 1344 3395">
     <span class='ocr_line' id='line_1_52' title="bbox 367 3322 1344 3395; baseline 0.003 -22"><span class='ocrx_word' id='word_1_391' title='bbox 367 3322 448 3374; x_wconf 92' lang='grc' dir='ltr'><strong>λοι</strong></span> <span class='ocrx_word' id='word_1_392' title='bbox 488 3323 576 3376; x_wconf 84' lang='grc' dir='ltr'>διὰ</span> <span class='ocrx_word' id='word_1_393' title='bbox 608 3324 807 3387; x_wconf 82' lang='grc' dir='ltr'>παντὸς</span> <span class='ocrx_word' id='word_1_394' title='bbox 830 3324 1079 3393; x_wconf 82' lang='grc' dir='ltr'>λέγονται</span> <span class='ocrx_word' id='word_1_395' title='bbox 1109 3326 1344 3395; x_wconf 79' lang='grc' dir='ltr'>βλέπειν.</span> 
     </span>
    </p>
   </div>
   <div class='ocr_carea' id='block_1_53' title="bbox 438 3414 1952 3499">
    <p class='ocr_par' dir='ltr' id='par_1_53' title="bbox 438 3414 1952 3499">
     <span class='ocr_line' id='line_1_53' title="bbox 438 3414 1952 3499; baseline 0.009 -32"><span class='ocrx_word' id='word_1_396' title='bbox 438 3414 577 3499; x_wconf 68' lang='grc' dir='ltr'><strong>’Ὡτι⁹</strong></span> <span class='ocrx_word' id='word_1_397' title='bbox 602 3418 633 3468; x_wconf 85' lang='grc' dir='ltr'><em>ὀ</em></span> <span class='ocrx_word' id='word_1_398' title='bbox 664 3416 859 3484; x_wconf 77' lang='grc' dir='ltr'>πατήρ</span> <span class='ocrx_word' id='word_1_399' title='bbox 883 3435 1004 3486; x_wconf 86' lang='grc' dir='ltr'><strong>μου</strong></span> <span class='ocrx_word' id='word_1_400' title='bbox 1042 3420 1139 3473; x_wconf 76' lang='grc' dir='ltr'>καὶ</span> <span class='ocrx_word' id='word_1_401' title='bbox 1178 3422 1216 3489; x_wconf 77' lang='grc' dir='ltr'>ἡ</span> <span class='ocrx_word' id='word_1_402' title='bbox 1257 3420 1455 3490; x_wconf 78' lang='grc' dir='ltr'>μήτηρ</span> <span class='ocrx_word' id='word_1_403' title='bbox 1494 3438 1615 3490; x_wconf 82' lang='grc' dir='ltr'><strong>μου</strong></span> <span class='ocrx_word' id='word_1_404' title='bbox 1649 3423 1952 3494; x_wconf 73' lang='grc' dir='ltr'>ἐγκατέλι-</span> 
     </span>
    </p>
   </div>
   <div class='ocr_carea' id='block_1_54' title="bbox 365 3507 1950 3589">
    <p class='ocr_par' dir='ltr' id='par_1_54' title="bbox 365 3507 1950 3589">
     <span class='ocr_line' id='line_1_54' title="bbox 365 3507 1950 3589; baseline 0.009 -33"><span class='ocrx_word' id='word_1_405' title='bbox 365 3507 486 3558; x_wconf 67' lang='lat' dir='ltr'><strong>mir</strong></span> <span class='ocrx_word' id='word_1_406' title='bbox 520 3524 626 3575; x_wconf 74' lang='grc' dir='ltr'><strong>με,</strong></span> <span class='ocrx_word' id='word_1_407' title='bbox 660 3525 715 3561; x_wconf 90' lang='grc' dir='ltr'>κ.</span> <span class='ocrx_word' id='word_1_408' title='bbox 747 3521 802 3561; x_wconf 75' lang='grc' dir='ltr'>τ.</span> <span class='ocrx_word' id='word_1_409' title='bbox 852 3510 899 3561; x_wconf 84' lang='grc' dir='ltr'><strong>ὲ.</strong></span> <span class='ocrx_word' id='word_1_410' title='bbox 953 3510 1239 3581; x_wconf 80' lang='grc' dir='ltr'>Μακάριος</span> <span class='ocrx_word' id='word_1_411' title='bbox 1281 3515 1308 3565; x_wconf 90' lang='grc' dir='ltr'>ὁ</span> <span class='ocrx_word' id='word_1_412' title='bbox 1351 3514 1799 3584; x_wconf 69' lang='grc' dir='ltr'>ἐγκαταλειφθεὶς</span> <span class='ocrx_word' id='word_1_413' title='bbox 1841 3518 1950 3589; x_wconf 79' lang='grc'><strong>(18)</strong></span> 
     </span>
    </p>
   </div>
   <div class='ocr_carea' id='block_1_55' title="bbox 365 3597 1953 3674">
    <p class='ocr_par' dir='ltr' id='par_1_55' title="bbox 365 3597 1953 3674">
     <span class='ocr_line' id='line_1_55' title="bbox 365 3597 1953 3674; baseline 0.006 -24"><span class='ocrx_word' id='word_1_414' title='bbox 365 3597 471 3650; x_wconf 79' lang='grc' dir='ltr'><strong>ὑπὸ</strong></span> <span class='ocrx_word' id='word_1_415' title='bbox 499 3597 594 3650; x_wconf 89' lang='grc' dir='ltr'><strong>τοῦ</strong></span> <span class='ocrx_word' id='word_1_416' title='bbox 625 3599 873 3652; x_wconf 78' lang='grc' dir='ltr'>διαϐόλου</span> <span class='ocrx_word' id='word_1_417' title='bbox 915 3602 1134 3671; x_wconf 76' lang='grc' dir='ltr'>καὶτῆς</span> <span class='ocrx_word' id='word_1_418' title='bbox 1165 3603 1399 3671; x_wconf 76' lang='grc' dir='ltr'>συζύγου</span> <span class='ocrx_word' id='word_1_419' title='bbox 1448 3604 1611 3657; x_wconf 75' lang='grc' dir='ltr'>αὐτοῦ</span> <span class='ocrx_word' id='word_1_420' title='bbox 1642 3608 1859 3671; x_wconf 87' lang='grc' dir='ltr'>κακίας,</span> <span class='ocrx_word' id='word_1_421' title='bbox 1895 3608 1953 3674; x_wconf 77' lang='grc' dir='ltr'><strong>ἐξ</strong></span> 
     </span>
    </p>
   </div>
   <div class='ocr_carea' id='block_1_56' title="bbox 362 3686 1953 3771">
    <p class='ocr_par' dir='ltr' id='par_1_56' title="bbox 362 3686 1953 3771">
     <span class='ocr_line' id='line_1_56' title="bbox 362 3686 1953 3771; baseline 0.004 -26"><span class='ocrx_word' id='word_1_422' title='bbox 362 3686 432 3761; x_wconf 85' lang='grc' dir='ltr'>ἦς</span> <span class='ocrx_word' id='word_1_423' title='bbox 484 3691 660 3746; x_wconf 81' lang='grc' dir='ltr'>τίκτει</span> <span class='ocrx_word' id='word_1_424' title='bbox 701 3695 827 3757; x_wconf 87' lang='grc' dir='ltr'>τοὺς</span> <span class='ocrx_word' id='word_1_425' title='bbox 878 3695 1230 3764; x_wconf 84' lang='grc' dir='ltr'>παρανόμους</span> <span class='ocrx_word' id='word_1_426' title='bbox 1291 3698 1478 3749; x_wconf 86' lang='grc' dir='ltr'>τούτου</span> <span class='ocrx_word' id='word_1_427' title='bbox 1520 3696 1685 3761; x_wconf 86' lang='grc' dir='ltr'>υἱούς.</span> <span class='ocrx_word' id='word_1_428' title='bbox 1742 3700 1953 3771; x_wconf 86' lang='grc' dir='ltr'>’Ὠσπερ</span> 
     </span>
    </p>
   </div>
   <div class='ocr_carea' id='block_1_57' title="bbox 364 3783 1954 3857">
    <p class='ocr_par' dir='ltr' id='par_1_57' title="bbox 364 3783 1954 3857">
     <span class='ocr_line' id='line_1_57' title="bbox 364 3783 1954 3857; baseline 0.004 -22"><span class='ocrx_word' id='word_1_429' title='bbox 364 3783 578 3847; x_wconf 80' lang='grc' dir='ltr'>Παῦλος</span> <span class='ocrx_word' id='word_1_430' title='bbox 612 3784 700 3837; x_wconf 77' lang='grc' dir='ltr'><strong>διὰ</strong></span> <span class='ocrx_word' id='word_1_431' title='bbox 729 3784 824 3837; x_wconf 85' lang='grc' dir='ltr'><strong>τοῦ</strong></span> <span class='ocrx_word' id='word_1_432' title='bbox 864 3787 1198 3853; x_wconf 76' lang='grc' dir='ltr'>Εὐαγγελίου</span> <span class='ocrx_word' id='word_1_433' title='bbox 1226 3789 1389 3857; x_wconf 82' lang='grc' dir='ltr'>γεννᾷ</span> <span class='ocrx_word' id='word_1_434' title='bbox 1413 3787 1539 3850; x_wconf 69' lang='grc' dir='ltr'>τοὺς</span> <span class='ocrx_word' id='word_1_435' title='bbox 1571 3788 1838 3852; x_wconf 85' lang='grc' dir='ltr'>Γαλάτας,</span> <span class='ocrx_word' id='word_1_436' title='bbox 1863 3788 1954 3842; x_wconf 80' lang='grc' dir='ltr'>οῦ-</span> 
     </span>
    </p>
   </div>
   <div class='ocr_carea' id='block_1_58' title="bbox 363 3874 1953 3952">
    <p class='ocr_par' dir='ltr' id='par_1_58' title="bbox 363 3874 1953 3952">
     <span class='ocr_line' id='line_1_58' title="bbox 363 3874 1953 3952; baseline 0.004 -26"><span class='ocrx_word' id='word_1_437' title='bbox 363 3891 441 3926; x_wconf 88' lang='grc' dir='ltr'><strong>τω</strong></span> <span class='ocrx_word' id='word_1_438' title='bbox 468 3874 562 3928; x_wconf 59' lang='grc' dir='ltr'><strong>καὶ⁸</strong></span> <span class='ocrx_word' id='word_1_439' title='bbox 589 3874 675 3927; x_wconf 80' lang='grc' dir='ltr'>διὰ</span> <span class='ocrx_word' id='word_1_440' title='bbox 714 3874 813 3945; x_wconf 84' lang='grc' dir='ltr'>τῆς</span> <span class='ocrx_word' id='word_1_441' title='bbox 841 3875 1041 3938; x_wconf 85' lang='grc' dir='ltr'>κακίας</span> <span class='ocrx_word' id='word_1_442' title='bbox 1082 3878 1111 3927; x_wconf 91' lang='grc' dir='ltr'><strong>ό</strong></span> <span class='ocrx_word' id='word_1_443' title='bbox 1144 3877 1386 3939; x_wconf 72' lang='grc' dir='ltr'>διάϐολος</span> <span class='ocrx_word' id='word_1_444' title='bbox 1425 3882 1590 3948; x_wconf 80' lang='grc' dir='ltr'>γεννᾷ</span> <span class='ocrx_word' id='word_1_445' title='bbox 1618 3882 1745 3943; x_wconf 81' lang='grc' dir='ltr'>τοὺς</span> <span class='ocrx_word' id='word_1_446' title='bbox 1787 3899 1953 3952; x_wconf 80' lang='grc' dir='ltr'>πονη-</span> 
     </span>
    </p>
   </div>
   <div class='ocr_carea' id='block_1_59' title="bbox 366 3965 1952 4038">
    <p class='ocr_par' dir='ltr' id='par_1_59' title="bbox 366 3965 1952 4038">
     <span class='ocr_line' id='line_1_59' title="bbox 366 3965 1952 4038; baseline 0.006 -21"><span class='ocrx_word' id='word_1_447' title='bbox 366 3967 512 4035; x_wconf 85' lang='grc' dir='ltr'>ρούς.</span> <span class='ocrx_word' id='word_1_448' title='bbox 554 3965 664 4034; x_wconf 85' lang='grc' dir='ltr'>Τῆς</span> <span class='ocrx_word' id='word_1_449' title='bbox 699 3966 1004 4035; x_wconf 80' lang='grc' dir='ltr'>συμφορᾶς,</span> <span class='ocrx_word' id='word_1_450' title='bbox 1031 3966 1193 4036; x_wconf 79' lang='grc' dir='ltr'>φησὶν</span> <span class='ocrx_word' id='word_1_451' title='bbox 1215 4006 1229 4023; x_wconf 91' lang='grc'><strong>.</strong></span> <span class='ocrx_word' id='word_1_452' title='bbox 1264 3969 1562 4038; x_wconf 82' lang='grc' dir='ltr'>ἐπιστάσης</span> <span class='ocrx_word' id='word_1_453' title='bbox 1604 3986 1693 4038; x_wconf 89' lang='grc' dir='ltr'><strong>μοι</strong></span> <span class='ocrx_word' id='word_1_454' title='bbox 1717 3970 1833 4035; x_wconf 89' lang='grc' dir='ltr'>νῦν,</span> <span class='ocrx_word' id='word_1_455' title='bbox 1857 3973 1952 4025; x_wconf 82' lang='grc' dir='ltr'>καὶ</span> 
     </span>
    </p>
   </div>
   <div class='ocr_carea' id='block_1_60' title="bbox 362 4054 1950 4135">
    <p class='ocr_par' dir='ltr' id='par_1_60' title="bbox 362 4054 1950 4135">
     <span class='ocr_line' id='line_1_60' title="bbox 362 4054 1950 4135; baseline 0.009 -30"><span class='ocrx_word' id='word_1_456' title='bbox 362 4056 460 4124; x_wconf 78' lang='grc' dir='ltr'><strong>τῆς</strong></span> <span class='ocrx_word' id='word_1_457' title='bbox 490 4054 760 4109; x_wconf 80' lang='grc' dir='ltr'>τοσούτων</span> <span class='ocrx_word' id='word_1_458' title='bbox 800 4055 1077 4127; x_wconf 83' lang='grc' dir='ltr'>πολεμίων</span> <span class='ocrx_word' id='word_1_459' title='bbox 1122 4058 1338 4126; x_wconf 77' lang='grc' dir='ltr'>ἐφόδου,</span> <span class='ocrx_word' id='word_1_460' title='bbox 1390 4060 1510 4113; x_wconf 80' lang='grc' dir='ltr'>οὐδὲ</span> <span class='ocrx_word' id='word_1_461' title='bbox 1555 4062 1736 4134; x_wconf 79' lang='grc' dir='ltr'>πατὴρ</span> <span class='ocrx_word' id='word_1_462' title='bbox 1768 4066 1833 4118; x_wconf 83' lang='grc' dir='ltr'>ἄν</span> <span class='ocrx_word' id='word_1_463' title='bbox 1883 4083 1950 4135; x_wconf 89' lang='grc' dir='ltr'><strong>με</strong></span> 
     </span>
    </p>
   </div>
   <div class='ocr_carea' id='block_1_61' title="bbox 363 4144 1951 4224">
    <p class='ocr_par' dir='ltr' id='par_1_61' title="bbox 363 4144 1951 4224">
     <span class='ocr_line' id='line_1_61' title="bbox 363 4144 1951 4224; baseline 0.007 -28"><span class='ocrx_word' id='word_1_464' title='bbox 363 4144 655 4215; x_wconf 75' lang='grc' dir='ltr'>ὠφέλησαν</span> <span class='ocrx_word' id='word_1_465' title='bbox 706 4145 827 4198; x_wconf 74' lang='grc' dir='ltr'>οὐδὲ</span> <span class='ocrx_word' id='word_1_466' title='bbox 852 4147 1057 4217; x_wconf 81' lang='grc' dir='ltr'>μήτηρ,</span> <span class='ocrx_word' id='word_1_467' title='bbox 1089 4146 1252 4210; x_wconf 71' lang='grc' dir='ltr'>αὐτὸς</span> <span class='ocrx_word' id='word_1_468' title='bbox 1274 4148 1329 4200; x_wconf 77' lang='grc' dir='ltr'>δὲ</span> <span class='ocrx_word' id='word_1_469' title='bbox 1356 4148 1478 4201; x_wconf 79' lang='grc' dir='ltr'>ἀντὶ</span> <span class='ocrx_word' id='word_1_470' title='bbox 1513 4149 1730 4205; x_wconf 88' lang='grc' dir='ltr'>πάντων</span> <span class='ocrx_word' id='word_1_471' title='bbox 1763 4152 1951 4224; x_wconf 65' lang='grc' dir='ltr'>ὤφθης</span> 
     </span>
    </p>
   </div>
   <div class='ocr_carea' id='block_1_62' title="bbox 367 4236 696 4307">
    <p class='ocr_par' dir='ltr' id='par_1_62' title="bbox 367 4236 696 4307">
     <span class='ocr_line' id='line_1_62' title="bbox 367 4236 696 4307; baseline 0.009 -19"><span class='ocrx_word' id='word_1_472' title='bbox 367 4254 457 4306; x_wconf 89' lang='grc' dir='ltr'><strong>μοι</strong></span> <span class='ocrx_word' id='word_1_473' title='bbox 484 4236 696 4307; x_wconf 82' lang='grc' dir='ltr'>βοηθός.</span> 
     </span>
    </p>
   </div>
   <div class='ocr_carea' id='block_1_63' title="bbox 433 4327 1949 4403">
    <p class='ocr_par' dir='ltr' id='par_1_63' title="bbox 433 4327 1949 4403">
     <span class='ocr_line' id='line_1_63' title="bbox 433 4327 1949 4403; baseline 0.006 -23"><span class='ocrx_word' id='word_1_474' title='bbox 433 4327 855 4396; x_wconf 82' lang='grc' dir='ltr'>Νομοθέτησόν</span> <span class='ocrx_word' id='word_1_475' title='bbox 869 4345 966 4397; x_wconf 81' lang='grc' dir='ltr'><strong>με,</strong></span> <span class='ocrx_word' id='word_1_476' title='bbox 997 4328 1194 4395; x_wconf 76' lang='grc' dir='ltr'>Κύριε,</span> <span class='ocrx_word' id='word_1_477' title='bbox 1226 4329 1339 4397; x_wconf 76' lang='grc' dir='ltr'><strong>τὴν</strong></span> <span class='ocrx_word' id='word_1_478' title='bbox 1360 4331 1506 4385; x_wconf 75' lang='grc' dir='ltr'>ὀδόν</span> <span class='ocrx_word' id='word_1_479' title='bbox 1527 4347 1663 4397; x_wconf 81' lang='grc' dir='ltr'>σου,</span> <span class='ocrx_word' id='word_1_480' title='bbox 1688 4335 1785 4388; x_wconf 79' lang='grc' dir='ltr'>καὶ</span> <span class='ocrx_word' id='word_1_481' title='bbox 1810 4335 1949 4403; x_wconf 60' lang='lat'><strong>66:5-</strong></span> 
     </span>
    </p>
   </div>
   <div class='ocr_carea' id='block_1_64' title="bbox 363 4420 1948 4498">
    <p class='ocr_par' dir='ltr' id='par_1_64' title="bbox 363 4420 1948 4498">
     <span class='ocr_line' id='line_1_64' title="bbox 363 4420 1948 4498; baseline 0.007 -28"><span class='ocrx_word' id='word_1_482' title='bbox 363 4420 558 4487; x_wconf 69' lang='grc' dir='ltr'>γησόν</span> <span class='ocrx_word' id='word_1_483' title='bbox 592 4436 670 4488; x_wconf 79' lang='grc' dir='ltr'><strong>με</strong></span> <span class='ocrx_word' id='word_1_484' title='bbox 708 4420 780 4473; x_wconf 82' lang='grc' dir='ltr'><strong>ἐν</strong></span> <span class='ocrx_word' id='word_1_485' title='bbox 813 4422 986 4488; x_wconf 74' lang='grc' dir='ltr'>τρίϐῳ</span> <span class='ocrx_word' id='word_1_486' title='bbox 1021 4422 1242 4487; x_wconf 80' lang='grc' dir='ltr'>εὐθείᾳ,</span> <span class='ocrx_word' id='word_1_487' title='bbox 1296 4439 1350 4476; x_wconf 90' lang='grc' dir='ltr'>κ.</span> <span class='ocrx_word' id='word_1_488' title='bbox 1396 4440 1448 4478; x_wconf 92' lang='grc' dir='ltr'><strong>τ,</strong></span> <span class='ocrx_word' id='word_1_489' title='bbox 1492 4426 1538 4476; x_wconf 85' lang='grc' dir='ltr'>ὲ.</span> <span class='ocrx_word' id='word_1_490' title='bbox 1588 4426 1728 4498; x_wconf 85' lang='grc' dir='ltr'>Ὅρα</span> <span class='ocrx_word' id='word_1_491' title='bbox 1764 4427 1856 4479; x_wconf 82' lang='grc' dir='ltr'><strong>τὸν</strong></span> <span class='ocrx_word' id='word_1_492' title='bbox 1890 4429 1948 4482; x_wconf 79' lang='grc' dir='ltr'>ὲν</span> 
     </span>
    </p>
   </div>
   <div class='ocr_carea' id='block_1_65' title="bbox 2061 1948 3636 2017">
    <p class='ocr_par' dir='ltr' id='par_1_65' title="bbox 2061 1948 3636 2017">
     <span class='ocr_line' id='line_1_65' title="bbox 2061 1948 3636 2017; baseline -0.001 -14"><span class='ocrx_word' id='word_1_493' title='bbox 2061 1949 2392 2003; x_wconf 70' lang='lat' dir='ltr'><strong>Sacrificium</strong></span> <span class='ocrx_word' id='word_1_494' title='bbox 2424 1960 2602 2002; x_wconf 91' lang='lat' dir='ltr'><strong>autem</strong></span> <span class='ocrx_word' id='word_1_495' title='bbox 2658 1959 2738 2001; x_wconf 85' lang='lat' dir='ltr'><strong>cst</strong></span> <span class='ocrx_word' id='word_1_496' title='bbox 2779 1948 3004 2017; x_wconf 82' lang='lat' dir='ltr'><strong>spiritus</strong></span> <span class='ocrx_word' id='word_1_497' title='bbox 3036 1952 3340 2003; x_wconf 87' lang='lat' dir='ltr'><strong>contritus:</strong></span> <span class='ocrx_word' id='word_1_498' title='bbox 3376 1952 3465 2017; x_wconf 91' lang='lat' dir='ltr'><strong>qui</strong></span> <span class='ocrx_word' id='word_1_499' title='bbox 3501 1967 3636 2004; x_wconf 87' lang='lat' dir='ltr'><strong>con--</strong></span> 
     </span>
    </p>
   </div>
   <div class='ocr_carea' id='block_1_66' title="bbox 2062 2042 3641 2112">
    <p class='ocr_par' dir='ltr' id='par_1_66' title="bbox 2062 2042 3641 2112">
     <span class='ocr_line' id='line_1_66' title="bbox 2062 2042 3641 2112; baseline 0.001 -18"><span class='ocrx_word' id='word_1_500' title='bbox 2062 2043 2188 2095; x_wconf 86' lang='lat' dir='ltr'><strong>terit</strong></span> <span class='ocrx_word' id='word_1_501' title='bbox 2218 2043 2456 2094; x_wconf 89' lang='lat' dir='ltr'><strong>animam</strong></span> <span class='ocrx_word' id='word_1_502' title='bbox 2488 2055 2662 2101; x_wconf 89' lang='lat' dir='ltr'><strong>suam,</strong></span> <span class='ocrx_word' id='word_1_503' title='bbox 2702 2042 2967 2095; x_wconf 77' lang='lat' dir='ltr'><strong>circulum</strong></span> <span class='ocrx_word' id='word_1_504' title='bbox 3009 2058 3127 2095; x_wconf 83' lang='lat' dir='ltr'><strong>eam</strong></span> <span class='ocrx_word' id='word_1_505' title='bbox 3162 2042 3289 2096; x_wconf 91' lang='lat' dir='ltr'><strong>facit</strong></span> <span class='ocrx_word' id='word_1_506' title='bbox 3321 2043 3413 2112; x_wconf 85' lang='lat' dir='ltr'><strong>qui</strong></span> <span class='ocrx_word' id='word_1_507' title='bbox 3446 2045 3511 2097; x_wconf 85' lang='lat' dir='ltr'><strong>ab</strong></span> <span class='ocrx_word' id='word_1_508' title='bbox 3542 2060 3641 2096; x_wconf 83' lang='lat' dir='ltr'><strong>au-</strong></span> 
     </span>
    </p>
   </div>
   <div class='ocr_carea' id='block_1_67' title="bbox 2057 2133 3636 2203">
    <p class='ocr_par' dir='ltr' id='par_1_67' title="bbox 2057 2133 3636 2203">
     <span class='ocr_line' id='line_1_67' title="bbox 2057 2133 3636 2203; baseline 0.001 -17"><span class='ocrx_word' id='word_1_509' title='bbox 2057 2133 2228 2199; x_wconf 68' lang='lat' dir='ltr'><strong>gulari</strong></span> <span class='ocrx_word' id='word_1_510' title='bbox 2280 2133 2451 2203; x_wconf 83' lang='lat' dir='ltr'><strong>ﬁgura</strong></span> <span class='ocrx_word' id='word_1_511' title='bbox 2499 2134 2836 2202; x_wconf 78' lang='lat' dir='ltr'><strong>corruptibili</strong></span> <span class='ocrx_word' id='word_1_512' title='bbox 2885 2135 3070 2202; x_wconf 80' lang='lat' dir='ltr'><strong>procul</strong></span> <span class='ocrx_word' id='word_1_513' title='bbox 3106 2137 3283 2195; x_wconf 83' lang='lat' dir='ltr'><strong>abest.</strong></span> <span class='ocrx_word' id='word_1_514' title='bbox 3323 2151 3528 2189; x_wconf 80' lang='lat' dir='ltr'><strong>necnon</strong></span> <span class='ocrx_word' id='word_1_515' title='bbox 3569 2140 3636 2188; x_wconf 87' lang='lat' dir='ltr'><strong>ab</strong></span> 
     </span>
    </p>
   </div>
   <div class='ocr_carea' id='block_1_68' title="bbox 2060 2226 3635 2295">
    <p class='ocr_par' dir='ltr' id='par_1_68' title="bbox 2060 2226 3635 2295">
     <span class='ocr_line' id='line_1_68' title="bbox 2060 2226 3635 2295; baseline -0.002 -16"><span class='ocrx_word' id='word_1_516' title='bbox 2060 2226 2174 2293; x_wconf 89' lang='lat' dir='ltr'><strong>ipsa</strong></span> <span class='ocrx_word' id='word_1_517' title='bbox 2199 2226 2530 2295; x_wconf 79' lang='lat' dir='ltr'><strong>insipientia,</strong></span> <span class='ocrx_word' id='word_1_518' title='bbox 2559 2242 2719 2294; x_wconf 86' lang='lat' dir='ltr'><strong>quam</strong></span> <span class='ocrx_word' id='word_1_519' title='bbox 2744 2226 3001 2279; x_wconf 89' lang='lat' dir='ltr'><strong>Salomon</strong></span> <span class='ocrx_word' id='word_1_520' title='bbox 3035 2244 3052 2276; x_wconf 73' lang='grc' dir='ltr'><strong>ι</strong></span> <span class='ocrx_word' id='word_1_521' title='bbox 3076 2228 3129 2278; x_wconf 92' lang='lat' dir='ltr'><strong>in</strong></span> <span class='ocrx_word' id='word_1_522' title='bbox 3160 2227 3371 2293; x_wconf 70' lang='lat' dir='ltr'><strong>angulis</strong></span> <span class='ocrx_word' id='word_1_523' title='bbox 3396 2227 3583 2281; x_wconf 81' lang='lat' dir='ltr'><strong>sedere</strong></span> <span class='ocrx_word' id='word_1_524' title='bbox 3616 2247 3635 2276; x_wconf 74' lang='grc' dir='ltr'><strong>ι</strong></span> 
     </span>
    </p>
   </div>
   <div class='ocr_carea' id='block_1_69' title="bbox 2059 2319 3641 2388">
    <p class='ocr_par' dir='ltr' id='par_1_69' title="bbox 2059 2319 3641 2388">
     <span class='ocr_line' id='line_1_69' title="bbox 2059 2319 3641 2388; baseline -0.001 -15"><span class='ocrx_word' id='word_1_525' title='bbox 2059 2319 2223 2373; x_wconf 82' lang='lat' dir='ltr'><strong>dicit:</strong></span> <span class='ocrx_word' id='word_1_526' title='bbox 2259 2322 2400 2388; x_wconf 87' lang='lat' dir='ltr'><strong>quod</strong></span> <span class='ocrx_word' id='word_1_527' title='bbox 2433 2319 2598 2373; x_wconf 83' lang='lat' dir='ltr'><strong>etiam</strong></span> <span class='ocrx_word' id='word_1_528' title='bbox 2629 2321 2988 2373; x_wconf 75' lang='lat' dir='ltr'><strong>conﬁrmatur</strong></span> <span class='ocrx_word' id='word_1_529' title='bbox 3016 2334 3080 2372; x_wconf 77' lang='lat' dir='ltr'><strong>ex</strong></span> <span class='ocrx_word' id='word_1_530' title='bbox 3116 2320 3215 2373; x_wconf 88' lang='lat' dir='ltr'><strong>hoc</strong></span> <span class='ocrx_word' id='word_1_531' title='bbox 3246 2320 3319 2372; x_wconf 64' lang='lat'><strong>5°:</strong></span> <span class='ocrx_word' id='word_1_532' title='bbox 3356 2338 3374 2370; x_wconf 75' lang='grc' dir='ltr'><strong>ι</strong></span> <span class='ocrx_word' id='word_1_533' title='bbox 3407 2319 3641 2375; x_wconf 61' lang='lat' dir='ltr'><strong>Demen-</strong></span> 
     </span>
    </p>
   </div>
   <div class='ocr_carea' id='block_1_70' title="bbox 2058 2410 3639 2483">
    <p class='ocr_par' dir='ltr' id='par_1_70' title="bbox 2058 2410 3639 2483">
     <span class='ocr_line' id='line_1_70' title="bbox 2058 2410 3639 2483; baseline -0.001 -16"><span class='ocrx_word' id='word_1_534' title='bbox 2058 2415 2190 2469; x_wconf 85' lang='lat' dir='ltr'><strong>deus</strong></span> <span class='ocrx_word' id='word_1_535' title='bbox 2229 2428 2359 2467; x_wconf 85' lang='lat' dir='ltr'><strong>vero</strong></span> <span class='ocrx_word' id='word_1_536' title='bbox 2396 2413 2533 2482; x_wconf 78' lang='lat' dir='ltr'><strong>ignis</strong></span> <span class='ocrx_word' id='word_1_537' title='bbox 2566 2427 2729 2483; x_wconf 84' lang='lat' dir='ltr'><strong>super</strong></span> <span class='ocrx_word' id='word_1_538' title='bbox 2762 2413 2902 2467; x_wconf 80' lang='lat' dir='ltr'><strong>ﬁlios</strong></span> <span class='ocrx_word' id='word_1_539' title='bbox 2934 2410 3034 2467; x_wconf 80' lang='lat' dir='ltr'><strong>Job</strong></span> <span class='ocrx_word' id='word_1_540' title='bbox 3068 2412 3237 2483; x_wconf 83' lang='lat' dir='ltr'><strong>tetigit</strong></span> <span class='ocrx_word' id='word_1_541' title='bbox 3277 2423 3515 2482; x_wconf 88' lang='lat' dir='ltr'><strong>quatuor</strong></span> <span class='ocrx_word' id='word_1_542' title='bbox 3541 2430 3639 2466; x_wconf 87' lang='lat' dir='ltr'><strong>an-</strong></span> 
     </span>
    </p>
   </div>
   <div class='ocr_carea' id='block_1_71' title="bbox 2054 2506 2509 2576">
    <p class='ocr_par' dir='ltr' id='par_1_71' title="bbox 2054 2506 2509 2576">
     <span class='ocr_line' id='line_1_71' title="bbox 2054 2506 2509 2576; baseline -0.002 -20"><span class='ocrx_word' id='word_1_543' title='bbox 2054 2506 2213 2576; x_wconf 71' lang='lat' dir='ltr'><strong>gulos</strong></span> <span class='ocrx_word' id='word_1_544' title='bbox 2247 2506 2459 2559; x_wconf 86' lang='lat' dir='ltr'><strong>domus.</strong></span> <span class='ocrx_word' id='word_1_545' title='bbox 2493 2523 2509 2555; x_wconf 75' lang='grc' dir='ltr'><strong>ι</strong></span> 
     </span>
    </p>
   </div>
   <div class='ocr_carea' id='block_1_72' title="bbox 2132 2595 3640 2666">
    <p class='ocr_par' dir='ltr' id='par_1_72' title="bbox 2132 2595 3640 2666">
     <span class='ocr_line' id='line_1_72' title="bbox 2132 2595 3640 2666; baseline -0.002 -15"><span class='ocrx_word' id='word_1_546' title='bbox 2132 2597 2295 2651; x_wconf 72' lang='lat' dir='ltr'><strong>Vens.</strong></span> <span class='ocrx_word' id='word_1_547' title='bbox 2345 2598 2395 2651; x_wconf 91' lang='lat'><strong>8.</strong></span> <span class='ocrx_word' id='word_1_548' title='bbox 2450 2595 2566 2649; x_wconf 83' lang='lat' dir='ltr'><strong>Tibi</strong></span> <span class='ocrx_word' id='word_1_549' title='bbox 2604 2596 2738 2649; x_wconf 74' lang='lat' dir='ltr'><strong>dixit</strong></span> <span class='ocrx_word' id='word_1_550' title='bbox 2785 2612 2875 2649; x_wconf 90' lang='lat' dir='ltr'><strong>cor</strong></span> <span class='ocrx_word' id='word_1_551' title='bbox 2923 2596 3406 2664; x_wconf 77' lang='lat' dir='ltr'><strong>meum,E:rquisivi</strong></span> <span class='ocrx_word' id='word_1_552' title='bbox 3452 2596 3640 2666; x_wconf 65' lang='lat' dir='ltr'><strong>{aciem</strong></span> 
     </span>
    </p>
   </div>
   <div class='ocr_carea' id='block_1_73' title="bbox 2056 2689 3637 2760">
    <p class='ocr_par' dir='ltr' id='par_1_73' title="bbox 2056 2689 3637 2760">
     <span class='ocr_line' id='line_1_73' title="bbox 2056 2689 3637 2760; baseline -0.001 -17"><span class='ocrx_word' id='word_1_553' title='bbox 2056 2701 2222 2754; x_wconf 79' lang='lat' dir='ltr'><strong>tuoin,</strong></span> <span class='ocrx_word' id='word_1_554' title='bbox 2248 2689 2411 2760; x_wconf 76' lang='lat'><strong>635</strong></span> <span class='ocrx_word' id='word_1_555' title='bbox 2434 2690 2622 2757; x_wconf 78' lang='lat' dir='ltr'><strong>[aciem</strong></span> <span class='ocrx_word' id='word_1_556' title='bbox 2660 2701 2824 2752; x_wconf 75' lang='lat' dir='ltr'><strong>luant,</strong></span> <span class='ocrx_word' id='word_1_557' title='bbox 2884 2689 3129 2753; x_wconf 79' lang='lat' dir='ltr'><strong>Domine,</strong></span> <span class='ocrx_word' id='word_1_558' title='bbox 3168 2690 3431 2758; x_wconf 80' lang='lat' dir='ltr'><strong>requiram</strong></span> <span class='ocrx_word' id='word_1_559' title='bbox 3465 2729 3479 2751; x_wconf 96' lang='lat'><strong>,</strong></span> <span class='ocrx_word' id='word_1_560' title='bbox 3528 2701 3637 2742; x_wconf 80' lang='lat' dir='ltr'><strong>etc.</strong></span> 
     </span>
    </p>
   </div>
   <div class='ocr_carea' id='block_1_74' title="bbox 2056 2778 3639 2848">
    <p class='ocr_par' dir='ltr' id='par_1_74' title="bbox 2056 2778 3639 2848">
     <span class='ocr_line' id='line_1_74' title="bbox 2056 2778 3639 2848; baseline 0.004 -19"><span class='ocrx_word' id='word_1_561' title='bbox 2056 2779 2286 2846; x_wconf 77' lang='lat' dir='ltr'><strong>Quando</strong></span> <span class='ocrx_word' id='word_1_562' title='bbox 2318 2781 2481 2833; x_wconf 74' lang='lat' dir='ltr'><strong>facies</strong></span> <span class='ocrx_word' id='word_1_563' title='bbox 2507 2780 2735 2848; x_wconf 86' lang='lat' dir='ltr'><strong>alicujus</strong></span> <span class='ocrx_word' id='word_1_564' title='bbox 2761 2778 2953 2833; x_wconf 82' lang='lat' dir='ltr'><strong>faciem</strong></span> <span class='ocrx_word' id='word_1_565' title='bbox 2993 2779 3203 2833; x_wconf 88' lang='lat' dir='ltr'><strong>Domini</strong></span> <span class='ocrx_word' id='word_1_566' title='bbox 3238 2781 3484 2846; x_wconf 75' lang='lat' dir='ltr'><strong>requirit,</strong></span> <span class='ocrx_word' id='word_1_567' title='bbox 3514 2791 3639 2835; x_wconf 87' lang='lat' dir='ltr'><strong>tunc</strong></span> 
     </span>
    </p>
   </div>
   <div class='ocr_carea' id='block_1_75' title="bbox 2055 2868 3637 2938">
    <p class='ocr_par' dir='ltr' id='par_1_75' title="bbox 2055 2868 3637 2938">
     <span class='ocr_line' id='line_1_75' title="bbox 2055 2868 3637 2938; baseline -0.002 -15"><span class='ocrx_word' id='word_1_568' title='bbox 2055 2870 2173 2924; x_wconf 76' lang='lat' dir='ltr'><strong>sine</strong></span> <span class='ocrx_word' id='word_1_569' title='bbox 2214 2868 2332 2922; x_wconf 82' lang='lat' dir='ltr'><strong>velo</strong></span> <span class='ocrx_word' id='word_1_570' title='bbox 2365 2869 2590 2937; x_wconf 77' lang='lat' dir='ltr'><strong>gloriam</strong></span> <span class='ocrx_word' id='word_1_571' title='bbox 2629 2869 2838 2921; x_wconf 85' lang='lat' dir='ltr'><strong>Domini</strong></span> <span class='ocrx_word' id='word_1_572' title='bbox 2877 2869 3140 2932; x_wconf 86' lang='lat' dir='ltr'><strong>intuetur,</strong></span> <span class='ocrx_word' id='word_1_573' title='bbox 3182 2879 3235 2922; x_wconf 85' lang='lat' dir='ltr'><strong>et</strong></span> <span class='ocrx_word' id='word_1_574' title='bbox 3270 2870 3494 2938; x_wconf 73' lang='lat' dir='ltr'><strong>mqualis</strong></span> <span class='ocrx_word' id='word_1_575' title='bbox 3539 2886 3637 2921; x_wconf 82' lang='lat' dir='ltr'><strong>an-</strong></span> 
     </span>
    </p>
   </div>
   <div class='ocr_carea' id='block_1_76' title="bbox 2054 2960 3638 3031">
    <p class='ocr_par' dir='ltr' id='par_1_76' title="bbox 2054 2960 3638 3031">
     <span class='ocr_line' id='line_1_76' title="bbox 2054 2960 3638 3031; baseline 0.002 -18"><span class='ocrx_word' id='word_1_576' title='bbox 2054 2962 2191 3028; x_wconf 74' lang='lat' dir='ltr'><strong>gelis</strong></span> <span class='ocrx_word' id='word_1_577' title='bbox 2223 2960 2448 3015; x_wconf 70' lang='lat' dir='ltr'><strong>effertus</strong></span> <span class='ocrx_word' id='word_1_578' title='bbox 2478 3003 2492 3027; x_wconf 93' lang='lat'><strong>,</strong></span> <span class='ocrx_word' id='word_1_579' title='bbox 2543 2976 2757 3029; x_wconf 87' lang='lat' dir='ltr'><strong>semper</strong></span> <span class='ocrx_word' id='word_1_580' title='bbox 2791 2961 2936 3014; x_wconf 82' lang='lat' dir='ltr'><strong>videt</strong></span> <span class='ocrx_word' id='word_1_581' title='bbox 2984 2960 3180 3015; x_wconf 83' lang='lat' dir='ltr'><strong>faciem</strong></span> <span class='ocrx_word' id='word_1_582' title='bbox 3222 2961 3398 3017; x_wconf 82' lang='lat' dir='ltr'><strong>Patris</strong></span> <span class='ocrx_word' id='word_1_583' title='bbox 3431 2963 3523 3031; x_wconf 88' lang='lat' dir='ltr'><strong>qui</strong></span> <span class='ocrx_word' id='word_1_584' title='bbox 3583 2964 3638 3016; x_wconf 89' lang='lat' dir='ltr'><strong>in</strong></span> 
     </span>
    </p>
   </div>
   <div class='ocr_carea' id='block_1_77' title="bbox 2052 3052 2341 3106">
    <p class='ocr_par' dir='ltr' id='par_1_77' title="bbox 2052 3052 2341 3106">
     <span class='ocr_line' id='line_1_77' title="bbox 2052 3052 2341 3106; baseline 0.007 -3"><span class='ocrx_word' id='word_1_585' title='bbox 2052 3052 2208 3106; x_wconf 72' lang='lat' dir='ltr'><strong>ca‘lis</strong></span> <span class='ocrx_word' id='word_1_586' title='bbox 2239 3062 2341 3105; x_wconf 87' lang='lat' dir='ltr'><strong>cst.</strong></span> 
     </span>
    </p>
   </div>
   <div class='ocr_carea' id='block_1_78' title="bbox 2090 3140 3629 3211">
    <p class='ocr_par' dir='ltr' id='par_1_78' title="bbox 2090 3140 3629 3211">
     <span class='ocr_line' id='line_1_78' title="bbox 2090 3140 3629 3211; baseline 0 -17"><span class='ocrx_word' id='word_1_587' title='bbox 2090 3203 2095 3207; x_wconf 25' lang='grc' dir='ltr'>ι</span> <span class='ocrx_word' id='word_1_588' title='bbox 2128 3140 2404 3210; x_wconf 82' lang='lat' dir='ltr'><strong>Ejusdem.</strong></span> <span class='ocrx_word' id='word_1_589' title='bbox 2442 3141 2543 3195; x_wconf 82' lang='lat' dir='ltr'><strong>Per</strong></span> <span class='ocrx_word' id='word_1_590' title='bbox 2573 3157 2691 3210; x_wconf 72' lang='lat' dir='ltr'><strong>qua:</strong></span> <span class='ocrx_word' id='word_1_591' title='bbox 2746 3142 2982 3209; x_wconf 88' lang='lat' dir='ltr'><strong>seipsum</strong></span> <span class='ocrx_word' id='word_1_592' title='bbox 3016 3140 3283 3211; x_wconf 86' lang='lat' dir='ltr'><strong>quispiam</strong></span> <span class='ocrx_word' id='word_1_593' title='bbox 3328 3153 3629 3209; x_wconf 77' lang='lat' dir='ltr'><strong>expurgat,</strong></span> 
     </span>
    </p>
   </div>
   <div class='ocr_carea' id='block_1_79' title="bbox 2008 3222 3635 3303">
    <p class='ocr_par' dir='ltr' id='par_1_79' title="bbox 2008 3222 3635 3303">
     <span class='ocr_line' id='line_1_79' title="bbox 2008 3222 3635 3303; baseline -0.001 -15"><span class='ocrx_word' id='word_1_594' title='bbox 2008 3228 2023 3247; x_wconf 78' lang='grc'><strong><em>⁸</em></strong></span> <span class='ocrx_word' id='word_1_595' title='bbox 2056 3222 2289 3289; x_wconf 75' lang='lat' dir='ltr'><strong>ostendit</strong></span> <span class='ocrx_word' id='word_1_596' title='bbox 2320 3249 2378 3287; x_wconf 88' lang='lat' dir='ltr'><strong>se</strong></span> <span class='ocrx_word' id='word_1_597' title='bbox 2408 3250 2651 3303; x_wconf 77' lang='lat' dir='ltr'><strong>quan&#39;erc</strong></span> <span class='ocrx_word' id='word_1_598' title='bbox 2685 3233 2775 3287; x_wconf 82' lang='lat' dir='ltr'><strong>Dei</strong></span> <span class='ocrx_word' id='word_1_599' title='bbox 2835 3232 3025 3288; x_wconf 81' lang='lat' dir='ltr'><strong>faciem</strong></span> <span class='ocrx_word' id='word_1_600' title='bbox 3055 3274 3070 3300; x_wconf 91' lang='lat'><strong>,</strong></span> <span class='ocrx_word' id='word_1_601' title='bbox 3101 3249 3264 3303; x_wconf 89' lang='lat' dir='ltr'><strong>quam</strong></span> <span class='ocrx_word' id='word_1_602' title='bbox 3303 3250 3515 3303; x_wconf 87' lang='lat' dir='ltr'><strong>semper</strong></span> <span class='ocrx_word' id='word_1_603' title='bbox 3552 3239 3635 3287; x_wconf 80' lang='lat' dir='ltr'><strong>in-</strong></span> 
     </span>
    </p>
   </div>
   <div class='ocr_carea' id='block_1_80' title="bbox 2057 3325 2712 3394">
    <p class='ocr_par' dir='ltr' id='par_1_80' title="bbox 2057 3325 2712 3394">
     <span class='ocr_line' id='line_1_80' title="bbox 2057 3325 2712 3394; baseline -0.003 -15"><span class='ocrx_word' id='word_1_604' title='bbox 2057 3327 2192 3379; x_wconf 85' lang='lat' dir='ltr'><strong>tueri</strong></span> <span class='ocrx_word' id='word_1_605' title='bbox 2225 3325 2398 3394; x_wconf 75' lang='lat' dir='ltr'><strong>angeli</strong></span> <span class='ocrx_word' id='word_1_606' title='bbox 2438 3327 2712 3378; x_wconf 83' lang='lat' dir='ltr'><strong>dicuntur.</strong></span> 
     </span>
    </p>
   </div>
   <div class='ocr_carea' id='block_1_81' title="bbox 2134 3416 3639 3484">
    <p class='ocr_par' dir='ltr' id='par_1_81' title="bbox 2134 3416 3639 3484">
     <span class='ocr_line' id='line_1_81' title="bbox 2134 3416 3639 3484; baseline 0.002 -11"><span class='ocrx_word' id='word_1_607' title='bbox 2134 3419 2296 3473; x_wconf 72' lang='lat' dir='ltr'><strong>Vens.</strong></span> <span class='ocrx_word' id='word_1_608' title='bbox 2342 3418 2428 3471; x_wconf 79' lang='grc'><strong>10.</strong></span> <span class='ocrx_word' id='word_1_609' title='bbox 2468 3416 2733 3482; x_wconf 82' lang='lat' dir='ltr'><strong>Quoniam</strong></span> <span class='ocrx_word' id='word_1_610' title='bbox 2767 3428 2918 3484; x_wconf 76' lang='lat' dir='ltr'><strong>pater</strong></span> <span class='ocrx_word' id='word_1_611' title='bbox 2944 3433 3088 3471; x_wconf 73' lang='lat' dir='ltr'><strong>meus</strong></span> <span class='ocrx_word' id='word_1_612' title='bbox 3120 3428 3167 3471; x_wconf 81' lang='lat' dir='ltr'><strong>et</strong></span> <span class='ocrx_word' id='word_1_613' title='bbox 3200 3428 3371 3474; x_wconf 88' lang='lat' dir='ltr'><strong>mater</strong></span> <span class='ocrx_word' id='word_1_614' title='bbox 3406 3437 3519 3474; x_wconf 82' lang='lat' dir='ltr'><strong>mea</strong></span> <span class='ocrx_word' id='word_1_615' title='bbox 3553 3424 3639 3476; x_wconf 82' lang='lat' dir='ltr'><strong>de-</strong></span> 
     </span>
    </p>
   </div>
   <div class='ocr_carea' id='block_1_82' title="bbox 2055 3507 3635 3582">
    <p class='ocr_par' dir='ltr' id='par_1_82' title="bbox 2055 3507 3635 3582">
     <span class='ocr_line' id='line_1_82' title="bbox 2055 3507 3635 3582; baseline 0.003 -20"><span class='ocrx_word' id='word_1_616' title='bbox 2055 3512 2375 3582; x_wconf 81' lang='lat' dir='ltr'><strong>reliquerth</strong></span> <span class='ocrx_word' id='word_1_617' title='bbox 2414 3528 2490 3563; x_wconf 84' lang='lat' dir='ltr'><strong>me</strong></span> <span class='ocrx_word' id='word_1_618' title='bbox 2514 3550 2527 3573; x_wconf 89' lang='lat'><strong>,</strong></span> <span class='ocrx_word' id='word_1_619' title='bbox 2566 3521 2675 3564; x_wconf 81' lang='lat' dir='ltr'><strong>etc.</strong></span> <span class='ocrx_word' id='word_1_620' title='bbox 2710 3507 2905 3561; x_wconf 79' lang='lat' dir='ltr'><strong>Beatus</strong></span> <span class='ocrx_word' id='word_1_621' title='bbox 2935 3519 3017 3562; x_wconf 90' lang='lat' dir='ltr'><strong>cst</strong></span> <span class='ocrx_word' id='word_1_622' title='bbox 3045 3510 3134 3579; x_wconf 89' lang='lat' dir='ltr'><strong>qui</strong></span> <span class='ocrx_word' id='word_1_623' title='bbox 3167 3526 3195 3563; x_wconf 88' lang='lat' dir='ltr'><strong>a</strong></span> <span class='ocrx_word' id='word_1_624' title='bbox 3229 3510 3444 3565; x_wconf 85' lang='lat' dir='ltr'><strong>diabolo</strong></span> <span class='ocrx_word' id='word_1_625' title='bbox 3482 3514 3635 3566; x_wconf 83' lang='lat' dir='ltr'><strong>dere-</strong></span> 
     </span>
    </p>
   </div>
   <div class='ocr_carea' id='block_1_83' title="bbox 2056 3592 3638 3673">
    <p class='ocr_par' dir='ltr' id='par_1_83' title="bbox 2056 3592 3638 3673">
     <span class='ocr_line' id='line_1_83' title="bbox 2056 3592 3638 3673; baseline 0.002 -17"><span class='ocrx_word' id='word_1_626' title='bbox 2056 3604 2319 3673; x_wconf 86' lang='lat' dir='ltr'><strong>liuquitnr</strong></span> <span class='ocrx_word' id='word_1_627' title='bbox 2358 3614 2410 3658; x_wconf 88' lang='lat' dir='ltr'><strong>cl</strong></span> <span class='ocrx_word' id='word_1_628' title='bbox 2445 3602 2673 3670; x_wconf 76' lang='lat' dir='ltr'><strong>conjuge</strong></span> <span class='ocrx_word' id='word_1_629' title='bbox 2706 3592 2839 3669; x_wconf 37' lang='lat' dir='ltr'><strong>ejus.</strong></span> <span class='ocrx_word' id='word_1_630' title='bbox 2860 3600 3093 3663; x_wconf 88' lang='lat' dir='ltr'><strong>malitia,</strong></span> <span class='ocrx_word' id='word_1_631' title='bbox 3128 3617 3190 3655; x_wconf 85' lang='lat' dir='ltr'><strong>ex</strong></span> <span class='ocrx_word' id='word_1_632' title='bbox 3227 3616 3329 3671; x_wconf 87' lang='lat' dir='ltr'><strong>qua</strong></span> <span class='ocrx_word' id='word_1_633' title='bbox 3358 3603 3501 3658; x_wconf 75' lang='lat' dir='ltr'><strong>ﬁlios</strong></span> <span class='ocrx_word' id='word_1_634' title='bbox 3533 3606 3638 3659; x_wconf 86' lang='lat' dir='ltr'><strong>ini-</strong></span> 
     </span>
    </p>
   </div>
   <div class='ocr_carea' id='block_1_84' title="bbox 2056 3690 3639 3766">
    <p class='ocr_par' dir='ltr' id='par_1_84' title="bbox 2056 3690 3639 3766">
     <span class='ocr_line' id='line_1_84' title="bbox 2056 3690 3639 3766; baseline -0.001 -16"><span class='ocrx_word' id='word_1_635' title='bbox 2056 3697 2282 3766; x_wconf 88' lang='lat' dir='ltr'><strong>quitatis</strong></span> <span class='ocrx_word' id='word_1_636' title='bbox 2313 3696 2476 3762; x_wconf 85' lang='lat' dir='ltr'><strong>parit.</strong></span> <span class='ocrx_word' id='word_1_637' title='bbox 2510 3694 2974 3760; x_wconf 82' lang='lat' dir='ltr'><strong>Quemadmodum</strong></span> <span class='ocrx_word' id='word_1_638' title='bbox 3006 3690 3208 3745; x_wconf 77' lang='lat' dir='ltr'><strong>Paulus</strong></span> <span class='ocrx_word' id='word_1_639' title='bbox 3255 3709 3350 3762; x_wconf 89' lang='lat' dir='ltr'><strong>per</strong></span> <span class='ocrx_word' id='word_1_640' title='bbox 3392 3694 3639 3766; x_wconf 76' lang='lat' dir='ltr'><strong>Evange-</strong></span> 
     </span>
    </p>
   </div>
   <div class='ocr_carea' id='block_1_85' title="bbox 2056 3785 3640 3856">
    <p class='ocr_par' dir='ltr' id='par_1_85' title="bbox 2056 3785 3640 3856">
     <span class='ocr_line' id='line_1_85' title="bbox 2056 3785 3640 3856; baseline -0.001 -16"><span class='ocrx_word' id='word_1_641' title='bbox 2056 3789 2183 3841; x_wconf 89' lang='lat' dir='ltr'><strong>Iium</strong></span> <span class='ocrx_word' id='word_1_642' title='bbox 2214 3786 2435 3841; x_wconf 84' lang='lat' dir='ltr'><strong>Galatas</strong></span> <span class='ocrx_word' id='word_1_643' title='bbox 2469 3786 2678 3854; x_wconf 78' lang='lat' dir='ltr'><strong>genuit,</strong></span> <span class='ocrx_word' id='word_1_644' title='bbox 2723 3786 2803 3838; x_wconf 86' lang='lat' dir='ltr'><strong>sic</strong></span> <span class='ocrx_word' id='word_1_645' title='bbox 2843 3799 2939 3852; x_wconf 87' lang='lat' dir='ltr'><strong>per</strong></span> <span class='ocrx_word' id='word_1_646' title='bbox 2974 3785 3234 3839; x_wconf 85' lang='lat' dir='ltr'><strong>malitiam</strong></span> <span class='ocrx_word' id='word_1_647' title='bbox 3271 3786 3512 3841; x_wconf 88' lang='lat' dir='ltr'><strong>diabolus</strong></span> <span class='ocrx_word' id='word_1_648' title='bbox 3547 3804 3640 3856; x_wconf 80' lang='lat' dir='ltr'><strong>ge-</strong></span> 
     </span>
    </p>
   </div>
   <div class='ocr_carea' id='block_1_86' title="bbox 2056 3876 3639 3944">
    <p class='ocr_par' dir='ltr' id='par_1_86' title="bbox 2056 3876 3639 3944">
     <span class='ocr_line' id='line_1_86' title="bbox 2056 3876 3639 3944; baseline 0 -13"><span class='ocrx_word' id='word_1_649' title='bbox 2056 3889 2210 3934; x_wconf 89' lang='lat' dir='ltr'><strong>nerat</strong></span> <span class='ocrx_word' id='word_1_650' title='bbox 2239 3878 2427 3931; x_wconf 86' lang='lat' dir='ltr'><strong>malos.</strong></span> <span class='ocrx_word' id='word_1_651' title='bbox 2462 3878 2517 3931; x_wconf 85' lang='lat' dir='ltr'><strong>in</strong></span> <span class='ocrx_word' id='word_1_652' title='bbox 2552 3880 2684 3942; x_wconf 82' lang='lat' dir='ltr'><strong>hac,</strong></span> <span class='ocrx_word' id='word_1_653' title='bbox 2724 3877 2931 3944; x_wconf 84' lang='lat' dir='ltr'><strong>inquit,</strong></span> <span class='ocrx_word' id='word_1_654' title='bbox 2963 3876 3250 3944; x_wconf 79' lang='lat' dir='ltr'><strong>ingruente</strong></span> <span class='ocrx_word' id='word_1_655' title='bbox 3288 3878 3338 3930; x_wconf 89' lang='lat' dir='ltr'><strong>iu</strong></span> <span class='ocrx_word' id='word_1_656' title='bbox 3373 3895 3458 3931; x_wconf 90' lang='lat' dir='ltr'><strong>me</strong></span> <span class='ocrx_word' id='word_1_657' title='bbox 3490 3880 3639 3932; x_wconf 85' lang='lat' dir='ltr'><strong>cala-</strong></span> 
     </span>
    </p>
   </div>
   <div class='ocr_carea' id='block_1_87' title="bbox 2056 3968 3639 4037">
    <p class='ocr_par' dir='ltr' id='par_1_87' title="bbox 2056 3968 3639 4037">
     <span class='ocr_line' id='line_1_87' title="bbox 2056 3968 3639 4037; baseline 0.002 -15"><span class='ocrx_word' id='word_1_658' title='bbox 2056 3971 2276 4031; x_wconf 86' lang='lat' dir='ltr'><strong>mitate,</strong></span> <span class='ocrx_word' id='word_1_659' title='bbox 2310 3978 2362 4021; x_wconf 91' lang='lat' dir='ltr'><strong>ct</strong></span> <span class='ocrx_word' id='word_1_660' title='bbox 2407 3968 2607 4036; x_wconf 85' lang='lat' dir='ltr'><strong>impetu</strong></span> <span class='ocrx_word' id='word_1_661' title='bbox 2648 3968 3029 4029; x_wconf 89' lang='lat' dir='ltr'><strong>inimicorum,</strong></span> <span class='ocrx_word' id='word_1_662' title='bbox 3074 3983 3250 4036; x_wconf 87' lang='lat' dir='ltr'><strong>neque</strong></span> <span class='ocrx_word' id='word_1_663' title='bbox 3281 3980 3435 4036; x_wconf 87' lang='lat' dir='ltr'><strong>pater</strong></span> <span class='ocrx_word' id='word_1_664' title='bbox 3464 3986 3639 4037; x_wconf 81' lang='lat' dir='ltr'><strong>neque</strong></span> 
     </span>
    </p>
   </div>
   <div class='ocr_carea' id='block_1_88' title="bbox 2055 4058 3631 4124">
    <p class='ocr_par' dir='ltr' id='par_1_88' title="bbox 2055 4058 3631 4124">
     <span class='ocr_line' id='line_1_88' title="bbox 2055 4058 3631 4124; baseline 0.003 -13"><span class='ocrx_word' id='word_1_665' title='bbox 2055 4070 2227 4111; x_wconf 88' lang='lat' dir='ltr'><strong>mater</strong></span> <span class='ocrx_word' id='word_1_666' title='bbox 2271 4059 2401 4111; x_wconf 87' lang='lat' dir='ltr'><strong>mihi</strong></span> <span class='ocrx_word' id='word_1_667' title='bbox 2434 4068 2629 4124; x_wconf 66' lang='lat' dir='ltr'><strong>praesto</strong></span> <span class='ocrx_word' id='word_1_668' title='bbox 2680 4058 2951 4120; x_wconf 86' lang='lat' dir='ltr'><strong>fuissent,</strong></span> <span class='ocrx_word' id='word_1_669' title='bbox 3002 4059 3095 4111; x_wconf 88' lang='lat' dir='ltr'><strong>sed</strong></span> <span class='ocrx_word' id='word_1_670' title='bbox 3145 4068 3197 4113; x_wconf 90' lang='lat' dir='ltr'><strong>tu</strong></span> <span class='ocrx_word' id='word_1_671' title='bbox 3239 4059 3355 4112; x_wconf 88' lang='lat' dir='ltr'><strong>loco</strong></span> <span class='ocrx_word' id='word_1_672' title='bbox 3388 4061 3631 4115; x_wconf 78' lang='lat' dir='ltr'><strong>cinuium</strong></span> 
     </span>
    </p>
   </div>
   <div class='ocr_carea' id='block_1_89' title="bbox 2054 4150 2707 4205">
    <p class='ocr_par' dir='ltr' id='par_1_89' title="bbox 2054 4150 2707 4205">
     <span class='ocr_line' id='line_1_89' title="bbox 2054 4150 2707 4205; baseline -0.003 0"><span class='ocrx_word' id='word_1_673' title='bbox 2054 4152 2185 4205; x_wconf 87' lang='lat' dir='ltr'><strong>mibi</strong></span> <span class='ocrx_word' id='word_1_674' title='bbox 2216 4151 2510 4204; x_wconf 78' lang='lat' dir='ltr'><strong>auxiliator</strong></span> <span class='ocrx_word' id='word_1_675' title='bbox 2539 4150 2707 4203; x_wconf 80' lang='lat' dir='ltr'><strong>fuisti.</strong></span> 
     </span>
    </p>
   </div>
   <div class='ocr_carea' id='block_1_90' title="bbox 2124 4325 3631 4399">
    <p class='ocr_par' dir='ltr' id='par_1_90' title="bbox 2124 4325 3631 4399">
     <span class='ocr_line' id='line_1_90' title="bbox 2124 4325 3631 4399; baseline 0 -17"><span class='ocrx_word' id='word_1_676' title='bbox 2124 4329 2284 4383; x_wconf 66' lang='lat' dir='ltr'><strong>Vatis.</strong></span> <span class='ocrx_word' id='word_1_677' title='bbox 2326 4328 2410 4383; x_wconf 79' lang='lat' dir='ltr'><strong>ll.</strong></span> <span class='ocrx_word' id='word_1_678' title='bbox 2458 4327 2639 4399; x_wconf 75' lang='lat' dir='ltr'><strong>Legem</strong></span> <span class='ocrx_word' id='word_1_679' title='bbox 2670 4345 2802 4397; x_wconf 80' lang='lat' dir='ltr'><strong>pone</strong></span> <span class='ocrx_word' id='word_1_680' title='bbox 2838 4328 2986 4387; x_wconf 77' lang='lat' dir='ltr'><strong>mihi,</strong></span> <span class='ocrx_word' id='word_1_681' title='bbox 3021 4325 3264 4387; x_wconf 82' lang='lat' dir='ltr'><strong>Domine,</strong></span> <span class='ocrx_word' id='word_1_682' title='bbox 3307 4343 3359 4380; x_wconf 77' lang='grc' dir='ltr'>ιη</span> <span class='ocrx_word' id='word_1_683' title='bbox 3395 4327 3476 4382; x_wconf 86' lang='lat' dir='ltr'><strong>via</strong></span> <span class='ocrx_word' id='word_1_684' title='bbox 3515 4341 3631 4392; x_wconf 73' lang='lat' dir='ltr'><strong>tua,</strong></span> 
     </span>
    </p>
   </div>
   <div class='ocr_carea' id='block_1_91' title="bbox 2050 4420 3630 4491">
    <p class='ocr_par' dir='ltr' id='par_1_91' title="bbox 2050 4420 3630 4491">
     <span class='ocr_line' id='line_1_91' title="bbox 2050 4420 3630 4491; baseline -0.001 -16"><span class='ocrx_word' id='word_1_685' title='bbox 2050 4432 2095 4475; x_wconf 84' lang='lat' dir='ltr'><strong>et</strong></span> <span class='ocrx_word' id='word_1_686' title='bbox 2132 4422 2297 4491; x_wconf 79' lang='lat' dir='ltr'><strong>dirige</strong></span> <span class='ocrx_word' id='word_1_687' title='bbox 2332 4437 2410 4474; x_wconf 88' lang='lat' dir='ltr'><strong>me</strong></span> <span class='ocrx_word' id='word_1_688' title='bbox 2448 4422 2502 4475; x_wconf 83' lang='lat' dir='ltr'><strong>in</strong></span> <span class='ocrx_word' id='word_1_689' title='bbox 2535 4431 2774 4474; x_wconf 74' lang='lat' dir='ltr'><strong>semitam</strong></span> <span class='ocrx_word' id='word_1_690' title='bbox 2815 4435 3033 4482; x_wconf 69' lang='lat' dir='ltr'><strong>recram,</strong></span> <span class='ocrx_word' id='word_1_691' title='bbox 3067 4429 3173 4472; x_wconf 85' lang='lat' dir='ltr'><strong>ctc.</strong></span> <span class='ocrx_word' id='word_1_692' title='bbox 3210 4420 3345 4473; x_wconf 83' lang='lat' dir='ltr'><strong>Vide</strong></span> <span class='ocrx_word' id='word_1_693' title='bbox 3384 4434 3504 4473; x_wconf 89' lang='lat' dir='ltr'><strong>cum</strong></span> <span class='ocrx_word' id='word_1_694' title='bbox 3538 4423 3630 4489; x_wconf 90' lang='lat' dir='ltr'><strong>qui</strong></span> 
     </span>
    </p>
   </div>
   <div class='ocr_carea' id='block_1_92' title="bbox 363 4509 1953 4586">
    <p class='ocr_par' dir='ltr' id='par_1_92' title="bbox 363 4509 1947 4586">
     <span class='ocr_line' id='line_1_92' title="bbox 363 4509 1947 4586; baseline 0.008 -25"><span class='ocrx_word' id='word_1_695' title='bbox 363 4509 441 4579; x_wconf 87' lang='grc' dir='ltr'>τῷ</span> <span class='ocrx_word' id='word_1_696' title='bbox 469 4511 619 4581; x_wconf 89' lang='grc' dir='ltr'>νόμῳ</span> <span class='ocrx_word' id='word_1_697' title='bbox 654 4510 763 4582; x_wconf 83' lang='grc'><strong>(19)</strong></span> <span class='ocrx_word' id='word_1_698' title='bbox 792 4513 1070 4577; x_wconf 83' lang='grc' dir='ltr'>Μωῦσέως</span> <span class='ocrx_word' id='word_1_699' title='bbox 1109 4515 1203 4567; x_wconf 78' lang='grc' dir='ltr'><strong>καὶ</strong></span> <span class='ocrx_word' id='word_1_700' title='bbox 1230 4515 1536 4586; x_wconf 78' lang='grc' dir='ltr'>γράμματι,</span> <span class='ocrx_word' id='word_1_701' title='bbox 1571 4518 1646 4581; x_wconf 83' lang='grc' dir='ltr'>ὡς</span> <span class='ocrx_word' id='word_1_702' title='bbox 1680 4520 1779 4573; x_wconf 79' lang='grc' dir='ltr'><strong>οὐκ</strong></span> <span class='ocrx_word' id='word_1_703' title='bbox 1818 4520 1947 4574; x_wconf 77' lang='grc' dir='ltr'>ὄντα</span> 
     </span>
    </p>
   </div>
   <div class='ocr_carea' id='block_1_93' title="bbox 2056 4509 3628 4586">
    <p class='ocr_par' dir='ltr' id='par_1_93' title="bbox 2056 4510 3628 4584">
     <span class='ocr_line' id='line_1_93' title="bbox 2056 4510 3628 4584; baseline -0.001 -17"><span class='ocrx_word' id='word_1_704' title='bbox 2056 4514 2106 4567; x_wconf 90' lang='lat' dir='ltr'><strong>in</strong></span> <span class='ocrx_word' id='word_1_705' title='bbox 2146 4515 2262 4583; x_wconf 83' lang='lat' dir='ltr'><strong>lege</strong></span> <span class='ocrx_word' id='word_1_706' title='bbox 2290 4512 2489 4584; x_wconf 81' lang='lat' dir='ltr'><strong>Moysis</strong></span> <span class='ocrx_word' id='word_1_707' title='bbox 2521 4523 2577 4566; x_wconf 89' lang='lat' dir='ltr'><strong>et</strong></span> <span class='ocrx_word' id='word_1_708' title='bbox 2608 4513 2659 4565; x_wconf 90' lang='lat' dir='ltr'><strong>in</strong></span> <span class='ocrx_word' id='word_1_709' title='bbox 2698 4511 2879 4565; x_wconf 89' lang='lat' dir='ltr'><strong>littera</strong></span> <span class='ocrx_word' id='word_1_710' title='bbox 2911 4520 3013 4573; x_wconf 85' lang='lat' dir='ltr'><strong>est,</strong></span> <span class='ocrx_word' id='word_1_711' title='bbox 3045 4525 3109 4564; x_wconf 91' lang='lat' dir='ltr'><strong>ac</strong></span> <span class='ocrx_word' id='word_1_712' title='bbox 3137 4510 3181 4563; x_wconf 88' lang='lat' dir='ltr'><strong>si</strong></span> <span class='ocrx_word' id='word_1_713' title='bbox 3218 4527 3322 4563; x_wconf 88' lang='lat' dir='ltr'><strong>non</strong></span> <span class='ocrx_word' id='word_1_714' title='bbox 3357 4512 3426 4564; x_wconf 91' lang='lat' dir='ltr'><strong>sit</strong></span> <span class='ocrx_word' id='word_1_715' title='bbox 3460 4512 3510 4565; x_wconf 90' lang='lat' dir='ltr'><strong>in</strong></span> <span class='ocrx_word' id='word_1_716' title='bbox 3543 4514 3628 4565; x_wconf 86' lang='lat' dir='ltr'><strong>via</strong></span> 
     </span>
    </p>
   </div>
   <div class='ocr_carea' id='block_1_94' title="bbox 365 4599 1944 4683">
    <p class='ocr_par' dir='ltr' id='par_1_94' title="bbox 365 4599 1944 4683">
     <span class='ocr_line' id='line_1_94' title="bbox 365 4599 1944 4683; baseline 0.01 -32"><span class='ocrx_word' id='word_1_717' title='bbox 365 4600 424 4651; x_wconf 80' lang='grc' dir='ltr'>ὲν</span> <span class='ocrx_word' id='word_1_718' title='bbox 454 4599 558 4670; x_wconf 85' lang='grc' dir='ltr'>ὁδῷ</span> <span class='ocrx_word' id='word_1_719' title='bbox 585 4602 810 4672; x_wconf 84' lang='grc' dir='ltr'>Κυρίου,</span> <span class='ocrx_word' id='word_1_720' title='bbox 834 4604 1259 4677; x_wconf 82' lang='grc' dir='ltr'>νομοθετηθῆναι</span> <span class='ocrx_word' id='word_1_721' title='bbox 1308 4607 1599 4678; x_wconf 83' lang='grc' dir='ltr'>εὐχόμενον</span> <span class='ocrx_word' id='word_1_722' title='bbox 1624 4612 1690 4681; x_wconf 76' lang='grc' dir='ltr'>τῇ</span> <span class='ocrx_word' id='word_1_723' title='bbox 1720 4610 1823 4683; x_wconf 75' lang='grc' dir='ltr'><strong>ὀδῷ</strong></span> <span class='ocrx_word' id='word_1_724' title='bbox 1850 4613 1944 4667; x_wconf 91' lang='grc' dir='ltr'><strong>τοῦ</strong></span> 
     </span>
    </p>
   </div>
   <div class='ocr_carea' id='block_1_95' title="bbox 364 4693 594 4749">
    <p class='ocr_par' dir='ltr' id='par_1_95' title="bbox 364 4693 594 4749">
     <span class='ocr_line' id='line_1_95' title="bbox 364 4693 594 4749; baseline 0.017 -4"><span class='ocrx_word' id='word_1_725' title='bbox 364 4693 594 4749; x_wconf 79' lang='grc' dir='ltr'>Κυρίου.</span> 
     </span>
    </p>
   </div>
   <div class='ocr_carea' id='block_1_96' title="bbox 448 4710 1940 4867">
    <p class='ocr_par' dir='ltr' id='par_1_96' title="bbox 448 4710 1940 4867">
     <span class='ocr_line' id='line_1_96' title="bbox 492 4710 594 4749; baseline 0.039 -4"><span class='ocrx_word' id='word_1_726' title='bbox 492 4710 594 4749; x_wconf 88' lang='grc' dir='ltr'>ιου.</span> 
     </span>
     <span class='ocr_line' id='line_1_97' title="bbox 448 4710 1940 4867; baseline 0.01 -32"><span class='ocrx_word' id='word_1_727' title='bbox 448 4710 782 4851; x_wconf 52' lang='grc' dir='ltr'>’ςινδρίζοω</span> <span class='ocrx_word' id='word_1_728' title='bbox 834 4787 935 4841; x_wconf 76' lang='grc' dir='ltr'>καὶ</span> <span class='ocrx_word' id='word_1_729' title='bbox 982 4792 1392 4857; x_wconf 71' lang='grc' dir='ltr'>κραταιοῦσθε.)</span> <span class='ocrx_word' id='word_1_730' title='bbox 1432 4795 1470 4861; x_wconf 76' lang='grc' dir='ltr'>ἡ</span> <span class='ocrx_word' id='word_1_731' title='bbox 1512 4794 1727 4862; x_wconf 79' lang='grc' dir='ltr'>καρδία</span> <span class='ocrx_word' id='word_1_732' title='bbox 1778 4811 1896 4851; x_wconf 86' lang='grc' dir='ltr'><strong>σου</strong></span> <span class='ocrx_word' id='word_1_733' title='bbox 1924 4845 1940 4867; x_wconf 70' lang='grc'><em>,</em></span> 
     </span>
    </p>
   </div>
   <div class='ocr_carea' id='block_1_97' title="bbox 341 4873 1941 4952">
    <p class='ocr_par' dir='ltr' id='par_1_97' title="bbox 341 4873 1941 4952">
     <span class='ocr_line' id='line_1_98' title="bbox 341 4873 1941 4952; baseline 0.007 -25"><span class='ocrx_word' id='word_1_734' title='bbox 341 4873 419 4928; x_wconf 59' lang='lat' dir='ltr'><strong>‘at.</strong></span> <span class='ocrx_word' id='word_1_735' title='bbox 444 4891 494 4927; x_wconf 87' lang='grc' dir='ltr'>τ.</span> <span class='ocrx_word' id='word_1_736' title='bbox 528 4874 575 4927; x_wconf 82' lang='grc' dir='ltr'><strong>ὲ.</strong></span> <span class='ocrx_word' id='word_1_737' title='bbox 604 4874 881 4946; x_wconf 78' lang='grc' dir='ltr'>Ἀνδρίζου</span> <span class='ocrx_word' id='word_1_738' title='bbox 913 4877 1050 4950; x_wconf 71' lang='grc'>(20),</span> <span class='ocrx_word' id='word_1_739' title='bbox 1087 4881 1363 4935; x_wconf 81' lang='grc' dir='ltr'>τουτέστιν</span> <span class='ocrx_word' id='word_1_740' title='bbox 1402 4882 1651 4952; x_wconf 84' lang='grc' dir='ltr'>ἀνδρείαν</span> <span class='ocrx_word' id='word_1_741' title='bbox 1685 4885 1941 4950; x_wconf 78' lang='grc' dir='ltr'>ἀνάλαϐε,</span> 
     </span>
    </p>
   </div>
   <div class='ocr_carea' id='block_1_98' title="bbox 366 4965 1947 5046">
    <p class='ocr_par' dir='ltr' id='par_1_98' title="bbox 366 4965 1947 5046">
     <span class='ocr_line' id='line_1_99' title="bbox 366 4965 1947 5046; baseline 0.009 -30"><span class='ocrx_word' id='word_1_742' title='bbox 366 4965 443 5036; x_wconf 84' lang='grc' dir='ltr'>μὴ</span> <span class='ocrx_word' id='word_1_743' title='bbox 486 4966 607 5019; x_wconf 83' lang='grc' dir='ltr'>κατ’</span> <span class='ocrx_word' id='word_1_744' title='bbox 653 4967 803 5036; x_wconf 78' lang='grc' dir='ltr'>ἰσχὺν</span> <span class='ocrx_word' id='word_1_745' title='bbox 855 4967 1125 5039; x_wconf 84' lang='grc' dir='ltr'>σώματος,</span> <span class='ocrx_word' id='word_1_746' title='bbox 1181 4971 1314 5024; x_wconf 82' lang='grc' dir='ltr'>ἀλλὰ</span> <span class='ocrx_word' id='word_1_747' title='bbox 1358 4975 1795 5045; x_wconf 81' lang='grc' dir='ltr'>κραταιουμένης</span> <span class='ocrx_word' id='word_1_748' title='bbox 1847 4976 1947 5046; x_wconf 80' lang='grc' dir='ltr'>τῆς</span> 
     </span>
    </p>
   </div>
   <div class='ocr_carea' id='block_1_99' title="bbox 364 5056 1946 5137">
    <p class='ocr_par' dir='ltr' id='par_1_99' title="bbox 364 5056 1946 5137">
     <span class='ocr_line' id='line_1_100' title="bbox 364 5056 1946 5137; baseline 0.005 -27"><span class='ocrx_word' id='word_1_749' title='bbox 364 5056 593 5127; x_wconf 79' lang='grc' dir='ltr'>καρδίας</span> <span class='ocrx_word' id='word_1_750' title='bbox 635 5074 748 5110; x_wconf 88' lang='grc' dir='ltr'>σου·</span> <span class='ocrx_word' id='word_1_751' title='bbox 786 5058 928 5113; x_wconf 75' lang='grc' dir='ltr'>οὕτω</span> <span class='ocrx_word' id='word_1_752' title='bbox 954 5060 1061 5131; x_wconf 82' lang='grc' dir='ltr'>γὰρ</span> <span class='ocrx_word' id='word_1_753' title='bbox 1092 5063 1380 5132; x_wconf 83' lang='grc' dir='ltr'>ὑπομεῖναι</span> <span class='ocrx_word' id='word_1_754' title='bbox 1418 5064 1509 5117; x_wconf 82' lang='grc' dir='ltr'><strong>τὸν</strong></span> <span class='ocrx_word' id='word_1_755' title='bbox 1539 5066 1746 5137; x_wconf 87' lang='grc' dir='ltr'>Κύριον</span> <span class='ocrx_word' id='word_1_756' title='bbox 1787 5067 1946 5137; x_wconf 89' lang='grc' dir='ltr'>δυνη-</span> 
     </span>
    </p>
   </div>
   <div class='ocr_carea' id='block_1_100' title="bbox 367 5147 531 5204">
    <p class='ocr_par' dir='ltr' id='par_1_100' title="bbox 367 5147 531 5204">
     <span class='ocr_line' id='line_1_101' title="bbox 367 5147 531 5204; baseline 0.024 -4"><span class='ocrx_word' id='word_1_757' title='bbox 367 5147 531 5204; x_wconf 82' lang='grc' dir='ltr'>θήση.</span> 
     </span>
    </p>
   </div>
   <div class='ocr_carea' id='block_1_101' title="bbox 403 5149 1941 5317">
    <p class='ocr_par' dir='ltr' id='par_1_101' title="bbox 403 5149 1941 5317">
     <span class='ocr_line' id='line_1_102' title="bbox 441 5165 531 5204; baseline 0.044 -4"><span class='ocrx_word' id='word_1_758' title='bbox 441 5165 473 5200; x_wconf 90' lang='grc' dir='ltr'><strong>σ</strong></span> <span class='ocrx_word' id='word_1_759' title='bbox 517 5189 531 5204; x_wconf 93' lang='grc'><strong>.</strong></span> 
     </span>
     <span class='ocr_line' id='line_1_103' title="bbox 403 5149 1941 5317; baseline 0.007 -28"><span class='ocrx_word' id='word_1_760' title='bbox 403 5149 550 5289; x_wconf 60' lang='grc' dir='ltr'><strong>ήΤὲὗ</strong></span> <span class='ocrx_word' id='word_1_761' title='bbox 577 5237 786 5292; x_wconf 78' lang='grc' dir='ltr'>αὐτοῦ.</span> <span class='ocrx_word' id='word_1_762' title='bbox 826 5236 1066 5309; x_wconf 73' lang='grc' dir='ltr'>’Δνδρεία</span> <span class='ocrx_word' id='word_1_763' title='bbox 1092 5239 1290 5309; x_wconf 87' lang='grc' dir='ltr'>καρδία</span> <span class='ocrx_word' id='word_1_764' title='bbox 1326 5241 1439 5312; x_wconf 74' lang='grc'>(21)</span> <span class='ocrx_word' id='word_1_765' title='bbox 1471 5244 1566 5297; x_wconf 81' lang='grc' dir='ltr'>καὶ</span> <span class='ocrx_word' id='word_1_766' title='bbox 1605 5244 1749 5317; x_wconf 66' lang='grc' dir='ltr'>ψυχή</span> <span class='ocrx_word' id='word_1_767' title='bbox 1793 5249 1941 5301; x_wconf 87' lang='grc' dir='ltr'>ἐστιν</span> 
     </span>
    </p>
   </div>
   <div class='ocr_carea' id='block_1_102' title="bbox 436 5330 1400 5401">
    <p class='ocr_par' dir='ltr' id='par_1_102' title="bbox 436 5330 1400 5401">
     <span class='ocr_line' id='line_1_104' title="bbox 436 5330 1400 5401; baseline 0.006 -17"><span class='ocrx_word' id='word_1_768' title='bbox 436 5330 483 5363; x_wconf 78' lang='grc'><strong>⁸⁸</strong></span> <span class='ocrx_word' id='word_1_769' title='bbox 521 5330 664 5387; x_wconf 84' lang='lat' dir='ltr'><strong>Psal.</strong></span> <span class='ocrx_word' id='word_1_770' title='bbox 697 5350 850 5399; x_wconf 80' lang='lat' dir='ltr'><strong>xvm,</strong></span> <span class='ocrx_word' id='word_1_771' title='bbox 882 5335 936 5389; x_wconf 87' lang='lat'><strong>6.</strong></span> <span class='ocrx_word' id='word_1_772' title='bbox 1013 5336 1057 5367; x_wconf 79' lang='grc'>⁸⁸</span> <span class='ocrx_word' id='word_1_773' title='bbox 1083 5334 1209 5393; x_wconf 85' lang='lat' dir='ltr'><strong>Job.</strong></span> <span class='ocrx_word' id='word_1_774' title='bbox 1242 5352 1283 5401; x_wconf 82' lang='grc' dir='ltr'><strong>ι,</strong></span> <span class='ocrx_word' id='word_1_775' title='bbox 1311 5336 1400 5391; x_wconf 80' lang='grc'><strong>19.</strong></span> 
     </span>
    </p>
   </div>
   <div class='ocr_carea' id='block_1_103' title="bbox 367 5448 1936 5573">
    <p class='ocr_par' dir='ltr' id='par_1_103' title="bbox 367 5448 1936 5573">
     <span class='ocr_line' id='line_1_105' title="bbox 367 5448 1936 5573; baseline 0.006 -68"><span class='ocrx_word' id='word_1_776' title='bbox 367 5448 552 5573; x_wconf 46' lang='lat' dir='ltr'><strong>mai).</strong></span> <span class='ocrx_word' id='word_1_777' title='bbox 588 5451 658 5503; x_wconf 79' lang='lat' dir='ltr'><strong>Et</strong></span> <span class='ocrx_word' id='word_1_778' title='bbox 689 5452 722 5503; x_wconf 84' lang='grc' dir='ltr'><strong>ό</strong></span> <span class='ocrx_word' id='word_1_779' title='bbox 755 5450 1093 5519; x_wconf 80' lang='grc' dir='ltr'>κυκλώσας,</span> <span class='ocrx_word' id='word_1_780' title='bbox 1126 5462 1231 5510; x_wconf 90' lang='lat' dir='ltr'><strong>etc.</strong></span> <span class='ocrx_word' id='word_1_781' title='bbox 1284 5456 1511 5510; x_wconf 80' lang='lat' dir='ltr'><strong>Scliedae</strong></span> <span class='ocrx_word' id='word_1_782' title='bbox 1557 5456 1767 5526; x_wconf 87' lang='lat' dir='ltr'><strong>Grabii,</strong></span> <span class='ocrx_word' id='word_1_783' title='bbox 1800 5460 1936 5515; x_wconf 84' lang='lat' dir='ltr'><strong>Bar-</strong></span> 
     </span>
    </p>
   </div>
   <div class='ocr_carea' id='block_1_104' title="bbox 370 5588 1935 5711">
    <p class='ocr_par' dir='ltr' id='par_1_104' title="bbox 370 5588 1935 5711">
     <span class='ocr_line' id='line_1_106' title="bbox 370 5588 1935 5711; baseline -0.001 -67"><span class='ocrx_word' id='word_1_784' title='bbox 370 5589 546 5711; x_wconf 47' lang='grc' dir='ltr'><strong>τ,(16)</strong></span> <span class='ocrx_word' id='word_1_785' title='bbox 588 5588 765 5645; x_wconf 79' lang='grc' dir='ltr'>Ὅταν</span> <span class='ocrx_word' id='word_1_786' title='bbox 818 5591 884 5645; x_wconf 79' lang='grc' dir='ltr'>τὸ</span> <span class='ocrx_word' id='word_1_787' title='bbox 941 5591 1264 5662; x_wconf 83' lang='grc' dir='ltr'>πρόσωπόν</span> <span class='ocrx_word' id='word_1_788' title='bbox 1315 5609 1509 5661; x_wconf 79' lang='grc' dir='ltr'>τινος,</span> <span class='ocrx_word' id='word_1_789' title='bbox 1571 5608 1675 5653; x_wconf 81' lang='lat' dir='ltr'><strong>etc.</strong></span> <span class='ocrx_word' id='word_1_790' title='bbox 1726 5597 1935 5655; x_wconf 72' lang='lat' dir='ltr'><strong>Corde-</strong></span> 
     </span>
     <span class='ocr_line' id='line_1_107' title="bbox 404 5674 502 5711; baseline -0.01 0"><span class='ocrx_word' id='word_1_791' title='bbox 404 5674 502 5711; x_wconf 79' lang='lat' dir='ltr'><strong>Ius.</strong></span> 
     </span>
    </p>
   </div>
   <div class='ocr_carea' id='block_1_105' title="bbox 436 5724 1861 5802">
    <p class='ocr_par' dir='ltr' id='par_1_105' title="bbox 436 5724 1861 5802">
     <span class='ocr_line' id='line_1_108' title="bbox 436 5724 1861 5802; baseline 0.008 -21"><span class='ocrx_word' id='word_1_792' title='bbox 436 5729 547 5802; x_wconf 68' lang='grc' dir='ltr'><strong>(ῃ)</strong></span> <span class='ocrx_word' id='word_1_793' title='bbox 586 5730 667 5783; x_wconf 77' lang='grc' dir='ltr'><strong>Δι’</strong></span> <span class='ocrx_word' id='word_1_794' title='bbox 692 5724 779 5786; x_wconf 80' lang='grc' dir='ltr'><strong>ὧν</strong></span> <span class='ocrx_word' id='word_1_795' title='bbox 810 5734 1073 5802; x_wconf 45' lang='grc' dir='ltr'>καθαίρει</span> <span class='ocrx_word' id='word_1_796' title='bbox 1104 5751 1212 5801; x_wconf 77' lang='grc' dir='ltr'>τις,</span> <span class='ocrx_word' id='word_1_797' title='bbox 1243 5745 1351 5791; x_wconf 90' lang='lat' dir='ltr'><strong>etc.</strong></span> <span class='ocrx_word' id='word_1_798' title='bbox 1392 5736 1618 5791; x_wconf 74' lang='lat' dir='ltr'><strong>Schedze</strong></span> <span class='ocrx_word' id='word_1_799' title='bbox 1650 5735 1861 5793; x_wconf 86' lang='lat' dir='ltr'><strong>Grabii.</strong></span> 
     </span>
    </p>
   </div>
   <div class='ocr_carea' id='block_1_106' title="bbox 438 5795 1937 5877">
    <p class='ocr_par' dir='ltr' id='par_1_106' title="bbox 438 5795 1937 5877">
     <span class='ocr_line' id='line_1_109' title="bbox 438 5795 1937 5877; baseline 0.009 -26"><span class='ocrx_word' id='word_1_800' title='bbox 438 5795 548 5870; x_wconf 72' lang='grc'><strong>(18)</strong></span> <span class='ocrx_word' id='word_1_801' title='bbox 590 5802 886 5874; x_wconf 75' lang='grc' dir='ltr'>Μακάριος</span> <span class='ocrx_word' id='word_1_802' title='bbox 926 5795 1523 5877; x_wconf 64' lang='grc' dir='ltr'>δ’ἐγκαὲαλειερθείς,</span> <span class='ocrx_word' id='word_1_803' title='bbox 1568 5815 1674 5864; x_wconf 84' lang='lat' dir='ltr'><strong>etc.</strong></span> <span class='ocrx_word' id='word_1_804' title='bbox 1724 5807 1937 5867; x_wconf 73' lang='lat' dir='ltr'><strong>Eaedem</strong></span> 
     </span>
    </p>
   </div>
   <div class='ocr_carea' id='block_1_107' title="bbox 2055 4604 3559 4673">
    <p class='ocr_par' dir='ltr' id='par_1_107' title="bbox 2055 4604 3559 4673">
     <span class='ocr_line' id='line_1_110' title="bbox 2055 4604 3559 4673; baseline -0.002 -12"><span class='ocrx_word' id='word_1_805' title='bbox 2055 4608 2293 4672; x_wconf 88' lang='lat' dir='ltr'><strong>Domini,</strong></span> <span class='ocrx_word' id='word_1_806' title='bbox 2319 4621 2481 4661; x_wconf 87' lang='lat' dir='ltr'><strong>orare</strong></span> <span class='ocrx_word' id='word_1_807' title='bbox 2516 4614 2573 4659; x_wconf 90' lang='lat' dir='ltr'><strong>ut</strong></span> <span class='ocrx_word' id='word_1_808' title='bbox 2606 4604 2689 4659; x_wconf 75' lang='lat' dir='ltr'><strong>lex</strong></span> <span class='ocrx_word' id='word_1_809' title='bbox 2724 4604 2824 4657; x_wconf 89' lang='lat' dir='ltr'><strong>sibi</strong></span> <span class='ocrx_word' id='word_1_810' title='bbox 2860 4614 3097 4673; x_wconf 89' lang='lat' dir='ltr'><strong>ponatur</strong></span> <span class='ocrx_word' id='word_1_811' title='bbox 3127 4604 3179 4657; x_wconf 91' lang='lat' dir='ltr'><strong>in</strong></span> <span class='ocrx_word' id='word_1_812' title='bbox 3211 4605 3295 4657; x_wconf 84' lang='lat' dir='ltr'><strong>via</strong></span> <span class='ocrx_word' id='word_1_813' title='bbox 3326 4606 3559 4661; x_wconf 82' lang='lat' dir='ltr'><strong>Domini.</strong></span> 
     </span>
    </p>
   </div>
   <div class='ocr_carea' id='block_1_108' title="bbox 2088 4784 3628 4854">
    <p class='ocr_par' dir='ltr' id='par_1_108' title="bbox 2088 4784 3628 4854">
     <span class='ocr_line' id='line_1_111' title="bbox 2088 4784 3628 4854; baseline -0.005 -12"><span class='ocrx_word' id='word_1_814' title='bbox 2088 4830 2100 4842; x_wconf 96' lang='lat'><strong>.</strong></span> <span class='ocrx_word' id='word_1_815' title='bbox 2132 4787 2288 4843; x_wconf 63' lang='lat' dir='ltr'><strong>Vens.</strong></span> <span class='ocrx_word' id='word_1_816' title='bbox 2329 4786 2418 4840; x_wconf 70' lang='lat' dir='ltr'><strong>M.</strong></span> <span class='ocrx_word' id='word_1_817' title='bbox 2461 4784 2698 4839; x_wconf 87' lang='lat' dir='ltr'><strong>Viriliter</strong></span> <span class='ocrx_word' id='word_1_818' title='bbox 2735 4800 2860 4854; x_wconf 83' lang='lat' dir='ltr'><strong>age,</strong></span> <span class='ocrx_word' id='word_1_819' title='bbox 2884 4792 2932 4837; x_wconf 89' lang='lat' dir='ltr'><strong>et</strong></span> <span class='ocrx_word' id='word_1_820' title='bbox 2984 4785 3309 4852; x_wconf 78' lang='lat' dir='ltr'><strong>ronfortctur</strong></span> <span class='ocrx_word' id='word_1_821' title='bbox 3343 4800 3434 4837; x_wconf 87' lang='lat' dir='ltr'><strong>cor</strong></span> <span class='ocrx_word' id='word_1_822' title='bbox 3459 4792 3628 4846; x_wconf 78' lang='lat' dir='ltr'><strong>(imm,</strong></span> 
     </span>
    </p>
   </div>
   <div class='ocr_carea' id='block_1_109' title="bbox 2054 4876 3628 4946">
    <p class='ocr_par' dir='ltr' id='par_1_109' title="bbox 2054 4876 3628 4946">
     <span class='ocr_line' id='line_1_112' title="bbox 2054 4876 3628 4946; baseline -0.004 -11"><span class='ocrx_word' id='word_1_823' title='bbox 2054 4890 2163 4936; x_wconf 88' lang='lat' dir='ltr'><strong>etc.</strong></span> <span class='ocrx_word' id='word_1_824' title='bbox 2200 4878 2442 4933; x_wconf 85' lang='lat' dir='ltr'><strong>Viriliter</strong></span> <span class='ocrx_word' id='word_1_825' title='bbox 2472 4894 2594 4946; x_wconf 83' lang='lat' dir='ltr'><strong>age,</strong></span> <span class='ocrx_word' id='word_1_826' title='bbox 2634 4876 2684 4929; x_wconf 87' lang='lat' dir='ltr'><strong>id</strong></span> <span class='ocrx_word' id='word_1_827' title='bbox 2715 4885 2821 4942; x_wconf 88' lang='lat' dir='ltr'><strong>est,</strong></span> <span class='ocrx_word' id='word_1_828' title='bbox 2854 4876 3064 4929; x_wconf 86' lang='lat' dir='ltr'><strong>virilem</strong></span> <span class='ocrx_word' id='word_1_829' title='bbox 3096 4876 3337 4928; x_wconf 87' lang='lat' dir='ltr'><strong>animum</strong></span> <span class='ocrx_word' id='word_1_830' title='bbox 3369 4891 3628 4941; x_wconf 85' lang='lat' dir='ltr'><strong>assume,</strong></span> 
     </span>
    </p>
   </div>
   <div class='ocr_carea' id='block_1_110' title="bbox 2058 4967 3633 5037">
    <p class='ocr_par' dir='ltr' id='par_1_110' title="bbox 2058 4967 3633 5037">
     <span class='ocr_line' id='line_1_113' title="bbox 2058 4967 3633 5037; baseline -0.001 -13"><span class='ocrx_word' id='word_1_831' title='bbox 2058 4987 2164 5025; x_wconf 91' lang='lat' dir='ltr'><strong>non</strong></span> <span class='ocrx_word' id='word_1_832' title='bbox 2191 4973 2486 5026; x_wconf 87' lang='lat' dir='ltr'><strong>secundum</strong></span> <span class='ocrx_word' id='word_1_833' title='bbox 2526 4970 2692 5023; x_wconf 87' lang='lat' dir='ltr'><strong>rolmr</strong></span> <span class='ocrx_word' id='word_1_834' title='bbox 2721 4968 2989 5037; x_wconf 88' lang='lat' dir='ltr'><strong>corporis,</strong></span> <span class='ocrx_word' id='word_1_835' title='bbox 3025 4968 3121 5021; x_wconf 87' lang='lat' dir='ltr'><strong>sed</strong></span> <span class='ocrx_word' id='word_1_836' title='bbox 3157 4969 3456 5021; x_wconf 83' lang='lat' dir='ltr'><strong>secundum</strong></span> <span class='ocrx_word' id='word_1_837' title='bbox 3488 4967 3633 5022; x_wconf 80' lang='lat' dir='ltr'><strong>vires</strong></span> 
     </span>
    </p>
   </div>
   <div class='ocr_carea' id='block_1_111' title="bbox 2056 5058 3555 5127">
    <p class='ocr_par' dir='ltr' id='par_1_111' title="bbox 2056 5058 3555 5127">
     <span class='ocr_line' id='line_1_114' title="bbox 2056 5058 3555 5127; baseline -0.003 -10"><span class='ocrx_word' id='word_1_838' title='bbox 2056 5063 2238 5118; x_wconf 88' lang='lat' dir='ltr'><strong>cordis</strong></span> <span class='ocrx_word' id='word_1_839' title='bbox 2270 5063 2344 5116; x_wconf 91' lang='lat' dir='ltr'><strong>tui</strong></span> <span class='ocrx_word' id='word_1_840' title='bbox 2371 5082 2384 5116; x_wconf 94' lang='lat'>:</span> <span class='ocrx_word' id='word_1_841' title='bbox 2416 5062 2500 5115; x_wconf 89' lang='lat' dir='ltr'><strong>sic</strong></span> <span class='ocrx_word' id='word_1_842' title='bbox 2532 5060 2678 5114; x_wconf 88' lang='lat' dir='ltr'><strong>enim</strong></span> <span class='ocrx_word' id='word_1_843' title='bbox 2717 5058 3001 5112; x_wconf 78' lang='lat' dir='ltr'><strong>Dominum</strong></span> <span class='ocrx_word' id='word_1_844' title='bbox 3033 5060 3238 5127; x_wconf 86' lang='lat' dir='ltr'><strong>poteris</strong></span> <span class='ocrx_word' id='word_1_845' title='bbox 3268 5062 3555 5113; x_wconf 84' lang='lat' dir='ltr'><strong>sustinere.</strong></span> 
     </span>
    </p>
   </div>
   <div class='ocr_carea' id='block_1_112' title="bbox 2127 5240 3628 5314">
    <p class='ocr_par' dir='ltr' id='par_1_112' title="bbox 2127 5240 3628 5314">
     <span class='ocr_line' id='line_1_115' title="bbox 2127 5240 3628 5314; baseline -0.003 -18"><span class='ocrx_word' id='word_1_846' title='bbox 2127 5243 2400 5314; x_wconf 70' lang='lat' dir='ltr'><strong>Ejusdem.</strong></span> <span class='ocrx_word' id='word_1_847' title='bbox 2435 5242 2544 5297; x_wconf 80' lang='lat' dir='ltr'><strong>Cor</strong></span> <span class='ocrx_word' id='word_1_848' title='bbox 2583 5241 2739 5295; x_wconf 80' lang='lat' dir='ltr'><strong>virile</strong></span> <span class='ocrx_word' id='word_1_849' title='bbox 2777 5241 2942 5297; x_wconf 84' lang='lat' dir='ltr'><strong>etiam</strong></span> <span class='ocrx_word' id='word_1_850' title='bbox 2972 5240 3151 5294; x_wconf 87' lang='lat' dir='ltr'><strong>anima</strong></span> <span class='ocrx_word' id='word_1_851' title='bbox 3184 5249 3265 5295; x_wconf 86' lang='lat' dir='ltr'><strong>est</strong></span> <span class='ocrx_word' id='word_1_852' title='bbox 3304 5255 3422 5309; x_wconf 71' lang='lat' dir='ltr'><strong>qum</strong></span> <span class='ocrx_word' id='word_1_853' title='bbox 3456 5241 3628 5309; x_wconf 73' lang='lat' dir='ltr'><strong>impn-</strong></span> 
     </span>
    </p>
   </div>
   <div class='ocr_carea' id='block_1_113' title="bbox 2043 5452 2668 5515">
    <p class='ocr_par' dir='ltr' id='par_1_113' title="bbox 2043 5452 2668 5515">
     <span class='ocr_line' id='line_1_116' title="bbox 2043 5452 2668 5515; baseline -0.016 0"><span class='ocrx_word' id='word_1_854' title='bbox 2043 5458 2255 5515; x_wconf 71' lang='lat' dir='ltr'><strong>schedze</strong></span> <span class='ocrx_word' id='word_1_855' title='bbox 2282 5469 2344 5508; x_wconf 88' lang='lat' dir='ltr'><strong>ac</strong></span> <span class='ocrx_word' id='word_1_856' title='bbox 2374 5452 2668 5506; x_wconf 82' lang='lat' dir='ltr'><strong>Barbarus.</strong></span> 
     </span>
    </p>
   </div>
   <div class='ocr_carea' id='block_1_114' title="bbox 2114 5515 3627 5596">
    <p class='ocr_par' dir='ltr' id='par_1_114' title="bbox 2114 5515 3627 5596">
     <span class='ocr_line' id='line_1_117' title="bbox 2114 5515 3627 5596; baseline -0.005 -18"><span class='ocrx_word' id='word_1_857' title='bbox 2114 5526 2227 5596; x_wconf 82' lang='lat' dir='ltr'><strong>(l9l</strong></span> <span class='ocrx_word' id='word_1_858' title='bbox 2268 5525 2424 5596; x_wconf 62' lang='grc' dir='ltr'>Ὅρα</span> <span class='ocrx_word' id='word_1_859' title='bbox 2442 5523 2549 5575; x_wconf 81' lang='grc' dir='ltr'><strong>τὸν</strong></span> <span class='ocrx_word' id='word_1_860' title='bbox 2578 5521 2647 5573; x_wconf 82' lang='grc' dir='ltr'><strong>ἐν</strong></span> <span class='ocrx_word' id='word_1_861' title='bbox 2679 5519 2760 5587; x_wconf 83' lang='grc' dir='ltr'>τῷ</span> <span class='ocrx_word' id='word_1_862' title='bbox 2791 5519 2974 5587; x_wconf 76' lang='grc' dir='ltr'>νόμῳ,</span> <span class='ocrx_word' id='word_1_863' title='bbox 3001 5526 3109 5573; x_wconf 88' lang='lat' dir='ltr'><strong>etc.</strong></span> <span class='ocrx_word' id='word_1_864' title='bbox 3156 5515 3382 5573; x_wconf 67' lang='lat' dir='ltr'><strong>Scbedae</strong></span> <span class='ocrx_word' id='word_1_865' title='bbox 3412 5515 3627 5585; x_wconf 83' lang='lat' dir='ltr'><strong>Grabii,</strong></span> 
     </span>
    </p>
   </div>
   <div class='ocr_carea' id='block_1_115' title="bbox 2043 5594 2687 5655">
    <p class='ocr_par' dir='ltr' id='par_1_115' title="bbox 2043 5594 2687 5655">
     <span class='ocr_line' id='line_1_118' title="bbox 2043 5594 2687 5655; baseline -0.014 -2"><span class='ocrx_word' id='word_1_866' title='bbox 2043 5594 2360 5655; x_wconf 84' lang='lat' dir='ltr'><strong>Cordcrius,</strong></span> <span class='ocrx_word' id='word_1_867' title='bbox 2395 5594 2687 5645; x_wconf 82' lang='lat' dir='ltr'><strong>Barbarus.</strong></span> 
     </span>
    </p>
   </div>
   <div class='ocr_carea' id='block_1_116' title="bbox 2133 5657 3075 5733">
    <p class='ocr_par' dir='ltr' id='par_1_116' title="bbox 2133 5657 3075 5733">
     <span class='ocr_line' id='line_1_119' title="bbox 2133 5657 3075 5733; baseline -0.011 -13"><span class='ocrx_word' id='word_1_868' title='bbox 2133 5667 2227 5733; x_wconf 66' lang='lat'><strong>90)</strong></span> <span class='ocrx_word' id='word_1_869' title='bbox 2278 5659 2591 5728; x_wconf 79' lang='grc' dir='ltr'>Ἄνδρίζου,</span> <span class='ocrx_word' id='word_1_870' title='bbox 2624 5657 3075 5733; x_wconf 70' lang='lat' dir='ltr'><strong>ete._Corderit_Is.</strong></span> 
     </span>
    </p>
   </div>
   <div class='ocr_carea' id='block_1_117' title="bbox 2138 5726 3627 5799">
    <p class='ocr_par' dir='ltr' id='par_1_117' title="bbox 2138 5726 3627 5799">
     <span class='ocr_line' id='line_1_120' title="bbox 2138 5726 3627 5799; baseline -0.003 -10"><span class='ocrx_word' id='word_1_871' title='bbox 2138 5726 2226 5799; x_wconf 61' lang='lat' dir='ltr'><strong>2f)</strong></span> <span class='ocrx_word' id='word_1_872' title='bbox 2285 5726 2541 5798; x_wconf 55' lang='grc' dir='ltr'>Ἀνδρεία</span> <span class='ocrx_word' id='word_1_873' title='bbox 2571 5729 2807 5796; x_wconf 79' lang='grc' dir='ltr'>καρδία,</span> <span class='ocrx_word' id='word_1_874' title='bbox 2838 5742 2947 5785; x_wconf 83' lang='lat' dir='ltr'><strong>etc.</strong></span> <span class='ocrx_word' id='word_1_875' title='bbox 2986 5728 3216 5784; x_wconf 72' lang='lat' dir='ltr'><strong>Scltcdte</strong></span> <span class='ocrx_word' id='word_1_876' title='bbox 3261 5726 3482 5799; x_wconf 83' lang='lat' dir='ltr'><strong>Grabii,</strong></span> <span class='ocrx_word' id='word_1_877' title='bbox 3531 5742 3627 5785; x_wconf 88' lang='lat' dir='ltr'><strong>co-</strong></span> 
     </span>
    </p>
   </div>
   <div class='ocr_carea' id='block_1_118' title="bbox 2045 5800 2913 5867">
    <p class='ocr_par' dir='ltr' id='par_1_118' title="bbox 2045 5800 2913 5867">
     <span class='ocr_line' id='line_1_121' title="bbox 2045 5800 2913 5867; baseline -0.015 -2"><span class='ocrx_word' id='word_1_878' title='bbox 2045 5800 2147 5866; x_wconf 66' lang='lat' dir='ltr'><strong>dei</strong></span> <span class='ocrx_word' id='word_1_879' title='bbox 2195 5800 2582 5867; x_wconf 79' lang='lat' dir='ltr'><strong>Coislinianus,</strong></span> <span class='ocrx_word' id='word_1_880' title='bbox 2622 5800 2913 5857; x_wconf 80' lang='lat' dir='ltr'><strong>Barbarus.</strong></span> 
     </span>
    </p>
   </div>
  </div>
