4100 6390
462 362 485 416 Ι
499 364 601 420 283

1898 360 1990 416 EX
2026 358 2332 418 ORIGENE

3587 367 3721 422 ιεει

462 484 538 537 ris
586 479 1006 552 cogitationibus
1074 490 1129 536 ct
1188 478 1339 536 falsis
1393 479 1739 551 dogmatibus
1795 494 1900 534 non
1955 491 2023 535 est

2140 480 2173 549 ἡ
2224 478 2299 549 μὴ
2354 477 2550 549 ἔχουσα
2600 477 2895 551 λογισμοὺς
2948 477 3294 552 ἀκαθάρτους
3342 478 3438 533 καὶ
3482 478 3721 549 δόγματα

461 574 688 636 imbuta.

954 754 1181 810 PSALM
1194 756 1228 810 Ε
1241 754 1279 810 S
1328 756 1423 810 XX
1437 755 1540 811 VII.

534 850 696 905 Vens.
731 850 783 904 1.
813 850 893 901 Ad
925 860 972 902 te
999 890 1015 915 ,
1058 848 1280 902 Domine
1304 889 1320 914 ,
1351 849 1589 902 clamabo
1616 889 1632 914 ,
1676 848 1814 903 Deus
1857 866 2032 915 uicus,

461 959 523 994 ne
551 942 708 995 sileas
744 958 773 993 ιι
804 959 905 1007 me,
939 953 1046 995 etc.
1081 943 1158 995 Ex
1186 944 1249 996 iis
1278 943 1367 1011 qui
1396 942 1635 995 clamant
1665 944 1730 995 ad
1784 944 1947 997 Deum
1980 953 2035 998 et

459 1032 711 1085 emittunt
764 1048 952 1101 preces
980 1072 995 1095 ,
1051 1034 1094 1086 si
1132 1033 1257 1101 quis
1295 1042 1516 1086 terrena
1555 1032 1726 1100 petit,
1764 1032 1883 1099 ejus
1929 1048 2035 1087 vox

461 1123 640 1177 brevis
672 1133 727 1177 et
758 1124 915 1177 exilis
947 1133 1051 1177 est.
1089 1124 1144 1177 Si
1201 1133 1382 1177 autem
1432 1122 1674 1177 coelestia
1712 1125 1881 1190 petit,
1916 1124 2032 1178 cla-

2147 575 2339 645 ψευδῆ.

2693 754 2982 808 ΨΑΔΜΟΣ
3020 753 3144 808 ΚΖ’.

2226 849 2381 916 Πρὸς
2425 847 2532 910 σὲ,
2564 843 2765 913 Κύριε,
2802 844 3184 915 κεκράξομαι,
3224 849 3258 901 ὀ
3288 848 3431 912 Θεός
3465 863 3609 915 μου,
3630 844 3718 913 μὴ

2140 937 2621 1008 παρασιωπήσῃς
2656 939 2757 991 ἀπ’
2791 936 2957 1006 ἐμοῦ,
3002 954 3057 991 κ.
3088 956 3139 993 τ.
3183 938 3230 991 ὲ.
3281 938 3403 990 Τῶν
3442 936 3579 1008 πρὸς
3626 936 3720 990 τὸν

2140 1033 2272 1085 Θεὸν
2313 1032 2425 1102 (22)
2468 1031 2716 1102 βοώντων
2759 1032 2851 1084 καὶ
2891 1029 3266 1100 ἀναφερόντων
3291 1030 3388 1091 τὰς
3421 1029 3586 1098 εὐχὰς
3611 1069 3626 1093 ,
3670 1028 3722 1082 εἰ

2144 1126 2241 1196 μὲν
2268 1123 2337 1177 τὰ
2368 1122 2589 1191 ὲπίγειά
2622 1140 2706 1185 τις
2754 1123 2916 1185 αἰτεῖ,
2964 1120 3112 1173 ἐστὶν
3150 1123 3183 1191 ἡ
3211 1120 3364 1189 φωνὴ
3392 1119 3555 1171 αὐτοῦ
3590 1119 3722 1190 βρα-

460 1222 593 1267 mat.
631 1212 784 1268 Unde
817 1214 1127 1283 frequenter
1156 1213 1207 1266 in
1237 1212 1536 1282 Scripturis
1562 1213 1734 1268 sancti
1770 1213 1835 1266 ad
1866 1212 2023 1267 Deum

2140 1218 2281 1285 χεῖα·
2310 1216 2357 1266 εί
2390 1215 2446 1267 δὲ
2477 1214 2546 1268 τά
2589 1213 2887 1284 ὲπουράνιά
2922 1230 3006 1277 τις
3042 1214 3203 1275 αἰτεῖ,
3238 1211 3352 1280 βοᾷ.
3388 1209 3549 1263 Ὅθεν
3591 1210 3717 1263 πολ-

461 1304 726 1357 clamasse
798 1304 1074 1357 dicuntur.
1135 1303 1376 1358 Conetur
1434 1303 1603 1368 igitur
1664 1304 2023 1372 unusquisth

2139 1307 2295 1369 λὰκις
2330 1306 2548 1373 λέγεται
2591 1306 2647 1356 ὲν
2676 1308 2797 1367 ταῖς
2828 1305 3075 1376 Γραφαῖς
3107 1304 3235 1375 περὶ
3264 1302 3372 1355 τῶν
3418 1301 3608 1369 ἁγίων,
3636 1301 3717 1354 ὅτι

467 1398 631 1448 Deum
667 1409 828 1450 orare
860 1411 981 1449 cum
1030 1396 1270 1449 clamore
1293 1435 1307 1458 ,
1344 1403 1399 1448 et
1446 1396 1623 1448 dicam
1656 1411 1763 1462 quo
1815 1394 2023 1450 insolito

2138 1397 2274 1467 πρὸς
2299 1396 2391 1449 τὸν
2418 1396 2549 1448 Θεὸν
2581 1393 2906 1465 ὲκέκραξαν.
2947 1393 3235 1465 Πειράσθω
3272 1392 3451 1446 τοίνυν
3488 1392 3718 1455 ἕκαστος

462 1488 717 1541 clamore.
767 1487 1074 1558 Ingreditur
1108 1489 1232 1557 quis
1280 1488 1330 1540 in
1366 1486 1673 1540 cubiculum
1722 1498 1775 1540 et
1826 1487 2023 1541 claudit

2136 1487 2388 1559 εὔχεσθαι
2420 1488 2497 1558 τῷ
2529 1488 2646 1557 Θεῷ
2680 1486 2987 1558 κεκραγὼς,
3019 1486 3111 1539 καὶ
3151 1484 3577 1557 παραδοξότερον
3606 1484 3717 1557 ἐρῶ

459 1578 686 1642 ostium,
715 1595 776 1632 ac
801 1579 876 1633 sic
902 1578 1156 1632 clamavit
1178 1579 1244 1630 ad
1278 1578 1463 1632 Deum.
1494 1596 1511 1629 ι
1539 1576 1612 1631 Ne
1636 1577 1800 1632 sileas
1822 1593 1852 1631 a
1878 1594 1988 1634 me.
2007 1597 2023 1630 ι

2137 1584 2256 1647 πῶς
2287 1581 2592 1654 κεκραγώς.
2621 1580 2891 1635 Εἰσελθὼν
2920 1582 3000 1643 εἰς
3024 1580 3084 1632 τὸ
3107 1582 3329 1649 ταμεῖον
3358 1578 3523 1631 αὑτοῦ
3548 1577 3718 1631 κλείει

346 1714 351 1719 .
461 1671 737 1737 Scriptum
765 1679 844 1724 est
885 1670 1053 1723 Deum
1089 1669 1282 1738 Moysi,
1317 1669 1519 1723 Aaroni
1549 1680 1601 1723 et
1627 1669 1753 1724 Jcsu
1789 1670 1931 1725 Nave
1963 1672 2023 1725 le

2136 1674 2233 1746 τὴν
2273 1674 2461 1745 θύραν,
2496 1675 2589 1726 καὶ
2618 1672 2790 1735 οὕτως
2834 1671 3074 1743 κέκραγε
3115 1670 3251 1741 πρὸς
3278 1670 3370 1722 τὸν
3395 1667 3549 1721 Θεόν.
3580 1686 3598 1719 ι
3622 1667 3713 1767 liii]

458 1773 642 1814 cntum
673 1778 813 1815 csse.
853 1762 1003 1828 Digni
1033 1763 1176 1814 enim
1209 1773 1364 1815 erant
1390 1764 1586 1831 quibus
1616 1765 1759 1818 Deus
1789 1764 2035 1832 loqui-re-

462 1859 569 1902 tur.
605 1849 704 1904 Per
733 1850 1029 1918 prophetas
1057 1866 1275 1920 quoque
1307 1851 1519 1906 locutus
1540 1861 1642 1915 est,
1672 1854 1908 1921 quandiu
1940 1868 2033 1922 po-

456 1942 615 2009 pulus
650 1941 740 1995 Dei
780 1942 944 1995 stetit.
980 1940 1088 1996 Nec
1120 1953 1374 2012 putemus
1403 1944 1568 1999 Deum
1601 1945 1842 1998 exterius
1877 1945 2032 1999 nobis

458 2033 600 2101 loqui
630 2051 643 2087 :
678 2033 843 2105 636
870 2050 992 2088 nam
1022 2045 1227 2091 sancta:
1265 2036 1368 2091 illa:
1398 2038 1761 2108 cogitationes
1794 2052 1912 2105 quae
1937 2053 2034 2091 cor

456 2136 699 2178 nostrum
747 2126 1015 2190 subeunt,
1058 2127 1231 2181 verba
1267 2137 1392 2182 sunt
1427 2142 1491 2182 ac
1533 2142 1691 2182 voces
1722 2127 1916 2197 quibus
1950 2129 2028 2183 lo-

456 2217 645 2284 quitnr
676 2217 834 2270 nobis
865 2217 1025 2271 Dens.
1062 2216 1154 2271 Sic
1184 2219 1389 2289 accipe,
1420 2221 1639 2290 quando
1667 2221 1865 2275 dicitur
1890 2222 2031 2277 Deus

456 2309 521 2359 ad
551 2311 692 2361 hunc
719 2307 802 2361 vel
834 2307 983 2361 illum
1018 2309 1249 2363 locutus.
1283 2311 1435 2377 Quod
1470 2311 1573 2366 hoc
1615 2312 1686 2365 ita
1718 2326 1777 2366 se
1809 2312 2027 2379 habeat,

456 2399 744 2469 Scriptura
775 2408 1004 2461 testatur
1026 2402 1109 2455 6":
1160 2419 1181 2453 ι
1215 2402 1412 2457 Beatus
1446 2403 1529 2457 vir
1556 2403 1711 2474 cujus
1738 2414 1822 2460 est
1868 2405 2028 2459 auxi-

454 2488 580 2541 lium
608 2491 706 2544 abs
737 2498 808 2549 te,
846 2488 1095 2556 Domine,
1126 2492 1473 2548 ascensiones
1497 2493 1551 2548 in
1585 2496 1749 2551 corde
1779 2510 1879 2551 suo
1919 2496 2031 2550 dis-

452 2582 653 2650 posuit.
710 2600 730 2632 ι
792 2582 1056 2637 Habemus
1107 2594 1287 2638 autem
1334 2594 1391 2639 et
1442 2584 1609 2639 altum
1646 2587 1889 2641 auditum
1922 2603 2029 2658 quo

451 2677 676 2727 Verbum
707 2672 801 2726 Dei
831 2675 1065 2728 auditur.
1100 2674 1324 2732 Divinus
1354 2685 1435 2732 est
1477 2692 1673 2732 sensus
1706 2678 1793 2734 ille
1832 2681 1921 2749 qui
1951 2683 2031 2737 sic

453 2765 594 2832 apud
632 2764 979 2820 Salomonem
1010 2768 1343 2833 nominatur,
1378 2770 1468 2839 qui
1500 2772 1653 2824 audit
1676 2771 1899 2827 verbum
1936 2773 2028 2827 Dei

450 2854 578 2907 etei
620 2855 947 2909 admiscetur
977 2871 1040 2911 ac
1086 2856 1454 2927 conjungitnr.
1495 2878 1513 2910 ι
1547 2859 1689 2914 Deus
1725 2875 1910 2929 meus,
1943 2862 2026 2916 in-

2139 1764 2578 1835 παρασιωπήσῃς
2620 1762 2714 1815 ἀπ’
2763 1760 2919 1831 ἐμοῦ.
2952 1779 2969 1811 ι
3010 1759 3142 1823 Θεὸς
3185 1758 3600 1829 ἀναγέγραπται
3636 1755 3716 1807 λε-

2132 1853 2422 1925 λαληκέναι
2456 1853 2593 1924 πρὸς
2618 1853 2877 1915 Μωῦσέα,
2913 1850 3164 1923 καὶπρὸς
3196 1848 3427 1919 Ἀαρὼν,
3459 1848 3551 1899 καί
3579 1846 3712 1914 πρὸς

2146 1945 2351 2017 Ἰησοῦν
2391 1945 2483 1997 τὸν
2519 1943 2611 1997 τοῦ
2650 1945 2829 2015 Ναυῆ.
2876 1943 3116 1996 Τοιοῦτοι
3152 1940 3258 2012 γὰρ
3284 1936 3425 2011 ἦσαν
3459 1939 3544 1991 ἵνα
3576 1937 3711 2006 λαλῇ

2134 2038 2271 2109 πρὸς
2312 2038 2510 2100 αὐτοὺς
2558 2038 2586 2089 6
2623 2036 2775 2099 Θεός.
2813 2036 2923 2089 Καὶ
2961 2034 3048 2087 διὰ
3079 2032 3188 2086 τῶν
3220 2029 3535 2103 προφητῶν,
3571 2030 3658 2081 ὅτε
3687 2031 3714 2080 6

2133 2130 2257 2194 λαὸς
2287 2125 2355 2201 ἦν
2384 2128 2478 2182 τοῦ
2519 2128 2654 2182 Θεοῦ
2680 2168 2694 2192 ,
2742 2128 2841 2181 οὐκ
2884 2126 3113 2180 ἐσιώπα.
3155 2127 3267 2178 Καὶ
3301 2123 3373 2195 μὴ
3404 2122 3712 2193 νομίσωμεν

2131 2227 2330 2296 ἔξωθεν
2357 2229 2489 2299 ἡμῖν
2515 2227 2697 2280 λαλεῖν
2733 2226 2827 2279 τὸν
2866 2224 3019 2279 Θεόν·
3056 2222 3191 2278 ἀλλά
3229 2222 3338 2293 γὰρ
3382 2220 3453 2274 τὰ
3492 2217 3712 2275 ἀναϐαί-

2131 2339 2290 2375 νοντα
2315 2321 2471 2391 ἠμῶν
2503 2320 2595 2374 ἐπὶ
2620 2319 2718 2391 τὴν
2748 2318 2976 2391 καρδίαν
3012 2318 3143 2387 ἆγια
3173 2314 3357 2370 ἐκεῖνά
3390 2315 3539 2366 ἐστιν
3566 2311 3601 2363 ἃ
3624 2310 3714 2363 λα·

2130 2416 2214 2468 λεῖ
2237 2417 2368 2485 ἡμῖν
2392 2415 2421 2467 6
2442 2413 2593 2477 Θεός.
2624 2410 2811 2476 Οὕτως
2841 2410 3005 2465 ἄκουε
3040 2408 3155 2473 τοῦ,
3208 2407 3498 2478 Ἐλάλησεν
3527 2407 3554 2457 6
3580 2403 3710 2465 Θεὸς

2133 2508 2269 2579 πρὸς
2296 2506 2387 2559 τὸν
2421 2506 2587 2558 δεῖνα.
2633 2505 2753 2557 Ὅτι
2787 2505 2844 2558 δὲ
2870 2504 3019 2558 τοῦθ’
3048 2500 3220 2563 οῦτως
3246 2500 3359 2570 ἔχει
3378 2539 3392 2563 ,
3422 2499 3585 2553 ἄκουε
3610 2495 3711 2579 τῆς

2130 2577 2356 2668 Γραφῆς
2408 2597 2579 2667 αὐτῆς
2630 2594 3033 2667 μαρτυρούσης
3080 2591 3411 2661 «Μακάριος
3462 2587 3600 2658 ἀνὴρ
3647 2577 3710 2638 οὗ

2131 2688 2278 2741 ἐστιν
2312 2685 2592 2755 ἀντίληψις
2626 2683 2792 2737 αὐτοῦ
2822 2682 2971 2753 παρὰ
3002 2680 3130 2745 eoi,
3164 2678 3332 2749 Κύριε
3358 2715 3375 2739 ,
3420 2677 3711 2738 ἀναϐάσεις

2132 2782 2214 2843 είς
2278 2778 2377 2850 τὴν
2429 2777 2657 2848 καρδίαν
2717 2773 2903 2831 αὐτοῦ.
2938 2792 2955 2824 ι
3025 2774 3260 2843 Ἕχομεν
3316 2768 3481 2837 ἄλλην
3542 2764 3710 2833 ἀκοὴν

2130 2870 2431 2925 ἀκούουσαν
2470 2869 2628 2937 λόγου
2654 2867 2809 2920 Θεοῦ.
2842 2864 2973 2919 Θεία
3013 2865 3159 2917 ἐστὶν
3186 2864 3221 2934 ἡ
3253 2859 3500 2929 αἴσθησις
3525 2855 3705 2922 ἐκείνη

450 2945 587 3014 quit,
622 2960 690 2999 ne
721 2944 880 3000 sileas
912 2961 941 2999 a
990 2957 1165 3012 me,et
1195 2950 1546 3004 assimilabor
1572 2951 2023 3008 descendentibus

2130 2965 2165 3035 ἡ
2203 2963 2347 3017 οὕτω
2384 2961 2536 3034 παρά
2573 2959 2879 3031 Σολομῶντι
2922 2954 3331 3028 ὀνομαζομένη,
3368 2953 3403 3024 ἡ
3438 2948 3707 3004 ἀκούουσα

451 3038 503 3089 in
542 3037 741 3093 lacum.
778 3056 797 3089 ι
835 3038 1117 3094 Neminem
1150 3050 1461 3095 sanctorum
1494 3042 1669 3097 lacum
1701 3044 1901 3099 fodisse
1927 3060 2022 3098 no-

2129 3054 2285 3122 λόγου
2315 3052 2471 3118 Θεοῦ,
2508 3049 2928 3123 άνακεκραμένη
2973 3047 3119 3119 αὐτῷ
3154 3048 3249 3101 καὶ
3278 3043 3553 3117 ἡνωμένη.
3591 3060 3609 3092 ι
3650 3041 3707 3093 '0

451 3129 646 3183 vimus.
681 3128 737 3183 Si
761 3131 976 3198 quando
1002 3142 1183 3184 autem
1210 3132 1326 3186 viro
1352 3144 1543 3189 sancto
1568 3150 1709 3205 aqua
1741 3151 1876 3206 opus
1903 3135 2023 3201 fuit,

2130 3143 2261 3206 Θεὸς
2299 3139 2394 3196 οῦν
2430 3161 2531 3214 μου
2554 3182 2567 3206 ,
2604 3144 2802 3214 φησιν,
2847 3142 2921 3213 μὴ
2956 3139 3389 3211 παρασιωπήσῃς
3420 3133 3513 3187 ἀπ’
3551 3129 3707 3202 ἐμοῦι

449 3233 667 3289 putemn
697 3221 850 3277 fodit.
888 3222 1146 3277 Salomon
1174 3240 1206 3279 e
1238 3226 1412 3294 puteis
1447 3227 1633 3283 bibere
1666 3228 1853 3297 jubet;
1888 3229 2023 3285 Dens

2130 3237 2224 3291 καὶ
2276 3236 2716 3307 ὀμοιωθήσομαι,
2770 3234 2967 3305 φησὶν,
3020 3234 3133 3295 τοῖς
3168 3227 3586 3283 καταϐαίνουσιν
3632 3226 3710 3287 είς

447 3328 579 3366 vero
611 3329 705 3382 per
730 3315 1049 3383 praphetam
1084 3317 1150 3370 iis
1182 3318 1274 3386 qui
1303 3318 1369 3373 de
1404 3316 1521 3373 lacu
1546 3319 1757 3388 bibunt,
1790 3322 2023 3376 minatur

2129 3327 2349 3382 λάκκον.
2379 3347 2395 3378 ι
2436 3326 2641 3380 Οὐδένα
2676 3325 2785 3379 τῶν
2815 3324 2985 3393 ἁγίων
2998 3322 3231 3392 οἴδαμεν
3254 3320 3453 3373 λάκκον
3487 3316 3711 3389 ὀρύξαν-

448 3403 743 3459 dieens“:
784 3423 804 3456 ι
854 3406 938 3461 Me
979 3407 1389 3478 dereliqucrunt
1424 3410 1628 3466 fontem
1658 3429 1815 3483 aqua:
1854 3414 1987 3469 viva:
2010 3454 2023 3479 ,

2129 3432 2216 3473 τα’
2252 3417 2365 3471 ἀλλ’
2408 3418 2590 3470 εἴποτε
2630 3417 2784 3485 ἆγιος
2825 3414 3015 3486 χρείαν
3055 3413 3212 3482 ἔσχεν
3268 3411 3488 3475 ὓδατος,
3532 3406 3708 3478 φρέαρ

447 3504 500 3547 et
533 3493 785 3549 foderunt
814 3496 914 3550 sibi
948 3497 1097 3552 Iaeus
1126 3498 1460 3556 confractos.
1494 3502 1572 3557 Ne
1613 3505 1779 3574 igitur
1800 3506 1962 3559 sileas
1996 3520 2023 3559 a

2129 3510 2325 3575 ὤρυξε.
2354 3509 2465 3563 Καὶ
2496 3507 2744 3578 Σολομὼν
2768 3506 3069 3559 ἐντέλλεται
3096 3503 3206 3557 ἀπὸ
3231 3502 3479 3574 φρεάτων
3508 3500 3705 3553 πίνειν*

450 3601 559 3651 uie,
592 3596 646 3639 et
677 3587 1026 3641 assimilabor
1064 3591 1521 3647 descendentibus
1553 3596 1605 3647 in
1638 3595 1836 3648 lacum.
1869 3615 1885 3647 ι
1923 3596 2023 3651 Ve-

2130 3606 2160 3657 6
2197 3602 2251 3655 δὲ
2301 3602 2586 3671 προφήτης
2643 3598 2858 3653 ἀπειλεῖ
2904 3600 3017 3661 τοῖς
3065 3597 3312 3650 πίνουσιν
3364 3594 3429 3646 ὲκ
3469 3592 3708 3653 λάκκου,

448 3692 566 3729 rum
601 3685 659 3729 ut
686 3676 961 3741 sciamus,
993 3680 1211 3746 quinam
1248 3682 1299 3735 in
1333 3682 1509 3737 lacum
1550 3685 1904 3753 descendant,
1942 3700 2023 3741 επις

2129 3692 2301 3760 λέγων
2327 3692 2402 3755 ὼς
2433 3694 2497 3744 ὲκ
2524 3689 2812 3762 προσώπου
2838 3688 2931 3743 τοῦ
2958 3688 3111 3741 Θεοῦ·
3153 3707 3170 3739 ι
3202 3685 3333 3757 Ἐμὲ
3354 3683 3709 3753 ἐγκατέλιπον

447 3784 538 3821 cra
571 3767 853 3834 Scriptura
888 3770 1101 3825 divinas
1133 3787 1243 3837 res,
1290 3773 1531 3840 calidas;
1558 3792 1677 3844 quze
1706 3788 1881 3832 autem
1915 3795 2023 3833 ma-

2130 3784 2311 3856 πηγὴν
2346 3783 2536 3847 ὓδατος
2566 3784 2795 3847 ζῶντος,
2832 3783 2928 3835 καὶ
2969 3779 3184 3849 ὤρυξαν
3220 3780 3433 3840 ἑαυτοῖς
3471 3776 3708 3839 λάκκους

448 3861 582 3913 toria
613 3871 667 3914 et
702 3873 928 3928 prccato
962 3862 1175 3916 infecta:
1206 3874 1368 3930 sunt,
1398 3880 1490 3920 eas
1520 3866 1742 3937 {rigidas
1771 3871 2023 3939 appellat.

2130 3877 2641 3952 συντετριμμένους.
2699 3877 2924 3947 Μήποτε
2980 3871 3073 3927 οῦν
3127 3870 3564 3942 παρασιωπὴσῃς
3612 3867 3706 3920 ἀπ’

448 3953 520 4005 Ιιιὶ
559 3954 837 4006 hominum
893 3952 1067 4007 hostis
1114 3954 1279 4009 draco
1326 3956 1630 4023 inhabitat,
1666 3960 1756 4028 qui
1800 3958 2023 4030 frigidus

2129 3969 2390 4040 ὲμοῦ,καλ⁸
2419 3968 2828 4039 όμοιωθήσομαι
2870 3968 2982 4028 τοῖς
3025 3962 3440 4017 καταϐαίνουσιν
3474 3961 3553 4021 είς
3580 3957 3709 4011 λάκ-

447 4056 784 4111 mutcnpatns
809 4052 905 4097 est.
938 4042 1152 4095 Nullum
1177 4043 1322 4098 enim
1350 4046 1689 4099 terrestrium
1712 4048 2023 4101 animalium

2129 4079 2242 4114 κον.
2265 4080 2283 4113 ι
2331 4061 2469 4114 Ἀλ)’
2504 4062 2650 4123 ὅπως
2684 4059 2882 4128 ἴδωμεν
2918 4057 3059 4119 τίνες
3088 4057 3136 4109 oi
3167 4052 3582 4113 καταϐαίνοντες
3629 4050 3708 4112 είς

446 4135 673 4202 perinde
742 4134 992 4204 frigidum
1041 4145 1145 4202 est,
1200 4146 1363 4206 atque
1414 4137 1600 4191 draco.
1643 4138 1816 4192 Omne
1862 4140 2023 4209 igitur

2129 4153 2347 4216 λάκκον,
2378 4154 2412 4223 ἡ
2444 4152 2565 4223 ἱερά
2599 4150 2789 4223 Γραφὴ
2816 4150 2885 4203 τὰ
2923 4148 3041 4201 θεῖα
3065 4148 3213 4216 λέγει
3236 4141 3373 4199 εἶναι
3412 4142 3609 4215 θερμὰ,
3637 4141 3707 4194 τὰ

446 4234 729 4293 νθοι-ιιιιιιιι
764 4226 1016 4295 frigidum
1047 4236 1173 4292 est;
1212 4244 1300 4282 res
1330 4239 1511 4283 autem
1541 4229 1758 4293 div-inte.
1798 4233 2024 4286 utvide-

446 4323 555 4375 tur,
592 4314 810 4367 fervida:
852 4324 999 4369 sunt.
1043 4316 1134 4369 Ait
1177 4318 1322 4372 enim
1356 4319 1429 4371 3’:
1470 4336 1487 4369 ι
1518 4317 1618 4384 Qui
1650 4319 1775 4375 facit
1808 4323 2025 4391 angelos

445 4418 573 4458 suos
604 4406 827 4474 spiritus
852 4447 868 4472 ,
909 4418 963 4461 et
999 4408 1277 4463 ministros
1310 4424 1438 4465 suos
1483 4409 1753 4465 ﬂammam
1785 4412 1924 4481 ignis
1950 4455 1963 4479 ,
1996 4432 2016 4466 ι

441 4501 575 4560 et“,
609 4520 629 4551 ι
676 4503 858 4569 Ignem
901 4504 1020 4557 veni
1067 4504 1284 4558 mittere
1313 4506 1363 4558 in
1393 4515 1629 4573 terram;
1655 4526 1674 4559 ι
1710 4517 1764 4562 et
1788 4508 1915 4562 illud
1940 4510 2018 4563 ":

447 4608 469 4640 ι
508 4589 712 4659 Spiritu
754 4592 1056 4663 ferventes.
1092 4614 1111 4646 ι
1154 4595 1437 4661 Quomodo
1471 4606 1651 4651 autem
1704 4608 2019 4666 peccatores

445 4684 584 4750 apud
634 4683 785 4737 lacus
825 4684 972 4748 sint,
1001 4686 1148 4740 audi.
1192 4687 1246 4740 in
1293 4686 1480 4740 Exodo
1513 4688 1773 4755 scriptum
1820 4690 2014 4742 est":

450 4789 469 4822 ι
504 4772 777 4826 lnterl'ecit
820 4772 965 4827 Deus
1015 4776 1082 4829 ab
1120 4777 1267 4831 omni
1316 4778 1678 4846 primogenita
1715 4778 2015 4834 Pharaonis

443 4863 533 4929 qui
586 4864 805 4917 sedebat
839 4865 890 4918 in
927 4867 1121 4921 throno
1165 4884 1339 4938 usque
1379 4873 1445 4925 ad
1483 4873 1899 4941 primogenitum
1929 4886 2019 4925 ca-

441 4954 599 5023 ptivae
640 4970 760 5023 quae
806 4966 925 5011 erat
975 4957 1025 5011 in
1059 4958 1201 5013 lacn.
1235 4979 1255 5012 ι
1304 4959 1396 5015 Sic
1444 4977 1573 5031 ergo
1602 4962 1694 5032 qui
1737 4964 1787 5016 in
1839 4962 2015 5017 lacum

442 5046 792 5109 descendunt,
822 5060 947 5103 sunt
970 5062 1285 5120 peccatores
1308 5064 1356 5108 ct
1376 5056 1597 5123 captivi,
1624 5056 1716 5109 sed
1749 5058 2016 5125 benignus

441 5136 586 5192 Deus
620 5140 717 5193 hos
752 5142 921 5194 etiam
960 5152 1139 5207 vocat,
1173 5154 1339 5215 atque
1372 5146 1475 5199 illis
1506 5147 1765 5215 przedicat
1797 5147 2019 5202 liberta-

445 5240 569 5284 tem.
624 5249 641 5281 ι
673 5230 908 5300 Spiritus
957 5236 1100 5289 enim
1157 5236 1373 5291 Domini
1418 5254 1584 5307 super
1635 5255 1755 5302 me,
1801 5250 2019 5310 propter

442 5322 584 5388 quod
614 5323 768 5375 unxit
809 5340 919 5388 me,
950 5327 1327 5395 evangelizare
1366 5332 1691 5399 pauperibus
1726 5334 1871 5386 misit
1907 5350 2014 5400 me,

442 5414 735 5480 praedicare
779 5417 1013 5484 captivis
1048 5419 1353 5474 libertatem
1376 5462 1390 5485 ,
1432 5434 1485 5476 et
1520 5424 1678 5478 caecis
1708 5425 1879 5478 visum
1913 5426 1979 5479 ⁷³.

513 5532 555 5561 ⁸⁷
583 5531 734 5604 PSaI.
769 5550 986 5604 χχχιιι,
1018 5536 1070 5589 6.
1168 5536 1211 5567 ⁵⁸
1232 5535 1431 5593 Jcrcm-
1470 5554 1526 5604 ll.
1560 5539 1646 5594 15·

444 5615 541 5663 λιι,
569 5603 660 5655 ‘29.
737 5602 936 5658 "Jsai.
981 5622 1093 5670 ιτι,
1122 5608 1171 5661 1.

1751 5540 1795 5573 ⁶⁹
1823 5512 1968 5598 Psal.
1996 5556 2149 5607 cvm,
2183 5543 2235 5598 4.
2313 5544 2357 5575 ⁷ο
2393 5542 2523 5599 Luc.
2560 5558 2658 5610 xu,
2686 5542 2774 5598 40.

2126 4246 2183 4298 δὲ
2216 4245 2315 4314 τῆς
2362 4243 2632 4315 ἁμαρτίας
2683 4243 2778 4295 καὶ
2830 4241 2929 4311 τῆς
2976 4240 3107 4311 ὕλης
3158 4238 3459 4309 πράγματα
3499 4231 3703 4302 ψυχρά.

2140 4337 2287 4389 Ἐκεῖ
2327 4336 2464 4387 οίκεῖ
2499 4335 2594 4387 καὶ
2626 4335 2653 4387 6
2686 4333 2942 4402 πολέμιος
2980 4333 3086 4384 τῶν
3128 4329 3428 4400 ἀνθρώπων
3467 4326 3703 4397 δράκων,

2126 4424 2185 4489 ὃς
2235 4424 2528 4495 ὠνομάσθη
2568 4423 2795 4494 ψυχρός.
2831 4422 2994 4476 Οὐδὲν
3030 4420 3136 4490 γὰρ
3169 4421 3276 4473 τῶν
3310 4419 3401 4471 ἐπὶ
3431 4418 3533 4487 γῆς
3567 4416 3704 4479 ζῶόν

2125 4518 2243 4572 ἐστι
2285 4517 2511 4589 ψυχρὸν,
2556 4517 2629 4580 ὡς
2659 4519 2686 4569 6
2718 4516 2955 4587 δράκων.
2986 4516 3143 4567 Πᾶσα
3185 4508 3277 4565 οὖν
3325 4509 3570 4581 ἁμαρτία
3601 4509 3703 4576 ψυ-

2124 4609 2232 4679 χρά
2261 4609 2396 4663 ἐστι’
2429 4608 2499 4661 τὰ
2542 4608 2599 4661 δὲ
2646 4607 2784 4671 θεῖα,
2820 4608 2894 4670 ὠς
2938 4606 3100 4668 ἔοικε,
3150 4604 3346 4675 θερμά.
3388 4622 3405 4655 ι
3444 4604 3503 4655 '0
3533 4600 3701 4655 ποιῶν

2124 4702 2249 4765 τοὺς
2277 4701 2540 4768 ἀγγέλους
2573 4699 2736 4755 αὐτοῦ
2763 4698 3045 4768 πνεύματα
3079 4696 3172 4749 καὶ
3206 4698 3328 4760 τοὺς
3356 4694 3701 4766 λειτουργοὺς

2121 4791 2288 4847 αὐτοῦ
2341 4791 2513 4864 πυρὸς
2550 4790 2779 4859 φλόγαί
2815 4788 2943 4852 καὶ,
2982 4807 2999 4839 ι
3032 4788 3149 4859 Πῦρ
3196 4783 3358 4859 ἦλθον
3391 4785 3567 4855 βαλεῖν
3605 4786 3698 4838 ἐπὶ

2122 4886 2220 4956 τὴν
2258 4886 2381 4955 γῆν·
2421 4904 2441 4938 ι
2502 4884 2614 4947 καὶ,
2646 4902 2661 4933 ι
2686 4880 2775 4953 Τῷ
2808 4881 3073 4953 πνεύματι
3104 4880 3332 4944 ζέοντες.
3360 4899 3377 4930 ι
3416 4878 3539 4942 Πῶς
3568 4878 3625 4932 δὲ
3650 4881 3699 4932 oi

2127 4973 2439 5045 ἁμαρτωλοὶ
2464 4974 2615 5041 παρὰ
2640 4971 2861 5035 λάκκοις
2884 4973 3242 5038 είσὶν,ἄκουε.
3285 4972 3373 5024 Ἐν
3428 4969 3495 5038 τῇ
3552 4968 3697 5034 Ἐξό-

2118 5065 2193 5135 δῳ
2282 5065 2627 5137 γέγραπται’
2675 5085 2691 5115 ι
2730 5064 3077 5118 ’Λπέκτεινεν
3105 5065 3133 5116 6
3175 5061 3306 5124 Θεὸς
3343 5060 3452 5114 ἀπὸ
3496 5076 3698 5130 πρωτο-

2119 5155 2281 5207 τόκου
2313 5155 2531 5226 Φαραὼ,
2564 5155 2621 5218 ὃς
2654 5155 2884 5225 κάθηται
2926 5155 3019 5207 ὲπὶ
3064 5152 3158 5206 τοῦ
3188 5152 3378 5223 θρόνου
3412 5150 3515 5213 ἕως
3551 5167 3697 5220 πρω-

2120 5246 2343 5299 τοτόκου
2371 5246 2470 5315 τῆς
2499 5232 2899 5317 αἰχμαλωτίὸος
2928 5244 3028 5316 τῆς
3051 5246 3108 5298 ὲν
3131 5244 3206 5314 τῷ
3228 5244 3435 5313 λάκκῳ.
3466 5262 3484 5292 ι
3511 5239 3698 5303 Οῦτως

2120 5337 2169 5389 οἱ
2210 5336 2625 5399 καταϐαίνοντες
2684 5336 2764 5398 είς
2820 5336 3018 5389 λάκκον
3075 5334 3385 5405 ἁμαρτωλοί
3442 5333 3549 5385 είσι
3607 5330 3699 5381 καὶ

2122 5428 2476 5499 αἰχμάλωτοι·
2512 5429 2624 5483 ἀλλ’
2652 5430 2901 5498 όὰγσθὸς
2943 5429 3075 5491 Θεὸς
3123 5428 3218 5481 καὶ
3267 5426 3489 5486 τούτους
3522 5422 3695 5482 καλεῖν

2879 5543 2921 5573 ⁷³
2955 5541 3233 5605 Romam,
3278 5540 3364 5594 11.
3441 5540 3485 5570 τ’
3523 5537 3691 5591 Exod.

516 5693 1000 5776 (ὶὲλΊῷννιρρς
1040 5700 1159 5776 ’τὸν
1199 5700 1384 5764 sed»,
1443 5708 1550 5754 etc.
1609 5698 1788 5755 Codex
1855 5697 2247 5767 Baroccianus,
2298 5701 2607 5772 partimque
2651 5702 2852 5760 Catena
2903 5703 3193 5773 Corderii;
3251 5702 3470 5776 Origcni
3527 5700 3690 5757 etiam

445 5764 667 5816 aet-rihit
705 5766 887 5818 Daniel
930 5765 1219 5823 Barbarus.
