4100 6408
408 407 432 461 Ι
441 405 550 459 285

1362 399 1673 460 SELECTA
1709 401 1774 456 IN
1809 400 2147 458 PSALMOS.
2187 432 2256 445 —
2288 401 2488 460 PSAL.
2527 401 2737 459 XXVII.

3552 411 3690 466 1286

406 528 500 580 καὶ
534 524 798 597 κηρύσσει
836 525 1019 590 αὐτοῖς
1055 524 1267 594 ἄφεσιν.
1315 544 1335 577 s
1372 526 1595 596 Πνεῦμα
1634 525 1742 598 γὰρ
1786 525 1992 596 Κυρίου
2024 526 2111 577 ἐπ’
2148 526 2270 596 ἐμὲ,
2321 518 2381 578 οῦ
2425 524 2614 578 ἕνεκεν
2668 525 2851 597 ἔχρισε
2904 543 2994 597 με,
3047 527 3507 597 εὐαγγελίσασθαι
3537 547 3686 584 πτω-

406 621 521 693 χοῖς
545 619 856 673 ἀπέσταλκέ
886 636 975 690 με,
1008 619 1241 689 κηρύξαι
1271 617 1638 690 αἰχμαλώτοις
1669 619 1866 687 ἄφεσιν
1896 619 1990 670 καὶ
2025 617 2248 686 τυφλοῖς
2281 618 2601 687 ἀνάϐλεψιν.
2647 639 2665 670 s

477 710 886 773 Είσάκουσον,
933 711 1137 777 Κύριε,
1179 709 1291 778 τῆς
1333 709 1597 776 δεήσεώς
1631 730 1751 780 μου
1795 711 1866 762 ἐν
1913 709 1994 776 τῷ
2023 714 2068 770 Α

403 802 651 856 δέεσθαι
681 820 758 870 με
791 803 945 870 πρὸς
978 801 1072 865 σὲ,
1109 801 1179 854 ἐν
1215 799 1295 866 τῷ
1322 801 1516 870 αἴρειν
1551 819 1626 872 με
1658 800 1860 870 χεῖράς
1875 819 1996 870 μου

403 896 556 962 πρὸς
583 894 737 948 ναὸν
767 894 940 964 ἅγιόν
966 911 1104 957 σου,
1149 913 1203 948 κ.
1257 912 1307 948 τ.
1348 895 1395 947 ὲ.
1441 895 1504 946 Ei
1537 894 1664 958 ναός
1695 894 1844 947 ἐστιν
1883 894 1995 965 (9.5)

401 989 430 1039 6
461 986 601 1056 ἔχων
638 986 790 1051 Θεὸν,
821 989 848 1040 6
881 987 1012 1051 Θεὸς
1038 987 1093 1040 δὲ
1137 982 1206 1058 ἦν
1241 988 1300 1040 ὲν
1324 985 1544 1057 Χριστῷ
1576 987 1779 1059 κόσμον
1809 987 1999 1040 καταλ-

403 1080 621 1133 λάσσων
679 1079 856 1152 ἐαυτῷ
878 1123 893 1147 ,
946 1081 1073 1145 ναὸς
1133 1081 1240 1153 ἄρα
1274 1083 1423 1136 ἐστὶν
1459 1082 1614 1150 ἅγιος
1645 1085 1673 1136 6
1705 1081 1944 1153 Χριστὸς
1975 1121 1994 1146 ,

406 1172 543 1244 πρὸς
576 1172 635 1225 ὃν
660 1173 804 1244 αἴρει
835 1191 919 1236 τις
943 1173 1038 1227 καὶ
1069 1173 1194 1244 ύιζμοῖ
1214 1173 1312 1245 τὴν
1345 1173 1542 1228 ἑαυτοῦ
1576 1172 1752 1245 ψυχὴν
1773 1173 1860 1226 διὰ
1885 1172 1995 1226 τῶν

405 1266 641 1338 ἀρετῶν.

484 1359 593 1432 Τοῦ
627 1359 835 1413 αὐτοῦ.
883 1359 1036 1431 Ἐμοὶ
1073 1360 1220 1414 δοκεῖ
1247 1361 1522 1434 διαφέρειν
1558 1360 1668 1428 (24)
1706 1359 1840 1430 εὐχὴ
1869 1358 1995 1430 δεή-

408 1468 570 1513 σεως,
605 1451 699 1502 καὶ
751 1450 899 1503 δοκεῖ
935 1469 1022 1521 μοι
1061 1449 1089 1501 6
1135 1451 1457 1515 ’Λπόστολος
1505 1450 1724 1503 πλείονα
1756 1449 1995 1518 ὀνόματα

406 1544 488 1606 εἰς
535 1542 742 1611 ταύτην
791 1541 889 1613 τὴν
922 1541 1184 1612 διαφορὰν
1210 1542 1485 1596 διαθέσθαι
1524 1541 1718 1610 λέγων·
1761 1561 1778 1591 ι
1811 1541 1996 1610 Παρα-

405 1632 556 1687 καλῶ
587 1632 802 1702 πρῶτον
834 1633 1050 1686 πάντων
1097 1631 1366 1686 ποιεῖσθαι
1398 1633 1629 1703 δεήσεις,
1663 1630 1990 1702 προσευχὰς,

405 1725 695 1791 ἐντεύξεις,
729 1726 1104 1797 εὐχαριστίας,
1133 1747 1149 1776 ι
1175 1727 1392 1796 μείζονα
1414 1724 1584 1794 λέγων
1607 1723 1681 1788 ὡς
1709 1725 1832 1794 ἐμοὶ
1849 1724 1997 1777 δοκεῖ

403 1819 502 1888 τῆς
549 1819 785 1890 δεήσεως
831 1819 928 1891 τὴν
960 1819 1282 1892 προσευχὴν,
1317 1820 1408 1872 καὶ
1442 1817 1646 1871 τούτων
1681 1817 1780 1889 τὴν
1812 1816 1994 1870 ἐντευ-

405 1911 508 1976 ξιν,
548 1913 766 1966 πάντων
804 1912 860 1964 δὲ
887 1912 982 1984 τὴν
1011 1911 1381 1984 εὐχαριστίαν.
1423 1911 1641 1981 Εῖποιμ’
1673 1909 1738 1964 ἂν
1767 1905 1880 1974 οὖν,
1913 1910 1994 1962 ὅτι

402 2004 496 2057 τοῦ
541 2004 619 2057 ἔτι
648 2003 880 2067 ἐνδεοῦς,
917 2004 1012 2058 καὶ
1042 1998 1122 2067 οἷς
1156 2003 1234 2056 ἔτι
1268 2004 1410 2057 ἐνδεῖ
1439 2020 1581 2064 τινα,
1618 2001 1824 2056 τούτων
1846 2001 1993 2053 ἐστὶν

401 2098 435 2165 ἡ
464 2095 666 2166 δέησις.
705 2097 835 2150 ’ὐτε
873 2095 930 2149 δὲ
962 2095 1021 2148 τὸ
1063 2095 1280 2166 ἀξίωμα
1328 2094 1422 2148 τοῦ
1467 2094 1603 2148 Θεοῦ
1631 2095 1829 2166 νοήσας
1856 2092 1993 2146 αἰτῶ

403 2205 454 2240 τι
491 2186 638 2258 παρά
673 2187 767 2240 τοῦ
801 2187 957 2252 Θεοῦ,
1001 2188 1122 2241 τότε
1168 2188 1559 2260 προσεύχομαι·
1592 2189 1720 2241 ὅταν
1755 2187 1811 2240 δὲ
1843 2186 1994 2258 φῦ.ος

403 2279 494 2330 ἐπὶ
536 2279 716 2333 πλεῖον
745 2281 1012 2352 γένωμαι,
1052 2281 1170 2334 τότε
1223 2281 1527 2353 εὐχαριστῶ
1569 2280 1648 2352 τῷ
1677 2280 1816 2350 Θεῷ.
1845 2301 1863 2332 ι
1907 2283 1996 2334 Ἐν

403 2371 481 2440 τῷ
505 2373 680 2442 αἴρειν
713 2391 780 2444 με
807 2379 995 2446 χεῖρας
1026 2374 1162 2445 πρὸς
1198 2374 1324 2428 ναὸν
1353 2374 1506 2443 ἆγιὸν
1529 2391 1642 2427 σου.
1677 2392 1696 2425 ι
1729 2373 1997 2438 Πολλάκις

404 2461 664 2532 ἐλέγομεν
698 2465 824 2533 περὶ
857 2464 955 2534 τῆς
989 2464 1276 2534 ὲπάρσεως
1342 2463 1449 2517 τῶν
1494 2463 1718 2536 χειρῶν.
1789 2466 1994 2537 Ἐπῆρε

405 2555 646 2624 Μωῦσῆς
668 2553 766 2618 τὰς
802 2556 1110 2626 χεῖρας,κα“ι
1133 2555 1463 2626 κατίσχυσεν
1493 2557 1521 2608 6
1559 2554 1797 2627 ’1σραήλ’
1819 2555 1907 2608 ὅτε
1937 2555 1996 2607 δὲ

405 2645 616 2714 καθῆκε
664 2645 761 2708 τὰς
808 2649 1017 2718 χεῖρας,
1058 2647 1385 2718 κατίσχυσεν
1422 2649 1451 2701 6
1515 2646 1799 2719 Ἀμαλήκ·
1855 2646 1949 2699 καὶ
1977 2686 1994 2710 ,

411 2755 429 2787 ι
481 2736 825 2808 Ἐπαίροντες
848 2738 1032 2802 ὁσίους
1060 2741 1251 2810 χεῖρας
1306 2741 1475 2811 χωρὶς
1497 2739 1666 2812 ὀργῆς
1694 2739 1787 2792 καὶ
1819 2738 1998 2793 διαλο-

403 2826 626 2896 γισμοῦ·
660 2847 678 2880 s
727 2827 843 2889 καὶ,
891 2828 1207 2900 (Ἔπαρσις
1253 2829 1362 2881 τῶν
1409 2829 1611 2900 χειρῶν
1673 2845 1773 2899 μου
1836 2827 1997 2882 θυσία

408 2917 684 2990 ὲσπερινή.
716 2937 734 2969 s
761 2918 983 2990 Εἵποιμι
1011 2917 1077 2972 ἂν
1106 2915 1219 2983 οῦν,
1255 2919 1336 2972 ὅτι
1374 2920 1430 2972 αί
1465 2923 1644 2991 χεῖρες
1673 2919 1830 2989 ἡμῶν
1860 2920 1996 2972 εἰσιν

403 3013 461 3064 αἱ
495 3011 637 3065 κατά
667 3009 977 3064 θεοσέϐειαν
1017 3011 1266 3082 πράξεις.
1309 3010 1434 3063 Ἐὰν
1469 3009 1890 3081 θησαυρίζωμεν
1938 3011 1996 3064 ὲν

405 3102 653 3175 οὐρανοῖς
678 3140 692 3163 ,
738 3100 933 3171 ἔχομεν
977 3100 1076 3162 τὰς
1117 3101 1306 3172 χεῖρας
1363 3099 1680 3170 ὲπηρμένας
1723 3097 1860 3170 πρὸς
1903 3098 1996 3152 τὸν

404 3191 558 3256 Θεὸν,
594 3190 686 3244 καὶ⁹
713 3189 954 3259 νικῶμεν
976 3189 1066 3242 τὸν
1095 3187 1305 3258 ἐχθρόν·
1333 3187 1460 3242 ὅταν
1489 3187 1546 3240 δὲ
1573 3185 1730 3258 ήμῶν
1747 3188 1802 3240 αἱ
1819 3189 1996 3260 χεῖρες

406 3283 556 3335 κάτω
587 3283 874 3350 γένωνται,
925 3281 1141 3352 ἀνάγκη
1178 3280 1324 3350 ἡμᾶς
1376 3278 1652 3335 νικᾶσθαι.
1693 3281 1863 3334 Ὅταν
1902 3275 1996 3333 οῦν

403 3372 616 3442 ὲπαίρω
649 3371 746 3436 τὰς
770 3371 959 3444 χεῖράς
993 3388 1096 3442 μου
1130 3370 1267 3442 πρὸς
1299 3371 1391 3423 τὸν
1421 3370 1575 3434 Θεὸν,
1611 3369 1705 3423 καὶ
1751 3369 1841 3423 διὰ
1887 3369 1994 3424 τῶν

406 3464 605 3536 χειρῶν
636 3465 738 3535 τῆς
781 3465 960 3536 ψυχῆς
990 3463 1214 3536 ύψῶμαι
1246 3463 1384 3535 πρὸς
1421 3461 1606 3526 αὐτὸν,
1653 3463 1869 3516 Vixi-cat
1900 3462 1992 3516 ὑπ’

403 3555 539 3626 ἐμοῦ
575 3557 604 3610 6
661 3556 947 3627 Ἀμαλὴκ,
1002 3555 1098 3608 καὶ
1144 3553 1380 3625 οὐδαμοῦ
1423 3555 1588 3606 ἐστιν.
1649 3553 1862 3607 Οὐκοῦν
1915 3553 1998 3607 δεῖ

405 3649 651 3717 ἐπαίρειν
691 3650 880 3719 χεῖρας
921 3647 1058 3719 πρὸς
1095 3646 1222 3700 ναὸν
1255 3647 1410 3715 ἅγιον
1443 3644 1536 3700 τοῦ
1567 3645 1724 3700 Θεοῦ.
1773 3646 1831 3699 Ὀ
1871 3644 1998 3710 ναὸς

403 3741 461 3793 δὲ
490 3739 583 3793 τοῦ
612 3738 748 3793 Θεοῦ
777 3739 903 3806 δόξα
937 3739 1056 3792 ἐστὶ
1082 3739 1173 3793 τοῦ
1205 3738 1363 3794 Θεοῦ.

475 3917 572 3985 Μὴ
598 3917 992 3986 συνελκύσῃς
1024 3933 1101 3985 με
1122 3917 1274 3986 μετὰ
1301 3915 1688 3986 ἁμαρτωλῶν,
1723 3913 1822 3969 καί
1842 3915 1997 3984 μετὰ

403 4010 804 4080 ἐργαζομένων
833 4010 1074 4064 ἀδικίαν
1095 4009 1181 4078 μὴ
1212 4009 1652 4078 συναπολέσῃς
1669 4027 1766 4078 με,
1788 4027 1841 4065 κ.
1873 4027 1924 4062 τ.
1947 4011 1994 4063 έ.

409 4105 471 4156 Ei
506 4107 590 4174 ἐφ’
625 4107 756 4176 ἡμῖν
783 4104 896 4175 (25)
943 4105 1223 4175 ἑκάτερον,
1262 4103 1314 4156 τί
1344 4101 1453 4155 τῶν
1491 4101 1714 4170 ἀγαθῶν
1742 4102 1861 4173 Θεῷ
1898 4103 1998 4172 τὴν

409 4200 590 4252 αἰτίαν
618 4198 915 4268 ἀνέθηκεν;
971 4198 1108 4252 Ἀλλ’
1142 4199 1222 4251 ὅτι
1260 4197 1346 4250 ὅτε
1397 4196 1644 4250 συνέλκει
1687 4195 1823 4268 πρὸς
1870 4195 1998 4260 τοὺς

410 4290 683 4353 τοιούτους
715 4290 845 4350 Θεὸς
880 4290 971 4343 τὸν
995 4289 1167 4342 σῶσαι
1192 4289 1520 4355 δυνάμενον;
1567 4286 1869 4358 Τοιγαροῦν
1905 4305 1998 4341 τε-

411 4383 594 4438 λωνῶν
635 4383 786 4454 φίλος
841 4385 1072 4456 ἤκουσεν
1122 4385 1151 4437 6
1203 4382 1411 4454 Σωτὴρ,
1467 4381 1632 4453 μηδὲν
1681 4380 1740 4445 ἐξ
1775 4382 1999 4435 ἐκείνων

410 4479 802 4550 βλαπτόμενος.
857 4476 1127 4548 Τοιαύτην
1180 4472 1272 4530 οῦν
1335 4475 1448 4539 ἕξιν
1502 4474 1792 4529 ἀναλαϐεῖν
1835 4475 1995 4528 αἰτεῖ.

410 4574 569 4636 Ἴσως
601 4572 658 4624 δὲ
681 4572 806 4634 τοὺς
829 4571 972 4625 πάνυ
1005 4568 1362 4641 ἁμαρτωλοὺς
1393 4569 1757 4638 παραιτεῖται,
1781 4566 1998 4632 ὁποίους

407 4665 602 4734 ἐπάγει
646 4664 772 4727 τοὺς
809 4663 838 4717 ὃ
886 4663 960 4734 μὴ
1010 4661 1270 4734 φρονοῦσι
1301 4659 1612 4722 λαλοῦντας.
1644 4659 1708 4710 Et
1741 4658 1850 4729 γὰρ
1906 4659 1998 4712 καὶ

2173 711 2334 765 Vens.
2377 711 2431 764 2.
2484 711 2732 775 Exaudi,
2770 711 3028 777 Domine,
3082 729 3255 768 vocem
3291 713 3686 782 deprecationis

2099 817 2230 854 metu
2267 803 2390 852 dum
2437 818 2528 853 oro
2575 801 2646 853 ad
2679 810 2763 856 te:
2808 804 2936 857 dum
2979 805 3175 858 extollo
3224 821 3413 858 manus
3441 821 3583 858 meas
3616 808 3688 858 ad

2098 892 2346 960 templum
2377 904 2620 947 sanctum
2670 903 2820 947 tuum
2850 935 2866 954 .
2915 905 3021 950 elc.
3074 893 3130 950 Si
3165 896 3424 964 templum
3465 906 3550 950 est
3583 897 3681 964 qui

2099 983 2262 1039 habet
2294 985 2458 1038 Deum
2490 1025 2504 1049 ,
2535 985 2680 1042 Deus
2718 996 2901 1042 autem
2935 999 3050 1041 erat
3081 988 3134 1041 in
3172 988 3392 1042 Christo
3424 989 3683 1041 mundmn

2101 1075 2460 1130 reconcilians
2514 1077 2665 1143 sibi,
2720 1088 2969 1135 sanctmn
3040 1078 3229 1148 utique
3281 1079 3542 1150 templum
3600 1088 3686 1134 est

2097 1165 2350 1221 Christus
2396 1167 2464 1221 ad
2508 1183 2670 1236 quem
2714 1169 2893 1226 elevat
2927 1179 2984 1226 et
3015 1171 3228 1227 extollit
3269 1171 3394 1242 quis
3443 1170 3682 1226 animam

2097 1271 2252 1312 suam
2282 1274 2380 1327 per
2412 1261 2663 1314 virtutes.

2170 1349 2451 1418 Ejusdem.
2499 1351 2768 1408 Differnnt
2821 1353 2966 1410 inter
3007 1371 3106 1421 se,
3143 1367 3202 1411 ut
3258 1356 3391 1412 mihi
3427 1356 3682 1421 videtur,

2097 1447 2274 1498 oratio
2300 1455 2354 1499 et
2390 1446 2728 1515 deprecatio.
2781 1447 2958 1516 Atque
2993 1452 3156 1504 etiam
3201 1448 3497 1518 Apostolus
3529 1448 3683 1517 plura

2099 1535 2258 1589 simul
2309 1538 2527 1590 nomina
2561 1536 2665 1590 hoc
2709 1539 3030 1593 discrimine
3059 1541 3304 1608 posuisse
3350 1539 3569 1593 videtur
3598 1539 3685 1592 di-

2097 1641 2226 1681 cens
2255 1628 2334 1682 τεε
2382 1647 2400 1679 ι
2430 1629 2674 1682 Obsecro
2713 1631 2944 1697 primum
2982 1635 3224 1685 omnium
3266 1631 3380 1685 fieri
3425 1631 3686 1686 obsecra-

2100 1717 2274 1770 tiones
2293 1759 2308 1783 ,
2349 1720 2628 1772 orationes
2655 1758 2669 1780 ,
2718 1718 3114 1787 postulationes
3143 1760 3158 1783 ,
3188 1720 3354 1790 637
3384 1719 3684 1790 gratiarum

2098 1809 2379 1871 actiones,
2418 1828 2436 1860 ι
2479 1809 2862 1864 obsecratione.
2887 1852 2901 1876 ,
2954 1821 3007 1863 ut
3059 1811 3298 1864 arbitror
3336 1811 3638 1863 orationem
3666 1847 3684 1872 ,

2097 1900 2350 1955 oratione
2399 1901 2823 1970 postulationem
2853 1941 2870 1966 ,
2906 1901 2992 1955 his
3021 1917 3149 1954 vero
3177 1902 3429 1954 omnilms
3479 1899 3679 1970 gratia—

2101 2010 2216 2046 rum
2249 1993 2520 2048 actionem
2552 1995 2812 2062 majorem
2847 1993 3212 2048 constituens.
3249 1992 3484 2045 Dixcrim
3515 1990 3686 2058 igitur

2098 2087 2390 2156 indigentis
2419 2096 2474 2142 et
2504 2103 2692 2141 eorum
2729 2087 2930 2156 quibus
2965 2087 3143 2156 aliqua
3182 2087 3400 2151 desunt,
3436 2098 3558 2138 esse
3583 2084 3686 2137 ob-

2097 2180 2492 2237 secrationem.
2520 2179 2653 2236 Cum
2691 2196 2820 2236 vero
2853 2180 3125 2236 intellecta
3153 2181 3264 2250 jam
3301 2179 3391 2234 Dei
3421 2177 3685 2248 dignitate

2097 2273 2305 2343 aliquid
2341 2281 2470 2342 peto
2512 2288 2540 2326 a
2576 2273 2705 2336 Deo,
2744 2282 2875 2327 tunc
2907 2287 3026 2327 oro.
3063 2273 3134 2326 At
3165 2287 3288 2326 cum
3331 2269 3592 2335 meipsum
3626 2267 3682 2321 in

2099 2365 2244 2419 illius
2272 2365 2570 2419 amicitiam
2604 2380 2832 2435 prorsus
2864 2366 3237 2428 insinuavero,
3274 2373 3386 2418 tum
3425 2363 3533 2416 Deo
3559 2376 3686 2429 gra-

2100 2459 2205 2512 tias
2240 2473 2362 2529 ago.
2421 2476 2438 2509 ι
2475 2457 2609 2512 Dum
2646 2458 2854 2514 extollo
2895 2473 3092 2512 manus
3129 2472 3280 2511 meas
3326 2455 3393 2509 ad
3426 2454 3685 2524 templum

2098 2559 2345 2604 sanctum
2377 2561 2552 2605 tttum.
2588 2569 2606 2601 ι
2639 2549 2794 2620 Saepe
2816 2553 2883 2606 de
2911 2565 3170 2606 manuum
3197 2548 3500 2604 elevatiune
3521 2545 3688 2602 verba

2099 2639 2351 2696 fecimus.
2403 2640 2620 2712 Moyses
2677 2659 2870 2699 manus
2904 2644 3140 2708 extulit,
3183 2652 3239 2697 et
3296 2641 3457 2698 Israel
3509 2641 3689 2698 victor

2099 2736 2292 2789 evasit.
2327 2734 2462 2790 Cum
2501 2752 2633 2792 vero
2669 2753 2863 2792 manus
2893 2737 3167 2807 deposuit,
3204 2737 3490 2807 praevaluit
3518 2736 3689 2791 Ama-

2100 2827 2270 2883 lec".
2306 2828 2406 2882 Et:
2438 2847 2456 2878 ι
2486 2827 2756 2884 Levautes
2789 2843 2954 2898 puras
3007 2844 3201 2882 manus
3234 2829 3354 2883 sine
3385 2828 3462 2881 ira
3493 2839 3548 2882 et
3577 2826 3690 2882 dis-

2097 2923 2406 2991 ceptatione
2450 2922 2516 2975 ⁷⁸.
2563 2940 2581 2972 ι
2643 2921 2706 2975 Et
2755 2921 2883 2974 illud
2926 2919 2971 2952 "
3012 2937 3026 2974 :
3072 2939 3091 2970 ι
3125 2919 3372 2973 Elevatio
3427 2932 3687 2972 manuum

2099 3029 2345 3068 mearum
2378 3013 2706 3068 sacrificium
2748 3010 3143 3080 vespertinum.
3179 3028 3196 3060 ι
3238 3009 3479 3063 Dixerim
3521 3009 3689 3078 igitur

2099 3120 2294 3160 manus
2335 3116 2553 3159 nostras
2601 3118 2726 3158 esse
2764 3112 2983 3157 nostras
3033 3101 3255 3172 pietatis
3312 3102 3577 3155 actiones.
3622 3097 3682 3154 Si

2100 3201 2412 3254 thesaurum
2445 3197 2498 3251 in
2526 3196 2680 3252 ccelis
2698 3210 3116 3265 congregemus,
3146 3191 3388 3249 sublatas
3415 3195 3483 3249 ad
3514 3195 3684 3249 Deum

2098 3306 2292 3346 manus
2331 3289 2632 3354 habemus,
2677 3297 2728 3342 et
2776 3286 2989 3341 homem
3024 3301 3367 3355 superamus.
3406 3286 3461 3339 Si
3502 3296 3684 3340 autem

2099 3397 2294 3436 manus
2332 3390 2535 3435 nostrae
2567 3378 2818 3434 demissa:
2851 3377 3054 3431 fuerint
3082 3417 3098 3442 ,
3136 3376 3278 3430 vinci
3330 3389 3431 3430 nos
3463 3389 3686 3431 necesse

2097 3483 2198 3529 est.
2230 3473 2365 3528 Cum
2399 3474 2562 3543 igitur
2589 3473 2656 3525 ad
2690 3471 2856 3527 Deum
2884 3468 3168 3524 elevavero
3198 3483 3394 3524 manus
3429 3483 3601 3530 meas,
3633 3476 3689 3523 et

2097 3580 2194 3635 per
2214 3580 2412 3620 manus
2445 3565 2642 3618 anima:
2670 3563 2736 3617 ad
2765 3563 2940 3632 ipsum
2973 3561 3222 3618 sublatus
3251 3559 3429 3626 fuero,
3457 3560 3678 3617 Amalec

2099 3673 2129 3712 a
2167 3673 2252 3712 me
2279 3658 2552 3721 vincitur,
2586 3665 2642 3709 et
2672 3655 2862 3710 nullibi
2904 3655 3196 3724 reperitur.
3246 3651 3436 3724 ltaqne
3470 3654 3688 3709 elevare

2101 3766 2294 3805 manus
2343 3757 2561 3818 oportet
2609 3751 2676 3801 ad
2722 3747 2983 3817 templum
3039 3756 3294 3802 sanctum
3345 3746 3462 3801 Dei.
3509 3743 3688 3802 Porro

2102 3841 2359 3909 templum
2395 3841 2510 3902 Dei,
2544 3840 2718 3911 gloria
2755 3840 2877 3908 ejus
2911 3848 3012 3894 est.

2174 3926 2334 3980 Vens.
2371 3926 2423 3980 5.
2458 3923 2541 3980 Ne
2570 3926 2732 3979 simul
2755 3927 2937 3980 trahas
2971 3943 3052 3981 me
3072 3943 3191 3981 cum
3217 3928 3603 3996 peccatoribus,
3634 3937 3687 3983 et

2099 4034 2214 4072 cum
2246 4017 2584 4086 operantibus
2614 4018 2946 4086 iniquitatem
2972 4035 3033 4072 ne
3067 4021 3260 4080 perdas
3292 4035 3396 4083 me,
3452 4029 3564 4075 etc.
3625 4021 3684 4077 Si

2102 4109 2154 4162 in
2189 4109 2342 4163 nobis
2400 4109 2503 4162 hoc
2546 4117 2838 4178 utrumque
2892 4108 3058 4163 situm
3095 4119 3198 4173 est,
3255 4125 3356 4164 cur
3419 4111 3685 4165 honorum

2101 4199 2212 4254 Deo
2235 4214 2452 4253 causam
2493 4197 2722 4252 tribuit?
2760 4199 2839 4250 An
2881 4197 3028 4267 quod
3078 4198 3348 4252 interdum
3411 4199 3477 4252 ad
3537 4199 3685 4268 ejus-

2101 4289 2244 4344 modi
2273 4289 2520 4343 homines
2564 4287 2727 4342 simul
2765 4287 2932 4343 trahit
2966 4287 3110 4343 Deus
3135 4304 3258 4342 eutn
3288 4304 3449 4359 quem
3475 4289 3688 4346 salvare

2100 4381 2322 4451 potest?
2353 4381 2696 4450 Quapropter
2723 4381 3133 4451 publicanorum
3162 4381 3373 4436 amicus
3399 4382 3575 4437 dictus
3603 4392 3689 4438 est

2102 4476 2375 4540 Salvator,
2401 4492 2522 4529 cum
2549 4476 2788 4545 alioquin
2813 4476 2947 4530 nihil
2977 4479 3044 4531 ab
3079 4476 3186 4530 illis
3229 4451 3539 4529 detrimenti
3589 4493 3686 4531 ca-

2100 4577 2271 4638 peret.
2309 4568 2460 4624 Hunc
2520 4569 2686 4640 igitur
2748 4567 2993 4623 habitum
3050 4575 3108 4622 ut
3172 4566 3360 4621 induat
3411 4569 3685 4635 exposcit.

2102 4657 2357 4714 Fortasse
2391 4674 2520 4714 vero
2566 4672 2887 4726 magnorum
2939 4667 3309 4727 peccatorum,
3371 4658 3555 4728 quales
3607 4658 3690 4712 in-

411 4758 548 4828 μετά
570 4756 775 4828 πόρνης
797 4755 1019 4826 γέγονεν
1046 4757 1074 4808 6
1095 4753 1304 4826 Σωτὴρ,
1339 4753 1452 4807 ἀλλ’
1485 4751 1716 4824 ᾀδούσης
1743 4751 1996 4824 εἰρηνικὰ

2103 4750 2254 4806 ducit
2277 4765 2368 4806 eos
2396 4752 2512 4822 qui,
2539 4767 2658 4821 quae
2676 4768 2782 4807 non
2807 4753 3069 4817 sentiunt,
3100 4751 3418 4821 loquuntur,
3458 4766 3688 4806 consor-

409 4850 502 4903 καὶ
532 4847 791 4903 τάναντία
815 4844 1192 4917 λογιζομένης.

483 5031 594 5086 Τοῦ
616 5029 822 5084 αὐτοῦ.
856 5028 954 5092 Τίς
985 5027 1146 5099 χρεία
1186 5025 1361 5081 ταῦτα
1397 5026 1651 5096 λέγεσθαι
1685 5024 1832 5097 (26);
1874 5025 1994 5096 ἦτοι

407 5126 517 5198 γὰρ
539 5127 710 5187 ποιεῖς
726 5124 824 5195 τὴν
847 5122 1096 5193 ἀνομίαν,
1133 5119 1227 5175 καὶ
1257 5119 1614 5174 συναπολλύει
1645 5136 1724 5183 σε,
1764 5119 1858 5172 καὶ
1891 5117 1998 5191 μά-

408 5237 505 5290 την
543 5217 721 5285 λέγεις
761 5213 1102 5285 ταῦτα-πρὸς
1134 5211 1285 5265 Θεόνο
1314 5211 1347 5282 ἦ
1387 5212 1538 5266 οὐδὲν
1567 5215 1739 5276 ποιεῖς
1773 5211 1994 5282 ἄνομον,

407 5311 502 5363 καὶ
525 5309 625 5362 οὐκ
653 5307 907 5361 ἀπολλύει
931 5308 959 5360 6
985 5306 1136 5370 Θεός.
1177 5305 1236 5357 '0
1258 5303 1389 5367 Θεὸς
1421 5303 1530 5375 γὰρ
1557 5304 1655 5373 οὐχ
1682 5301 1856 5366 οὕτως
1883 5302 1997 5357 ἄδι-

407 5403 499 5466 κός
530 5404 666 5456 ἐστι.
701 5399 1000 5474 Τολμῶμεν
1029 5394 1122 5452 οῦν
1148 5397 1256 5452 ἀπὸ
1276 5395 1370 5450 τοῦ
1405 5397 1759 5466 Εὑαγγελίου,
1795 5397 1886 5450 καὶ
1916 5394 2000 5448 λέ-

518 5548 566 5579 τδ
598 5547 614 5600 Ι
644 5544 786 5600 Tim.
821 5559 882 5608 It,
917 5545 968 5598 i.

485 5671 598 5752 (ἓξ)
625 5669 706 5748 -Ει
731 5666 878 5731 ναός
901 5665 1092 5731 ἐστιν,
1109 5673 1216 5719 etc.
1246 5662 1472 5718 Scheda:
1498 5661 1712 5728 Grabii,
1735 5669 1788 5718 et
1819 5662 1992 5717 codex

411 5739 802 5794 Coisliniauus.

485 5809 600 5880 (“21)
651 5807 805 5880 'Ejrol
837 5804 1005 5880 δοκεῖ
1031 5803 1358 5875 διαφέρειν,
1385 5813 1494 5863 etc.
1529 5800 1714 5860 Codex
1763 5799 1992 5861 Barocc.

415 5890 469 5936 et
498 5876 700 5938 Catena
740 5876 995 5932 Barbari.

1042 5543 1088 5574 '“’
1125 5541 1294 5597 Exod.
1331 5556 1464 5606 xrn,
1492 5541 1580 5594 Η.

2105 4843 2238 4897 timn
2265 4843 2613 4912 deprecatur.
2646 4844 2777 4899 Nam
2810 4845 2935 4899 licet
2963 4844 3216 4900 Salvator
3244 4859 3364 4898 cum
3404 4846 3691 4902 meretrice

2104 4933 2291 4996 fuerit,
2319 4946 2374 4987 at
2411 4934 2496 4989 illa
2524 4935 2750 5004 pacifica
2779 4946 2834 4991 et
2865 4936 3143 4991 contraria
3173 4935 3474 5005 cogitabat.

2176 5023 2454 5092 Ejusdem.
2493 5027 2632 5093 Quid
2687 5042 2824 5096 opus
2853 5036 2938 5081 est
2973 5027 3088 5082 hate
3123 5027 3345 5082 dicere?
3401 5027 3485 5082 vel
3539 5028 3688 5084 enim

2108 5119 2245 5175 facis
2289 5120 2658 5190 iniquitatem,
2685 5131 2740 5175 et
2793 5120 2954 5176 simul
2996 5122 3110 5176 haec
3173 5121 3351 5190 perdit
3398 5131 3470 5185 te,
3527 5131 3690 5182 atque

2106 5215 2221 5268 lucc
2265 5212 2468 5268 frustra
2501 5213 2610 5267 Deo
2643 5213 2818 5278 dicis;
2847 5211 2928 5266 vel
2963 5211 3097 5266 nihil
3139 5211 3435 5266 committis
3490 5211 3687 5280 iniqui,

2101 5313 2158 5359 et
2181 5318 2519 5373 nequaquam
2552 5303 2729 5372 perdit
2755 5315 2805 5356 te
2829 5303 2988 5357 Deus.
3020 5300 3205 5372 Neque
3226 5304 3369 5358 enim
3403 5301 3544 5354 Deus
3578 5311 3684 5354 tam

2104 5395 2338 5465 iujttslus
2365 5403 2468 5449 est.
2501 5395 2788 5450 Audemus
2817 5393 3005 5464 itaque
3026 5408 3091 5448 ex
3123 5391 3417 5462 Evangelio
3451 5401 3503 5447 et
3545 5390 3684 5446 dici-

1655 5537 1744 5592 "l
1774 5539 1916 5593 Tim.
1943 5553 2002 5602 tt,
2024 5537 2080 5596 8.
2157 5537 2201 5569 '"
2223 5535 2370 5592 Psal.
2397 5551 2526 5602 CXL,
2554 5536 2610 5590 2.

2164 5656 2279 5741 (ξὸ)
2309 5659 2392 5741 .El
2416 5657 2508 5728 ἐφ’
2534 5657 2700 5729 ἡμῖν.
2731 5664 2840 5713 etc.
2869 5655 3050 5712 Codex
3083 5653 3432 5724 Anglicanus.
3469 5653 3680 5708 Catena

2092 5729 2345 5785 Barbari.

2125 5800 2283 5881 .(26)
2328 5798 2423 5866 Τίς
2474 5797 2646 5868 χρεία
2699 5795 2887 5855 ταῦτα
2943 5795 3262 5868 λέγεσθαι,
3309 5801 3414 5850 etc.
3475 5795 3679 5854 Corde-

2094 5883 2233 5929 I'IUS.
