4100 6388
440 345 463 393 1
482 341 570 395 237

1895 333 1979 387 PX
2010 333 2096 388 ΟΩ
2110 332 2311 387 ICENE

3565 348 3702 403 1288

440 470 577 514 mus,
612 453 773 506 Deum
807 450 964 502 simul
994 448 1212 502 trahere
1240 445 1443 513 justum
1470 461 1590 498 cum
1613 448 1999 513 peccatordms

2120 462 2306 515 γομεν,
2347 447 2428 499 ὅτι
2452 448 2479 498 ὁ
2508 446 2640 512 Θεὸς
2668 448 2910 502 συνέλκει
2934 450 3024 502 τὸν
3044 449 3249 504 δίκαιον
3282 454 3418 522 μετά
3446 450 3702 528 ἁμαρτω-

437 545 593 599 simul
626 544 841 596 trahere
870 542 1079 608 justum
1134 549 1357 607 propter
1404 548 1739 607 peccatores,
1779 550 1833 590 et
1890 555 2017 606 ope—

440 648 622 690 rantes
654 634 990 703 iniquitatem
1031 642 1089 686 ut
1143 631 1279 685 salvi
1339 631 1489 683 fiant.
1528 630 1629 696 Qui
1681 641 1859 683 autem
1894 646 2012 699 my-

436 728 664 782 sterium
704 728 806 780 hoc
830 740 935 778 non
973 733 1257 784 noverant,
1286 723 1587 792 arguebant
1611 721 1793 775 Jesnm
1822 723 2015 776 dii-eu-

437 828 517 872 tes
545 817 630 869 ":
671 837 688 866 ι
730 816 1023 870 Manducas
1075 824 1128 867 et
1180 814 1319 867 bibis
1375 828 1497 868 cum
1547 815 1947 882 peccatoribus.
1990 831 2007 862 ι

436 909 553 979 Ipse
588 918 765 963 autem
797 907 1024 961 mullum
1056 907 1266 967 aberat,
1301 913 1359 957 ut
1393 905 1459 957 ab
1529 904 1660 972 ipsis
1714 904 2015 957 detrimen-

434 1012 546 1054 tum
576 1007 816 1067 caperet.
859 996 1170 1063 Quinetiam
1212 995 1345 1062 ipsis
1393 992 1667 1063 proderat.
1728 992 1819 1046 Sie
1846 993 2008 1045 etiam

434 1090 724 1159 contingit,
749 1104 870 1143 cum
896 1087 1166 1157 quispiam
1204 1083 1405 1139 Christi
1455 1084 1693 1137 imitator
1725 1084 1824 1137 hoc
1860 1082 2008 1136 facit.

435 1182 492 1237 Si
523 1182 644 1251 quis
676 1193 854 1235 autem
912 1181 1210 1248 imparatus
1259 1187 1313 1230 et
1367 1176 1653 1230 imbecillis
1686 1176 1737 1229 in
1799 1185 2007 1229 tantum

434 1274 733 1344 periculum
768 1287 826 1327 se
846 1272 1124 1342 conjiciat,
1153 1282 1211 1322 nt
1242 1283 1364 1321 cum
1390 1269 1769 1337 peccatoribus
1792 1278 1845 1321 et
1882 1282 2011 1336 ope-

433 1366 686 1420 rantibus‘
728 1364 1070 1433 iniquitatem
1102 1370 1479 1427 conversetur,
1514 1374 1688 1427 neque
1714 1359 1844 1428 ipsis
1882 1374 2008 1427 pro-

433 1458 594 1521 derit,
622 1467 676 1510 et
714 1456 954 1524 seipsqu
989 1455 1194 1523 perdet.
1237 1452 1507 1522 Propheta
1555 1451 1720 1520 igitur
1760 1450 1849 1504 hic
1895 1450 2009 1502 vult

433 1565 554 1604 sese
581 1550 929 1619 praemunire,
960 1559 1016 1601 ιιι
1055 1548 1227 1617 possit
1255 1549 1471 1616 quidem
1499 1562 1622 1600 cum
1664 1543 1831 1615 638
1877 1558 2004 1612 pec-

432 1641 707 1693 catoribus
738 1650 793 1692 et
829 1640 1168 1708 iniquitatem
1190 1639 1546 1706 operantibus
1570 1639 1799 1701 versari,
1832 1651 2007 1705 mque

433 1713 615 1784 tamen
646 1746 767 1783 cum
805 1731 913 1784 illis
958 1730 1120 1784 simul
1160 1731 1321 1784 trahi.
1352 1730 1623 1785 Fortassis
1650 1746 1779 1784 vero
1814 1746 2006 1799 pecca-

2120 536 2245 598 λῶν,
2291 538 2536 592 συνέλκει
2566 540 2656 593 τὸν
2678 541 2885 595 δίκαιον
2918 542 3003 594 διὰ
3025 544 3149 606 τοὺς
3186 544 3561 614 ἁμαρτωλοὺς,
3607 551 3701 604 καὶ

2117 632 2240 692 τοὺς
2270 630 2669 701 ἐργαζομένους
2704 633 2804 703 τὴν
2838 633 3085 704 ἀνομίαν,
3128 635 3215 689 ἵνα
3246 635 3509 694 σωθῶσιν.
3544 641 3605 692 Οἱ
3643 642 3699 695 δὲ

2119 720 2193 791 μὴ
2233 721 2430 785 εἰδότες
2458 723 2613 775 τοῦτο
2641 723 2701 775 τὸ
2734 725 3029 796 μυστήριον
3073 727 3357 783 ἐνεκάλουν
3380 728 3457 801 τῷ
3504 731 3696 801 Ἰησοῦ,

2115 811 2381 879 λέγοντεςο
2426 832 2444 863 ι
2501 813 2728 877 Ἐσθῖεις
2785 816 2877 868 καὶ
2916 815 3090 879 πίνεις
3126 817 3264 889 μετά
3295 819 3402 871 τῶν
3436 821 3696 892 ἁμαρτω-

2113 903 2240 957 λῶν.
2281 923 2300 954 ι
2350 903 2522 966 Αὐτὸς
2551 903 2608 956 δὲ
2639 907 2853 977 μακρὰν
2892 902 2959 977 ἦν
3004 907 3103 978 τῆς
3136 909 3229 961 ἀπ’
3260 909 3435 962 αὐτῶν
3472 909 3695 982 βλάϐης,

2115 996 2251 1067 πρὸς
2277 995 2337 1048 τὸ
2369 994 2461 1047 καὶ
2486 994 2715 1064 ὠφελεῖν
2748 997 2965 1060 αύτούς.
3001 998 3156 1051 Οὕτω
3184 1000 3275 1052 καὶ
3298 1000 3439 1060 εἴτις
3456 1001 3694 1072 Χριστοῦ

2117 1086 2361 1159 μιμητὴς
2420 1087 2577 1139 τοῦτο
2631 1092 2793 1144 ποιεῖ.
2840 1089 2964 1142 Ἐὰν
2999 1091 3249 1162 μέντοιγέ
3296 1109 3382 1156 τις
3427 1092 3500 1164 μὴ
3533 1111 3698 1165 παρε-

2114 1178 2482 1247 σκευασμένος
2506 1174 2561 1250 ᾗ,
2598 1180 2730 1249 μηδὲ
2777 1179 3002 1251 δύναμιν
3036 1181 3193 1251 ἔχων,
3229 1182 3565 1255 ὲμϐἀλληται
3615 1185 3695 1247 εἰς

2111 1268 2361 1321 τοσοῦτον
2420 1268 2682 1332 κίνδυνον,
2716 1269 2853 1324 ὥστε
2885 1272 3134 1339 γενέσθαι
3184 1273 3321 1344 μετὰ
3355 1275 3694 1347 ἁμαρτωλῶν

2110 1361 2203 1414 καὶ
2227 1361 2334 1413 τῶν
2350 1361 2729 1432 ἐργαζομένων
2748 1363 2845 1435 τὴν
2869 1365 3113 1435 ἀνομίαν,
3145 1365 3267 1418 οὔτε
3291 1365 3529 1430 ἐκείνους
3552 1367 3695 1435 (base-

2108 1451 2284 1521 λήσει,
2324 1451 2416 1504 καὶ
2451 1451 2641 1504 ἑαυτὸν
2692 1453 3108 1523 προσαπολὲσει.
3144 1455 3445 1527 Τοιγαροῦν
3475 1457 3569 1509 καὶ
3608 1457 3694 1509 ὲν-

2108 1543 2233 1596 Οάδε
2276 1545 2303 1595 ὁ
2355 1542 2637 1614 προφήτης
2694 1544 3132 1615 παρασκευάζειν
3182 1547 3374 1599 ἑαυτὸν
3421 1547 3690 1616 βούλεται,

2107 1635 2247 1688 ὥστε
2275 1635 2530 1689 δύνασθαι
2570 1636 2668 1705 μὲν
2689 1631 2827 1688 εἶναι
2865 1636 3001 1706 μετὰ
3033 1638 3369 1709 ἁμαρτωλῶν
3400 1640 3493 1693 καὶ⁸
3525 1640 3694 1711 ἐργα-

2109 1726 2352 1798 ζομένων
2384 1727 2631 1796 ἀνομίαν,
2667 1728 2740 1797 μὴ
2766 1727 3189 1799 συνελκυσοῆναι
3222 1729 3279 1782 δὲ
3308 1729 3508 1793 αὐτοῖς.
3532 1731 3691 1795 Ἴσως

433 1834 578 1875 tores
609 1822 699 1891 qui
739 1837 801 1875 ea
858 1837 974 1889 qua:
1001 1823 1183 1875 curari
1227 1833 1522 1890 nequeunt,
1553 1823 1868 1888 admittunt,
1907 1823 1999 1876 de-

2108 1817 2163 1871 δὲ
2197 1817 2289 1870 καὶ
2318 1819 2443 1884 τοὺς
2493 1818 2563 1872 τὰ
2607 1819 2803 1872 ἀνίατα
2853 1820 3263 1891 ἁμαρτάνοντας
3320 1826 3688 1892 παραιτεῖται,

431 1924 683 1979 testatur,
719 1930 841 1968 cum
878 1916 981 1968 hoc
1012 1915 1165 1968 dicit.
1199 1912 1339 1967 Nam
1390 1914 1597 1969 addidit
1628 1932 1640 1967 :
1708 1934 1725 1965 ι
1766 1915 1866 1981 Qui
1935 1916 2008 1968 lo-

427 2016 669 2076 qmmtnr
709 2021 896 2075 pacem
927 2021 1049 2058 cum
1088 2007 1338 2075 proximo
1372 2022 1492 2073 suo,
1524 2008 1661 2060 mala
1715 2017 1895 2063 autem
1951 2009 2002 2062 in

426 2099 683 2153 cordibus
706 2113 914 2152 eorum.
951 2117 969 2148 ι
1010 2098 1182 2153 Valde
1220 2098 1365 2153 enim
1396 2099 1542 2167 impii
1570 2109 1717 2164 sunt,
1744 2100 1870 2169 quia
1903 2115 2005 2154 nec

426 2200 485 2242 ut
510 2190 671 2244 amici
701 2189 880 2244 all‘eeti
905 2199 1053 2251 sunt,
1086 2205 1261 2258 neque
1307 2200 1366 2244 ut
1407 2190 1614 2244 inimici
1672 2191 1997 2260 loquuntur;

426 2283 519 2336 sed
551 2284 833 2336 continent
858 2283 1072 2351 quidem
1118 2283 1461 2336 inimicitiam
1494 2284 1544 2335 in
1573 2282 1788 2351 seipsis,
1820 2282 2001 2336 verbis

425 2383 609 2427 autem
684 2374 923 2441 paeilicis
982 2372 1247 2428 simulant
1319 2374 1642 2445 amicitiam.
1691 2373 1998 2427 Istiusmodi

425 2473 605 2517 autem
632 2463 941 2517 hominibus
972 2464 1103 2517 nihil
1130 2475 1214 2518 est
1250 2464 1646 2519 detestabilius.
1707 2463 1865 2517 Tales
1902 2463 2001 2516 ita-

425 2571 533 2624 que
583 2555 666 2607 vir
706 2556 886 2624 justus
924 2565 1226 2610 aversatur.
1280 2554 1476 2610 Videte
1530 2555 1674 2609 enim
1728 2552 2000 2622 quomodo

424 2653 587 2702 etiam
629 2647 879 2701 Salvator
931 2659 1115 2703 noster
1177 2663 1298 2702 cum
1350 2646 1734 2717 peccatoribus
1778 2643 1996 2714 quidem

425 2753 776 2796 conversatus
815 2741 999 2807 fuerit,
1037 2751 1235 2795 etcum
1270 2739 1578 2803 meretrice,
1612 2737 1705 2791 sed
1740 2751 1846 2790 neu
1874 2750 1995 2790 eum

425 2832 539 2896 tali,
564 2848 682 2901 quae
716 2831 1027 2901 loqueretur
1054 2832 1273 2901 quidem
1323 2829 1571 2899 paciﬁca,
1624 2828 1764 2882 mala
1819 2836 1996 2879 autem

423 2924 476 2977 iu
546 2926 709 2977 corde
775 2940 875 2977 suo
942 2923 1191 2978 haberet.
1247 2920 1342 2976 Vel
1416 2931 1671 2989 precatur
1727 2920 1912 2973 dicens
1980 2936 1993 2971 :

414 3015 547 3067 Cum
599 3016 783 3083 inique
828 3026 1078 3084 agentem
1112 3014 1337 3068 omnino
1390 3024 1647 3082 sequatur
1704 3013 1995 3077 interitus;

415 3106 681 3177 justitiam
719 3107 846 3161 mibi
875 3107 1141 3176 praebens,
1184 3121 1248 3159 ne
1279 3108 1563 3174 permittas
1597 3121 1679 3158 me
1708 3104 1910 3158 versari
1940 3104 1993 3156 iu
2022 3131 2066 3189 ο

424 3198 731 3266 iniquitate,
766 3212 830 3251 ne
855 3197 1015 3251 simul
1047 3212 1264 3266 peream
1295 3212 1415 3249 cum
1452 3196 1518 3250 iis
1543 3196 1631 3265 qui
1665 3195 1811 3248 illam
1866 3208 1996 3263 ope-

420 3302 632 3344 rantur.

490 3377 735 3435 νειιεμι.
771 3378 853 3431 Da
882 3380 1011 3444 illis,
1055 3378 1309 3445 Domine,
1361 3380 1650 3433 secundum
1699 3395 1856 3444 opera
1910 3394 1996 3430 eo-

423 3483 638 3538 rnm,et
700 3475 990 3527 secundum
1045 3474 1333 3543 nequitiam
1383 3473 1814 3527 adiuremionum
1862 3472 1999 3539 ipso-

420 3582 558 3629 rum,
584 3576 690 3619 etc.
727 3564 977 3619 Postulat
1025 3580 1121 3634 per
1152 3565 1493 3634 disciplinam
1536 3565 1655 3619 illos
1690 3564 1848 3633 allligi
1872 3603 1884 3625 ,
1938 3574 1996 3616 ut

420 3671 647 3727 peccare
680 3656 968 3710 desistant.
1008 3653 1185 3723 Opera
1223 3671 1354 3709 vero
1386 3654 1598 3709 occulta
1631 3654 1764 3708 dicit
1795 3671 1810 3708 :
1868 3669 1993 3707 nam

420 3749 559 3802 mala
598 3750 649 3801 in
682 3748 940 3801 cordibus
977 3745 1355 3818 loquebantur.

492 3839 768 3909 Ejusdem.
805 3841 1071 3894 Doeemur
1106 3843 1188 3896 his
1212 3840 1391 3897 verbis
1436 3847 1659 3909 peccata
1699 3837 1879 3893 omnia
1902 3836 1994 3891 de-

417 3942 643 4004 ponere.
675 3934 729 3987 Si
763 3935 904 3987 enim
940 3952 1045 3988 nou
1080 3950 1268 3988 sumus
1304 3933 1678 4003 puri,oportet
1713 3947 1810 3984 nos
1837 3930 1994 3999 puni-

418 4024 491 4087 ri,
516 4034 568 4076 nt
602 4025 1314 4095 (orrigamur.«Secundum
1351 4040 1539 4093 opera,
1567 4042 1586 4074 ιι
1611 4022 1804 4089 inquit,
1841 4038 1859 4071 ι
1885 4035 1992 4073 ma-

416 4133 578 4171 nuum
607 4131 795 4172 eorum
830 4119 1006 4172 tribue
1043 4118 1169 4183 illis,
1204 4137 1222 4168 ι
1258 4118 1413 4187 quasi
1446 4118 1591 4171 dicat
1635 4131 1650 4169 :
1682 4107 1988 4169 Secnndnm

413 4224 580 4279 opera
622 4210 866 4277 ipsorum
901 4211 1134 4275 Occulta,
1170 4211 1334 4264 redde
1362 4208 1775 4275 retributionem
1802 4221 1988 4261 eorum

412 4300 566 4370 ipsis.
598 4300 696 4367 Qui
730 4302 1021 4371 perspicax
1053 4313 1154 4364 est,
1190 4313 1243 4355 et
1268 4302 1564 4372 prudenter
1602 4316 1689 4354 res
1738 4299 1989 4370 aggredi-

413 4401 524 4457 tur,
590 4393 636 4448 is
679 4407 846 4463 prava
903 4404 1158 4463 tauquam
1210 4395 1372 4449 noxia
1428 4402 1732 4458 aversatur,
1783 4393 1988 4463 eligens

2105 1910 2264 1965 τοῦτο
2291 1911 2482 1981 λέγων.
2520 1912 2632 1965 Καὶ
2657 1913 2763 1984 γὰρ
2809 1913 3138 1984 προσέθηκε·
3182 1931 3199 1963 ι
3238 1912 3356 1966 Τῶν
3386 1913 3691 1969 λαλούντων

2105 2005 2330 2075 εἰρήνην
2362 2004 2499 2075 μετά
2526 2002 2635 2056 τῶν
2665 2004 2888 2075 πλησίον
2923 2002 3123 2069 αὐτῶν,
3169 2004 3316 2059 κακὰ
3347 2006 3405 2059 δὲ
3453 2009 3510 2060 ὲν
3557 2025 3690 2079 καρ-

2103 2092 2242 2157 δίαις
2265 2094 2463 2148 αὐτῶν.
2503 2114 2521 2147 ι
2553 2095 2763 2163 Σφόδρα
2789 2094 2897 2164 γάρ
2932 2095 3166 2159 ἀσεϐεῖς,
3192 2098 3272 2150 ὅτι
3299 2097 3420 2151 οὔτε
3450 2099 3525 2163 ὡς
3548 2100 3690 2169 φίλοι

2101 2183 2419 2248 διάκεινται,
2442 2184 2565 2237 οὔτε
2600 2185 2675 2249 ὡς
2713 2186 2895 2257 ἐχθροὶ
2927 2185 3195 2251 λαλοῦσιν,
3230 2189 3344 2242 ἀλλ’
3375 2190 3554 2261 ἔχουσι
3591 2193 3691 2262 μὲν

2103 2275 2200 2345 τὴν
2237 2275 2433 2346 ἔχθραν
2474 2278 2531 2330 ἐν
2568 2279 2801 2342 ἑαυτοῖς,
2835 2277 3013 2346 λόγοις
3046 2279 3102 2332 δὲ
3138 2283 3431 2353 εἰρηνικοῖς
3458 2285 3685 2356 ὑποκρί-

2103 2384 2281 2421 νονται
2301 2369 2499 2435 φιλίαν.
2529 2369 2648 2421 Τῶν
2670 2369 2725 2423 δὲ
2746 2370 2999 2424 τοιούτων
3029 2372 3125 2426 ἀνο
3136 2372 3331 2445 ρώπων
3349 2375 3687 2448 μιαρώτερον

2101 2458 2201 2510 οὐκ
2230 2458 2363 2513 ἔστι.
2401 2460 2540 2522 Τοὺς
2590 2456 2682 2513 οὖν
2711 2463 2982 2529 τοιούτους
3015 2466 3042 2517 ὁ
3070 2464 3275 2529 δίκαιος
3318 2471 3675 2538 παραιτεῖται.

2112 2549 2305 2620 Ὀρᾶτε
2334 2550 2440 2623 γὰρ
2470 2552 2543 2616 ὡς
2577 2553 2670 2605 καὶ
2696 2557 2723 2606 ὁ
2752 2555 2941 2627 Σωτὴρ
2987 2558 3142 2627 ἡμῶν
3172 2560 3309 2627 μετὰ
3346 2561 3686 2631 ἁμαρτωλῶν

2104 2640 2318 2709 ἐγένετο
2345 2643 2438 2695 καὶ
2463 2645 2596 2713 μετὰ
2625 2645 2847 2717 πόρνης,
2882 2649 2942 2700 ού
2976 2647 3158 2717 μέντοι
3191 2649 3458 2720 λαλούσης
3486 2652 3586 2720 μὲν
3611 2654 3687 2705 εἰ-

2103 2732 2319 2803 ρηνικὰ,
2353 2734 2497 2787 κακά
2515 2736 2571 2788 δὲ
2606 2736 2836 2808 ἐχούσης
2857 2740 2913 2792 ὲν
2933 2741 2998 2809 τῇ
3024 2738 3220 2810 καρδίᾳ
3249 2741 3469 2811 εαυτῆς.
3498 2743 3568 2793 Ἢ
3594 2742 3683 2794 εὔ-

2100 2839 2251 2892 χεται
2290 2823 2480 2891 λέγων’
2552 2828 2701 2881 Ἐπεὶ
2750 2830 2967 2893 πάντως
3000 2830 3078 2900 τῷ
3125 2830 3395 2883 ἀδικοῦντι
3437 2832 3678 2885 ἀπώλεια

2099 2913 2311 2979 ἕπεται,
2360 2917 2705 2990 δικαιοσύνην
2746 2921 2998 2992 παρέχων
3038 2940 3147 2993 μοι,
3200 2924 3273 2995 μὴ
3307 2924 3472 2996 ἐάσῃς
3507 2942 3573 2995 με
3622 2928 3682 2978 ὲν

2099 3004 2283 3077 ἀδικίᾳ
2311 3008 2584 3075 γενέσθαι,
2619 3011 2767 3075 ὅπως
2801 3012 2876 3083 μὴ
2913 3013 3200 3085 ἀπόλωμαι
3230 3014 3366 3086 μετὰ
3382 3016 3489 3069 τῶν
3519 3019 3681 3089 ὲργα-

2101 3099 2340 3171 ξομένων
2367 3101 2557 3172 αύτήν.

2170 3369 2281 3435 Δὸς
2308 3370 2532 3437 αὐτοῖς,
2557 3372 2752 3439 Κύριε,
2781 3373 2929 3427 κατὰ
2947 3372 3021 3427 τὰ
3048 3372 3192 3444 ἔργα
3222 3374 3421 3429 αὐτῶν
3447 3374 3547 3429 καὶ
3578 3393 3681 3431 κα-

2096 3461 2169 3515 τὰ
2192 3462 2305 3528 τὴν
2321 3463 2616 3531 πονηρίαν
2632 3463 2750 3516 τῶν
2764 3464 3477 3533 ἑπιτηδευμὰτωναύτῶν,
3493 3486 3544 3520 κ.
3563 3485 3614 3523 τ.
3629 3469 3675 3522 ἑ.

2096 3555 2248 3606 Αίτεῖ
2277 3555 2473 3618 αὐτοὺς
2505 3555 2614 3625 (29)
2641 3557 2956 3627 κακωθῆναι
2996 3556 3085 3610 διὰ
3117 3558 3383 3624 παιδείας,
3415 3561 3562 3623 ὅπως
3613 3560 3679 3614 ἂν

2096 3644 2412 3698 παύσωνται
2456 3644 2919 3717 πλημμελοῦντες.
2960 3650 3135 3719 Ἔργα
3172 3649 3228 3702 δὲ
3271 3650 3515 3719 λέγειτά
3546 3669 3679 3722 κρυ-

2097 3734 2223 3786 πτά·
2258 3735 2403 3787 κακά
2432 3734 2539 3806 γὰρ
2569 3738 2626 3788 ἐν
2651 3740 2770 3800 ταῖς
2800 3738 3050 3807 καρδίαις
3080 3738 3321 3793 ἐλάλουν.

2172 3827 2281 3878 Τοῦ
2310 3826 2514 3881 αὐτοῦ.
2554 3829 2926 3900 Διδασκόμεῦα
2962 3831 3067 3884 ὑπὸ
3101 3832 3193 3884 τοῦ
3219 3833 3376 3902 λόγου
3407 3835 3515 3905 (2i)
3544 3836 3675 3887 ἁπο-

2096 3915 2279 3969 θέσΟαι
2311 3918 2485 3972 πάντα
2513 3918 2580 3971 τὰ
2614 3920 3003 3991 ἁμαρτήματα·
3039 3925 3086 3976 εἰ
3115 3923 3222 3995 γὰρ
3252 3926 3351 3977 οὐκ
3382 3926 3548 3997 ἐσμὲν
3574 3945 3674 3979 κα-

2094 4006 2269 4078 θαροὶ,
2294 4007 2373 4060 δεῖ
2392 4008 2537 4091 ημᾶς
2566 4006 2915 4077 κολασθῆναι,
2943 4009 3030 4062 ἵνα
3054 4011 3445 4081 παιδευοῶμεν.
3480 4031 3497 4061 ι
3520 4012 3676 4065 Κατά

2091 4097 2163 4150 τὰ
2195 4098 2330 4169 ἔργα
2371 4100 2477 4151 τῶν
2529 4099 2729 4171 χειρῶν
2758 4100 2956 4165 αὑτῶν,
2998 4121 3015 4153 ι
3058 4103 3209 4171 φησὶ,
3246 4123 3264 4152 ι
3301 4103 3387 4166 δὸς
3414 4105 3615 4168 αὐτοῖς’
3651 4124 3669 4155 ι

2091 4190 2224 4243 ὡσεὶ
2265 4190 2439 4259 ἕλεγεο
2474 4192 2630 4245 Κατὰ
2667 4192 2734 4244 τὰ
2768 4193 2987 4262 κρυπτὰ
3016 4193 3121 4245 τῶν
3155 4194 3329 4265 ἔργων
3376 4195 3572 4258 ἀπόδος
3614 4195 3676 4247 τὸ

2093 4283 2436 4355 ἀνταπόδομα
2477 4282 2657 4337 αὐτῶν
2698 4286 2898 4347 αὐτοῖς.
2950 4285 3007 4336 Ὀ
3040 4285 3344 4356 διορατικὸς
3372 4288 3672 4358 ἐπιστημο-

2091 4376 2254 4439 νικῶς
2284 4380 2395 4439 τοῖς
2425 4377 2711 4448 πράγμασι
2740 4377 3172 4449 προσερχόμενος
3200 4377 3274 4440 ὡς
3307 4376 3577 4446 βλαπτικὰ
3606 4377 3675 4430 τὰ

410 4486 550 4539 bona
596 4501 716 4555 qua:
781 4487 934 4539 utilia
987 4496 1133 4541 sunt.
1196 4485 1480 4556 Improbus
1532 4501 1659 4539 vero
1717 4484 1989 4553 voluptate

2101 4467 2276 4537 φαῦλα
2301 4469 2720 4540 ἀποστρέφεται,
2746 4470 3065 4542 αἱρούμενος
3089 4468 3158 4521 τὰ
3189 4467 3389 4535 ἀγαΟὰ,
3422 4467 3673 4537 ὠφέλιμα

410 4578 662 4644 allectus,
713 4590 978 4648 operatur
1043 4581 1223 4646 mala,
1265 4596 1371 4632 non
1417 4578 1772 4633 considerans
1823 4593 1984 4646 quam

412 4670 574 4722 noxia
603 4671 733 4725 sint.
765 4669 898 4724 Cum
929 4671 1115 4738 itaque
1141 4670 1352 4726 ratione
1381 4684 1485 4723 non
1536 4669 1802 4738 percipiat
1857 4669 1985 4737 quid

413 4762 467 4815 in
497 4761 577 4814 eis
602 4761 671 4814 sit
697 4763 939 4828 noxium,
972 4771 1127 4832 rogat
1161 4763 1240 4815 vir
1261 4770 1480 4815 sanctus
1506 4761 1806 4815 secundum
1858 4774 1982 4828 ope-

411 4866 471 4905 ra
520 4866 612 4905 sua
676 4851 900 4906 retribui
963 4852 1064 4905 sibi
1099 4866 1163 4905 ea
1192 4866 1310 4921 quae
1355 4850 1576 4904 molesta
1617 4859 1761 4911 sunt,
1807 4858 1864 4901 ut
1903 4847 1987 4900 vel

410 4942 482 4995 ob
506 4941 784 4997 molestias
820 4941 958 4995 mala
992 4941 1160 5013 fugiat
1186 4958 1305 5012 qua:
1351 4942 1603 5011 supplicii
1668 4940 1769 5009 ipsi
1818 4953 1984 4994 causa

411 5033 631 5089 fuerint.

484 5126 747 5191 Quoniam
781 5143 881 5181 non
910 5126 1276 5181 intellexerunt
1307 5126 1360 5178 in
1391 5141 1547 5191 Opera
1576 5121 1821 5183 Domini,
1850 5128 1898 5172 et
1928 5120 1979 5171 iu

409 5234 566 5287 opera
588 5236 841 5273 manuum
877 5218 1015 5287 ejus,
1064 5228 1166 5272 etc.
1223 5218 1395 5285 Opera
1435 5210 1644 5270 Domini
1681 5213 1817 5265 forte
1856 5218 1981 5264 sunt

409 5325 527 5378 qua)
562 5311 836 5366 intellectu
878 5310 1272 5381 percipiuntur,
1303 5322 1468 5377 opera
1496 5316 1676 5358 autem
1720 5316 1977 5356 manuum

403 5401 524 5469 ejus
582 5404 819 5458 arbitror
873 5418 995 5457 esse
1047 5417 1109 5457 ea
1180 5416 1300 5471 qua:
1368 5400 1469 5455 sub
1514 5413 1705 5454 sensus
1755 5396 1973 5451 cadunt.

483 5518 529 5551 ⁷⁸
566 5521 728 5575 Mare.
757 5538 818 5585 ιι,
859 5520 942 5574 16.

477 5634 589 5701 (‘27)
629 5634 792 5688 Λιτεῗ
820 5635 1063 5698 αὐτούς,
1090 5644 1196 5686 etc.
1230 5631 1457 5687 Scholia!
1493 5627 1700 5684 Grabii.

478 5695 589 5773 (‘28)
630 5695 1032 5770 Διδασκόμρθίὶ
1072 5704 1189 5757 ὑπὸ
1238 5701 1343 5757 τοῦ
1397 5702 1604 5772 λόγου,
1646 5707 1751 5753 etc.
1801 5695 1979 5753 Codex

405 5774 787 5833 (loisliniauus.
818 5790 849 5826 n
888 5775 1024 5830 189.

2093 4560 2238 4613 ὄντα.
2278 4561 2333 4613 '0
2361 4560 2418 4613 δὲ
2444 4561 2664 4630 φαῦλος,
2694 4562 2852 4632 ἡδονῇ
2887 4560 3228 4629 Οελγόμενος,
3261 4556 3551 4629 ἐργάζεται
3602 4559 3672 4611 τὰ

2094 4651 2258 4716 κακὰ,
2293 4653 2392 4722 οὐχ
2429 4652 2568 4723 ὁρῶν
2598 4652 2774 4705 αὐτῶν
2808 4651 2868 4703 τὸ
2903 4650 3179 4719 βλαϐερόν.
3220 4648 3373 4700 Ἐπεὶ
3402 4644 3494 4701 οὖν
3523 4647 3669 4717 λογι-

2093 4745 2205 4808 κῶς
2237 4746 2336 4797 οὐκ
2382 4746 2692 4799 αἰσθάνεται
2731 4743 2842 4795 τῶν
2878 4740 3176 4811 βλαδερῶνν
3214 4738 3430 4810 εὔχεται
3455 4742 3483 4793 ὁ
3518 4740 3671 4808 ἅγιος

2094 4839 2346 4891 ἀποτῖσαι
2396 4836 2545 4906 αὐτῷ
2575 4835 2714 4888 κατά
2746 4833 2812 4887 τά
2858 4832 2993 4903 ἔργα
3030 4831 3192 4886 αὐτοῦ
3223 4832 3474 4895 ἐπίπονα,
3522 4832 3672 4896 ὅπως

2093 4929 2160 4983 ἂν
2191 4929 2280 4983 διὰ
2306 4931 2432 4991 τοὺς
2467 4928 2660 4989 πόνους
2689 4926 3012 4996 ἀποστραφῇ
3043 4922 3111 4976 τὰ
3142 4922 3306 4989 κακὰ,
3331 4923 3478 4976 αἴτια
3510 4923 3669 4980 κολά-

2094 5039 2230 5085 σεως
2267 5020 2416 5091 αὐτῷ
2442 5019 2802 5088 γεγενημένα.

2166 5116 2286 5167 Ὅτι
2340 5114 2411 5166 οὐ
2444 5109 2722 5177 συνῆκαν
2767 5112 2854 5175 εἰς
2892 5109 2964 5162 τὰ
2994 5109 3139 5178 ἔργα
3178 5111 3418 5175 Κυρίου,
3456 5105 3554 5158 καὶ
3584 5107 3670 5170 εὶς

2087 5207 2159 5261 τὰ
2190 5207 2334 5274 ἔργα
2358 5203 2476 5256 τῶν
2500 5201 2712 5272 χειρῶν
2741 5200 2946 5264 αὐτοῦ,
2984 5217 3037 5253 κ.
3064 5217 3113 5252 τ.
3140 5201 3184 5253 ὲ.
3221 5200 3399 5269 Ἔργα
3435 5198 3530 5268 μὲν
3554 5200 3668 5250 Κυ-

2089 5299 2204 5369 ρίου
2232 5298 2340 5368 (29)
2378 5294 2520 5365 τάχα
2562 5294 2677 5346 ἐστὶ
2706 5292 2774 5345 τὰ
2804 5290 2991 5362 νοητὰ,
3027 5291 3163 5361 ἔργα
3194 5290 3249 5342 δὲ
3274 5289 3472 5360 χειρῶν
3503 5287 3669 5341 αὑτοῦ

2084 5390 2151 5444 τὰ
2199 5387 2432 5459 αἰσθητὰ
2488 5384 2709 5456 νομίζω.
2768 5402 2786 5435 ι
2830 5381 2963 5451 Οὐχὶ
3015 5383 3046 5451 ἡ
3098 5381 3217 5450 χείρ
3278 5394 3414 5446 μου,
3481 5377 3666 5449 φησιν,

2164 5618 2276 5689 (29)
2319 5618 2501 5689 Ἤρη
2542 5609 2659 5689 μὲν
2694 5610 3084 5689 Κιᾮίοιξτ.οιο;
3114 5607 3337 5689 Schem?
3378 5606 3564 5689 (Fr-“hii
3613 5618 3667 5663 ει

2091 5677 2271 5744 οοὰωί
2342 5677 2728 5742 (ὶῖιῖδιιιιῖιιιιιιε.
2779 5677 2999 5736 Similia
3060 5678 3174 5735 fere
3251 5678 3411 5733 habet
3493 5677 3638 5734 Ense

2092 5762 2233 5817 hius.
