4100 6414
420 434 555 487 1289

1348 432 1662 489 seuseu
1703 432 1767 486 1N
1812 416 2146 488 essemus.
2186 462 2250 469 -
2286 428 2485 487 PSAL.
2526 427 2764 486 XXVIII.

3551 432 3567 483 l
3580 432 3687 485 200

412 551 641 621 ἐποίησε
734 554 903 607 ταῦτα
943 554 1148 620 πάντας
1182 574 1200 605 ι
1236 555 1308 608 Ἢ
1330 555 1469 625 τάχα
1499 555 1635 627 ἔργα
1665 554 1766 626 μὲν
1792 554 1979 626 Κυρίοι

2111 572 2128 604 ι
2168 551 2378 620 Nonne,
2411 552 2587 623 inquit
2614 552 2687 617 ⁷⁸,
2716 565 2909 605 manus
2943 566 3066 606 mea
3100 550 3223 606 fecit
3262 550 3376 607 hmc
3395 553 3577 607 omnia
3606 555 3627 606 ?
3664 573 3681 604 ι

412 642 469 695 al
494 642 706 713 ἀρεταὶ,
737 642 873 715 ἔργα
904 644 959 697 δὲ
984 643 1180 714 χειρῶν
1203 643 1369 699 αὑτοῦ
1390 647 1438 698 oi
1472 644 1617 715 λόγοι
1646 644 1754 699 τῶν
1780 642 2002 713 γεγονό-

410 752 537 787 των.
551 734 845 799 «Καθελείς
861 738 1055 801 αὑτοὺς
1071 737 1164 792 καὶ
1181 738 1241 791 οὑ
1264 736 1339 810 μὴ
1354 737 1726 809 οίκοδομήσεις
1744 736 1961 801 αὑτούς.
1977 755 1996 789 ι

413 825 647 879 Καθελεῖ
693 825 897 898 Κύριος
952 827 1052 891 τὰς
1103 825 1247 895 ἕξεις
1305 827 1405 892 τὰς
1462 828 1737 899 πονηράς,
1786 828 1882 879 καὶ
1935 827 1995 879 οὑ

414 913 489 985 μὴ
528 912 607 967 ἔτι
655 916 999 988 συγχωρήσει
1061 919 1175 981 τοῖς
1230 916 1602 988 οἰκοδομοῦσιν
1647 916 1998 987 οἰκοδομῆσαι

412 1006 601 1070 αὑτάς.
1060 1064 1157 1086 ιν

480 1100 590 1154 Καὶ
630 1100 925 1157 ἁνέθαλεν
951 1103 990 1171 ἡ
1020 1096 1179 1171 σάρξ
1202 1122 1345 1173 μου,
1380 1121 1435 1158 κ.
1476 1122 1526 1159 τ.
1564 1106 1611 1158 ὲ.
1658 1103 1847 1176 Σάρκα
1900 1103 1997 1174 μὲν

409 1192 663 1263 ὠνόμασε
693 1192 807 1265 (50)
823 1194 921 1266 τὴν
941 1194 1119 1266 ψυχὴν
1142 1195 1228 1249 διὰ
1257 1195 1317 1248 τὸ
1347 1196 1707 1266 κεκολλῆσθαι
1734 1195 1902 1267 αὑτὴν
1927 1197 1994 1266 τῇ

414 1283 595 1352 σαρκὶ,
633 1282 773 1337 κατά
816 1283 898 1348 τδ,
944 1303 963 1336 ι
1002 1284 1232 1354 Ὀψεται
1274 1286 1424 1339 πᾶσα
1460 1285 1596 1357 σάρξ
1637 1286 1697 1339 τὸ
1730 1287 1996 1357 σωτήριον

409 1372 503 1425 τοῦ
552 1372 687 1425 Θεοῦ
720 1373 900 1444 ὴμῶν.
939 1393 958 1426 ι
995 1375 1068 1428 Ἦ
1106 1374 1247 1446 τάχα
1280 1377 1314 1447 ή
1348 1374 1581 1447 αἰσθητὴ
1630 1375 1812 1430 θάλλει
1860 1374 1998 1445 σάρξ

411 1463 722 1536 ἀποθεμένη
749 1464 818 1517 τά
836 1464 1002 1536 πάθη.

476 1553 684 1607 Σῶσον
714 1554 820 1609 τὸν
868 1556 1028 1610 λαόν
1052 1568 1191 1619 σου,
1217 1553 1314 1608 καί
1346 1555 1690 1623 ὠλόγησον
1710 1553 1826 1622 τὴν
1853 1557 1997 1622 κλη-

400 1646 691 1714 ρονομίαν
718 1661 856 1711 σου,
896 1647 993 1701 καὶ
1028 1646 1323 1715 ποίμανον
1342 1645 1587 1711 αὐτοὺς,
1620 1645 1720 1699 καὶ
1769 1645 1995 1713 ἔπορον

404 1729 629 1797 αὐτοὺς
683 1734 794 1801 ἕως
822 1734 931 1789 τοῦ
961 1733 1196 1801 αἰῶνος,
1230 1752 1283 1789 κ.
1319 1752 1365 1787 τ.
1399 1736 1449 1787 ὲ.
1478 1732 1991 1805 Κληρονομίαν(51)

405 1824 499 1878 νῦν
535 1826 683 1894 λέγει
725 1827 826 1899 τὴν
869 1827 1310 1900 κληρονομοῦσαν
1347 1828 1511 1881 αὑτὸν
1542 1826 1701 1897 φύσιν
1742 1826 1989 1898 λογικήν.

2107 642 2203 697 Vel
2232 642 2377 698 forte
2407 657 2574 713 opera
2604 640 2815 698 Domini
2846 652 2977 696 sunt
3010 643 3233 699 virtutes
3255 685 3270 709 ,
3300 658 3466 712 Opera
3498 654 3683 697 autem

2105 750 2363 789 manuum
2387 734 2524 802 ejus,
2557 741 2683 788 sunt
2714 746 2893 786 rerum
2920 731 3188 789 factarum
3225 736 3488 791 rationes.
3532 755 3549 787 ι
3585 735 3682 789 De-

2105 836 2285 880 strues
2312 826 2434 881 illos
2457 836 2511 880 et
2543 841 2649 881 non
2681 826 2977 882 tediﬁcabis
3001 842 3117 883 eos.
3170 847 3188 878 ι
3216 828 3456 882 Destruit
3497 828 3683 882 Domi-

2106 934 2208 973 nus
2256 919 2426 974 malos
2476 918 2713 986 habitus,
2750 935 2851 976 nec
2888 920 3160 990 permittit
3190 919 3582 975 aediﬁcantibus
3626 930 3683 976 ut

2104 1010 2252 1080 ipsos
2280 1012 2607 1066 instauieut.

2176 1101 2338 1158 Vens.
2374 1104 2427 1157 7.
2452 1103 2519 1157 Et
2544 1104 2783 1175 reﬂoruit
2816 1120 2941 1159 caro
2982 1120 3118 1169 mea,
3148 1112 3257 1158 etc.
3300 1103 3531 1157 Carnem
3582 1118 3682 1158 vo—

2101 1195 2244 1249 cavit
2275 1196 2534 1263 animam,
2566 1197 2710 1268 quod
2735 1196 2886 1251 carni
2914 1195 3213 1256 adhmreat,
3241 1194 3394 1265 juxta
3421 1195 3548 1249 illud
3573 1194 3619 1227 ⁸⁸
3662 1211 3679 1248 :

2106 1306 2124 1338 ι
2163 1286 2378 1343 Videbit
2399 1290 2577 1343 omnis
2604 1304 2735 1343 caro
2758 1288 2999 1343 salutare
3027 1288 3117 1342 Dei
3141 1288 3330 1343 nostri.
3364 1307 3382 1339 ι
3416 1286 3512 1342 Vcl
3544 1287 3685 1343 forte

2100 1379 2319 1435 seusilis
2357 1394 2485 1435 caro
2518 1379 2839 1447 reﬁorescit,
2870 1397 2991 1435 cum
3037 1379 3263 1435 allectus
3300 1379 3570 1449 deposuit.

2168 1556 2334 1628 639
2370 1564 2524 1619 Vens.
2553 1556 2605 1612 9.
2644 1556 2863 1612 Salvum
2888 1556 2975 1625 [ac
3002 1554 3254 1623 papulqu
3288 1564 3459 1617 tuum,
3489 1563 3536 1605 et
3588 1554 3682 1603 be-

2100 1648 2252 1700 nedlc
2282 1647 2585 1702 haereditati
2625 1658 2750 1711 tum,
2788 1658 2836 1701 et
2880 1663 2995 1715 rege
3052 1663 3162 1708 eos,
3197 1655 3244 1698 et
3301 1646 3491 1699 extolle
3558 1642 3682 1695 illos

2098 1753 2258 1807 usque
2280 1737 2333 1790 in
2357 1753 2632 1799 retentum,
2665 1747 2772 1792 etc.
2800 1735 3185 1789 llzereditatem
3230 1744 3389 1789 vocat
3440 1734 3680 1786 rationa-

2098 1826 2261 1882 bilem
2288 1835 2534 1881 naturam
2563 1844 2683 1897 qua:
2714 1828 2887 1897 ipsius
2916 1827 3086 1881 hmres
3119 1825 3255 1878 facta
3288 1834 3394 1880 cst.

481 1918 591 1972 Τοῦ
619 1897 827 1973 αὑτοῦ.
858 1897 1030 1983 mea;
1054 1922 1082 1974 ό
1106 1897 1354 1991 Χριστὸς
1399 1918 1510 1990 (52)
1552 1919 1703 1989 ἡμᾶς
1736 1897 1979 1988 ποιμανεῐ

2170 1917 2449 1987 Ejusdem.
2490 1919 2605 1988 ipse
2642 1919 2891 1973 Christus
2937 1918 3110 1988 pascit
3146 1932 3244 1971 nos
3274 1916 3365 1984 qui
3405 1916 3457 1968 in
3499 1915 3674 1983 ipsum

399 2011 527 2073 τοὺς
576 2012 655 2074 είς
700 2012 863 2064 αὑτὸν
908 2010 1360 2075 πεπιστευκότας,
1406 2009 1631 2081 πέμψας
1660 2008 1777 2063 ἀντ’
1820 2007 1986 2063 αὑτοῦ

400 2104 495 2156 καὶ
528 2102 603 2165 ὡς
631 2102 793 2156 αὑτὸν
820 2102 909 2156 τὸν
938 2102 1316 2175 Παράκλητον,
1343 2104 1372 2157 ὅ
1406 2104 1520 2156 ἐστι
1549 2102 1610 2155 τὸ
1639 2102 1865 2173 Πνεῦμα
1889 2102 1989 2174 τῆς

397 2193 676 2264 ἀληθείας.
696 2195 806 2247 Καὶ
839 2194 945 2266 μὴν
967 2195 1060 2248 καὶ
1087 2194 1303 2267 ἐπαίρει
1330 2195 1439 2249 ἀπὸ
1461 2193 1569 2247 τῶν
1588 2194 1811 2265 γηΐνων,
1832 2212 1989 2247 τουτ-

2094 2012 2446 2074 credidiums,
2484 2012 2701 2066 mittens
2734 2028 2829 2081 pro
2860 2027 2917 2065 se
2946 2020 3000 2065 et
3036 2021 3291 2080 tauquam
3332 2023 3392 2063 sc
3419 2007 3676 2063 Paraele-

2100 2113 2236 2172 tum,
2267 2101 2531 2174 Spiritum
2557 2106 2821 2159 veritatis.
2841 2104 2978 2171 Quin
3009 2113 3063 2158 et
3086 2103 3293 2161 extollit
3318 2118 3415 2156 nos
3440 2118 3469 2156 a
3505 2111 3677 2155 terre—

2099 2195 2204 2259 nis,
2230 2196 2279 2249 id
2309 2205 2394 2251 est
2421 2196 2680 2251 sublimes
2708 2196 2838 2252 facit
2866 2198 2918 2251 in
2943 2195 3123 2251 futura
3150 2206 3203 2251 et
3223 2194 3434 2250 inﬁnita
3452 2194 3672 2249 sa‘cnla.

398 2286 547 2341 ἐστιν
608 2288 843 2357 ὑψηλοὺς
888 2288 1181 2359 ἀποφαίνει
1213 2289 1294 2353 είς
1344 2287 1469 2350 τοὺς
1519 2286 1810 2357 μέλλοντας
1850 2287 1945 2342 καὶ
1985 2288 2375 2360 άτελευτήτους
2416 2287 2637 2352 αἰῶνας.

962 2486 1255 2540 ΨΑΛΜΟΣ
1276 2487 1409 2541 ΚΠ’.

470 2600 777 2671 Ἐνέγκατε
807 2598 888 2666 τῷ
927 2600 1141 2668 Κυρίῳ,
1164 2600 1281 2654 υἱοὶ
1305 2600 1477 2663 Θεοῦ,
1511 2618 1565 2655 κ.
1597 2618 1647 2654 τ.
1687 2602 1731 2654 ἐ.
1771 2601 1982 2668 Παῦλος

392 2694 424 2748 ό
456 2693 607 2761 ἅγιος
640 2692 753 2759 (551)
803 2691 915 2755 υίὸς
948 2689 1086 2744 Θεοῦ
1118 2690 1312 2759 γέγονε
1356 2690 1447 2745 διὰ
1485 2690 1581 2744 τοῦ
1620 2690 1975 2760 Εὑαγγελίου.

405 2786 628 2855 Ἐγέννα
665 2784 725 2838 δὲ
771 2784 867 2837 καὶ
910 2784 1075 2848 αὑτὸς
1134 2784 1282 2848 υίοὺς
1331 2783 1425 2837 καὶ
1459 2782 1701 2854 προσῆγε
1728 2783 1808 2855 τῷ
1836 2786 1975 2857 θεῷ.

396 2879 557 2940 Υίοὺς
610 2875 767 2930 καλεῖ
799 2876 927 2938 τοὺς
976 2874 1177 2943 πολλῆς
1225 2874 1488 2943 τυχόντας
1530 2872 1679 2943 παρὰ
1718 2874 1813 2929 τοῦ
1848 2875 1983 2929 Θεοῦ

392 2970 748 3041 κηδεμονίας,
800 2969 897 3021 καὶ
945 2967 1219 3029 σωθέντας
1265 2965 1607 3035 παραδόξως,
1659 2960 1735 3022 ὧν
1774 2970 1803 3022 ὁ
1851 2967 1983 3031 Θεὸς

392 3061 646 3131 ἐφείσατο
666 3058 839 3122 οὑτως
868 3057 945 3122 ὼς
978 3057 1133 3113 υίῶν.

468 3154 777 3224 Ἐνέγκατε
813 3151 895 3217 τῷ
946 3151 1143 3217 Κυρίῳ
1194 3150 1366 3217 υἱοὺς
1403 3149 1604 3218 κριῶν,
1639 3168 1693 3203 κ.
1731 3166 1783 3203 τ.
1829 3149 1877 3203 ἑ.
1919 3150 1979 3203 ’0

392 3248 638 3313 συνάγων
671 3242 787 3312 (54)
818 3240 887 3295 τά
916 3240 1379 3313 διεσκορπισμένα
1415 3239 1666 3311 πρόϐατα
1714 3239 1975 3310 Χριστοῦ,

389 3339 483 3392 καὶ
528 3334 871 3407 ὲπιστρέφων
901 3332 971 3387 τὰ
1011 3332 1422 3402 πεπλανημένα,
1456 3332 1550 3384 καὶ
1596 3332 1868 3402 εὑρίσκων
1908 3331 1977 3385 τὰ

387 3426 723 3491 ἀπολωλότα,
752 3420 908 3489 οὑτος
943 3424 1098 3495 φέρει
1131 3421 1209 3493 τῷ
1242 3421 1432 3494 Κυρίῳ
1462 3422 1612 3485 υίοὺς
1658 3420 1848 3489 κριῶνο
1881 3422 1976 3474 καὶ

386 3520 416 3572 ὁ
444 3518 614 3571 ποιῶν
640 3518 788 3580 ὃπως
826 3517 1009 3570 ἴδωσιν
1038 3516 1087 3567 οἱ
1126 3514 1404 3585 ἄνθρωποι
1433 3512 1502 3566 τά
1534 3512 1672 3566 καλὰ
1704 3512 1842 3583 ἔργα
1874 3514 1975 3566 αὑ-

386 3609 502 3673 τοῦ,
530 3610 621 3662 και)⁵
646 3608 909 3674 δοξάσωσι
940 3607 1032 3660 τὸν
1073 3608 1131 3660 ἐν
1172 3608 1421 3679 οὐρανοῖς
1445 3604 1686 3677 Πατέρα.
1718 3603 1879 3675 Φέρει
1919 3604 1975 3658 δὲ

384 3700 463 3771 τῷ
486 3700 676 3771 Κυρίῳ
706 3697 862 3763 δόξαν
896 3699 988 3752 καὶ
1020 3700 1048 3751 ὁ
1074 3699 1133 3751 ὲν
1165 3697 1308 3768 λόγῳ
1344 3696 1535 3765 σοφίας
1555 3693 1840 3764 θεολογῶν.
1876 3696 1975 3749 Τις

387 3793 497 3865 μὴν
540 3793 597 3846 δὲ
640 3793 793 3864 φέρει
842 3790 1034 3861 Κυρίῳ
1059 3793 1087 3844 ὁ
1125 3791 1198 3861 μὴ
1239 3792 1303 3843 ἐκ
1336 3788 1511 3859 λύπης
1543 3788 1576 3859 ἢ
1630 3787 1691 3853 ἐξ
1727 3788 1975 3860 ἀνάγκης

385 3884 550 3938 ἐλεῶν
578 3884 812 3954 πτωχὸν,
853 3882 947 3935 καὶ
998 3884 1056 3935 ὲν
1112 3880 1287 3952 τούτῳ
1327 3880 1558 3945 δανείζει
1586 3879 1725 3950 Θεῷ.
1758 3880 1833 3932 Τὸ
1861 3879 1973 3952 γὰρ

390 3995 411 4029 ι
449 3978 616 4047 τιμᾷν
650 3996 669 4029 s
694 3975 838 4038 ἰδίως
859 3976 953 4029 καὶ
971 3974 1063 4026 ἐπὶ
1081 3974 1283 4027 τούτων
1298 3975 1355 4027 ὲν
1378 3976 1443 4044 τῇ
1476 3974 1665 4044 Γραφῇ
1686 3974 1968 4039 τέτακται,

2594 2486 2910 2542 PSALMUS
2950 2486 3185 2543 XXViH.

2164 2602 2407 2659 VnsJ.
2465 2602 2665 2672 Aﬂ'erte
2704 2602 2952 2667 Domino,
3004 2604 3105 2673 ﬁlii
3157 2604 3273 2670 Dei,
3322 2614 3430 2661 etc.
3471 2605 3673 2661 Paulus

2091 2705 2314 2751 sanctus
2339 2695 2481 2750 ﬁlius
2513 2695 2606 2752 Dei
2643 2710 2738 2765 per
2774 2695 3125 2766 Evangelium
3151 2696 3324 2752 factus
3353 2698 3674 2754 cst.Gemiit

2088 2797 2268 2841 autem
2310 2796 2364 2841 et
2394 2787 2511 2856 ipse
2562 2786 2699 2841 ﬁlios
2728 2798 2781 2841 et
2808 2789 2987 2842 attulit
3047 2788 3175 2842 Deo.
3218 2788 3381 2844 Filios
3414 2799 3570 2843 vocat
3601 2790 3672 2845 de

2087 2882 2286 2949 quibus
2310 2881 2500 2950 ingens
2526 2898 2658 2937 cura
2687 2892 2769 2936 est
2803 2885 2931 2949 Deo,
2964 2885 3056 2952 qui
3078 2885 3402 2941 mirabiliter
3434 2888 3668 2941 salutem

2087 2973 2439 3041 suutadepti,
2464 2982 2522 3028 et
2548 2974 2753 3043 quibus
2798 2976 2938 3032 Deus
2994 2986 3249 3048 tanquam
3305 2978 3432 3033 ﬁliis
3474 2995 3669 3050 peper-

2085 3074 2180 3117 αι.

2158 3156 2359 3225 ΑῙΤει-ιε
2384 3157 2614 3213 Domino
2657 3159 2795 3227 ﬁlios
2828 3160 3076 3224 arietum,
3135 3169 3243 3218 etc.
3307 3162 3409 3230 Qui
3456 3165 3664 3236 colligit

2083 3248 2360 3317 dispersas
2386 3249 2591 3306 Christi
2620 3266 2783 3315 oves,
2820 3259 2874 3305 et
2912 3261 3164 3307 errantes
3206 3253 3436 3319 reducit,
3484 3259 3664 3324 perdi-

2085 3348 2277 3408 tasque
2313 3340 2541 3411 reperit,
2596 3342 2641 3396 is
2701 3340 2856 3396 all‘ert
2920 3342 3146 3398 Domino
3179 3342 3318 3400 ﬁlios
3371 3346 3660 3402 arietum:

2079 3432 2221 3498 quod
2250 3432 2379 3485 item
2412 3433 2543 3488 facit
2572 3433 2668 3503 qui
2696 3434 2774 3488 ita
2824 3434 2990 3487 vitam
3043 3434 3298 3501 instituit,
3331 3447 3389 3491 ut
3435 3438 3660 3493 videant

2084 3521 2334 3577 homines
2387 3538 2553 3592 opera
2610 3523 2726 3592 ejus
2764 3524 2931 3589 bona,
2967 3536 3023 3581 et
3076 3527 3383 3597 gloriﬁcent
3437 3529 3657 3585 Patrem

2078 3612 2171 3680 qui
2212 3612 2265 3665 in
2304 3613 2461 3665 cadis
2487 3624 2595 3669 est.
2617 3610 2785 3668 Aﬁert
2809 3614 2973 3668 etiam
3020 3613 3127 3670 Deo
3177 3615 3401 3685 gloriam
3446 3619 3537 3687 qui
3592 3621 3662 3675 de

2080 3703 2191 3758 Deo
2228 3704 2508 3773 sapienter
2546 3704 2787 3772 loquitur
2836 3716 2891 3760 et
2945 3705 3130 3760 sentit.
3193 3706 3468 3764 Honorem
3530 3726 3659 3764 vero

2081 3793 2307 3849 Domino
2339 3792 2514 3855 aﬁert,
2540 3794 2631 3863 qui
2663 3810 2771 3849 non
2807 3809 2874 3849 ex
2912 3794 3133 3850 tristitia
3177 3796 3261 3850 vel
3298 3812 3363 3852 ex
3417 3799 3655 3854 necessi-

2079 3896 2190 3942 tate
2214 3888 2433 3955 pauperi
2457 3887 2550 3940 dat
2581 3887 3008 3957 eleemosynam,
3037 3897 3093 3944 et
3128 3888 3180 3942 in
3206 3889 3319 3957 ipso
3350 3883 3657 3946 fieneratur

2075 3977 2206 4033 Deo.
2241 3994 2259 4027 ι
2296 3975 2580 4032 Honorare
2603 3997 2622 4029 ι
2647 3978 2796 4031 enim
2829 3982 3047 4047 proprie
3077 3982 3243 4033 etiam
3276 3984 3380 4038 hoc
3403 4000 3565 4041 sensu
3600 3989 3653 4043 in

384 4067 459 4131 ὡς
485 4067 642 4138 δῆλον
672 4068 740 4120 ἐκ
765 4066 879 4120 τοῦ·
923 4085 941 4117 ι
978 4067 1165 4135 Χήρας
1193 4064 1347 4135 τίμα,
1378 4063 1475 4127 τὰς
1501 4062 1671 4127 ὅντως
1701 4065 1895 4134 χήρας,
1943 4082 1962 4114 ι

2087 4067 2361 4136 Scriptura
2387 4069 2623 4136 ponitur,
2657 4068 2734 4122 uti
2789 4069 3136 4124 manifestum
3164 4080 3340 4127 estex
3381 4075 3467 4129 his
3526 4093 3654 4132 ver-

388 4158 499 4222 καὶ,
530 4175 547 4207 ι
584 4157 731 4227 Τίμα
754 4156 845 4209 τὸν
892 4156 1102 4227 πατέρα
1131 4155 1225 4209 καὶ
1253 4154 1352 4226 τὴν
1384 4152 1616 4225 μητέρα.
1659 4172 1678 4206 ι
1728 4153 1875 4227 Δὺλὴ
1905 4154 1965 4208 δὲ

2087 4157 2156 4212 iis
2184 4157 2229 4188 ⁸⁸
2268 4174 2283 4210 :
2326 4176 2344 4207 ‹
2380 4155 2579 4212 Viduas
2607 4158 2835 4222 honora,
2873 4172 2994 4227 qua:
3035 4174 3161 4213 vere
3217 4161 3391 4216 vidua:
3421 4175 3588 4231 sunt;
3630 4188 3647 4218 ι

385 4251 517 4321 ἁγία
544 4251 578 4321 ή
616 4248 929 4320 Ἐκκλησία.

452 4433 625 4502 Φωνὴ
660 4433 881 4501 Κυρίου
902 4433 1002 4486 ἐπὶ
1024 4432 1144 4487 τῶν
1168 4433 1422 4495 ὑδάτων,
1452 4450 1507 4486 κ.
1524 4449 1576 4485 τ.
1603 4433 1650 4485 ὲ.
1675 4432 1831 4502 Φωνὴ
1865 4432 1965 4502 μὲν

380 4527 588 4599 Κυρίου
631 4526 745 4595 (55)
777 4525 963 4588 ἁπλῶς
992 4526 1086 4579 ἐπὶ
1109 4527 1217 4580 τῶν
1258 4527 1486 4587 ὑδάτων,
1515 4525 1679 4588 αὑτὸς
1707 4524 1763 4577 δὲ
1793 4525 1822 4577 ὁ
1852 4523 1967 4577 Κύ-

383 4637 496 4689 ριος
523 4620 619 4672 ἐπὶ
648 4618 855 4672 ὑδάτων
881 4617 1109 4671 πολλῶν.
1159 4618 1395 4687 Λογικάς
1422 4617 1479 4670 δὲ
1511 4616 1702 4686 φύσεις
1736 4614 1831 4668 νῦν
1864 4631 1963 4686 ση-

2067 4259 2121 4302 et
2146 4248 2262 4304 istis
2281 4249 2326 4281 ⁸⁸
2362 4264 2378 4304 :
2416 4249 2689 4317 «_Honora
2719 4259 2929 4319 patrem
2952 4259 3008 4306 ct
3034 4260 3282 4308 matrem.
3314 4272 3334 4306 ι
3370 4257 3505 4310 Aula
3547 4275 3650 4313 au-

2072 4350 2177 4395 tem
2216 4350 2426 4405 sancta,
2466 4351 2547 4395 cst
2580 4340 2842 4396 Ecclesia.

2139 4432 2306 4487 Vens.
2334 4432 2387 4486 5.
2440 4430 2548 4486 Vox
2579 4432 2795 4487 Domini
2818 4451 2975 4503 super
2992 4452 3178 4504 aquas,
3212 4446 3317 4492 etc.
3381 4440 3495 4495 Vox
3530 4445 3653 4511 qui-

2069 4526 2192 4578 dem
2230 4524 2440 4578 Domini
2471 4524 2793 4592 simpliciter
2832 4534 2916 4579 est
2948 4540 3113 4593 super
3143 4541 3348 4595 aquas;
3401 4529 3515 4599 ipse
3551 4546 3649 4584 au-

2073 4625 2180 4670 tem
2217 4616 2481 4669 Dominus
2505 4629 2667 4683 super
2694 4629 2864 4683 aquas
2899 4616 3113 4670 inultas.
3149 4615 3525 4675 Ratiouabiles
3551 4638 3652 4674 na-

378 4712 562 4782 μαίνει
588 4710 655 4763 τὰ
671 4710 857 4764 ὑδατα.
887 4729 905 4761 ‹
938 4710 1243 4782 Γενηθήτω,
1324 4710 1477 4779 φησὶ,
1570 4708 1631 4760 τὸ
1668 4707 1957 4778 στερέωμα

2094 4723 2203 4760 ura:
2228 4708 2330 4761 hoc
2360 4707 2475 4761 loco
2500 4707 2658 4775 aquis
2692 4706 3069 4775 signiﬁcantur
3131 4728 3149 4760 c
3193 4709 3333 4768 Fiat.
3370 4711 3545 4781 inquit
3572 4713 3642 4779 ⁸³,

379 4803 437 4854 ὲν
462 4802 612 4873 μέσῳ
635 4801 729 4855 τοῦ
762 4800 971 4866 ὓδατος,
1006 4802 1102 4856 καὶ
1132 4802 1272 4855 ἔστω
1297 4800 1642 4872 διαχωρίζον.
1690 4819 1709 4851 ι

440 4894 549 4948 Kal
573 4893 859 4947 λεπτυνεῖ
885 4893 1070 4959 αὐτὰς
1094 4895 1174 4959 ὡς
1204 4893 1311 4946 τὸν
1335 4894 1576 4961 μόσχον
1614 4889 1722 4945 τοῦ
1781 4890 1957 4944 Λιϐά-

374 5004 507 5050 νου,
553 5003 608 5039 κ.
636 5003 689 5039 τ.
720 4986 767 5039 ἑ.
802 4984 1018 5055 Μόσχος
1052 4984 1283 5037 Λιϐάνου
1312 4983 1422 5049 (56)
1458 4985 1490 5036 ό
1539 4982 1773 5052 πονηρὸς
1823 4980 1957 5033 ὲνώ-

378 5093 500 5129 ταον
516 5076 722 5147 Κυρίου
750 5074 1188 5147 παντοκράτορος
1211 5074 1586 5147 τραχηλιάσας
1614 5074 1709 5127 καὶ
1734 5071 1960 5143 ἀπορρί-

373 5167 480 5237 ψας
522 5166 615 5221 τδν
654 5165 1005 5237 εὑαγγελικδν
1038 5165 1221 5237 ζυγὸν,
1285 5166 1404 5230 θεὸς
1445 5161 1584 5220 εἶναι
1620 5162 1958 5235 βιαζόμενος.

2064 4796 2466 4849 ﬁrmamentum
2499 4797 2549 4849 in
2579 4796 2755 4851 medio
2786 4812 2962 4864 aqua),
2993 4808 3049 4850 et
3070 4798 3142 4851 sit
3164 4798 3430 4855 dividens.
3474 4818 3493 4850 ι

2142 4885 2301 4940 Vens.
2330 4886 2384 4940 6.
2416 4885 2480 4938 Et
2503 4887 2819 4940 comminuet
2850 4904 2938 4941 eus
2962 4898 3212 4956 tanquam
3266 4891 3490 4947 vitulum
3554 4893 3647 4947 Li-

2063 4979 2205 5044 bani,
2238 4977 2583 5033 ctc.Vitulus
2611 4978 2801 5033 Libani
2854 4980 3122 5050 malignus
3170 4992 3253 5038 est
3300 4985 3392 5053 qui
3448 5002 3636 5042 coram

2065 5069 2292 5123 Domino
2315 5069 2687 5136 orrmipotente
2719 5069 2985 5123 cervicem
3012 5071 3271 5128 attollens
3312 5077 3522 5131 excutit
3548 5076 3641 5146 ju-

2069 5177 2194 5231 gum
2214 5160 2614 5229 evangelicum,
2645 5170 2698 5215 et
2726 5162 2859 5217 deus
2888 5162 3074 5220 haberi
3102 5177 3351 5223 conatur.

442 5333 489 5365 "
518 5331 640 5387 Act.
662 5346 761 5395 vn,
792 5330 883 5389 50.
958 5332 1004 5364 ⁸ο
1026 5330 1159 5386 Luc.
1186 5346 1267 5397 tu,
1299 5332 1354 5387 6.
1428 5332 1474 5363 “
1514 5330 1531 5385 Ι
1564 5330 1708 5385 Tim.
1730 5345 1785 5396 v,
1811 5330 1866 5383 5.
1941 5327 1987 5358 ⁸⁸
2021 5324 2194 5380 Exod.
2229 5338 2321 5389 xx,
2366 5323 2447 5379 12.
2525 5323 2788 5380 “Cenes.
2814 5340 2853 5391 I,
2883 5326 2938 5385 6.

441 5490 555 5561 (50)
594 5490 794 5559 Σάρκα
842 5490 958 5561 μὲν
1010 5490 1310 5559 ὠνόμασε,
1356 5498 1464 5543 etc.
1512 5490 1693 5561 Codex
1744 5489 1943 5561 Coisli-

373 5562 592 5643 triauus,
644 5562 858 5617 schedae
904 5560 1128 5625 Grahii,
1182 5562 1491 5630 partimque
1546 5560 1749 5614 Catena
1811 5560 1943 5613 Bar-

372 5630 555 5835 ωὲξι)
595 5699 1031 5769 κληρονομίαν,
1055 5710 1160 5753 etc.
1194 5701 1337 5756 idem
1373 5714 1504 5753 mss.

469 5771 557 5835 52)
598 5772 791 5835 Αὐτὸς
817 5774 849 5823 ό
878 5770 1153 5835 Χριστός,
1179 5781 1284 5826 etc.
1317 5771 1495 5825 Codex

469 5771 557 5838 52)
598 5772 791 5836 Αὐτὸς
817 5774 849 5823 ό
878 5770 1153 5838 Χριστός,
1179 5781 1284 5826 etc.
1317 5771 1495 5825 Codex
1527 5770 1658 5826 Rue.

445 5771 536 5835 (52
598 5772 791 5836 Αὐτὸς
817 5774 849 5823 ό
878 5771 1153 5838 Χριστός,
1179 5781 1284 5826 etc.
1317 5771 1495 5825 Codex
1527 5771 1658 5826 Rue.

445 5771 560 5913 (55)
598 5840 839 5906 Παῦλος
871 5843 903 5894 ό
954 5840 1141 5910 ἅγιος,
1174 5851 1278 5895 etc.
1330 5842 1514 5895 Codex
1567 5842 1699 5907 lloc,
1746 5839 1944 5893 Barba-

577 5936 849 5997 PATROL.
884 5936 1000 5998 Gn.
1035 5934 1180 5997 ΧΠ.

2059 5500 2169 5545 rus.
2198 5484 2368 5539 codex
2390 5484 2783 5543 Coislinianus.

2126 5556 2239 5625 (54)
2293 5556 2345 5606 '0
2376 5556 2682 5626 συνάγων,
2713 5572 2817 5613 etc.
2849 5558 3051 5613 Catena
3080 5556 3349 5612 Corderii.

2129 5626 2242 5695 (55)
2283 5624 2455 5696 Φωνὴ
2504 5627 2622 5695 μὲν
2681 5628 2925 5695 Κυρίου,
2972 5637 3077 5681 etc.
3130 5628 3356 5681 Schedae
3406 5625 3631 5696 Grabii,

2293 5555 2345 5606 '0
2376 5556 2682 5626 συνάγων,
2713 5572 2817 5613 etc.
2849 5558 3051 5613 Catena
3080 5555 3349 5612 Corderii.

2057 5699 2363 5764 partimque
2391 5695 2594 5751 Catena
2628 5697 2893 5758 Corderii.
2930 5714 2994 5751 ac
3027 5697 3321 5752 Barbarus.

2130 5765 2241 5834 (56)
2282 5764 2527 5835 Μόσχος
2555 5766 2832 5833 Λιϐάνου,
2862 5778 2968 5823 etc.
3003 5765 3229 5822 Se‘hedze
3255 5766 3475 5835 Grabii,‘
3498 5769 3630 5825 Bar-

2062 5836 2149 5890 bat
2165 5851 2247 5889 us.

3232 5930 3306 5993 Μ
