4100 6440
335 283 474 336 H95

1740 287 1845 343 ΕΧ-
1860 287 2164 346 OliiGEz‘iE

3446 309 3582 364 1296

333 402 515 454 mantia
543 411 648 467 est,
689 402 868 454 dictare
899 414 1094 454 semen
1115 409 1328 456 motum
1356 404 1443 456 iri.
1487 404 1812 470 Salvatoris,
1844 416 1890 460 ut

2002 410 2060 460 ὲν
2098 410 2324 482 εύθηνίᾳ
2356 410 2505 465 ὅντα.
2538 412 2642 466 Τοῦ
2672 414 2924 486 Σωτῆρος
2961 417 3176 487 μέντοι,
3212 418 3288 481 ὼς
3326 419 3582 484 πολλάκις

331 507 478 560 sit-pe
497 492 759 556 diximus,
773 493 1216 548 humanitas-hoc
1235 495 1397 550 dicit."
1413 495 1725 551 Secundum
1753 497 1904 568 Sym-

335 582 587 636 machum
634 598 785 642 vero,
822 583 866 635 si
901 585 1140 646 dicatur,
1171 601 1211 636 ~r
1263 585 1320 638 in
1377 586 1843 650 solitudine-'mea,
1879 608 1898 641 ι

331 683 512 742 potest
534 673 760 740 intelligi
793 673 1248 742 tranquillitas-et
1277 676 1480 730 annuae
1523 676 1774 743 perfecta:
1804 679 1904 730 im-

332 765 691 828 ierturbatio,
722 763 886 836 842
918 779 1022 834 qua
1051 766 1140 834 qui
1173 765 1756 836 iruitur,-nequaquam
1786 783 1903 820 am-

331 857 472 926 plius
516 857 973 911 commovebitur.
1024 856 1128 923 Qui
1176 859 1323 911 enim
1360 858 1518 913 bonis
1564 858 1901 928 spiritalibus

328 949 586 1014 abundat,
613 965 717 1002 non
740 950 1051 1003 movebitur
1081 951 1133 1005 in
1159 960 1443 1005 aeternum.

400 1043 563 1098 Vens.
590 1043 644 1098 8.
674 1042 916 1109 Domine,
950 1045 1005 1098 in
1046 1043 1315 1097 voluntate
1345 1056 1437 1097 tua
1467 1045 1762 1113 prwstitisti
1807 1045 1901 1100 de-

325 1132 436 1185 cori
469 1148 582 1187 mco
615 1133 881 1187 uirtutem.
913 1132 1161 1187 Avertisti
1198 1131 1391 1199 [aciem
1433 1144 1601 1197 tuam,
1634 1143 1682 1188 et
1726 1135 1912 1201 factus.

330 1239 448 1276 sum
499 1224 881 1290 conturbatus,
933 1235 1040 1279 etc.
1092 1223 1244 1278 Alius
1283 1225 1454 1278 dicit:
1488 1225 1552 1278 Et
1597 1225 1798 1279 Christi
1845 1233 1899 1277 et

325 1315 452 1382 justi
479 1316 686 1384 gratias
711 1316 920 1387 agentis
944 1331 1044 1370 vox
1081 1327 1180 1371 est.
1204 1315 1336 1370 Nam
1363 1325 1556 1384 praeter
1586 1317 1896 1385 praedictum

323 1406 629 1460 divinitatis
653 1407 924 1471 decorem,
952 1406 1173 1461 virtutis
1189 1406 1352 1460 etiam
1370 1407 1677 1459 humanitas
1696 1405 1895 1460 Christi

322 1505 379 1548 et
400 1497 580 1550 oumis
613 1505 832 1551 sanctus
863 1497 1136 1568 particeps
1163 1507 1274 1561 est;
1318 1498 1510 1552 horum
1549 1511 1728 1550 autem
1762 1513 1895 1550 con-

321 1604 444 1642 sors
471 1599 554 1644 est
579 1589 853 1644 voluntate
889 1591 979 1645 Dei
1001 1599 1055 1646 et
1088 1592 1359 1660 praecipuo
1387 1589 1504 1658 ejus
1532 1589 1892 1659 beneplacito.

323 1680 382 1734 Si
419 1695 570 1745 vero,
597 1691 656 1734 ut
679 1671 904 1750 Aquilas
933 1681 1186 1749 scripsit,
1223 1699 1241 1732 ι
1280 1681 1332 1735 in
1367 1691 1545 1734 monte
1576 1695 1716 1743 meo,
1756 1700 1775 1732 ι
1818 1680 1892 1733 lc-

2003 502 2246 571 εἴπομεν,
2273 503 2334 556 τὺ
2361 503 2699 575 ἀνθρώπινον
2728 505 2885 561 τοῦτο
2900 507 3068 578 λέγει.
3103 510 3260 563 Κατὰ
3281 511 3338 563 δὲ
3359 511 3580 582 Σύμμα-

2004 607 2123 658 χον,
2151 590 2246 644 ἐὰν
2374 610 2394 644 ‹
2434 594 2492 646 ὲν
2525 595 2592 665 τῇ
2621 595 2826 666 ἠρεμίᾳ
2859 613 2958 666 μου
2984 635 2999 660 ,
3041 615 3059 647 ι
3085 595 3306 650 δύναται
3329 598 3586 670 τογαλη-

2004 681 2205 736 νὺν-κα).
2223 683 2494 755 ἀτάραχον
2506 684 2607 754 τῆς
2629 685 2810 738 τετελε
2820 703 2882 738 ιω
2889 686 3231 757 μένηςδηλοῦ
3239 687 3360 740 σθαι
3380 687 3576 759 ψυχῆς,

2000 770 2059 822 ὲν
2149 775 2256 836 πᾶς
2281 775 2309 826 ὁ
2347 775 2634 845 γενόμενος
2670 775 2921 847 οὐδαμῶς
2967 777 3045 832 ἔτι
3083 787 3574 851 περιτραπήσεται.

2013 861 2073 915 '0
2109 862 2219 934 γὰρ
2261 863 2505 937 εύθηνῶν
2549 867 2936 937 πνευματικῶς
2980 869 3043 923 ού
3086 869 3578 943 σαλευθήσεταιείς

2000 952 2094 1007 τὸν
2120 953 2315 1009 αἰῶνα.

2070 1045 2267 1111 Κύριε,
2287 1045 2458 1112 ἐν·τῷ
2487 1046 2774 1116 θελήματί
2787 1064 2904 1106 σου
2926 1052 3236 1122 παρέσχου
3267 1051 3348 1119 τῷ
3369 1051 3578 1106 κάλλει

1993 1153 2112 1206 μου
2140 1137 2413 1207 δύναμιν.
2454 1140 2866 1210 Ἀ’πέστρεψας
2892 1142 2961 1196 δὲ
2987 1144 3053 1196 τὸ
3082 1145 3408 1213 πρόσωπόν
3438 1159 3577 1201 σου.

1999 1227 2096 1280 καὶ
2143 1227 2440 1297 ἐγενήθην
2487 1231 2918 1299 τεταραγμένος
2941 1271 2957 1296 ,
2999 1250 3053 1286 κ.
3090 1251 3140 1287 τ.
3183 1233 3230 1286 ἑ.
3283 1231 3474 1294 Ἀλλος
3520 1231 3578 1284 δέ

1998 1335 2162 1389 φησιν
2197 1319 2341 1390 (47)·
2372 1319 2483 1372 Καὶ
2501 1318 2737 1392 Χριστοῦ
2769 1322 3106 1376 καὶ-’δικαίου
3140 1323 3260 1376 ἐστὶ
3296 1323 3448 1394 φωνὴ
3483 1322 3577 1374 εύ-

1996 1411 2311 1480 χαριστική.
2348 1410 2493 1481 Πρὸς
2533 1410 2644 1482 γὰρ
2670 1410 2747 1480 τῷ
2785 1413 3164 1484 προειρημένῳ
3194 1413 3292 1483 τῆς
3310 1413 3576 1482 -θεὸτητος

1996 1499 2217 1562 κάλλει,
2263 1502 2357 1554 καὶ¹
2396 1501 2678 1572 δυνάμεως
2721 1501 2783 1556 τὸ
2814 1503 3154 1574 ἀνθρώπινον
3185 1505 3280 1558 τοῦ
3316 1504 3576 1576 Χριστοῦ,

1995 1588 2091 1641 καὶ
2111 1591 2221 1652 πᾶς
2253 1590 2405 1659 ἆγιος
2445 1591 2807 1664 κεκοινώνηκε
2830 1633 2846 1657 ,
2881 1595 2978 1648 καὶ
3022 1595 3239 1666 μετέχει
3272 1595 3330 1649 δὲ
3367 1594 3575 1648 τούτων

1997 1678 2260 1750 θελήματι
2291 1681 2425 1734 Θεοῦ
2459 1683 2555 1736 κα)⁵
2595 1683 2672 1755 τῷ
2695 1685 3090 1756 προηγουμένῳ
3125 1687 3358 1758 ἑκουσίῳ
3385 1686 3573 1740 αὑτοῦ.

319 1743 761 1840 κοιηιιεξῐησηε-
782 1772 987 1827 Christi
1018 1743 1289 1828 "Ecclesia
1349 1773 1466 1842 ejus
1539 1771 1888 1840 intelligenda

2006 1743 2235 1835 Ἐὰνδὲ,
2266 1772 2342 1836 ὡς
2370 1776 2399 1826 ὁ
2434 1743 2662 1838 Ἀκύλας
2693 1743 2958 1847 εέραὶιὶενξ
2985 1795 3004 1827 ι
3033 1743 3093 1830 ιζ,
3123 1777 3202 1848 τῷ
3232 1743 3350 1848 ὄρει
3381 1793 3506 1848 μου,
3545 1797 3568 1828 -ι

323 1871 432 1925 est,
463 1877 583 1930 qua:
611 1861 869 1915 altissima
900 1871 952 1915 et
972 1861 1218 1917 sublimis
1247 1873 1350 1916 est.
1378 1862 1512 1915 lluic
1541 1862 1712 1914 menti-
1727 1860 1892 1915 Pater

312 1955 469 2022 juxta
499 1953 893 2025 beneplacitum
927 1971 1108 2022 suum,
1141 1956 1354 2010 lirmum
1405 1954 1688 2022 imperium
1721 1954 1892 2008 tradi-

318 2044 416 2106 dit,
444 2043 881 2114 quandoquidem
914 2045 1158 2101 Ecclesia
1185 2046 1404 2114 reliquis
1431 2046 1580 2099 orbis
1607 2055 1761 2099 terrae
1785 2044 1890 2098 im-

317 2143 492 2200 perat,
546 2145 598 2190 et
635 2151 738 2189 una
775 2151 896 2190 cum
928 2135 1148 2192 Christo
1190 2147 1400 2207 regnat.
1453 2135 1508 2191 Si
1542 2151 1672 2189 vero
1710 2136 1889 2190 locum

317 2224 516 2281 habeat
548 2225 860 2298 Symmachi
902 2226 1084 2293 lectio,
1120 2246 1140 2280 ι
1181 2229 1360 2296 primo
1400 2229 1648 2298 parenti,
1685 2229 1889 2297 squis-

316 2333 441 2372 nam
485 2317 687 2373 Christi
725 2317 808 2372 vel
848 2317 981 2386 justi
1031 2319 1242 2388 prinms
1297 2333 1500 2388 parens
1549 2319 1653 2373 dici
1710 2327 1890 2388 potest

312 2419 512 2478 praeter
554 2409 863 2476 Abraham,
913 2410 999 2464 cui
1055 2412 1434 2465 continuatum
1468 2410 1676 2465 censeri
1707 2417 1885 2479 potest

315 2502 624 2571 imperium,
675 2501 986 2572 adimpletis
1028 2502 1140 2572 jam
1177 2501 1884 2571 divinis-.-promissionibus,

316 2609 440 2660 quae
464 2603 519 2647 et
555 2592 745 2661 generi
785 2593 926 2661 ejus,
954 2602 1010 2645 et
1037 2591 1520 2661 omnibus-quibus
1547 2590 1601 2644 in
1643 2590 1758 2660 ipso
1802 2588 1888 2643 be-

312 2685 585 2740 nedictum
626 2694 707 2737 est
730 2684 979 2753 gentibus
1001 2682 1155 2736 iactae
1182 2681 1340 2736 sunt?

370 2773 662 2844 *Ejuadem.
703 2773 815 2830 Non
843 2781 928 2827 est
966 2773 1258 2826 absurdum
1289 2770 1564 2828 Christum
1605 2785 1721 2842 quo
1751 2777 1888 2825 tem-

315 2881 447 2936 pore
482 2880 676 2936 passus
711 2873 818 2930 est,
846 2865 1053 2919 dixisse
1084 2879 1100 2919 :
1137 2884 1156 2915 ‹
1197 2864 1702 2918 Avertisti-fa-ciem
1740 2874 1884 2916 tuam

310 2973 340 3009 ει
380 2971 485 3020 me,
513 2965 568 3009 et
617 2955 794 3009 factus
830 2969 949 3008 sum
975 2954 1369 3021 conturbatus,-
1393 2973 1412 3004 ι
1441 2968 1562 3008 cum
1609 2954 1662 3007 in
1706 2952 1882 3006 Evan-

309 3045 453 3114 gelio
492 3045 650 3100 modo
691 3045 836 3100 dicat
855 3044 902 3078 νδ
937 3063 951 3100 :
997 3064 1016 3098 ι
1075 3044 1217 3101 Deus
1259 3059 1440 3110 meus,
1495 3045 1637 3100 Deus
1693 3059 1881 3109 tuens,
1911 3085 1954 3144 ε

223 3118 242 3138 ⁶
309 3150 481 3205 quare
525 3151 611 3192 me
641 3135 1078 3205 det‘eliquistii-s
1115 3136 1278 3192 modo
1331 3136 1586 3192 autem"
1617 3152 1632 3190 :
1673 3155 1691 3189 ι
1726 3135 1885 3192 Nunc

307 3229 492 3284 anima
521 3244 636 3285 mea
665 3229 884 3286 turbata
899 3238 1002 3284 est.
1038 3245 1058 3280 ι

385 3410 659 3480 Ejusdem.
707 3409 858 3464 Hanc
887 3408 1079 3465 faciem
1127 3423 1344 3480 semper
1372 3409 1558 3465 vident
1591 3410 1788 3480 angeli.
1823 3409 1882 3464 Si

309 3511 490 3556 autem
531 3500 687 3568 juxta
721 3500 1020 3570 sapientem
1073 3499 1676 3556 mulierem'Tbecoitin
1708 3499 1884 3568 angeli

307 3595 488 3649 omnia
538 3601 736 3648 norunt
775 3607 897 3662 quae
937 3600 1067 3647 sunt
1116 3605 1284 3662 super
1332 3601 1554 3653 terram,
1589 3590 1756 3643 facies
1791 3589 1884 3643 Dei

315 3695 440 3740 sum
470 3700 657 3738 eorum
689 3699 808 3751 quae
835 3693 961 3738 sunt
995 3697 1158 3751 super
1190 3691 1429 3748 terram,
1468 3680 1885 3751 rationes,--—qui-

311 3777 411 3832 bus
428 3774 608 3846 opifex
628 3773 752 3843 ejus
773 3772 1000 3826 verbum
1028 3770 1378 3841 exprimitur.

377 3957 545 4012 Vens.
577 3957 633 4021 9,
665 3956 749 4013 10.
777 3955 859 4009 Ad
881 3963 950 4021 te,
983 3954 1227 4018 Dontine,
1249 3952 1512 4018 clamabo,
1542 3963 1591 4007 et
1613 3952 1683 4006 ad
1715 3951 1883 4006 Deum

306 4065 475 4117 meum
506 4045 839 4115 deprecabor.
870 4044 1003 4111 Qua
1026 4044 1230 4098 utilitas
1252 4044 1306 4096 in
1326 4043 1580 4114 sanguine
1608 4059 1741 4108 meo,
1757 4043 1882 4094 dum

307 4140 561 4194 descendo
590 4143 643 4192 in
678 4137 1093 4205 corruptionem,
1128 4145 1234 4190 etc.
1296 4133 1424 4189 lla-c
1467 4134 1664 4189 clamat
1696 4133 1881 4189 setiam

307 4229 402 4298 qui
435 4228 675 4284 caelestia
706 4226 822 4281 sola
856 4225 1009 4294 petit.
1058 4223 1198 4291 Quid
1245 4224 1376 4280 mihi
1407 4223 1647 4293 prodest,
1684 4223 1880 4293 inquit,

309 4335 503 4375 sanum
537 4334 604 4372 ex
650 4315 928 4386 sanguinis
978 4315 1311 4386 plenitudine
1364 4329 1584 4382 corpus,
1617 4307 1743 4368 cum
1797 4327 1883 4368 me

1992 1858 2116 1932 ὅρος
2146 1861 2381 1931 Χριστοῦ
2409 1861 2507 1932 τὴν
2547 1861 2874 1932 Ἐκκλησίαν
2907 1863 3069 1917 αὐτοῦ
3100 1863 3340 1934 νοητέον,
3367 1863 3574 1932 ὑψηλο-

1989 1951 2278 2021 τάτηντ-καὶ
2311 1953 2582 2025 μετέωρον
2618 1953 2802 2009 οὖσαν.
2831 1954 3018 2025 Τούτῳ
3046 1955 3103 2008 δὲ
3126 1954 3206 2025 τῷ
3235 1955 3350 2027 ὄρει
3371 1954 3574 2026 κράτος

1989 2041 2108 2094 ἀπὸ·
2122 2041 2216 2095 τοῦ
2249 2044 2461 2114 Πατρὸς
2497 2047 2554 2099 ὲν
2593 2047 2662 2116 τῇ
2709 2047 2926 2119 εὐδοκία
2970 2046 3137 2100 αὐτοῦ
3183 2049 3300 2100 ὲστι
3335 2046 3570 2116 βεϐαίοις

1989 2130 2162 2188 δοθέν.
2192 2135 2399 2205 Κρατεῖ
2427 2135 2484 2188 δὲ
2510 2137 2544 2206 ἠ
2585 2137 2884 2209 Ἐκκλησία
2932 2136 3288 2207 βασιλεύουσα
3317 2137 3428 2190 τῶν
3455 2135 3569 2190 λοι-

1989 2225 2107 2278 πῶν
2137 2226 2228 2279 ὲπὶ
2251 2228 2352 2298 γῆς
2382 2227 2475 2280 καὶ
2500 2227 3235 2300 Χριστῷ-συμϐασιλεύουσα.
3257 2230 3321 2282 Ei
3351 2228 3407 2282 δὲ
3431 2229 3574 2282 κατὰ

1988 2316 2081 2369 τὸν
2111 2317 2404 2388 Σύμμαχον
2427 2315 2516 2390 ᾖ,ι
2543 2319 2621 2390 τῷ
2652 2322 2977 2393 προπάτορι,
2995 2339 3040 2374 ν»
3063 2319 3145 2384 τίς
3174 2319 3241 2373 ἂν
3271 2319 3572 2391 προπάτωρ

1989 2402 2199 2472 λέγοιτο
2214 2405 2451 2476 Χριστοῦ
2479 2407 2512 2477 ἢ
2540 2408 2634 2460 τοῦ
2655 2408 2920 2479 δικαίουῆ
2942 2411 2972 2461 ὀ
2987 2407 3189 2479 Ἀδραὰ
3197 2426 3256 2480 μ,
3285 2401 3330 2476 ᾧ
3349 2408 3571 2462 δύναται

1987 2496 2245 2550 ὲστάσθαι
2275 2497 2337 2550 τὸ
2369 2497 2568 2568 κράτος
2601 2497 2678 2568 τῷ
2712 2498 2860 2566 γένει
2897 2497 3063 2553 αὐτοῦ
3093 2500 3326 2562 καὶτοῖς
3360 2500 3572 2554 ὲνευλο-

1987 2603 2086 2655 γου
2094 2585 2275 2658 μένοις
2296 2586 2639 2658 αὐτῷεπᾶσιν
2664 2587 2840 2642 ἔθνεσι
2873 2587 3262 2659 πληρουμένων
3279 2589 3389 2643 τῶν
3403 2589 3571 2642 θείων

1989 2677 2349 2750 εὐαγγελίωνς

2033 2770 2174 2824 ρΤοῦ
2207 2771 2412 2824 αὐτοῦ.
2447 2771 2643 2839 Λέγεω
2687 2770 2746 2824 δὲ
2771 2770 2881 2842 (48)
2925 2770 3020 2825 καὶ
3047 2769 3141 2824 τὸν
3168 2767 3403 2840 Χριστὸν
3433 2767 3571 2838 πρὸς

1985 2861 2065 2933 τῷ
2097 2861 2272 2933 καιρῷ
2315 2861 2605 2932 γενόμενον
2639 2862 2732 2915 τοῦ
2775 2862 2977 2926 πάθους
3016 2860 3076 2915 τὸ
3099 2900 3114 2925 ,
3156 2878 3174 2912 ι
3199 2858 3569 2928 ’Δπέστρεψας

1985 2953 2048 3008 τὸ
2084 2952 2374 3025 πρόσωπόν
2413 2970 2508 3005 σου
2534 2991 2550 3016 ,
2597 2952 2692 3006 καὶ
2745 2951 3022 3024 ἐγενήθην
3061 2949 3467 3022 τεταραγμένος
3490 2988 3506 3012 ,
3530 2968 3562 2998 -ο

1986 3046 2088 3098 οὐκ
2125 3044 2271 3098 ἔστιν
2331 3043 2564 3109 ἄτοπον,
2609 3043 2797 3116 ὥσπερ
2849 3043 2946 3098 κα)⁵
3000 3045 3058 3097 ἐν
3115 3043 3195 3113 τῷ
3225 3041 3565 3111 Εὑαγγελίῳ,

1986 3139 2121 3192 ὅπου
2155 3137 2254 3208 μέν
2282 3152 2440 3208 φησι·
2472 3155 2502 3188 4
2538 3135 2639 3189 Θεέ
2673 3153 2772 3207 μου
2789 3175 2813 3202 .,
2839 3135 2940 3188 Θεέ
2968 3151 3067 3205 μου
3092 3173 3108 3196 ,
3140 3135 3226 3188 ἵνα
3264 3135 3317 3186 τί
3363 3150 3432 3203 με
3475 3135 3568 3200 ἐγ·-

1987 3227 2276 3292 κατέλιπες
2307 3244 2382 3295 ς’»
2423 3227 2558 3282 ὃπου
2601 3227 2694 3295 δὲ,
2747 3245 2766 3280 ι
2798 3223 2910 3281 Νῦν
2938 3229 2972 3299 ἠ
3003 3227 3149 3299 ψυχή
3189 3244 3290 3297 μου
3327 3226 3568 3298 τετάρα-

1985 3339 2132 3375 κται.
2148 3353 2156 3361 ·
2172 3339 2192 3372 ι

2061 3412 2170 3466 Τοῦ
2197 3410 2407 3466 αὐτοῦ.
2448 3411 2623 3466 Τοῦτο
2658 3411 2722 3465 τὸ
2759 3411 3051 3483 πρόσωπον
3094 3410 3204 3481 (49)
3247 3412 3298 3463 0i
3343 3410 3564 3479 ἄγγελοι

1987 3502 2242 3574 βλέπουσι
2281 3501 2590 3565 διαπαντός.
2628 3502 2693 3555 Et
2723 3501 2954 3556 δὲκατὰ
2975 3502 3094 3572 τὴν
3128 3500 3297 3572 σοφὴν
3330 3503 3566 3570 γυναῖκα

1983 3595 2083 3664 τὴν
2126 3593 2429 3647 Θεκωῖτίδα
2478 3593 2530 3645 οί
2586 3591 2808 3661 ἄγγελοι
2861 3593 3037 3646 πάντα
3093 3592 3264 3646 οἴδασι
3326 3592 3395 3646 τὰ
3471 3592 3567 3645 ἐπὶ

1983 3683 2110 3754 γῆς,
2163 3682 2226 3736 τὸ
2278 3683 2568 3753 πρόσωπον
2610 3681 2704 3735 τοῦ
2747 3681 2900 3735 ’Θεοῦ
2963 3684 3015 3736 oi
3070 3683 3217 3750 λόγοι
3274 3683 3393 3735 εἰσὶ
3453 3681 3564 3736 τῶν

1984 3775 2078 3827 ἐπὶ
2102 3775 2226 3843 γῆς,
2250 3775 2304 3826 0i
2331 3771 2824 3845 χαρακτηρίζοντες
2865 3771 2956 3826 τὸν
2987 3771 3372 3843 δημιουργικὸν
3397 3770 3563 3826 αὑτοῦ

1984 3863 2164 3934 λόγον.

2055 3955 2213 4024 Πρὸς
2227 3955 2546 4022 εσὲ,’”Κύριε,
2571 3953 2951 4023 κεκράξομαι,
2975 3953 3073 4007 καὶ
3103 3951 3254 4020 πρὸς
3270 3951 3387 4006 «or
3415 3952 3563 4006 Θεόν

1977 4064 2098 4116 μου
2137 4045 2523 4114 δεηθήσομαι.
2560 4045 2658 4111 Τις
2696 4043 2953 4113 ὠφέλεια
2980 4043 3050 4096 ἐν
3085 4040 3166 4108 τῷ
3205 4042 3410 4111 αἵματί
3437 4057 3562 4106 μου

1980 4137 2052 4191 ἐν
2080 4135 2158 4202 τῷ
2189 4136 2515 4202 καταΰῆναί
2532 4153 2610 4207 με
2637 4139 2724 4203 εις
2747 4134 3096 4204 διαφθορὰν,
3113 4151 3174 4187 α.
3203 4150 3254 4188 τ.
3281 4134 3327 4186 ὲ.
3351 4132 3562 4202 Κράζει

1981 4227 2154 4282 ταῦτα
2187 4227 2302 4300 (50)
2334 4229 2431 4282 καὶ
2459 4230 2504 4282 ’ὁ
2547 4229 2615 4282 τὰ
2647 4227 2946 4298 ἐπουράνια
2993 4224 3131 4297 μόνα
3160 4224 3362 4278 ποθῶν.
3391 4223 3458 4275 Τί
3493 4239 3560 4293 με

1981 4320 2096 4383 δεῖ,
2143 4321 2307 4390 φησὶν
2330 4360 2344 4384 ,
2374 4321 2616 4373 εύεκτεῖν
2662 4321 2721 4373 ὲν
2765 4319 2995 4390 αἵματος
3044 4315 3240 4388 πλήθει
3285 4315 3344 4368 τὸ
3375 4314 3557 4384 σῶμα,

307 4422 528 4465 maneat
561 4409 738 4462 futura
767 4421 832 4462 ex
883 4416 1061 4462 morte
1104 4405 1428 4475 corruptio?
1457 4405 1540 4459 An
1563 4419 1668 4458 non
1697 4405 1876 4475 potius

1991 4410 2432 4482 προσδοκωμένης
2459 4427 2548 4481 μοι
2579 4409 2678 4481 τῆς
2700 4407 2871 4462 ὲκτοῦ
2897 4407 3127 4462 θανάτου
3143 4403 3388 4474 φθορᾶςς
3421 4401 3558 4455 Ἀλλ’

306 4502 682 4572 castigandum
743 4509 847 4562 est,
903 4513 969 4552 ne
1043 4499 1264 4568 sanguis
1321 4497 1682 4552 eﬂ‘ervescens
1721 4509 1880 4550 occa-

307 4595 517 4650 sionem
579 4591 837 4662 peccandi
876 4589 1155 4659 praebeat?

379 4685 657 4755 Ejusdem.
704 4681 905 4738 Videtis
935 4696 1034 4737 nos
1064 4680 1197 4736 nihil
1226 4680 1464 4749 pretioso
1499 4678 1633 4749 ejus,
1657 4695 1764 4748 quo
1791 4694 1876 4733 re-

307 4777 509 4846 dempti
537 4790 747 4837 sumus,
791 4773 1057 4842 sanguine
1080 4771 1304 4841 dignum
1334 4785 1520 4840 agerc,
1552 4772 1666 4823 haec
1693 4771 1879 4822 Salva-

310 4881 394 4925 tor
415 4871 509 4924 ait.
534 4868 670 4924 Cum
699 4867 846 4922 enim
873 4864 1119 4920 nonnulli
1149 4879 1244 4934 pro
1266 4864 1462 4932 quibus
1489 4871 1739 4916 mortuus
1770 4871 1875 4926 est,

310 4963 363 5016 in
389 4970 611 5031 peccato
644 4969 698 5015 et
728 4959 1400 5029 impietatepermaneaut,
1423 4955 1622 5008 frustra
1654 4955 1877 5008 descen-

307 5054 453 5108 disse
491 5052 543 5106 in
576 5053 1005 5119 corruptionem,
1053 5062 1110 5106 et
1137 5047 1473 5118 -Sauguittetn
1516 5043 1770 5098 etl'ndisse
1805 5046 1877 5098 vi-

378 5195 424 5229 “
451 5193 643 5249 Matth.
674 5207 840 5256 xxvn,
868 5191 958 5246 46.
1026 5191 1080 5224 ’⁸
1114 5187 1270 5244 Joan.
1317 5203 1415 5254 xu,
1444 5187 1536 5240 ‘27.

379 5327 492 5397 (47)
536 5323 1083 5393 Ἀλλοςὸέφησιη
1122 5330 1227 5376 etc.
1259 5320 1436 5375 Codex
1472 5317 1872 5386 Bsroocianus,

306 5399 504 5454 Cati-na
533 5397 777 5451 Barbari.

380 5469 493 5546 (tant)
533 5467 740 5546 Αέτειν
769 5464 857 5546 δέ,
886 5473 1006 5546 elc.‘
1023 5460 1202 5546 Codex
1233 5458 1622 5546 Baroccianus.
1678 5527 1717 5546 η
1759 5528 1770 5540 ⁸

321 5583 324 5586 ,
537 5527 714 5590 Τοῦτο
761 5527 1237 5607 ἰνδ-πρόσωπον,
1285 5539 1389 5584 etc.
1441 5529 1624 5585 Codex
1677 5527 1871 5584 Coisli-

312 5601 504 5662 manus
528 5618 581 5658 et
612 5607 820 5659 scheth
845 5601 1054 5658 Grubii.

379 5677 490 5741 (30)
531 5674 731 5742 Κρᾶζῖει
754 5674 960 5738 ταῦτα,
995 5685 1101 5727 etc.
1130 5669 1348 5740 Origeni
1383 5668 1627 5724 tribuunt
1654 5667 1865 5724 sehedx

1977 4502 2038 4555 οὐ
2074 4501 2271 4572 μᾶλλον
2303 4502 2643 4566 ὑπωπιάζειν
2676 4501 2736 4553 τὸ
2771 4499 2963 4570 σῶμα,
3015 4498 3210 4569 μήπως
3253 4493 3560 4566 ύπερζέσαν

1976 4587 2210 4663 τὸ-αἷμα
2243 4591 2682 4663 πρὸςιάμαρτίαν
2711 4592 2912 4661 κινήσῃ
2937 4606 2953 4654 ;

2053 4683 2164 4738 Τοῦ
2187 4683 2396 4739 αὑτοῦ.
2441 4682 2614 4754 Ὁρῶν
2646 4681 2810 4753 μηδὲν
2844 4680 2992 4744 ἄξιον
3023 4677 3134 4748 (51.)
3162 4678 3311 4746 ἡμᾶς
3343 4674 3558 4729 ποιοῦν-

1977 4792 2077 4839 τας
2109 4774 2201 4827 τοῦ
2225 4775 2407 4845 τιμίου
2437 4775 2688 4846 αἳματος,
2718 4767 2779 4826 οὗ
2814 4769 3221 4842 ὴγοράσθημεν.
3247 4767 3423 4822 ταῦτά
3456 4784 3559 4838 φη-

1986 4883 2069 4919 σιν
2089 4869 2118 4919 ὁ
2148 4867 2355 4937 Σωτήρ.
2395 4866 2613 4935 Ἐπειδὴ
2645 4865 2751 4935 γάρ
2781 4880 2925 4926 τινες
2953 4861 3063 4916 τῶν
3091 4861 3230 4932 ὑπὲρ
3254 4853 3330 4913 ὧν
3353 4859 3558 4914 ἀπέθα-

1983 4974 2106 5022 νεν,
2128 4957 2458 5028 ἐπιμένουσι
2497 4956 2665 5027 κακίᾳ
2713 4956 2808 5009 καὶ
2837 4954 3164 5025 -δυσσεῦείᾳ,
3191 4951 3367 5017 ἔδοξεν
3411 4954 3445 5022 ἡ
3479 4951 3558 5013 εἰς

1979 5047 2079 5118 τὴν
2105 5047 2401 5118 διαφθορὰν
2429 5047 2522 5102 τοῦ
2559 5046 2808 5118 Σωτῆρος
2843 5043 3066 5110 κάθοδος
3093 5083 3111 5110 ,
3137 5046 3230 5100 καὶ
3260 5047 3293 5116 ἠ
3341 5043 3574 5115 ἔκχυσις

1981 5320 2193 5384 Grahii,
2223 5319 2319 5374 sed
2357 5332 2550 5372 vereor
2579 5332 2646 5370 ne
2674 5316 2804 5384 quid
2832 5331 2896 5367 ex
2933 5313 3130 5369 Basilio
3169 5312 3256 5366 hic
3291 5312 3556 5384 inscrtum

1982 5393 2144 5445 fuerit
2175 5381 2188 5443 ξ
2223 5391 2322 5442 nisi
2383 5387 2538 5442 malis
2586 5381 2766 5440 direre
2819 5385 3076 5438 Basilium
3113 5400 3177 5437 ex
3224 5381 3460 5452 Origene
3493 5400 3556 5436 ea

1979 5478 2101 5516 es~e
2136 5471 2461 5514 mutuatum.
2498 5455 2629 5510 Vide
2663 5455 2886 5508 Barbari
2914 5456 3198 5510 Catenam.

2048 5551 2162 5623 (51)
2215 5547 2400 5623 Ὁρῶν.
2426 5546 2620 5623 μηδὲν
2651 5545 2846 5623 rigor,
2889 5556 2996 5602 etc.
3042 5545 3246 5602 Catena
3283 5542 3553 5610 Corderii,
3593 5587 3596 5592 .

1975 5635 2028 5678 et
2057 5617 2229 5677 codex
2259 5617 2626 5678 Coislmianus
2662 5617 2782 5674 189.
