  <div class='ocr_page' id='page_1' title='image "/cluster/home/n/w/nwhite01/storage/ocr_20150623/12:no.2/coo.31924054873074/665.png"; bbox 0 0 4100 6446; ppageno 0'>
   <div class='ocr_carea' id='block_1_1' title="bbox 422 307 563 366">
    <p class='ocr_par' dir='ltr' id='par_1_1' title="bbox 422 307 563 366">
     <span class='ocr_line' id='line_1_1' title="bbox 422 307 563 366; baseline 0.021 -3"><span class='ocrx_word' id='word_1_1' title='bbox 422 307 563 366; x_wconf 73' lang='grc'><strong>1503</strong></span> 
     </span>
    </p>
   </div>
   <div class='ocr_carea' id='block_1_2' title="bbox 1833 312 2265 372">
    <p class='ocr_par' dir='ltr' id='par_1_2' title="bbox 1833 312 2265 372">
     <span class='ocr_line' id='line_1_2' title="bbox 1833 312 2265 372; baseline 0.005 -3"><span class='ocrx_word' id='word_1_2' title='bbox 1833 312 1926 369; x_wconf 78' lang='lat' dir='ltr'><strong>EX</strong></span> <span class='ocrx_word' id='word_1_3' title='bbox 1960 314 2265 372; x_wconf 80' lang='lat' dir='ltr'><strong>ORIGENE</strong></span> 
     </span>
    </p>
   </div>
   <div class='ocr_carea' id='block_1_3' title="bbox 3544 318 3681 375">
    <p class='ocr_par' dir='ltr' id='par_1_3' title="bbox 3544 318 3681 375">
     <span class='ocr_line' id='line_1_3' title="bbox 3544 318 3681 375; baseline -0.007 0"><span class='ocrx_word' id='word_1_4' title='bbox 3544 318 3681 375; x_wconf 64' lang='grc'><strong>1304</strong></span> 
     </span>
    </p>
   </div>
   <div class='ocr_carea' id='block_1_4' title="bbox 424 418 2001 501">
    <p class='ocr_par' dir='ltr' id='par_1_4' title="bbox 424 418 2000 493">
     <span class='ocr_line' id='line_1_4' title="bbox 424 418 2000 493; baseline 0.004 -22"><span class='ocrx_word' id='word_1_5' title='bbox 424 419 677 479; x_wconf 70' lang='lat' dir='ltr'><strong>iustitiam</strong></span> <span class='ocrx_word' id='word_1_6' title='bbox 701 434 867 475; x_wconf 76' lang='lat' dir='ltr'><strong>meam</strong></span> <span class='ocrx_word' id='word_1_7' title='bbox 890 436 992 475; x_wconf 83' lang='lat' dir='ltr'><strong>non</strong></span> <span class='ocrx_word' id='word_1_8' title='bbox 1009 420 1281 476; x_wconf 72' lang='lat' dir='ltr'><strong>abscondi.</strong></span> <span class='ocrx_word' id='word_1_9' title='bbox 1308 418 1430 477; x_wconf 66' lang='lat' dir='ltr'><strong>Dixi</strong></span> <span class='ocrx_word' id='word_1_10' title='bbox 1450 440 1466 478; x_wconf 93' lang='lat'><em>:</em></span> <span class='ocrx_word' id='word_1_11' title='bbox 1485 420 1788 493; x_wconf 81' lang='lat' dir='ltr'><strong>Confitebor</strong></span> <span class='ocrx_word' id='word_1_12' title='bbox 1813 426 2000 479; x_wconf 82' lang='lat' dir='ltr'><strong>adver-</strong></span> 
     </span>
    </p>
   </div>
   <div class='ocr_carea' id='block_1_5' title="bbox 2102 418 3684 501">
    <p class='ocr_par' dir='ltr' id='par_1_5' title="bbox 2102 421 3684 501">
     <span class='ocr_line' id='line_1_5' title="bbox 2102 421 3684 501; baseline 0.004 -19"><span class='ocrx_word' id='word_1_13' title='bbox 2102 442 2219 496; x_wconf 80' lang='grc' dir='ltr'><strong>μου</strong></span> <span class='ocrx_word' id='word_1_14' title='bbox 2252 425 2363 482; x_wconf 73' lang='grc' dir='ltr'><strong>οὐκ</strong></span> <span class='ocrx_word' id='word_1_15' title='bbox 2391 425 2693 497; x_wconf 55' lang='grc' dir='ltr'>ἐκάλυψα.</span> <span class='ocrx_word' id='word_1_16' title='bbox 2725 421 2900 482; x_wconf 76' lang='grc' dir='ltr'><strong>Εἴπα·</strong></span> <span class='ocrx_word' id='word_1_17' title='bbox 2944 426 3349 499; x_wconf 75' lang='grc' dir='ltr'>Ἐξαγυρεὺσω</span> <span class='ocrx_word' id='word_1_18' title='bbox 3378 430 3505 483; x_wconf 80' lang='grc' dir='ltr'>κατ’</span> <span class='ocrx_word' id='word_1_19' title='bbox 3533 432 3684 501; x_wconf 80' lang='grc' dir='ltr'><strong>ἐμοῦ</strong></span> 
     </span>
    </p>
   </div>
   <div class='ocr_carea' id='block_1_6' title="bbox 420 508 2019 579">
    <p class='ocr_par' dir='ltr' id='par_1_6' title="bbox 420 508 2019 579">
     <span class='ocr_line' id='line_1_6' title="bbox 420 508 2019 579; baseline 0.004 -17"><span class='ocrx_word' id='word_1_20' title='bbox 420 525 535 562; x_wconf 81' lang='lat' dir='ltr'><strong>sum</strong></span> <span class='ocrx_word' id='word_1_21' title='bbox 579 524 660 563; x_wconf 83' lang='lat' dir='ltr'><strong>me</strong></span> <span class='ocrx_word' id='word_1_22' title='bbox 690 508 1003 579; x_wconf 70' lang='lat' dir='ltr'><strong>injustitiam</strong></span> <span class='ocrx_word' id='word_1_23' title='bbox 1030 526 1198 565; x_wconf 85' lang='lat' dir='ltr'><strong>meam</strong></span> <span class='ocrx_word' id='word_1_24' title='bbox 1245 509 1472 567; x_wconf 81' lang='lat' dir='ltr'><strong>Domino</strong></span> <span class='ocrx_word' id='word_1_25' title='bbox 1492 554 1505 577; x_wconf 83' lang='lat'><strong>,</strong></span> <span class='ocrx_word' id='word_1_26' title='bbox 1539 522 1644 569; x_wconf 98' lang='lat' dir='ltr'><strong>etc.</strong></span> <span class='ocrx_word' id='word_1_27' title='bbox 1669 529 1690 564; x_wconf 80' lang='grc' dir='ltr'><strong>ι</strong></span> <span class='ocrx_word' id='word_1_28' title='bbox 1728 512 1915 568; x_wconf 83' lang='lat' dir='ltr'><strong>Justus</strong></span> <span class='ocrx_word' id='word_1_29' title='bbox 1947 513 2019 568; x_wconf 82' lang='lat' dir='ltr'><strong>in‘</strong></span> 
     </span>
    </p>
   </div>
   <div class='ocr_carea' id='block_1_7' title="bbox 423 599 1641 679">
    <p class='ocr_par' dir='ltr' id='par_1_7' title="bbox 423 599 1641 679">
     <span class='ocr_line' id='line_1_7' title="bbox 423 599 1641 679; baseline 0.004 -28"><span class='ocrx_word' id='word_1_30' title='bbox 423 599 687 679; x_wconf 79' lang='lat' dir='ltr'><strong>principio</strong></span> <span class='ocrx_word' id='word_1_31' title='bbox 722 600 992 655; x_wconf 87' lang='lat' dir='ltr'><strong>sermonis</strong></span> <span class='ocrx_word' id='word_1_32' title='bbox 1012 610 1296 657; x_wconf 78' lang='lat' dir='ltr'><strong>accusator</strong></span> <span class='ocrx_word' id='word_1_33' title='bbox 1322 611 1406 658; x_wconf 85' lang='lat' dir='ltr'><strong>est</strong></span> <span class='ocrx_word' id='word_1_34' title='bbox 1433 602 1579 659; x_wconf 81' lang='lat' dir='ltr'><strong>sui‘.</strong></span> <span class='ocrx_word' id='word_1_35' title='bbox 1620 622 1641 656; x_wconf 76' lang='grc' dir='ltr'><strong>ι</strong></span> 
     </span>
    </p>
   </div>
   <div class='ocr_carea' id='block_1_8' title="bbox 497 690 1999 764">
    <p class='ocr_par' dir='ltr' id='par_1_8' title="bbox 497 690 1999 764">
     <span class='ocr_line' id='line_1_8' title="bbox 497 690 1999 764; baseline 0.003 -20"><span class='ocrx_word' id='word_1_36' title='bbox 497 691 658 745; x_wconf 70' lang='lat' dir='ltr'><strong>Vens.</strong></span> <span class='ocrx_word' id='word_1_37' title='bbox 686 691 738 747; x_wconf 90' lang='lat'><strong>9.</strong></span> <span class='ocrx_word' id='word_1_38' title='bbox 784 690 961 745; x_wconf 81' lang='lat' dir='ltr'><strong>Nolite</strong></span> <span class='ocrx_word' id='word_1_39' title='bbox 1000 691 1118 760; x_wconf 71' lang='lat' dir='ltr'><strong>ﬁeri</strong></span> <span class='ocrx_word' id='word_1_40' title='bbox 1146 692 1284 747; x_wconf 77' lang='lat' dir='ltr'><strong>sicut</strong></span> <span class='ocrx_word' id='word_1_41' title='bbox 1321 709 1485 763; x_wconf 75' lang='lat' dir='ltr'><strong>equus</strong></span> <span class='ocrx_word' id='word_1_42' title='bbox 1512 703 1560 748; x_wconf 86' lang='lat' dir='ltr'><strong>et</strong></span> <span class='ocrx_word' id='word_1_43' title='bbox 1582 693 1784 759; x_wconf 80' lang='lat' dir='ltr'><strong>mulus,</strong></span> <span class='ocrx_word' id='word_1_44' title='bbox 1813 694 1999 764; x_wconf 79' lang='lat' dir='ltr'><strong>quibus</strong></span> 
     </span>
    </p>
   </div>
   <div class='ocr_carea' id='block_1_9' title="bbox 422 782 2001 849">
    <p class='ocr_par' dir='ltr' id='par_1_9' title="bbox 422 782 2001 849">
     <span class='ocr_line' id='line_1_9' title="bbox 422 782 2001 849; baseline 0.003 -8"><span class='ocrx_word' id='word_1_45' title='bbox 422 804 526 841; x_wconf 82' lang='lat' dir='ltr'><strong>non</strong></span> <span class='ocrx_word' id='word_1_46' title='bbox 555 794 632 839; x_wconf 82' lang='lat' dir='ltr'><strong>cst</strong></span> <span class='ocrx_word' id='word_1_47' title='bbox 658 782 979 849; x_wconf 80' lang='lat' dir='ltr'><strong>intellectus,</strong></span> <span class='ocrx_word' id='word_1_48' title='bbox 1019 793 1129 840; x_wconf 86' lang='lat' dir='ltr'><strong>etc.</strong></span> <span class='ocrx_word' id='word_1_49' title='bbox 1172 785 1611 843; x_wconf 85' lang='lat' dir='ltr'><strong>lrrationabilem</strong></span> <span class='ocrx_word' id='word_1_50' title='bbox 1648 789 1845 843; x_wconf 62' lang='lat' dir='ltr'><strong>animm</strong></span> <span class='ocrx_word' id='word_1_51' title='bbox 1884 804 2001 845; x_wconf 89' lang='lat' dir='ltr'><strong>mo-</strong></span> 
     </span>
    </p>
   </div>
   <div class='ocr_carea' id='block_1_10' title="bbox 425 878 1999 946">
    <p class='ocr_par' dir='ltr' id='par_1_10' title="bbox 425 878 1999 946">
     <span class='ocr_line' id='line_1_10' title="bbox 425 878 1999 946; baseline 0.003 -15"><span class='ocrx_word' id='word_1_52' title='bbox 425 889 533 931; x_wconf 90' lang='lat' dir='ltr'><strong>tum</strong></span> <span class='ocrx_word' id='word_1_53' title='bbox 571 886 730 931; x_wconf 82' lang='lat' dir='ltr'><strong>Vocat</strong></span> <span class='ocrx_word' id='word_1_54' title='bbox 765 892 967 946; x_wconf 88' lang='lat' dir='ltr'><strong>equum</strong></span> <span class='ocrx_word' id='word_1_55' title='bbox 1000 887 1056 933; x_wconf 89' lang='lat' dir='ltr'><strong>et</strong></span> <span class='ocrx_word' id='word_1_56' title='bbox 1099 878 1324 934; x_wconf 91' lang='lat' dir='ltr'><strong>mulum.</strong></span> <span class='ocrx_word' id='word_1_57' title='bbox 1359 880 1670 935; x_wconf 89' lang='lat' dir='ltr'><strong>Intellectus</strong></span> <span class='ocrx_word' id='word_1_58' title='bbox 1706 889 1887 935; x_wconf 86' lang='lat' dir='ltr'><strong>autem</strong></span> <span class='ocrx_word' id='word_1_59' title='bbox 1915 888 1999 935; x_wconf 88' lang='lat' dir='ltr'><strong>est</strong></span> 
     </span>
    </p>
   </div>
   <div class='ocr_carea' id='block_1_11' title="bbox 423 967 1507 1039">
    <p class='ocr_par' dir='ltr' id='par_1_11' title="bbox 423 967 1507 1039">
     <span class='ocr_line' id='line_1_11' title="bbox 423 967 1507 1039; baseline 0.003 -17"><span class='ocrx_word' id='word_1_60' title='bbox 423 967 759 1022; x_wconf 72' lang='lat' dir='ltr'><strong>rationabilis</strong></span> <span class='ocrx_word' id='word_1_61' title='bbox 797 967 1038 1036; x_wconf 75' lang='lat' dir='ltr'><strong>cognitio</strong></span> <span class='ocrx_word' id='word_1_62' title='bbox 1069 977 1125 1023; x_wconf 90' lang='lat' dir='ltr'><strong>et</strong></span> <span class='ocrx_word' id='word_1_63' title='bbox 1164 969 1507 1039; x_wconf 85' lang='lat' dir='ltr'><strong>dijudicatio.</strong></span> 
     </span>
    </p>
   </div>
   <div class='ocr_carea' id='block_1_12' title="bbox 495 1058 1998 1131">
    <p class='ocr_par' dir='ltr' id='par_1_12' title="bbox 495 1058 1998 1131">
     <span class='ocr_line' id='line_1_12' title="bbox 495 1058 1998 1131; baseline 0.001 -17"><span class='ocrx_word' id='word_1_64' title='bbox 495 1059 655 1114; x_wconf 77' lang='lat' dir='ltr'><strong>Vens.</strong></span> <span class='ocrx_word' id='word_1_65' title='bbox 691 1059 778 1114; x_wconf 77' lang='grc'><strong>10.</strong></span> <span class='ocrx_word' id='word_1_66' title='bbox 823 1058 995 1112; x_wconf 81' lang='lat' dir='ltr'><strong>Multa</strong></span> <span class='ocrx_word' id='word_1_67' title='bbox 1045 1060 1259 1129; x_wconf 82' lang='lat' dir='ltr'><strong>ﬂagella</strong></span> <span class='ocrx_word' id='word_1_68' title='bbox 1309 1062 1601 1131; x_wconf 76' lang='lat' dir='ltr'><strong>peccatoris</strong></span> <span class='ocrx_word' id='word_1_69' title='bbox 1627 1102 1642 1126; x_wconf 95' lang='lat'><strong>,</strong></span> <span class='ocrx_word' id='word_1_70' title='bbox 1675 1069 1781 1116; x_wconf 86' lang='lat' dir='ltr'><strong>etc.</strong></span> <span class='ocrx_word' id='word_1_71' title='bbox 1815 1060 1998 1116; x_wconf 65' lang='lat' dir='ltr'><strong>Multa!</strong></span> 
     </span>
    </p>
   </div>
   <div class='ocr_carea' id='block_1_13' title="bbox 422 1149 2000 1226">
    <p class='ocr_par' dir='ltr' id='par_1_13' title="bbox 422 1149 2000 1226">
     <span class='ocr_line' id='line_1_13' title="bbox 422 1149 2000 1226; baseline 0.004 -22"><span class='ocrx_word' id='word_1_72' title='bbox 422 1151 803 1206; x_wconf 83' lang='lat' dir='ltr'><strong>tribulationes</strong></span> <span class='ocrx_word' id='word_1_73' title='bbox 826 1149 1124 1220; x_wconf 80' lang='lat' dir='ltr'><strong>iustorum,</strong></span> <span class='ocrx_word' id='word_1_74' title='bbox 1164 1152 1333 1208; x_wconf 87' lang='lat' dir='ltr'><strong>multa</strong></span> <span class='ocrx_word' id='word_1_75' title='bbox 1364 1154 1616 1210; x_wconf 85' lang='lat' dir='ltr'><strong>dicuntur</strong></span> <span class='ocrx_word' id='word_1_76' title='bbox 1635 1154 1843 1226; x_wconf 86' lang='lat' dir='ltr'><strong>ﬂagella</strong></span> <span class='ocrx_word' id='word_1_77' title='bbox 1879 1168 2000 1223; x_wconf 83' lang='lat' dir='ltr'><strong>pec-</strong></span> 
     </span>
    </p>
   </div>
   <div class='ocr_carea' id='block_1_14' title="bbox 420 1251 696 1295">
    <p class='ocr_par' dir='ltr' id='par_1_14' title="bbox 420 1251 696 1295">
     <span class='ocr_line' id='line_1_14' title="bbox 420 1251 696 1295; baseline 0.007 -2"><span class='ocrx_word' id='word_1_78' title='bbox 420 1251 696 1295; x_wconf 80' lang='lat' dir='ltr'><strong>calorum.</strong></span> 
     </span>
    </p>
   </div>
   <div class='ocr_carea' id='block_1_15' title="bbox 493 1333 1997 1407">
    <p class='ocr_par' dir='ltr' id='par_1_15' title="bbox 493 1333 1997 1407">
     <span class='ocr_line' id='line_1_15' title="bbox 493 1333 1997 1407; baseline 0.003 -18"><span class='ocrx_word' id='word_1_79' title='bbox 493 1335 656 1391; x_wconf 76' lang='lat' dir='ltr'><strong>Vens.</strong></span> <span class='ocrx_word' id='word_1_80' title='bbox 702 1336 786 1393; x_wconf 82' lang='lat' dir='ltr'><strong>ll.</strong></span> <span class='ocrx_word' id='word_1_81' title='bbox 833 1333 901 1391; x_wconf 83' lang='lat' dir='ltr'><strong>Et</strong></span> <span class='ocrx_word' id='word_1_82' title='bbox 938 1336 1272 1407; x_wconf 75' lang='lat' dir='ltr'><strong>gloriamini,</strong></span> <span class='ocrx_word' id='word_1_83' title='bbox 1289 1353 1464 1390; x_wconf 82' lang='lat' dir='ltr'><strong>omnes</strong></span> <span class='ocrx_word' id='word_1_84' title='bbox 1505 1337 1631 1392; x_wconf 85' lang='lat' dir='ltr'><strong>recti</strong></span> <span class='ocrx_word' id='word_1_85' title='bbox 1682 1338 1858 1401; x_wconf 84' lang='lat' dir='ltr'><strong>corde,</strong></span> <span class='ocrx_word' id='word_1_86' title='bbox 1890 1347 1997 1393; x_wconf 75' lang='lat' dir='ltr'><strong>etc.</strong></span> 
     </span>
    </p>
   </div>
   <div class='ocr_carea' id='block_1_16' title="bbox 425 1425 1996 1495">
    <p class='ocr_par' dir='ltr' id='par_1_16' title="bbox 425 1425 1996 1495">
     <span class='ocr_line' id='line_1_16' title="bbox 425 1425 1996 1495; baseline -0.001 -15"><span class='ocrx_word' id='word_1_87' title='bbox 425 1426 480 1480; x_wconf 89' lang='lat' dir='ltr'><strong>Si</strong></span> <span class='ocrx_word' id='word_1_88' title='bbox 512 1427 603 1495; x_wconf 91' lang='lat' dir='ltr'><strong>qui</strong></span> <span class='ocrx_word' id='word_1_89' title='bbox 634 1427 956 1495; x_wconf 88' lang='lat' dir='ltr'><strong>gloriantur,</strong></span> <span class='ocrx_word' id='word_1_90' title='bbox 986 1426 1023 1481; x_wconf 89' lang='lat' dir='ltr'><strong>ii</strong></span> <span class='ocrx_word' id='word_1_91' title='bbox 1058 1425 1190 1480; x_wconf 86' lang='lat' dir='ltr'><strong>recti</strong></span> <span class='ocrx_word' id='word_1_92' title='bbox 1237 1436 1364 1480; x_wconf 89' lang='lat' dir='ltr'><strong>sunt</strong></span> <span class='ocrx_word' id='word_1_93' title='bbox 1396 1428 1579 1487; x_wconf 85' lang='lat' dir='ltr'><strong>corde,</strong></span> <span class='ocrx_word' id='word_1_94' title='bbox 1618 1442 1722 1481; x_wconf 93' lang='lat' dir='ltr'><strong>non</strong></span> <span class='ocrx_word' id='word_1_95' title='bbox 1756 1428 1996 1481; x_wconf 79' lang='grc' dir='ltr'>οηηιὶιηη</span> 
     </span>
    </p>
   </div>
   <div class='ocr_carea' id='block_1_17' title="bbox 422 1516 1995 1587">
    <p class='ocr_par' dir='ltr' id='par_1_17' title="bbox 422 1516 1995 1587">
     <span class='ocr_line' id='line_1_17' title="bbox 422 1516 1995 1587; baseline 0.003 -20"><span class='ocrx_word' id='word_1_96' title='bbox 422 1527 505 1571; x_wconf 79' lang='lat' dir='ltr'><strong>cst</strong></span> <span class='ocrx_word' id='word_1_97' title='bbox 537 1518 589 1570; x_wconf 89' lang='lat' dir='ltr'><strong>in</strong></span> <span class='ocrx_word' id='word_1_98' title='bbox 622 1516 850 1571; x_wconf 85' lang='lat' dir='ltr'><strong>Domino</strong></span> <span class='ocrx_word' id='word_1_99' title='bbox 879 1516 1120 1587; x_wconf 86' lang='lat' dir='ltr'><strong>gloriari,</strong></span> <span class='ocrx_word' id='word_1_100' title='bbox 1152 1516 1407 1586; x_wconf 89' lang='lat' dir='ltr'><strong>quoniam</strong></span> <span class='ocrx_word' id='word_1_101' title='bbox 1441 1531 1615 1584; x_wconf 79' lang='lat' dir='ltr'><strong>neque</strong></span> <span class='ocrx_word' id='word_1_102' title='bbox 1643 1531 1832 1571; x_wconf 89' lang='lat' dir='ltr'><strong>omnes</strong></span> <span class='ocrx_word' id='word_1_103' title='bbox 1866 1517 1995 1572; x_wconf 86' lang='lat' dir='ltr'><strong>recti</strong></span> 
     </span>
    </p>
   </div>
   <div class='ocr_carea' id='block_1_18' title="bbox 423 1610 761 1663">
    <p class='ocr_par' dir='ltr' id='par_1_18' title="bbox 423 1610 761 1663">
     <span class='ocr_line' id='line_1_18' title="bbox 423 1610 761 1663; baseline -0.006 -1"><span class='ocrx_word' id='word_1_104' title='bbox 423 1618 549 1662; x_wconf 77' lang='lat' dir='ltr'><strong>Slllll</strong></span> <span class='ocrx_word' id='word_1_105' title='bbox 575 1610 761 1663; x_wconf 83' lang='lat' dir='ltr'><strong>corde.</strong></span> 
     </span>
    </p>
   </div>
   <div class='ocr_carea' id='block_1_19' title="bbox 496 1696 2002 1769">
    <p class='ocr_par' dir='ltr' id='par_1_19' title="bbox 496 1696 2002 1769">
     <span class='ocr_line' id='line_1_19' title="bbox 496 1696 2002 1769; baseline 0.001 -19"><span class='ocrx_word' id='word_1_106' title='bbox 496 1696 772 1769; x_wconf 75' lang='lat' dir='ltr'><strong>Ejusdem.</strong></span> <span class='ocrx_word' id='word_1_107' title='bbox 808 1697 942 1751; x_wconf 87' lang='lat' dir='ltr'><strong>Jure</strong></span> <span class='ocrx_word' id='word_1_108' title='bbox 995 1697 1187 1752; x_wconf 89' lang='lat' dir='ltr'><strong>merito</strong></span> <span class='ocrx_word' id='word_1_109' title='bbox 1235 1697 1505 1753; x_wconf 69' lang='lat' dir='ltr'><strong>laetabitur</strong></span> <span class='ocrx_word' id='word_1_110' title='bbox 1536 1697 1589 1753; x_wconf 85' lang='lat' dir='ltr'><strong>is</strong></span> <span class='ocrx_word' id='word_1_111' title='bbox 1617 1697 1707 1768; x_wconf 86' lang='lat' dir='ltr'><strong>qui</strong></span> <span class='ocrx_word' id='word_1_112' title='bbox 1733 1706 1881 1752; x_wconf 86' lang='lat' dir='ltr'><strong>recto</strong></span> <span class='ocrx_word' id='word_1_113' title='bbox 1917 1705 2002 1752; x_wconf 89' lang='lat' dir='ltr'><strong>est</strong></span> 
     </span>
    </p>
   </div>
   <div class='ocr_carea' id='block_1_20' title="bbox 2103 516 3684 595">
    <p class='ocr_par' dir='ltr' id='par_1_20' title="bbox 2103 516 3684 595">
     <span class='ocr_line' id='line_1_20' title="bbox 2103 516 3684 595; baseline 0.015 -26"><span class='ocrx_word' id='word_1_114' title='bbox 2103 516 2219 585; x_wconf 76' lang='grc' dir='ltr'>τὴν</span> <span class='ocrx_word' id='word_1_115' title='bbox 2237 518 2495 589; x_wconf 76' lang='grc' dir='ltr'><strong>ἀνομίαν</strong></span> <span class='ocrx_word' id='word_1_116' title='bbox 2514 537 2635 588; x_wconf 77' lang='grc' dir='ltr'><strong>μου</strong></span> <span class='ocrx_word' id='word_1_117' title='bbox 2653 517 2736 584; x_wconf 79' lang='grc' dir='ltr'>τῷ</span> <span class='ocrx_word' id='word_1_118' title='bbox 2770 518 2963 586; x_wconf 70' lang='grc' dir='ltr'>Κιιριφ</span> <span class='ocrx_word' id='word_1_119' title='bbox 2981 557 2996 583; x_wconf 74' lang='grc'><strong>9</strong></span> <span class='ocrx_word' id='word_1_120' title='bbox 3026 536 3082 573; x_wconf 77' lang='grc' dir='ltr'><strong>κο</strong></span> <span class='ocrx_word' id='word_1_121' title='bbox 3107 535 3159 573; x_wconf 84' lang='grc' dir='ltr'><strong>τ·</strong></span> <span class='ocrx_word' id='word_1_122' title='bbox 3192 518 3239 572; x_wconf 67' lang='grc' dir='ltr'><strong>ἕο</strong></span> <span class='ocrx_word' id='word_1_123' title='bbox 3273 536 3292 571; x_wconf 72' lang='grc' dir='ltr'><strong>ί</strong></span> <span class='ocrx_word' id='word_1_124' title='bbox 3318 520 3539 587; x_wconf 75' lang='grc' dir='ltr'><strong>Δίκαιος</strong></span> <span class='ocrx_word' id='word_1_125' title='bbox 3566 522 3684 595; x_wconf 75' lang='grc'><strong>(7⁵)</strong></span> 
     </span>
    </p>
   </div>
   <div class='ocr_carea' id='block_1_21' title="bbox 2099 608 3132 682">
    <p class='ocr_par' dir='ltr' id='par_1_21' title="bbox 2099 608 3132 682">
     <span class='ocr_line' id='line_1_21' title="bbox 2099 608 3132 682; baseline 0.003 -22"><span class='ocrx_word' id='word_1_126' title='bbox 2099 608 2267 665; x_wconf 80' lang='grc' dir='ltr'>αὑτοῦ</span> <span class='ocrx_word' id='word_1_127' title='bbox 2299 609 2601 680; x_wconf 87' lang='grc' dir='ltr'>κατήγορος</span> <span class='ocrx_word' id='word_1_128' title='bbox 2630 610 2689 662; x_wconf 89' lang='grc' dir='ltr'><strong>ἐν</strong></span> <span class='ocrx_word' id='word_1_129' title='bbox 2718 609 3077 682; x_wconf 77' lang='grc' dir='ltr'>πρωτολογίᾳ.</span> <span class='ocrx_word' id='word_1_130' title='bbox 3111 628 3132 663; x_wconf 71' lang='grc' dir='ltr'><strong>ι</strong></span> 
     </span>
    </p>
   </div>
   <div class='ocr_carea' id='block_1_22' title="bbox 2165 696 3689 771">
    <p class='ocr_par' dir='ltr' id='par_1_22' title="bbox 2165 696 3689 771">
     <span class='ocr_line' id='line_1_22' title="bbox 2165 696 3689 771; baseline 0.004 -18"><span class='ocrx_word' id='word_1_131' title='bbox 2165 698 2264 767; x_wconf 80' lang='grc' dir='ltr'><strong>Μὴ</strong></span> <span class='ocrx_word' id='word_1_132' title='bbox 2295 700 2536 769; x_wconf 76' lang='grc' dir='ltr'><strong>γίνεσθε</strong></span> <span class='ocrx_word' id='word_1_133' title='bbox 2559 700 2641 766; x_wconf 86' lang='grc' dir='ltr'>ὡς</span> <span class='ocrx_word' id='word_1_134' title='bbox 2669 700 2854 767; x_wconf 77' lang='grc' dir='ltr'>ἵππος</span> <span class='ocrx_word' id='word_1_135' title='bbox 2881 701 2980 755; x_wconf 76' lang='grc' dir='ltr'>καὶ</span> <span class='ocrx_word' id='word_1_136' title='bbox 3006 701 3260 771; x_wconf 79' lang='grc' dir='ltr'><strong>ἡμίονος</strong></span> <span class='ocrx_word' id='word_1_137' title='bbox 3296 696 3387 769; x_wconf 81' lang='grc' dir='ltr'>οἷς</span> <span class='ocrx_word' id='word_1_138' title='bbox 3414 705 3526 758; x_wconf 82' lang='grc' dir='ltr'><strong>οὐκ</strong></span> <span class='ocrx_word' id='word_1_139' title='bbox 3552 704 3689 759; x_wconf 80' lang='grc' dir='ltr'>ἔστι</span> 
     </span>
    </p>
   </div>
   <div class='ocr_carea' id='block_1_23' title="bbox 2098 790 3688 868">
    <p class='ocr_par' dir='ltr' id='par_1_23' title="bbox 2098 790 3688 868">
     <span class='ocr_line' id='line_1_23' title="bbox 2098 790 3688 868; baseline 0.004 -23"><span class='ocrx_word' id='word_1_140' title='bbox 2098 790 2373 858; x_wconf 78' lang='grc' dir='ltr'>σύνεσις,</span> <span class='ocrx_word' id='word_1_141' title='bbox 2404 808 2461 846; x_wconf 89' lang='grc' dir='ltr'><strong>κ.</strong></span> <span class='ocrx_word' id='word_1_142' title='bbox 2486 808 2538 846; x_wconf 90' lang='grc' dir='ltr'><strong>τ.</strong></span> <span class='ocrx_word' id='word_1_143' title='bbox 2569 792 2617 845; x_wconf 90' lang='grc' dir='ltr'><strong>ἐ.</strong></span> <span class='ocrx_word' id='word_1_144' title='bbox 2678 792 2791 863; x_wconf 80' lang='grc' dir='ltr'>Τὴν</span> <span class='ocrx_word' id='word_1_145' title='bbox 2817 793 3012 862; x_wconf 82' lang='grc' dir='ltr'>άλογον</span> <span class='ocrx_word' id='word_1_146' title='bbox 3040 794 3153 865; x_wconf 73' lang='grc'>(74)</span> <span class='ocrx_word' id='word_1_147' title='bbox 3196 794 3413 867; x_wconf 85' lang='grc' dir='ltr'>κίνησιν</span> <span class='ocrx_word' id='word_1_148' title='bbox 3447 796 3549 867; x_wconf 83' lang='grc' dir='ltr'>τῆς</span> <span class='ocrx_word' id='word_1_149' title='bbox 3582 796 3688 868; x_wconf 78' lang='grc' dir='ltr'><strong>ψυ-</strong></span> 
     </span>
    </p>
   </div>
   <div class='ocr_carea' id='block_1_24' title="bbox 2097 881 3685 955">
    <p class='ocr_par' dir='ltr' id='par_1_24' title="bbox 2097 881 3685 955">
     <span class='ocr_line' id='line_1_24' title="bbox 2097 881 3685 955; baseline -0.001 -18"><span class='ocrx_word' id='word_1_150' title='bbox 2097 882 2200 953; x_wconf 81' lang='grc' dir='ltr'>χῆς</span> <span class='ocrx_word' id='word_1_151' title='bbox 2244 881 2398 951; x_wconf 83' lang='grc' dir='ltr'><strong>λέγει</strong></span> <span class='ocrx_word' id='word_1_152' title='bbox 2439 883 2605 937; x_wconf 71' lang='grc' dir='ltr'>ἵππον</span> <span class='ocrx_word' id='word_1_153' title='bbox 2639 883 2733 937; x_wconf 73' lang='grc' dir='ltr'><strong>καὶ</strong></span> <span class='ocrx_word' id='word_1_154' title='bbox 2773 883 3021 955; x_wconf 74' lang='grc' dir='ltr'>ἡμίονον.</span> <span class='ocrx_word' id='word_1_155' title='bbox 3072 885 3297 951; x_wconf 86' lang='grc' dir='ltr'>Σύνεσις</span> <span class='ocrx_word' id='word_1_156' title='bbox 3341 887 3399 941; x_wconf 87' lang='grc' dir='ltr'><strong>δέ</strong></span> <span class='ocrx_word' id='word_1_157' title='bbox 3430 889 3548 943; x_wconf 74' lang='grc' dir='ltr'>ἐστι</span> <span class='ocrx_word' id='word_1_158' title='bbox 3592 890 3685 943; x_wconf 74' lang='grc' dir='ltr'>λοσ-</span> 
     </span>
    </p>
   </div>
   <div class='ocr_carea' id='block_1_25' title="bbox 2098 973 2572 1045">
    <p class='ocr_par' dir='ltr' id='par_1_25' title="bbox 2098 973 2572 1045">
     <span class='ocr_line' id='line_1_25' title="bbox 2098 973 2572 1045; baseline 0.004 -18"><span class='ocrx_word' id='word_1_159' title='bbox 2098 973 2229 1045; x_wconf 82' lang='grc' dir='ltr'>γικὴ</span> <span class='ocrx_word' id='word_1_160' title='bbox 2260 974 2572 1043; x_wconf 77' lang='grc' dir='ltr'><strong>διάγνωσις.</strong></span> 
     </span>
    </p>
   </div>
   <div class='ocr_carea' id='block_1_26' title="bbox 2170 1061 3677 1136">
    <p class='ocr_par' dir='ltr' id='par_1_26' title="bbox 2170 1061 3677 1136">
     <span class='ocr_line' id='line_1_26' title="bbox 2170 1061 3677 1136; baseline 0.007 -20"><span class='ocrx_word' id='word_1_161' title='bbox 2170 1063 2400 1117; x_wconf 73' lang='grc' dir='ltr'>Πολλαὶ</span> <span class='ocrx_word' id='word_1_162' title='bbox 2443 1064 2504 1117; x_wconf 81' lang='lat' dir='ltr'><strong>al</strong></span> <span class='ocrx_word' id='word_1_163' title='bbox 2522 1061 2811 1134; x_wconf 75' lang='grc' dir='ltr'><strong>μάστιγες</strong></span> <span class='ocrx_word' id='word_1_164' title='bbox 2851 1064 2958 1120; x_wconf 85' lang='grc' dir='ltr'><strong>τοῦ</strong></span> <span class='ocrx_word' id='word_1_165' title='bbox 3004 1065 3386 1136; x_wconf 66' lang='grc' dir='ltr'>ἁμῳτωλοῦ,</span> <span class='ocrx_word' id='word_1_166' title='bbox 3440 1088 3494 1124; x_wconf 88' lang='grc' dir='ltr'><strong>κ.</strong></span> <span class='ocrx_word' id='word_1_167' title='bbox 3532 1089 3581 1125; x_wconf 85' lang='grc' dir='ltr'><strong>τ.</strong></span> <span class='ocrx_word' id='word_1_168' title='bbox 3626 1072 3677 1126; x_wconf 76' lang='grc' dir='ltr'><strong>ἐ.</strong></span> 
     </span>
    </p>
   </div>
   <div class='ocr_carea' id='block_1_27' title="bbox 2098 1152 3684 1232">
    <p class='ocr_par' dir='ltr' id='par_1_27' title="bbox 2098 1152 3684 1232">
     <span class='ocr_line' id='line_1_27' title="bbox 2098 1152 3684 1232; baseline 0.006 -24"><span class='ocrx_word' id='word_1_169' title='bbox 2098 1153 2168 1208; x_wconf 82' lang='lat' dir='ltr'><strong>Al</strong></span> <span class='ocrx_word' id='word_1_170' title='bbox 2200 1152 2394 1207; x_wconf 81' lang='grc' dir='ltr'>πολλαὶ</span> <span class='ocrx_word' id='word_1_171' title='bbox 2427 1154 2635 1224; x_wconf 80' lang='grc' dir='ltr'><strong>θλίψεις</strong></span> <span class='ocrx_word' id='word_1_172' title='bbox 2663 1155 2776 1226; x_wconf 86' lang='grc'>(75)</span> <span class='ocrx_word' id='word_1_173' title='bbox 2802 1154 2913 1210; x_wconf 87' lang='grc' dir='ltr'><strong>τῶν</strong></span> <span class='ocrx_word' id='word_1_174' title='bbox 2938 1156 3163 1213; x_wconf 84' lang='grc' dir='ltr'>δικαίων</span> <span class='ocrx_word' id='word_1_175' title='bbox 3189 1158 3383 1213; x_wconf 78' lang='grc' dir='ltr'>πολλαὶ</span> <span class='ocrx_word' id='word_1_176' title='bbox 3416 1161 3684 1232; x_wconf 76' lang='grc' dir='ltr'><strong>μάστιγες</strong></span> 
     </span>
    </p>
   </div>
   <div class='ocr_carea' id='block_1_28' title="bbox 2098 1243 2879 1318">
    <p class='ocr_par' dir='ltr' id='par_1_28' title="bbox 2098 1243 2879 1318">
     <span class='ocr_line' id='line_1_28' title="bbox 2098 1243 2879 1318; baseline 0.005 -22"><span class='ocrx_word' id='word_1_177' title='bbox 2098 1243 2344 1313; x_wconf 86' lang='grc' dir='ltr'>λέγονται</span> <span class='ocrx_word' id='word_1_178' title='bbox 2372 1244 2482 1299; x_wconf 89' lang='grc' dir='ltr'><strong>τῶν</strong></span> <span class='ocrx_word' id='word_1_179' title='bbox 2514 1246 2879 1318; x_wconf 77' lang='grc' dir='ltr'><strong>ἁμαρτωλῶν.</strong></span> 
     </span>
    </p>
   </div>
   <div class='ocr_carea' id='block_1_29' title="bbox 2166 1333 3680 1411">
    <p class='ocr_par' dir='ltr' id='par_1_29' title="bbox 2166 1333 3680 1411">
     <span class='ocr_line' id='line_1_29' title="bbox 2166 1333 3680 1411; baseline 0.007 -23"><span class='ocrx_word' id='word_1_180' title='bbox 2166 1333 2278 1388; x_wconf 76' lang='grc' dir='ltr'><strong>Καὶ</strong></span> <span class='ocrx_word' id='word_1_181' title='bbox 2306 1334 2864 1404; x_wconf 82' lang='grc' dir='ltr'>καυχᾶσθε,πάντες</span> <span class='ocrx_word' id='word_1_182' title='bbox 2894 1339 2949 1392; x_wconf 86' lang='grc' dir='ltr'>οί</span> <span class='ocrx_word' id='word_1_183' title='bbox 2979 1337 3173 1407; x_wconf 75' lang='grc' dir='ltr'>εὐθεῗς</span> <span class='ocrx_word' id='word_1_184' title='bbox 3208 1339 3284 1410; x_wconf 76' lang='grc' dir='ltr'>τῇ</span> <span class='ocrx_word' id='word_1_185' title='bbox 3327 1343 3542 1411; x_wconf 77' lang='grc' dir='ltr'>καρδίᾳ</span> <span class='ocrx_word' id='word_1_186' title='bbox 3561 1382 3576 1406; x_wconf 93' lang='grc'><strong>,</strong></span> <span class='ocrx_word' id='word_1_187' title='bbox 3622 1362 3680 1400; x_wconf 86' lang='grc' dir='ltr'><strong>κ.</strong></span> 
     </span>
    </p>
   </div>
   <div class='ocr_carea' id='block_1_30' title="bbox 2097 1424 3671 1503">
    <p class='ocr_par' dir='ltr' id='par_1_30' title="bbox 2097 1424 3671 1503">
     <span class='ocr_line' id='line_1_30' title="bbox 2097 1424 3671 1503; baseline 0.006 -27"><span class='ocrx_word' id='word_1_188' title='bbox 2097 1440 2149 1476; x_wconf 88' lang='grc' dir='ltr'><strong>τ.</strong></span> <span class='ocrx_word' id='word_1_189' title='bbox 2176 1425 2223 1476; x_wconf 87' lang='grc' dir='ltr'><strong>ἐ.</strong></span> <span class='ocrx_word' id='word_1_190' title='bbox 2254 1425 2317 1477; x_wconf 84' lang='grc' dir='ltr'><strong>Εἰ</strong></span> <span class='ocrx_word' id='word_1_191' title='bbox 2364 1425 2415 1478; x_wconf 79' lang='grc' dir='ltr'><strong>οἱ</strong></span> <span class='ocrx_word' id='word_1_192' title='bbox 2462 1424 2805 1497; x_wconf 81' lang='grc' dir='ltr'>καυχώμενοι</span> <span class='ocrx_word' id='word_1_193' title='bbox 2850 1427 2961 1500; x_wconf 86' lang='grc'>(76)</span> <span class='ocrx_word' id='word_1_194' title='bbox 3007 1428 3185 1493; x_wconf 83' lang='grc' dir='ltr'>εύθεῐς</span> <span class='ocrx_word' id='word_1_195' title='bbox 3219 1432 3671 1503; x_wconf 64' lang='grc' dir='ltr'>εἰσιτῇκαρδία,</span> 
     </span>
    </p>
   </div>
   <div class='ocr_carea' id='block_1_31' title="bbox 2099 1513 3682 1594">
    <p class='ocr_par' dir='ltr' id='par_1_31' title="bbox 2099 1513 3682 1594">
     <span class='ocr_line' id='line_1_31' title="bbox 2099 1513 3682 1594; baseline 0.007 -29"><span class='ocrx_word' id='word_1_196' title='bbox 2099 1513 2162 1565; x_wconf 81' lang='grc' dir='ltr'><strong>ού</strong></span> <span class='ocrx_word' id='word_1_197' title='bbox 2190 1515 2410 1569; x_wconf 84' lang='grc' dir='ltr'>πάντων</span> <span class='ocrx_word' id='word_1_198' title='bbox 2434 1516 2552 1569; x_wconf 75' lang='grc' dir='ltr'>ἐστὶ</span> <span class='ocrx_word' id='word_1_199' title='bbox 2583 1515 2643 1568; x_wconf 84' lang='grc' dir='ltr'>τὸ</span> <span class='ocrx_word' id='word_1_200' title='bbox 2671 1517 2727 1569; x_wconf 85' lang='grc' dir='ltr'><strong>ἐν</strong></span> <span class='ocrx_word' id='word_1_201' title='bbox 2751 1517 2943 1590; x_wconf 83' lang='grc' dir='ltr'><strong>Κυρίῳ</strong></span> <span class='ocrx_word' id='word_1_202' title='bbox 2973 1519 3280 1591; x_wconf 77' lang='grc' dir='ltr'><strong>καυχᾶσθαι</strong></span> <span class='ocrx_word' id='word_1_203' title='bbox 3299 1560 3316 1588; x_wconf 88' lang='grc'><strong>,</strong></span> <span class='ocrx_word' id='word_1_204' title='bbox 3368 1521 3503 1576; x_wconf 83' lang='grc' dir='ltr'>διότι</span> <span class='ocrx_word' id='word_1_205' title='bbox 3546 1522 3682 1594; x_wconf 80' lang='grc' dir='ltr'><strong>μηδέ</strong></span> 
     </span>
    </p>
   </div>
   <div class='ocr_carea' id='block_1_32' title="bbox 2100 1602 2841 1679">
    <p class='ocr_par' dir='ltr' id='par_1_32' title="bbox 2100 1602 2841 1679">
     <span class='ocr_line' id='line_1_32' title="bbox 2100 1602 2841 1679; baseline 0.008 -24"><span class='ocrx_word' id='word_1_206' title='bbox 2100 1602 2303 1667; x_wconf 87' lang='grc' dir='ltr'>πάντες</span> <span class='ocrx_word' id='word_1_207' title='bbox 2328 1604 2505 1669; x_wconf 83' lang='grc' dir='ltr'>εύοεῖς</span> <span class='ocrx_word' id='word_1_208' title='bbox 2529 1609 2596 1678; x_wconf 80' lang='grc' dir='ltr'><strong>τῇ</strong></span> <span class='ocrx_word' id='word_1_209' title='bbox 2622 1605 2841 1679; x_wconf 75' lang='grc' dir='ltr'>καρδίᾳ.</span> 
     </span>
    </p>
   </div>
   <div class='ocr_carea' id='block_1_33' title="bbox 2177 1694 3678 1773">
    <p class='ocr_par' dir='ltr' id='par_1_33' title="bbox 2177 1694 3678 1773">
     <span class='ocr_line' id='line_1_33' title="bbox 2177 1694 3678 1773; baseline 0.005 -25"><span class='ocrx_word' id='word_1_210' title='bbox 2177 1694 2288 1750; x_wconf 88' lang='grc' dir='ltr'><strong>Τοῦ</strong></span> <span class='ocrx_word' id='word_1_211' title='bbox 2316 1697 2524 1751; x_wconf 81' lang='grc' dir='ltr'>αὐτοῦ.</span> <span class='ocrx_word' id='word_1_212' title='bbox 2556 1698 2809 1767; x_wconf 83' lang='grc' dir='ltr'>Εύλόγως</span> <span class='ocrx_word' id='word_1_213' title='bbox 2834 1700 3174 1770; x_wconf 78' lang='grc' dir='ltr'><strong>καυχήσεται</strong></span> <span class='ocrx_word' id='word_1_214' title='bbox 3211 1700 3325 1773; x_wconf 91' lang='grc'>(77)</span> <span class='ocrx_word' id='word_1_215' title='bbox 3367 1701 3395 1754; x_wconf 82' lang='grc' dir='ltr'><strong>ὀ</strong></span> <span class='ocrx_word' id='word_1_216' title='bbox 3425 1701 3588 1766; x_wconf 79' lang='grc' dir='ltr'>εὐθὺς</span> <span class='ocrx_word' id='word_1_217' title='bbox 3610 1704 3678 1773; x_wconf 80' lang='grc' dir='ltr'>τῇ</span> 
     </span>
    </p>
   </div>
   <div class='ocr_carea' id='block_1_34' title="bbox 423 1787 2001 1864">
    <p class='ocr_par' dir='ltr' id='par_1_34' title="bbox 423 1789 2000 1856">
     <span class='ocr_line' id='line_1_34' title="bbox 423 1789 2000 1856; baseline 0 -14"><span class='ocrx_word' id='word_1_218' title='bbox 423 1791 607 1844; x_wconf 85' lang='lat' dir='ltr'><strong>corde.</strong></span> <span class='ocrx_word' id='word_1_219' title='bbox 640 1790 779 1856; x_wconf 76' lang='lat' dir='ltr'><strong>Quin</strong></span> <span class='ocrx_word' id='word_1_220' title='bbox 818 1798 871 1844; x_wconf 92' lang='lat' dir='ltr'><strong>et</strong></span> <span class='ocrx_word' id='word_1_221' title='bbox 909 1789 1105 1843; x_wconf 84' lang='lat' dir='ltr'><strong>rationi</strong></span> <span class='ocrx_word' id='word_1_222' title='bbox 1142 1798 1571 1844; x_wconf 89' lang='lat' dir='ltr'><strong>consentaneum</strong></span> <span class='ocrx_word' id='word_1_223' title='bbox 1621 1799 1702 1843; x_wconf 87' lang='lat' dir='ltr'><strong>est</strong></span> <span class='ocrx_word' id='word_1_224' title='bbox 1742 1790 1795 1843; x_wconf 93' lang='lat' dir='ltr'><strong>in</strong></span> <span class='ocrx_word' id='word_1_225' title='bbox 1829 1789 2000 1843; x_wconf 89' lang='lat' dir='ltr'><strong>tribu-</strong></span> 
     </span>
    </p>
   </div>
   <div class='ocr_carea' id='block_1_35' title="bbox 2102 1787 3677 1864">
    <p class='ocr_par' dir='ltr' id='par_1_35' title="bbox 2102 1788 3677 1864">
     <span class='ocr_line' id='line_1_35' title="bbox 2102 1788 3677 1864; baseline 0.004 -23"><span class='ocrx_word' id='word_1_226' title='bbox 2102 1788 2321 1860; x_wconf 77' lang='grc' dir='ltr'>καρδίᾳ.</span> <span class='ocrx_word' id='word_1_227' title='bbox 2350 1788 2586 1858; x_wconf 79' lang='grc' dir='ltr'>Εὖλογον</span> <span class='ocrx_word' id='word_1_228' title='bbox 2611 1789 2668 1843; x_wconf 83' lang='grc' dir='ltr'>δὲ</span> <span class='ocrx_word' id='word_1_229' title='bbox 2697 1791 2870 1844; x_wconf 79' lang='grc' dir='ltr'>καὶτὸ</span> <span class='ocrx_word' id='word_1_230' title='bbox 2886 1792 3191 1863; x_wconf 81' lang='grc' dir='ltr'>καυχᾶσθαι</span> <span class='ocrx_word' id='word_1_231' title='bbox 3217 1794 3274 1847; x_wconf 89' lang='grc' dir='ltr'><strong>ἐν</strong></span> <span class='ocrx_word' id='word_1_232' title='bbox 3295 1796 3415 1857; x_wconf 85' lang='grc' dir='ltr'>ταῖς</span> <span class='ocrx_word' id='word_1_233' title='bbox 3441 1793 3677 1864; x_wconf 74' lang='grc' dir='ltr'>θλίψεσι.</span> 
     </span>
    </p>
   </div>
   <div class='ocr_carea' id='block_1_36' title="bbox 422 1877 2000 1951">
    <p class='ocr_par' dir='ltr' id='par_1_36' title="bbox 422 1877 2000 1951">
     <span class='ocr_line' id='line_1_36' title="bbox 422 1877 2000 1951; baseline 0.001 -18"><span class='ocrx_word' id='word_1_234' title='bbox 422 1880 714 1934; x_wconf 73' lang='lat' dir='ltr'><strong>lotionibus</strong></span> <span class='ocrx_word' id='word_1_235' title='bbox 736 1878 1016 1935; x_wconf 85' lang='lat' dir='ltr'><strong>delectari.</strong></span> <span class='ocrx_word' id='word_1_236' title='bbox 1040 1877 1175 1935; x_wconf 85' lang='lat' dir='ltr'><strong>Vide</strong></span> <span class='ocrx_word' id='word_1_237' title='bbox 1204 1895 1338 1951; x_wconf 88' lang='lat' dir='ltr'><strong>ergo</strong></span> <span class='ocrx_word' id='word_1_238' title='bbox 1370 1896 1498 1934; x_wconf 92' lang='lat' dir='ltr'><strong>num</strong></span> <span class='ocrx_word' id='word_1_239' title='bbox 1532 1891 1711 1936; x_wconf 87' lang='lat' dir='ltr'><strong>rectus</strong></span> <span class='ocrx_word' id='word_1_240' title='bbox 1739 1882 1812 1935; x_wconf 91' lang='lat' dir='ltr'><strong>sit</strong></span> <span class='ocrx_word' id='word_1_241' title='bbox 1834 1879 2000 1935; x_wconf 77' lang='lat' dir='ltr'><strong>corde</strong></span> 
     </span>
    </p>
   </div>
   <div class='ocr_carea' id='block_1_37' title="bbox 420 1968 1328 2038">
    <p class='ocr_par' dir='ltr' id='par_1_37' title="bbox 420 1968 1328 2038">
     <span class='ocr_line' id='line_1_37' title="bbox 420 1968 1328 2038; baseline 0.004 -18"><span class='ocrx_word' id='word_1_242' title='bbox 420 1969 510 2038; x_wconf 85' lang='lat' dir='ltr'><strong>qui</strong></span> <span class='ocrx_word' id='word_1_243' title='bbox 541 1971 593 2023; x_wconf 90' lang='lat' dir='ltr'><strong>in</strong></span> <span class='ocrx_word' id='word_1_244' title='bbox 620 1968 1059 2026; x_wconf 84' lang='lat' dir='ltr'><strong>tribulationibus</strong></span> <span class='ocrx_word' id='word_1_245' title='bbox 1089 1968 1328 2026; x_wconf 72' lang='lat' dir='ltr'><strong>iuuatur.</strong></span> 
     </span>
    </p>
   </div>
   <div class='ocr_carea' id='block_1_38' title="bbox 917 2173 1486 2231">
    <p class='ocr_par' dir='ltr' id='par_1_38' title="bbox 917 2173 1486 2231">
     <span class='ocr_line' id='line_1_38' title="bbox 917 2173 1486 2231; baseline -0.005 0"><span class='ocrx_word' id='word_1_246' title='bbox 917 2174 1243 2231; x_wconf 69' lang='lat' dir='ltr'><strong>PSALMUS</strong></span> <span class='ocrx_word' id='word_1_247' title='bbox 1272 2173 1486 2229; x_wconf 69' lang='lat' dir='ltr'><strong>XXXII.</strong></span> 
     </span>
    </p>
   </div>
   <div class='ocr_carea' id='block_1_39' title="bbox 494 2266 1997 2337">
    <p class='ocr_par' dir='ltr' id='par_1_39' title="bbox 494 2266 1997 2337">
     <span class='ocr_line' id='line_1_39' title="bbox 494 2266 1997 2337; baseline 0 -14"><span class='ocrx_word' id='word_1_248' title='bbox 494 2267 656 2323; x_wconf 75' lang='lat' dir='ltr'><strong>Vens.</strong></span> <span class='ocrx_word' id='word_1_249' title='bbox 692 2268 745 2322; x_wconf 80' lang='lat' dir='ltr'><strong>t.</strong></span> <span class='ocrx_word' id='word_1_250' title='bbox 787 2266 1087 2332; x_wconf 73' lang='lat' dir='ltr'><strong>Exsultate,</strong></span> <span class='ocrx_word' id='word_1_251' title='bbox 1104 2267 1266 2337; x_wconf 77' lang='lat' dir='ltr'><strong>justi,</strong></span> <span class='ocrx_word' id='word_1_252' title='bbox 1295 2268 1351 2321; x_wconf 86' lang='lat' dir='ltr'><strong>in</strong></span> <span class='ocrx_word' id='word_1_253' title='bbox 1379 2266 1625 2332; x_wconf 86' lang='lat' dir='ltr'><strong>Domino,</strong></span> <span class='ocrx_word' id='word_1_254' title='bbox 1652 2276 1760 2326; x_wconf 85' lang='lat' dir='ltr'><strong>etc.</strong></span> <span class='ocrx_word' id='word_1_255' title='bbox 1788 2267 1847 2323; x_wconf 88' lang='lat' dir='ltr'><strong>Si</strong></span> <span class='ocrx_word' id='word_1_256' title='bbox 1887 2267 1997 2323; x_wconf 83' lang='lat' dir='ltr'><strong>Do-</strong></span> 
     </span>
    </p>
   </div>
   <div class='ocr_carea' id='block_1_40' title="bbox 421 2358 1999 2430">
    <p class='ocr_par' dir='ltr' id='par_1_40' title="bbox 421 2358 1999 2430">
     <span class='ocr_line' id='line_1_40' title="bbox 421 2358 1999 2430; baseline -0.001 -14"><span class='ocrx_word' id='word_1_257' title='bbox 421 2362 605 2417; x_wconf 84' lang='lat' dir='ltr'><strong>minus</strong></span> <span class='ocrx_word' id='word_1_258' title='bbox 643 2367 826 2416; x_wconf 86' lang='lat' dir='ltr'><strong>noster</strong></span> <span class='ocrx_word' id='word_1_259' title='bbox 859 2360 1123 2430; x_wconf 89' lang='lat' dir='ltr'><strong>sapientia</strong></span> <span class='ocrx_word' id='word_1_260' title='bbox 1170 2368 1287 2424; x_wconf 91' lang='lat' dir='ltr'><strong>est,</strong></span> <span class='ocrx_word' id='word_1_261' title='bbox 1316 2358 1447 2429; x_wconf 82' lang='lat' dir='ltr'><strong>justi</strong></span> <span class='ocrx_word' id='word_1_262' title='bbox 1495 2373 1626 2415; x_wconf 85' lang='lat' dir='ltr'><strong>vero</strong></span> <span class='ocrx_word' id='word_1_263' title='bbox 1661 2360 1715 2414; x_wconf 92' lang='lat' dir='ltr'><strong>in</strong></span> <span class='ocrx_word' id='word_1_264' title='bbox 1772 2359 1999 2415; x_wconf 92' lang='lat' dir='ltr'><strong>Domino</strong></span> 
     </span>
    </p>
   </div>
   <div class='ocr_carea' id='block_1_41' title="bbox 419 2449 1997 2521">
    <p class='ocr_par' dir='ltr' id='par_1_41' title="bbox 419 2449 1997 2521">
     <span class='ocr_line' id='line_1_41' title="bbox 419 2449 1997 2521; baseline -0.003 -14"><span class='ocrx_word' id='word_1_265' title='bbox 419 2451 719 2519; x_wconf 78' lang='lat' dir='ltr'><strong>exsultant,</strong></span> <span class='ocrx_word' id='word_1_266' title='bbox 747 2450 1007 2509; x_wconf 88' lang='lat' dir='ltr'><strong>continuo</strong></span> <span class='ocrx_word' id='word_1_267' title='bbox 1057 2450 1305 2521; x_wconf 76' lang='lat' dir='ltr'><strong>sequitur</strong></span> <span class='ocrx_word' id='word_1_268' title='bbox 1348 2460 1408 2505; x_wconf 92' lang='lat' dir='ltr'><strong>ut</strong></span> <span class='ocrx_word' id='word_1_269' title='bbox 1446 2450 1579 2521; x_wconf 84' lang='lat' dir='ltr'><strong>justi</strong></span> <span class='ocrx_word' id='word_1_270' title='bbox 1628 2450 1689 2506; x_wconf 88' lang='lat' dir='ltr'><strong>in</strong></span> <span class='ocrx_word' id='word_1_271' title='bbox 1732 2449 1997 2520; x_wconf 84' lang='lat' dir='ltr'><strong>sapientia</strong></span> 
     </span>
    </p>
   </div>
   <div class='ocr_carea' id='block_1_42' title="bbox 420 2545 711 2600">
    <p class='ocr_par' dir='ltr' id='par_1_42' title="bbox 420 2545 711 2600">
     <span class='ocr_line' id='line_1_42' title="bbox 420 2545 711 2600; baseline -0.003 0"><span class='ocrx_word' id='word_1_272' title='bbox 420 2545 711 2600; x_wconf 76' lang='lat' dir='ltr'><strong>exsultent.</strong></span> 
     </span>
    </p>
   </div>
   <div class='ocr_carea' id='block_1_43' title="bbox 495 2629 2003 2702">
    <p class='ocr_par' dir='ltr' id='par_1_43' title="bbox 495 2629 2003 2702">
     <span class='ocr_line' id='line_1_43' title="bbox 495 2629 2003 2702; baseline -0.003 -15"><span class='ocrx_word' id='word_1_273' title='bbox 495 2633 655 2689; x_wconf 75' lang='lat' dir='ltr'><strong>Vens.</strong></span> <span class='ocrx_word' id='word_1_274' title='bbox 692 2632 747 2689; x_wconf 72' lang='grc'><strong>9..</strong></span> <span class='ocrx_word' id='word_1_275' title='bbox 788 2631 1129 2702; x_wconf 75' lang='lat' dir='ltr'><strong>Conﬁtcmini</strong></span> <span class='ocrx_word' id='word_1_276' title='bbox 1166 2630 1391 2687; x_wconf 84' lang='lat' dir='ltr'><strong>Domino</strong></span> <span class='ocrx_word' id='word_1_277' title='bbox 1420 2630 1476 2686; x_wconf 85' lang='lat' dir='ltr'><strong>in</strong></span> <span class='ocrx_word' id='word_1_278' title='bbox 1505 2631 1729 2696; x_wconf 80' lang='lat' dir='ltr'><strong>cithara,</strong></span> <span class='ocrx_word' id='word_1_279' title='bbox 1758 2630 1821 2684; x_wconf 77' lang='lat' dir='ltr'><strong>in</strong></span> <span class='ocrx_word' id='word_1_280' title='bbox 1859 2629 2003 2700; x_wconf 83' lang='lat' dir='ltr'><strong>psal-</strong></span> 
     </span>
    </p>
   </div>
   <div class='ocr_carea' id='block_1_44' title="bbox 418 2722 1999 2794">
    <p class='ocr_par' dir='ltr' id='par_1_44' title="bbox 418 2722 1999 2794">
     <span class='ocr_line' id='line_1_44' title="bbox 418 2722 1999 2794; baseline -0.002 -13"><span class='ocrx_word' id='word_1_281' title='bbox 418 2729 549 2782; x_wconf 76' lang='lat' dir='ltr'><strong>terio</strong></span> <span class='ocrx_word' id='word_1_282' title='bbox 580 2728 755 2781; x_wconf 85' lang='lat' dir='ltr'><strong><em>decem</em></strong></span> <span class='ocrx_word' id='word_1_283' title='bbox 788 2726 1107 2781; x_wconf 82' lang='lat' dir='ltr'><strong>chordarum</strong></span> <span class='ocrx_word' id='word_1_284' title='bbox 1136 2723 1345 2794; x_wconf 77' lang='lat' dir='ltr'><strong>psallite</strong></span> <span class='ocrx_word' id='word_1_285' title='bbox 1377 2722 1480 2788; x_wconf 85' lang='lat' dir='ltr'><strong>illi,</strong></span> <span class='ocrx_word' id='word_1_286' title='bbox 1512 2733 1623 2779; x_wconf 86' lang='lat' dir='ltr'><strong>etc.</strong></span> <span class='ocrx_word' id='word_1_287' title='bbox 1656 2723 1880 2778; x_wconf 77' lang='lat' dir='ltr'><strong>Cithara</strong></span> <span class='ocrx_word' id='word_1_288' title='bbox 1918 2731 1999 2778; x_wconf 87' lang='lat' dir='ltr'><strong>cst</strong></span> 
     </span>
    </p>
   </div>
   <div class='ocr_carea' id='block_1_45' title="bbox 421 2813 1999 2885">
    <p class='ocr_par' dir='ltr' id='par_1_45' title="bbox 421 2813 1999 2885">
     <span class='ocr_line' id='line_1_45' title="bbox 421 2813 1999 2885; baseline -0.001 -15"><span class='ocrx_word' id='word_1_289' title='bbox 421 2818 600 2872; x_wconf 83' lang='lat' dir='ltr'><strong>actrix</strong></span> <span class='ocrx_word' id='word_1_290' title='bbox 628 2817 807 2870; x_wconf 88' lang='lat' dir='ltr'><strong>anima</strong></span> <span class='ocrx_word' id='word_1_291' title='bbox 832 2830 861 2870; x_wconf 92' lang='lat' dir='ltr'><strong>a</strong></span> <span class='ocrx_word' id='word_1_292' title='bbox 894 2815 984 2871; x_wconf 89' lang='lat' dir='ltr'><strong>Dei</strong></span> <span class='ocrx_word' id='word_1_293' title='bbox 1010 2815 1296 2885; x_wconf 66' lang='lat' dir='ltr'><strong>praeceptis</strong></span> <span class='ocrx_word' id='word_1_294' title='bbox 1332 2823 1642 2878; x_wconf 88' lang='lat' dir='ltr'><strong>commota;</strong></span> <span class='ocrx_word' id='word_1_295' title='bbox 1680 2813 1999 2883; x_wconf 87' lang='lat' dir='ltr'><strong>psalterium</strong></span> 
     </span>
    </p>
   </div>
   <div class='ocr_carea' id='block_1_46' title="bbox 2105 1880 3687 2042">
    <p class='ocr_par' dir='ltr' id='par_1_46' title="bbox 2105 1880 3687 2042">
     <span class='ocr_line' id='line_1_46' title="bbox 2105 1880 3687 2042; baseline 0.003 -109"><span class='ocrx_word' id='word_1_296' title='bbox 2105 1881 2335 2042; x_wconf 48' lang='grc' dir='ltr'>Ιέξήῷιοτε</span> <span class='ocrx_word' id='word_1_297' title='bbox 2400 1880 2566 1946; x_wconf 82' lang='grc' dir='ltr'>εὐθύς</span> <span class='ocrx_word' id='word_1_298' title='bbox 2610 1882 2728 1936; x_wconf 87' lang='grc' dir='ltr'>ἐστι</span> <span class='ocrx_word' id='word_1_299' title='bbox 2771 1885 2840 1954; x_wconf 82' lang='grc' dir='ltr'><strong>τῇ</strong></span> <span class='ocrx_word' id='word_1_300' title='bbox 2888 1883 3087 1957; x_wconf 73' lang='grc' dir='ltr'>καρδίᾳ</span> <span class='ocrx_word' id='word_1_301' title='bbox 3140 1887 3170 1940; x_wconf 84' lang='grc' dir='ltr'><strong>ὁ</strong></span> <span class='ocrx_word' id='word_1_302' title='bbox 3216 1885 3573 1959; x_wconf 78' lang='grc' dir='ltr'><strong>καυχώμενος</strong></span> <span class='ocrx_word' id='word_1_303' title='bbox 3619 1888 3687 1941; x_wconf 73' lang='grc' dir='ltr'><strong>ἐνι</strong></span> 
     </span>
     <span class='ocr_line' id='line_1_47' title="bbox 2177 1988 2341 2028; baseline 0.03 -5"><span class='ocrx_word' id='word_1_304' title='bbox 2177 1990 2191 2023; x_wconf 94' lang='grc' dir='ltr'><strong>ι</strong></span> <span class='ocrx_word' id='word_1_305' title='bbox 2234 1988 2341 2028; x_wconf 89' lang='grc' dir='ltr'>εσι.</span> 
     </span>
    </p>
   </div>
   <div class='ocr_carea' id='block_1_47' title="bbox 2177 1988 2341 2028">
    <p class='ocr_par' dir='ltr' id='par_1_47' title="bbox 2177 1988 2341 2028">
     <span class='ocr_line' id='line_1_48' title="bbox 2177 1988 2341 2028; baseline 0.03 -5"><span class='ocrx_word' id='word_1_306' title='bbox 2177 1988 2341 2028; x_wconf 81' lang='grc' dir='ltr'>ιψεσι.</span> 
     </span>
    </p>
   </div>
   <div class='ocr_carea' id='block_1_48' title="bbox 2672 2173 3121 2230">
    <p class='ocr_par' dir='ltr' id='par_1_48' title="bbox 2672 2173 3121 2230">
     <span class='ocr_line' id='line_1_49' title="bbox 2672 2173 3121 2230; baseline -0.004 0"><span class='ocrx_word' id='word_1_307' title='bbox 2672 2176 2767 2230; x_wconf 72' lang='grc' dir='ltr'><strong>ΨΑ</strong></span> <span class='ocrx_word' id='word_1_308' title='bbox 2776 2176 2967 2230; x_wconf 85' lang='grc' dir='ltr'><strong>ΛΜΟΣ</strong></span> <span class='ocrx_word' id='word_1_309' title='bbox 2997 2173 3121 2229; x_wconf 82' lang='lat' dir='ltr'><strong>AB’.</strong></span> 
     </span>
    </p>
   </div>
   <div class='ocr_carea' id='block_1_49' title="bbox 2191 2265 3691 2338">
    <p class='ocr_par' dir='ltr' id='par_1_49' title="bbox 2191 2265 3691 2338">
     <span class='ocr_line' id='line_1_50' title="bbox 2191 2265 3691 2338; baseline -0.002 -16"><span class='ocrx_word' id='word_1_310' title='bbox 2191 2265 2600 2338; x_wconf 75' lang='grc' dir='ltr'>Ἀγαλλιᾱσθε,</span> <span class='ocrx_word' id='word_1_311' title='bbox 2625 2267 2863 2332; x_wconf 70' lang='grc' dir='ltr'>δίκαιοι,</span> <span class='ocrx_word' id='word_1_312' title='bbox 2899 2267 2972 2322; x_wconf 82' lang='grc' dir='ltr'><strong>ἐν</strong></span> <span class='ocrx_word' id='word_1_313' title='bbox 2993 2266 3074 2333; x_wconf 83' lang='grc' dir='ltr'>τῷ</span> <span class='ocrx_word' id='word_1_314' title='bbox 3102 2267 3318 2336; x_wconf 80' lang='grc' dir='ltr'>Κυρίῳ,</span> <span class='ocrx_word' id='word_1_315' title='bbox 3350 2284 3405 2321; x_wconf 91' lang='grc' dir='ltr'><strong>κ.</strong></span> <span class='ocrx_word' id='word_1_316' title='bbox 3436 2284 3488 2320; x_wconf 95' lang='lat'><strong>1.</strong></span> <span class='ocrx_word' id='word_1_317' title='bbox 3529 2267 3577 2320; x_wconf 88' lang='grc' dir='ltr'><strong>ἐ.</strong></span> <span class='ocrx_word' id='word_1_318' title='bbox 3621 2265 3691 2320; x_wconf 69' lang='lat' dir='ltr'><strong>El</strong></span> 
     </span>
    </p>
   </div>
   <div class='ocr_carea' id='block_1_50' title="bbox 2104 2357 3687 2433">
    <p class='ocr_par' dir='ltr' id='par_1_50' title="bbox 2104 2357 3687 2433">
     <span class='ocr_line' id='line_1_51' title="bbox 2104 2357 3687 2433; baseline -0.002 -20"><span class='ocrx_word' id='word_1_319' title='bbox 2104 2358 2306 2432; x_wconf 80' lang='grc' dir='ltr'>Κύριος</span> <span class='ocrx_word' id='word_1_320' title='bbox 2328 2359 2440 2433; x_wconf 89' lang='grc'><strong>(78)</strong></span> <span class='ocrx_word' id='word_1_321' title='bbox 2463 2359 2622 2431; x_wconf 82' lang='grc' dir='ltr'>ήμῶν</span> <span class='ocrx_word' id='word_1_322' title='bbox 2656 2358 2817 2429; x_wconf 80' lang='grc' dir='ltr'>σοφία</span> <span class='ocrx_word' id='word_1_323' title='bbox 2847 2359 3015 2423; x_wconf 78' lang='grc' dir='ltr'>ἐστὶν,</span> <span class='ocrx_word' id='word_1_324' title='bbox 3042 2359 3092 2413; x_wconf 80' lang='grc' dir='ltr'><strong>οἱ</strong></span> <span class='ocrx_word' id='word_1_325' title='bbox 3110 2360 3167 2414; x_wconf 84' lang='grc' dir='ltr'>δὲ</span> <span class='ocrx_word' id='word_1_326' title='bbox 3197 2359 3396 2414; x_wconf 89' lang='grc' dir='ltr'>δίκαιοι</span> <span class='ocrx_word' id='word_1_327' title='bbox 3424 2360 3480 2413; x_wconf 89' lang='grc' dir='ltr'><strong>ἐν</strong></span> <span class='ocrx_word' id='word_1_328' title='bbox 3495 2357 3687 2430; x_wconf 73' lang='grc' dir='ltr'>Κυρίῳ</span> 
     </span>
    </p>
   </div>
   <div class='ocr_carea' id='block_1_51' title="bbox 2102 2452 3556 2525">
    <p class='ocr_par' dir='ltr' id='par_1_51' title="bbox 2102 2452 3556 2525">
     <span class='ocr_line' id='line_1_52' title="bbox 2102 2452 3556 2525; baseline -0.001 -17"><span class='ocrx_word' id='word_1_329' title='bbox 2102 2452 2460 2523; x_wconf 84' lang='grc' dir='ltr'>ἀγαλλιῶσιν,</span> <span class='ocrx_word' id='word_1_330' title='bbox 2492 2454 2549 2507; x_wconf 71' lang='grc' dir='ltr'><strong>οἱ</strong></span> <span class='ocrx_word' id='word_1_331' title='bbox 2570 2452 2768 2508; x_wconf 85' lang='grc' dir='ltr'>δίκαιοι</span> <span class='ocrx_word' id='word_1_332' title='bbox 2792 2453 2902 2525; x_wconf 81' lang='grc' dir='ltr'>ἄρα</span> <span class='ocrx_word' id='word_1_333' title='bbox 2931 2455 2990 2508; x_wconf 88' lang='grc' dir='ltr'><strong>ἐν</strong></span> <span class='ocrx_word' id='word_1_334' title='bbox 3013 2452 3177 2523; x_wconf 70' lang='grc' dir='ltr'>σοφίᾳ.</span> <span class='ocrx_word' id='word_1_335' title='bbox 3207 2452 3556 2523; x_wconf 85' lang='grc' dir='ltr'>ἀγαλλιῶσιν.</span> 
     </span>
    </p>
   </div>
   <div class='ocr_carea' id='block_1_52' title="bbox 2188 2631 3691 2703">
    <p class='ocr_par' dir='ltr' id='par_1_52' title="bbox 2188 2631 3691 2703">
     <span class='ocr_line' id='line_1_53' title="bbox 2188 2631 3691 2703; baseline 0.001 -17"><span class='ocrx_word' id='word_1_336' title='bbox 2188 2633 2677 2703; x_wconf 79' lang='grc' dir='ltr'>Ἐξομολογεῒσθε</span> <span class='ocrx_word' id='word_1_337' title='bbox 2720 2631 2802 2698; x_wconf 79' lang='grc' dir='ltr'>τῷ</span> <span class='ocrx_word' id='word_1_338' title='bbox 2834 2632 3031 2701; x_wconf 82' lang='grc' dir='ltr'>Κυρίῳ</span> <span class='ocrx_word' id='word_1_339' title='bbox 3061 2631 3133 2686; x_wconf 77' lang='grc' dir='ltr'><strong>ἐν</strong></span> <span class='ocrx_word' id='word_1_340' title='bbox 3160 2631 3395 2699; x_wconf 80' lang='grc' dir='ltr'>κιθάρᾳ,</span> <span class='ocrx_word' id='word_1_341' title='bbox 3425 2632 3497 2685; x_wconf 84' lang='grc' dir='ltr'><strong>ἐν</strong></span> <span class='ocrx_word' id='word_1_342' title='bbox 3529 2632 3691 2699; x_wconf 71' lang='grc' dir='ltr'>ψαλ-</span> 
     </span>
    </p>
   </div>
   <div class='ocr_carea' id='block_1_53' title="bbox 2100 2719 3688 2795">
    <p class='ocr_par' dir='ltr' id='par_1_53' title="bbox 2100 2719 3688 2795">
     <span class='ocr_line' id='line_1_54' title="bbox 2100 2719 3688 2795; baseline -0.003 -15"><span class='ocrx_word' id='word_1_343' title='bbox 2100 2726 2284 2795; x_wconf 77' lang='grc' dir='ltr'>τηρίῳ</span> <span class='ocrx_word' id='word_1_344' title='bbox 2320 2724 2663 2795; x_wconf 82' lang='grc' dir='ltr'>δεκαχόρδῳ</span> <span class='ocrx_word' id='word_1_345' title='bbox 2700 2722 2940 2793; x_wconf 51' lang='lat' dir='ltr'><strong>gldium</strong></span> <span class='ocrx_word' id='word_1_346' title='bbox 2976 2719 3181 2787; x_wconf 82' lang='grc' dir='ltr'>αὐτῷ,</span> <span class='ocrx_word' id='word_1_347' title='bbox 3219 2737 3276 2775; x_wconf 87' lang='grc' dir='ltr'><strong>κ.</strong></span> <span class='ocrx_word' id='word_1_348' title='bbox 3309 2739 3361 2775; x_wconf 92' lang='grc' dir='ltr'>τ.</span> <span class='ocrx_word' id='word_1_349' title='bbox 3390 2723 3437 2773; x_wconf 89' lang='grc' dir='ltr'>ἐ.</span> <span class='ocrx_word' id='word_1_350' title='bbox 3470 2720 3688 2791; x_wconf 80' lang='grc' dir='ltr'>Κιθάρα</span> 
     </span>
    </p>
   </div>
   <div class='ocr_carea' id='block_1_54' title="bbox 2102 2811 3688 2889">
    <p class='ocr_par' dir='ltr' id='par_1_54' title="bbox 2102 2811 3688 2889">
     <span class='ocr_line' id='line_1_55' title="bbox 2102 2811 3688 2889; baseline -0.003 -18"><span class='ocrx_word' id='word_1_351' title='bbox 2102 2817 2222 2872; x_wconf 73' lang='grc' dir='ltr'>ἐστὶ</span> <span class='ocrx_word' id='word_1_352' title='bbox 2247 2816 2358 2889; x_wconf 87' lang='grc'>(79)</span> <span class='ocrx_word' id='word_1_353' title='bbox 2393 2816 2542 2889; x_wconf 82' lang='grc' dir='ltr'>ψυχὴ</span> <span class='ocrx_word' id='word_1_354' title='bbox 2574 2814 2852 2888; x_wconf 81' lang='grc' dir='ltr'>πρακτικὴ</span> <span class='ocrx_word' id='word_1_355' title='bbox 2880 2813 2985 2867; x_wconf 76' lang='grc' dir='ltr'><strong>ὑπὸ</strong></span> <span class='ocrx_word' id='word_1_356' title='bbox 3012 2813 3125 2867; x_wconf 84' lang='grc' dir='ltr'><strong>τῶν</strong></span> <span class='ocrx_word' id='word_1_357' title='bbox 3163 2811 3395 2866; x_wconf 78' lang='grc' dir='ltr'><strong>ἐντολῶν</strong></span> <span class='ocrx_word' id='word_1_358' title='bbox 3424 2812 3519 2865; x_wconf 80' lang='grc' dir='ltr'>τοῦ</span> <span class='ocrx_word' id='word_1_359' title='bbox 3549 2812 3688 2866; x_wconf 80' lang='grc' dir='ltr'>Θεοῦ</span> 
     </span>
    </p>
   </div>
   <div class='ocr_carea' id='block_1_55' title="bbox 419 2900 2001 2982">
    <p class='ocr_par' dir='ltr' id='par_1_55' title="bbox 419 2904 2001 2978">
     <span class='ocr_line' id='line_1_56' title="bbox 419 2904 2001 2978; baseline -0.001 -16"><span class='ocrx_word' id='word_1_360' title='bbox 419 2925 549 2965; x_wconf 89' lang='lat' dir='ltr'><strong>vero</strong></span> <span class='ocrx_word' id='word_1_361' title='bbox 602 2924 755 2963; x_wconf 87' lang='lat' dir='ltr'><strong>mens</strong></span> <span class='ocrx_word' id='word_1_362' title='bbox 804 2922 939 2978; x_wconf 86' lang='lat' dir='ltr'><strong>pura</strong></span> <span class='ocrx_word' id='word_1_363' title='bbox 982 2921 1012 2961; x_wconf 91' lang='lat' dir='ltr'><strong>a</strong></span> <span class='ocrx_word' id='word_1_364' title='bbox 1059 2905 1289 2977; x_wconf 83' lang='lat' dir='ltr'><strong>spiritali</strong></span> <span class='ocrx_word' id='word_1_365' title='bbox 1335 2904 1641 2975; x_wconf 79' lang='lat' dir='ltr'><strong>cognitione</strong></span> <span class='ocrx_word' id='word_1_366' title='bbox 1686 2916 1831 2961; x_wconf 86' lang='lat' dir='ltr'><strong>acta.</strong></span> <span class='ocrx_word' id='word_1_367' title='bbox 1865 2907 2001 2962; x_wconf 79' lang='lat' dir='ltr'><strong>Con-</strong></span> 
     </span>
    </p>
   </div>
   <div class='ocr_carea' id='block_1_56' title="bbox 2102 2900 3691 2982">
    <p class='ocr_par' dir='ltr' id='par_1_56' title="bbox 2106 2904 3691 2982">
     <span class='ocr_line' id='line_1_57' title="bbox 2106 2904 3691 2982; baseline -0.005 -18"><span class='ocrx_word' id='word_1_368' title='bbox 2106 2910 2423 2982; x_wconf 84' lang='grc' dir='ltr'>κινουμένη,</span> <span class='ocrx_word' id='word_1_369' title='bbox 2450 2909 2748 2980; x_wconf 76' lang='grc' dir='ltr'>ψαλτήριον</span> <span class='ocrx_word' id='word_1_370' title='bbox 2769 2905 2825 2960; x_wconf 83' lang='grc' dir='ltr'>δὲ</span> <span class='ocrx_word' id='word_1_371' title='bbox 2856 2905 2982 2970; x_wconf 83' lang='grc' dir='ltr'>νοῦς</span> <span class='ocrx_word' id='word_1_372' title='bbox 3022 2904 3261 2977; x_wconf 79' lang='grc' dir='ltr'>καθαρὸς</span> <span class='ocrx_word' id='word_1_373' title='bbox 3290 2904 3396 2958; x_wconf 81' lang='grc' dir='ltr'><strong>ὑπὸ</strong></span> <span class='ocrx_word' id='word_1_374' title='bbox 3440 2921 3691 2975; x_wconf 59' lang='grc' dir='ltr'>πνευμακ</span> 
     </span>
    </p>
   </div>
   <div class='ocr_carea' id='block_1_57' title="bbox 419 2997 2000 3071">
    <p class='ocr_par' dir='ltr' id='par_1_57' title="bbox 419 2997 2000 3071">
     <span class='ocr_line' id='line_1_58' title="bbox 419 2997 2000 3071; baseline -0.004 -15"><span class='ocrx_word' id='word_1_375' title='bbox 419 3009 621 3071; x_wconf 85' lang='lat' dir='ltr'><strong>gruunt</strong></span> <span class='ocrx_word' id='word_1_376' title='bbox 656 3001 821 3056; x_wconf 89' lang='lat' dir='ltr'><strong>etiam</strong></span> <span class='ocrx_word' id='word_1_377' title='bbox 853 2999 1014 3055; x_wconf 90' lang='lat' dir='ltr'><strong>nobis</strong></span> <span class='ocrx_word' id='word_1_378' title='bbox 1045 2999 1239 3069; x_wconf 63' lang='lat' dir='ltr'><strong>quaain</strong></span> <span class='ocrx_word' id='word_1_379' title='bbox 1276 2997 1457 3054; x_wconf 87' lang='lat' dir='ltr'><strong>Veteri</strong></span> <span class='ocrx_word' id='word_1_380' title='bbox 1493 2997 1848 3054; x_wconf 87' lang='lat' dir='ltr'><strong>Testamento</strong></span> <span class='ocrx_word' id='word_1_381' title='bbox 1879 3014 2000 3053; x_wconf 84' lang='lat' dir='ltr'><strong>mu-</strong></span> 
     </span>
    </p>
   </div>
   <div class='ocr_carea' id='block_1_58' title="bbox 419 3085 2001 3159">
    <p class='ocr_par' dir='ltr' id='par_1_58' title="bbox 419 3085 2001 3159">
     <span class='ocr_line' id='line_1_59' title="bbox 419 3085 2001 3159; baseline -0.004 -11"><span class='ocrx_word' id='word_1_382' title='bbox 419 3093 533 3148; x_wconf 88' lang='lat' dir='ltr'><strong>sica</strong></span> <span class='ocrx_word' id='word_1_383' title='bbox 566 3098 728 3148; x_wconf 88' lang='lat' dir='ltr'><strong>erant</strong></span> <span class='ocrx_word' id='word_1_384' title='bbox 766 3103 999 3158; x_wconf 80' lang='lat' dir='ltr'><strong>organa,</strong></span> <span class='ocrx_word' id='word_1_385' title='bbox 1029 3089 1075 3144; x_wconf 91' lang='lat' dir='ltr'><strong>si</strong></span> <span class='ocrx_word' id='word_1_386' title='bbox 1111 3086 1434 3157; x_wconf 83' lang='lat' dir='ltr'><strong>spiritaliter</strong></span> <span class='ocrx_word' id='word_1_387' title='bbox 1475 3086 1875 3159; x_wconf 77' lang='lat' dir='ltr'><strong>intelligantur.</strong></span> <span class='ocrx_word' id='word_1_388' title='bbox 1911 3085 2001 3142; x_wconf 80' lang='lat' dir='ltr'><strong>Fi-</strong></span> 
     </span>
    </p>
   </div>
   <div class='ocr_carea' id='block_1_59' title="bbox 421 3177 2002 3253">
    <p class='ocr_par' dir='ltr' id='par_1_59' title="bbox 421 3177 2002 3253">
     <span class='ocr_line' id='line_1_60' title="bbox 421 3177 2002 3253; baseline -0.003 -17"><span class='ocrx_word' id='word_1_389' title='bbox 421 3199 555 3253; x_wconf 86' lang='lat' dir='ltr'><strong>gura</strong></span> <span class='ocrx_word' id='word_1_390' title='bbox 587 3183 732 3238; x_wconf 90' lang='lat' dir='ltr'><strong>enim</strong></span> <span class='ocrx_word' id='word_1_391' title='bbox 776 3181 1012 3251; x_wconf 86' lang='lat' dir='ltr'><strong>quadam</strong></span> <span class='ocrx_word' id='word_1_392' title='bbox 1041 3193 1244 3248; x_wconf 83' lang='lat' dir='ltr'><strong>corpus</strong></span> <span class='ocrx_word' id='word_1_393' title='bbox 1278 3177 1482 3233; x_wconf 90' lang='lat' dir='ltr'><strong>dicitur</strong></span> <span class='ocrx_word' id='word_1_394' title='bbox 1510 3177 1747 3243; x_wconf 78' lang='lat' dir='ltr'><strong>cithara,</strong></span> <span class='ocrx_word' id='word_1_395' title='bbox 1778 3177 2002 3246; x_wconf 79' lang='lat' dir='ltr'><strong>spiritus</strong></span> 
     </span>
    </p>
   </div>
   <div class='ocr_carea' id='block_1_60' title="bbox 420 3268 2003 3345">
    <p class='ocr_par' dir='ltr' id='par_1_60' title="bbox 420 3268 2003 3345">
     <span class='ocr_line' id='line_1_61' title="bbox 420 3268 2003 3345; baseline -0.002 -16"><span class='ocrx_word' id='word_1_396' title='bbox 420 3286 599 3330; x_wconf 86' lang='lat' dir='ltr'><strong>autem</strong></span> <span class='ocrx_word' id='word_1_397' title='bbox 654 3272 999 3345; x_wconf 88' lang='lat' dir='ltr'><strong>psalterium,</strong></span> <span class='ocrx_word' id='word_1_398' title='bbox 1061 3286 1191 3342; x_wconf 56' lang='lat' dir='ltr'><strong>qua!</strong></span> <span class='ocrx_word' id='word_1_399' title='bbox 1237 3271 1441 3325; x_wconf 88' lang='lat' dir='ltr'><strong>musica</strong></span> <span class='ocrx_word' id='word_1_400' title='bbox 1501 3268 1733 3340; x_wconf 86' lang='lat' dir='ltr'><strong>quadam</strong></span> <span class='ocrx_word' id='word_1_401' title='bbox 1791 3269 2003 3326; x_wconf 83' lang='lat' dir='ltr'><strong>ratione</strong></span> 
     </span>
    </p>
   </div>
   <div class='ocr_carea' id='block_1_61' title="bbox 420 3359 2000 3437">
    <p class='ocr_par' dir='ltr' id='par_1_61' title="bbox 420 3359 2000 3437">
     <span class='ocr_line' id='line_1_62' title="bbox 420 3359 2000 3437; baseline -0.003 -16"><span class='ocrx_word' id='word_1_402' title='bbox 420 3376 677 3437; x_wconf 86' lang='lat' dir='ltr'><strong>aptantur</strong></span> <span class='ocrx_word' id='word_1_403' title='bbox 699 3363 955 3435; x_wconf 81' lang='lat' dir='ltr'><strong>sapienti,</strong></span> <span class='ocrx_word' id='word_1_404' title='bbox 990 3363 1083 3434; x_wconf 87' lang='lat' dir='ltr'><strong>qui</strong></span> <span class='ocrx_word' id='word_1_405' title='bbox 1126 3360 1407 3431; x_wconf 84' lang='lat' dir='ltr'><strong>corporeis</strong></span> <span class='ocrx_word' id='word_1_406' title='bbox 1442 3359 1705 3417; x_wconf 88' lang='lat' dir='ltr'><strong>membris</strong></span> <span class='ocrx_word' id='word_1_407' title='bbox 1741 3373 2000 3431; x_wconf 88' lang='lat' dir='ltr'><strong>tanquam</strong></span> 
     </span>
    </p>
   </div>
   <div class='ocr_carea' id='block_1_62' title="bbox 420 3452 2005 3523">
    <p class='ocr_par' dir='ltr' id='par_1_62' title="bbox 420 3452 2005 3523">
     <span class='ocr_line' id='line_1_63' title="bbox 420 3452 2005 3523; baseline -0.004 -8"><span class='ocrx_word' id='word_1_408' title='bbox 420 3459 644 3515; x_wconf 91' lang='lat' dir='ltr'><strong>chordis</strong></span> <span class='ocrx_word' id='word_1_409' title='bbox 663 3458 919 3512; x_wconf 80' lang='lat' dir='ltr'><strong>decenter</strong></span> <span class='ocrx_word' id='word_1_410' title='bbox 952 3456 1152 3519; x_wconf 88' lang='lat' dir='ltr'><strong>utitur,</strong></span> <span class='ocrx_word' id='word_1_411' title='bbox 1182 3462 1237 3508; x_wconf 92' lang='lat' dir='ltr'><strong>et</strong></span> <span class='ocrx_word' id='word_1_412' title='bbox 1270 3452 1494 3523; x_wconf 83' lang='lat' dir='ltr'><strong>spiritus</strong></span> <span class='ocrx_word' id='word_1_413' title='bbox 1533 3452 1825 3509; x_wconf 80' lang='lat' dir='ltr'><strong>facultates</strong></span> <span class='ocrx_word' id='word_1_414' title='bbox 1863 3452 2005 3523; x_wconf 89' lang='lat' dir='ltr'><strong>opti-</strong></span> 
     </span>
    </p>
   </div>
   <div class='ocr_carea' id='block_1_63' title="bbox 422 3542 2003 3619">
    <p class='ocr_par' dir='ltr' id='par_1_63' title="bbox 422 3542 2003 3619">
     <span class='ocr_line' id='line_1_64' title="bbox 422 3542 2003 3619; baseline -0.004 -16"><span class='ocrx_word' id='word_1_415' title='bbox 422 3564 510 3604; x_wconf 90' lang='lat' dir='ltr'><strong>me</strong></span> <span class='ocrx_word' id='word_1_416' title='bbox 543 3550 703 3619; x_wconf 79' lang='lat' dir='ltr'><strong>regit.</strong></span> <span class='ocrx_word' id='word_1_417' title='bbox 733 3545 971 3606; x_wconf 82' lang='lat' dir='ltr'><strong>Pulchre</strong></span> <span class='ocrx_word' id='word_1_418' title='bbox 1007 3554 1186 3601; x_wconf 89' lang='lat' dir='ltr'><strong>autem</strong></span> <span class='ocrx_word' id='word_1_419' title='bbox 1227 3543 1489 3615; x_wconf 84' lang='lat' dir='ltr'><strong>psallitis</strong></span> <span class='ocrx_word' id='word_1_420' title='bbox 1517 3542 1608 3613; x_wconf 90' lang='lat' dir='ltr'><strong>qui</strong></span> <span class='ocrx_word' id='word_1_421' title='bbox 1644 3552 1828 3600; x_wconf 86' lang='lat' dir='ltr'><strong>mente</strong></span> <span class='ocrx_word' id='word_1_422' title='bbox 1856 3542 2003 3614; x_wconf 83' lang='lat' dir='ltr'><strong>psal-</strong></span> 
     </span>
    </p>
   </div>
   <div class='ocr_carea' id='block_1_64' title="bbox 420 3635 2003 3711">
    <p class='ocr_par' dir='ltr' id='par_1_64' title="bbox 420 3635 2003 3711">
     <span class='ocr_line' id='line_1_65' title="bbox 420 3635 2003 3711; baseline -0.003 -13"><span class='ocrx_word' id='word_1_423' title='bbox 420 3643 505 3708; x_wconf 85' lang='lat' dir='ltr'><strong>lit,</strong></span> <span class='ocrx_word' id='word_1_424' title='bbox 538 3642 776 3711; x_wconf 87' lang='lat' dir='ltr'><strong>psalmos</strong></span> <span class='ocrx_word' id='word_1_425' title='bbox 807 3638 1049 3695; x_wconf 89' lang='lat' dir='ltr'><strong>rccitans</strong></span> <span class='ocrx_word' id='word_1_426' title='bbox 1095 3635 1390 3707; x_wconf 85' lang='lat' dir='ltr'><strong>spiritales,</strong></span> <span class='ocrx_word' id='word_1_427' title='bbox 1412 3645 1466 3691; x_wconf 89' lang='lat' dir='ltr'><strong>et</strong></span> <span class='ocrx_word' id='word_1_428' title='bbox 1491 3635 1544 3691; x_wconf 92' lang='lat' dir='ltr'><strong>in</strong></span> <span class='ocrx_word' id='word_1_429' title='bbox 1579 3637 1743 3694; x_wconf 82' lang='lat' dir='ltr'><strong>corde</strong></span> <span class='ocrx_word' id='word_1_430' title='bbox 1765 3637 2003 3708; x_wconf 83' lang='lat' dir='ltr'><strong>psallens</strong></span> 
     </span>
    </p>
   </div>
   <div class='ocr_carea' id='block_1_65' title="bbox 424 3728 2000 3801">
    <p class='ocr_par' dir='ltr' id='par_1_65' title="bbox 424 3728 2000 3801">
     <span class='ocr_line' id='line_1_66' title="bbox 424 3728 2000 3801; baseline -0.003 -12"><span class='ocrx_word' id='word_1_431' title='bbox 424 3735 558 3789; x_wconf 80' lang='lat' dir='ltr'><strong>Deo.</strong></span> <span class='ocrx_word' id='word_1_432' title='bbox 592 3732 688 3788; x_wconf 91' lang='lat' dir='ltr'><strong>Vel</strong></span> <span class='ocrx_word' id='word_1_433' title='bbox 715 3750 737 3785; x_wconf 77' lang='grc' dir='ltr'><strong>ι</strong></span> <span class='ocrx_word' id='word_1_434' title='bbox 771 3732 960 3787; x_wconf 87' lang='lat' dir='ltr'><strong>decem</strong></span> <span class='ocrx_word' id='word_1_435' title='bbox 1010 3730 1336 3786; x_wconf 89' lang='lat' dir='ltr'><strong>chordarum</strong></span> <span class='ocrx_word' id='word_1_436' title='bbox 1374 3746 1394 3781; x_wconf 75' lang='grc' dir='ltr'><strong>ι</strong></span> <span class='ocrx_word' id='word_1_437' title='bbox 1435 3728 1573 3784; x_wconf 78' lang='lat' dir='ltr'><strong>dixit</strong></span> <span class='ocrx_word' id='word_1_438' title='bbox 1603 3744 1723 3801; x_wconf 92' lang='lat' dir='ltr'><strong>pro,</strong></span> <span class='ocrx_word' id='word_1_439' title='bbox 1753 3749 1774 3782; x_wconf 78' lang='grc' dir='ltr'><strong>ι</strong></span> <span class='ocrx_word' id='word_1_440' title='bbox 1814 3730 2000 3785; x_wconf 91' lang='lat' dir='ltr'><strong>decem</strong></span> 
     </span>
    </p>
   </div>
   <div class='ocr_carea' id='block_1_66' title="bbox 422 3820 1999 3889">
    <p class='ocr_par' dir='ltr' id='par_1_66' title="bbox 422 3820 1999 3889">
     <span class='ocr_line' id='line_1_67' title="bbox 422 3820 1999 3889; baseline -0.004 -8"><span class='ocrx_word' id='word_1_441' title='bbox 422 3840 756 3889; x_wconf 84' lang='lat' dir='ltr'><strong>nervorum;</strong></span> <span class='ocrx_word' id='word_1_442' title='bbox 796 3841 821 3877; x_wconf 70' lang='grc' dir='ltr'><strong>ι</strong></span> <span class='ocrx_word' id='word_1_443' title='bbox 848 3822 1047 3877; x_wconf 81' lang='lat' dir='ltr'><strong>chorda</strong></span> <span class='ocrx_word' id='word_1_444' title='bbox 1086 3820 1232 3876; x_wconf 89' lang='lat' dir='ltr'><strong>enim</strong></span> <span class='ocrx_word' id='word_1_445' title='bbox 1270 3833 1473 3876; x_wconf 80' lang='lat' dir='ltr'><strong>nervus</strong></span> <span class='ocrx_word' id='word_1_446' title='bbox 1515 3831 1619 3879; x_wconf 86' lang='lat' dir='ltr'><strong>est.</strong></span> <span class='ocrx_word' id='word_1_447' title='bbox 1672 3820 1999 3878; x_wconf 78' lang='lat' dir='ltr'><strong>Psalterium</strong></span> 
     </span>
    </p>
   </div>
   <div class='ocr_carea' id='block_1_67' title="bbox 422 3912 2004 3988">
    <p class='ocr_par' dir='ltr' id='par_1_67' title="bbox 422 3912 2004 3988">
     <span class='ocr_line' id='line_1_68' title="bbox 422 3912 2004 3988; baseline -0.003 -16"><span class='ocrx_word' id='word_1_448' title='bbox 422 3919 608 3988; x_wconf 85' lang='lat' dir='ltr'><strong>itaque</strong></span> <span class='ocrx_word' id='word_1_449' title='bbox 636 3916 824 3972; x_wconf 84' lang='lat' dir='ltr'><strong>decem</strong></span> <span class='ocrx_word' id='word_1_450' title='bbox 867 3913 1197 3969; x_wconf 88' lang='lat' dir='ltr'><strong>chordarum</strong></span> <span class='ocrx_word' id='word_1_451' title='bbox 1227 3912 1431 3968; x_wconf 90' lang='lat' dir='ltr'><strong>dicitur</strong></span> <span class='ocrx_word' id='word_1_452' title='bbox 1466 3913 1632 3968; x_wconf 89' lang='lat' dir='ltr'><strong>etiam</strong></span> <span class='ocrx_word' id='word_1_453' title='bbox 1671 3927 1892 3983; x_wconf 89' lang='lat' dir='ltr'><strong>corpus,</strong></span> <span class='ocrx_word' id='word_1_454' title='bbox 1917 3921 2004 3968; x_wconf 87' lang='lat' dir='ltr'><strong>ut-</strong></span> 
     </span>
    </p>
   </div>
   <div class='ocr_carea' id='block_1_68' title="bbox 423 4007 2002 4083">
    <p class='ocr_par' dir='ltr' id='par_1_68' title="bbox 423 4007 2002 4083">
     <span class='ocr_line' id='line_1_69' title="bbox 423 4007 2002 4083; baseline -0.006 -13"><span class='ocrx_word' id='word_1_455' title='bbox 423 4022 549 4082; x_wconf 84' lang='lat' dir='ltr'><strong>pote</strong></span> <span class='ocrx_word' id='word_1_456' title='bbox 585 4012 728 4083; x_wconf 83' lang='lat' dir='ltr'><strong>quod</strong></span> <span class='ocrx_word' id='word_1_457' title='bbox 763 4011 1003 4082; x_wconf 88' lang='lat' dir='ltr'><strong>quinque</strong></span> <span class='ocrx_word' id='word_1_458' title='bbox 1036 4022 1229 4066; x_wconf 88' lang='lat' dir='ltr'><strong>sensus</strong></span> <span class='ocrx_word' id='word_1_459' title='bbox 1244 4008 1431 4075; x_wconf 87' lang='lat' dir='ltr'><strong>habet,</strong></span> <span class='ocrx_word' id='word_1_460' title='bbox 1463 4018 1518 4066; x_wconf 91' lang='lat' dir='ltr'><strong>et</strong></span> <span class='ocrx_word' id='word_1_461' title='bbox 1537 4008 1780 4081; x_wconf 88' lang='lat' dir='ltr'><strong>quinque</strong></span> <span class='ocrx_word' id='word_1_462' title='bbox 1802 4007 2002 4062; x_wconf 73' lang='lat' dir='ltr'><strong>anima:</strong></span> 
     </span>
    </p>
   </div>
   <div class='ocr_carea' id='block_1_69' title="bbox 424 4099 2009 4176">
    <p class='ocr_par' dir='ltr' id='par_1_69' title="bbox 424 4099 2009 4176">
     <span class='ocr_line' id='line_1_70' title="bbox 424 4099 2009 4176; baseline -0.003 -18"><span class='ocrx_word' id='word_1_463' title='bbox 424 4106 738 4171; x_wconf 80' lang='lat' dir='ltr'><strong>facultates,</strong></span> <span class='ocrx_word' id='word_1_464' title='bbox 767 4118 995 4176; x_wconf 83' lang='lat' dir='ltr'><strong>quarum</strong></span> <span class='ocrx_word' id='word_1_465' title='bbox 1026 4102 1306 4172; x_wconf 60' lang='lat' dir='ltr'><strong>singulte‘a</strong></span> <span class='ocrx_word' id='word_1_466' title='bbox 1333 4100 1565 4173; x_wconf 83' lang='lat' dir='ltr'><strong>singulis</strong></span> <span class='ocrx_word' id='word_1_467' title='bbox 1600 4099 1854 4156; x_wconf 86' lang='lat' dir='ltr'><strong>sensibus</strong></span> <span class='ocrx_word' id='word_1_468' title='bbox 1878 4113 2009 4171; x_wconf 82' lang='lat' dir='ltr'><strong>per-</strong></span> 
     </span>
    </p>
   </div>
   <div class='ocr_carea' id='block_1_70' title="bbox 419 4208 673 4269">
    <p class='ocr_par' dir='ltr' id='par_1_70' title="bbox 419 4208 673 4269">
     <span class='ocr_line' id='line_1_71' title="bbox 419 4208 673 4269; baseline 0.004 -17"><span class='ocrx_word' id='word_1_469' title='bbox 419 4208 673 4269; x_wconf 80' lang='lat' dir='ltr'><strong>aguntur.</strong></span> 
     </span>
    </p>
   </div>
   <div class='ocr_carea' id='block_1_71' title="bbox 2103 2995 3695 3069">
    <p class='ocr_par' dir='ltr' id='par_1_71' title="bbox 2103 2995 3695 3069">
     <span class='ocr_line' id='line_1_72' title="bbox 2103 2995 3695 3069; baseline -0.004 -15"><span class='ocrx_word' id='word_1_470' title='bbox 2103 2999 2265 3069; x_wconf 83' lang='grc' dir='ltr'>τικῆς</span> <span class='ocrx_word' id='word_1_471' title='bbox 2318 2997 2638 3069; x_wconf 87' lang='grc' dir='ltr'>κινούμενος</span> <span class='ocrx_word' id='word_1_472' title='bbox 2669 2995 2945 3067; x_wconf 86' lang='grc' dir='ltr'>γνώσεως.</span> <span class='ocrx_word' id='word_1_473' title='bbox 2994 2996 3250 3067; x_wconf 76' lang='grc' dir='ltr'>Ἃρμὸζει</span> <span class='ocrx_word' id='word_1_474' title='bbox 3294 2995 3353 3049; x_wconf 85' lang='grc' dir='ltr'>δὲ</span> <span class='ocrx_word' id='word_1_475' title='bbox 3411 2995 3506 3048; x_wconf 56' lang='grc' dir='ltr'><strong>καλ¹</strong></span> <span class='ocrx_word' id='word_1_476' title='bbox 3555 2996 3695 3065; x_wconf 79' lang='grc' dir='ltr'>ἡμῖν</span> 
     </span>
    </p>
   </div>
   <div class='ocr_carea' id='block_1_72' title="bbox 2102 3084 3695 3161">
    <p class='ocr_par' dir='ltr' id='par_1_72' title="bbox 2102 3084 3695 3161">
     <span class='ocr_line' id='line_1_73' title="bbox 2102 3084 3695 3161; baseline -0.005 -16"><span class='ocrx_word' id='word_1_477' title='bbox 2102 3089 2184 3145; x_wconf 69' lang='grc' dir='ltr'>τὰ</span> <span class='ocrx_word' id='word_1_478' title='bbox 2196 3091 2254 3145; x_wconf 88' lang='grc' dir='ltr'><strong>ἐν</strong></span> <span class='ocrx_word' id='word_1_479' title='bbox 2274 3092 2340 3161; x_wconf 82' lang='grc' dir='ltr'><strong>τῇ</strong></span> <span class='ocrx_word' id='word_1_480' title='bbox 2374 3090 2587 3161; x_wconf 80' lang='grc' dir='ltr'>Παλαιᾷ</span> <span class='ocrx_word' id='word_1_481' title='bbox 2621 3088 2856 3160; x_wconf 82' lang='grc' dir='ltr'>μουσικὰ</span> <span class='ocrx_word' id='word_1_482' title='bbox 2883 3087 3091 3161; x_wconf 75' lang='grc' dir='ltr'>ὄργανα</span> <span class='ocrx_word' id='word_1_483' title='bbox 3115 3085 3502 3157; x_wconf 84' lang='grc' dir='ltr'>πνευματικῶς</span> <span class='ocrx_word' id='word_1_484' title='bbox 3538 3084 3695 3139; x_wconf 86' lang='grc' dir='ltr'>νοού-</span> 
     </span>
    </p>
   </div>
   <div class='ocr_carea' id='block_1_73' title="bbox 2106 3175 3692 3256">
    <p class='ocr_par' dir='ltr' id='par_1_73' title="bbox 2106 3175 3692 3256">
     <span class='ocr_line' id='line_1_74' title="bbox 2106 3175 3692 3256; baseline -0.006 -19"><span class='ocrx_word' id='word_1_485' title='bbox 2106 3201 2264 3256; x_wconf 82' lang='grc' dir='ltr'>μενα,</span> <span class='ocrx_word' id='word_1_486' title='bbox 2298 3181 2500 3254; x_wconf 78' lang='grc' dir='ltr'>κιθάρα</span> <span class='ocrx_word' id='word_1_487' title='bbox 2522 3182 2620 3253; x_wconf 86' lang='grc' dir='ltr'>μὲν</span> <span class='ocrx_word' id='word_1_488' title='bbox 2645 3180 2923 3254; x_wconf 80' lang='grc' dir='ltr'>τροπικῶς</span> <span class='ocrx_word' id='word_1_489' title='bbox 2948 3179 3010 3233; x_wconf 84' lang='grc' dir='ltr'>τὸ</span> <span class='ocrx_word' id='word_1_490' title='bbox 3032 3179 3190 3248; x_wconf 86' lang='grc' dir='ltr'>σῶμα</span> <span class='ocrx_word' id='word_1_491' title='bbox 3212 3176 3527 3248; x_wconf 86' lang='grc' dir='ltr'>λεγόμενον,</span> <span class='ocrx_word' id='word_1_492' title='bbox 3551 3175 3692 3246; x_wconf 60' lang='grc' dir='ltr'>ψαλκ</span> 
     </span>
    </p>
   </div>
   <div class='ocr_carea' id='block_1_74' title="bbox 2103 3264 3691 3347">
    <p class='ocr_par' dir='ltr' id='par_1_74' title="bbox 2103 3264 3691 3347">
     <span class='ocr_line' id='line_1_75' title="bbox 2103 3264 3691 3347; baseline -0.006 -19"><span class='ocrx_word' id='word_1_493' title='bbox 2103 3275 2294 3347; x_wconf 86' lang='grc' dir='ltr'>τήριον</span> <span class='ocrx_word' id='word_1_494' title='bbox 2332 3272 2391 3326; x_wconf 85' lang='grc' dir='ltr'>δὲ</span> <span class='ocrx_word' id='word_1_495' title='bbox 2421 3271 2483 3327; x_wconf 78' lang='grc' dir='ltr'>τὸ</span> <span class='ocrx_word' id='word_1_496' title='bbox 2517 3270 2769 3344; x_wconf 76' lang='grc' dir='ltr'>πνεῦμαο</span> <span class='ocrx_word' id='word_1_497' title='bbox 2801 3271 2958 3327; x_wconf 81' lang='grc' dir='ltr'>ἆτινα</span> <span class='ocrx_word' id='word_1_498' title='bbox 2992 3269 3266 3343; x_wconf 83' lang='grc' dir='ltr'>μουσικῶς</span> <span class='ocrx_word' id='word_1_499' title='bbox 3297 3268 3571 3339; x_wconf 75' lang='grc' dir='ltr'>ἥρμοσται</span> <span class='ocrx_word' id='word_1_500' title='bbox 3610 3264 3691 3336; x_wconf 83' lang='grc' dir='ltr'><strong>τῷ</strong></span> 
     </span>
    </p>
   </div>
   <div class='ocr_carea' id='block_1_75' title="bbox 2105 3356 3730 3443">
    <p class='ocr_par' dir='ltr' id='par_1_75' title="bbox 2105 3356 3730 3443">
     <span class='ocr_line' id='line_1_76' title="bbox 2105 3356 3730 3443; baseline -0.006 -21"><span class='ocrx_word' id='word_1_501' title='bbox 2105 3371 2254 3443; x_wconf 78' lang='grc' dir='ltr'>σοφῷ</span> <span class='ocrx_word' id='word_1_502' title='bbox 2286 3368 2369 3431; x_wconf 72' lang='grc' dir='ltr'>εἰς</span> <span class='ocrx_word' id='word_1_503' title='bbox 2402 3365 2522 3421; x_wconf 86' lang='grc' dir='ltr'>δέον</span> <span class='ocrx_word' id='word_1_504' title='bbox 2566 3365 2835 3438; x_wconf 79' lang='grc' dir='ltr'>χρωμένῳ</span> <span class='ocrx_word' id='word_1_505' title='bbox 2869 3364 2945 3429; x_wconf 84' lang='grc' dir='ltr'><strong>ὡς</strong></span> <span class='ocrx_word' id='word_1_506' title='bbox 2972 3364 3192 3437; x_wconf 87' lang='grc' dir='ltr'>χορδαῖς</span> <span class='ocrx_word' id='word_1_507' title='bbox 3223 3364 3335 3427; x_wconf 83' lang='grc' dir='ltr'>τοῖς</span> <span class='ocrx_word' id='word_1_508' title='bbox 3373 3361 3559 3433; x_wconf 81' lang='grc' dir='ltr'>μέλεσι</span> <span class='ocrx_word' id='word_1_509' title='bbox 3590 3359 3693 3415; x_wconf 76' lang='grc' dir='ltr'>τοῦ</span> <span class='ocrx_word' id='word_1_510' title='bbox 3724 3356 3730 3362; x_wconf 80' lang='grc'><em>’</em></span> 
     </span>
    </p>
   </div>
   <div class='ocr_carea' id='block_1_76' title="bbox 2106 3452 3691 3531">
    <p class='ocr_par' dir='ltr' id='par_1_76' title="bbox 2106 3452 3691 3531">
     <span class='ocr_line' id='line_1_77' title="bbox 2106 3452 3691 3531; baseline -0.006 -17"><span class='ocrx_word' id='word_1_511' title='bbox 2106 3459 2387 3531; x_wconf 82' lang='grc' dir='ltr'>σώματος,</span> <span class='ocrx_word' id='word_1_512' title='bbox 2413 3459 2509 3515; x_wconf 75' lang='grc' dir='ltr'>καὶ</span> <span class='ocrx_word' id='word_1_513' title='bbox 2556 3460 2679 3523; x_wconf 82' lang='grc' dir='ltr'>ταῖς</span> <span class='ocrx_word' id='word_1_514' title='bbox 2709 3458 2973 3528; x_wconf 87' lang='grc' dir='ltr'>δυνάμεσι</span> <span class='ocrx_word' id='word_1_515' title='bbox 3005 3456 3098 3510; x_wconf 84' lang='grc' dir='ltr'>τοῦ</span> <span class='ocrx_word' id='word_1_516' title='bbox 3132 3456 3464 3526; x_wconf 87' lang='grc' dir='ltr'>πνεύματος.</span> <span class='ocrx_word' id='word_1_517' title='bbox 3493 3452 3691 3517; x_wconf 80' lang='grc' dir='ltr'>Καλῶς</span> 
     </span>
    </p>
   </div>
   <div class='ocr_carea' id='block_1_77' title="bbox 2102 3545 3691 3620">
    <p class='ocr_par' dir='ltr' id='par_1_77' title="bbox 2102 3545 3691 3620">
     <span class='ocr_line' id='line_1_78' title="bbox 2102 3545 3691 3620; baseline -0.004 -16"><span class='ocrx_word' id='word_1_518' title='bbox 2102 3549 2162 3605; x_wconf 89' lang='grc' dir='ltr'><strong>δέ</strong></span> <span class='ocrx_word' id='word_1_519' title='bbox 2198 3549 2389 3620; x_wconf 81' lang='grc' dir='ltr'>ψάλλει</span> <span class='ocrx_word' id='word_1_520' title='bbox 2416 3550 2445 3603; x_wconf 85' lang='grc' dir='ltr'><strong>ὁ</strong></span> <span class='ocrx_word' id='word_1_521' title='bbox 2490 3547 2706 3619; x_wconf 80' lang='grc' dir='ltr'>ψάλλων</span> <span class='ocrx_word' id='word_1_522' title='bbox 2732 3546 2849 3613; x_wconf 78' lang='grc' dir='ltr'>νοῒ,</span> <span class='ocrx_word' id='word_1_523' title='bbox 2882 3546 3131 3617; x_wconf 81' lang='grc' dir='ltr'>ψαλμοὺς</span> <span class='ocrx_word' id='word_1_524' title='bbox 3169 3545 3342 3614; x_wconf 87' lang='grc' dir='ltr'>λέγων</span> <span class='ocrx_word' id='word_1_525' title='bbox 3388 3561 3691 3615; x_wconf 73' lang='grc' dir='ltr'>πνευματι-</span> 
     </span>
    </p>
   </div>
   <div class='ocr_carea' id='block_1_78' title="bbox 2103 3635 3691 3712">
    <p class='ocr_par' dir='ltr' id='par_1_78' title="bbox 2103 3635 3691 3712">
     <span class='ocr_line' id='line_1_79' title="bbox 2103 3635 3691 3712; baseline -0.004 -17"><span class='ocrx_word' id='word_1_526' title='bbox 2103 3641 2257 3706; x_wconf 78' lang='grc' dir='ltr'>κοὺς,</span> <span class='ocrx_word' id='word_1_527' title='bbox 2287 3640 2383 3695; x_wconf 74' lang='grc' dir='ltr'>καὶ</span> <span class='ocrx_word' id='word_1_528' title='bbox 2409 3642 2467 3694; x_wconf 89' lang='grc' dir='ltr'><strong>ἐν</strong></span> <span class='ocrx_word' id='word_1_529' title='bbox 2496 3638 2695 3712; x_wconf 83' lang='grc' dir='ltr'>καρδίᾳ</span> <span class='ocrx_word' id='word_1_530' title='bbox 2723 3638 2866 3711; x_wconf 78' lang='grc' dir='ltr'>ᾅδων</span> <span class='ocrx_word' id='word_1_531' title='bbox 2892 3636 2971 3709; x_wconf 84' lang='grc' dir='ltr'>τῷ</span> <span class='ocrx_word' id='word_1_532' title='bbox 2999 3635 3138 3708; x_wconf 82' lang='grc' dir='ltr'>Θεῷ.</span> <span class='ocrx_word' id='word_1_533' title='bbox 3175 3636 3247 3690; x_wconf 86' lang='grc' dir='ltr'><strong>Ἦ</strong></span> <span class='ocrx_word' id='word_1_534' title='bbox 3287 3653 3306 3687; x_wconf 75' lang='grc' dir='ltr'><strong>ι</strong></span> <span class='ocrx_word' id='word_1_535' title='bbox 3331 3635 3640 3708; x_wconf 80' lang='grc' dir='ltr'>δεκαχόρδῳ</span> <span class='ocrx_word' id='word_1_536' title='bbox 3663 3653 3691 3689; x_wconf 67' lang='grc' dir='ltr'><strong>ι</strong></span> 
     </span>
    </p>
   </div>
   <div class='ocr_carea' id='block_1_79' title="bbox 2103 3728 3692 3803">
    <p class='ocr_par' dir='ltr' id='par_1_79' title="bbox 2103 3728 3692 3803">
     <span class='ocr_line' id='line_1_80' title="bbox 2103 3728 3692 3803; baseline -0.004 -16"><span class='ocrx_word' id='word_1_537' title='bbox 2103 3732 2226 3787; x_wconf 73' lang='grc' dir='ltr'>ἀντὶ</span> <span class='ocrx_word' id='word_1_538' title='bbox 2247 3730 2343 3787; x_wconf 82' lang='grc' dir='ltr'><strong>τοῦ</strong></span> <span class='ocrx_word' id='word_1_539' title='bbox 2377 3751 2396 3785; x_wconf 79' lang='grc' dir='ltr'><strong>ι</strong></span> <span class='ocrx_word' id='word_1_540' title='bbox 2424 3731 2734 3803; x_wconf 85' lang='grc' dir='ltr'>δεκανεύρῳ</span> <span class='ocrx_word' id='word_1_541' title='bbox 2750 3747 2765 3762; x_wconf 79' lang='grc' dir='ltr'>ο</span> <span class='ocrx_word' id='word_1_542' title='bbox 2780 3750 2799 3784; x_wconf 74' lang='grc' dir='ltr'><strong>ι</strong></span> <span class='ocrx_word' id='word_1_543' title='bbox 2831 3730 2999 3802; x_wconf 84' lang='grc' dir='ltr'>χορδὴ</span> <span class='ocrx_word' id='word_1_544' title='bbox 3016 3729 3125 3801; x_wconf 83' lang='grc' dir='ltr'>γὰρ</span> <span class='ocrx_word' id='word_1_545' title='bbox 3145 3728 3179 3800; x_wconf 85' lang='grc' dir='ltr'><strong>ή</strong></span> <span class='ocrx_word' id='word_1_546' title='bbox 3200 3728 3387 3801; x_wconf 88' lang='grc' dir='ltr'>νευρά.</span> <span class='ocrx_word' id='word_1_547' title='bbox 3414 3729 3692 3801; x_wconf 80' lang='grc' dir='ltr'>Δεκάχορ-</span> 
     </span>
    </p>
   </div>
   <div class='ocr_carea' id='block_1_80' title="bbox 2103 3816 3691 3897">
    <p class='ocr_par' dir='ltr' id='par_1_80' title="bbox 2103 3816 3691 3897">
     <span class='ocr_line' id='line_1_81' title="bbox 2103 3816 3691 3897; baseline -0.004 -17"><span class='ocrx_word' id='word_1_548' title='bbox 2103 3824 2195 3880; x_wconf 88' lang='grc' dir='ltr'><strong>δον</strong></span> <span class='ocrx_word' id='word_1_549' title='bbox 2240 3824 2301 3880; x_wconf 75' lang='grc' dir='ltr'>δὲ</span> <span class='ocrx_word' id='word_1_550' title='bbox 2345 3823 2409 3879; x_wconf 83' lang='grc' dir='ltr'>τὸ</span> <span class='ocrx_word' id='word_1_551' title='bbox 2437 3824 2739 3897; x_wconf 82' lang='grc' dir='ltr'>ψαλτήριον</span> <span class='ocrx_word' id='word_1_552' title='bbox 2787 3822 3007 3892; x_wconf 87' lang='grc' dir='ltr'>λέγεται</span> <span class='ocrx_word' id='word_1_553' title='bbox 3040 3816 3136 3876; x_wconf 79' lang='grc' dir='ltr'>οὖν</span> <span class='ocrx_word' id='word_1_554' title='bbox 3169 3822 3264 3875; x_wconf 80' lang='grc' dir='ltr'>καὶ</span> <span class='ocrx_word' id='word_1_555' title='bbox 3293 3821 3356 3875; x_wconf 81' lang='grc' dir='ltr'>τὸ</span> <span class='ocrx_word' id='word_1_556' title='bbox 3388 3820 3580 3893; x_wconf 88' lang='grc' dir='ltr'>σῶμα,</span> <span class='ocrx_word' id='word_1_557' title='bbox 3612 3820 3691 3885; x_wconf 87' lang='grc' dir='ltr'>ὼς</span> 
     </span>
    </p>
   </div>
   <div class='ocr_carea' id='block_1_81' title="bbox 2103 3912 3688 3987">
    <p class='ocr_par' dir='ltr' id='par_1_81' title="bbox 2103 3912 3688 3987">
     <span class='ocr_line' id='line_1_82' title="bbox 2103 3912 3688 3987; baseline -0.003 -17"><span class='ocrx_word' id='word_1_558' title='bbox 2103 3916 2268 3970; x_wconf 82' lang='grc' dir='ltr'>πέντε</span> <span class='ocrx_word' id='word_1_559' title='bbox 2317 3914 2602 3987; x_wconf 74' lang='grc' dir='ltr'>αἰσθήσεις</span> <span class='ocrx_word' id='word_1_560' title='bbox 2656 3914 2779 3987; x_wconf 73' lang='grc' dir='ltr'>ἔχον</span> <span class='ocrx_word' id='word_1_561' title='bbox 2798 3955 2814 3980; x_wconf 92' lang='grc'><strong>,</strong></span> <span class='ocrx_word' id='word_1_562' title='bbox 2840 3913 2937 3968; x_wconf 77' lang='grc' dir='ltr'><strong>καὶ</strong></span> <span class='ocrx_word' id='word_1_563' title='bbox 2977 3913 3143 3966; x_wconf 82' lang='grc' dir='ltr'>πέντε</span> <span class='ocrx_word' id='word_1_564' title='bbox 3175 3913 3455 3985; x_wconf 89' lang='grc' dir='ltr'>ἐνεργείας</span> <span class='ocrx_word' id='word_1_565' title='bbox 3485 3912 3688 3984; x_wconf 76' lang='grc' dir='ltr'>ψυχῆς,</span> 
     </span>
    </p>
   </div>
   <div class='ocr_carea' id='block_1_82' title="bbox 2102 4005 3689 4080">
    <p class='ocr_par' dir='ltr' id='par_1_82' title="bbox 2102 4005 3689 4080">
     <span class='ocr_line' id='line_1_83' title="bbox 2102 4005 3689 4080; baseline -0.001 -17"><span class='ocrx_word' id='word_1_566' title='bbox 2102 4008 2171 4063; x_wconf 86' lang='grc' dir='ltr'><strong>δι’</strong></span> <span class='ocrx_word' id='word_1_567' title='bbox 2199 4007 2439 4080; x_wconf 77' lang='grc' dir='ltr'>ἑκάστης</span> <span class='ocrx_word' id='word_1_568' title='bbox 2470 4006 2779 4080; x_wconf 75' lang='grc' dir='ltr'>αἰσθήσεως</span> <span class='ocrx_word' id='word_1_569' title='bbox 2802 4006 3040 4079; x_wconf 77' lang='grc' dir='ltr'>ἑκάστης</span> <span class='ocrx_word' id='word_1_570' title='bbox 3066 4005 3349 4078; x_wconf 77' lang='grc' dir='ltr'>ἐνεργείας</span> <span class='ocrx_word' id='word_1_571' title='bbox 3373 4005 3689 4076; x_wconf 84' lang='grc' dir='ltr'>γινομένης.</span> 
     </span>
    </p>
   </div>
   <div class='ocr_carea' id='block_1_83' title="bbox 493 4256 2001 4351">
    <p class='ocr_par' dir='ltr' id='par_1_83' title="bbox 493 4280 2001 4351">
     <span class='ocr_line' id='line_1_84' title="bbox 493 4280 2001 4351; baseline -0.003 -9"><span class='ocrx_word' id='word_1_572' title='bbox 493 4288 659 4345; x_wconf 71' lang='lat' dir='ltr'><strong>Vens.</strong></span> <span class='ocrx_word' id='word_1_573' title='bbox 692 4286 748 4345; x_wconf 74' lang='lat'><strong>3.</strong></span> <span class='ocrx_word' id='word_1_574' title='bbox 778 4287 1003 4346; x_wconf 81' lang='lat' dir='ltr'><strong>Cantatc</strong></span> <span class='ocrx_word' id='word_1_575' title='bbox 1028 4286 1075 4342; x_wconf 83' lang='lat' dir='ltr'><strong>ei</strong></span> <span class='ocrx_word' id='word_1_576' title='bbox 1116 4286 1387 4342; x_wconf 81' lang='lat' dir='ltr'><strong>canticum</strong></span> <span class='ocrx_word' id='word_1_577' title='bbox 1406 4301 1616 4348; x_wconf 83' lang='lat' dir='ltr'><strong>nouum,</strong></span> <span class='ocrx_word' id='word_1_578' title='bbox 1644 4292 1752 4340; x_wconf 87' lang='lat' dir='ltr'><strong>etc.</strong></span> <span class='ocrx_word' id='word_1_579' title='bbox 1789 4280 1890 4351; x_wconf 85' lang='lat' dir='ltr'><strong>Qui</strong></span> <span class='ocrx_word' id='word_1_580' title='bbox 1916 4296 2001 4338; x_wconf 88' lang='lat' dir='ltr'><strong>se-</strong></span> 
     </span>
    </p>
   </div>
   <div class='ocr_carea' id='block_1_84' title="bbox 2102 4256 3690 4351">
    <p class='ocr_par' dir='ltr' id='par_1_84' title="bbox 2180 4268 3690 4349">
     <span class='ocr_line' id='line_1_85' title="bbox 2180 4268 3690 4349; baseline -0.003 -16"><span class='ocrx_word' id='word_1_581' title='bbox 2180 4278 2394 4349; x_wconf 82' lang='grc' dir='ltr'>ᾍσατε</span> <span class='ocrx_word' id='word_1_582' title='bbox 2451 4275 2613 4343; x_wconf 82' lang='grc' dir='ltr'>αὐτῷ</span> <span class='ocrx_word' id='word_1_583' title='bbox 2669 4268 2835 4346; x_wconf 80' lang='grc' dir='ltr'>ᾆσμα</span> <span class='ocrx_word' id='word_1_584' title='bbox 2880 4272 3125 4341; x_wconf 82' lang='grc' dir='ltr'>καινὸν,</span> <span class='ocrx_word' id='word_1_585' title='bbox 3158 4290 3217 4329; x_wconf 91' lang='grc' dir='ltr'><strong>κ.</strong></span> <span class='ocrx_word' id='word_1_586' title='bbox 3244 4291 3297 4329; x_wconf 89' lang='grc' dir='ltr'><strong>τ.</strong></span> <span class='ocrx_word' id='word_1_587' title='bbox 3338 4272 3387 4328; x_wconf 84' lang='grc' dir='ltr'><strong>ἐ.</strong></span> <span class='ocrx_word' id='word_1_588' title='bbox 3434 4272 3492 4328; x_wconf 89' lang='lat'><strong>&#39;0</strong></span> <span class='ocrx_word' id='word_1_589' title='bbox 3547 4274 3690 4329; x_wconf 84' lang='grc' dir='ltr'>κατὰ</span> 
     </span>
    </p>
   </div>
   <div class='ocr_carea' id='block_1_85' title="bbox 422 4374 2002 4448">
    <p class='ocr_par' dir='ltr' id='par_1_85' title="bbox 422 4374 2002 4448">
     <span class='ocr_line' id='line_1_86' title="bbox 422 4374 2002 4448; baseline -0.004 -15"><span class='ocrx_word' id='word_1_590' title='bbox 422 4382 659 4436; x_wconf 80' lang='lat' dir='ltr'><strong>cundum</strong></span> <span class='ocrx_word' id='word_1_591' title='bbox 694 4380 1012 4435; x_wconf 83' lang='lat' dir='ltr'><strong>interiorem</strong></span> <span class='ocrx_word' id='word_1_592' title='bbox 1058 4377 1334 4435; x_wconf 85' lang='lat' dir='ltr'><strong>hominem</strong></span> <span class='ocrx_word' id='word_1_593' title='bbox 1369 4385 1669 4435; x_wconf 84' lang='lat' dir='ltr'><strong>renovatus</strong></span> <span class='ocrx_word' id='word_1_594' title='bbox 1698 4385 1804 4442; x_wconf 89' lang='lat' dir='ltr'><strong>est,</strong></span> <span class='ocrx_word' id='word_1_595' title='bbox 1834 4374 2002 4448; x_wconf 68' lang='grc'><strong>647</strong></span> 
     </span>
    </p>
   </div>
   <div class='ocr_carea' id='block_1_86' title="bbox 423 4468 2004 4541">
    <p class='ocr_par' dir='ltr' id='par_1_86' title="bbox 423 4468 2004 4541">
     <span class='ocr_line' id='line_1_87' title="bbox 423 4468 2004 4541; baseline -0.003 -16"><span class='ocrx_word' id='word_1_596' title='bbox 423 4473 469 4526; x_wconf 90' lang='lat' dir='ltr'><strong>is</strong></span> <span class='ocrx_word' id='word_1_597' title='bbox 502 4471 699 4541; x_wconf 88' lang='lat' dir='ltr'><strong>poterit</strong></span> <span class='ocrx_word' id='word_1_598' title='bbox 739 4485 943 4526; x_wconf 87' lang='lat' dir='ltr'><strong>canere</strong></span> <span class='ocrx_word' id='word_1_599' title='bbox 986 4469 1261 4525; x_wconf 88' lang='lat' dir='ltr'><strong>canticum</strong></span> <span class='ocrx_word' id='word_1_600' title='bbox 1295 4483 1519 4534; x_wconf 83' lang='lat' dir='ltr'><strong>novum,</strong></span> <span class='ocrx_word' id='word_1_601' title='bbox 1551 4468 1755 4539; x_wconf 88' lang='lat' dir='ltr'><strong>quippe</strong></span> <span class='ocrx_word' id='word_1_602' title='bbox 1790 4468 1880 4536; x_wconf 90' lang='lat' dir='ltr'><strong>qui</strong></span> <span class='ocrx_word' id='word_1_603' title='bbox 1910 4481 2004 4521; x_wconf 86' lang='lat' dir='ltr'><strong>ve-</strong></span> 
     </span>
    </p>
   </div>
   <div class='ocr_carea' id='block_1_87' title="bbox 421 4558 2003 4627">
    <p class='ocr_par' dir='ltr' id='par_1_87' title="bbox 421 4558 2003 4627">
     <span class='ocr_line' id='line_1_88' title="bbox 421 4558 2003 4627; baseline -0.002 -13"><span class='ocrx_word' id='word_1_604' title='bbox 421 4571 592 4617; x_wconf 86' lang='lat' dir='ltr'><strong>terem</strong></span> <span class='ocrx_word' id='word_1_605' title='bbox 626 4560 781 4617; x_wconf 80' lang='lat' dir='ltr'><strong>exuit</strong></span> <span class='ocrx_word' id='word_1_606' title='bbox 811 4560 1112 4625; x_wconf 79' lang='lat' dir='ltr'><strong>hominem,</strong></span> <span class='ocrx_word' id='word_1_607' title='bbox 1141 4566 1197 4616; x_wconf 85' lang='lat' dir='ltr'><strong>et:</strong></span> <span class='ocrx_word' id='word_1_608' title='bbox 1240 4559 1415 4614; x_wconf 89' lang='lat' dir='ltr'><strong>induit</strong></span> <span class='ocrx_word' id='word_1_609' title='bbox 1460 4572 1681 4624; x_wconf 87' lang='lat' dir='ltr'><strong>novum,</strong></span> <span class='ocrx_word' id='word_1_610' title='bbox 1707 4558 1799 4627; x_wconf 91' lang='lat' dir='ltr'><strong>qui</strong></span> <span class='ocrx_word' id='word_1_611' title='bbox 1839 4571 2003 4613; x_wconf 86' lang='lat' dir='ltr'><strong>reno-</strong></span> 
     </span>
    </p>
   </div>
   <div class='ocr_carea' id='block_1_88' title="bbox 418 4648 1617 4722">
    <p class='ocr_par' dir='ltr' id='par_1_88' title="bbox 418 4648 1617 4722">
     <span class='ocr_line' id='line_1_89' title="bbox 418 4648 1617 4722; baseline -0.001 -16"><span class='ocrx_word' id='word_1_612' title='bbox 418 4664 580 4707; x_wconf 80' lang='lat' dir='ltr'><strong>vatur</strong></span> <span class='ocrx_word' id='word_1_613' title='bbox 620 4653 918 4708; x_wconf 89' lang='lat' dir='ltr'><strong>secundum</strong></span> <span class='ocrx_word' id='word_1_614' title='bbox 955 4652 1244 4722; x_wconf 80' lang='lat' dir='ltr'><strong>imaginem</strong></span> <span class='ocrx_word' id='word_1_615' title='bbox 1272 4650 1552 4706; x_wconf 88' lang='lat' dir='ltr'><strong>Creatoris</strong></span> <span class='ocrx_word' id='word_1_616' title='bbox 1575 4648 1617 4705; x_wconf 73' lang='grc'>⁸.</span> 
     </span>
    </p>
   </div>
   <div class='ocr_carea' id='block_1_89' title="bbox 492 4739 1997 4813">
    <p class='ocr_par' dir='ltr' id='par_1_89' title="bbox 492 4739 1997 4813">
     <span class='ocr_line' id='line_1_90' title="bbox 492 4739 1997 4813; baseline -0.001 -18"><span class='ocrx_word' id='word_1_617' title='bbox 492 4745 659 4801; x_wconf 72' lang='lat' dir='ltr'><strong>Vens.</strong></span> <span class='ocrx_word' id='word_1_618' title='bbox 692 4742 747 4799; x_wconf 78' lang='lat'><strong>5.</strong></span> <span class='ocrx_word' id='word_1_619' title='bbox 793 4744 978 4813; x_wconf 87' lang='lat' dir='ltr'><strong>Diligit</strong></span> <span class='ocrx_word' id='word_1_620' title='bbox 1036 4740 1456 4797; x_wconf 72' lang='lat' dir='ltr'><strong>misericordiam</strong></span> <span class='ocrx_word' id='word_1_621' title='bbox 1490 4749 1537 4794; x_wconf 88' lang='lat' dir='ltr'><strong>et</strong></span> <span class='ocrx_word' id='word_1_622' title='bbox 1566 4739 1854 4810; x_wconf 79' lang='lat' dir='ltr'><strong>judicium,</strong></span> <span class='ocrx_word' id='word_1_623' title='bbox 1890 4750 1997 4796; x_wconf 89' lang='lat' dir='ltr'><strong>etc.</strong></span> 
     </span>
    </p>
   </div>
   <div class='ocr_carea' id='block_1_90' title="bbox 420 4832 1716 4904">
    <p class='ocr_par' dir='ltr' id='par_1_90' title="bbox 420 4832 1716 4904">
     <span class='ocr_line' id='line_1_91' title="bbox 420 4832 1716 4904; baseline -0.005 -13"><span class='ocrx_word' id='word_1_624' title='bbox 420 4836 476 4891; x_wconf 93' lang='lat' dir='ltr'><strong>Id</strong></span> <span class='ocrx_word' id='word_1_625' title='bbox 502 4845 608 4900; x_wconf 87' lang='lat' dir='ltr'><strong>est,</strong></span> <span class='ocrx_word' id='word_1_626' title='bbox 639 4836 1045 4891; x_wconf 84' lang='lat' dir='ltr'><strong>misericordem</strong></span> <span class='ocrx_word' id='word_1_627' title='bbox 1072 4844 1124 4890; x_wconf 90' lang='lat' dir='ltr'><strong>et</strong></span> <span class='ocrx_word' id='word_1_628' title='bbox 1152 4832 1432 4904; x_wconf 72' lang='lat' dir='ltr'><strong>iudicandi</strong></span> <span class='ocrx_word' id='word_1_629' title='bbox 1458 4832 1716 4902; x_wconf 88' lang='lat' dir='ltr'><strong>peritum.</strong></span> 
     </span>
    </p>
   </div>
   <div class='ocr_carea' id='block_1_91' title="bbox 491 4923 1997 5000">
    <p class='ocr_par' dir='ltr' id='par_1_91' title="bbox 491 4923 1997 5000">
     <span class='ocr_line' id='line_1_92' title="bbox 491 4923 1997 5000; baseline -0.003 -17"><span class='ocrx_word' id='word_1_630' title='bbox 491 4928 766 5000; x_wconf 78' lang='lat' dir='ltr'><strong>Ejusdem.</strong></span> <span class='ocrx_word' id='word_1_631' title='bbox 801 4926 982 4998; x_wconf 80' lang='lat' dir='ltr'><strong>Diligit</strong></span> <span class='ocrx_word' id='word_1_632' title='bbox 1016 4944 1037 4982; x_wconf 86' lang='grc'><em>‹</em></span> <span class='ocrx_word' id='word_1_633' title='bbox 1087 4924 1541 4990; x_wconf 85' lang='lat' dir='ltr'><strong>misericordiam,</strong></span> <span class='ocrx_word' id='word_1_634' title='bbox 1570 4942 1589 4977; x_wconf 75' lang='grc' dir='ltr'><strong>ι</strong></span> <span class='ocrx_word' id='word_1_635' title='bbox 1618 4938 1723 4994; x_wconf 86' lang='lat' dir='ltr'><strong>qua</strong></span> <span class='ocrx_word' id='word_1_636' title='bbox 1772 4923 1997 4980; x_wconf 89' lang='lat' dir='ltr'><strong>misere-</strong></span> 
     </span>
    </p>
   </div>
   <div class='ocr_carea' id='block_1_92' title="bbox 421 5014 1998 5090">
    <p class='ocr_par' dir='ltr' id='par_1_92' title="bbox 421 5014 1998 5090">
     <span class='ocr_line' id='line_1_93' title="bbox 421 5014 1998 5090; baseline -0.004 -15"><span class='ocrx_word' id='word_1_637' title='bbox 421 5033 530 5089; x_wconf 87' lang='lat' dir='ltr'><strong>tur,</strong></span> <span class='ocrx_word' id='word_1_638' title='bbox 560 5029 829 5078; x_wconf 85' lang='lat' dir='ltr'><strong>eteorum</strong></span> <span class='ocrx_word' id='word_1_639' title='bbox 861 5019 955 5090; x_wconf 89' lang='lat' dir='ltr'><strong>qui</strong></span> <span class='ocrx_word' id='word_1_640' title='bbox 989 5019 1352 5075; x_wconf 77' lang='lat' dir='ltr'><strong>miserentur:</strong></span> <span class='ocrx_word' id='word_1_641' title='bbox 1380 5014 1634 5072; x_wconf 87' lang='lat' dir='ltr'><strong>similiter</strong></span> <span class='ocrx_word' id='word_1_642' title='bbox 1666 5016 1832 5071; x_wconf 90' lang='lat' dir='ltr'><strong>etiam</strong></span> <span class='ocrx_word' id='word_1_643' title='bbox 1870 5014 1998 5085; x_wconf 60' lang='lat' dir='ltr'><strong>«ju-</strong></span> 
     </span>
    </p>
   </div>
   <div class='ocr_carea' id='block_1_93' title="bbox 490 5133 1505 5204">
    <p class='ocr_par' dir='ltr' id='par_1_93' title="bbox 490 5133 1505 5204">
     <span class='ocr_line' id='line_1_94' title="bbox 490 5133 1505 5204; baseline -0.008 -7"><span class='ocrx_word' id='word_1_644' title='bbox 490 5142 513 5173; x_wconf 90' lang='grc'>³</span> <span class='ocrx_word' id='word_1_645' title='bbox 537 5141 698 5197; x_wconf 83' lang='lat' dir='ltr'><strong>Prov.</strong></span> <span class='ocrx_word' id='word_1_646' title='bbox 730 5135 991 5204; x_wconf 61' lang='lat' dir='ltr'><strong>xvmd&#39;i.</strong></span> <span class='ocrx_word' id='word_1_647' title='bbox 1061 5137 1084 5170; x_wconf 72' lang='grc'>⁸</span> <span class='ocrx_word' id='word_1_648' title='bbox 1108 5136 1416 5200; x_wconf 85' lang='lat' dir='ltr'><strong>Coloss.tn,</strong></span> <span class='ocrx_word' id='word_1_649' title='bbox 1450 5133 1505 5190; x_wconf 86' lang='lat'><strong>9.</strong></span> 
     </span>
    </p>
   </div>
   <div class='ocr_carea' id='block_1_94' title="bbox 487 5232 1549 5305">
    <p class='ocr_par' dir='ltr' id='par_1_94' title="bbox 487 5232 1549 5305">
     <span class='ocr_line' id='line_1_95' title="bbox 487 5232 1549 5305; baseline -0.003 -16"><span class='ocrx_word' id='word_1_650' title='bbox 487 5236 601 5305; x_wconf 75' lang='lat'><strong>(75;</strong></span> <span class='ocrx_word' id='word_1_651' title='bbox 631 5235 887 5301; x_wconf 85' lang='grc' dir='ltr'>Δίκαιος,</span> <span class='ocrx_word' id='word_1_652' title='bbox 922 5245 1029 5290; x_wconf 89' lang='lat' dir='ltr'><strong>etc.</strong></span> <span class='ocrx_word' id='word_1_653' title='bbox 1071 5232 1285 5305; x_wconf 70' lang='lat' dir='ltr'><strong>Eaedem</strong></span> <span class='ocrx_word' id='word_1_654' title='bbox 1316 5232 1549 5305; x_wconf 77' lang='lat' dir='ltr'><strong>schedte.</strong></span> 
     </span>
    </p>
   </div>
   <div class='ocr_carea' id='block_1_95' title="bbox 488 5301 1993 5390">
    <p class='ocr_par' dir='ltr' id='par_1_95' title="bbox 488 5301 1993 5390">
     <span class='ocr_line' id='line_1_96' title="bbox 488 5301 1993 5390; baseline -0.003 -30"><span class='ocrx_word' id='word_1_655' title='bbox 488 5301 601 5390; x_wconf 40' lang='lat'><strong>(1724.)</strong></span> <span class='ocrx_word' id='word_1_656' title='bbox 627 5306 763 5388; x_wconf 39' lang='grc' dir='ltr'><strong>,Τὴν</strong></span> <span class='ocrx_word' id='word_1_657' title='bbox 790 5305 1036 5373; x_wconf 77' lang='grc' dir='ltr'>ἄλογον,</span> <span class='ocrx_word' id='word_1_658' title='bbox 1068 5312 1177 5358; x_wconf 89' lang='lat' dir='ltr'><strong>etc.</strong></span> <span class='ocrx_word' id='word_1_659' title='bbox 1235 5301 1454 5357; x_wconf 62' lang='lat' dir='ltr'><strong>Eaedem.</strong></span> <span class='ocrx_word' id='word_1_660' title='bbox 1495 5301 1710 5357; x_wconf 65' lang='lat' dir='ltr'><strong>schedae</strong></span> <span class='ocrx_word' id='word_1_661' title='bbox 1739 5310 1795 5358; x_wconf 90' lang='lat' dir='ltr'><strong>et</strong></span> <span class='ocrx_word' id='word_1_662' title='bbox 1820 5302 1993 5357; x_wconf 82' lang='lat' dir='ltr'><strong>codex</strong></span> 
     </span>
    </p>
   </div>
   <div class='ocr_carea' id='block_1_96' title="bbox 418 5377 1947 5511">
    <p class='ocr_par' dir='ltr' id='par_1_96' title="bbox 418 5377 1947 5511">
     <span class='ocr_line' id='line_1_97' title="bbox 418 5377 807 5433; baseline -0.008 0"><span class='ocrx_word' id='word_1_663' title='bbox 418 5377 807 5433; x_wconf 83' lang='lat' dir='ltr'><strong>Coislinianus.</strong></span> 
     </span>
     <span class='ocr_line' id='line_1_98' title="bbox 490 5440 1947 5511; baseline -0.004 -12"><span class='ocrx_word' id='word_1_664' title='bbox 490 5448 606 5511; x_wconf 89' lang='grc'>(75)</span> <span class='ocrx_word' id='word_1_665' title='bbox 634 5447 703 5499; x_wconf 83' lang='lat' dir='ltr'><strong>At</strong></span> <span class='ocrx_word' id='word_1_666' title='bbox 740 5443 965 5500; x_wconf 78' lang='grc' dir='ltr'>πολλαὶ</span> <span class='ocrx_word' id='word_1_667' title='bbox 998 5444 1259 5511; x_wconf 77' lang='grc' dir='ltr'>θλίψεις,</span> <span class='ocrx_word' id='word_1_668' title='bbox 1281 5450 1401 5511; x_wconf 67' lang='lat' dir='ltr'><strong>etc.</strong></span> <span class='ocrx_word' id='word_1_669' title='bbox 1425 5440 1589 5497; x_wconf 88' lang='lat' dir='ltr'><strong>Iidem</strong></span> <span class='ocrx_word' id='word_1_670' title='bbox 1617 5440 1780 5497; x_wconf 89' lang='lat' dir='ltr'><strong>codd.</strong></span> <span class='ocrx_word' id='word_1_671' title='bbox 1813 5454 1947 5494; x_wconf 92' lang='lat' dir='ltr'><strong>mss.</strong></span> 
     </span>
    </p>
   </div>
   <div class='ocr_carea' id='block_1_97' title="bbox 516 5451 1567 5585">
    <p class='ocr_par' dir='ltr' id='par_1_97' title="bbox 516 5451 1567 5585">
     <span class='ocr_line' id='line_1_99' title="bbox 517 5451 1567 5511; baseline -0.005 -12"><span class='ocrx_word' id='word_1_672' title='bbox 517 5451 585 5501; x_wconf 88' lang='grc'>75</span> <span class='ocrx_word' id='word_1_673' title='bbox 634 5451 703 5499; x_wconf 79' lang='lat' dir='ltr'><strong>At</strong></span> <span class='ocrx_word' id='word_1_674' title='bbox 740 5451 965 5500; x_wconf 79' lang='grc' dir='ltr'>πολλαὶ</span> <span class='ocrx_word' id='word_1_675' title='bbox 998 5451 1259 5511; x_wconf 73' lang='grc' dir='ltr'>θλίψεις,</span> <span class='ocrx_word' id='word_1_676' title='bbox 1281 5451 1386 5497; x_wconf 72' lang='lat' dir='ltr'><strong>etc.</strong></span> <span class='ocrx_word' id='word_1_677' title='bbox 1428 5451 1567 5497; x_wconf 88' lang='lat' dir='ltr'><strong>lideu</strong></span> 
     </span>
     <span class='ocr_line' id='line_1_100' title="bbox 516 5451 1567 5585; baseline -0.002 -17"><span class='ocrx_word' id='word_1_678' title='bbox 516 5451 606 5584; x_wconf 56' lang='grc'>76)</span> <span class='ocrx_word' id='word_1_679' title='bbox 628 5517 694 5568; x_wconf 87' lang='lat' dir='ltr'><strong>El</strong></span> <span class='ocrx_word' id='word_1_680' title='bbox 728 5518 784 5569; x_wconf 87' lang='lat' dir='ltr'><strong>ol</strong></span> <span class='ocrx_word' id='word_1_681' title='bbox 815 5513 1208 5585; x_wconf 76' lang='grc' dir='ltr'>καυχώμενοι,</span> <span class='ocrx_word' id='word_1_682' title='bbox 1234 5522 1343 5568; x_wconf 86' lang='lat' dir='ltr'><strong>etc.</strong></span> <span class='ocrx_word' id='word_1_683' title='bbox 1383 5509 1567 5567; x_wconf 82' lang='lat' dir='ltr'><strong>Iidem.</strong></span> 
     </span>
    </p>
   </div>
   <div class='ocr_carea' id='block_1_98' title="bbox 489 5578 1998 5669">
    <p class='ocr_par' dir='ltr' id='par_1_98' title="bbox 489 5578 1998 5669">
     <span class='ocr_line' id='line_1_101' title="bbox 489 5578 1998 5669; baseline -0.005 -29"><span class='ocrx_word' id='word_1_684' title='bbox 489 5578 605 5669; x_wconf 38' lang='grc'>(7.7)</span> <span class='ocrx_word' id='word_1_685' title='bbox 653 5578 1373 5655; x_wconf 56' lang='grc' dir='ltr'>Εὐλόγωξκαυχήσεται,</span> <span class='ocrx_word' id='word_1_686' title='bbox 1430 5593 1537 5636; x_wconf 87' lang='lat' dir='ltr'><strong>etc.</strong></span> <span class='ocrx_word' id='word_1_687' title='bbox 1607 5580 1811 5634; x_wconf 85' lang='lat' dir='ltr'><strong>Catena</strong></span> <span class='ocrx_word' id='word_1_688' title='bbox 1864 5578 1998 5633; x_wconf 86' lang='lat' dir='ltr'><strong>Cor-</strong></span> 
     </span>
    </p>
   </div>
   <div class='ocr_carea' id='block_1_99' title="bbox 421 5657 1997 5794">
    <p class='ocr_par' dir='ltr' id='par_1_99' title="bbox 421 5657 1997 5794">
     <span class='ocr_line' id='line_1_102' title="bbox 421 5657 1997 5794; baseline -0.011 -6"><span class='ocrx_word' id='word_1_689' title='bbox 421 5657 607 5791; x_wconf 62' lang='lat' dir='ltr'><strong>deiilii}</strong></span> <span class='ocrx_word' id='word_1_690' title='bbox 636 5727 705 5779; x_wconf 83' lang='lat' dir='ltr'><strong>Et</strong></span> <span class='ocrx_word' id='word_1_691' title='bbox 728 5726 965 5794; x_wconf 78' lang='grc' dir='ltr'>Κύριος,</span> <span class='ocrx_word' id='word_1_692' title='bbox 994 5733 1099 5780; x_wconf 89' lang='lat' dir='ltr'><strong>etc.</strong></span> <span class='ocrx_word' id='word_1_693' title='bbox 1137 5723 1317 5779; x_wconf 81' lang='lat' dir='ltr'><strong>Codex</strong></span> <span class='ocrx_word' id='word_1_694' title='bbox 1347 5721 1603 5786; x_wconf 87' lang='lat' dir='ltr'><strong>Coislin.,</strong></span> <span class='ocrx_word' id='word_1_695' title='bbox 1631 5719 1846 5775; x_wconf 70' lang='lat' dir='ltr'><strong>schcdze</strong></span> <span class='ocrx_word' id='word_1_696' title='bbox 1866 5717 1997 5772; x_wconf 85' lang='lat' dir='ltr'><strong>Gra-</strong></span> 
     </span>
    </p>
   </div>
   <div class='ocr_carea' id='block_1_100' title="bbox 2101 4365 3687 4442">
    <p class='ocr_par' dir='ltr' id='par_1_100' title="bbox 2101 4365 3687 4442">
     <span class='ocr_line' id='line_1_103' title="bbox 2101 4365 3687 4442; baseline -0.004 -15"><span class='ocrx_word' id='word_1_697' title='bbox 2101 4373 2196 4427; x_wconf 79' lang='grc' dir='ltr'><strong>τδν</strong></span> <span class='ocrx_word' id='word_1_698' title='bbox 2219 4371 2327 4426; x_wconf 80' lang='grc' dir='ltr'><strong>έσω</strong></span> <span class='ocrx_word' id='word_1_699' title='bbox 2353 4370 2465 4442; x_wconf 83' lang='grc'>(80)</span> <span class='ocrx_word' id='word_1_700' title='bbox 2488 4368 2950 4439; x_wconf 83' lang='grc' dir='ltr'>άνακαινούμενος</span> <span class='ocrx_word' id='word_1_701' title='bbox 2973 4366 3260 4438; x_wconf 79' lang='grc' dir='ltr'>ἄνθρωπον</span> <span class='ocrx_word' id='word_1_702' title='bbox 3277 4404 3292 4429; x_wconf 90' lang='grc'><strong>,</strong></span> <span class='ocrx_word' id='word_1_703' title='bbox 3326 4365 3509 4437; x_wconf 81' lang='grc' dir='ltr'>ᾄσειεν</span> <span class='ocrx_word' id='word_1_704' title='bbox 3534 4366 3599 4421; x_wconf 84' lang='grc' dir='ltr'>ἂν</span> <span class='ocrx_word' id='word_1_705' title='bbox 3623 4368 3687 4421; x_wconf 85' lang='grc' dir='ltr'>τὸ</span> 
     </span>
    </p>
   </div>
   <div class='ocr_carea' id='block_1_101' title="bbox 2103 4457 3687 4536">
    <p class='ocr_par' dir='ltr' id='par_1_101' title="bbox 2103 4457 3687 4536">
     <span class='ocr_line' id='line_1_104' title="bbox 2103 4457 3687 4536; baseline -0.006 -16"><span class='ocrx_word' id='word_1_706' title='bbox 2103 4464 2288 4520; x_wconf 72' lang='grc' dir='ltr'>καινὸν</span> <span class='ocrx_word' id='word_1_707' title='bbox 2318 4460 2472 4536; x_wconf 77' lang='grc' dir='ltr'>ᾆσμα</span> <span class='ocrx_word' id='word_1_708' title='bbox 2492 4501 2507 4526; x_wconf 91' lang='grc'><strong>,</strong></span> <span class='ocrx_word' id='word_1_709' title='bbox 2552 4462 2650 4516; x_wconf 82' lang='grc' dir='ltr'>ἆτε</span> <span class='ocrx_word' id='word_1_710' title='bbox 2679 4460 2771 4514; x_wconf 80' lang='grc' dir='ltr'>τὸν</span> <span class='ocrx_word' id='word_1_711' title='bbox 2804 4459 3035 4514; x_wconf 80' lang='grc' dir='ltr'>παλαιὸν</span> <span class='ocrx_word' id='word_1_712' title='bbox 3076 4457 3443 4527; x_wconf 74' lang='grc' dir='ltr'>ἐκδυσάμενος</span> <span class='ocrx_word' id='word_1_713' title='bbox 3475 4457 3687 4529; x_wconf 78' lang='grc' dir='ltr'>ἄνθρω-</span> 
     </span>
    </p>
   </div>
   <div class='ocr_carea' id='block_1_102' title="bbox 2104 4548 3685 4627">
    <p class='ocr_par' dir='ltr' id='par_1_102' title="bbox 2104 4548 3685 4627">
     <span class='ocr_line' id='line_1_105' title="bbox 2104 4548 3685 4627; baseline -0.005 -15"><span class='ocrx_word' id='word_1_714' title='bbox 2104 4575 2225 4624; x_wconf 89' lang='grc' dir='ltr'>πον,</span> <span class='ocrx_word' id='word_1_715' title='bbox 2248 4556 2346 4612; x_wconf 78' lang='grc' dir='ltr'>καὶ</span> <span class='ocrx_word' id='word_1_716' title='bbox 2384 4556 2744 4627; x_wconf 74' lang='grc' dir='ltr'>ἐνδυσάμενος</span> <span class='ocrx_word' id='word_1_717' title='bbox 2784 4552 2877 4606; x_wconf 83' lang='grc' dir='ltr'>τὸν</span> <span class='ocrx_word' id='word_1_718' title='bbox 2903 4550 3054 4615; x_wconf 88' lang='grc' dir='ltr'>νέον,</span> <span class='ocrx_word' id='word_1_719' title='bbox 3083 4549 3176 4603; x_wconf 86' lang='grc' dir='ltr'>τὸν</span> <span class='ocrx_word' id='word_1_720' title='bbox 3226 4548 3685 4621; x_wconf 64' lang='grc' dir='ltr'>ἀνακαινούμενον</span> 
     </span>
    </p>
   </div>
   <div class='ocr_carea' id='block_1_103' title="bbox 2102 4646 2906 4707">
    <p class='ocr_par' dir='ltr' id='par_1_103' title="bbox 2102 4646 2906 4707">
     <span class='ocr_line' id='line_1_106' title="bbox 2102 4646 2906 4707; baseline -0.009 -3"><span class='ocrx_word' id='word_1_721' title='bbox 2102 4650 2224 4704; x_wconf 82' lang='grc' dir='ltr'>κατ’</span> <span class='ocrx_word' id='word_1_722' title='bbox 2257 4647 2442 4703; x_wconf 73' lang='grc' dir='ltr'>εἰκόνα</span> <span class='ocrx_word' id='word_1_723' title='bbox 2473 4648 2567 4701; x_wconf 82' lang='grc' dir='ltr'><strong>τοῦ</strong></span> <span class='ocrx_word' id='word_1_724' title='bbox 2599 4646 2906 4707; x_wconf 83' lang='grc' dir='ltr'>κτίσαντος.</span> 
     </span>
    </p>
   </div>
   <div class='ocr_carea' id='block_1_104' title="bbox 2189 4729 3689 4811">
    <p class='ocr_par' dir='ltr' id='par_1_104' title="bbox 2189 4729 3689 4811">
     <span class='ocr_line' id='line_1_107' title="bbox 2189 4729 3689 4811; baseline -0.007 -16"><span class='ocrx_word' id='word_1_725' title='bbox 2189 4738 2410 4811; x_wconf 73' lang='grc' dir='ltr'>Ἀταπᾷ</span> <span class='ocrx_word' id='word_1_726' title='bbox 2449 4737 2877 4808; x_wconf 74' lang='grc' dir='ltr'><strong>ἐλεημοσύνην</strong></span> <span class='ocrx_word' id='word_1_727' title='bbox 2908 4730 3011 4787; x_wconf 70' lang='grc' dir='ltr'>καὶ</span> <span class='ocrx_word' id='word_1_728' title='bbox 3037 4730 3262 4800; x_wconf 80' lang='grc' dir='ltr'>κρίσιν,</span> <span class='ocrx_word' id='word_1_729' title='bbox 3287 4746 3343 4785; x_wconf 91' lang='grc' dir='ltr'>κ.</span> <span class='ocrx_word' id='word_1_730' title='bbox 3368 4746 3419 4785; x_wconf 89' lang='grc' dir='ltr'><strong>τ.</strong></span> <span class='ocrx_word' id='word_1_731' title='bbox 3450 4729 3499 4784; x_wconf 82' lang='grc' dir='ltr'><strong>ἐ.</strong></span> <span class='ocrx_word' id='word_1_732' title='bbox 3540 4730 3689 4784; x_wconf 71' lang='grc' dir='ltr'>Ἀντὶ</span> 
     </span>
    </p>
   </div>
   <div class='ocr_carea' id='block_1_105' title="bbox 2106 4822 3147 4903">
    <p class='ocr_par' dir='ltr' id='par_1_105' title="bbox 2106 4822 3147 4903">
     <span class='ocr_line' id='line_1_108' title="bbox 2106 4822 3147 4903; baseline -0.007 -19"><span class='ocrx_word' id='word_1_733' title='bbox 2106 4830 2202 4887; x_wconf 81' lang='grc' dir='ltr'><strong>τοῦ</strong></span> <span class='ocrx_word' id='word_1_734' title='bbox 2240 4829 2649 4903; x_wconf 76' lang='grc' dir='ltr'>(81),ὲλεήμονα</span> <span class='ocrx_word' id='word_1_735' title='bbox 2677 4828 2769 4881; x_wconf 69' lang='grc' dir='ltr'><strong>κα)⁵</strong></span> <span class='ocrx_word' id='word_1_736' title='bbox 2791 4822 3147 4895; x_wconf 74' lang='grc' dir='ltr'>διακριτικὸν.</span> 
     </span>
    </p>
   </div>
   <div class='ocr_carea' id='block_1_106' title="bbox 2182 4913 3686 4990">
    <p class='ocr_par' dir='ltr' id='par_1_106' title="bbox 2182 4913 3686 4990">
     <span class='ocr_line' id='line_1_109' title="bbox 2182 4913 3686 4990; baseline -0.008 -11"><span class='ocrx_word' id='word_1_737' title='bbox 2182 4923 2295 4980; x_wconf 87' lang='grc' dir='ltr'><strong>Τοῦ</strong></span> <span class='ocrx_word' id='word_1_738' title='bbox 2333 4922 2539 4977; x_wconf 83' lang='grc' dir='ltr'>αὐτοῦ.</span> <span class='ocrx_word' id='word_1_739' title='bbox 2588 4918 2795 4990; x_wconf 80' lang='grc' dir='ltr'>Ἀγαπᾷ</span> <span class='ocrx_word' id='word_1_740' title='bbox 2838 4936 2857 4970; x_wconf 78' lang='grc' dir='ltr'><strong>ι</strong></span> <span class='ocrx_word' id='word_1_741' title='bbox 2898 4914 3269 4988; x_wconf 82' lang='grc' dir='ltr'>ἐλεημοσύνην</span> <span class='ocrx_word' id='word_1_742' title='bbox 3313 4914 3445 4986; x_wconf 74' lang='grc'>(82),</span> <span class='ocrx_word' id='word_1_743' title='bbox 3482 4933 3502 4967; x_wconf 75' lang='grc' dir='ltr'><strong>ι</strong></span> <span class='ocrx_word' id='word_1_744' title='bbox 3564 4913 3686 4968; x_wconf 83' lang='grc' dir='ltr'>καθ’</span> 
     </span>
    </p>
   </div>
   <div class='ocr_carea' id='block_1_107' title="bbox 2105 5002 3688 5088">
    <p class='ocr_par' dir='ltr' id='par_1_107' title="bbox 2105 5002 3688 5088">
     <span class='ocr_line' id='line_1_110' title="bbox 2105 5002 3688 5088; baseline -0.009 -18"><span class='ocrx_word' id='word_1_745' title='bbox 2105 5017 2174 5088; x_wconf 75' lang='grc' dir='ltr'>ἦν</span> <span class='ocrx_word' id='word_1_746' title='bbox 2196 5014 2358 5077; x_wconf 85' lang='grc' dir='ltr'>ἐλεεῖ,</span> <span class='ocrx_word' id='word_1_747' title='bbox 2378 5011 2474 5069; x_wconf 78' lang='grc' dir='ltr'>καὶ</span> <span class='ocrx_word' id='word_1_748' title='bbox 2501 5012 2599 5085; x_wconf 81' lang='grc' dir='ltr'>τὴν</span> <span class='ocrx_word' id='word_1_749' title='bbox 2617 5012 2727 5066; x_wconf 86' lang='grc' dir='ltr'><strong>τῶν</strong></span> <span class='ocrx_word' id='word_1_750' title='bbox 2763 5008 3074 5063; x_wconf 81' lang='grc' dir='ltr'>ἐλεούντων·</span> <span class='ocrx_word' id='word_1_751' title='bbox 3103 5006 3303 5077; x_wconf 83' lang='grc' dir='ltr'>ὁμοίως</span> <span class='ocrx_word' id='word_1_752' title='bbox 3334 5005 3390 5059; x_wconf 85' lang='grc' dir='ltr'><strong>δέ</strong></span> <span class='ocrx_word' id='word_1_753' title='bbox 3416 5006 3511 5060; x_wconf 83' lang='grc' dir='ltr'><strong>καί</strong></span> <span class='ocrx_word' id='word_1_754' title='bbox 3545 5002 3688 5076; x_wconf 78' lang='grc' dir='ltr'>«κρί-</span> 
     </span>
    </p>
   </div>
   <div class='ocr_carea' id='block_1_108' title="bbox 2104 5219 3426 5297">
    <p class='ocr_par' dir='ltr' id='par_1_108' title="bbox 2104 5219 3426 5297">
     <span class='ocr_line' id='line_1_111' title="bbox 2104 5219 3426 5297; baseline 0 -16"><span class='ocrx_word' id='word_1_755' title='bbox 2104 5228 2198 5287; x_wconf 88' lang='lat' dir='ltr'><strong>bii.</strong></span> <span class='ocrx_word' id='word_1_756' title='bbox 2235 5234 2291 5281; x_wconf 89' lang='lat' dir='ltr'><strong>et</strong></span> <span class='ocrx_word' id='word_1_757' title='bbox 2321 5224 2523 5297; x_wconf 80' lang='lat' dir='ltr'><strong>Catena</strong></span> <span class='ocrx_word' id='word_1_758' title='bbox 2554 5219 2802 5297; x_wconf 67' lang='lat' dir='ltr'><strong>Barbari.</strong></span> <span class='ocrx_word' id='word_1_759' title='bbox 2961 5287 2993 5297; x_wconf 82' lang='lat'>_</span> <span class='ocrx_word' id='word_1_760' title='bbox 3033 5287 3048 5297; x_wconf 84' lang='lat'><em>_</em></span> <span class='ocrx_word' id='word_1_761' title='bbox 3120 5286 3135 5297; x_wconf 84' lang='lat'><em>_</em></span> <span class='ocrx_word' id='word_1_762' title='bbox 3243 5282 3280 5297; x_wconf 47' lang='grc' dir='ltr'><strong>Α</strong></span> <span class='ocrx_word' id='word_1_763' title='bbox 3352 5283 3367 5297; x_wconf 86' lang='lat'>_</span> <span class='ocrx_word' id='word_1_764' title='bbox 3391 5283 3426 5297; x_wconf 61' lang='grc' dir='ltr'>η</span> 
     </span>
    </p>
   </div>
   <div class='ocr_carea' id='block_1_109' title="bbox 2177 5282 3686 5365">
    <p class='ocr_par' dir='ltr' id='par_1_109' title="bbox 2177 5282 3686 5365">
     <span class='ocr_line' id='line_1_112' title="bbox 2177 5282 3686 5365; baseline -0.009 -14"><span class='ocrx_word' id='word_1_765' title='bbox 2177 5282 2290 5365; x_wconf 82' lang='grc'>(79)</span> <span class='ocrx_word' id='word_1_766' title='bbox 2317 5292 2540 5360; x_wconf 84' lang='grc' dir='ltr'>Κιθάρα</span> <span class='ocrx_word' id='word_1_767' title='bbox 2561 5292 2718 5365; x_wconf 69' lang='grc' dir='ltr'>ἐστι,</span> <span class='ocrx_word' id='word_1_768' title='bbox 2772 5298 2901 5365; x_wconf 49' lang='lat' dir='ltr'><strong>etc.</strong></span> <span class='ocrx_word' id='word_1_769' title='bbox 2960 5286 3186 5365; x_wconf 70' lang='lat' dir='ltr'><strong>Schedte</strong></span> <span class='ocrx_word' id='word_1_770' title='bbox 3212 5282 3449 5365; x_wconf 38' lang='lat' dir='ltr'><strong>g‘ralriiz,</strong></span> <span class='ocrx_word' id='word_1_771' title='bbox 3470 5354 3483 5365; x_wconf 34' lang='lat' dir='ltr'><strong>O</strong></span> <span class='ocrx_word' id='word_1_772' title='bbox 3511 5282 3686 5339; x_wconf 79' lang='lat' dir='ltr'><strong>codex</strong></span> 
     </span>
    </p>
   </div>
   <div class='ocr_carea' id='block_1_110' title="bbox 2104 5354 3580 5431">
    <p class='ocr_par' dir='ltr' id='par_1_110' title="bbox 2104 5354 3580 5431">
     <span class='ocr_line' id='line_1_113' title="bbox 2104 5354 3580 5431; baseline -0.012 -8"><span class='ocrx_word' id='word_1_773' title='bbox 2104 5354 2496 5425; x_wconf 44' lang='lat' dir='ltr'><strong>Co‘isli&#39;nianus&#39;,</strong></span> <span class='ocrx_word' id='word_1_774' title='bbox 2526 5363 2836 5431; x_wconf 87' lang='lat' dir='ltr'><strong>partimque</strong></span> <span class='ocrx_word' id='word_1_775' title='bbox 2869 5360 3143 5431; x_wconf 59' lang='lat' dir='ltr'><strong>Barharth</strong></span> <span class='ocrx_word' id='word_1_776' title='bbox 3164 5363 3228 5431; x_wconf 74' lang='lat' dir='ltr'><strong>et</strong></span> <span class='ocrx_word' id='word_1_777' title='bbox 3252 5354 3580 5431; x_wconf 72' lang='lat' dir='ltr'><strong>_Cort_leri_u_s.</strong></span> 
     </span>
    </p>
   </div>
   <div class='ocr_carea' id='block_1_111' title="bbox 2177 5423 3685 5504">
    <p class='ocr_par' dir='ltr' id='par_1_111' title="bbox 2177 5423 3685 5504">
     <span class='ocr_line' id='line_1_114' title="bbox 2177 5423 3685 5504; baseline -0.009 -13"><span class='ocrx_word' id='word_1_778' title='bbox 2177 5436 2289 5504; x_wconf 85' lang='lat'><strong>(80)</strong></span> <span class='ocrx_word' id='word_1_779' title='bbox 2336 5434 2400 5487; x_wconf 65' lang='grc' dir='ltr'><em>Ὀ</em></span> <span class='ocrx_word' id='word_1_780' title='bbox 2438 5423 2591 5487; x_wconf 65' lang='grc' dir='ltr'>κατὰ</span> <span class='ocrx_word' id='word_1_781' title='bbox 2613 5430 2721 5486; x_wconf 85' lang='grc' dir='ltr'>τὸν</span> <span class='ocrx_word' id='word_1_782' title='bbox 2749 5423 2893 5498; x_wconf 69' lang='grc' dir='ltr'>ἔσω,</span> <span class='ocrx_word' id='word_1_783' title='bbox 2920 5438 3029 5482; x_wconf 88' lang='lat' dir='ltr'><strong>etc.</strong></span> <span class='ocrx_word' id='word_1_784' title='bbox 3087 5423 3315 5481; x_wconf 76' lang='lat' dir='ltr'><strong>Scheda:</strong></span> <span class='ocrx_word' id='word_1_785' title='bbox 3364 5423 3576 5492; x_wconf 86' lang='lat' dir='ltr'><strong>Grabii,</strong></span> <span class='ocrx_word' id='word_1_786' title='bbox 3625 5430 3685 5478; x_wconf 83' lang='lat' dir='ltr'><strong>et</strong></span> 
     </span>
    </p>
   </div>
   <div class='ocr_carea' id='block_1_112' title="bbox 2104 5504 2601 5563">
    <p class='ocr_par' dir='ltr' id='par_1_112' title="bbox 2104 5504 2601 5563">
     <span class='ocr_line' id='line_1_115' title="bbox 2104 5504 2601 5563; baseline -0.016 0"><span class='ocrx_word' id='word_1_787' title='bbox 2104 5506 2305 5563; x_wconf 84' lang='lat' dir='ltr'><strong>Catena</strong></span> <span class='ocrx_word' id='word_1_788' title='bbox 2336 5504 2601 5559; x_wconf 72' lang='lat' dir='ltr'><strong>Corderii.</strong></span> 
     </span>
    </p>
   </div>
   <div class='ocr_carea' id='block_1_113' title="bbox 2178 5565 3434 5645">
    <p class='ocr_par' dir='ltr' id='par_1_113' title="bbox 2178 5565 3434 5645">
     <span class='ocr_line' id='line_1_116' title="bbox 2178 5565 3434 5645; baseline -0.011 -15"><span class='ocrx_word' id='word_1_789' title='bbox 2178 5576 2292 5645; x_wconf 91' lang='lat'><strong>(8|)</strong></span> <span class='ocrx_word' id='word_1_790' title='bbox 2338 5572 2488 5629; x_wconf 72' lang='grc' dir='ltr'>Ἀντί</span> <span class='ocrx_word' id='word_1_791' title='bbox 2520 5573 2648 5645; x_wconf 54' lang='grc' dir='ltr'>τοῦ,</span> <span class='ocrx_word' id='word_1_792' title='bbox 2685 5580 2795 5625; x_wconf 86' lang='lat' dir='ltr'><strong>etc.</strong></span> <span class='ocrx_word' id='word_1_793' title='bbox 2835 5568 3017 5645; x_wconf 74' lang='lat' dir='ltr'><strong>codex</strong></span> <span class='ocrx_word' id='word_1_794' title='bbox 3051 5565 3434 5645; x_wconf 75' lang='lat' dir='ltr'><strong>Coislinianns.</strong></span> 
     </span>
    </p>
   </div>
   <div class='ocr_carea' id='block_1_114' title="bbox 2175 5630 3685 5725">
    <p class='ocr_par' dir='ltr' id='par_1_114' title="bbox 2175 5630 3685 5725">
     <span class='ocr_line' id='line_1_117' title="bbox 2175 5630 3685 5725; baseline -0.011 -24"><span class='ocrx_word' id='word_1_795' title='bbox 2332 5642 2561 5717; x_wconf 77' lang='grc' dir='ltr'>Ἀγαπᾷ</span> <span class='ocrx_word' id='word_1_796' title='bbox 2607 5630 3052 5711; x_wconf 68' lang='grc' dir='ltr'>ἐλεημοσύνην,</span> <span class='ocrx_word' id='word_1_797' title='bbox 3105 5646 3212 5691; x_wconf 80' lang='lat' dir='ltr'><strong>etc.</strong></span> <span class='ocrx_word' id='word_1_798' title='bbox 3287 5636 3497 5725; x_wconf 71' lang='lat' dir='ltr'><strong>Catena</strong></span> <span class='ocrx_word' id='word_1_799' title='bbox 3552 5630 3685 5687; x_wconf 78' lang='lat' dir='ltr'><strong>Cor-</strong></span> 
     </span>
    </p>
   </div>
   <div class='ocr_carea' id='block_1_115' title="bbox 2107 5717 2265 5771">
    <p class='ocr_par' dir='ltr' id='par_1_115' title="bbox 2107 5717 2265 5771">
     <span class='ocr_line' id='line_1_118' title="bbox 2107 5717 2265 5771; baseline 0 -2"><span class='ocrx_word' id='word_1_800' title='bbox 2107 5717 2265 5771; x_wconf 82' lang='lat' dir='ltr'><strong>tlcrii.</strong></span> 
     </span>
    </p>
   </div>
  </div>
