4100 6428
432 338 584 394 £305-

1396 317 1708 385 SELBCTA
1746 326 1811 382 lN
1850 324 2191 382 PSALMOS.
2227 358 2267 369 -
2321 325 2519 383 PSAL.
2559 313 2777 383 xxxn.

3560 333 3699 390 l306

430 474 537 522 σιν,
570 473 589 506 ι
642 453 763 508 καθ’
797 453 863 525 ἦν
910 450 1123 525 κρίνει·
1159 449 1240 503 ὅτι
1295 448 1364 502 τά
1420 448 1673 519 ’κρίματα
1720 446 1816 500 τοῦ
1870 444 2005 499 Θεοῦ

2114 445 2311 500 dicium
2358 467 2376 500 ο
2430 463 2540 519 quo
2571 446 2819 518 judicat,
2851 449 3109 518 quoniam
3153 451 3356 522 judicia
3402 452 3495 507 Dei
3547 470 3699 520 vera,

426 549 574 600 ἔστιν
602 544 865 616 ἀληθινὰ,
894 542 989 598 καὶ
1011 541 1245 604 ἄϐυσσος
1274 539 1471 612 πολλὴ,
1517 541 1613 593 καὶ
1650 537 2006 611 ἀνεξεύρητα.

2113 547 2168 591 et
2194 537 2420 609 abyssus
2452 539 2617 593 multa
2653 549 2705 595 et
2754 541 3125 597 inscrutabilis
3148 544 3187 597 ⁸.
3214 541 3522 610 Quinetiam
3552 556 3702 600 amat

438 639 653 710 Ἆγαπᾷ
682 638 740 691 δὲ
771 636 954 709 κρίσιν
990 634 1086 689 καὶ
1112 634 1212 705 τὴν
1243 633 1354 686 τῶν
1405 634 1653 697 δικαίων,
1689 626 1765 687 ὧν
1818 633 1867 685 οἱ
1927 630 2007 685 λο-

2114 628 2372 699 iudicium
2422 630 2734 700 iustorum,
2782 648 3014 701 quorum
3075 635 3435 705 cogitationes
3489 637 3698 707 judicia

426 730 615 799 γισμο).
643 728 892 799 κρίματά
951 727 1080 789 είσι,
1134 726 1266 797 περὶ
1314 718 1390 779 ὧν
1438 724 1656 793 λέγεται
1685 739 1701 756 ο
1764 741 1783 774 ι
1820 722 2014 795 Κρίμα

424 818 632 873 δίκαιον
663 817 907 890 κρίνατε.
935 835 954 869 ι
992 817 1121 870 Ὅτε
1150 815 1207 868 δὲ
1240 834 1258 867 ι
1295 817 1386 870 τὸν
1405 815 1556 886 ἥλιον
1595 812 1874 868 ἀνατέλλει
1920 813 2014 866 ἐπὶ

427 909 698 981 πονηροὺς
722 908 817 961 καὶ
842 906 1103 977 ἀγαθοὺς,
1139 906 1235 962 καὶ
1261 906 1445 978 βρέχει
1494 896 1601 959 ὲπῖ
1633 904 1874 968 δικαίους
1917 906 2013 958 καὶ

426 998 666 1063 ἀδίκους,
709 1017 729 1052 ›
766 997 1034 1068 βλέπομεν
1062 996 1296 1064 πῶςτοῦ
1324 996 1505 1060 ἐλέους
1546 996 1752 1067 Κυρίου
1799 994 2015 1067 πλήρης

428 1088 462 1159 ἡ
491 1088 588 1160 γῆ·

503 1204 688 1271 Τιθεὶς
718 1205 789 1259 ἐν
814 1205 1146 1275 θησαυροῖς
1170 1204 1504 1269 ἀϐύσσους,
1537 1219 1592 1257 κ.
1625 1220 1678 1257 τ.
1712 1202 1758 1256 ὲ.
1821 1202 1885 1254 Οἱ
1925 1199 2009 1254 λό-

425 1312 511 1364 γοι
542 1294 654 1368 (85)
681 1298 780 1369 τῆς
800 1296 1039 1351 ἀϐύσσου
1063 1298 1121 1350 ὲν
1151 1298 1263 1359 τοῖς
1285 1294 1578 1366 θησαυροῖς
1597 1294 1702 1347 είσι
1733 1291 1829 1347 τοῦ
1852 1290 2008 1347 Θεοῦ.

498 1387 817 1457 Φοϐηθήτω
852 1388 961 1443 τὸν
988 1388 1207 1456 Κύριον
1234 1386 1402 1441 πᾶσα
1437 1386 1476 1454 τ)
1506 1383 1604 1455 γῆ,
1666 1385 1769 1441 ἀπ’
1824 1384 2012 1439 αὐτοῦ

424 1477 495 1532 δὲ
519 1478 996 1547 σαλευθήτωσαν
1026 1480 1250 1544 πάντες
1308 1480 1363 1532 οἱ
1418 1476 1839 1542 κατοικοῦντες
1897 1474 2013 1543 τὴν

422 1570 811 1640 οἰκουμένην,
855 1589 908 1625 κ.
944 1588 998 1629 τ.
1023 1571 1069 1623 ὲ.
1095 1568 1267 1624 Τοῦτο
1310 1572 1367 1624 ὲν
1391 1571 1459 1640 τῇ
1494 1568 1768 1640 παρουσίᾳ
1784 1566 1892 1638 (84)
1916 1565 2011 1620 τοῦ

422 1660 558 1716 Θεοῦ
600 1663 977 1736 πεπλήρωται,
1023 1665 1111 1717 ὅτε
1147 1663 1297 1717 πᾶσα
1329 1663 1363 1732 ἠ
1411 1662 1485 1732 γῆ
1532 1659 1772 1731 Χριστοῦ
1792 1657 2014 1729 Ἐκκλη-

426 1753 570 1818 σίαις
597 1753 947 1827 πεπλήρωτο.
984 1754 1139 1825 Τάχα
1158 1752 1356 1822 λέγοιτ’
1389 1752 1486 1807 ἀν’
1522 1753 1584 1806 Oi
1648 1751 1746 1823 μὲν
1803 1750 2012 1821 ἄνθρω-

427 1804 970 1916 πὲέζέιξέιέήὲἓξέζῆ
994 1804 1498 1917 exitiosae...
1534 1804 1599 1896 οι
1631 1804 1684 1895 si
1711 1841 1810 1914 τὴν
1837 1804 2011 1895 οἱκου-
2045 1804 2085 1860 Β

426 1933 596 2005 μένην
637 1932 965 2005 Ἐκκλησίας
988 1933 1080 1989 τοῦ
1102 1934 1239 1988 Θεοῦ
1270 1932 1685 1997 κατοικοῦντες,
1718 1933 1821 1987 οὐκ
1859 1933 2013 1986 ἀναι-

424 2023 749 2095 σθητοῦντες
772 2023 867 2078 τοῦ
892 2024 1123 2096 Κυρίου,
1159 2025 1254 2079 ἀπ’
1296 2025 1462 2080 αὐτοῦ
1498 2023 1837 2091 σαλεύονται,
1871 2023 2011 2095 πλη-

424 2112 647 2183 ροῦντες
674 2112 773 2185 τὴν
801 2114 1172 2187 προκειμένην
1203 2114 1445 2186 ἐντολήν.
1476 2114 1548 2167 Ἦ
1583 2114 1633 2167 οἱ
1686 2114 1799 2169 ἀπὸ
1848 2114 2009 2184 λόγου

421 2204 518 2257 τοῦ
543 2205 679 2258 Θεοῦ
713 2206 1023 2278 κινούμενοι
1056 2207 1152 2261 ἀπ’
1195 2206 1365 2260 αὐτοῦ
1412 2206 1754 2275 σαλεύονται,
1810 2206 2014 2272 ζῶντος

420 2298 479 2350 ὲν
505 2296 689 2361 αὐτοῖς
720 2296 815 2351 τοῦ
852 2297 1114 2369 Χριστοῦ.

498 2387 610 2441 Τοῦ
644 2389 855 2443 αὐτοῦ.
912 2388 1081 2452 Σάλος
1131 2389 1281 2443 ἐστὶν
1333 2388 1445 2459 (85)
1486 2389 1773 2455 ἐπαινετὸς
1830 2390 2011 2463 ψυχῆς

420 2477 649 2549 λογικῆς
681 2478 791 2534 ἀπὸ
817 2478 1016 2544 κακίας
1074 2480 1170 2535 καὶ
1216 2480 1493 2551 ἀγνωσίας
1550 2483 1640 2535 ἐπ’
1673 2482 1874 2555 ἀρετὴν
1917 2484 2013 2537 καὶ

419 2569 624 2639 γνῶσιν
662 2572 974 2642 μετάθεσις.

493 2683 615 2736 Ὅτι
645 2683 829 2751 αὐτὸς
856 2678 1006 2748 εἷπε,
1030 2683 1127 2738 καὶ
1147 2682 1528 2754 ἐγενήθησαν
1545 2701 1560 2716 ο
1590 2687 1775 2749 αὐτὸς
1796 2685 2013 2741 ἐνετεί-

419 2778 590 2841 .τατο,
623 2776 721 2829 καὶ
761 2770 1152 2844 ἐκτίσθησαν,
1179 2792 1234 2829 κ.
1268 2793 1319 2829 τ.
1357 2776 1403 2829 ἐ.
1445 2776 1510 2830 Ἦ
1535 2777 1636 2849 μὲν
1656 2777 1872 2846 γένεσις
1901 2777 2010 2850 (86)

418 2867 519 2939 τὴν
550 2866 666 2920 τῶν
694 2865 930 2936 λογικῶν
976 2865 1237 2920 οὐσίωσιν
1277 2867 1466 2939 δηλοῖ*
1514 2870 1549 2939 ἡ
1600 2868 1657 2922 δὲ
1698 2870 1875 2933 κτίσις
1911 2870 2012 2940 τὴν

418 2958 528 3012 ἀπὸ
550 2958 647 3013 τοῦ
682 2959 991 3031 κρείττονος
1026 2958 1119 3012 ἐπὶ
1157 2959 1219 3012 τὸ
1256 2962 1439 3031 χεῖρον
1488 2960 1825 3031 μεταϐολήνο
1886 2980 1905 3013 ι
1946 2961 2017 3015 Εἴ

418 3063 503 3110 τις
540 3065 559 3099 ›
586 3047 695 3119 γάρ
730 3065 748 3097 ι
781 3049 838 3100 ὲν
864 3045 1086 3118 Χριστῷ
1105 3047 1266 3119 καινὴ
1293 3048 1492 3115 κτίσις,
1525 3068 1543 3101 ι
1574 3048 2005 3114 ἀνακαινίζεται.

2112 728 2258 784 sunt,
2286 720 2351 774 de
2385 720 2583 789 quibus
2621 720 2825 775 dicitur
2851 722 2872 753 ⁶
2908 740 2921 776 :
2955 741 2977 774 ι
3012 724 3224 778 Iustum
3253 725 3521 795 judicium
3554 727 3702 795 judi-

2113 817 2257 865 cate.
2292 828 2310 862 ι
2337 808 2569 879 Quando
2615 822 2795 865 autem
2833 830 2851 863 ι
2884 812 3052 867 solem
3088 830 3247 869 suum
3285 816 3420 870 oriri
3448 817 3580 871 facit
3608 832 3701 871 su-

2114 914 2212 971 per
2232 901 2406 958 malos
2439 910 2489 957 et
2527 904 2723 971 honos,
2750 911 2805 957 et
2855 904 2987 973 pluit
3035 920 3199 974 super
3242 905 3419 975 iustos
3467 918 3521 962 et
3554 908 3703 977 inju-

2113 1001 2231 1049 stos
2250 995 2329 1060 ⁷,»
2347 996 2592 1051 videmus
2613 998 2882 1065 quomodo
2907 997 3281 1053 misericordia
3305 998 3514 1054 Domini
3538 1000 3697 1071 pl‘cna

2115 1085 2185 1142 sit
2222 1092 2385 1140 terra.

2188 1198 2357 1256 Vens.
2380 1197 2440 1252 7.
2483 1196 2695 1253 Ponens
2734 1200 2788 1253 in
2816 1200 3076 1255 thesauris
3110 1202 3348 1272 abyssos,
3377 1212 3483 1260 etc.
3511 1202 3700 1260 Ratio-

2116 1304 2212 1347 nes
2247 1291 2428 1362 abyssi
2466 1291 2520 1346 in
2549 1291 2829 1347 thesauris
2850 1292 2943 1347 Dei
2968 1304 3117 1351 sunt.

2192 1381 2354 1437 Vens.
2383 1381 2439 1437 8.
2472 1382 2675 1438 Timeat
2705 1383 2990 1439 Dominum
3030 1386 3201 1441 omnis
3232 1398 3395 1454 terra,
3425 1388 3490 1442 ab
3515 1402 3577 1443 ea
3599 1406 3699 1443 au-

2116 1481 2219 1526 tem
2267 1484 2696 1528 commoveantur
2743 1492 2923 1530 omnes
2950 1478 3305 1533 inhabitantes
3349 1480 3551 1546 orbem,
3586 1490 3695 1536 etc.

2116 1562 2231 1618 lloc
2262 1562 2316 1617 in
2350 1563 2583 1618 adventu
2618 1564 2710 1618 Dei
2738 1564 3021 1634 impletmn
3054 1578 3159 1627 est.
3195 1569 3414 1637 quando
3443 1570 3700 1625 universa

2120 1663 2266 1710 terra
2295 1653 2495 1710 Christi
2521 1652 2776 1711 Ecclesiis
2814 1665 2900 1709 est
2939 1657 3160 1727 repleta.
3188 1659 3351 1715 Forte
3394 1662 3561 1714 etiam
3594 1661 3707 1714 dici

2119 1748 2286 1819 possit
2314 1766 2327 1802 :
2355 1748 2634 1815 llomioes,
2653 1749 2885 1819 diligite,
2911 1760 3053 1805 terra
3085 1766 3214 1805 vero
3240 1752 3450 1807 timeat.
3478 1752 3577 1819 Qui
3606 1769 3702 1806 au—

2119 1848 2224 1893 tem
2252 1837 2439 1892 orbem
2473 1837 2727 1893 Ecclesiae
2758 1838 2852 1893 Dei
2896 1838 3233 1903 inhabitant,
3263 1854 3385 1893 cum
3415 1838 3700 1893 Dominum

2114 1932 2503 2001 cognoverint,
2537 1932 2607 1986 ah
2643 1931 2760 2001 ipso
2806 1940 3255 1997 commoventur,
3290 1930 3417 1985 dum
3453 1930 3505 1984 id
3556 1932 3709 2000 quod.

2115 2022 2450 2092 propositum
2504 2032 2609 2087 est,
2643 2031 2972 2093 prmceptum
3020 2022 3338 2077 observant.
3388 2021 3484 2077 Vel
3533 2022 3628 2092 qui
3670 2037 3709 2073 a

2114 2117 2281 2172 verbo
2307 2117 2404 2172 Dei
2436 2126 2747 2184 moventur,
2772 2116 2840 2171 ab
2870 2116 2986 2187 ipso
3013 2123 3449 2183 commoventur,
3478 2115 3703 2169 vivente

2115 2209 2171 2265 in
2207 2209 2340 2280 ipsis
2368 2208 2613 2265 Christo.

2186 2383 2466 2456 Ejusdem.
2512 2384 2818 2442 Commotio
2864 2384 3153 2440 laudabilis
3179 2392 3263 2439 est
3306 2384 3502 2439 animae
3535 2384 3701 2437 ratio-

2114 2479 2259 2535 nalis
2294 2496 2323 2533 a
2356 2479 2556 2534 malitia
2587 2488 2643 2534 et
2680 2479 2984 2549 ignorantia
3035 2478 3102 2533 ad
3138 2479 3401 2534 virtutem
3429 2488 3484 2534 et
3526 2479 3705 2533 scien-

2116 2578 2247 2634 tiam
2276 2578 2588 2634 translatio.

2184 2690 2351 2745 Vens.
2390 2690 2445 2745 9.
2480 2688 2747 2755 Quoniam
2790 2688 2902 2758 ipse
2943 2689 3102 2757 dixit,
3128 2698 3175 2743 et
3216 2690 3363 2758 facta
3394 2697 3542 2750 sunt,
3586 2686 3705 2756 ipsc

2113 2784 2406 2847 mandarit,
2426 2793 2473 2835 et
2496 2791 2673 2836 creata
2705 2792 2852 2848 sunt,
2885 2792 2991 2837 etc.
3017 2780 3312 2837 Gcneratio
3333 2780 3698 2836 substantiam

2115 2874 2520 2930 rationabiliqu
2582 2888 2764 2927 rerum
2832 2872 3151 2942 significat;
3239 2873 3452 2926 creatio
3514 2883 3704 2925 autem

2115 2966 2469 3021 mutationem
2499 2980 2528 3018 a
2560 2964 2706 3018 bono
2731 2963 2782 3017 in
2813 2964 3037 3017 malum.
3069 2979 3089 3013 ι
3130 2962 3185 3016 Si
3217 2977 3321 3030 qua
3359 2979 3378 3013 ι
3408 2962 3552 3015 enim
3589 2980 3608 3013 ι
3647 2964 3704 3015 in

2113 3059 2331 3113 Christo
2359 3072 2494 3111 nova
2527 3064 2776 3110 creatura
2805 3055 2878 3119 ⁸,»
2915 3063 3227 3108 renovatur.

488 3160 701 3228 Κύριος
752 3157 1126 3220 ὃιασκεδάζει
1173 3160 1414 3228 ,βουλὰς
1432 3160 1643 3228 ἐθνῶν,
1691 3164 1893 3219 ἀθετεῖ
1939 3165 2009 3220 δὲ

2181 3169 2345 3223 Vens.
2375 3166 2460 3221 l0.
2509 3167 2762 3219 Dominus
2804 3165 3028 3232 dissipat
3061 3160 3284 3215 consilia
3327 3160 3582 3231 gentium,
3617 3175 3699 3212 re-

417 3250 748 3326 λογισμοὺς
780 3248 947 3305 λαῶν
966 3289 983 3315 ,
1014 3250 1115 3304 καὶ
1144 3251 1339 3305 ἀθετεῖ
1380 3252 1621 3320 ,βουλὰς
1674 3255 2005 3324 ἀρχόντων,

418 3359 474 3397 κ.
507 3359 559 3395 τ.
591 3343 636 3396 ὲ.
661 3342 728 3394 Αἱ
761 3341 947 3413 βουλαὶ
975 3341 1085 3397 τῶν
1116 3342 1287 3395 ἐθνῶν
1327 3342 1478 3414 (87),
1533 3345 1629 3397 καὶ
1668 3346 1719 3398 οἱ
1757 3346 2010 3416 λογισμοὶ

416 3436 529 3488 τῶν
551 3435 718 3499 λαῶν,
749 3436 845 3489 κα)¹
867 3436 924 3490 αἱ
956 3434 1145 3508 βουλαὶ
1203 3435 1312 3489 τῶν
1363 3435 1640 3507 ἀρχόντων
1687 3438 2009 3492 ἀθετοῦνται

417 3528 524 3582 ὑπὸ
551 3529 780 3601 Κυρίου,
816 3529 892 3593 ὡς
921 3528 1333 3598 ἐναντιούμεναι
1380 3528 1460 3599 τῷ
1491 3527 1759 3599 θελήματι
1817 3531 2006 3594 αὐτοῦ,

417 3620 513 3673 τοῦ
537 3639 556 3671 ι
581 3621 788 3684 πάντας
810 3619 1133 3691 ἀνθρώπους
1153 3619 1399 3684 θέλοντος
1419 3619 1656 3691 σωθῆναι
1682 3622 1776 3675 καὶ
1794 3625 1872 3687 εἰς
1897 3624 2011 3677 ὲπί-

418 3728 620 3781 γνωσιν
649 3711 907 3783 ἀληθείας
934 3712 1131 3765 ἐλθεῖν.
1178 3730 1197 3765 ι

503 3803 556 3854 Ὀ
595 3803 839 3868 πλάσας
871 3803 1022 3857 κατὰ
1055 3804 1253 3872 μόνας
1312 3804 1421 3870 τὰς
1473 3806 1725 3874 καρδίας
1787 3806 2007 3871 αὐτῶν,

420 3894 458 3947 ὀ
481 3891 715 3958 συνιεὶς
745 3890 942 3945 πάντα
969 3893 1041 3947 τὰ
1071 3894 1216 3962 ἔργα
1242 3892 1461 3959 αὐτῶν,
1499 3913 1552 3948 κ.
1579 3913 1632 3949 τ.
1663 3898 1712 3952 ἑ.
1756 3897 1815 3950 Ὀ
1848 3898 2011 3967 μόνος

419 3983 634 4046 πλάσας
656 3982 767 4052 (88)
797 3982 957 4051 μόνος
985 3985 1080 4036 καὶ
1108 3982 1366 4052 γινώσκει
1387 4000 1399 4015 ο
1444 3984 1525 4038 διὸ
1568 3985 1750 4051 καλῶς
1792 3987 2010 4055 λέγεται

420 4077 449 4126 ό
477 4074 611 4138 Θεὸς
646 4073 808 4146 μόνος
837 4074 1298 4147 καρδιογνώστης.

504 4188 835 4243 Ῥύσασθαι
870 4189 939 4241 ἐκ
971 4188 1233 4244 θανάτου
1271 4189 1377 4257 τὰς
1413 4192 1621 4262 ψυχὰς
1652 4176 1875 4257 αὐτῶν,
1909 4193 2008 4247 καὶ

420 4278 735 4348 διαθρέψαι
762 4280 986 4347 αὐτοὺς
1016 4282 1084 4334 ἐν
1110 4280 1284 4351 λιμῷ,
1318 4300 1373 4336 κ.
1419 4300 1470 4336 τ.
1520 4284 1567 4338 ὲ.
1614 4282 1884 4355 Πρότερον
1932 4284 2013 4337 δεῖ

424 4371 536 4444 (89)
560 4390 681 4426 τινα
709 4371 973 4444 ῥύσασθαι
1003 4372 1110 4427 ἀπὸ
1133 4372 1385 4439 θανάτου,
1407 4371 1505 4429 εἷθ’
1529 4375 1701 4440 οὕτως
1724 4376 2013 4448 διατραφῆ-

2110 3261 2293 3329 probat
2323 3268 2496 3311 autem
2518 3256 2861 3327 cogitationes
2877 3252 3213 3322 populorum.
3231 3261 3278 3305 et
3304 3251 3547 3318 reprobat
3572 3266 3703 3303 con~

2110 3351 2234 3405 silia
2258 3351 2582 3420 principum,
2609 3358 2715 3401 etc.
2758 3345 2997 3400 Consilia
3051 3344 3317 3414 gentium,
3344 3344 3700 3414 cogitationum

2112 3442 2430 3512 papulorum
2470 3480 2485 3503 ,
2519 3449 2574 3494 et
2622 3439 2843 3493 consilia
2894 3438 3197 3507 principum
3253 3438 3620 3505 reprohantur
3665 3451 3695 3489 a

2114 3534 2367 3598 Domino,
2399 3543 2456 3585 ut
2507 3533 2780 3588 contraria
2818 3531 3081 3585 voluntati
3139 3530 3256 3599 ejus
3307 3546 3326 3579 ι
3373 3529 3462 3597 qui
3500 3542 3698 3581 Otnnes

2114 3627 2363 3683 homines
2399 3626 2509 3680 vult
2551 3625 2728 3680 salvos
2761 3624 2874 3678 ﬁeri
2907 3632 2958 3680 et
2982 3623 3047 3677 ad
3081 3624 3412 3692 agnitionem
3447 3621 3699 3674 Vt‘ritatis

2116 3721 2305 3775 venire
2332 3721 2375 3772 ’.
2418 3738 2437 3771 ι

2186 3810 2356 3866 Vens.
2385 3809 2472 3863 lz‘i.
2517 3809 2619 3875 Qui
2652 3808 2809 3877 ﬁnxit
2846 3808 3165 3878 singillatim
3196 3806 3355 3859 corda
3382 3820 3583 3865 eorum,
3612 3803 3702 3871 qni

2112 3900 2359 3970 intelligit
2408 3902 2585 3953 omnia
2623 3916 2782 3968 opera
2836 3915 3038 3960 eorum,
3070 3907 3173 3952 ctc.
3208 3898 3309 3965 Qui
3344 3897 3491 3951 Solus
3524 3896 3699 3958 ﬁnxit,

2112 3993 2260 4047 solus
2284 3994 2449 4047 etiam
2483 3993 2787 4060 cognoscit.
2813 3990 2993 4057 Quare
3028 3991 3256 4059 pulchre
3290 3989 3582 4043 admodum
3612 4005 3701 4043 so-

2114 4084 2199 4138 lus
2228 4085 2366 4137 Dl‘llS
2401 4085 2645 4138 cordiutn
2675 4084 2927 4152 cognitor
2959 4082 3178 4135 dicitur.

2187 4199 2349 4253 \‘Etts.
2384 4199 2465 4253 l9.
2503 4196 2570 4250 Ut
2603 4206 2751 4250 eruat
2782 4214 2812 4249 a
2840 4204 3007 4249 morte
3032 4196 3240 4248 animos
3272 4210 3476 4256 eorum,
3507 4203 3554 4246 et
3583 4192 3697 4246 alat

2113 4309 2200 4345 eos
2229 4292 2281 4344 in
2320 4290 2479 4360 fame,
2505 4298 2612 4343 etc.
2644 4288 2800 4342 Prius
2822 4285 3095 4340 eruendus
3121 4294 3201 4338 est
3238 4283 3506 4352 quispiam
3530 4281 3701 4353 658

2114 4400 2143 4437 a
2183 4392 2381 4445 morte,
2406 4381 2601 4435 deimle
2650 4379 2729 4433 sic
2780 4376 3023 4433 alendus.
3058 4375 3213 4430 llunc
3248 4389 3342 4443 per
3363 4388 3526 4442 opera
3554 4372 3700 4426 eruit

422 4480 532 4519 ναι.
566 4465 678 4518 Καὶ
705 4464 795 4519 διά
826 4465 926 4535 μὲν
949 4463 1261 4535 πρακτικῆς
1281 4464 1469 4535 ῥύεταί
1496 4483 1618 4520 τινα
1643 4466 1752 4520 ἀπὸ
1780 4466 2013 4522 θανάτου

2121 4475 2261 4530 Deus
2294 4488 2325 4527 a
2361 4481 2557 4539 morte,
2582 4470 2677 4524 alit
2708 4478 2887 4523 autem
2928 4483 3025 4538 per
3060 4465 3445 4535 cognitionem.

423 4554 449 4605 ὁ
482 4551 706 4624 Κύριος,
727 4553 815 4607 διὰ
832 4554 889 4607 δὲ
916 4552 1170 4624 γνώσεως
1192 4554 1401 4626 τρέφει.

506 4670 569 4725 Ἡ
592 4669 661 4723 δὲ
711 4669 884 4739 ⁵ιίινυχὴ
933 4668 1103 4740 ἡμῶν
1146 4670 1439 4739 ὑπομενεῖ
1495 4670 1576 4737 τῷ
1642 4672 1855 4738 Κυρίῳ,
1919 4672 2008 4725 ὅτι

431 4758 651 4825 ϐοηθὸς
688 4762 786 4814 καί
821 4760 1289 4829 ὑπερασπιστὴς
1333 4760 1504 4831 ἡμῶν
1530 4762 1721 4823 ἐστιν,
1755 4778 1810 4815 κ.
1856 4779 1907 4816 τ.
1959 4764 2008 4818 ὲ.

439 4848 501 4899 Ἡ
532 4848 628 4901 τοῦ
649 4850 857 4904 δικαίου
884 4852 1019 4924 (89⁸)
1038 4854 1234 4925 καρδία
1258 4854 1358 4907 οὐκ
1389 4852 1738 4926 εὐφραίνεται
1769 4855 1825 4906 ἐν

428 4953 592 5007 μασιν
620 4938 654 5008 ἢ
689 4940 747 4992 ὲν
780 4940 1042 5010 πόμασιν,
1073 4943 1189 4997 ἀλλ’
1223 4945 1282 4996 ὲν
1302 4944 1645 5016 δικαιοσύνῃ,
1671 4946 1765 4997 καὶ
1795 4944 2012 5011 γιώσει,

427 5029 522 5083 καὶ
557 5030 742 5102 σοφίᾳ.

2193 4669 2354 4724 Vens.
2379 4666 2471 4721 20.
2504 4665 2697 4719 Anima
2746 4671 2924 4717 nostra
2972 4661 3187 4716 sustinet
3220 4658 3533 4719 Dominum,
3565 4670 3697 4725 quo-

2118 4764 2257 4817 niam
2285 4762 2502 4832 adjntor
2538 4769 2589 4814 et
2633 4766 2893 4827 protector
2933 4765 3106 4809 noster
3132 4762 3226 4812 est,
3274 4758 3384 4803 etc.
3434 4746 3541 4801 Cor
3564 4744 3695 4813 justi

2118 4871 2221 4909 non
2253 4855 2556 4909 delectatur
2588 4850 2642 4905 in
2676 4850 2799 4904 cibo
2850 4856 2943 4902 aut
2972 4856 3122 4917 potu,
3158 4842 3253 4897 sed
3297 4841 3349 4894 in
3382 4838 3617 4909 iustitia,
3641 4844 3696 4891 et

2121 4944 2369 5009 scientia,
2400 4957 2451 5002 et
2482 4942 2773 5013 sapientia.

497 5166 519 5197 ⁸
552 5166 698 5221 Psal.
742 5181 894 5231 xvm,
930 5167 994 5222 l9
1020 5177 1073 5222 et
1115 5185 1277 5235 xxxv,
1305 5170 1361 5226 7.
1436 5174 1457 5204 ⁸
1480 5172 1636 5228 Joan.
1666 5188 1762 5236 vn,
1790 5172 1881 5226 τι.
1956 5173 1975 5203 "
2004 5171 2013 5226 l

2117 5168 2192 5223 th.
2225 5183 2281 5234 v,
2304 5165 2394 5219 45.
2471 5164 2493 5196 ⁸
2520 5161 2560 5217 ll
2585 5162 2714 5217 Cor.
2751 5177 2803 5226 v,
2838 5160 2927 5214 l7.
3002 5158 3064 5213 °l
3094 5155 3234 5211 Tim.
3260 5170 3318 5220 Il,
3355 5153 3408 5207 4.

499 5324 613 5394 (85)
640 5327 706 5380 Ol
736 5325 925 5398 λόγου,
961 5336 1067 5398 etc.
1112 5325 1341 5383 Schedzn
1371 5329 1580 5397 Grabii,
1611 5332 1782 5388 codex
1813 5331 2009 5388 Coisli-

430 5395 653 5459 nianus,
682 5408 739 5451 et
773 5395 978 5452 Catena
1012 5396 1266 5451 Barbari.

430 5465 613 5589 dog?)
647 5467 831 5523 Τοῦτο
870 5468 940 5521 ἐν
983 5466 1059 5537 τῇ
1096 5470 1420 5537 παρουσίᾳ,
1468 5480 1576 5527 etc.
1635 5469 1834 5525 Catena
1881 5472 2013 5528 Cor-

499 5605 612 5677 t85)
644 5605 838 5673 Σάλος
875 5608 1072 5675 ἐστίν,
1111 5620 1199 5664 etc
1284 5609 1464 5666 Codex
1518 5608 1906 5671 Coislintanus.
1955 5620 2010 5665 et

437 5676 650 5730 scite-Pe
676 5678 881 5734 Grahii.

521 5746 635 5815 (86)
674 5748 873 5817 Ἰιμὲν
899 5750 1156 5822 γένεσις,
1183 5761 1290 5807 etc.
1334 5750 1513 5805 Codex
1543 5748 1927 5805 Coislinianus.

2190 5328 2304 5399 (87)
2334 5329 2403 5382 Ai
2421 5324 2647 5399 ,βουλαὶ
2677 5323 2795 5376 τῶν
2831 5321 3045 5389 ἐθνῶν,
3075 5331 3183 5376 etc.
3244 5316 3470 5372 Scltcda:
3502 5312 3685 5371 Gt'abii

2118 5411 2173 5455 et
2203 5397 2372 5451 codex
2400 5397 2786 5468 Coisliuianus.
3095 5461 3128 5468 η
3186 5460 3197 5468 _
3306 5457 3341 5468 η
3384 5457 3394 5468 ,
3432 5456 3463 5468 ,,
3510 5456 3522 5468 ,

2190 5468 2302 5538 (88)
2343 5469 2395 5520 '0
2421 5467 2602 5533 μόνος
2630 5462 2894 5538 πλάσας,
2925 5472 3035 5517 etc.
3088 5460 3270 5516 Codex
3302 5456 3687 5516 Coislinianus,

2113 5550 2169 5595 et
2190 5536 2389 5594 Catena
2421 5536 2666 5589 Barbari.

2190 5613 2301 5677 (89)
2330 5608 2624 5674 Πρότερον
2652 5604 2765 5668 δεῖ,
2800 5613 2907 5657 etc.
2962 5600 3186 5656 Schcda:
3216 5597 3399 5655 Grabii
3432 5606 3485 5652 et
3518 5597 3683 5651 codex

2120 5679 2502 5733 Coisliuiauus.

2193 5752 2329 5813 (89‘)
2371 5745 2432 5804 Ἡ
2465 5745 2570 5801 τοῦ
2595 5744 2849 5807 δικαίου,
2880 5753 2987 5797 etc.
3025 5741 3161 5797 idcm
3186 5739 3340 5795 codd.
3378 5754 3508 5793 mss.
