4100 6532
353 458 482 513 1511

1752 440 1846 496 EX
1882 437 2183 496 ORIGENE

3471 437 3611 492 l'5l2

352 573 769 642 henignitatem.
804 570 976 626 Porro
1005 566 1318 637 benignitas
1364 573 1451 620 est
1498 578 1604 619 non
1636 561 1811 617 solum
1841 559 1919 615 ef-

2030 574 2183 628 τητα,
2218 555 2316 629 τὴν
2341 556 2398 611 δὲ
2424 555 2593 629 ὀργὴν
2622 558 2703 622 είς
2728 557 3090 631 χρηστότητα.
3138 555 3436 627 Ἀγαθότης
3464 555 3520 610 δὲ
3548 556 3610 609 τὸ

353 667 533 732 fumli,
582 678 768 718 verum
814 664 975 717 etiam
1026 659 1277 715 concludi
1336 658 1626 712 frameam.
1684 655 1777 711 Vel
1822 656 1928 710 hoc

354 760 435 813 ait
497 774 512 812 :
566 755 997 826 Apprehendens
1056 760 1267 806 scutum
1324 760 1379 805 et
1437 763 1588 802 arma
1638 746 1927 811 veritatis,

359 869 378 902 ι
423 862 654 917 exsurge
687 846 739 900 in
770 843 1097 915 adjutorium
1144 856 1345 904 meum,
1386 859 1405 893 ι
1465 842 1516 894 id
1540 849 1646 904 est,
1676 839 1931 894 defensor

355 954 507 994 meus
554 949 694 993 esto.
750 938 816 992 Et
872 938 1067 999 illud,¢
1125 935 1357 991 El'l‘unde
1408 935 1695 1000 frameam,
1737 952 1758 986 ι
1797 934 1931 989 dicit

352 1049 475 1103 pro,
506 1032 742 1102 Evagina
779 1032 960 1097 illam;
1012 1031 1156 1085 istud
1186 1044 1337 1093 vero,
1373 1046 1391 1079 ι
1428 1027 1703 1083 Conclude
1738 1027 1929 1081 adver-

353 1141 446 1181 sus
470 1142 566 1179 eos
594 1125 685 1195 qui
721 1138 807 1179 me
832 1134 1256 1194 persequuntur,
1298 1142 1316 1174 ι
1367 1122 1511 1176 idem
1538 1129 1625 1176 est
1654 1135 1718 1174 ac
1756 1120 1801 1173 si
1844 1119 1929 1173 dio

352 1230 462 1280 cat,
507 1217 748 1273 Occurre
783 1227 839 1270 et
866 1206 1130 1284 intercipe
1178 1215 1311 1285 ipsis
1337 1228 1583 1278 cursum,
1616 1211 1795 1282 gladio
1822 1211 1926 1266 im-

355 1317 538 1377 petum
569 1323 755 1364 eorum
793 1322 1008 1362 arcens.

432 1489 705 1559 Ejusdem.
740 1488 799 1543 Si
829 1488 921 1558 qui
956 1487 1084 1543 vicit
1112 1486 1164 1541 in
1200 1485 1363 1550 bello,
1395 1486 1448 1541 in
1493 1486 1813 1542 servitutem
1843 1502 1930 1542 rc-

354 1580 493 1649 digit
526 1583 749 1635 hostes:
787 1582 1035 1634 Christus
1068 1595 1195 1635 vero
1233 1578 1489 1634 mundum
1521 1580 1686 1646 vicit;
1728 1596 1745 1629 ι
1784 1578 1930 1633 Con-

358 1670 507 1723 lidite
540 1671 707 1736 enim,
729 1671 903 1740 inquit
932 1671 996 1735 "’,
1023 1685 1122 1740 ego
1152 1670 1253 1725 vici
1290 1669 1545 1724 mundum
1572 1686 1588 1734 ;
1629 1688 1648 1721 ι
1677 1669 1930 1725 Christus

361 1762 533 1830 igitur
583 1763 837 1815 mundum
879 1761 933 1815 in
981 1762 1298 1816 servitutem
1356 1762 1591 1831 redegit,
1639 1771 1696 1816 ut
1740 1776 1930 1818 omnes

356 1853 496 1906 servi
527 1851 645 1919 ejus
687 1853 837 1906 ﬂant.

428 1942 592 1997 Vens.
643 1943 698 1999 3.
747 1942 843 1996 Dic
893 1945 1083 1999 anima:
1115 1960 1244 1999 mea:
1280 1958 1300 1999 :
1330 1943 1490 2001 Salus
1526 1956 1617 2000 tua
1659 1962 1752 2017 ego
1793 1962 1929 2010 sum,

355 2042 460 2085 etc.
493 2031 645 2087 Tunc
680 2034 877 2089 animm
900 2035 1049 2091 salus
1079 2045 1185 2102 est,
1215 2051 1339 2092 cum
1374 2037 1509 2091 dicit
1538 2038 1586 2092 ei
1616 2037 1881 2091 Dominus
1914 2054 1928 2092 :

361 2141 379 2172 ι
421 2122 577 2176 Salus
606 2132 693 2177 tua
722 2138 822 2193 ego
849 2138 1005 2191 sum;
1038 2142 1060 2179 ι
1099 2141 1199 2182 nec
1235 2127 1301 2183 dc
1332 2126 1441 2183 alio
1463 2126 1721 2199 quopiam
1755 2128 1806 2182 id
1837 2144 1932 2199 po-

361 2222 466 2267 test
499 2213 750 2284 intelligi.

430 2305 594 2361 Vane.
626 2307 678 2360 4.
713 2306 1034 2361 Avertaatur
1057 2319 1371 2377 retrorsum,
1403 2320 1509 2367 etc.
1542 2311 1641 2379 Qui
1669 2327 1697 2366 a
1729 2312 1933 2367 virtute

360 2394 418 2448 iu
472 2394 737 2449 malitiam
797 2398 1050 2463 tendunt,
1081 2399 1158 2454 eis
1205 2399 1339 2455 bene
1384 2409 1487 2465 est,
1520 2402 1564 2455 si
1615 2411 1933 2457 avertantur

362 2496 683 2540 retrorsum.
712 2504 732 2539 ι
768 2486 1186 2543 Confundantur
1213 2490 1518 2560 cogitantes
1551 2491 1683 2545 mihi
1716 2492 1877 2547 mala.
1906 2510 1926 2545 ι

357 2578 615 2633 Confusio
645 2580 781 2643 lucc,
805 2579 1028 2636 allectus
1055 2592 1138 2636 est
1167 2582 1585 2654 laudabilis,qni
1614 2593 1928 2654 peccantem

355 2670 421 2721 ad
452 2670 535 2723 sui
579 2669 747 2739 ipsius
774 2671 1163 2725 conscientiam
1192 2674 1362 2728 ducit.

434 2841 598 2898 Vens.
652 2844 705 2899 6.
762 2843 890 2899 Fiat
932 2848 1015 2903 eia
1052 2849 1265 2904 illorum
1314 2851 1562 2916 tenebrw,
1608 2859 1719 2907 etc.
1775 2851 1926 2909 Viam

359 2934 675 3003 impiorum,
705 2946 861 2991 vocat
888 2937 1187 3008 improbam
1217 2941 1402 3005 vitam,
1440 2942 1736 2996 secundum
1765 2959 1926 3013 quam

358 3031 725 3087 ambularunt.
775 3032 924 3099 Ilzec,
973 3035 1171 3105 inquit,
1206 3036 1292 3089 ﬁat
1346 3036 1485 3105 ipsis
1534 3055 1554 3090 ι
1600 3038 1859 3103 tenebrat,
1900 3059 1920 3095 ι

358 3128 502 3177 omni
552 3124 843 3194 splendore
888 3129 1172 3192 destituta,
1208 3140 1259 3183 et
1300 3147 1319 3180 ι
1379 3131 1669 3195 lubricum,
1716 3151 1737 3186 ι
1774 3144 1830 3189 ιιι
1860 3150 1926 3190 ne

2029 647 2092 699 ού
2130 646 2290 717 μόνον
2318 648 2635 719 ἐκχυθῆναι,
2668 650 2805 703 ἀλλὰ
2850 651 2944 703 καὶ
2998 650 3413 719 συγκλεισθῆναι
3468 651 3606 721 ῥομ-

2030 737 2216 805 φαίαν.
2267 737 2337 790 Ἦ
2365 736 2525 791 τοῦτό
2550 756 2714 809 φησιν
2730 756 2755 769 ⁸-
2780 739 3200 810 Ἐπιλαόόμενος
3229 739 3330 795 τοῦ
3349 739 3613 811 καταλλή-

2028 827 2123 880 λου
2144 827 2238 881 τοῦ
2273 828 2488 901 θυρεοῦ,
2518 830 2613 883 καὶ
2640 831 2941 900 ὅπλουιτῆς
2967 830 3226 901 ἀληθείας
3264 872 3280 895 ,
3336 850 3353 881 ι
3397 832 3609 886 ἀνάστα

2028 920 2116 984 είς
2157 920 2258 992 τὴν
2341 921 2597 993 βοήθειάν
2645 940 2778 995 μου*
2815 944 2851 976 ι.
2912 924 3189 978 τουτέστιν
3224 965 3239 991 ,
3295 924 3609 995 ύπέρμαχος

2028 1010 2208 1081 γενοῦ.
2259 1013 2370 1065 Kal.
2420 1013 2501 1078 τὸ,
2541 1034 2561 1066 ‹
2606 1017 2833 1086 ’Έκχεον
2888 1016 3198 1087 ῥομφαίαν,
3241 1035 3258 1066 ι
3317 1016 3439 1069 ἀντὶ
3489 1016 3607 1077 τοῦ,

2028 1102 2340 1174 Γύμνωσον,
2368 1104 2543 1174 λέγει’
2576 1105 2638 1159 τὸ
2669 1106 2747 1173 δὲ,
2805 1124 2825 1158 ‹
2860 1106 3184 1176 Σύγκλεισον
3243 1108 3302 1173 ἐξ
3360 1107 3608 1170 ἐναντίας

2028 1197 2141 1251 τῶν
2164 1198 2606 1253 καταδιωκόντων
2650 1217 2739 1270 με,
2770 1218 2788 1252 ι
2829 1200 2950 1253 ἀντὶ
2980 1198 3096 1264 τοῦ,
3141 1199 3475 1269 ’Δπὰντησον
3516 1200 3609 1253 καὶ

2031 1289 2374 1361 περίκλεισον
2402 1291 2583 1354 αὐτοῖς
2614 1290 2706 1344 τὸν
2728 1290 2950 1361 δρόμον,
2982 1290 3126 1359 ξίφει
3155 1290 3255 1361 τὴν
3308 1289 3484 1360 ὁρμὴν
3511 1290 3608 1342 αὐ-

2028 1378 2139 1432 τῶν
2176 1381 2477 1453 ἀπείργων.

2104 1473 2216 1527 Τοῦ
2246 1473 2453 1527 αὐτοῦ.
2486 1474 2549 1527 Ei
2580 1474 2608 1527 ὁ
2635 1473 2864 1545 νικήσας
2890 1473 2967 1544 (τι)
3002 1475 3059 1527 ἐν
3096 1472 3319 1544 πολέμῳ
3351 1473 3609 1527 καταδου-

2029 1562 2214 1618 λοῦται
2239 1564 2366 1628 τοὺς
2403 1563 2715 1635 πολεμίους,
2740 1563 2973 1636 Χριστὸς
3002 1564 3058 1616 δὲ
3105 1563 3355 1634 νενίκηκε
3390 1563 3479 1616 τὸν
3516 1563 3609 1615 κός

2030 1672 2199 1729 σμονο
2243 1673 2262 1706 ι
2298 1655 2560 1729 Θαρσεῖτε
2609 1656 2741 1727 γὰρ,
2802 1656 2989 1726 φησὶν,
3038 1654 3149 1724 ἐγὼ
3199 1655 3477 1727 νενίκηκα
3515 1655 3609 1711 τδν

2029 1750 2235 1820 κόσμον
2259 1766 2273 1780 ⁸
2314 1766 2332 1800 ι
2374 1747 2609 1820 Χριστὸς
2651 1748 2758 1819 ἄρα
2786 1748 2877 1807 τὸν
2912 1748 3116 1819 κόσμον
3147 1746 3607 1813 κατεδουλώσατο,

2034 1841 2122 1894 ἵνα
2150 1840 2416 1909 γένωνται
2446 1839 2646 1904 πάντες
2662 1840 2836 1893 δοῦλοι
2866 1840 3128 1912 Χριστοῦ.

2102 1929 2296 1987 Εἶπον
2320 1930 2394 2001 τῇ
2436 1932 2609 2003 ψυχῇ
2653 1948 2807 2002 μουο
2845 1933 3117 2001 Σωτηρίιι
3159 1947 3275 1987 σου
3319 1932 3434 2003 ἐγώ
3469 1932 3606 2000 ειμι,

2033 2039 2090 2078 κ.
2116 2039 2168 2077 τ.
2199 2024 2246 2077 ὲ.
2277 2022 2418 2076 Δύτὸ
2451 2023 2607 2076 τοῦτο
2635 2023 2712 2094 (5)
2744 2022 2986 2093 σωτηρία
3030 2022 3149 2075 ἐστὶ
3177 2022 3388 2093 ψυχῆς,
3414 2021 3476 2073 τὸ
3527 2019 3607 2070 εί·-

2033 2116 2153 2167 πείν
2181 2115 2319 2186 αύτῇ
2348 2114 2437 2169 τὸν
2470 2114 2676 2188 Κύριον
2689 2132 2713 2163 .·
2748 2134 2767 2168 ι
2810 2115 3079 2186 Σωτηρίαν
3102 2132 3198 2169 σου
3250 2113 3363 2183 ἐγώ
3394 2114 3508 2184 εἰμι
3529 2128 3542 2142 ·
3580 2129 3602 2163 ι

2032 2206 2127 2261 καὶ
2158 2208 2244 2260 ἐπ’
2276 2206 2435 2262 ἄλλου
2466 2207 2607 2271 τινὸς
2638 2207 2737 2261 οὐκ
2768 2206 2833 2260 ἂν
2861 2206 3002 2261 οὓτω
3028 2206 3266 2279 νοηθείη.

2112 2297 2690 2368 Ἆποστραφήτωσαν
2711 2299 2799 2364 εἰς
2823 2297 2896 2351 τὰ
2925 2299 3136 2363 ὀπίσω,
3171 2315 3227 2351 κ.
3260 2312 3313 2351 τ.
3354 2297 3401 2351 ὲ.
3440 2298 3609 2370 Εὐερ-

2033 2388 2313 2459 γετοῦνται
2343 2389 2418 2463 (6)
2461 2391 2510 2443 οἱ
2561 2389 2669 2445 ἀπὸ
2719 2390 2817 2461 τῆς
2852 2390 3056 2463 ἀρετῆς
3116 2389 3209 2443 ἐπὶ
3262 2388 3362 2462 τὴν
3405 2388 3606 2443 κακίαν

2032 2482 2323 2547 ὁδεύοντες,
2358 2482 2454 2536 ἐὰν
2505 2481 2586 2545 είς
2636 2481 2705 2536 τὰ
2741 2482 2917 2535 ὀπίσω
2958 2481 3405 2553 ἀποστραφῶσιν.
3442 2499 3461 2532 ι
3494 2480 3608 2533 Kal.

2032 2572 2585 2643 καταισχυνθήτωσαν
2621 2573 2672 2625 οί
2727 2572 3067 2643 λογιζόμενοί
3116 2589 3208 2642 μοι
3260 2572 3425 2627 κακά.
3456 2591 3475 2623 ι
3539 2572 3608 2625 Ἡ

2030 2666 2261 2739 αἰσχύνη
2289 2666 2427 2737 αῦτη
2456 2664 2627 2728 πάθος
2659 2664 2809 2719 ἐστὶν
2841 2663 3156 2730 ἐπαινετὸν,
3190 2664 3282 2728 εἰς.
3312 2663 3605 2736 συναίσθη-

2033 2778 2117 2815 σιν
2142 2762 2277 2831 ἄγον
2305 2759 2396 2815 τὸν
2422 2760 2828 2833 ἁμαρτάνοντα.

2100 2852 2421 2923 Γενηθήτω
2456 2854 2493 2922 ἡ
2517 2854 2658 2921 ὁδὸς
2684 2852 2882 2908 αὐτῶν
2908 2854 3150 2921 σκότος.
3174 2870 3230 2909 κ.
3265 2872 3315 2907 τ.
3356 2852 3404 2907 έ.
3455 2853 3603 2908 Ὀδὺν

2030 2945 2251 3000 ἀσεϐῶν·
2265 2944 2341 3017 (7)
2370 2946 2461 3000 τὸν
2499 2945 2776 3018 μοχθηρὸν
2805 2946 2918 3017 βίον
2945 2946 3220 3017 ὀνομάζει,
3258 2947 3377 3000 καθ’
3409 2945 3469 2999 ὃν
3503 2946 3604 3019 τὴν

2029 3037 2253 3110 πορείαν
2296 3038 2637 3109 ἐποιήσαντο.
2693 3038 2980 3109 Γενηθήτω
3036 3038 3221 3099 αὐτοῖς
3280 3056 3297 3089 ι
3332 3039 3541 3102 σκότος,
3580 3056 3597 3084 ι

2027 3130 2227 3194 παντὸς
2260 3129 2592 3200 στερουμένη
2626 3128 2882 3197 φέγγους,
2914 3128 3009 3181 καὶ
3036 3126 3380 3197 ε-όλίσθημα,
3409 3147 3426 3178 ι
3452 3130 3601 3191 ὅπως

356 3214 658 3268 consistere
725 3216 943 3285 quidem
1000 3215 1258 3280 valeant,
1320 3219 1512 3289 angelo
1576 3220 1670 3275 Dei
1736 3236 1923 3289 perse-

2031 3220 2151 3292 μηδ’
2186 3218 2410 3272 ἑστάναι
2435 3217 2699 3279 δύναιντο,
2731 3215 2965 3285 ἀγγέλου
2986 3213 3121 3269 Θεοῦ
3155 3216 3601 3282 καταδιώκοντος.

359 3314 575 3373 quente.
617 3304 780 3361 Vides
808 3315 865 3360 ut
897 3307 1061 3362 etiam
1096 3307 1355 3378 angelica:
1381 3311 1610 3368 virtutes
1643 3328 1793 3367 arma
1818 3315 1929 3369 sint

360 3397 473 3451 Dei.

430 3488 591 3545 Vens.
626 3490 679 3546 8.
728 3490 910 3545 Veniat
964 3492 1043 3545 illi
1092 3492 1308 3556 laqueus
1339 3514 1489 3566 quem
1541 3499 1769 3570 ignorat,
1818 3511 1925 3561 etc.

359 3579 665 3637 Notandum
714 3591 799 3637 est
839 3584 1014 3653 ipsum
1066 3584 1552 3652 impraesentiarum
1616 3606 1715 3659 pro
1750 3594 1930 3649 verbis

356 3672 632 3739 optativis,
667 3688 823 3726 nsum
859 3688 981 3728 esse
1014 3673 1354 3742 intpcralivis
1382 3694 1396 3728 :
1432 3692 1555 3731 nam
1584 3679 1815 3747 quisque
1840 3696 1930 3734 se-

358 3764 593 3816 cundum
638 3764 1014 3831 Operationcm
1042 3766 1285 3833 punitur.
1319 3764 1409 3820 Vel
1442 3769 1625 3837 potius
1657 3785 1754 3836 pro
1781 3770 1928 3824 futu-

362 3852 434 3904 ris
465 3867 595 3904 usus
627 3860 730 3904 cst.

429 3942 499 3995 Et
530 3942 701 4007 captio
733 3958 888 4011 quam
922 3944 1215 4006 abscondit,
1248 3947 1608 4015 apprehendat
1636 3965 1775 4009 eum.
1802 3961 1849 4003 et
1876 3952 1931 4005 in

359 4032 603 4099 laqueum
633 4033 791 4085 cadat
825 4032 879 4085 in
922 4034 1112 4102 ipsum,
1145 4046 1254 4091 etc.
1286 4022 1534 4091 Arbitror
1562 4038 1719 4109 651
1755 4041 1927 4110 ipsum

359 4123 424 4174 de
454 4135 618 4175 crure
651 4121 818 4191 loqui,
853 4123 905 4176 in
930 4140 1092 4192 quam
1148 4127 1403 4195 ignorans
1442 4128 1628 4183 incidit
1658 4131 1925 4187 diabolus.

358 4212 493 4265 Nam
540 4212 583 4265 si
639 4216 1016 4283 cognovisset,
1074 4234 1348 4289 nunquam
1402 4219 1689 4279 Dominum
1745 4224 1930 4293 gloria:

358 4299 507 4352 cruci
539 4298 818 4356 allixisset.

429 4389 595 4447 Vens.
640 4393 728 4449 10.
786 4394 1035 4465 Eri;,iens
1088 4397 1290 4467 inopem
1331 4400 1396 4453 de
1444 4418 1601 4455 manu
1647 4402 1928 4471 fortiorum

357 4481 494 4551 ejus,
523 4492 631 4538 etc.
665 4482 804 4538 llinc
859 4488 1238 4555 cognoscimus
1295 4504 1393 4543 nos
1446 4493 1561 4545 sine
1590 4492 1681 4545 Dei
1728 4495 1929 4547 auxilio

2044 3314 2206 3385 Ὀρᾷς
2235 3313 2293 3366 δὲ
2320 3311 2396 3376 ὡς
2422 3311 2478 3364 αἱ
2527 3309 2818 3380 ἀγγελικαὶ
2869 3308 3125 3380 δυνάμεις
3164 3309 3305 3363 ὅπλα
3351 3310 3458 3363 εἰσὶ
3509 3310 3601 3363 τοῦ

2031 3403 2186 3457 Θεοῦ.

2114 3492 2359 3549 Ἐλθέτω
2384 3491 2549 3558 αὐτῷ
2576 3491 2776 3562 παγίς,
2800 3487 2884 3559 ἦν
2918 3491 2995 3546 οὐ
3031 3490 3331 3559 γινώσκει,
3385 3510 3440 3546 κ.
3464 3510 3516 3547 τ.
3554 3494 3603 3546 ἑ.

2031 3584 2372 3657 Σημειωτέον
2406 3585 2503 3653 (8),
2528 3585 2609 3636 ὅτι
2635 3585 2692 3636 ἐν
2712 3584 2826 3646 τοῖς
2851 3579 3234 3654 προκειμένοις
3266 3581 3606 3636 ἀντὶιεύκτι-

2031 3676 2145 3731 κῶν
2196 3676 2617 3747 προστακτικῶς
2667 3674 2938 3745 ἐχρήσατο
2996 3674 3233 3743 ῥήμασι·
3290 3673 3449 3726 κατὰ
3498 3673 3605 3747 γὰρ

2031 3769 2131 3839 τὴν
2160 3767 2356 3839 πρᾶξιν
2379 3766 2607 3829 ἕκαστος
2635 3764 3059 3837 τιμωρεῖται.Ἣ
3090 3762 3303 3835 μᾶλλον
3326 3763 3449 3817 ἀντὶ
3480 3764 3607 3835 μελη-

2030 3859 2229 3912 λόντων
2252 3859 2531 3929 κέχρηται.

2099 3948 2211 4005 Καὶ
2238 3951 2275 4018 ἡ
2314 3947 2465 4018 θήρα
2494 3946 2572 4015 ἦν
2598 3947 2827 4015 ἔκρυψε
2857 3945 3209 4001 συΜαΰέτω
3247 3945 3434 3999 αὑτὸν
3456 3986 3471 4009 ,
3508 3946 3607 4001 καί

2030 4041 2099 4095 ἐν
2131 4039 2204 4109 τῇ
2244 4038 2447 4110 παγίδι
2500 4037 2767 4092 πεσεῖται
2795 4038 2866 4092 ἐν
2892 4036 3047 4106 αὑτῇ
3069 4076 3086 4103 ,
3127 4056 3185 4093 κ.
3222 4056 3273 4094 τ.
3304 4041 3349 4092 ἐι
3382 4040 3607 4111 Νομίζω

2033 4131 2108 4202 (9)
2141 4130 2269 4201 περὶ
2296 4129 2389 4183 τοῦ
2426 4126 2664 4200 σταυροῦ
2688 4128 2869 4198 λέγειν
2900 4128 3082 4191 αὑτὸν,
3107 4131 3187 4192 εἰς
3224 4129 3284 4182 ὃν
3316 4130 3606 4199 ἐμπέπτως

2030 4239 2126 4275 κεν
2153 4225 2181 4275 ό
2206 4221 2451 4284 διάϐολος
2480 4221 2703 4289 ἀγνοῶν.
2735 4221 2799 4273 Ei
2833 4220 2941 4293 γὰρ
2977 4220 3149 4289 ἔγνω,
3191 4221 3290 4274 ούκ
3332 4220 3397 4274 ἂν
3445 4221 3606 4275 αὑτὸν

2030 4315 2235 4389 Κύριον
2267 4316 2367 4386 τῆς
2398 4314 2555 4384 δόξης
2589 4313 2922 4385 ὲσταύρωσε.

2113 4407 2434 4477 Ῥυόμενος
2461 4404 2703 4476 πτωχὸν
2733 4405 2802 4459 ἐκ
2834 4404 3035 4475 χειρὸς
3066 4404 3471 4473 στερεωτέρων
3500 4407 3608 4459 αὺ-

2030 4499 2158 4560 τοῦ.
2187 4515 2243 4552 κ.
2278 4515 2329 4551 τ.
2365 4497 2412 4551 ἑ.
2466 4495 2747 4549 Ἐντεῦθεν
2784 4496 2894 4566 (10)
2933 4493 3294 4565 γινώσκομεν,
3328 4496 3410 4547 ὅτι
3440 4497 3605 4566 χωρὶς

357 4574 622 4628 adversus
654 4574 906 4631 inimicos
951 4592 1195 4646 pugnare
1248 4594 1354 4632 non
1400 4580 1600 4636 Valere.
1649 4581 1928 4635 Fortiorcs

2032 4590 2237 4662 Κυρίου
2269 4589 2526 4660 πολεμεῖν
2556 4590 2668 4652 τοῖς
2695 4563 2909 4659 ἐχθροῖς
2934 4586 3035 4640 οὐκ
3058 4563 3335 4657 ίσχύομεν.
3368 4563 3605 4657 Στερεώο
3626 4602 3633 4619 κ

355 4665 499 4717 cnim
534 4664 689 4719 nobis
717 4677 864 4721 sunt.

430 4754 594 4810 VEBS.
651 4755 739 4809 12.
790 4755 1162 4810 Relribuebant
1214 4757 1342 4811 mihi
1393 4759 1537 4812 mala
1587 4778 1684 4830 pro
1737 4763 1926 4826 bonis,

356 4845 691 4899 sterilitatem
742 4847 937 4901 animw
988 4864 1137 4909 metr,
1195 4859 1302 4903 etc.
1362 4848 1573 4905 Sterilis
1607 4852 1786 4905 anima
1820 4864 1923 4917 est,

356 4953 477 5005 quae
537 4938 673 4992 nihil
721 4938 844 4993 boni
899 4943 1150 5009 peperit,
1203 4953 1257 4997 ct
1306 4942 1436 4997 nulli
1492 4944 1700 4998 homini
1756 4947 1926 5003 benc-

357 5030 508 5085 fecit.

430 5119 595 5175 Vsus.
618 5121 786 5176 15.Ει
817 5123 1234 5180 Immiliabamin
1252 5127 1464 5197 jejunio
1488 5130 1925 5199 animammeam,

353 5220 462 5267 etc.
485 5210 629 5267 Nihil
656 5227 811 5284 a‘que
844 5214 1097 5271 humiliat
1119 5216 1380 5287 animam,
1407 5236 1470 5276 ac
1496 5221 1788 5290 jejunium.
1815 5242 1834 5276 ι
1861 5225 1926 5279 Et

429 5332 471 5365 "
503 5329 665 5386 Joan.
692 5346 804 5400 xw,
829 5332 921 5387 55.

425 5453 504 5524 (4)
543 5457 613 5509 Εἰ
638 5457 671 5509 ό
692 5454 972 5524 νικήσας,
1000 5463 1115 5510 etc.
1168 5457 1393 5513 Schedaa
1423 5458 1635 5524 Grabii,
1680 5470 1737 5515 et
1775 5462 1932 5518 Cate-

355 5540 423 5579 na
453 5524 699 5578 Barbari.

374 5594 515 5716 l
533 5595 689 5716 Αἷϋεὸ
712 5597 906 5661 τοῦτο,
933 5605 1042 5654 etc.
1075 5596 1256 5653 Codex
1283 5598 1670 5666 Coislinianus,
1695 5612 1749 5655 et
1773 5602 1930 5656 scheo

424 5708 436 5716 .
527 5682 579 5716 Γέὶ
604 5681 681 5716 )ll.

354 5680 436 5717 (III!
474 5680 681 5718 ιιι-ιιυιι.

428 5735 505 5800 (6)
533 5735 1018 5802 Εὑεργετοῦνται,
1050 5746 1159 5794 etc.
1202 5737 1364 5792 Iidem
1406 5739 1563 5793 codd.
1595 5754 1726 5795 mss.

428 5804 506 5866 (7)
550 5802 723 5855 Ὀδύν
744 5805 999 5867 ἀσεϐῶν,
1032 5816 1139 5861 etc.
1185 5807 1385 5862 Catena
1421 5810 1687 5867 Cordcrii.

430 5874 504 5940 (8)
540 5874 929 5941 Σημειωτέον,
958 5884 1066 5931 etc.
1108 5879 1307 5932 Catena
1342 5879 1605 5935 Corderii.

2029 4698 2180 4753 τεροι
2219 4679 2327 4751 γὰρ
2358 4678 2517 4750 ἡμῶν
2545 4680 2703 4731 εἰσιν.

2113 4769 2613 4828 Ἄνταπεδίδοσάν
2643 4787 2745 4840 μοι
2782 4767 3017 4836 πονηρὰ
3061 4766 3195 4822 ἀντὶ
3230 4766 3469 4836 ἀγαθῶν
3508 4767 3604 4821 καὶ

2029 4864 2314 4920 ἀτεκνίαν
2346 4861 2418 4930 τῇ
2445 4858 2618 4930 ψυχῇ
2642 4877 2781 4929 μου,
2810 4874 2864 4910 κ.
2896 4874 2947 4909 τ.
2974 4856 3023 4911 ἑ.
3063 4856 3319 4921 Ἀτεκνός
3342 4857 3459 4910 ἐστι
3497 4857 3616 4926 (11)

2030 4954 2177 5026 ψυχὴ
2209 4954 2242 5024 ἡ
2274 4951 2439 5023 μηδὲν
2468 4950 2775 5021 γεννήσασα
2801 4945 3025 5015 ἀγαθὸν,
3054 4947 3087 5017 ἢ
3120 4947 3309 5018 μηδεν).
3339 4945 3611 5018 ἀνθρώπῳ

2035 5044 2308 5115 ποιήσασα
2340 5038 2566 5109 ἀγαθόν.

2104 5131 2214 5186 Καὶ
2248 5129 2605 5184 ἐταπείνουν
2640 5128 2712 5181 ἐν
2756 5127 3009 5196 νηστείᾳ
3054 5126 3168 5195 τὴν
3210 5125 3422 5195 ψυχήν
3465 5144 3610 5195 μου,

2035 5244 2091 5280 κ.
2123 5242 2175 5277 τ.
2216 5225 2263 5276 ὲ.
2292 5222 2457 5276 Οὐδὲν
2489 5220 2633 5275 οὕτω
2665 5220 2775 5292 (12)
2799 5222 3043 5273 ταπεινοὶ
3074 5218 3174 5290 τὴν
3205 5218 3384 5290 ψυχὴν
3408 5218 3481 5282 ὡς
3514 5234 3609 5288 νην

2107 5460 2187 5525 (9)
2220 5456 2445 5527 Νομίζω
2488 5457 2621 5525 περὶ
2658 5455 2786 5522 τοῦ,
2839 5467 2945 5513 etc.
3009 5454 3193 5509 Codex
3229 5453 3428 5510 Coislin
3488 5469 3608 5522 par-

2043 5532 2251 5600 timque
2287 5532 2491 5600 Catena
2532 5528 2779 5600 Barbari:

2104 5594 2215 5670 (ιῦ)
2240 5599 2575 5670 Ἐντεῦθεν,
2598 5609 2703 5651 etc.
2738 5597 2916 5670 Codex
2932 5594 3326 5670 Coislinianus.

2104 5603 2195 5670 (10
2240 5603 2575 5661 Ἐντεῦθεν,
2598 5609 2703 5651 etc.
2738 5603 2916 5651 Codex
2944 5603 3326 5649 Coislinianus.

2103 5603 2215 5744 (11)
2240 5670 2524 5744 ξἈτεκνός
2544 5668 2693 5733 ἐστι,
2717 5678 2824 5722 etc.
2859 5665 3081 5720 Seheda:
3103 5663 3313 5725 Grabii,
3340 5671 3393 5714 et
3415 5672 3607 5717 catena

2028 5740 2276 5795 Barbari.

2252 5809 2442 5893 ρὺδὲν
2466 5810 2637 5893 οὕτω,
2673 5816 2777 5860 etc.
2803 5803 3288 5893 "SchedmAGIah-ii
3338 5812 3393 5857 et
3442 5805 3607 5870 codex

2040 5876 2428 5945 Coislinianus,
2470 5882 2774 5949 partimque
2800 5878 3001 5931 Catena
3033 5876 3277 5929 Bttrharr
