4100 6426
342 364 478 417 ίῦιὸ

1332 362 1639 418 διῖιιῐδὶίΣΤΛ
1674 362 1738 417 ΙΝ
1777 363 2118 419 PSALMUS.
2158 396 2226 404 —-
2260 367 2457 424 PSAL.
2493 369 2708 427 XXXV.

3452 386 3585 441 1514

342 479 511 533 στεία.
552 498 571 532 ι
627 482 736 534 Καὶ
768 483 800 553 ἡ
838 484 1111 553 προσευχὴ
1167 500 1267 553 μου
1302 486 1381 547 εἰς
1410 480 1610 537 κόλπον
1644 502 1743 555 μου
1777 485 1900 539 ἀπο-

2022 488 2196 541 oratio
2220 505 2336 544 mea
2372 492 2423 545 in
2460 493 2579 547 sinu
2619 510 2737 549 meo
2776 510 3144 557 convertctur.
3200 523 3217 556 ι
3253 504 3443 559 Sinutu
3482 508 3585 562 hoc

341 574 733 644 στραφήσεται.
766 592 785 624 ι
818 573 1032 627 Κόλπον
1064 574 1158 627 νῦν
1196 575 1287 629 τὸν
1327 576 1450 629 νοῦν
1482 574 1758 646 ὀνομάζει.

421 664 782 731 Ἐπειρασάν
798 682 895 734 με,
923 665 1174 735 ἑξεμυκτ
1184 666 1403 736 ήρισάν
1412 684 1486 736 με
1499 668 1911 737 μυκτηρισμῷ,

338 770 391 808 κ.
427 771 477 807 τ.
512 756 559 806 ὲ.
604 754 775 808 Ἐλεϊν
812 756 873 808 ού
909 756 1229 826 δυνηθέντες
1261 758 1373 829 (15)
1409 758 1477 811 δι’
1514 751 1589 812 ὧν
1615 758 1911 830 ἐπειράθη-

339 860 458 908 σαν,
485 842 649 915 χλεύη
688 843 821 912 γοῦν
852 845 1267 917 παρεμυθοῦντο
1300 848 1437 919 πρὸς
1461 848 1584 919 ἐμὲ,
1632 849 1725 900 καὶ
1756 848 1913 920 δίκην

337 934 519 1005 θηρῶν
548 934 755 1005 ἀγρίων
778 935 906 999 τοὺς
932 936 1169 1002 ὀδόντας,
1205 941 1299 992 καὶ
1322 939 1421 1008 τὴν
1450 939 1673 1010 όργίλην
1701 940 1796 993 καὶ
1822 938 1913 992 θυ-

341 1024 581 1096 μωτικὴν
612 1025 791 1079 αὐτῶν
832 1026 1060 1097 δύναμιν
1104 1029 1189 1081 ἐπ’
1224 1028 1324 1099 ἐμὲ
1367 1026 1625 1099 έὸρυξαν·
1663 1046 1911 1099 καταφα-

336 1116 453 1183 γεῖν
488 1131 555 1186 με
582 1114 690 1188 γὰρ
715 1115 981 1183 θέλοντες,
1012 1118 1307 1187 ἀπέτυχον.

406 1294 501 1364 Μὴ
533 1295 965 1365 ἐπιχαρείησάν
998 1314 1103 1367 μοι
1138 1298 1193 1351 οι
1220 1296 1637 1365 ἐχθραίνοντές
1663 1313 1766 1365 μοι
1800 1312 1911 1365 μα-

335 1386 533 1452 ταίως,
559 1403 613 1439 κ.
645 1404 696 1440 τ.
735 1388 782 1440 ὲ.
819 1387 909 1458 Τῷ
940 1388 1135 1457 δικαίῳ
1174 1388 1285 1459 (14)
1318 1388 1406 1443 διὰ
1436 1388 1535 1460 τὴν
1567 1388 1910 1459 δικαιοσύνην

335 1476 729 1548 ἐχθραίνοντες,
761 1478 963 1541 ἀδίκως
988 1478 1349 1551 ὲχθραίνουσι.

408 1570 535 1622 Ὀτι
564 1568 693 1639 ἐμοὶ
729 1568 847 1638 μὲν
874 1572 1141 1639 εἰρηνικὰ
1182 1571 1466 1636 ἐλάλουν,
1505 1571 1602 1625 καὶ
1640 1572 1732 1625 ἐπ’
1762 1571 1909 1641 ὀργῇ

336 1661 558 1727 δόλους
585 1660 998 1731 διελογίζοντο,
1031 1682 1086 1718 κ.
1113 1682 1164 1719 τ.
1192 1667 1238 1718 ὲ.
1266 1684 1284 1717 ι
1313 1664 1542 1719 Ἐσεσθε
1578 1683 1596 1717 ι
1630 1664 1739 1736 γὰρ
1771 1663 1906 1736 (15),

335 1750 520 1821 φησὶν,
557 1770 575 1803 ι
618 1752 694 1816 ὼς
723 1752 856 1817 θεοὶ,
886 1754 1244 1824 γινώσκοντες
1277 1756 1439 1811 καλὸν
1469 1757 1561 1811 καὶ
1592 1758 1845 1830 πονηρόν’
1881 1778 1900 1810 ι

335 1843 608 1914 εἰρηνικὸς
637 1843 743 1917 γὰρ
774 1840 929 1911 οὗτος
955 1848 983 1900 6
1011 1846 1188 1917 λόγος.

400 2022 567 2092 Μηδὲ
592 2025 900 2081 εῖποισανο
930 2029 1300 2098 Κατεπίομεν
1323 2030 1530 2095 αὐτόν,
1558 2048 1613 2085 κ.
1638 2048 1689 2084 τ.
1720 2032 1766 2085 ἑ.
1794 2031 1906 2085 Καὶ

330 2114 360 2166 6
390 2112 600 2177 Παῦλός
633 2132 765 2188 φησι
798 2116 909 2187 (16)
944 2118 1073 2189 περὶ
1100 2117 1193 2171 τοῦ
1226 2120 1283 2171 ὲν
1318 2119 1567 2192 Κορίνθῳ
1605 2138 1906 2192 πεπορνευ-

332 2204 513 2269 κότος’
555 2225 573 2257 ι
624 2208 849 2279 Μήποτε
894 2212 961 2281 τῇ
994 2210 1357 2282 περισσοτέρᾳ
1385 2211 1532 2285 λύπῃ
1569 2212 1847 2284 καταποθῇ
1878 2215 1907 2266 6

329 2312 586 2360 τοιοντος.
630 2316 650 2350 ι

416 2386 927 2443 Ἐνδυσάσθωσαν
988 2392 1291 2460 αἰσχύνην
1346 2394 1446 2447 καὶ
1503 2394 1803 2464 ἐντροπὴν
1850 2399 1906 2450 οἱ

327 2480 999 2549 μεγαλορῤημονοῦντες
1023 2482 1117 2535 ἐπ’
1160 2483 1285 2553 ἐμὲ,
1326 2502 1380 2537 κ.
1414 2502 1467 2538 τ.
1508 2486 1554 2538 ὲ.
1588 2487 1650 2539 Ol
1694 2487 1793 2557 μὲν
1827 2490 1906 2551 είς

332 2569 421 2623 τὸν
447 2569 680 2639 Χριστὸν
725 2570 838 2640 (17)
876 2570 1262 2643 βαπτιζόμενοι
1307 2573 1400 2627 τὸν
1428 2574 1661 2646 Χριστὸν
1692 2574 1905 2629 ἐνδύον-

329 2677 441 2724 ται,
474 2659 719 2712 τουτέστι
752 2660 1100 2732 δικαιοσύνην
1138 2663 1234 2717 καὶ
1260 2663 1454 2733 σοφίαν
1474 2681 1488 2694 ο
1529 2667 1578 2718 οἰ
1614 2665 1670 2717 δὲ
1710 2666 1790 2728 είς
1816 2665 1905 2718 τὸν

331 2751 572 2805 Σατανᾶν
598 2749 981 2823 βαπτιζόμενοι
1009 2753 1270 2826 αἰσχύνην
1295 2754 1567 2809 ἐνδύονται
1598 2755 1691 2809 καὶ
1720 2756 1905 2825 ἐντρο-

330 2845 457 2917 πήν.

399 2936 510 2990 Kal
546 2936 890 2995 simitan
941 2935 1040 2989 διὰ
1085 2938 1347 3004 παντός’
1387 2935 1831 3007 Μεγαλυνθήτω
1870 2938 1905 2989 ό

330 3026 564 3093 Κύριος,
595 3030 649 3081 οι
680 3026 959 3094 θέλοντες
995 3026 1112 3096 τὴν
1137 3027 1385 3097 εἰρήνην
1409 3028 1515 3082 τοῦ
1547 3027 1771 3081 δούλου
1798 3027 1906 3079 αὑ-

328 3116 455 3182 τοῦ,
482 3135 537 3171 κ.
566 3134 617 3173 τ.
646 3120 693 3172 ὲ.
737 3120 1007 3189 Ἀγγέλων
1041 3120 1140 3190 μὲν
1167 3119 1275 3191 (18)
1306 3120 1367 3173 τὸ
1391 3120 1479 3174 διὰ
1506 3119 1703 3182 παντὸς
1733 3133 1903 3188 μεγα-

1940 1849 1985 1904 Β
2012 1855 2209 1910 bonum

2017 576 2134 630 loco
2163 590 2398 633 mentem
2441 593 2619 639 vocat.

2084 668 2251 723 Vsus.
2306 671 2394 726 16.
2440 673 2792 730 Tentaverunt
2840 695 2943 744 me,
2990 685 3450 738 subsannarerunt
3504 705 3584 741 me

2014 765 2445 829 subsannatione,
2484 776 2590 821 etc.
2643 767 2777 821 Cum
2816 786 2901 825 me
2964 788 3156 842 capere
3210 792 3314 831 non
3367 789 3585 845 possent

2015 867 2111 921 per
2154 868 2217 907 ea
2264 868 2384 923 qua:
2430 858 2910 926 machinabantur,
2954 866 3243 934 opprobria
3292 869 3580 923 adversum

2015 960 2100 999 me
2125 948 2529 1014 excogitarunt,
2560 957 2615 1004 et
2642 966 2793 1006 more
2826 951 3062 1008 ferarum
3088 956 3583 1024 silvestrimn,deu-

2016 1046 2097 1090 tes
2128 1046 2181 1091 et
2230 1038 2561 1095 irascihilem
2595 1055 2659 1096 ac
2710 1042 3055 1099 furibundain
3090 1048 3193 1101 vim
3224 1064 3375 1103 suam
3412 1050 3465 1104 in
3496 1066 3582 1105 me

2016 1125 2301 1181 fremendo
2335 1130 2603 1185 acuebant
2642 1149 2659 1197 ;
2747 1133 3019 1203 siquidem
3055 1136 3322 1193 devorare
3352 1155 3438 1194 me
3482 1155 3579 1195 vo-

2015 1215 2212 1279 lentes.
2245 1211 2488 1273 frustrati
2520 1230 2667 1275 sunt.
2750 1288 2757 1293 .

2084 1306 2246 1363 Vens.
2283 1311 2370 1366 19.
2404 1311 2529 1365 Νοη
2556 1315 2981 1385 supergaudeant
3008 1318 3139 1370 mihi
3173 1317 3264 1386 qui
3289 1319 3580 1375 adversan-

2010 1410 2096 1454 tur
2123 1401 2249 1455 milti
2292 1402 2489 1473 inique,
2542 1414 2649 1459 etc.
2700 1406 2801 1472 Qui
2848 1408 2995 1478 justo
3028 1417 3249 1478 propter
3297 1409 3565 1478 justitiam

2012 1492 2393 1557 adversantur,
2426 1494 2625 1563 injuste
2656 1496 3037 1553 adversantur.

2083 1582 2247 1636 Vens.
2283 1583 2373 1637 2U.
2410 1584 2674 1650 Quoniam
2718 1588 2848 1641 mihi
2877 1591 3089 1659 quidem
3129 1592 3349 1662 paciﬁre
3395 1593 3578 1664 loque-
3684 1604 3689 1611 ‘

2011 1677 2246 1741 bantur,
2306 1688 2353 1730 et
2412 1679 2467 1731 in
2522 1679 2802 1734 iracundia
2855 1682 3008 1736 dolos
3054 1686 3401 1754 cogitabant,
3467 1698 3575 1741 etc.

2016 1784 2035 1819 ι
2113 1766 2312 1822 Erilis;
2344 1769 2487 1823 enim
2521 1813 2535 1835 ,
2597 1770 2773 1840 inquit
2820 1770 2937 1835 ",t
2968 1773 3109 1828 sicut
3158 1774 3228 1827 dii
3262 1814 3278 1839 ,
3341 1776 3576 1828 scientes

2272 1866 2327 1912 et
2398 1858 2620 1912 malum.
2693 1878 2713 1912 ι
2771 1858 3044 1915 Paciﬁcas
3105 1864 3247 1916 enim
3304 1874 3421 1917 erat
3488 1866 3575 1919 hic

2005 1960 2205 2001 sermo.

2080 2038 2243 2093 Vens.
2290 2038 2382 2093 25.
2420 2039 2534 2094 Nec
2576 2041 2807 2095 dicant:
2854 2041 3228 2097 Devorarimus
3273 2061 3410 2109 eum,
3469 2054 3577 2103 etr.

2006 2128 2211 2184 Paulus
2260 2130 2424 2184 etiam
2476 2132 2544 2185 de
2596 2132 2804 2186 incesto
2862 2132 3144 2188 Corinthio
3183 2135 3261 2188 ait
3292 2136 3334 2167 "
3369 2154 3381 2189 :
3420 2152 3438 2186 ι
3498 2136 3576 2189 Ne

2008 2221 2145 2276 forte
2190 2221 2575 2275 abundantiori
2621 2222 2843 2277 tristitia
2893 2224 3256 2279 absorbeatur
3293 2226 3384 2295 qui
3433 2225 3576 2294 ejus-

2009 2311 2151 2365 modi
2184 2322 2285 2364 est.
2332 2328 2350 2361 s
3523 2314 3529 2320 '

2076 2398 2242 2455 Vnus.
2278 2398 2367 2453 26.
2405 2398 2713 2454 lnduamur
2748 2402 3061 2469 confusione
3085 2412 3134 2456 et
3171 2411 3458 2457 reuerentia
3484 2402 3572 2472 qui

2005 2506 2198 2559 magna
2244 2490 2533 2560 loquuntur
2578 2508 2735 2561 super
2781 2509 2882 2558 me,
2917 2502 3022 2548 etc.
3059 2493 3161 2559 Qui
3209 2495 3261 2547 in
3290 2494 3569 2548 Christum

2007 2578 2384 2648 haptizantur,
2419 2580 2699 2635 Christum
2746 2584 2996 2645 induunt,
3040 2584 3145 2637 hoc
3176 2593 3261 2637 est
3308 2583 3574 2652 justitiam

2004 2676 2060 2722 et
2092 2669 2449 2739 sapientiam;
2481 2669 2573 2738 qui
2606 2679 2785 2724 autem
2820 2670 2874 2724 iu
2910 2668 3173 2724 Satanam
3207 2672 3576 2740 baptizatum,

2004 2758 2327 2817 confusione
2362 2762 2657 2817 induuntur
2682 2770 2739 2817 et
2770 2762 3106 2817 reverentia.

2075 2943 2243 2997 Vnus.
2269 2941 2363 2996 27.
2418 2939 2486 2994 Ει
2518 2942 2694 2995 dicant
2737 2957 2962 3010 semper,
2997 2941 3367 3011 Magniﬁcetur
3400 2941 3573 2994 Domi-

2004 3048 2124 3099 nus,
2158 3033 2250 3102 qui
2275 3030 2451 3085 volunt
2482 3047 2663 3098 pacem
2706 3033 2843 3084 servi
2864 3032 2999 3100 ejus,
3036 3041 3143 3086 etc.
3176 3032 3371 3100 Λευεί·ιί
3427 3048 3573 3085 scut-

2002 3137 2122 3191 per,
2158 3120 2406 3176 homines
2460 3136 2568 3174 non
2601 3135 2845 3189 semper;
2880 3122 3157 3175 daemones
3187 3135 3287 3175 uec
3335 3135 3569 3191 semper,

326 3209 505 3263 λύνειν
533 3209 625 3263 τὸν
651 3185 857 3282 Κύριον
872 3228 886 3241 ο
928 3185 1231 3283 ἀνθρώπιον
1258 3185 1326 3264 ’δὲ
1355 3210 1416 3264 τὸ
1444 3211 1519 3282 μὴ
1542 3210 1631 3263 διὰ
1666 3185 1896 3271 παντός·

2006 3185 2115 3269 nec
2134 3212 2426 3282 aliquando
2461 3185 2818 3283 magniﬁcam.
2846 3211 3155 3267 Dominum.

325 3299 593 3371 δαιμόνων
619 3300 675 3355 δὲ
701 3301 762 3354 τὸ
797 3301 932 3374 μήτε
963 3302 1051 3356 διὰ
1076 3302 1295 3368 παντὸς,
1332 3302 1471 3374 μήτε
1501 3298 1717 3355 ποσΟὖν.

884 3475 1177 3530 ΨΑΔΜΟΣ
1209 3475 1333 3529 ΛΕ’.

400 3565 522 3618 Οὐκ
557 3564 690 3618 ἔστι
725 3566 912 3635 φόϐος
938 3564 1087 3619 Θεοῦ
1117 3563 1407 3619 ἀπέναντι
1432 3562 1552 3616 τῶν
1580 3564 1901 3633 ὀφθαλμῶν

324 3656 528 3720 αὑτοῦ,
558 3674 613 3710 κ.
644 3674 693 3710 τ.
740 3657 786 3709 έ.
811 3654 902 3727 Τῷ
933 3657 1043 3728 γὰρ
1074 3654 1226 3727 φόϐῳ
1256 3655 1368 3727 (19)
1408 3653 1614 3725 Κυρίου
1664 3653 1898 3710 ἐκκλίνει

325 3749 433 3811 πᾶς
468 3748 576 3802 ἀπὺ
608 3749 802 3804 κακοῦ.

398 3842 527 3893 Ὀτι
558 3840 863 3895 ἐδόλωσεν
891 3840 1149 3895 ἐνώπιον
1178 3839 1385 3904 αὐτοῦ,
1426 3839 1530 3893 τοῦ
1557 3838 1754 3907 εὑρεῖν
1785 3840 1894 3909 τὴν

322 3930 580 3999 ἀνομίαν
630 3929 816 3984 αὐτοῦ
862 3930 962 3984 καὶ
996 3928 1277 4000 μισῆσαι,
1320 3945 1374 3981 κ.
1430 3945 1481 3982 τ.
1532 3930 1578 3982 έ.
1620 3930 1694 3981 Τὸ
1742 3947 1761 3981 t
1808 3930 1899 3982 εύ-

325 4022 439 4091 ρείν
470 4020 581 4091 (20)
618 4039 636 4072 ι
666 4020 788 4075 ἀντὶ
819 4019 911 4073 τοῦ
954 4039 972 4072 ι
1012 4020 1306 4089 ἐπιγνῶναι
1338 4038 1357 4071 ι
1394 4021 1587 4073 κεῖται.
1619 4018 1766 4091 Πλὴν
1802 4019 1899 4089 ζη-

322 4108 519 4181 τητέον
547 4112 594 4165 εί
628 4113 656 4165 6
681 4110 935 4181 ἐγνωκὼς
960 4110 1059 4183 τὴν
1082 4110 1312 4182 ἀνομίαν
1331 4109 1407 4174 ὡς
1430 4110 1658 4181 ἀνομίαν
1684 4108 1898 4172 πάντως

323 4202 418 4255 καὶ
452 4203 617 4273 μισεῖ.
978 4246 987 4255 .

399 4294 477 4348 Τὰ
496 4292 736 4363 ῥήματα
767 4291 874 4346 τοῦ
898 4292 1195 4361 στόματος
1228 4290 1415 4344 αὑτοῦ
1441 4290 1657 4359 ἀνομία
1677 4288 1774 4342 καὶ
1797 4286 1899 4341 66-

319 4390 450 4453 λος,
480 4404 536 4439 κ.
566 4402 619 4440 τ.
660 4386 709 4439 ὲ.
753 4384 978 4456 Ἔτερός
1013 4400 1146 4454 φησι
1189 4381 1323 4454 (21)⁹
1359 4400 1379 4435 ι
1430 4382 1512 4437 Τὰ
1552 4382 1771 4453 ῥήματα
1799 4380 1896 4433 τοῦ

2390 3474 2554 3546 352
2606 3472 2929 3531 PSALMUS
2965 3474 3181 3531 xxxv.

2071 3567 2240 3623 Vnus.
2288 3568 2345 3621 2.
2396 3566 2519 3622 Non
2570 3578 2643 3622 est
2698 3569 2858 3622 timor
2902 3566 2998 3622 Dei
3044 3579 3168 3622 ante
3212 3568 3388 3622 oculos
3433 3569 3567 3641 ejus,

1999 3670 2108 3717 etc.
2179 3660 2400 3715 Timore
2462 3662 2611 3716 enim
2675 3660 2891 3715 Domini
2949 3661 3182 3730 quilibet
3238 3660 3480 3716 declinat
3538 3678 3569 3716 a
3640 3740 3643 3743 γ

1999 3752 2164 3807 malo.

2073 3838 2236 3895 Vens.
2263 3841 2317 3896 3.
2352 3839 2619 3907 Quoniam
2646 3839 2829 3894 dolose
2871 3841 2973 3908 egit
3016 3842 3069 3894 in
3118 3851 3393 3909 conspectu
3433 3842 3572 3910 ejus,

1997 3944 2053 3987 ut
2085 3934 2380 4001 inveniatur
2423 3933 2676 4003 iniquitas
2702 3933 2818 4001 ejus
2849 3932 2919 3985 ad
2952 3932 3150 3993 odium,
3197 3945 3304 3989 elc.
3339 3952 3356 3984 ι
3397 3933 3561 3987 Inve-

1997 4021 2115 4076 nire
2149 4039 2168 4072 ι
2201 4020 2420 4090 ponitur
2456 4036 2557 4090 pro
2598 4038 2617 4072 ι
2659 4020 2998 4089 dignoscere.
3051 4038 3070 4072 ι
3103 4020 3376 4074 Cancrum
3410 4036 3563 4088 qua:-

1999 4112 2227 4166 rendum
2260 4120 2341 4165 est
2373 4126 2441 4163 an
2470 4111 2562 4179 qui
2612 4110 2763 4163 novit
2800 4109 3169 4178 iniquitatem,
3226 4108 3373 4163 illam
3401 4111 3566 4165 etiam

1999 4212 2058 4257 ut
2084 4202 2429 4270 iniquitatent
2457 4201 2682 4255 omnino
2710 4201 2911 4254 oderit.

2072 4292 2234 4348 Vsus.
2275 4293 2331 4348 4.
2377 4291 2546 4347 Verba
2588 4292 2698 4345 oris
2724 4291 2839 4360 ejus
2866 4289 3117 4359 iniquitas
3144 4301 3190 4344 ct
3239 4291 3413 4356 dolus,
3456 4301 3565 4347 etc.

1999 4385 2154 4440 Alius
2186 4386 2317 4439 ait:
2364 4403 2382 4437 ι
2423 4384 2595 4439 Verba
2648 4384 2763 4437 oris
2820 4383 2937 4452 ejus
2987 4380 3249 4450 iniquitas
3292 4390 3349 4434 et
3399 4383 3569 4435 inuic-

321 4478 588 4548 στόματος
623 4475 788 4530 αὑτοῦ
820 4474 1016 4546 ἀνομία
1048 4475 1143 4529 καὶ
1168 4473 1353 4538 κόπος,
1397 4493 1416 4527 ι
1453 4474 1727 4528 τουτέστιν
1756 4475 1894 4528 ὲπα-

2006 4477 2124 4541 stia,
2168 4494 2187 4527 ι
2226 4474 2276 4530 id
2304 4484 2391 4529 est
2417 4473 2627 4545 gravia,
2658 4474 2727 4527 ita
2765 4483 2821 4527 ut
2857 4471 3161 4527 molestiam
3199 4473 3467 4526 facessant
3502 4472 3568 4527 iis

322 4569 449 4640 χθῆ,
492 4570 568 4634 ὡς
605 4570 771 4625 κόπον
824 4570 1070 4639 ἐμποιεῖν
1114 4568 1227 4630 τοῖς
1275 4566 1650 4639 προσέχουσιν.
1706 4585 1725 4617 ι
1776 4568 1892 4621 υύκ

322 4659 593 4731 ἡδουλήθη
634 4659 884 4714 συνιέναι.
936 4678 954 4712 ι
987 4658 1154 4729 Δῆλον
1179 4660 1243 4711 ὲκ
1269 4657 1376 4712 τῶν
1408 4657 1732 4730 εἰρημένων,
1766 4658 1840 4721 ὡς
1862 4660 1891 4710 6

321 4751 635 4821 παράνομος
661 4753 759 4804 οὐκ
791 4754 853 4805 ἐκ
886 4750 1230 4821 κατασκευῆς
1255 4751 1369 4803 ἐστι
1400 4748 1661 4813 τοιοῦτος’
1694 4748 1755 4801 τὸ
1782 4749 1891 4820 γὰρ

322 4840 397 4911 μὴ
434 4840 713 4909 βούλεσθαι
744 4843 957 4897 σύνεσιν
990 4844 1132 4915 ἔχειν
1164 4843 1255 4897 ἐπὶ
1277 4841 1354 4914 τῷ
1379 4842 1558 4911 ἀγαθὰ
1591 4845 1761 4894 ποιεῖν
1788 4843 1889 4895 αὐ-

321 4931 615 4996 τεξουσίου.
656 4934 776 4985 Ἔτι
818 4935 873 4987 δὲ
902 4936 1038 5005 πρὸς
1081 4935 1292 4999 τούτοις
1328 4954 1345 4984 ι
1390 4934 1619 5005 ἀνομίαν
1660 4933 1889 5001 διελογί-

321 5040 469 5088 σατο,
497 5043 515 5075 ι
545 5024 635 5076 καὶ
664 5024 732 5077 τὰ
757 5023 902 5094 ἑξῆς.
932 5025 1188 5079 Τοιοῦτόν
1223 5026 1340 5079 ἐστι
1369 5025 1429 5079 τό
1448 5043 1461 5055 ·
1498 5044 1515 5077 ι
1555 5024 1691 5078 Οὐαὶ
1720 5026 1769 5077 οἱ
1797 5027 1889 5095 ὲρ-

315 5116 605 5188 γαζόμενοι
636 5117 781 5170 κακὰ
819 5119 910 5170 ἐπὶ
948 5118 1045 5188 τῆς
1081 5117 1267 5188 κοίτης
1300 5118 1504 5182 αὐτῶν,
1544 5118 1637 5171 καὶ
1672 5119 1787 5188 ἅμα
1819 5122 1886 5189 τῇ

392 5212 433 5244 ³⁸
461 5212 596 5266 Gen.
633 5228 718 5278 tu,
748 5212 801 5266 5.
880 5213 922 5244 “
955 5212 1009 5266 2.
1036 5211 1161 5267 Cor.
1189 5227 1244 5279 ιι,
1278 5213 1332 5265 7.
1408 5215 1452 5244 ³ο
1482 5213 1638 5267 Mich.
1671 5228 1731 5277 ll,
1762 5215 1815 5271 1.

386 5331 497 5420 ςιξὶ
535 5333 726 5420 Ἐθεξν
745 5336 817 5420 οιὲ
847 5330 1231 5420 meam:
1252 5340 1357 5420 91°:
1393 5331 1594 5420 Eae"?
1618 5330 1887 5420 (πίννης

386 5401 500 5470 (14)
541 5403 624 5467 Τῷ
656 5404 883 5470 δικαίῳ,
917 5414 1023 5458 etc.
1052 5401 1238 5457 Codex
1260 5401 1646 5456 Coisiiltiuuus.
1836 5428 1837 5431 π

386 5424 477 5462 HO
542 5424 624 5467 ιφ
656 5424 883 5470 omam).
917 5424 1023 5458 CIC.
1052 5424 1238 5457 boues
1260 5424 1646 5456 υυιδιιιιιιηιιιδ.
1836 5428 1837 5431 ‘

386 5424 500 5546 (15)
530 5475 788 5529 Ἕσεσθε
808 5473 920 5546 γᾴρ
940 5512 961 5546 ,ξ
986 5483 1091 5546 etc.
1118 5470 1321 5526 Partim
1349 5487 1415 5525 ex
1444 5472 1630 5525 eodem
1675 5472 1885 5538 codice,

312 5543 514 5616 partim
541 5560 571 5597 e
597 5543 1045 5616 schedis‘Grahii.

384 5615 495 5683 (16)
526 5615 631 5666 Kal
650 5618 682 5667 ό
712 5612 950 5680 Παῦλος
972 5627 1142 5682 φησι,
1160 5622 1266 5668 etc.
1289 5612 1363 5666 Es
1387 5611 1575 5666 eodem
1597 5610 1807 5678 codice,
1827 5621 1881 5667 et

308 5685 522 5740 St'hetlis
548 5684 755 5738 Grabii.

381 5752 495 5819 (Π)
521 5757 585 5808 οι
608 5753 726 5822 μὲν
756 5756 842 5821 εις
868 5755 1142 5822 Χριστόν,
1183 5763 1270 5809 ctc
1316 5752 1388 5807 Ex
1420 5752 1606 5809 eodem
1634 5749 1838 5807 codice.

2000 4570 2088 4637 qui
2123 4569 2429 4623 attendunt.
2474 4584 2491 4618 ι
2524 4565 2708 4619 Noluit
2743 4566 3066 4635 intelligere.
3104 4584 3122 4616 ι
3158 4564 3234 4619 Ex
3265 4564 3427 4617 dictis
3454 4581 3567 4618 ma-

2000 4659 2256 4714 niit-stum
2288 4667 2397 4723 est,
2424 4659 2669 4727 iniquum
2697 4673 2804 4710 non
2822 4672 2888 4709 ex
2914 4656 3192 4711 creatione
3217 4655 3381 4709 talem
3408 4670 3527 4711 esse
3550 4676 3563 4711 :

1999 4752 2138 4805 nolle
2177 4751 2377 4820 quippe
2400 4749 2813 4817 intelligentiam
2844 4750 3043 4803 habere
3068 4742 3133 4802 ad
3167 4748 3377 4813 agenda
3404 4748 3565 4811 bona.

1998 4843 2151 4897 liberi
2183 4850 2265 4895 est.
2316 4840 2552 4895 arbitrii.
2594 4841 2861 4895 Praeterea
2905 4857 2924 4890 ι
2985 4840 3284 4893 meditatus
3320 4851 3405 4893 est
3460 4841 3567 4894 iui-

1996 4934 2281 5003 quitatem,
2310 4950 2328 4983 ι
2360 4940 2414 4984 et
2446 4947 2567 5000 qua:
2598 4942 2921 4999 sequuntur.
2955 4927 3265 4982 Istiusmodi
3299 4930 3564 4983 estetiam

1996 5026 2126 5080 illud
2153 5025 2239 5079 ὀε
2285 5043 2303 5076 ι
2348 5022 2439 5078 Vae
2480 5024 2568 5092 qui
2619 5032 2919 5091 operantur
2971 5019 3107 5074 mala
3142 5020 3194 5073 in
3230 5020 3399 5074 cubili
3438 5037 3562 5086 suo,

1993 5126 2047 5170 et
2094 5116 2254 5170 simul
2282 5130 2405 5169 eum
2438 5114 2525 5169 die
2554 5114 2898 5183 perfecerunt
2931 5125 3014 5166 ea.
3057 5132 3076 5161 ο
3118 5111 3219 5178 Qui
3271 5109 3434 5179 igitur
3466 5112 3565 5166 hoc

2032 5406 2041 5415 ν
2066 5334 2111 5405 (1
2107 5334 2178 5415 β)
2194 5330 2492 5415 ’ἀγγέλων
2514 5330 2651 5399 μέν,
2674 5339 2778 5385 etc.
2804 5329 2878 5383 Ex
2898 5330 3087 5385 eodem
3111 5328 3374 5393 codice,ct
3404 5327 3559 5380 sche—

1991 5404 2418 5545 ώῖιίθῗιῗὲογὴρ
2442 5471 2622 5540 φόϐῳ,
2680 5481 2785 5524 etc.
2837 5468 3017 5525 Codex
3070 5465 3456 5529 Coisliuianus,
3506 5478 3561 5519 et

1987 5544 2205 5600 schedat
2229 5544 2436 5598 Grahii.

2080 5614 2172 5684 20)
2205 5614 2274 5667 T6
2313 5612 2529 5681 εἰιρεῖν,
2556 5623 2663 5667 etc.
2692 5611 2855 5684 iidem
2881 5607 3203 5684 codd.__ms_s.
3244 5674 3273 5684 η

2080 5616 2172 5684 20)
2205 5616 2274 5667 T6
2313 5616 2529 5681 εἰιρεῖν,
2556 5623 2663 5667 etc.
2692 5616 2855 5665 iidem
2881 5616 3039 5661 codd.
3072 5620 3203 5659 mss.
3263 5674 3273 5684 _

2058 5616 2171 5755 (21)
2197 5684 2436 5753 Ἕτερός
2459 5700 2631 5754 φησι,
2660 5694 2767 5738 ctc.
2797 5682 3000 5736 Catena
3032 5675 3300 5733 Cordcrit.
