4100 6376
413 336 547 391 1319

1813 355 1903 408 EX
1940 354 2237 409 ()lthENE

3533 365 3555 416 1
3566 365 3669 420 3ἓο

489 475 759 549 Eiusdem.
811 475 1013 528 Fumus
1042 474 1181 542 ignis
1202 475 1455 529 exstincti
1490 474 1703 544 signum
1740 483 1843 529 est.
1878 474 1982 527 Sed

2165 472 2276 527 Τοῦ
2305 473 2511 527 αὑτοῦ.
2545 474 2764 538 Καπνὺς
2791 476 2846 528 δὲ
2878 476 3045 548 πυρὸς
3082 478 3192 546 ,59)
3219 479 3533 545 σϐεσθέντος
3569 500 3667 553 cr;-

412 580 466 620 et
497 569 572 633 lii,
605 584 726 621 cum
757 578 1011 634 tanquam
1038 566 1175 634 ignis
1198 566 1705 636 ﬂammigerassent,
1725 565 1983 620 exstincti

412 668 556 710 sunt.
586 658 742 711 lstins
774 657 912 708 lllUtli
948 666 1073 709 sunt
1098 666 1414 726 peccatores
1435 697 1450 721 ,
1487 656 1579 725 qui
1612 662 1746 720 cum
1791 649 1985 709 adver-

411 764 534 801 sum
586 762 684 799 nos
730 746 1036 810 eluxerunt,
1088 747 1403 811 intereunt;
1466 761 1571 799 non
1616 745 1755 813 quod
1796 759 1980 798 eorum

412 837 712 891 substantia
735 836 947 905 penitus
969 836 1314 895 dissolvatur.
1339 836 1433 891 sed
1457 836 1600 905 quod
1627 850 1732 889 non
1755 834 1985 902 amplius

411 925 517 980 sint
550 936 892 996 peccatores.

430 1076 612 1092 .‘o‘..-

2095 571 2267 640 μεῖον.
2296 570 2407 623 Καὶ
2443 563 2586 623 οὗτοι
2614 570 2691 634 δὲ,
2719 571 2794 635 ὡς
2822 571 2929 643 πῦρ
2954 573 3406 643 καταφλέξαντες,
3434 575 3667 628 ἀπεσϐέ-

2091 659 2317 731 σοησαν.
2346 661 2389 713 Τ
2391 661 2587 715 οιοῦτοι
2614 663 2663 715 oi
2695 662 2819 715 καθ’
2846 664 3003 733 ἡμῶν
3041 664 3460 735 διαλάμψαντες,
3499 664 3667 721 ἀπόλ-

2088 749 2274 803 λυνται
2314 752 2364 805 οἱ
2397 752 2727 824 ἁμαρτωλοὶ,
2766 755 2826 806 οὐ
2853 753 2929 824 τῷ
2959 753 3019 819 ἐξ
3059 756 3182 809 ὅλου
3213 756 3522 810 διαλύεσθαι
3567 756 3666 827 τὴν

2091 840 2347 897 σύστασιν
2380 844 2581 911 αὐτῶν,
2608 844 2742 898 ἀλλὰ
2778 842 2856 915 τῷ
2888 844 3089 916 μηκέτι
3115 842 3252 900 εἶναι
3290 845 3660 917 ἁμαρτωλούς.

1400 1202 1820 1264 PROLOGUS
1865 1202 2138 1264 RUFINI
2182 1203 2675 1265 PRESBYTER]

607 1333 676 1393 ln
726 1333 1242 1411 explanationem
1289 1349 1487 1410 super
1530 1330 1813 1410 psalmos
1861 1329 2263 1407 trigesimum
2310 1338 2603 1404 sextum,
2643 1332 3044 1412 trigesimum
3081 1336 3458 1415 septimum,

1592 1440 1653 1493 et
1702 1429 2104 1507 trigesimum
2137 1440 2456 1494 octavum.

479 1698 743 1765 Quoniam
786 1700 1037 1767 trigesimi
1070 1700 1224 1761 sexti,
1264 1709 1310 1750 et
1339 1696 1591 1766 trigesimi
1624 1697 1853 1759 septimi,
1884 1706 1929 1749 et
1959 1693 2215 1763 trigesimi
2246 1692 2416 1767 octavi
2437 1691 2643 1767 psalmi
2678 1696 2934 1767 expasitio
2967 1705 3076 1749 tota
3112 1698 3331 1751 moralis
3372 1712 3468 1763 est,
3506 1705 3657 1756 insti-

404 1763 521 1824 tuta
574 1770 814 1835 qutvdam
857 1763 981 1821 'vitw
1029 1763 1423 1821 emendatioris'
1450 1767 1763 1838 ostendens,
1796 1776 1867 1838 _et
1927 1782 2066 1818 nunc
2117 1763 2474 1838 conversionis
2522 1764 2978 1838 ac_paenitentite,
3036 1783 3173 1819 nunc
3220 1773 3551 1838 purgationis
3608 1786 3657 1827 et

403 1831 732 1907 profectuum
764 1838 1008 1889 semitam
1045 1839 1211 1900 docet,
1256 1838 1453 1889 idcirco
1481 1836 1576 1889 tibi
1603 1852 1744 1900 eum,
1772 1835 2093 1907 Aproniaue,
2123 1833 2201 1899 [ili
2230 1831 2567 1907 citatissime,
2605 1832 2658 1885 in
2692 1849 2871 1907 novem
2905 1831 3284 1898 oratiunculas,
3316 1831 3447 1905 quas
3485 1841 3659 1896 Cruci

403 1901 646 1960 liomifias
690 1916 896 1969 vocant,
938 1907 1074 1959 velut
1114 1909 1165 1958 in
1215 1923 1321 1959 uno
1361 1921 1573 1970 corpore
1616 1901 1879 1972 digestum
1934 1907 1987 1956 in
2019 1902 2268 1955 Latinum
2316 1901 2588 1966 transtuli,
2629 1912 2683 1953 ut
2725 1903 2867 1955 intra
2913 1921 3072 1957 unum
3110 1901 3341 1961 codicem
3382 1910 3657 1964 collectum

403 1976 981 2049 haberesdictionem,
1039 1992 1153 2045 qua:
1204 1979 1275 2049 ad
1312 1974 1726 2049 emendationem
1782 1976 1859 2049 vel
1909 1973 2282 2049 profectionem
2330 1987 2534 2049 morum
2580 1982 2689 2023 tota
2730 1974 3027 2049 respiceret.
3086 1974 3200 2027 Hoc
3249 1995 3377 2031 sane
3422 1983 3657 2049 beneﬁcii

402 2045 671 2113 priestabit
707 2048 816 2098 Int'c
846 2045 1018 2104 lectio.
1046 2040 1184 2113 quod
1224 2046 1417 2111 absque
1454 2044 1632 2096 labore
1666 2044 1877 2097 lectoris
1910 2040 2264 2109 intelligentia
2303 2040 2416 2108 ejus
2448 2041 2504 2093 in
2535 2043 2815 2108 propatulo
2855 2044 3132 2108 habeatur,
3163 2062 3266 2113 quo
3304 2050 3503 2101 scilicet
3541 2040 3586 2102 vi
3613 2066 3656 2102 at

402 2115 711 2179 simplicitas
758 2130 916 2167 sensu
964 2116 1140 2168 lucido
1194 2132 1255 2167 ac
1301 2114 1524 2179 simplici
1560 2130 1796 2166 sermone
1838 2116 2111 2173 doceatur,
2154 2127 2218 2163 ex
2260 2126 2362 2177 quo
2405 2112 2676 2177 prophetia
2727 2114 2997 2178 pervenire
3040 2131 3144 2166 non
3178 2112 3349 2169 solum
3388 2122 3456 2169 ad
3497 2120 3653 2177 viros.

403 2199 581 2253 verum
614 2186 770 2236 etiam
817 2185 887 2237 ad
924 2186 1194 2253 religiosas
1241 2183 1460 2251 [emittas
1498 2186 1687 2251 possit,
1721 2193 1770 2236 et
1810 2182 2048 2235 excolere
2086 2180 2347 2253 simplices
2383 2191 2576 2253 mentes
2601 2194 2709 2253 :ne
2742 2182 2876 2245 forte
2916 2185 3157 2252 religiosa
3191 2184 3304 2251 [ilia
3343 2204 3476 2249 mea,
3507 2205 3657 2240 soror

402 2254 456 2305 in
502 2252 713 2324 Christo
750 2264 865 2318 tua,
900 2250 1113 2324 ingrata
1154 2250 1248 2307 sit?
1274 2255 1417 2324 operi
1476 2250 1678 2314 nostro,
1720 2253 1765 2304 si
1800 2252 1859 2324 id
1904 2267 2111 2324 semper
2152 2250 2805 2324 laboriosum_intellectui
2850 2268 2946 2305 suo
2995 2250 3091 2321 pro
3146 2250 3427 2317 asperitate
3456 2259 3649 2309 sentiat

401 2323 787 2389 qumtionum;
824 2320 1073 2391 quia'nec
1103 2341 1289 2392 corpus
1325 2322 1613 2374 humanum
1637 2336 1703 2374 ex
1728 2322 1856 2374 solis
1888 2322 2137 2385 potuisset
2158 2320 2685 2392 Attervis‘ossibusque
2719 2320 3111 2391 constare,nisi
3146 2324 3219 2377 eis
3247 2324 3425 2379 divina
3469 2325 3657 2380 Probi.

401 2394 595 2457 dentia,
630 2392 705 2447 vel
729 2389 999 2447 mollitiem
1030 2389 1207 2447 carnis
1237 2392 1571 2458 internis-set,
1613 2391 1692 2445 vel
1722 2392 2082 2445 blandimenta
2113 2389 2468 2459 pinguedinis.

1181 2674 1346 2746 655
1437 2667 2016 2761 ORIGENIS
2101 2669 2875 2763 EXPLANATIO

779 2851 984 2929 Super
1017 2847 1327 2928 psalmum
1369 2848 1755 2926 trigesimum
1800 2855 2070 2921 sextum,
2116 2848 2227 2927 qui
2267 2847 2510 2910 dicitur
2536 2869 2557 2909 :
2603 2870 2633 2905 α
2679 2848 2832 2913 Noli
2870 2849 3153 2914 wmulari
3197 2855 3261 2914 in

1735 2946 2253 3028 malignantibus.
2295 2972 2326 3007 ι

904 3272 1187 3330 llOMlLIA
1225 3273 1431 3328 PRIMA
1444 3313 1458 3328 .

476 3370 529 3425 Ι.
573 3366 891 3436 Multifarie,
932 3367 1218 3435 multisque
1264 3367 1431 3419 modis
1470 3366 1608 3421 Deus
1646 3367 1853 3422 loculus
1898 3377 1976 3422 est

396 3460 639 3531 patribus
678 3460 731 3513 in
774 3458 1039 3527 prophetis
1073 3458 1142 3511 ³⁷.
1175 3457 1477 3524 Aliquando
1523 3458 1738 3525 quidem
1785 3458 1973 3512 inetia-

397 3551 526 3606 bilia
556 3559 902 3604 sacramenta
933 3563 1030 3601 nos
1061 3548 1256 3600 edocet
1309 3547 1360 3599 in
1403 3548 1488 3602 his
1525 3562 1645 3616 qua:
1692 3548 1931 3616 loquitur
1960 3565 1974 3599 :

396 3640 694 3709 aliquando
722 3647 902 3692 autem
931 3639 999 3691 de
1024 3637 1311 3692 Salvatore
1358 3645 1414 3690 et
1460 3638 1527 3689 de
1570 3635 1687 3704 ejus
1729 3640 1971 3691 adventu

402 3746 503 3785 nos
535 3728 747 3783 instruit
773 3727 1072 3780 :inlerdum
1103 3740 1235 3779 vero
1283 3740 1463 3780 mores
1494 3738 1710 3781 nostros
1746 3725 1980 3794 corrigit

397 3832 453 3875 et
484 3822 755 3874 emendat.
784 3816 1010 3886 Propter
1034 3819 1177 3886 quod
1208 3832 1304 3871 nos
1336 3818 1667 3872 tentabimus
1716 3833 1815 3887 per
1861 3818 1977 3871 loca

399 3909 611 3979 singula
644 3909 941 3978 Scriptura:
979 3909 1174 3962 divinae
1228 3907 1601 3976 hujuscemodi
1641 3908 1978 3963 dill‘erentias

396 4002 697 4069 assignare,
732 4012 788 4053 et
823 4000 1132 4054 discernere
1187 4000 1275 4054 ubi
1320 4000 1618 4069 prolilietia:
1660 4001 1770 4054 sint
1812 4010 1867 4053 et
1911 4001 1978 4055 de

397 4091 592 4145 futuris
624 4092 857 4156 dicatur,
892 4090 981 4145 ubi
1019 4100 1201 4144 autem
1231 4091 1463 4159 mystica
1515 4092 1693 4159 aliqua
1728 4090 1977 4144 indican-

401 4193 509 4248 tur,
545 4182 632 4236 ubi
673 4198 802 4236 vero
840 4182 1065 4235 moralis
1105 4192 1187 4234 est
1217 4181 1393 4235 locus.
1445 4181 1771 4251 Incipientcs
1814 4182 1975 4251 igitur

400 4274 839 4345 cxiilanationem
900 4274 1167 4343 trigesimi
1219 4275 1357 4327 sexti
1408 4274 1624 4344 psalmi,
1672 4274 1975 4328 invenimus

394 4366 541 4434 quod
575 4375 721 4419 totus
760 4365 1005 4435 psalmus
1040 4365 1143 4419 iste
1177 4365 1399 4419 moralis
1436 4374 1538 4431 est,
1573 4375 1629 4419 et
1659 4365 1805 4419 velut
1841 4381 1970 4419 cura

396 4457 644 4526 qiuedam
675 4472 739 4511 ac
773 4457 1042 4511 medicina
1078 4457 1327 4510 humanae
1371 4456 1567 4510 anima:
1617 4457 1796 4519 datus,
1847 4471 1971 4509 cum

396 4555 613 4615 peccata
649 4558 837 4600 nostra
870 4548 1071 4615 arguit,
1105 4557 1158 4601 et
1186 4550 1379 4602 edocet
1428 4562 1528 4601 nos
1573 4550 1867 4601 secundum
1897 4546 1974 4601 lc-

2004 3286 2049 3341 B
2084 3291 2209 3331 eum
2244 3289 2373 3330 vero
2405 3275 2502 3345 qui
2541 3278 2833 3330 aemulatur
2881 3274 3140 3331 facientes
3179 3276 3541 3346 iniquitatem,
3566 3293 3655 3332 se-

2080 3366 2288 3435 quitur,
2330 3376 2390 3419 ut
2439 3366 2585 3421 sicut
2624 3366 2771 3423 olera
2814 3366 3109 3421 herbarum
3159 3367 3269 3422 cito
3310 3368 3543 3423 decidat.
3589 3368 3656 3421 Et

2084 3456 2387 3510 secundum
2442 3456 2743 3525 simplicem
2796 3456 3015 3523 quidem
3063 3455 3254 3510 littera:
3298 3457 3654 3521 intellectum,

2090 3562 2198 3600 non
2218 3545 2465 3599 aemulari
2493 3547 2637 3599 inter
2666 3545 3029 3615 malignantes
3050 3546 3155 3600 hoc
3176 3545 3395 3603 videtur
3412 3543 3654 3600 indicare

2082 3650 2149 3689 ne
2178 3636 2323 3688 inter
2350 3633 2525 3689 malos
2560 3643 2615 3687 et
2645 3635 2912 3704 pessimos
2944 3634 3193 3690 homines
3221 3636 3503 3691 cernulator
3532 3637 3655 3706 quis

2082 3724 2325 3790 malitiae,
2358 3724 2409 3777 id
2446 3733 2529 3779 est
2557 3725 2665 3779 dux
2700 3735 2757 3780 et
2794 3735 2987 3780 auctor
3015 3728 3266 3793 exsistat,
3290 3737 3345 3783 et
3372 3729 3515 3782 velut
3546 3730 3646 3782 l'or-

2078 3832 2219 3870 mam
2246 3814 2433 3885 ﬂagitii
2474 3817 2690 3871 caeteris
2732 3820 3006 3888 prtebens.
3049 3818 3320 3874 Emulari
3372 3836 3502 3876 vero
3558 3836 3653 3875 eos

2080 3907 2171 3975 qui
2198 3907 2407 3961 iaciunt
2435 3907 2801 3976 iniquitatem,
2852 3910 2985 3963 illud
3028 3920 3133 3977 est,
3164 3912 3208 3966 si
3245 3912 3485 3965 imitetur
3508 3915 3651 3981 quis,

2079 4010 2133 4051 et
2160 3997 2340 4051 discat
2363 4012 2526 4067 agere
2562 3998 2765 4066 inique.
2801 4002 2867 4053 Et
2893 4002 2997 4055 hoc
3032 4012 3119 4057 est
3158 4004 3209 4056 in
3249 4012 3481 4072 utroque
3510 4006 3653 4071 quod

2076 4089 2312 4152 dicitur,
2349 4099 2408 4143 ut
2438 4104 2615 4158 neque
2640 4096 2946 4161 exeniplam
2994 4094 3217 4149 malitia:
3256 4096 3468 4151 caeteris
3511 4110 3650 4163 pra:-

2078 4180 2229 4243 lieas,
2268 4196 2445 4250 neque
2476 4182 2591 4252 ipse
2621 4183 2854 4238 aliarum
2883 4185 3147 4240 malorum
3181 4189 3427 4257 sequaris
3467 4204 3654 4243 exeni-

2086 4271 2193 4341 pla.
2229 4273 2429 4327 Verum
2450 4284 2508 4327 ut
2534 4274 2751 4344 plenius
2772 4277 2900 4346 quid
2923 4279 3086 4333 etiam
3116 4280 3446 4335 intrinsecus
3473 4297 3652 4335 sermo

2078 4365 2182 4419 iste
2214 4366 2514 4431 contineat,
2547 4384 2928 4436 agnoscamus,
2976 4373 3309 4427 conveniens
3340 4385 3467 4443 puto
3498 4375 3651 4428 adlui-

2079 4456 2210 4511 bere
2255 4460 2322 4512 de
2367 4458 2668 4529 Scripturis
2701 4462 2903 4517 divinis
2934 4465 3107 4519 sicubi
3145 4466 3287 4519 hunc
3336 4481 3647 4521 sermonem

2078 4554 2383 4614 invenimus
2420 4563 2707 4632 scriptum,
2735 4571 2791 4616 et
2824 4563 3164 4631 Spiritalibus
3192 4565 3465 4634 spiritalia
3492 4583 3649 4623 com-

394 4653 513 4706 gem
544 4638 747 4690 vivere.
785 4638 893 4691 Sed
926 4638 1206 4692 videamus
1227 4638 1339 4706 jam
1375 4638 1535 4707 quale
1575 4638 1729 4691 nobis
1765 4637 1969 4705 princi-
1998 4628 2042 4685 (ἶ
2080 4662 2293 4716 parare,
2342 4661 2400 4704 ut
2432 4628 2560 4721 quid
2600 4668 2697 4722 per
2728 4628 3177 4722 hmc'indiceiur,
3207 4628 3512 4714 ένίάθηιίυε
3556 4676 3649 4729 ρει-

399 4727 543 4793 pium
574 4728 666 4780 dat
696 4727 904 4796 primus
940 4729 1261 4784 versiculus.
1299 4729 1448 4792 Noli,
1487 4730 1662 4798 inquit
1700 4730 1768 4792 ’⁸,
1809 4746 1973 4782 wntu-

396 4818 499 4871 lari
540 4819 678 4872 inter
719 4819 1091 4890 malignantes,
1139 4838 1302 4891 neque
1343 4823 1623 4877 wniulatus
1672 4822 1835 4888 fueris
1885 4822 1971 4889 [a-

393 4911 587 4964 cientes
645 4910 977 4981 iniquitatem
1028 4928 1048 4967 :
1110 4917 1357 4985 quoniam
1426 4915 1565 4968 sicut
1621 4914 1801 4983 fenum
1867 4916 1971 4966 cito

395 5012 654 5069 arescent,
701 5011 750 5057 et
800 5005 934 5057 sicut
996 5007 1139 5060 olera
1201 5008 1483 5060 herbarum
1544 5006 1647 5058 cito
1707 5005 1969 5059 decident.

397 5091 512 5145 Duo
564 5102 691 5148 sunt
747 5094 967 5161 quidem
1023 5111 1144 5165 qua:
1195 5113 1293 5152 nos
1339 5098 1494 5151 docet
1540 5096 1592 5150 in
1649 5097 1731 5150 liis
1792 5096 1968 5150 verbis

397 5184 580 5239 facere
616 5202 721 5240 non
756 5187 977 5245 debere.
1034 5187 1218 5242 Primo
1270 5188 1489 5258 quidem
1537 5204 1608 5242 ne
1653 5188 1968 5242 :emulemur

400 5275 545 5330 inter
579 5278 962 5348 malignantes,
1009 5280 1249 5334 secundo
1287 5295 1353 5333 ne
1376 5279 1692 5333 aemulemur
1731 5294 1826 5333 cos
1873 5278 1965 5348 qni

397 5366 607 5421 faciunt
660 5369 1033 5437 iniquitatem,
1091 5370 1350 5437 quoniam
1401 5371 1649 5440 sequitur
1695 5387 1818 5424 cum
1874 5369 1967 5439 qui

395 5459 534 5514 inter
555 5461 918 5530 malignantes
939 5462 1248 5529 aemulatur,
1269 5471 1326 5516 ut
1348 5476 1563 5517 arescat
1584 5462 1725 5516 sicut
1763 5463 1965 5526 fanum,

393 5558 449 5600 ct
490 5549 593 5603 lioc
636 5566 758 5605 cum
798 5569 904 5606 non
954 5556 1131 5618 tarde,
1182 5555 1276 5609 sed
1320 5555 1430 5609 cito
1468 5569 1589 5610 esse
1642 5569 1966 5623 paSsmttltt;

466 5642 575 5709 (39)
600 5644 838 5710 Καπνὸς
869 5645 937 5699 δὲ
961 5648 1168 5715 πυρός,
1198 5658 1304 5703 etc.
1330 5648 1534 5703 Catena
1566 5648 1833 5702 Corderii.

467 5755 508 5783 "’
537 5753 697 5808 Hebr.
729 5772 769 5822 t,
795 5758 845 5809 1.
923 5760 969 5788 ³⁸
992 5758 1135 5814 Psal.
1170 5775 1356 5827 xxxvi,
1390 5760 1438 5813 l.

1531 5760 1576 5790 ¹⁹
1600 5759 1755 5813 Deut.
1783 5773 1952 5826 usu,
1978 5759 2069 5814 2|.

2079 4746 2207 4791 teat.
2268 4740 2545 4811 Scriptum
2589 4754 2672 4797 est
2719 4744 2773 4798 in
2824 4744 3241 4804 Deuteronomio
3280 4750 3326 4782 ¹⁹
3366 4768 3380 4804 ;
3429 4750 3543 4820 Ipsi
3597 4752 3649 4804 in

2076 4828 2246 4883 zelum
2295 4848 2376 4887 me
2408 4835 2804 4890 concitaverunt
2844 4838 2900 4890 in
2944 4854 3048 4891 non
3095 4838 3224 4902 Deo,
3278 4847 3346 4894 ad
3396 4842 3529 4894 iram
3570 4858 3648 4895 me

2074 4924 2464 4979 concitaverunt
2494 4927 2549 4979 in
2592 4928 2747 4982 idolis
2778 4931 2909 4995 suis,
2944 4940 2993 4984 et
3022 4948 3115 4997 ego
3164 4934 3217 4986 in
3266 4934 3434 4987 zelum
3474 4936 3649 4987 addu-

2079 5025 2195 5061 cam
2231 5028 2318 5065 eos
2350 5013 2402 5066 in
2442 5031 2544 5068 non
2574 5030 2795 5085 gentem.
2829 5020 2927 5074 llic
2966 5021 3055 5075 ubi
3102 5021 3294 5077 Latine
3327 5025 3556 5089 dicitur,
3594 5025 3648 5077 in

2077 5100 2251 5155 selum
2285 5105 2623 5161 adduxerunt
2665 5126 2767 5175 me,
2812 5119 2862 5163 et
2913 5127 3006 5181 ego
3054 5112 3109 5164 in
3162 5114 3329 5167 zelum
3362 5116 3648 5177 adducam,

2078 5198 2130 5251 in
2160 5198 2352 5255 Graue
2399 5205 2540 5257 idem
2596 5208 2709 5275 ipse
2754 5223 2935 5263 sermo
2986 5220 3087 5273 est,
3136 5211 3224 5279 qui
3261 5221 3316 5265 et
3361 5212 3413 5264 in
3456 5213 3646 5279 psalmi

2077 5290 2231 5343 initio
2265 5306 2349 5345 est
2380 5295 2580 5362 dictus,
2627 5299 2678 5351 id
2727 5311 2830 5366 est,
2874 5302 3112 5357 mnutlati
3149 5312 3275 5357 stitit
3326 5319 3430 5365 me,
3467 5317 3517 5357 et
3546 5320 3646 5373 ego

2076 5384 2377 5441 annulabor
2422 5405 2538 5444 cos.
2592 5394 2849 5457 Quamvis
2896 5410 3076 5450 sermo
3128 5395 3242 5464 ipse
3296 5394 3537 5456 Grzeetts,
3599 5398 3646 5448 id

2076 5481 2189 5539 est,
2221 5493 2365 5551 παρε
2379 5477 2650 5550 ζήλωσαν,
2680 5485 3077 5548 signiﬁcmuius
3104 5486 3157 5539 in
3192 5485 3387 5539 Latino
3417 5486 3645 5556 υλριείιιιί

2080 5566 2348 5639 Videatur,
2387 5573 2431 5628 si
2468 5576 2716 5633 dicamus
2742 5579 3085 5633 irritaverant
3135 5595 3238 5645 me,
3281 5580 3422 5633 idem
3466 5587 3644 5631 tamen
