4100 6408
411 348 540 402 ιόἓι

1119 344 1426 400 SELECTA
1466 343 1529 396 IN
1567 340 1906 399 l’SALMOS.
1940 373 2006 379 ———
2044 338 2277 395 llOMlL.
2323 340 2339 390 Ι
2379 339 2440 393 ΙΝ
2485 340 2676 394 ΡΒΑΙΑ.
2727 339 2961 396 XXXVI.

3539 349 3560 401 1
3572 345 3679 402 522

409 473 525 539 ipse
551 480 633 525 est
659 485 859 526 sermo.
891 470 997 523 Sed
1028 480 1083 521 et
1122 469 1175 522 in
1200 467 1462 537 Apostolo
1491 469 1753 538 scriptum
1786 476 1870 521 est
1899 465 1943 499 ³ο
1971 485 1983 520 :
2018 471 2063 528 Λ
2095 467 2188 520 sed
2218 466 2338 518 ideo
2380 478 2498 532 quae
2532 463 2691 516 stulta
2734 473 2860 516 sunt
2896 462 3059 533 elegit
3097 465 3238 518 Deus
3272 465 3436 535 hujus
3464 472 3672 529 mundi,

409 563 489 614 An
529 561 844 614 cenzulamur
897 559 1178 612 Dominum
1216 561 1240 611 ?
1283 559 1537 628 Nunquid
1598 559 1842 625 fortiores
1895 558 1988 609 illo

409 667 589 703 annus
632 651 656 704 ?
710 649 774 702 Et
800 650 887 702 ubi
935 649 1189 714 habetur,
1224 652 1542 701 (cunctamur
1573 648 1894 711 Dominum,
1934 647 1986 700 in

409 740 734 808 quihusdam
797 738 1248 806 exemplaribus,
1314 739 1590 791 irritamtts
1658 738 1983 806 Dominum,

406 831 671 900 scriptum
704 840 804 884 est.
841 828 915 885 Ex
948 830 1145 898 quibus
1173 833 1428 885 omnibus
1464 831 1795 885 testimoniis
1843 832 1987 885 indi-

410 932 603 988 catur,
656 923 798 991 quod
843 923 1084 976 mmulari
1135 922 1409 990 aliquem,
1469 922 1688 976 irritare
1736 936 1859 976 cum
1905 932 1986 977 est

408 1023 461 1068 et
511 1029 808 1080 provocare
856 1032 868 1067 :
928 1023 1009 1080 ut,
1052 1014 1202 1069 verbl
1253 1027 1416 1067 causa
1446 1052 1462 1078 ,
1516 1014 1558 1067 si
1607 1014 1696 1066 tali
1773 1025 1988 1068 utamur

407 1106 655 1174 exemplo
683 1106 854 1160 :Sttnt
887 1107 1135 1174 quzedam
1175 1105 1432 1159 mulieres
1474 1107 1759 1173 impudicae
1803 1116 1854 1158 et
1889 1121 1984 1159 ne-

407 1211 592 1264 quam,
617 1211 737 1264 quae
764 1197 806 1249 si
841 1196 984 1250 forte
1016 1194 1164 1250 viros
1193 1196 1243 1250 in
1265 1196 1470 1250 amoris
1505 1196 1686 1250 furtivi
1715 1195 1987 1251 illecebris

407 1289 673 1358 ceperint,
712 1302 973 1357 processu
1004 1288 1265 1356 temporis
1295 1287 1527 1343 occultis
1565 1303 1671 1341 non
1715 1295 1985 1341 contenta:

405 1381 642 1451 flagitiis,
698 1380 888 1433 volunt
919 1380 1083 1433 etiam
1120 1380 1337 1449 pudicis
1392 1380 1717 1448 conjugibus
1759 1379 1982 1433 innote—

408 1487 587 1536 scere,
620 1472 762 1538 quod
793 1470 859 1523 ab
893 1486 1079 1523 earum
1126 1469 1254 1523 viris
1283 1479 1555 1533 amentur,
1592 1479 1649 1522 ut
1678 1483 1742 1523 ex
1787 1469 1890 1522 hoc
1929 1469 1982 1522 in

406 1565 581 1617 Zt'lUIII
614 1563 880 1626 excitent,
925 1571 979 1615 et
1024 1561 1261 1624 irriteut,
1302 1575 1366 1614 ac
1405 1561 1725 1630 perturbent
1779 1559 1985 1614 alienas

403 1654 614 1709 domos.
650 1653 706 1707 Si
743 1652 1054 1708 intellexisti
1101 1652 1337 1722 exempli
1383 1653 1660 1714 virtutem.
1714 1654 1984 1723 quomodo

405 1747 578 1816 pellex
615 1746 789 1799 zelum
813 1745 1050 1801 concitet
1082 1747 1261 1813 uxori,
1296 1755 1353 1801 et
1382 1745 1484 1800 hoc
1508 1746 1672 1800 debes
1698 1746 1982 1800 advertere

403 1835 535 1904 quid
565 1835 636 1888 sit
669 1834 913 1888 minulari
955 1837 1097 1890 inter
1129 1833 1362 1904 aliquos,
1397 1834 1447 1888 id
1490 1844 1588 1900 est,
1621 1850 1744 1888 cum
1773 1835 1851 1889 eis
1875 1849 1981 1888 ma-
2015 1812 2054 1866 Β

405 1925 535 1980 litia:
571 1925 803 1993 alicujus
833 1925 1191 1979 incitamenta
1229 1924 1563 1993 priebentur.
1589 1924 1832 1994 Denique
1855 1925 1979 1992 quia

402 2033 585 2072 sermo
608 2017 696 2072 ille
728 2015 1156 2082 Deuteronomii,
1181 2014 1234 2068 iu
1271 2029 1380 2084 quo
1418 2016 1536 2069 alt:
1573 2015 1686 2084 Ipsi
1718 2016 1772 2069 in
1811 2017 1982 2070 zelum

401 2111 738 2164 adduxerunt
791 2127 870 2164 me
919 2112 973 2164 in
1011 2127 1113 2164 non
1150 2110 1283 2175 Deo,
1332 2111 1381 2165 id
1427 2119 1510 2164 est
1553 2109 1975 2181 παρεζήλωσαν,

403 2203 505 2255 hoc
530 2200 818 2270 significet,
850 2215 916 2254 ex
954 2201 1060 2255 hoc
1091 2200 1436 2256 manifestius
1469 2200 1644 2254 claret
1672 2200 1819 2268 quod
1849 2201 1981 2254 alibi

403 2296 660 2363 scriptum
687 2305 771 2347 est
807 2294 873 2359 ³¹,
910 2296 1038 2363 quia
1081 2294 1223 2348 Deus
1259 2303 1446 2348 noster
1489 2293 1633 2347 Deus
1679 2293 1864 2347 zelaus
1891 2293 1979 2346 di-

402 2385 566 2438 citur.
599 2385 794 2439 Zelans
825 2394 1004 2438 autem
1046 2385 1274 2439 maritus
1321 2385 1427 2439 dici
1472 2385 1609 2440 solet
1647 2384 1712 2439 de
1755 2381 1982 2453 conjuge

401 2491 522 2540 sua,
554 2492 676 2532 cum
714 2479 764 2531 ei
798 2475 1116 2545 pudicitiam
1147 2476 1438 2532 sollicitius
1465 2485 1521 2530 et
1551 2476 1768 2530 cautius
1799 2485 1978 2540 curat,

402 2582 506 2622 nec
545 2567 707 2637 pollui
749 2568 956 2637 patitur
1006 2567 1260 2637 conjugis
1290 2567 1616 2622 castitatem.
1657 2565 1811 2621 Unde
1846 2581 1980 2622 con-

399 2669 693 2730 sequenter
727 2662 814 2730 qui
849 2671 1059 2730 peccat,
1109 2661 1281 2716 Deum
1319 2661 1410 2730 qtti
1454 2660 1642 2715 zelaus
1667 2660 1890 2728 dicitur,
1926 2660 1981 2718 in

401 2759 576 2812 zelum
613 2760 826 2826 incitat,
851 2768 904 2813 et
931 2759 1140 2814 irritat.
1173 2757 1377 2813 Verum
1409 2759 1524 2815 haec
1547 2759 1729 2814 omnia
1757 2761 1983 2817 abusive

401 2852 671 2905 audienda
711 2861 842 2905 sunt
890 2851 956 2905 de
1003 2849 1137 2918 Deo,
1183 2851 1323 2906 sicut
1353 2859 1409 2905 et
1436 2866 1501 2905 ea
1537 2866 1657 2921 qua:
1698 2852 1765 2906 de
1794 2851 1982 2908 furore

402 2942 499 2995 Dei
552 2944 824 3006 dicuntur,
869 2943 953 2996 vel
999 2944 1067 2998 de
1107 2959 1326 3009 somno,
1365 2943 1452 2998 vel
1489 2943 1555 2997 de
1594 2943 1838 3009 tristitia,
1885 2959 1982 3013 per

399 3053 521 3104 qua:
569 3037 697 3090 illud
751 3037 1074 3105 intelligitur
1117 3037 1246 3106 quid
1299 3037 1680 3106 unusquisque
1732 3046 1978 3091 nostrum

401 3145 500 3198 pro
546 3131 762 3184 actibus
813 3129 926 3183 suis
973 3129 1040 3183 de
1087 3129 1197 3183 Deo
1249 3139 1546 3183 mereatur.
1600 3129 1844 3198 Denique
1895 3129 1976 3182 sic
2005 3157 2052 3218 ο

395 3221 537 3275 dixit
565 3226 617 3275 in
651 3221 1076 3276 Deuteronomio
1103 3223 1169 3288 ³⁸,
1201 3221 1326 3290 quia
1367 3221 1466 3290 ipsi
1507 3222 1563 3274 in
1604 3222 1772 3274 zelum
1798 3221 1974 3273 addu-

397 3326 588 3370 xerunt
609 3332 690 3370 me
709 3318 763 3369 in
798 3334 902 3371 non
929 3316 1062 3383 Deo,
1089 3326 1136 3369 et
1167 3315 1611 3369 exacerbaverunt
1639 3329 1716 3366 me
1739 3314 1790 3366 in
1821 3314 1977 3368 idolis

395 3410 528 3469 suis,
561 3409 613 3462 id
648 3418 754 3474 est,
787 3408 1028 3464 colentes
1063 3408 1202 3462 idola
1255 3408 1307 3462 in
1355 3406 1528 3461 zelum
1563 3407 1977 3461 concitaverunt

399 3517 506 3555 me.
537 3499 645 3556 Sed
677 3502 804 3570 quid
837 3501 1126 3571 sequitur?
1157 3499 1222 3552 Et
1271 3515 1365 3569 ego
1414 3500 1468 3551 in
1507 3497 1674 3551 zelum
1712 3499 1978 3552 adducant

394 3609 485 3646 eos
525 3595 578 3646 in
622 3609 726 3646 non
759 3604 987 3662 gentem,
1034 3595 1091 3647 in
1128 3600 1332 3663 gentem
1383 3591 1715 3660 insipientem
1756 3592 1977 3644 irritabo

397 3701 505 3738 eos.
545 3685 694 3742 Unde
723 3687 886 3740 etiam
926 3701 1072 3740 nunc
1101 3685 1273 3740 Judtei
1319 3699 1425 3739 non
1463 3697 1750 3739 moventur
1783 3689 1980 3739 adver-

397 3792 492 3831 sus
545 3778 796 3845 gentiles,
843 3777 1132 3831 adversum
1189 3791 1290 3832 eos
1339 3777 1430 3846 qui
1483 3777 1622 3832 idola
1669 3777 1873 3843 colunt,
1927 3785 1982 3830 et

396 3870 567 3923 Deum
599 3870 997 3939 blasphemant,
1026 3881 1080 3925 et
1108 3871 1230 3926 illos
1261 3885 1368 3924 non
1409 3870 1666 3930 oderunt,
1700 3886 1798 3923 nec
1831 3870 1975 3922 iudi-

395 3972 632 4030 guantur
657 3965 949 4017 adversum
977 3977 1072 4017 eos
1099 3979 1114 4027 ;
1148 3963 1436 4016 adversum
1475 3961 1822 4015 Christianos
1850 3975 1977 4012 vero

395 4055 694 4110 insatiabili
725 4056 852 4110 odio
898 4055 1168 4119 feruntur,
1204 4054 1293 4123 qui
1337 4052 1523 4120 utique
1563 4051 1774 4105 relictis
1822 4050 1978 4103 idolis

394 4149 460 4201 ad
491 4147 656 4203 Deum
699 4147 946 4202 conversi
987 4155 1132 4200 sunt.
1168 4144 1303 4199 Cum
1351 4158 1486 4213 ergo
1528 4142 1733 4196 videris
1759 4139 1976 4195 Judaros

394 4241 517 4295 odio
545 4241 805 4294 habentes
836 4239 1205 4293 Christianum
1242 4248 1296 4291 et
1321 4237 1650 4291 insidiantes
1694 4235 1767 4301 ei,
1811 4233 1974 4288 intel-

394 4335 498 4402 lige
531 4332 655 4403 quia
691 4330 992 4400 completur
1035 4329 1318 4399 prophetia
1369 4328 1458 4382 illa
1507 4342 1629 4397 qua:
1666 4327 1797 4381 dicit
1840 4344 1853 4378 :
1905 4325 1974 4377 Et

391 4444 484 4497 ego
520 4425 793 4480 concitabo
822 4439 909 4478 eos
954 4423 1007 4475 in
1061 4437 1165 4475 non
1204 4429 1432 4491 gentem.
1465 4418 1573 4473 Nos
1600 4419 1745 4473 enim
1787 4433 1974 4472 sumus

2095 567 2153 611 ut
2179 556 2476 612 confundat
2527 556 2822 623 Sapientes,
2852 567 2904 609 et
2937 557 3015 610 sic
3049 556 3305 625 impletur
3351 560 3496 629 quod
3533 563 3676 616 scri-

2094 658 2243 716 ptum
2274 656 2358 701 est
2389 664 2402 699 :
2444 646 2512 698 In
2545 659 2747 714 gentem
2783 648 3108 709 insipientem
3146 649 3369 703 irritabo
3424 667 3536 710 eos.
3566 657 3673 707 Sed

2092 751 2147 792 et
2186 741 2330 808 quod
2369 740 2501 793 dicit
2539 740 2830 809 Apostolus
2870 741 2957 793 3’:
3002 747 3081 794 An
3127 743 3444 796 teiitulamur
3483 745 3670 798 Domi-

2093 849 2214 885 nunt
2236 833 2260 884 ἔ)
2286 831 2541 901 Nunquid
2563 833 2810 901 fortiores
2842 851 3022 887 sumus
3049 835 3142 888 illo
3171 836 3195 888 ?
3221 837 3502 891 videamus
3537 841 3668 908 quid

2094 921 2314 976 iudicet.
2356 921 2412 975 In
2450 938 2515 976 eo
2546 923 2662 977 loco
2707 924 2819 978 hare
2860 926 3018 988 dixit,
3045 926 3134 978 ubi
3163 927 3230 979 de
3267 928 3570 994 saeriliciis,
3618 940 3682 1004 t'l‘

2091 1015 2156 1068 de
2187 1014 2271 1068 his
2310 1030 2430 1083 quas
2463 1015 2622 1069 idolis
2659 1015 3037 1083 immolantur,
3085 1017 3344 1086 disputat.
3387 1020 3468 1072 An
3504 1037 3672 1074 temu-

2089 1103 2285 1168 lantur,
2345 1106 2442 1168 ait,
2484 1105 2788 1172 Dominum,
2841 1108 2946 1162 hoc
2993 1122 3074 1163 est
3128 1110 3246 1164 zelo
3291 1113 3666 1175 concitamus.

2090 1194 2312 1250 edentes
2349 1212 2410 1250 ea
2443 1212 2563 1265 qua:
2601 1197 2757 1252 idolis
2796 1200 3073 1254 immolata
3122 1212 3269 1264 sunt,
3306 1204 3446 1257 sicut
3489 1202 3662 1258 Judmi

2090 1286 2264 1340 zelum
2297 1287 2413 1357 ejus
2439 1302 2858 1345 commoverunt
2905 1293 2958 1345 in
3003 1293 3160 1348 idolis
3203 1295 3319 1349 suis
3353 1296 3376 1349 ?
3413 1295 3667 1365 Nunquid

2088 1379 2246 1432 etiam
2281 1395 2380 1434 nos
2407 1380 2571 1435 simili
2624 1384 2784 1436 modo
2829 1384 3010 1439 facere
3047 1386 3337 1440 volumus?
3373 1386 3497 1442 Ideo
3534 1403 3666 1456 ergo

2089 1473 2204 1526 ait:
2239 1472 2320 1525 An
2363 1475 2682 1528 wnmlamur
2727 1475 3068 1532 Dominum?
3116 1477 3372 1548 Nunquid
3422 1479 3669 1546 fortiorrs

2087 1563 2182 1615 illo
2224 1580 2404 1616 sumus
2433 1564 2459 1617 .'
2484 1564 2597 1618 Hoc
2631 1576 2717 1619 est
2745 1567 2890 1635 quod
2923 1568 3072 1620 dicit.
3101 1564 3154 1619 Si
3175 1569 3395 1638 quidem
3423 1570 3668 1624 concite-

2088 1670 2208 1710 mus
2248 1655 2424 1709 zelum
2456 1656 2623 1711 alicui
2656 1658 2746 1726 qui
2785 1658 3012 1712 inferior
3055 1668 3138 1712 est
3178 1661 3393 1715 viribus
3436 1661 3664 1722 nostris,

2088 1761 2373 1815 possumus
2395 1748 2558 1803 facile
2587 1759 2943 1803 contemnere
2974 1767 2988 1816 ;
3017 1750 3063 1805 si
3101 1765 3231 1807 vero
3261 1751 3457 1806 fortem
3484 1753 3671 1808 conci-

2088 1847 2265 1894 temus
2297 1841 2346 1893 in
2383 1841 2586 1905 zelum,
2615 1843 2856 1910 nunquid
2881 1857 2988 1896 non
3016 1843 3070 1896 in
3101 1844 3379 1912 propriam
3411 1844 3669 1898 molimur

2088 1933 2188 1986 ista
2227 1932 2572 2000 perniciem?
2597 1930 2652 1985 Si
2683 1949 2814 2002 ergo
2847 1933 3119 1988 vescimur
3152 1935 3312 1989 idolis
3344 1935 3664 2001 immolatis,

2084 2031 2139 2077 et
2171 2023 2457 2077 adversum
2498 2037 2598 2078 nos
2630 2024 2806 2077 zelum
2842 2024 3055 2078 Domini
3091 2025 3444 2087 concitamus,
3476 2025 3666 2080 fortio-

2085 2131 2198 2170 rem
2238 2115 2373 2169 iram
2405 2125 2596 2170 contra
2624 2129 2746 2181 nos,
2778 2115 2829 2169 id
2864 2124 2948 2170 est
2979 2118 3045 2169 ad
3073 2117 3352 2187 proprium
3385 2117 3663 2172 interitum

2083 2222 2464 2277 provocamus.
2499 2207 2556 2262 Si
2596 2208 2814 2276 quando
2844 2223 2975 2279 ergo
3010 2208 3212 2264 videris
3256 2211 3530 2265 hominem
3564 2226 3664 2264 ne-

2082 2313 2269 2367 quam,
2297 2299 2549 2361 observa,
2579 2308 2635 2352 et
2665 2313 2800 2354 cave
2833 2315 2900 2354 ne
2929 2307 3108 2354 zelum
3141 2299 3265 2369 ejus
3301 2301 3545 2356 concites
3567 2303 3664 2354 ad-

2083 2407 2297 2446 versum
2341 2400 2412 2455 te,
2458 2406 2526 2445 ne
2552 2391 2682 2458 quid
2712 2391 2938 2446 incaute
2983 2390 3179 2457 facias,
3223 2393 3364 2446 unde
3419 2393 3664 2461 nequitia

2083 2482 2408 2536 concitetur.
2445 2479 2604 2536 Verbi
2639 2496 2829 2545 causa,
2876 2491 2934 2535 ut
2980 2498 3077 2550 per
3107 2484 3415 2552 exemplum
3449 2483 3665 2552 planius

2082 2572 2180 2627 fiat
2211 2574 2354 2644 quod
2389 2572 2612 2638 dicitur,
2642 2574 2839 2629 beatus
2889 2575 3059 2628 David
3093 2573 3226 2628 Saul
3272 2575 3662 2644 malignantem

2082 2665 2389 2720 concitavit
2421 2665 2474 2718 in
2510 2665 2709 2729 zelum,
2744 2666 2962 2736 quando
2992 2666 3268 2736 processit
3302 2649 3429 2720 ante
3454 2667 3666 2720 exerci-

2084 2765 2236 2817 tum,
2287 2766 2342 2809 et
2390 2756 2595 2810 occidit
2645 2756 2902 2822 Goliam,
2958 2765 3012 2812 et
3065 2767 3458 2825 processerunt
3512 2757 3665 2809 chori

2083 2848 2384 2918 puellarum
2411 2857 2468 2900 et
2505 2847 2795 2901 mulierum
2822 2849 3073 2902 dicentes
3106 2848 3152 2879 "
3181 2867 3195 2902 :
3233 2846 3504 2903 Percussit
3536 2849 3666 2904 Snul

2083 2939 2138 2990 in
2176 2937 2428 2997 millibus,
2465 2946 2515 2990 et
2549 2936 2721 2989 David
2757 2937 2810 2990 in
2852 2939 3027 2992 decem
3079 2939 3331 2994 millibus.
3365 2941 3518 3006 Quod
3562 2945 3665 2996 utic

2083 3043 2188 3097 que
2232 3029 2277 3080 si
2322 3029 2508 3082 studio
2544 3043 2642 3081 suo
2695 3029 2899 3097 egisset
2934 3029 3124 3095 David,
3155 3032 3442 3088 attnttlatus
3471 3033 3668 3090 fuisset

2085 3119 2138 3172 in
2181 3118 2516 3188 malignitate
2550 3117 2701 3172 Saul.
2737 3119 2844 3172 Sed
2881 3135 3028 3174 nunc
3067 3137 3178 3175 non
3223 3137 3322 3177 suo
3357 3123 3533 3179 studio
3577 3124 3666 3178 fa-

2084 3220 2172 3264 ctu
2184 3225 2235 3262 m
2261 3219 2344 3263 est
2369 3219 2426 3262 ttt
2451 3210 2666 3263 exirent
2689 3209 2842 3264 chori
2866 3210 3191 3280 puellarum,
3210 3220 3265 3266 et
3289 3212 3665 3282 hujuscemodi

2083 3303 2340 3373 hymnum
2376 3302 2644 3367 dicerent,
2689 3303 2819 3373 quia
2865 3303 3034 3359 David
3079 3305 3354 3374 percussit
3390 3305 3663 3361 indecem

2084 3393 2348 3459 millibus,
2398 3403 2453 3448 et
2496 3393 2625 3448 Saul
2679 3395 2734 3448 in
2785 3393 3042 3452 millibus.
3089 3395 3204 3452 Iloc
3244 3406 3486 3468 estergo
3519 3402 3663 3467 quod

2085 3501 2187 3540 nos
2220 3487 2408 3539 edocet
2445 3486 2711 3555 psalmus,
2759 3497 2818 3541 ut
2865 3489 3123 3556 quoniam
3168 3505 3342 3558 genus
3381 3491 3663 3546 hominum

2086 3577 2329 3646 proclive
2359 3587 2447 3631 est
2477 3578 2545 3631 ad
2575 3578 2928 3648 zelotypiam,
2973 3589 3027 3633 et
3074 3580 3334 3649 perfacile
3368 3583 3436 3636 ad
3471 3585 3666 3638 vitiant

2083 3669 2227 3725 istud
2261 3670 2578 3735 inclinatur,
2611 3673 2846 3726 observa
2891 3686 2958 3726 ne
3007 3672 3059 3725 id
3110 3688 3260 3741 agas,
3296 3675 3441 3743 quod
3491 3674 3663 3730 malos

2087 3762 2334 3817 homines
2366 3762 2418 3816 in
2453 3761 2859 3817 inmolationem
2892 3766 2966 3818 tui
2993 3765 3191 3832 irritet,
3216 3775 3272 3821 et
3299 3767 3366 3820 ad
3393 3767 3664 3821 insidian-

2083 3858 2212 3910 dum
2253 3856 2347 3909 tibi
2382 3855 2640 3921 concitet,
2673 3855 2754 3910 vel
2784 3857 2851 3910 ad
2882 3855 3068 3910 odium
3103 3859 3177 3911 tui
3213 3835 3437 3914 excitet.
3485 3859 3547 3913 Et
3579 3869 3667 3914 est

2081 3949 2184 4002 hoc
2211 3958 2384 4001 totum
2413 3950 2557 4017 quod
2597 3949 2943 4017 significatur
2978 3949 3029 4002 in
3065 3950 3150 4003 his
3178 3951 3451 4016 omnibus,
3480 3962 3540 4006 ut
3577 3967 3669 4007 ne-

2080 4049 2186 4103 que
2219 4037 2334 4105 ipse
2368 4051 2636 4105 provoces
2666 4037 2791 4090 ntali
2826 4036 3230 4092 aemulationem
3266 4039 3554 4094 adversum
3586 4053 3662 4107 te,

2081 4143 2256 4196 neque
2308 4139 2362 4181 tu
2404 4128 2704 4198 nequitiam
2751 4128 3028 4183 tentuleris
3074 4129 3330 4182 alienam.
3379 4129 3658 4196 QuOllIOtlt.

2080 4237 2210 4290 ergo
2270 4222 2434 4274 homo
2501 4221 2798 4289 nequitiam
2860 4221 3150 4275 annulatur
3200 4221 3478 4278 alterius?
3530 4223 3659 4281 Sint:

2079 4312 2244 4366 dubio
2279 4327 2402 4366 cum
2427 4314 2616 4367 eadem
2645 4313 2775 4381 agit.
2809 4311 2964 4377 Quod
2994 4322 3177 4368 autem
3216 4314 3360 4380 dico,
3412 4317 3523 4370 tale
3554 4327 3661 4372 est:

2080 4405 2138 4458 Si
2172 4405 2295 4472 quis
2321 4405 2392 4459 sit
2420 4421 2518 4474 per
2541 4405 2885 4474 iniquitatem
2918 4405 3070 4459 dives
3097 4403 3270 4460 factus
3299 4421 3363 4460 ex
3399 4421 3659 4477 paupere,

393 4495 497 4573 non
527 4533 678 4586 gens,
723 4517 815 4586 qui
859 4513 1017 4583 pauci
1065 4529 1134 4569 ex
1179 4513 1281 4566 ista
1319 4511 1544 4566 civitate
1581 4510 1873 4575 credimus,
1916 4519 1971 4563 et

2084 4495 2124 4551 si
2161 4498 2232 4550 sit
2276 4496 2489 4550 vicinus
2523 4495 2640 4564 ejus
2688 4511 2878 4564 egens,
2927 4506 2982 4550 et
3031 4497 3212 4550 videat
3252 4498 3401 4553 illum
3448 4501 3538 4570 qui
3596 4503 3663 4556 de

393 4610 486 4662 alii
545 4625 610 4664 ex
660 4609 787 4671 alia,
841 4616 896 4662 et
938 4620 1211 4677 nusquam
1266 4617 1401 4674 gens
1443 4602 1654 4671 integra
1701 4602 1771 4654 ab
1817 4602 1971 4654 initio

391 4703 731 4756 credulitatis
759 4701 976 4755 videtur
1007 4706 1312 4768 assumpta.
1357 4695 1474 4750 Non
1520 4695 1668 4748 enim
1703 4696 1843 4748 sicut
1871 4693 1968 4747 Ju-

391 4794 630 4846 dteorum
689 4807 823 4861 gens
883 4801 1027 4859 erat,
1087 4791 1174 4846 vel
1224 4788 1610 4860 Egyptiorum
1680 4801 1833 4856 gens,
1898 4786 1970 4838 ita

389 4885 552 4937 etiam
581 4883 1017 4938 Christianorum
1049 4899 1222 4955 genus
1251 4897 1385 4952 gens
1419 4890 1504 4936 est.
1535 4895 1670 4941 una,
1705 4879 1786 4933 vel
1827 4879 1969 4931 inte-

391 4993 506 5048 gra,
545 4976 638 5031 sed
669 4977 897 5045 sparsim
946 4993 1014 5032 ex
1063 4979 1292 5048 singulis
1331 4977 1586 5047 gentibus
1625 4974 1793 5046 656
1831 4988 1966 5026 cou-

391 5076 710 5138 gregantur.
751 5067 889 5122 Dicit
916 5085 1066 5138 ergo,
1109 5071 1232 5138 quia
1256 5068 1366 5139 Ego
1393 5071 1449 5123 in
1483 5069 1650 5123 zelum
1685 5084 1772 5120 eos
1811 5066 1972 5119 indu-

391 5179 505 5214 cam
543 5162 596 5214 in
631 5177 733 5214 non
758 5172 980 5230 gentem,
1028 5165 1084 5217 in
1125 5175 1328 5232 gentem
1370 5165 1705 5232 insipientem
1744 5161 1965 5214 irritabo

389 5269 500 5306 eos.
535 5252 602 5306 Et
629 5252 750 5306 ideo
778 5253 1066 5306 irritantur
1113 5254 1165 5306 in
1216 5269 1333 5319 nos,
1365 5264 1422 5309 et
1460 5255 1585 5308 odio
1633 5269 1730 5306 nos
1766 5253 1967 5305 habent

390 5345 535 5399 velut
574 5356 792 5415 gentem
827 5345 1202 5414 insipientem,
1232 5347 1480 5401 dicentes
1513 5362 1570 5400 se
1601 5361 1722 5400 esse
1752 5346 1970 5412 sapien-

391 5444 504 5496 tes,
541 5436 799 5504 quoniam
840 5437 1059 5504 quidem
1107 5435 1300 5504 primis
1348 5436 1478 5503 ipsis
1522 5436 1816 5489 commissa
1848 5442 1973 5486 sunt

389 5529 601 5596 eloquia
641 5529 756 5592 Dei,
787 5539 837 5582 et
873 5528 1196 5583 meditantes
1228 5543 1256 5579 a
1289 5543 1455 5594 puero
1478 5541 1652 5592 usque
1696 5526 1764 5579 ad
1812 5539 1966 5578 senc-

389 5632 590 5674 ctutctn
625 5620 792 5689 legem
828 5621 948 5686 Dei,
1000 5624 1050 5674 in
1078 5621 1252 5690 legem
1299 5620 1391 5673 Dei
1427 5635 1528 5673 non
1563 5626 1968 5687 pervenerunt;

464 5798 562 5852 "l
613 5798 738 5852 Cor.
801 5814 856 5860 χ,
897 5798 988 5852 22.
1065 5798 1106 5828 ³¹
1160 5798 1330 5854 Exod.
1373 5813 1426 5865 Χ,
1475 5795 1528 5849 5.

626 5892 900 5953 Pauor.
939 5891 1055 5952 Gn.
1094 5891 1232 5952 ΧΠ,

1608 5796 1649 5826 ³²
1697 5795 1852 5848 Deut.
1893 5807 2062 5857 xxxii,
2092 5792 2181 5846 ‘21.

2082 4599 2228 4642 terra
2270 4589 2540 4651 surrexit,
2585 4598 2641 4642 et
2678 4589 2744 4642 ad
2786 4588 3097 4642 divitiarum
3132 4593 3342 4645 culmen
3391 4594 3662 4660 ascendit,

2085 4693 2138 4736 et
2176 4683 2401 4751 incipiat
2434 4682 2676 4735 annulari
2706 4691 2762 4736 ut
2787 4682 3045 4737 similiter
3077 4685 3244 4737 etiam
3297 4685 3412 4751 ipse
3447 4700 3515 4739 ex
3552 4686 3659 4740 ini-

2082 4773 2562 4842 quitatedizescat,
2600 4774 2702 4827 hoc
2729 4781 2813 4827 est
2852 4772 3094 4826 aemulari
3136 4772 3402 4828 facientes
3449 4775 3656 4845 iniqui-

2082 4874 2273 4920 tatem.
2316 4865 2420 4919 Sed
2450 4876 2504 4919 et
2532 4867 2575 4920 si
2611 4865 2732 4934 quis
2762 4881 2885 4920 eum
2917 4865 3009 4935 qui
3039 4864 3122 4920 vel
3169 4865 3386 4922 furtivis
3429 4871 3658 4938 stupris,

2080 4971 2163 5026 vel
2220 4972 2426 5026 illicitis
2471 4973 2763 5027 conatibus
2813 4972 2953 5026 ultra
3002 4971 3182 5026 locum
3229 4981 3286 5027 et
3347 4988 3660 5029 mensuram

2076 5094 2230 5134 Suam
2283 5077 2497 5132 invadit
2551 5078 2791 5146 nuptias,
2850 5075 3060 5139 domos,
3115 5075 3366 5139 divitias,
3414 5077 3658 5132 aemulari

2076 5185 2232 5248 velit,
2265 5184 2548 5238 :emulatus
2581 5193 2665 5237 est
2687 5183 2950 5238 facientes
2982 5183 3349 5252 iniquitatem.
3375 5181 3492 5237 lam
3532 5199 3663 5239 vero

2076 5306 2172 5347 eos
2198 5291 2291 5360 qui
2322 5303 2417 5360 per
2448 5291 2660 5344 diversa
2699 5287 2924 5357 ﬂagitia,
2953 5288 3038 5342 vel
3077 5287 3328 5357 indignas
3361 5297 3522 5357 atque
3551 5287 3660 5340 illi-

2077 5400 2213 5454 citas
2261 5397 2590 5452 ambitiones
2641 5396 2708 5449 ad
2766 5395 3035 5448 immerita
3095 5395 3364 5450 bonorum
3421 5390 3660 5446 culmina

2077 5511 2472 5576 pervenerunt,
2497 5511 2552 5556 et
2573 5500 2774 5570 iniquis
2806 5499 3136 5554 factionibus
3162 5499 3242 5554 vel
3272 5499 3516 5556 cruentis
3544 5515 3660 5550 ma~

2079 5611 2238 5666 nibus
2277 5611 2512 5664 honores
2537 5622 2644 5661 non
2682 5605 2785 5659 sibi
2822 5604 3030 5659 debitos
3075 5605 3441 5674 oreuparunt,
3481 5604 3579 5657 hos
3611 5603 3659 5659 si

2801 5783 2842 5812 3"
2869 5778 2887 5834 Ι
2918 5781 3047 5848 [με.
3081 5793 3242 5837 _.\’\'|Il,
3287 5776 3318 5828 7

3114 5869 3192 5930 1ιὲ

2261 5790 2306 5821 ³³
2341 5788 2508 5843 lCor.
2547 5802 2600 5849 x,
2630 5784 2721 5838 2'2.
