4100 6436
482 282 620 337 4523
1855 303 1946 359 EX
1984 304 2282 365 ORIGENE

476 403 599 467 quis
619 400 804 457 videns
831 405 895 458 ad
915 404 1147 463 similent
1196 409 1543 471 nllammetur
1566 417 1855 486 insaniam,
1884 440 2048 479 azmu-
2078 434 2122 491 Α
2153 430 2352 486 dabilia
2386 436 2555 501 olera,

475 492 619 548 latus
646 504 731 550 est
764 494 1027 554 facientes
1060 499 1427 570 iniquitatem.

3592 348 3729 407 1324

2605 454 2724 508 quae
2768 458 2867 513 per
2898 458 3231 520 praeceptum
3273 455 3521 527 Apostoli
3569 479 3728 520 man-

2150 522 2634 596 ducarejubentur
2681 534 2903 595 inlirmi.
2954 539 3074 595 Alia
3122 522 3475 604 autem-sunt
3506 553 3631 622 illa,
3673 568 3726 612 et

2148 613 2231 667 his
2286 621 2597 687 contraria,
2652 624 2719 680 de
2782 629 2980 696 quibus
3049 634 3250 690 dicitur
3306 640 3451 709 quod
3506 613 3722 700 ﬂumina

2144 704 2366 777 Egypti
2416 726 2552 779 aqua
2605 716 2677 773 sit
2710 717 2963 774 deorsum
3015 704 3389 799 descendens,
3434 742 3490 788 et
3537 734 3720 808 rigans

2142 797 2281 851 sicut
2334 801 2549 856 hortum
2594 807 2805 862 olerum
2834 810 2877 843 '9
2920 830 2933 866 :
2969 828 3077 883 quo
3122 797 3380 876 videlicet
3427 797 3716 896 mgni-tius

2142 905 2247 945 non
2280 894 2443 948 arbor
2476 897 2712 966 dicatur,
2746 905 2839 959 sed
2877 919 2943 959 ne
2972 910 3099 965 vilis
3124 915 3342 983 quidem
3382 894 3711 989 nominetur,

2140 982 2232 1035 sed
2269 983 2414 1039 olera
2461 1003 2583 1059 quae
2620 992 2733 1047 cito
2783 995 3057 1054 delicium.
3107 1002 3171 1059 Et
3195 1008 3283 1063 vis
3334 1009 3517 1066 videre
3552 1027 3709 1085 quam

2136 1074 2245 1164 cito
2270 1076 2558 1149 {Egyptius
2589 1083 2838 1141 decidat?
2871 1088 3004 1147 Vide
3028 1097 3156 1164 quid
3201 1098 3416 1156 dicatur
3443 1104 3509 1159 de
3542 1074 3624 1160 eis
3655 1106 3707 1160 in

2137 1160 2323 1221 Exodo
2347 1167 2413 1221 ‘°.
2441 1167 2683 1241 JEgyptii
2717 1186 2898 1233 autem
2944 1160 3362 1259 festinaverunt,
3392 1193 3587 1263 inquit,
3618 1197 3705 1252 de-

2132 1255 2523 1327 colligaverunt
2553 1276 2680 1320 axes
2706 1281 2852 1333 suos,
2879 1281 2934 1324 et
2966 1273 3075 1330 cito
3112 1255 3366 1346 fugerunt
3408 1255 3510 1337 su-b
3539 1255 3701 1355 aqua.

2131 1345 2282 1401 Sicut
2310 1349 2455 1405 olera
2499 1367 2628 1422 ergo
2660 1356 2950 1417 herbarum
2999 1365 3109 1421 cito
3147 1345 3420 1426 deciderit.
3464 1345 3704 1447 Denique

2127 1446 2180 1489 et
2224 1437 2410 1494 Achab
2451 1441 2541 1498 ille
2573 1444 2788 1515 iniquus
2830 1454 3088 1520 quoniam
3126 1457 3248 1512 talia
3290 1461 3439 1516 olera
3473 1437 3701 1532 parabat

2126 1527 2369 1595 plantarc
2416 1532 2468 1588 in
2504 1538 2659 1595 vinea
2718 1540 2930 1599 Naboth
2976 1544 3317 1606 Jezrahelita:
3352 1552 3420 1617 ⁸³,
3473 1527 3699 1626 prepter

2121 1624 2263 1691 quod
2293 1624 2608 1688 Nabutheus
2653 1634 2824 1705 magis
2857 1639 2992 1692 mori
3037 1638 3222 1709 elegit,
3265 1658 3428 1713 quam
3465 1624 3694 1716 permit-

540 626 597 680 2.
639 628 930 698 Propterea
960 646 1089 702 ergo
1117 636 1369 691 mandato
1405 639 1613 696 Domini
1648 644 2042 717 illuminamur,

472 727 549 780 ut,
589 730 709 771 eum
750 722 1115 778 aemulationis
1162 725 1365 782 illicitze
1400 728 1616 786 ﬂamma
1654 749 1751 790 cor
1797 752 2040 797 nostrum

467 817 815 879 mentemque
848 812 1170 880 pulsaverit,
1205 832 1302 872 nos
1338 820 1521 876 verbis
1547 823 1720 879 edocti
1758 827 2036 887 dicamus:

452 896 517 951 Si
541 900 786 955 aemulari
829 903 1050 960 voluero
1094 907 1236 961 inter
1285 910 1668 982 malignantes,
1719 928 1814 973 aut
1872 936 2039 977 aemu-

461 986 606 1043 latus
636 988 792 1046 fuero
829 992 1096 1050 iacientes
1124 997 1495 1067 iniquitatem,
1529 1003 1650 1060 vide
1680 1007 1807 1075 quid
1835 1025 2033 1081 sequa-

448 1088 594 1132 »~tur:
632 1079 778 1135 Sicut
824 1085 1024 1152 fenum,
1054 1089 1231 1158 inquit
1263 1091 1330 1158 ³⁸,
1361 1094 1465 1148 cito
1506 1109 1762 1164 arescent,
1806 1111 1855 1155 et
1898 1079 2034 1159 sicut

444 1168 599 1223 olera
636 1173 918 1227 herbarum
978 1177 1084 1230 cito
1143 1179 1408 1238 decident.
1457 1184 1551 1241 Vis
1596 1188 1759 1243 etiam
1809 1192 2033 1249 alterius

455 1262 733 1331 prephetze
780 1264 851 1320 de
901 1266 1099 1323 talibus
1152 1272 1374 1329 monitis
1416 1277 1748 1333 auctoritate
1784 1283 2032 1337 muniri?

452 1355 591 1410 Audi
622 1358 751 1426 quid
782 1360 946 1413 etiam
972 1361 1143 1419 lsaias
1170 1366 1238 1419 de
1272 1368 1419 1422 omni
1445 1368 1615 1438 gloria
1645 1374 1854 1429 carnali
1900 1391 2026 1445 pro-

452 1450 708 1504 nuntiet:
755 1450 963 1517 0mnis,
1011 1455 1186 1524 inquit
1240 1457 1305 1523 ³⁸,
1356 1475 1479 1513 caro
1531 1460 1732 1530 fenum,
1771 1475 1819 1520 et
1855 1470 2025 1523 omnis

452 1540 622 1608 gloria
651 1542 770 1608 ejus
819 1550 873 1595 ut
922 1544 1026 1611 ﬂos
1070 1545 1199 1613 feni.
1240 1545 1331 1602 Vis
1378 1548 1542 1603 etiam
1573 1564 1670 1619 per
1704 1554 1913 1624 singula
1944 1559 2023 1613 vi-

450 1631 581 1685 dere
623 1636 893 1701 quomodo
948 1635 1044 1690 llos
1092 1635 1198 1690 feni
1250 1638 1320 1691 sit
1362 1640 1546 1696 carnis
1593 1642 1765 1709 gloria
1807 1646 1830 1700 7
1888 1646 2022 1705 Vide

447 1722 570 1790 quis
601 1722 893 1792 imperavit
934 1735 1063 1781 ante
1103 1728 1202 1781 hos
1250 1729 1467 1799 triginta
1514 1748 1706 1801 annos,
1748 1741 2019 1806 quomodo

447 1814 731 1883 imperium
761 1816 878 1886 ejus
903 1816 1138 1874 emeruit
1171 1838 1184 1874 :
1214 1823 1474 1878 continuo
1514 1834 1692 1882 autem
1742 1829 1884 1885 sicut
1918 1831 2017 1888 llos

430 1906 548 1960 leni
607 1910 926 1976 emarcuit,
983 1921 1114 1968 tunc
1174 1915 1368 1971 deinde
1433 1916 1569 1972 alius
1619 1931 1743 1989 post
1798 1923 2012 1991 ipsum,

441 1998 636 2054 deinde
663 2001 803 2056 alius
827 2010 991 2072 atque
1020 2005 1182 2073 alius,
1210 2008 1304 2077 qui
1333 2008 1531 2064 deinde
1559 2010 1747 2077 duces,
1782 2023 1837 2070 et
1864 2017 2012 2085 prin-

422 2089 625 2156 cipes:
659 2100 714 2147 et
744 2094 922 2148 omnis
952 2109 1142 2150 eorum
1185 2096 1355 2167 gloria
1387 2107 1442 2154 et
1468 2101 1641 2156 honor
1683 2119 1789 2159 non
1837 2106 2010 2161 solum

422 2190 696 2250 tanquam
718 2182 824 2238 llos
863 2187 1149 2250 emarcuit,
1182 2203 1368 2242 verum
1401 2191 1567 2245 etiam
1606 2202 1862 2263 tanquam
1892 2198 2009 2267 pul-

424 2272 519 2326 vis
550 2272 735 2329 aridus
779 2282 835 2329 et
866 2289 896 2329 a
942 2285 1107 2331 vento
1141 2277 1420 2346 dispersus
1465 2296 1532 2335 ne
1571 2283 1854 2353 vestigium
1883 2288 2006 2357 qui-

417 2364 557 2419 :dem
593 2364 678 2420 sui
716 2364 953 2435 reliquit.
987 2366 1093 2422 Alii
1123 2370 1301 2444 etiam.
1327 2371 1533 2427 divitiis
1555 2373 1708 2437 elati,
1744 2385 1797 2431 et
1830 2377 2005 2434 hono-

420 2455 586 2509 vribus
623 2456 843 2522 tumidi,
871 2457 1155 2514 studentes
1207 2459 1291 2514 vel
1332 2460 1630 2520 laudabiles
1675 2465 1865 2523 haberi
1907 2486 2004 2539 per

434 2542 745 2599 simulatam
812 2546 1135 2612 bonitatem,
1178 2549 1263 2604 vel
1291 2554 1659 2612 exsecrabiles
1702 2572 1798 2628 per
1844 2560 1999 2615 indo-

418 2634 618 2689 mitam
662 2636 1058 2703 crudelitatem.
1103 2639 1344 2706 Quorum
1388 2644 1433 2698 si
1477 2646 1603 2715 quis
1642 2663 1784 2704 vana
1820 2652 1999 2707 studia

426 2727 704 2781 existimat
731 2730 1053 2795 aemulanda,
1085 2741 1173 2785 eat
1204 2749 1347 2789 nunc
1371 2736 1441 2790 ad
1465 2737 1790 2794 cadaverum
1808 2756 1994 2798 eorum

411 2816 703 2885 'reliquias,
737 2817 780 2872 si
820 2828 998 2873 tamen
1041 2819 1127 2874 vel
1171 2821 1300 2890 ipsa:
1346 2825 1581 2881 inveniri
1615 2839 1857 2898 queant;
1890 2831 1993 2887 ali-

415 2906 645 2973 quantis
696 2907 839 2962 enim
889 2923 955 2961 ne
1002 2910 1104 2965 hoc
1152 2912 1367 2982 quidem
1419 2930 1738 2974 concessum
1786 2932 1866 2979 est
1894 2943 1908 2980 :
1938 2935 1995 2981 et

423 3008 549 3053 tunc
596 2998 835 3055 inveniet
876 3003 1147 3069 quomodo
1187 3006 1360 3059 omnis
1422 3022 1548 3062 caro
1588 3009 1767 3078 fenum
1806 3024 1901 3080 est,
1941 3027 1989 3071 et

2124 1724 2236 1769 tere
2266 1726 2325 1770 ut
2352 1721 2534 1775 excisa
2568 1724 2723 1779 vinea
2753 1726 3048 1784 Israelitica
3092 1732 3241 1789 olera
3289 1735 3685 1806 plantarentur.

2119 1804 2271 1862 Fecit
2300 1822 2430 1876 ergo
2457 1811 2561 1866 hoc
2590 1822 2846 1884 tanquam
2876 1816 3077 1887 justus,
3108 1830 3166 1876 ut
3208 1804 3312 1877 non
3348 1827 3690 1894 permitteret

2117 1896 2289 1951 excidi
2337 1899 2549 1957 vineam
2579 1902 2824 1973 justitim,
2869 1908 3026 1978 cujus
3058 1910 3264 1968 fructus
3306 1914 3547 1971 lzetillcat
3593 1932 3690 1972 cor

2117 1986 2381 2054 hominis,
2429 2005 2551 2047 cum
2600 1995 2653 2051 in
2703 1996 2982 2065 sapientia:
3035 2011 3247 2057 cratere
3306 2005 3584 2074 miscetur,
3633 2021 3689 2063 et

2113 2079 2343 2147 plantari
2372 2082 2522 2142 olera
2565 2085 2891 2159 iniquitatis,
2942 2092 3197 2149 velociter
3241 2096 3551 2165 viridantia,
3588 2101 3683 2157 sed

2113 2171 2350 2227 velocius
2383 2179 2710 2235 arescentia.
2760 2179 2896 2239 Puto
2927 2200 3058 2256 ergo
3088 2188 3231 2258 quod
3280 2191 3445 2245 etiam
3489 2192 3543 2246 itt
3579 2208 3674 2247 no-

2109 2268 2238 2318 stris
2288 2266 2544 2326 cordibus
2583 2272 2674 2342 qui
2711 2274 2984 2331 credimus
3035 2277 3325 2347 Salvatori,
3377 2284 3448 2337 sit
3500 2283 3675 2355 aliqua

2106 2355 2260 2409 vinea
2311 2357 2574 2427 plantata,
2620 2362 2762 2419 sicut
2797 2366 3037 2421 dixit“:
3082 2367 3245 2424 Vinea
3290 2373 3435 2441 facta
3467 2386 3543 2431 est
3589 2376 3674 2431 di-

2105 2444 2233 2498 lecta
2265 2447 2321 2501 in
2349 2464 2533 2518 cornu,
2562 2452 2618 2507 in
2648 2454 2763 2507 loco
2793 2455 2958 2511 uberi.
3008 2456 3115 2513 Sed
3145 2469 3199 2514 et
3227 2461 3291 2515 ad
3327 2462 3445 2518 illos
3475 2466 3674 2519 dictum

2102 2544 2185 2589 est
2214 2538 2409 2606 quibus
2449 2554 2628 2595 sermo
2679 2542 2772 2597 Dei
2811 2544 2987 2600 factus
3033 2558 3114 2603 est
3163 2551 3394 2620 primum
3429 2553 3494 2620 ⁸³,
3549 2557 3674 2624 quia

2098 2624 2209 2696 Ego
2240 2627 2471 2694 plantavi
2515 2641 2564 2684 te
2618 2632 2820 2687 vineam
2874 2646 3037 2690 totam
3089 2636 3335 2702 feracem.
3387 2643 3481 2697 Est
3547 2662 3675 2716 ergo

2099 2717 2254 2770 nobis
2282 2716 2435 2772 vinea
2466 2720 2709 2789 quaedam
2742 2738 2806 2778 ex
2853 2740 2957 2795 qua
2990 2727 3226 2785 fructum
3273 2733 3540 2799 scientiae,
3578 2739 3669 2806 qui

2096 2808 2332 2865 ltetilicat
2375 2827 2470 2869 cor
2522 2815 2771 2883 hominis,
2822 2835 2919 2889 per
2965 2820 3164 2877 donum
3217 2826 3498 2896 sapientiae
3547 2842 3668 2895 pre-

2094 2896 2292 2954 mimus
2341 2900 2397 2955 in
2449 2903 2812 2961 torcularibus
2863 2906 3292 2980 Scripturarum,
3326 2929 3446 2967 cum
3484 2915 3665 2985 perfe-

2092 2988 2231 3042 ctius
2264 2999 2320 3045 et
2368 2990 2527 3047 latius
2580 2993 2761 3050 divina
2816 3000 2948 3068 legis
3006 3003 3265 3070 mysteria
3321 3015 3659 3059 contuemur.

398 3092 586 3146 omnia
635 3092 802 3162 9,0,5“
847 3098 962 3162 ejus
1006 3105 1061 3147 ω
1108 3095 1209 3164 βω
1251 3095 1380 3164 iam;
1439 3096 1669 3156 Eum“
1718 3079 1897 3173 [eum
1935 3099 2060 3162 ac
2092 3079 2199 3136 Sed
2235 3084 2644 3151 proﬁcientibus
2698 3090 2855 3146 nobis
2908 3092 2961 3146 in
3012 3095 3225 3158 studiis,
3277 3106 3331 3150 et
3368 3095 3662 3154 Israelitico

417 3186 515 3253 ﬂos
546 3185 659 3253 ejus
689 3186 886 3240 decidit
920 3188 985 3241 ³⁷.
1021 3188 1123 3255 Qui
1154 3198 1334 3244 autem
1378 3204 1482 3247 non
1516 3193 1693 3266 diligit
1735 3195 1988 3258 ﬂosculos

416 3279 617 3343 carnis,
672 3293 845 3349 neque
898 3280 1200 3337 carnaliter
1241 3282 1395 3350 vivit,
1435 3286 1530 3340 sed
1558 3288 1733 3359 diligit
1761 3295 1984 3351 verbum

415 3369 532 3433 Dei,
565 3371 699 3425 etin
732 3371 849 3441 ipso
878 3372 1120 3439 proﬁcit,
1154 3373 1276 3428 audi
1302 3375 1436 3444 quid
1460 3387 1644 3446 speret
1673 3397 1689 3434 :
1735 3379 1983 3450 Verbum,

414 3462 589 3531 inquit
621 3462 689 3528 ³⁸,
732 3462 943 3517 Domini
983 3472 1160 3516 manet
1208 3464 1264 3516 in
1309 3473 1584 3523 (sternunt.
1629 3468 1736 3525 Sed
1786 3484 1841 3527 et
1882 3476 1985 3530 hoc

392 3556 587 3624 ipsum
636 3556 779 3625 quod
822 3555 921 3619 ait,
964 3555 1091 3623 quia
1148 3558 1282 3609 sicut
1326 3557 1503 3625 fenum
1544 3561 1649 3613 cito
1713 3576 1977 3632 arescent,

396 3646 773 3717 malignantes
800 3645 1031 3709 scilicet,
1061 3660 1166 3700 non
1194 3647 1436 3703 arbitror
1452 3650 1683 3705 otiosum
1712 3668 1811 3708 cur
1854 3656 1980 3711 l’eno

388 3752 500 3790 -eos
537 3736 959 3804 comparaverit,
1015 3751 1136 3790 cum
1183 3735 1369 3805 utique
1406 3750 1462 3793 et
1502 3740 1607 3795 alia
1640 3746 1811 3810 possit
1857 3760 1979 3803 esse

390 3827 659 3891 materia,
690 3825 776 3881 cui
808 3836 1190 3895 comparentur
1215 3826 1271 3881 bi
1302 3829 1393 3897 qui
1424 3830 1695 3889 malitiose
1720 3846 1975 3904 egerunt.

388 3917 613 3971 iFenum
668 3926 943 3971 mutorum
977 3926 1032 3970 et
1064 3917 1524 3975 irrationabilium
1547 3923 1865 3981 animalium
1890 3928 1973 3984 ci-

404 4010 509 4063 bus
536 4018 639 4064 est.
670 4008 942 4064 Fortassis
985 4024 1115 4079 ergo
1151 4024 1250 4079 pro
1276 4026 1341 4068 eo
1374 4013 1517 4081 quod
1561 4028 1751 4073 omnes
1794 4021 1968 4088 stulti,

400 4111 456 4158 et
484 4102 734 4173 imperiti,
783 4111 838 4156 et
882 4105 977 4172 qui
1027 4112 1218 4158 contra
1257 4105 1530 4163 rationem
1554 4116 1613 4165 et
1637 4112 1965 4181 sapientiam

404 4193 496 4248 Dei
550 4196 758 4259 vivunt,
814 4204 1118 4264 sequuntur
1167 4209 1262 4251 eos
1311 4198 1403 4266 qui
1453 4200 1506 4253 in
1556 4201 1763 4258 malitia
1814 4205 1964 4275 prin-

399 4285 549 4353 cipes
576 4295 722 4351 sunt,
755 4295 810 4340 et
836 4299 900 4338 ex
934 4285 1150 4340 illorum
1187 4286 1295 4343 vita
1326 4288 1413 4343 vel
1439 4291 1652 4349 actibus
1695 4296 1841 4351 vesci
1881 4295 1962 4352 di-

396 4386 613 4443 cuntur,
646 4378 843 4447 quibus
872 4386 927 4433 et
956 4377 1233 4443 obediunt,
1271 4379 1479 4437 idcirco
1508 4396 1605 4439 eos
1634 4383 1763 4440 leno
1813 4401 1962 4442 com-

395 4469 629 4539 paravit.
656 4468 826 4523 Νεωο
866 4468 1010 4522 enim
1051 4468 1290 4538 prudens
1334 4469 1400 4524 ab
1443 4472 1546 4528 illis
1585 4476 1750 4530 sumit
1778 4490 1961 4535 exem-

391 4559 988 4630 plum.Nam,sieutvir
1007 4560 1243 4628 prudens
1257 4561 1349 4631 qui
1380 4562 1715 4621 auditverba
1747 4568 1959 4627 Domini

375 4662 447 4707 ret
494 4652 624 4707 l'acit
662 4666 749 4719 ea,
800 4651 902 4706 iste
947 4662 1032 4706 est
1076 4654 1168 4723 qui
1216 4655 1513 4711 manducat
1555 4671 1752 4725 panem
1806 4659 1955 4718 illum

368 4742 549 4814 .657
573 4743 666 4813 qui
709 4744 775 4799 de
805 4743 942 4799 calo
971 4744 1269 4813 descendit,
1300 4755 1355 4802 et
1383 4746 1541 4804 Iesus
1578 4758 1663 4805 est
1694 4751 1849 4809 cibus
1882 4753 1954 4821 ei,

386 4849 487 4902 pro
527 4848 593 4888 eo
625 4836 769 4903 quod
813 4849 880 4889 es
924 4835 1104 4891 verbis
1151 4837 1269 4907 ejus
1318 4839 1576 4908 pascitur,
1609 4850 1665 4897 et
1712 4842 1764 4897 in
1807 4858 1957 4901 matt-

384 4926 526 4982 datis
559 4924 677 4994 eius
706 4925 866 4983 vivit:
910 4925 1161 4985 similiter
1187 4937 1241 4984 et
1268 4929 1322 4986 hi
1364 4928 1458 4999 qui
1495 4930 1548 4987 in
1582 4932 1787 4990 malitia
1826 4936 1957 4993 emi-

384 5028 595 5085 nentes,
624 5019 765 5077 sicut
796 5018 976 5076 icnum
1022 5017 1328 5079 eﬂiciuntur
1373 5022 1438 5077 iis
1470 5022 1565 5092 qui
1609 5024 1713 5081 sibi
1745 5027 1953 5082 obtem-

383 5120 591 5182 perant,
616 5110 699 5166 vel
744 5110 1141 5168 zemulatienem
1171 5113 1254 5168 sui
1290 5113 1357 5169 ad
1394 5115 1689 5183 nequitiam
1734 5128 1948 5187 gerunt.

380 5200 590 5256 Similia
640 5208 821 5255 autem
850 5202 1015 5257 etiam
1049 5201 1117 5257 de
1149 5201 1390 5257 oleribus
1422 5202 1718 5259 herbarum
1754 5207 1951 5262 intelli-

376 5294 549 5365 genda
587 5303 731 5359 sunt,
761 5293 956 5361 quibus
983 5305 1367 5362 comparantur
1398 5295 1449 5350 hi
1484 5296 1572 5365 qui
1610 5297 1817 5354 iaciunt
1846 5301 1949 5355 ini-

376 5382 635 5450 quitatem
684 5397 782 5453 pro
827 5397 892 5437 eo
937 5384 1078 5452 quod
1118 5384 1381 5440 velociter
1427 5394 1726 5442 transeant.
1783 5388 1944 5444 Inve-

374 5474 554 5529 nimus
584 5484 762 5529 tamen
798 5474 849 5529 in
884 5474 1177 5545 Seripturis
1209 5475 1406 5531 divinis
1438 5476 1708 5534 interdum
1735 5490 1791 5535 et
1828 5481 1942 5536 lano

413 5612 440 5637 ί*
480 5613 526 5646 ³⁸
561 5613 704 5668 Psal.
750 5630 936 5677 sxxvr,
967 5616 1019 5668 2.
1099 5615 1144 5647 ³⁸
1197 5613 1321 5669 lsai.
1368 5632 1452 5679 ιιι..
1502 5618 1555 5674 6.
1636 5619 1680 5651 ³’
1711 5621 1841 5677 ibid.
1872 5623 1922 5676 7ο

401 5696 517 5736 χιι.
596 5683 640 5713 ⁸³
668 5681 771 5739 lsa.
805 5699 858 5749 ν,
886 5684 937 5737 l.
1015 5685 1058 5715 ⁸³
1094 5683 1297 5739 Jcrcm.
1329 5702 1364 5739 ll
1388 5726 1402 5753 ,
1438 5687 1530 5743 ιιι.

377 5767 555 5817 mm,
584 5751 637 5805 3.

2006 5625 2047 5656 ³⁸
2076 5626 2206 5680 ibid.
2235 5630 2287 5682 8.

1610 5689 1655 5721 “
1692 5690 1811 5743 Gal.
1869 5708 1961 5758 tu,
1994 5695 2045 5749 5.

2089 3174 2246 3230 oculo
2304 3177 2371 3230 ad
2433 3182 2652 3235 oculum
2718 3183 3015 3251 spiritaiem
3085 3187 3457 3250 tendentibus.
3516 3191 3663 3245 venit

2086 3266 2275 3322 Achab
2323 3268 2541 3340 iniquus
2589 3280 2643 3327 et
2690 3272 2909 3342 impius,
2955 3276 3139 3331 Acbab
3195 3278 3445 3333 inimicus
3491 3280 3662 3335 vinea:

2087 3366 2307 3422 nostrae,
2348 3368 2403 3414 et
2445 3360 2728 3417 adversum
2766 3366 2969 3434 Optima
3018 3367 3191 3422 studia
3229 3370 3340 3426 haec
3386 3373 3661 3439 sapientia:

2087 3448 2345 3503 invidiam
2386 3451 2669 3518 concitat,
2708 3456 2993 3511 tumultum
3043 3471 3372 3527 commovet,
3421 3462 3574 3516 dolus
3606 3473 3660 3517 et

2084 3533 2352 3591 factiones
2384 3554 2479 3609 per
2510 3538 2748 3608 Jezabel,
2798 3545 2899 3600 hoc
2951 3555 3065 3613 est,
3112 3564 3211 3618 per
3259 3554 3529 3608 carnalem
3569 3569 3657 3610 sa-

2082 3625 2340 3694 pientiam
2373 3629 2614 3696 instruit,
2644 3642 2700 3687 et
2739 3635 2852 3689 vult
2886 3638 3062 3692 excidi
3098 3641 3312 3695 vineam
3363 3645 3521 3699 istam
3554 3650 3659 3716 spi-

2082 3717 2256 3772 ritalis
2298 3718 2694 3789 intelligentia},
2741 3735 2795 3778 ct
2844 3726 3082 3796 plantari
3133 3734 3304 3799 olera,
3352 3736 3404 3789 id
3438 3747 3555 3803 est,
3594 3749 3655 3791 ut

2078 3822 2200 3877 qua:
2244 3808 2488 3878 legimus,
2522 3812 2815 3868 carnaliter
2868 3816 3273 3889 intelligamus:
3313 3825 3454 3880 sicut
3503 3826 3651 3881 olera

2075 3902 2219 3955 enim
2244 3902 2421 3957 omnis
2447 3904 2619 3973 gratia
2650 3907 2829 3963 carnis
2862 3919 2968 3975 est,
2996 3921 3056 3965 ut
3094 3912 3382 3983 impleatur
3407 3917 3461 3973 in
3497 3921 3647 3980 nobis

2075 3990 2201 4045 illud
2233 3994 2375 4062 quod
2418 3993 2598 4063 culpat
2639 3997 2930 4066 Apostolus
2963 4002 3148 4058 dicens
3194 4008 3259 4061 ad
3303 4008 3525 4067 Galatas
3548 4013 3593 4046 “
3628 4034 3644 4072 :

2073 4081 2166 4137 Sic
2213 4084 2463 4140 insensati
2492 4089 2635 4154 estis,
2686 4097 2743 4142 ut
2789 4107 2905 4144 cum
2952 4095 3141 4161 spiritu
3190 4103 3471 4168 ceperitis,
3506 4120 3645 4160 nunc

2070 4190 2227 4229 carne
2272 4176 2669 4245 perﬁciamini?
2719 4179 2873 4247 Quod
2903 4193 3086 4238 autem
3138 4187 3189 4239 in
3234 4191 3416 4244 anima
3456 4207 3643 4251 saneta

2069 4266 2178 4325 sint
2211 4270 2399 4337 vineae,
2433 4281 2487 4325 et
2515 4275 2631 4342 agri
2669 4289 2697 4327 a
2732 4272 2959 4329 Domino
2985 4277 3275 4346 benedicti,
3309 4286 3432 4338 audi
3477 4288 3640 4341 etiam

2068 4358 2221 4415 Isaac
2252 4360 2317 4413 ad
2350 4361 2517 4416 illium
2546 4377 2702 4417 suum
2734 4363 2902 4419 Jacob
2931 4366 3200 4421 dicentem
3229 4370 3275 4403 "
3302 4389 3315 4424 :
3351 4373 3483 4428 Ecce
3512 4382 3643 4433 odor

2066 4446 2167 4515 [iiii
2202 4450 2302 4502 mei
2343 4451 2475 4503 sicut
2515 4453 2649 4505 odor
2696 4455 2811 4521 agri
2853 4454 3013 4522 pleni,
3044 4472 3195 4526 quem
3226 4460 3487 4517 benedixit
3532 4467 3640 4521 Da-

2068 4541 2263 4599 minus.
2293 4541 2483 4598 Melius
2511 4558 2640 4614 ergo
2665 4556 2750 4600 cst
2781 4546 2995 4602 vineam
3027 4564 3127 4604 nos
3162 4552 3343 4608 colere
3374 4557 3427 4609 in
3456 4560 3637 4614 anima

2067 4642 2271 4699 nostra,
2299 4643 2351 4689 et
2389 4637 2632 4690 torcular
2670 4637 2854 4692 fodere
2888 4638 3314 4710 Scr‘ipturarum,
3355 4656 3409 4700 et
3452 4650 3637 4704 vinde-

2064 4729 2234 4783 miare
2264 4728 2467 4796 botros,
2498 4739 2551 4783 et
2585 4744 2832 4798 premere
2862 4732 3040 4785 vinum
3077 4734 3143 4788 de
3171 4734 3326 4791 vinea
3360 4737 3547 4804 Sorae,
3580 4752 3637 4795 ut

2064 4828 2120 4873 et
2144 4833 2242 4874 nos
2274 4821 2517 4876 dicamus
2546 4822 2617 4875 ad
2646 4822 2929 4876 Dominum
2955 4823 3021 4889 ⁸⁸,
3050 4826 3177 4895 quia
3196 4824 3456 4886 Poculunt
3479 4842 3627 4888 tum

2064 4910 2327 4965 inebrians
2363 4928 2519 4981 quant
2558 4914 2873 4981 praeclarum
2908 4915 3039 4969 est."

2130 5002 2183 5056 5.
2222 5001 2581 5072 Posteaquam
2616 5004 2752 5058 dixit
2804 5006 2949 5063 sicut
2993 5009 3145 5065 olera
3193 5012 3487 5069 herbarum
3520 5017 3633 5072 cito

2061 5093 2310 5150 decidere
2342 5095 2604 5151 !acientes
2647 5097 3011 5168 iniquitatem,
3044 5111 3099 5160 et
3146 5105 3425 5172 prohibuit
3466 5122 3635 5163 aemu—

2058 5187 2157 5241 lari
2190 5188 2329 5241 inter
2362 5188 2740 5259 malignantes,
2779 5202 2835 5246 et
2871 5194 3075 5250 imitari
3122 5194 3386 5253 facientes
3433 5200 3634 5269 iniqui-

2060 5286 2268 5331 tatem:
2306 5287 2435 5333 tunc
2480 5278 2610 5333 dicit
2652 5282 2785 5349 quid
2835 5282 3017 5339 facere
3064 5286 3377 5343 debeamus.
3429 5290 3626 5361 Spera,

2057 5368 2231 5439 inquit
2253 5371 2319 5434 ⁸⁷,
2349 5372 2403 5424 in
2445 5371 2665 5426 Domino
2697 5412 2712 5438 ,
2745 5384 2793 5428 et
2828 5374 2912 5443 fac
2955 5376 3256 5432 bonitatem.
3293 5380 3633 5452 Contemptis

2052 5462 2265 5517 scilicet
2310 5463 2414 5519 illis
2459 5466 2711 5520 onmibus
2756 5482 2875 5536 qua:
2921 5468 3173 5537 superius
3216 5470 3431 5539 culpata
3481 5483 3627 5538 sunt,

2391 5628 2434 5660 ”
2472 5628 2585 5684 Jns.
2616 5644 2737 5683 xm.

2814 5628 2857 5708 “3
2899 5630 3069 5708 Exod.
3116 5648 3225 5686 xiv.
3270 5633 3345 5708 f'
3387 5634 3451 5708 ill
3485 5636 3628 5708 333’

2125 5698 2169 5727 ’⁸⁵
2281 5698 2736 5754 Gt‘ll.XXV1127.

2813 5700 2857 5730 ⁸⁸
2899 5699 3040 5755 Psal.
3085 5716 3229 5771 xm,
3267 5703 3320 5759 5.
3395 5703 3437 5734 "'
3483 5699 3624 5763 Psai.
