4100 6398
370 308 387 359 l
403 305 507 359 525

1054 294 1361 352 SELECTA
1402 290 1467 346 IN
1507 290 1847 347 PSALMOS.
1889 316 1951 331 --

2057 280 2232 341 DKIL.
2274 285 2293 339 Ι
2338 288 2401 341 ΙΝ
2441 290 2633 348 ΡΞΛΙ..
2676 289 2914 346 XXXVI.
3122 283 3217 319 "*“‘

3487 290 3617 344 1326

364 418 682 487 honoribus,
727 418 951 483 divitiis,
997 426 1052 472 et
1083 416 1230 471 omni
1280 410 1448 486 gloria
1485 412 1717 482 carnali,
1770 423 1937 486 atque
1965 418 2011 473 Α
2040 413 2213 468 mines
2272 411 2621 465 introducere
2667 408 2979 481 ὁμωνυμίᾳ,
3032 409 3083 465 id
3134 419 3218 465 est
3263 410 3621 467 similitudine

363 514 616 570 omnibus
649 508 828 566 saeculi
880 509 1056 574 bonis,
1104 506 1157 562 in
1196 504 1445 571 Domino,
1498 506 1708 578 inquit,
1758 520 1938 577 spera.

364 602 610 673 Sperans
660 611 843 655 autem
900 600 952 653 iu
1010 599 1235 653 Domino
1271 610 1376 652 non
1430 597 1508 650 sis
1558 598 1792 661 utiosus;
1848 596 1943 650 sed

369 695 670 751 bonitatem
703 690 929 756 faciens,
959 702 1116 759 spera
1155 689 1205 743 in
1234 702 1318 743 eo.
1350 689 1481 755 Quae
1511 699 1594 743 est
1624 701 1805 742 autem
1840 687 1941 741 ista

371 787 605 848 bonitas,
648 782 947 840 videamus.
977 782 1130 838 Unus
1164 792 1245 837 est
1288 796 1351 837 ex
1399 779 1504 835 illis
1539 779 1779 834 fontibus
1810 791 1945 847 quos

371 876 546 932 sancti
582 874 822 946 Spiritus
873 872 1088 929 fructus
1138 888 1259 929 csse
1299 878 1583 927 enumerat
1628 868 1940 939 Apostolus.

372 966 604 1023 Fructus
638 977 815 1022 autent
846 966 1062 1032 spiritus
1090 975 1164 1019 est
1207 964 1464 1029 cltaritas,
1499 962 1774 1032 gaudium,
1816 974 1941 1028 pax,

369 1057 644 1128 patientia,
689 1056 893 1110 bonitas
938 1069 985 1109 et
1033 1053 1243 1122 justitia
1269 1051 1334 1106 “.
1380 1050 1487 1106 Fac
1547 1066 1677 1119 ergo
1730 1051 1943 1103 bonita-

375 1160 501 1213 tem,
538 1149 679 1201 velut
716 1149 759 1202 si
797 1148 1007 1201 diceret
1040 1146 1107 1199 ad
1153 1158 1343 1214 agrum
1376 1143 1626 1211 loquens,
1655 1140 1759 1195 Fac
1795 1141 1940 1195 illum

374 1244 611 1296 fructum
653 1240 735 1296 vel
781 1238 971 1295 illum:
1012 1239 1084 1291 ita
1134 1253 1276 1291 nunc
1323 1234 1418 1291 tibi
1464 1236 1697 1289 auditori
1738 1236 1947 1289 divina-

373 1348 489 1387 rum
528 1333 955 1402 Scripturarum,
997 1340 1255 1398 tanquam
1305 1342 1436 1397 agro
1486 1327 1728 1395 loquitur
1759 1336 1943 1380 sermo

371 1424 605 1478 divinus.
642 1422 754 1477 Fac
792 1424 1097 1484 bonitatem,
1128 1433 1175 1475 et
1208 1420 1446 1474 inhabita
1500 1428 1719 1483 terram,
1768 1427 1816 1471 et
1850 1430 1942 1484 pa-

372 1520 529 1572 sceris
560 1514 617 1572 in
656 1512 855 1571 divitiis
896 1517 1034 1586 ejus.
1082 1510 1201 1568 Noli
1249 1526 1370 1568 csse
1420 1512 1561 1566 sicut
1611 1510 1791 1563 fenum
1823 1522 1943 1563 are—

373 1627 562 1674 sccns,
612 1608 717 1664 noli
770 1608 882 1661 ﬁeri
930 1607 1069 1662 sicut
1114 1606 1263 1661 olera
1307 1606 1628 1665 herbarum,
1680 1612 1799 1671 qua:
1834 1601 1945 1654 cito

372 1702 650 1767 deﬁcient,
698 1702 793 1756 sed
822 1714 977 1769 spera
1011 1701 1064 1753 in
1103 1696 1354 1767 Domino,
1396 1704 1450 1750 et
1500 1694 1582 1750 iac
1625 1694 1939 1756 bonitatem,

2047 500 2271 556 alterius
2324 501 2551 555 alterum
2600 515 2665 555 ex
2715 501 2888 555 altero
2938 502 3241 566 nominare,
3292 502 3393 555 hoc
3425 508 3512 557 est
3553 517 3619 555 ea

2045 610 2165 663 qua:
2211 595 2497 648 exterioris
2529 603 2657 649 sunt
2698 595 2951 661 hominis,
2994 595 3325 664 compellere
3356 596 3520 649 etiaut
3564 595 3624 649 in

2048 688 2388 742 interiorem.
2436 688 2589 754 Quod
2641 696 2821 741 autem
2872 686 2995 743 dico
3049 690 3155 745 tale
3204 701 3289 744 est
3325 688 3623 743 :Exterior

2046 778 2205 832 homo
2251 778 2551 848 corporalis
2584 779 2823 833 vescitur
2876 780 3015 833 cibis
3052 779 3523 848 corruptibilibus,
3556 790 3613 831 et

2047 871 2149 926 sibi
2199 872 2358 939 aptis.
2396 872 2490 926 Est
2524 881 2704 925 autem
2753 882 2807 926 et
2858 874 3013 928 cibus
3067 871 3283 943 quidam
3342 871 3620 926 interioris

2048 962 2302 1027 hominis,
2334 963 2401 1017 de
2447 974 2554 1032 quo
2591 963 2793 1017 dicitur
2842 965 2965 1032 quia
3015 964 3067 1017 in
3121 964 3268 1017 omni
3305 963 3476 1017 verbo
3524 961 3619 1016 Dei

2047 1052 2177 1105 vivit
2213 1053 2375 1106 homo
2394 1054 2461 1106 ⁸³.
2502 1052 2597 1107 Est
2629 1054 2879 1121 poculum
2910 1055 3205 1109 exterioris
3237 1055 3496 1119 hominis,
3527 1062 3616 1108 est

2047 1142 2191 1195 aliud
2222 1143 2516 1197 interioris.
2553 1143 2797 1198 Bibimns
2823 1144 2968 1197 enim
3013 1146 3082 1200 de
3111 1144 3340 1214 spiritali
3370 1143 3620 1213 sequenti

2046 1241 2199 1301 petra
2222 1233 2289 1298 “,
2336 1244 2388 1288 et
2434 1236 2669 1289 bibimus
2719 1248 2951 1303 aquam,
2985 1250 3182 1305 quam,
3210 1236 3424 1290 dicente
3468 1232 3617 1297 Iesu.

2045 1325 2135 1392 qui
2168 1324 2312 1387 bibit,
2351 1341 2453 1379 non
2488 1328 2629 1381 sitiet
2662 1331 2716 1381 in
2754 1337 3008 1383 attentum
3032 1327 3097 1381 ".
3135 1326 3229 1380 Est
3261 1336 3315 1379 et
3346 1326 3623 1378 indumen-

2046 1424 2160 1469 tum
2201 1419 2492 1473 ettterioris
2530 1421 2786 1482 hominis,
2830 1431 2912 1475 est
2953 1431 3005 1473 et
3057 1418 3337 1472 interioris
3382 1417 3620 1471 hominis

2047 1508 2443 1564 indumentum.
2478 1504 2541 1565 Et
2575 1514 2618 1567 si
2665 1513 2885 1582 quidem
2933 1520 3186 1582 peccator
3220 1513 3315 1575 sit,
3346 1510 3519 1563 induit
3564 1517 3624 1564 sc

2047 1602 2393 1657 maledictum
2437 1605 2576 1659 sicut
2620 1608 3003 1659 vestimentum
3025 1605 3090 1659 ".
3126 1602 3183 1659 Si
3228 1613 3411 1659 autem
3443 1604 3623 1672 justus

2046 1694 2149 1759 sit,
2192 1695 2408 1749 antiit"
2443 1712 2455 1749 :
2492 1694 2705 1751 lndnite
2757 1713 2840 1751 vos
2888 1697 3169 1749 Dominum
3217 1695 3405 1749 Iesum
3464 1692 3619 1747 Chri-

371 1804 422 1846 ct
464 1792 701 1846 inhabita
738 1800 958 1846 terrain.
993 1788 1165 1856 Quam
1220 1797 1423 1842 terram
1478 1784 1788 1838 inhabitare
1844 1796 1943 1835 nos
1977 1765 2016 1820 Β
2046 1795 2201 1839 stum.
2253 1780 2319 1841 Et
2342 1788 2389 1818 "
2417 1805 2430 1841 :
2461 1787 2673 1841 Induite
2710 1800 2800 1842 vos
2848 1788 3046 1841 viscera
3088 1786 3485 1851 misericordia',
3535 1786 3622 1837 be-

365 1883 521 1952 jnbet
568 1887 610 1937 si
664 1882 963 1937 bonitatem
1014 1880 1345 1936 fecerimus?
1394 1875 1595 1945 Utique
1645 1876 1690 1928 si
1736 1875 1803 1929 de
1844 1874 1943 1927 ista

372 1977 688 2045 loqueretur
722 1984 867 2029 terra
913 1987 1075 2044 quam
1129 1973 1460 2037 habitamus,
1495 1978 1550 2023 et
1600 1968 1693 2037 qui
1743 1966 1947 2020 iaciunt

372 2069 695 2133 bonitatem,
736 2076 791 2120 et
834 2066 924 2135 qui
961 2076 1065 2118 non
1100 2056 1329 2127 faciunt,
1368 2061 1617 2115 habitant
1651 2058 1795 2112 lianc
1836 2066 1944 2109 ter-

371 2176 508 2215 ram.
556 2156 899 2228 Supe’rlluum
931 2168 1063 2229 ergo
1111 2155 1327 2209 videtur
1379 2163 1503 2207 esse
1545 2150 1858 2204 mandatum
1900 2148 1943 2201 si

373 2251 711 2321 intelligatur
740 2251 855 2303 haec
884 2258 1051 2304 terra.
1086 2242 1193 2302 Sed
1224 2245 1511 2300 videamus
1534 2256 1601 2297 ne
1630 2241 1770 2296 forte
1799 2239 1951 2294 illam

372 2344 521 2396 dicat
556 2350 762 2395 terram
804 2341 869 2394 dc
916 2352 1022 2409 qua
1068 2334 1331 2407 scripturn
1379 2342 1463 2390 est
1484 2335 1553 2398 υ,
1602 2332 1729 2402 quia
1764 2340 1948 2385 semen

372 2433 518 2485 aliud
551 2430 744 2486 cecidit
774 2442 937 2499 saper
974 2440 1173 2483 terram
1207 2426 1425 2488 bonum,
1454 2433 1577 2494 qum
1621 2420 1803 2475 attulit
1837 2420 1947 2472 ltu—

374 2533 541 2585 clum,
580 2522 633 2576 in
679 2534 784 2590 qua
835 2532 980 2575 nunc
1011 2530 1157 2574 terra
1214 2528 1311 2572 cor
1348 2512 1614 2569 auditoris
1648 2510 1949 2581 signiﬁcari

374 2613 606 2667 videtur.
663 2608 817 2667 Hanc
867 2622 999 2680 ergo
1045 2608 1305 2678 iubemur
1348 2606 1679 2668 inhabitare,
1716 2604 1821 2658 hoc
1868 2611 1954 2655 est

377 2718 482 2758 non
510 2704 724 2775 longius
749 2704 998 2773 evagari,
1026 2715 1129 2756 non
1163 2700 1301 2755 ultra
1336 2699 1583 2767 citraque
1617 2697 1949 2759 discurrere,

373 2799 469 2851 sed
521 2798 794 2861 habitare,
849 2802 904 2850 et
953 2792 1259 2849 consistere
1307 2792 1448 2846 intra
1504 2790 1701 2843 ani-mae
1752 2796 1955 2841 nostris

376 2886 671 2951 terminus,
717 2896 773 2941 et
822 2884 1179 2940 considerare
1235 2894 1355 2937 eam
1416 2878 1731 2949 diligentius
1788 2890 1951 2948 atque

375 2975 513 3031 emei
545 2977 662 3046 ejus
692 2970 931 3045 agricola
963 2970 1104 3028 sicut
1145 2970 1243 3028 fuit
1270 2971 1403 3036 Noe,
1434 2978 1490 3026 et
1521 2971 1771 3040 plantam
1803 2971 1859 3025 in
1887 2980 1951 3024 ea

2050 1880 2352 1947 nignitatem
2376 1920 2391 1943 ,
2440 1880 2827 1945 humilitatem,
2864 1881 3322 1933 mansuetudinem
3344 1919 3359 1939 ,
3408 1878 3617 1945 patien-
3705 1896 3709 1901 θ

2049 1967 2199 2019 tiam.
2247 1968 2311 2021 Et
2367 1969 2496 2037 quid
2554 1982 2777 2024 ttecesse
2824 1979 2906 2024 σει
2952 1980 3211 2024 enarrare
3263 1982 3359 2037 per
3408 1966 3616 2036 singula

2049 2060 2317 2125 quomodo
2354 2057 2778 2125 interiorbomo
2819 2060 3108 2116 exterioris
3142 2060 3378 2114 hominis
3426 2061 3616 2112 Immu-

2051 2149 2230 2219 nymis
2274 2146 2726 2218 appellationibus
2782 2151 3137 2207 nominetur?
3166 2153 3331 2206 Arma
3380 2152 3623 2207 exterior

2054 2241 2217 2293 homo
2257 2248 2311 2295 et
2346 2241 2571 2295 interior
2606 2236 2789 2297 habet.
2822 2242 2923 2308 Qui
2954 2245 3253 2298 secundum
3304 2243 3623 2297 interiorem

2052 2330 2329 2384 hominem
2375 2332 2603 2395 militat,
2656 2332 2897 2387 induitur
2942 2333 3110 2387 armis
3167 2331 3296 2396 Dei,
3348 2339 3405 2384 ut
3454 2328 3625 2400 possit

2052 2431 2198 2476 stare
2251 2423 2513 2477 adterstts
2569 2423 2834 2479 versutias
2886 2422 3109 2479 diaboli.
3150 2422 3259 2476 Sed
3292 2429 3411 2492 post
3460 2421 3622 2474 multa

2054 2514 2323 2584 exempla,
2366 2513 2647 2569 veniamus
2695 2516 2765 2568 ad
2817 2515 2920 2569 hoc
2954 2516 3099 2584 quod
3151 2515 3482 2582 propositum
3511 2523 3617 2565 est.

2055 2606 2345 2662 Videamus
2380 2606 2513 2677 quid
2536 2613 2619 2661 est
2649 2606 2793 2676 quod
2818 2604 3153 2677 signiﬁcatur
3181 2616 3247 2660 ex
3279 2619 3346 2659 eo
3378 2603 3520 2672 quod
3548 2603 3630 2655 di-

2054 2708 2199 2754 ctum
2230 2707 2313 2753 est
2340 2712 2355 2753 :
2388 2698 2661 2753 Delector:
2694 2700 2753 2752 in
2782 2698 3027 2761 Domino,
3075 2706 3129 2751 et
3172 2696 3316 2749 dabit
3360 2696 3452 2748 tibi
3498 2696 3629 2762 peti-

2057 2794 2223 2846 tiones
2263 2793 2435 2845 cordis
2488 2792 2587 2849 tut.
2624 2788 2921 2846 sciendum
2954 2792 3185 2859 primum
3237 2797 3322 2843 est
3366 2786 3493 2856 quia
3526 2789 3627 2841 hoc

2057 2876 2199 2951 quod
2231 2883 2344 2936 disi
2372 2883 2423 2937 in
2449 2882 2663 2947 Latino,
2690 2881 2946 2935 delectare
2972 2882 3026 2934 in
3064 2880 3311 2939 Dom-itur.
3338 2880 3395 2933 in
3414 2876 3631 2938 Gnaeo.

2055 2972 2315 3027 deliciare'
2358 2973 2412 3027 in
2473 2973 2719 3037 Domino,
2772 2971 2987 3025 dicitur.
3050 2970 3161 3025 Hoc
3215 2972 3363 3024 enim
3407 2968 3631 3024 Graecus

375 3070 623 3131 vineam,
669 3074 725 3122 et
770 3060 1023 3121 excokre
1074 3073 1282 3119 terram
1328 3076 1449 3133 qua:
1496 3064 1645 3117 intra
1682 3072 1785 3117 nos
1832 3070 1945 3127 eat,
1979 3095 2030 3154 ο
2057 3074 2239 3119 sermo
2266 3065 2506 3123 indicat:
2542 3066 2685 3134 quod
2716 3074 2793 3118 est
2836 3062 3274 3134 κατατρύφησον.
3307 3061 3461 3117 Sicut
3497 3076 3634 3130 ergo

375 3166 577 3211 nostra:
618 3157 811 3210 anima:
860 3156 1121 3209 innovare
1157 3152 1389 3217 neralia,
1433 3160 1488 3207 et
1532 3159 1638 3205 nan
1678 3150 1952 3204 seminare

374 3264 540 3319 super
568 3249 752 3318 spinas
783 3260 799 3301 τ
829 3242 1083 3301 Videlic'et
1114 3256 1244 3300 cum
1272 3244 1513 3297 animum
1550 3250 1799 3297 nostram
1825 3256 1953 3311 pm-

375 3356 568 3411 gantus
599 3354 627 3393 a
663 3339 829 3408 vitiis,
855 3342 911 3393 et
940 3336 1175 3392 incultos
1206 3345 1371 3403 atque
1399 3342 1628 3404 asperos
1668 3344 1847 3389 mores
1887 3336 1957 3387 ad

378 3433 852 3488 mansuetudinem
912 3428 1117 3485 Christi
1171 3427 1496 3483 imitatioitis
1546 3425 1864 3489 escoiimus,
1900 3433 1955 3478 et

376 3528 450 3581 ita
492 3526 705 3581 demum
754 3539 820 3578 es
857 3524 1120 3576 virtutum
1178 3519 1384 3574 divitiis
1417 3518 1714 3589 pascimur.
1770 3516 1955 3587 Neque

376 3616 521 3670 enim
550 3615 846 3685 putandum
877 3624 959 3669 est
1010 3612 1226 3684 praecipi
1263 3611 1420 3666 nobis
1454 3619 1702 3665 terrenas
1738 3609 1960 3663 divitias

376 3718 644 3775 qua2rere,
694 3720 830 3775 quas
872 3714 1227 3759 contemnere
1274 3703 1530 3774 iubemur
1572 3710 1635 3757 et
1672 3712 1953 3770 spernere.

377 3800 467 3853 Ait
511 3813 687 3869 ergo:
728 3797 981 3851 lnhabita
1031 3804 1249 3849 terram.
1299 3794 1410 3849 Hoc
1458 3800 1543 3848 est
1576 3802 1731 3862 ergo,
1763 3793 1958 3846 animm

381 3900 486 3945 tuae
538 3904 756 3959 semper
786 3889 1001 3952 assiste,
1051 3885 1123 3940 ibi
1164 3898 1382 3954 semper
1427 3894 1707 3953 permane,
1751 3890 1806 3937 et
1855 3894 1957 3939 ex-

379 3985 497 4039 cole
534 3993 735 4038 terram
769 3990 949 4045 tuam,
995 3990 1053 4034 ut
1081 4020 1095 4045 ,
1130 3992 1256 4035 cum
1289 3976 1571 4031 abundare
1606 3976 1843 4043 carperis
1873 3976 1960 4042 in.

378 4077 543 4133 stitia:
570 4074 859 4139 fructibus,
894 4080 1019 4127 tunc
1053 4069 1296 4141 pascaris
1326 4068 1381 4123 in
1416 4066 1621 4123 divitiis
1647 4068 1784 4136 ejus.
1816 4066 1961 4133 Quid

377 4180 463 4226 est
492 4179 671 4223 autem
719 4165 868 4237 pasci
910 4165 963 4217 in
1008 4163 1214 4217 divitiis
1261 4158 1412 4229 ejus?
1445 4159 1579 4226 Quia
1614 4157 1961 4228 quodcunque

379 4260 707 4316 seminaverit
739 4257 921 4321 homo,
947 4255 1044 4308 hoc
1070 4265 1117 4309 et
1151 4261 1323 4307 metet.
1357 4250 1422 4306 Et
1454 4269 1467 4307 :
1503 4250 1607 4316 Qui
1638 4250 1862 4305 seminat
1906 4249 1962 4301 in

379 4370 561 4421 carne,
595 4353 659 4406 de
699 4367 861 4405 carne
890 4358 1041 4402 metet
1091 4347 1506 4414 corruptionem.
1540 4343 1644 4409 Qui
1675 4350 1853 4397 autem
1881 4357 1963 4396 se-

2059 3157 2358 3213 secundunt
2406 3156 2736 3211 exteriorem
2780 3155 3053 3210 hominem
3088 3154 3347 3224 possibile
3388 3161 3475 3206 est
3523 3164 3631 3205 non

2059 3248 2232 3303 solum
2263 3248 2401 3303 cibis
2448 3250 2545 3311 uti,
2577 3262 2762 3302 verum
2817 3249 2982 3302 etiam
3033 3244 3247 3300 deliciis
3296 3242 3535 3314 perfrui,
3580 3248 3635 3295 et

2062 3340 2298 3393 maxime
2340 3340 2433 3408 qui
2468 3338 2663 3393 divites
2710 3346 2837 3392 sunt
2886 3336 3096 3392 deliciis
3150 3345 3413 3396 utuntur;
3464 3334 3630 3387 etiam

2061 3434 2134 3488 ita
2182 3433 2411 3488 interior
2448 3434 2613 3488 homo
2658 3441 2833 3502 potest
2869 3443 2974 3487 non
3012 3431 3185 3485 solum
3233 3429 3369 3486 cibis
3412 3428 3512 3493 uti,
3545 3442 3635 3481 re.

2062 3539 2181 3579 rum
2208 3536 2263 3580 et
2311 3524 2519 3579 deliciis
2550 3522 2775 3594 perirui.
2807 3522 2963 3590 Quod
2994 3522 3111 3577 ﬂeri
3147 3523 3250 3577 hoc
3284 3523 3442 3575 modo
3490 3520 3636 3574 arbi-

2064 3627 2195 3672 tror.
2228 3616 2283 3670 Si
2318 3617 2441 3685 quis
2470 3616 2653 3669 audiat
2698 3616 2864 3670 verba
2905 3624 2973 3670 ea
3022 3613 3385 3676 solummodo,
3414 3626 3534 3680 qtae
3581 3622 3643 3665 se

2063 3709 2292 3762 invitent
2328 3708 2398 3761 ad
2442 3708 2690 3762 timorem
2733 3705 2850 3770 Dei,
2896 3706 2999 3759 iste
3047 3706 3229 3760 cibum
3265 3703 3641 3757 tautmnmodo

2063 3798 2209 3867 capit
2234 3808 2299 3851 ex
2340 3796 2927 3865 bujuscemodiverbo.
2962 3794 3064 3862 Qui
3099 3807 3229 3849 vero
3268 3791 3478 3847 dederit
3508 3806 3641 3859 ope-

2064 3902 2184 3944 ram
2229 3890 2297 3943 ad
2350 3889 2753 3958 intelligendam
2826 3888 3032 3958 legem,
3075 3887 3144 3941 ad
3218 3886 3641 3955 perscrutandos

2065 3982 2380 4051 prophetas,
2411 3982 2481 4034 ad
2506 3979 2881 4034 exsolationos
2911 3978 3293 4048 parabolarum
3336 3976 3638 4045 Evangelii.

2066 4072 2137 4125 ad
2169 4071 2611 4139 explanationem
2656 4071 2949 4125 verborum
2984 4070 3434 4132 apustolicorum,
3460 4077 3517 4123 et
3546 4068 3639 4136 qui

2067 4165 2124 4219 in
2148 4164 2403 4219 omnibus
2441 4163 2739 4219 intellectui
2784 4172 2839 4217 et
2870 4162 3113 4217 scientiae
3141 4168 3365 4231 operam
3407 4160 3639 4224 dederit,

2068 4253 2171 4309 iSte
2201 4253 2410 4308 deliciis
2444 4254 2665 4308 lru'rtur.
2704 4251 2821 4308 Non
2862 4253 3007 4308 enim
3038 4253 3107 4307 ad
3138 4253 3244 4308 hoc
3283 4251 3457 4307 solum
3498 4252 3643 4319 quod

2068 4346 2217 4401 eiad
2252 4348 2415 4399 vitam
2464 4345 2680 4411 suiﬂcit,
2711 4347 2837 4401 cibo
2884 4344 3054 4397 utitur
3099 4345 3499 4406 mandatorum,
3547 4344 3644 4395 sed

382 4448 547 4500 minat
578 4446 633 4498 in
664 4443 878 4513 spiritu,
913 4442 979 4495 de
1009 4440 1199 4507 spiritu
1232 4442 1387 4492 metet
1415 4438 1577 4491 vitam
1617 4446 1866 4491 cateruam
1889 4434 1955 4489 '°.
1994 4427 2041 4481 Ι)
2070 4442 2123 4495 in
2147 4438 2292 4494 omni
2328 4438 2605 4508 agnitione
2635 4435 2877 4491 scientia:
2906 4435 3228 4489 delectatur.
3254 4433 3365 4488 Hoc
3393 4442 3482 4487 est
3498 4431 3643 4500 quod

384 4536 441 4591 Si
478 4546 658 4591 autem
697 4533 909 4590 habites
948 4526 1116 4602 658
1158 4539 1356 4583 terram
1402 4538 1570 4590 tuam,
1612 4537 1665 4581 et
1701 4526 1874 4594 ipsam
1908 4524 1961 4577 in

383 4632 581 4701 spiritu
611 4639 665 4685 et
709 4644 815 4684 non
864 4626 919 4681 in
970 4636 1139 4680 Carne
1187 4621 1565 4685 seminaveris‘,
1615 4620 1856 4690 pasceris
1904 4616 1956 4671 in

385 4722 589 4776 divitiis
642 4720 783 4790 eius,
835 4717 979 4775 sicut
1029 4731 1162 4772 oves
1198 4714 1302 4769 illre
1352 4724 1472 4783 Quae
1521 4712 1573 4766 in
1632 4710 1751 4765 loca
1802 4709 1963 4763 viridi

385 4811 534 4878 pasci
567 4810 842 4873 dicuntur,
879 4808 947 4863 de
991 4809 1191 4879 quibus
1223 4805 1356 4860 dicit
1404 4818 1583 4860 sermo
1632 4803 1846 4857 dirinus
1872 4801 1915 4832 "
1947 4819 1960 4854 :

2070 4530 2310 4586 arbitror
2355 4537 2409 4585 et
2454 4530 2507 4582 in
2550 4543 2621 4583 eo
2664 4527 2917 4592 indicari,
2950 4527 3093 4595 quod
3144 4525 3344 4579 dicitur
3395 4525 3534 4578 Deus
3575 4528 3647 4576 ab

2068 4624 2233 4680 initio
2274 4622 2547 4691 plantssse
2596 4617 2909 4691 paradisum
2939 4617 3279 4679 deliciarum.
3328 4618 3447 4671 sine
3476 4617 3643 4673 dubio

2066 4716 2123 4769 in
2179 4726 2291 4784 quo
2340 4712 2719 4782 spiritualibus
2772 4712 2987 4766 deliciis
3040 4708 3372 4765 frueretur.
3429 4709 3539 4765 Sed
3587 4722 3646 4768 et

2069 4805 2197 4860 alibi
2223 4823 2239 4858 :
2269 4803 2594 4867 Torrentem,
2626 4806 2701 4860 ait
2724 4807 2791 4868 ’³,
2820 4804 3137 4858 delictorum
3162 4812 3341 4873 potum
3368 4803 3522 4856 dabis
3544 4804 3647 4870 eis,

389 4900 457 4955 In
492 4900 607 4953 loco
653 4900 807 4954 viridi
845 4900 914 4953 ibi
944 4916 1025 4952 me
1062 4898 1356 4953 collocavit.
1397 4894 1549 4951 Unde
1577 4902 1795 4949 constat
1823 4892 1971 4959 quod
2068 4898 2274 4954 sanctis
2321 4898 2552 4953 scilicet,
2587 4898 2701 4953 Sed
2743 4908 2797 4952 ει
2846 4897 2937 4951 hic
2984 4896 3097 4951 scio
3138 4895 3282 4964 quod
3332 4895 3383 4949 in
3434 4894 3651 4951 Latinis

389 4994 760 5059 unusquisque
788 4998 1035 5042 nostrum
1073 4990 1187 5058 ipse
1236 4986 1339 5043 sibi
1390 4994 1659 5056 praaparat
1714 4985 1855 5038 intra
1906 4994 1967 5034 se

2071 4989 2473 5058 exemplaribus
2501 4990 2687 5046 haberi
2723 4990 2864 5044 solet
2893 4997 3173 5042 torrentem
3206 4987 3488 5056 voluptatis
3516 4996 3644 5052 tua',

391 5084 567 5139 locmn
603 5078 873 5146 viridem,
920 5080 973 5135 in
1024 5097 1132 5150 quo
1186 5082 1426 5149 pascitur
1469 5095 1497 5131 ιι
1548 5076 1798 5141 Domino,
1841 5087 1969 5126 cum
2068 5080 2245 5135 sedi“
2277 5082 2471 5136 meo
2498 5082 2729 5137 habet”
2756 5076 2990 5153 τροφῆς,
3021 5081 3166 5150 quod
3191 5092 3276 5136 εει
3315 5080 3647 5136 deliciarum,

391 5184 553 5244 agros
588 5174 781 5228 anitum
818 5188 930 5227 sua:
975 5172 1204 5236 excolit,
1251 5180 1305 5227 et
1344 5174 1396 5226 in
1447 5170 1636 5239 Spiritu
1688 5167 1970 5223 seminans

391 5277 608 5333 semper
632 5260 701 5318 ad
732 5261 971 5319 laetitiam
1003 5263 1262 5333 spiritalis
1293 5263 1515 5316 cultura:
1544 5262 1783 5314 adducit.

464 5358 519 5412 Il.
561 5353 832 5409 Delectare
877 5355 931 5408 in
979 5354 1224 5416 Domino,
1271 5363 1325 5406 et
1354 5352 1501 5405 dabit
1546 5352 1641 5404 tibi
1686 5348 1963 5418 petitiones

392 5446 566 5501 cvi-dis
597 5447 673 5499 tui
695 5442 761 5500 δ”.
809 5445 973 5502 Moris
999 5454 1084 5501 est
1114 5443 1413 5511 Scriptura:I
1447 5438 1643 5496 divinatI
1688 5443 1823 5497 duos
1870 5443 1965 5497 lto-

462 5652 507 5683 “'
545 5652 663 5707 Gal.
693 5669 748 5715 ν,
778 5648 869 5706 ΞΞ.
946 5653 990 5684 ⁸⁸
1030 5652 1158 5705 Luc.
1190 5665 1318 5713 vni,
1367 5644 1420 5703 8.
1495 5647 1540 5679 ³ο
1580 5647 1700 5702 Gal.
1730 5662 1811 5710 vr,
1845 5647 1897 5702 8.
1978 5650 2022 5679 ’ί
2048 5646 2193 5702 Psal.
2247 5662 2394 5707 uti.
2429 5650 2475 5699 i.

481 5723 501 5773 ι
532 5723 657 5773 Cor.
689 5740 741 5773 ι.
775 5725 828 5773 4.
916 5724 963 5762 ⁸⁵
997 5721 1151 5773 .loan.
1180 5735 1251 5773 tv.
1280 5721 1365 5773 13.
1474 5719 1519 5749 ⁵⁵
1555 5719 1696 5773 Psal.
1733 5733 1843 5772 etx.
1945 5720 1987 5750 "
2013 5719 2169 5773 Ilont.
2200 5734 2282 5773 ιιι.
2318 5719 2401 5772 id.

395 5722 443 5755 "
481 5723 501 5778 ι
532 5723 657 5779 Cor.
688 5740 741 5791 ι,
775 5725 828 5777 4.
916 5724 963 5762 ⁸⁸
997 5721 1151 5777 Joan.
1180 5735 1251 5785 tv,
1280 5721 1365 5773 13.
1474 5719 1519 5749 ⁵⁸
1555 5719 1696 5773 Psal.
1733 5733 1843 5772 etx.

2073 5167 2184 5223 Sed
2226 5178 2280 5223 et
2315 5172 2523 5225 sanctis
2562 5172 2869 5243 quibusque
2916 5172 3280 5242 corporalium
3328 5170 3655 5223 deliciarum

2072 5271 2417 5330 contemptus
2453 5263 2726 5327 indicitur,
2776 5275 2827 5319 et
2881 5272 3006 5334 spes
3053 5258 3373 5318 deliciarum
3423 5258 3647 5328 spirita-

2073 5351 2206 5406 lium
2242 5354 2653 5424 repromittitur.
2688 5354 2783 5410 Vis
2821 5356 2984 5409 etiam
3015 5355 3081 5409 de
3116 5354 3221 5408 hoc
3267 5352 3649 5406 auctoritatem

2077 5446 2326 5515 accipere
2367 5446 2664 5517 Scriptura:
2700 5448 2939 5503 divinae?
2977 5442 3135 5503 Dives
3172 5446 3393 5516 quidam
3429 5452 3570 5508 erat,
3600 5452 3654 5495 et

2554 5650 2599 5679 ‘"
2639 5647 2783 5701 Psal.
2820 5658 3003 5710 xuvr,
3034 5646 3088 5699 4.
3167 5646 3214 5678 ⁸³
3255 5646 3414 5701 Deut.
3448 5659 3569 5708 vnt,
3595 5642 3653 5697 3.

2477 5718 2517 5748 "'
2558 5718 2764 5773 Coloss.
2803 5734 2883 5786 nt,
2914 5718 3001 5771 12.
3079 5718 3123 5749 ⁸⁸
3149 5716 3292 5771 Psal.
3332 5731 3471 5769 XXXV
3521 5714 3575 5769 9-
