4100 6370
491 238 625 295 1527

1870 242 1958 296 EX
1996 240 2295 299 ORIGENE

3610 264 3742 323 1398

484 358 730 414 Lazarus
776 373 1018 427 panper;
1060 357 1109 409 in
1145 357 1354 410 deliciis
1408 357 1777 425 corporalibus
1813 367 1929 412 erat
1978 359 2060 410 di~
2094 363 2138 414 A
2169 360 2299 423 agit,
2342 360 2451 412 odit
2488 361 2682 424 lucem,
2718 371 2761 413 et
2815 378 2916 415 non
2965 364 3101 418 venit
3133 366 3202 420 at!
3233 366 3399 422 lucem
3428 372 3503 425 uti
3545 388 3608 427 ne
3646 392 3728 427 ar-

487 467 606 517 ves,
641 451 882 505 Lazarus
929 450 1322 505 conficiebatur
1374 452 1572 503 inedia.
1618 450 1863 505 Excessit
1912 460 2059 502 uter-

486 559 592 613 que
620 544 684 596 de
712 543 932 606 saeculo,
962 552 1015 595 et
1051 541 1290 595 Lazarus
1334 542 1550 608 quidem
1597 543 1663 596 ab
1693 542 1898 609 angelis
1932 542 2059 596 sub-

484 637 624 691 latus
656 645 738 689 est
787 637 839 689 in
886 637 1064 689 sinum
1101 635 1352 697 Abrabze,
1388 644 1445 686 ut
1489 634 1562 686 ibi
1611 635 1663 686 in
1697 634 1909 689 deliciis
1968 650 2055 687 re-

481 727 817 797 quiesceret;
862 726 952 778 ille
982 733 1159 779 autem
1198 728 1285 792 qui
1336 723 1389 776 in
1443 724 1652 779 deliciis
1706 724 1884 778 fuerat
1932 740 2055 779 eor-

378 866 387 880 ,
479 819 779 888 poralibus,
814 818 947 872 abiit
979 819 1031 870 in
1074 818 1376 886 gehennam
1411 817 1570 883 ignis,
1603 817 1747 871 sicut
1788 818 1839 871 in
1878 818 2056 871 Evan-

476 908 617 973 gelia
640 919 744 972 est,
773 919 827 963 et
856 911 1004 962 audit
1032 909 1099 961 ab
1122 909 1393 961 Abraham
1414 908 1482 974 6°,
1506 908 1632 977 quia
1664 918 1719 961 tu
1750 919 2056 963 consecutus

477 1018 531 1055 es
564 1002 698 1056 bona
730 1003 783 1055 in
826 1002 931 1055 vita
976 1012 1090 1064 tua,
1126 998 1225 1053 hoc
1273 1011 1356 1053 est
1400 1000 1611 1055 deliciis
1657 999 1861 1056 abusus
1887 1016 1965 1067 es,
2006 1011 2056 1055 et

477 1093 720 1147 Lazarus
753 1094 897 1147 mala
926 1110 943 1148 :
976 1110 1112 1146 nunc
1146 1101 1323 1146 autem
1369 1092 1454 1145 hic
1504 1093 1801 1162 requiescit,
1834 1103 1889 1145 tu
1932 1109 2053 1147 vero

476 1186 759 1240 cruciaris.
812 1185 979 1240 Nerua
1020 1195 1218 1254 potest,
1252 1196 1307 1238 et
1345 1183 1398 1238 in
1433 1198 1619 1247 carne,
1649 1193 1706 1238 et
1758 1185 1808 1238 in
1861 1186 2051 1254 Spiritu

472 1278 682 1331 habere
731 1277 976 1331 delicias.
1027 1277 1132 1331 Sed
1179 1277 1223 1329 si
1275 1276 1396 1345 quis
1450 1276 1500 1329 in
1542 1289 1707 1330 carne
1750 1276 2050 1342 deliciatur,

477 1369 619 1422 sicut
652 1369 741 1421 ille
771 1370 941 1432 dives,
971 1368 1177 1422 carebit
1203 1367 1408 1437 gremio
1438 1365 1711 1421 Abraham
1739 1377 1796 1422 et
1822 1368 2048 1422 deliciis.

466 1461 578 1526 Qui
625 1475 759 1514 vero
810 1460 862 1513 in
902 1460 1153 1528 praesenti
1193 1459 1387 1514 saeculo
1427 1473 1565 1527 pane
1613 1458 1917 1513 aﬂlictionis
1957 1474 2050 1513 ve-

473 1551 671 1615 scitur,
706 1551 846 1605 sicut
879 1562 932 1605 et
963 1551 1054 1605 ille
1100 1564 1323 1619 pauper,
1370 1564 1493 1602 cum
1543 1548 1669 1603 hinc
1700 1550 2045 1616 abscesserit,

471 1644 529 1694 in
569 1642 779 1696 deliciis
810 1642 931 1695 erit.
973 1641 1234 1695 Deliciare
1266 1655 1401 1709 ergo
1432 1641 1487 1692 in
1533 1639 1778 1705 Domino,
1813 1652 1859 1694 et
1903 1642 2047 1694 dabit

2169 462 2402 515 {tuantur
2433 470 2587 519 opera
2619 454 2752 521 ejus.
2792 452 2896 517 Qui
2926 467 3101 508 autent
3138 458 3266 526 facit
3290 464 3580 531 raritatem,
3608 471 3741 520 venit

2168 544 2237 594 ad
2272 545 2517 598 lucem“.
2568 544 2831 610 Quoniam
2887 562 3017 617 ergo
3065 551 3153 616 qui
3181 553 3323 606 male
3352 555 3484 623 agit,
3515 558 3629 611 odit
3658 559 3742 612 lu-

2168 647 2307 695 cem,
2339 644 2394 688 et
2426 646 2688 703 quantum
2728 638 2779 689 in
2816 636 2933 705 ipso
2978 642 3263 697 occultans
3294 646 3433 698 mala
3465 663 3587 716 qua:
3609 649 3740 718 agit,

2167 732 2220 776 et
2255 725 2452 779 timens
2481 741 2548 781 ne
2572 739 2849 795 arguatur,
2874 733 3019 785 velat
3046 744 3100 787 et
3132 737 3368 803 contegit
3393 738 3538 791 viam
3558 754 3740 804 suam,

2165 827 2218 869 et
2267 827 2523 886 tanquam
2574 819 2879 875 velamento
2929 826 3162 891 quodam
3200 829 3560 895 operitaetus
3589 846 3737 886 suos.

2169 907 2325 962 Verbi
2359 911 2554 976 gratia,
2576 911 2621 964 si
2656 912 2776 977 quis
2804 925 3067 980 vesnum,
3103 917 3230 972 licet
3266 934 3370 973 non
3398 931 3579 989 optem
3614 937 3739 977 esse

2166 1000 2217 1051 in
2256 998 2358 1050 boe
2387 1008 2652 1051 conventu
2690 1001 2853 1054 talem
2882 1002 3137 1072 aliquem,
3167 1015 3349 1061 tamen
3376 1009 3418 1063 si
3449 1011 3572 1079 quis
3596 1012 3739 1066 inter

2164 1104 2279 1152 vos,
2298 1090 2411 1143 sive
2426 1090 2864 1155 catechumenos,
2880 1093 2991 1148 sive
3008 1096 3170 1148 etiam
3188 1113 3323 1150 unus
3338 1099 3535 1166 aliquis
3548 1116 3611 1154 ex
3629 1102 3741 1169 plu-

2164 1183 2312 1237 ribus
2329 1182 2569 1238 fidelium
2600 1184 2851 1239 conscius
2878 1186 2977 1241 sibi
2999 1190 3237 1259 estquod
3266 1190 3561 1248 fornicatus
3577 1198 3666 1261 sit,
3685 1206 3738 1250 et

2161 1277 2301 1330 celat
2317 1276 2597 1339 delictum,
2613 1278 2853 1345 nunquid
2871 1294 2975 1331 non
2995 1280 3085 1333 tibi
3102 1281 3311 1337 videtur
3326 1285 3429 1339 iste
3441 1286 3736 1351 oecultarc,

2160 1379 2212 1421 et
2240 1370 2453 1438 operire
2480 1372 2618 1427 viam
2641 1388 2794 1427 suam
2817 1386 2978 1439 quam
3012 1372 3247 1428 incedit?
3276 1375 3374 1441 Qui
3394 1388 3573 1432 autem
3591 1390 3737 1433 caste

2159 1464 2287 1532 agit,
2305 1473 2359 1518 et
2374 1466 2595 1521 confidit
2609 1468 2672 1521 de
2685 1465 2915 1536 puritate
2933 1467 3054 1520 vita:
3065 1481 3196 1535 suae,
3215 1483 3319 1523 non
3334 1470 3447 1524 vult
3460 1474 3735 1541 coeperire

2158 1556 2297 1607 viam
2316 1571 2486 1622 suam,
2506 1559 2597 1611 sed
2616 1559 2859 1613 vulteam
2881 1558 3217 1614 manifestam
3236 1575 3374 1629 esse,
3390 1564 3732 1620 manifestam

2159 1644 2277 1699 dico
2292 1660 2393 1698 non
2410 1647 2814 1711 bominibus,ue
2830 1648 2962 1703 forte
2979 1649 3239 1718 percipiat
3256 1653 3556 1705 mercedem
3577 1669 3730 1707 suam

474 1733 569 1784 tibi
606 1733 913 1800 petitionem
956 1732 1127 1785 cordis
1187 1733 1285 1785 tui.
1325 1732 1476 1797 Quod
1524 1732 1568 1785 si
1618 1732 1796 1787 adlmc
1835 1733 2047 1801 plenius
2080 1720 2120 1775 Β
2149 1733 2216 1787 ab
2242 1736 2569 1803 hominibus,
2599 1738 2694 1791 sed
2750 1739 2857 1791 Deo
2886 1737 3225 1794 manifestat.
3259 1739 3549 1807 Propterea
3599 1757 3730 1812 ergo

473 1823 672 1876 intueri
728 1823 807 1874 vis
862 1823 1135 1890 quomodo
1171 1822 1296 1890 quis
1346 1821 1633 1876 delicietur
1682 1822 1733 1876 in
1791 1823 2043 1886 Domino,

474 1914 717 1981 perspice
741 1915 883 1980 quod
912 1912 1175 1966 Dominus
1202 1912 1407 1966 veritas
1431 1920 1535 1976 est,
1556 1921 1610 1965 et
1645 1913 1909 1982 sapientia
1938 1922 2043 1975 est,

464 2014 524 2057 et
548 2004 756 2074 jastitia
784 2012 895 2069 est,
944 2014 996 2059 et
1032 2002 1396 2058 sanctificatio
1441 2013 1547 2058 est.
1583 2004 1639 2057 Si
1692 2018 1822 2073 ergo
1872 2004 2045 2059 abun-

469 2096 682 2150 daveris
711 2097 763 2150 in
812 2094 1016 2149 divitiis
1048 2094 1314 2159 veritatis,
1346 2095 1391 2147 si
1444 2094 1809 2150 abundaveris
1857 2097 1909 2150 in
1962 2097 2045 2150 in-

472 2186 690 2240 tellectn
744 2186 1059 2255 sapientiae,
1100 2184 1144 2238 si
1201 2183 1451 2251 copiosus
1506 2182 1674 2239 fueris
1715 2186 1767 2238 in
1831 2186 2044 2241 actibus

462 2277 714 2347 iustitiae,
745 2287 871 2331 tunc
902 2277 1057 2345 plene
1084 2287 1139 2330 ct
1169 2276 1378 2345 integre
1404 2274 1679 2330 deliciaris
1704 2275 1757 2330 in
1789 2276 2041 2331 Domino.

462 2367 597 2432 Quae
628 2369 814 2435 utique
870 2382 990 2422 cum
1044 2366 1373 2436 expleveris,
1414 2373 1540 2419 tunc
1584 2366 1745 2419 etiarn
1795 2366 1847 2420 id
1897 2368 2041 2436 quod

462 2459 822 2526 consequitur
869 2457 1207 2525 adipisceris.
1258 2454 1418 2508 Dabit
1453 2457 1595 2510 enim
1643 2457 1735 2510 tibi
1778 2456 2041 2512 Dominus

463 2550 741 2617 petitiones
772 2550 946 2602 cordis
990 2550 1087 2603 tui.
1122 2549 1441 2603 Necessario
1484 2556 1664 2602 tamen
1705 2548 1913 2603 addidit
1951 2567 2040 2619 pe-

466 2642 679 2694 titiones
708 2642 885 2694 cordis
916 2641 1016 2706 tui,
1049 2656 1170 2694 eum
1201 2639 1465 2709 potuisset
1504 2626 1692 2708 utique
1720 2640 1906 2694 dicere
1947 2655 2040 2709 pe-

452 2737 689 2793 rtitiones
734 2748 876 2793 tuas.
930 2738 1007 2792 Ita
1062 2748 1241 2792 autem
1290 2737 1507 2793 facilius
1542 2737 1773 2809 intelligi
1834 2748 2035 2809 potest.

450 2828 615 2895 Quod
652 2828 697 2883 si
734 2827 1068 2898 singulorum
1116 2829 1482 2883 membrorum
1519 2828 1739 2897 prapria
1787 2828 2037 2897 qumdam

459 2934 696 2988 persona
745 2921 1001 2989 tingatur,
1053 2919 1204 2973 verbi
1241 2932 1430 2983 causa,
1465 2917 1509 2971 si
1556 2917 1752 2972 oculus
1806 2918 2038 2974 haberet

2147 1825 2561 1892 dicitur,Revela
2583 1829 2651 1882 ad
2680 1828 2957 1883 Dominum
2987 1831 3123 1885 uiam
3149 1841 3313 1884 tuam.
3342 1830 3446 1886 Sed
3470 1842 3521 1885 et
3544 1832 3587 1885 si
3618 1848 3731 1885 ma-

2148 1915 2324 1972 lorum
2356 1919 2448 1972 tibi
2469 1918 2720 1974 conscius
2745 1919 3054 1990 aliquorum
3086 1920 3277 1987 fueris,
3302 1922 3409 1977 noli
3434 1921 3728 1987 occultam,

2146 2012 2239 2066 sed
2268 2025 2365 2081 per
2393 2010 2837 2081 exornologesitn,
2871 2012 2920 2065 id
2952 2022 3035 2066 est
3082 2012 3514 2077 confessionem,
3549 2015 3726 2068 revela

2146 2118 2209 2158 ea
2244 2102 2496 2169 Domino,
2530 2113 2585 2157 et
2611 2117 2767 2173 spera
2800 2103 2852 2157 in
2877 2119 3023 2171 eum,
3048 2112 3100 2159 et
3127 2105 3241 2173 ipse
3268 2105 3446 2165 faciet,
3481 2106 3591 2160 lloc
3621 2117 3724 2171 est,

2146 2209 2269 2249 cum
2302 2194 2585 2249 confessus
2621 2193 2811 2259 fueris,
2843 2203 2896 2250 et
2931 2195 3258 2251 revelaveris
3293 2196 3339 2250 ei
3376 2196 3568 2251 delicta
3612 2207 3723 2260 tua,

2144 2300 2299 2355 spera
2319 2287 2370 2341 in
2398 2302 2523 2341 eum
2543 2288 2686 2355 quod
2704 2286 2883 2356 possis
2910 2288 2979 2341 ab
3004 2302 3069 2341 eo
3090 2289 3304 2342 veniam
3330 2288 3646 2358 promereri,
3675 2300 3730 2345 et

2145 2378 2258 2446 ipse
2285 2378 2467 2433 faciet.
2503 2377 2643 2443 Quid
2669 2377 2869 2433 faciet?
2904 2377 3035 2432 Sine
3062 2377 3226 2433 dubio
3251 2394 3441 2434 sanum
3471 2389 3524 2433 te
3539 2378 3722 2435 faciet.

2146 2468 2297 2523 Dicet
2320 2469 2411 2524 tibi
2438 2470 2481 2500 “
2504 2486 2516 2519 :
2545 2468 2804 2537 Eccejam
2827 2486 2989 2524 sanus
3012 2472 3185 2538 [actus
3204 2487 3280 2538 es,
3303 2470 3442 2525 ultra
3475 2472 3581 2525 noli
3602 2488 3724 2541 pec-

2142 2575 2282 2624 care,
2301 2576 2364 2613 ne
2387 2560 2513 2628 quid
2528 2558 2861 2612 tibideterius
2878 2561 3166 2628 contingat.
3185 2560 3307 2614 lltcc
3324 2560 3512 2627 faciet,
3528 2562 3571 2615 si
3592 2561 3696 2616 deli
3711 2591 3726 2603 -

2139 2661 2227 2709 cta
2250 2661 2338 2707 tua
2360 2652 2407 2705 ei
2434 2650 2842 2705 revelaveris.Si
2864 2665 2992 2705 vero
3010 2664 3142 2718 pura
3156 2659 3240 2705 est
3256 2652 3341 2705 via
3364 2660 3475 2715 tua,
3495 2662 3550 2706 et
3571 2669 3722 2706 tnnn-

2141 2744 2206 2797 da
2228 2743 2581 2807 conscientia,
2609 2751 2663 2797 et
2695 2743 2809 2796 brec
2832 2741 2879 2795 ei
2913 2741 3263 2806 revelaveris,
3297 2757 3459 2810 spera
3494 2743 3547 2796 in
3569 2758 3717 2797 eunt.

2209 2830 2265 2885 6.
2306 2830 2447 2897 Quid
2478 2829 2665 2894 faciat,
2696 2844 2761 2885 ex
2795 2829 3257 2899 consequentibus
3292 2830 3443 2885 disce
3465 2830 3546 2881 “z
3578 2829 3714 2885 Pro-

2140 2923 2291 2978 ducet
2334 2924 2468 2977 sicut
2510 2921 2684 2975 lumen
2705 2922 2972 2989 justitiam
3005 2930 3170 2987 tuam,
3199 2932 3247 2976 et
3273 2922 3541 2992 judicium
3566 2930 3715 2976 tuum

456 3025 644 3065 vocem
665 3053 679 3077 ,
702 3012 951 3082 nunquid
1000 3027 1105 3063 non
1158 3010 1363 3064 diceret
1404 3027 1419 3065 :
1450 3009 1579 3064 Peto
1609 3010 1780 3065 lucem
1801 3052 1815 3077 ,
1848 3020 1907 3065 ut
1956 3011 2039 3065 vi-
2065 3052 2110 3112 α
2141 3017 2278 3071 sicut
2307 3016 2601 3069 meridiem.
2631 3012 2801 3067 Tuam
2843 3012 3138 3079 justitiam,
3180 3027 3348 3081 quam
3382 3022 3436 3068 ιιι
3461 3015 3617 3083 egisti
3662 3015 3715 3069 in

458 3100 611 3154 deam
650 3116 713 3155 ea
754 3116 874 3170 quae
908 3117 993 3155 me
1036 3102 1223 3156 videre
1270 3100 1578 3157 delectant?
1614 3099 1842 3172 Refugio
1888 3103 2033 3157 enim

456 3192 643 3247 videre
703 3193 985 3247 horrorem
1033 3194 1306 3262 aliquem,
1350 3201 1406 3245 et
1464 3206 1627 3246 omne
1687 3194 1831 3263 quod
1895 3208 2032 3249 con-

459 3288 637 3337 turbat
661 3293 715 3338 et
755 3286 1049 3338 contristat
1096 3294 1397 3353 sapectum.
1449 3282 1714 3337 Similiter
1752 3293 1807 3338 et
1848 3286 1892 3339 si
1934 3302 2034 3339 au-

454 3377 602 3430 ditus
641 3376 909 3444 acciperet
938 3390 1146 3442 vocem,
1194 3374 1436 3443 nunquid
1475 3390 1580 3428 non
1623 3376 1876 3432 diceret:
1905 3378 2035 3431 Peto

455 3484 649 3522 sonum
686 3469 963 3522 modulata
997 3478 1114 3521 arte
1144 3468 1527 3536 compositum,
1568 3483 1763 3522 sonum
1801 3470 2039 3524 delecta-

460 3562 642 3622 bilem,
673 3575 925 3629 asperum
956 3573 1085 3612 vero
1130 3569 1182 3611 et
1213 3559 1458 3611 terribile
1492 3559 1695 3627 aliquid
1739 3558 1928 3613 audire
1960 3574 2038 3613 re-

457 3650 647 3720 fugio?
696 3650 770 3703 lta
821 3650 865 3703 si
918 3649 1099 3718 gustui
1155 3663 1255 3701 vox
1310 3648 1564 3713 daretur,
1616 3659 1672 3703 et
1727 3649 1924 3715 tactui,
1982 3660 2036 3705 et

454 3756 646 3796 omnes
675 3756 866 3795 sensus
908 3739 1078 3793 nostri
1118 3739 1235 3792 sine
1269 3736 1435 3791 dubio
1464 3737 1580 3791 hrec
1612 3745 1877 3806 peterent,
1917 3754 2035 3808 qum

456 3850 555 3887 suo
606 3834 788 3887 sensui
844 3831 1221 3886 convenirent.
1254 3827 1338 3882 Ab
1389 3829 1474 3883 bis
1524 3844 1653 3898 ergo
1690 3839 2035 3885 transeamus

457 3928 522 3980 ad
553 3940 647 3979 cor
691 3926 741 3979 in
774 3940 882 3993 quo
914 3933 996 3978 est
1035 3937 1207 3986 mens,
1236 3932 1290 3977 et
1334 3921 1651 3991 principalis
1701 3922 2029 3984 intellectus,

455 4026 509 4071 et
542 4018 821 4070 videamus
850 4016 981 4085 quid
1014 4014 1288 4069 desideret
1322 4021 1378 4066 et
1408 4012 1538 4080 quid
1568 4021 1714 4082 petat
1743 4026 1858 4079 eor,
1891 4013 2032 4067 sicut

455 4112 522 4163 de
551 4108 708 4162 oculo
746 4108 827 4162 vel
863 4108 929 4161 de
961 4107 1187 4162 auribus
1218 4104 1538 4172 exterisque
1569 4104 1819 4159 sensibus
1854 4103 1904 4158 in
1942 4119 2033 4159 su-

453 4200 758 4269 perioribus
828 4197 1344 4251 demonstravimus.
1397 4196 1703 4251 Secundum
1747 4194 1831 4248 sui
1871 4203 2032 4247 natu-

453 4306 568 4344 ram
618 4306 712 4345 cor
756 4289 879 4343 sine
928 4288 1093 4342 dubio
1153 4286 1567 4357 intelligentiam
1622 4285 1818 4354 poscit.
1876 4285 2031 4339 Sicut

2140 3107 2376 3171 occulto,
2423 3116 2478 3161 et
2532 3105 2784 3161 revelasti
2830 3118 2952 3159 eam
2982 3104 3081 3160 soli
3114 3103 3249 3172 Deo,
3282 3105 3422 3161 bane
3452 3108 3713 3175 producet

2140 3200 2283 3255 sicut
2323 3198 2509 3254 lumen
2540 3198 2703 3264 Deus,
2729 3205 2785 3253 et
2814 3197 3069 3252 ostendet
3101 3205 3154 3253 te
3194 3196 3399 3265 justum
3441 3198 3716 3253 illumina-

2146 3300 2257 3346 Ium
2298 3288 2417 3345 sole
2441 3287 2690 3358 justitiae,
2719 3286 2865 3341 ctelo
2889 3294 2945 3340 et
2969 3295 3146 3351 terrae,
3178 3294 3234 3340 et
3262 3286 3516 3342 omnibus
3541 3287 3632 3357 qui
3662 3287 3716 3340 in

2140 3382 2278 3435 cmlo
2329 3388 2456 3435 sunt
2509 3380 2760 3436 ostendet
2802 3376 2983 3432 lumen
3029 3376 3256 3446 justitite
3289 3386 3413 3443 tum,
3450 3386 3526 3443 et,
3560 3377 3606 3431 si
3641 3376 3714 3430 ita

2138 3472 2245 3526 dici
2298 3479 2539 3541 oportet,
2584 3467 2817 3537 jactabit
2874 3480 2934 3521 se
2991 3468 3056 3521 de
3096 3475 3147 3520 te
3194 3475 3447 3536 tanquam
3480 3469 3547 3521 de
3580 3466 3711 3531 filio,

2143 3572 2402 3630 tanquam
2459 3560 2551 3630 qui
2609 3557 2893 3627 acceperis
2941 3557 3193 3626 spiritum
3231 3558 3557 3626 adoptionis.
3587 3558 3715 3612 Pro-

2140 3654 2299 3707 ducet
2344 3668 2474 3722 ergo
2503 3650 2773 3721 justitiam
2815 3657 2962 3703 tuam
3006 3650 3148 3703 sicut
3200 3647 3406 3713 lumen,
3442 3650 3567 3718 quia
3623 3651 3712 3719 qui

2139 3744 2438 3799 secundum
2478 3742 2792 3796 mandatum
2826 3739 3039 3794 Domini
3067 3740 3248 3810 justus
3290 3749 3401 3806 est,
3439 3739 3710 3810 justitiam

2140 3849 2292 3889 suam
2327 3834 2403 3889 ita
2442 3833 2589 3900 facit,
2630 3833 2774 3888 sicut
2819 3831 2934 3900 ipse
2964 3831 3245 3885 mandavit
3276 3831 3463 3887 dicens
3481 3831 3563 3883 °':
3602 3829 3709 3884 Vos

2137 3935 2334 3989 autem,
2356 3941 2475 3978 cum
2498 3924 2678 3993 facitis
2703 3923 2968 3993 justitiam
2995 3930 3242 3988 uestram,
3269 3924 3465 3976 nesciat
3493 3922 3711 3977 sinistra

2136 4016 2260 4087 quid
2285 4017 2449 4084 faciat
2481 4016 2664 4069 dextra
2695 4023 2808 4066 tua.
2842 4010 2965 4067 llrec
2988 4027 3117 4082 ergo
3137 4011 3347 4081 justitia
3372 4028 3491 4081 quze
3517 4012 3589 4065 ita
3628 4010 3710 4078 fit,

2138 4117 2193 4161 ut
2227 4122 2330 4162 non
2373 4106 2684 4160 hominibus
2707 4114 2989 4172 appareat,
3021 4118 3117 4158 nec
3162 4112 3222 4157 ut
3259 4103 3551 4156 humanam
3583 4101 3703 4169 glo-

2140 4198 2273 4251 riam
2304 4206 2507 4267 captet,
2542 4196 2634 4251 sed
2681 4195 2743 4248 tit
2791 4198 2842 4248 in
2886 4194 3122 4259 occulto,
3158 4203 3217 4248 ut
3249 4194 3413 4248 Pater
3443 4194 3533 4263 qui
3564 4192 3711 4247 videt

2140 4290 2192 4341 in
2224 4288 2457 4353 occulto,
2498 4287 2688 4341 reddat
2728 4288 2904 4356 palam
2941 4287 2994 4340 in
3035 4296 3276 4355 tempore
3314 4300 3432 4351 suo,
3463 4285 3713 4354 produci-

451 4383 642 4437 oculus
689 4380 895 4443 visum,
927 4377 1094 4450 659
1146 4380 1218 4432 ita
1268 4394 1364 4433 cor
1411 4377 1746 4433 intellectum
1784 4378 2031 4446 requirit.
2066 4383 2108 4435 D
2140 4391 2226 4435 tur
2264 4396 2293 4433 a
2323 4378 2433 4434 Deo
2476 4379 2618 4432 sicut
2656 4378 2767 4431 lux.
2806 4376 2870 4430 Et
2894 4377 3160 4445 judicium
3195 4384 3343 4428 tuum
3372 4374 3510 4428 sicut
3546 4377 3710 4429 meri-

453 4475 608 4528 Sicut
654 4474 800 4527 auris
851 4487 1071 4527 suavem
1128 4485 1319 4525 sonum
1359 4471 1529 4540 cupit,
1574 4471 1645 4524 ita
1692 4486 1787 4525 cor
1820 4470 2035 4539 sapien-

455 4567 599 4620 tibus
649 4565 903 4618 sensibus
953 4562 1278 4617 delectatur.
1315 4560 1472 4615 Sicut
1507 4571 1697 4631 gustus
1749 4562 1890 4616 dulci
1945 4577 2035 4616 sa-

446 4670 605 4725 pore,
649 4655 723 4707 ita
772 4669 866 4708 eor
920 4651 1281 4721 prudentibus
1339 4652 1761 4721 cogitationibus
1814 4653 2030 4723 gaudet.

451 4748 607 4802 Sicut
636 4747 893 4801 odoratus
941 4746 1213 4801 suavitate
1258 4744 1595 4813 fragrantia},
1630 4746 1703 4799 ita
1739 4759 1834 4799 cor
1866 4745 2029 4799 ratio-

450 4836 722 4892 nubilibus
781 4836 976 4891 studiis
1030 4835 1269 4890 laztatur.
1346 4834 1497 4889 Sicut
1558 4844 1735 4889 tactus
1809 4833 2024 4887 lenibus

450 4946 517 4984 ac
564 4929 835 4991 mollibus,
901 4928 971 4981 ita
1023 4944 1116 4981 cor
1149 4928 1373 4982 utilibus
1423 4937 1477 4980 et
1534 4925 1753 4995 Optimis
1786 4923 2026 4979 consiliis

446 5019 770 5074 delectatur.
821 5020 877 5071 Si
925 5034 1054 5086 ergo
1102 5018 1371 5073 delicieris
1429 5019 1481 5071 in
1538 5017 1793 5081 Domino,
1839 5025 1892 5069 et
1931 5031 2022 5069 sa-

449 5114 691 5181 pientitu,
719 5121 773 5165 et
802 5113 1065 5175 veritatis,
1098 5121 1151 5165 et
1181 5110 1399 5177 iustitiae
1424 5110 1598 5178 copiis
1617 5118 1780 5177 atque
1812 5107 2024 5163 deliciis

446 5200 766 5273 perfruaris,
806 5201 957 5255 dabit
999 5201 1092 5255 tibi
1128 5198 1382 5255 Dominus
1413 5199 1703 5269 petitiones
1732 5198 1915 5253 cordis
1948 5199 2023 5253 tui

445 5308 599 5363 aptas
631 5294 836 5349 deliciis
866 5293 1210 5362 supradictis.

516 5387 571 5440 5.
607 5386 736 5441 Post
769 5388 883 5441 bzec
930 5386 1060 5441 dicit
1084 5386 1127 5416 ⁶¹
1156 5404 1167 5439 :
1198 5384 1382 5440 Revela
1420 5384 1643 5437 Domino
1676 5384 1812 5437 viam
1851 5394 2021 5447 tuam,

443 5486 494 5533 et
538 5496 687 5546 spera
719 5478 773 5531 in
812 5496 954 5545 eum,
986 5488 1033 5532 et
1084 5480 1192 5548 ipse
1234 5477 1413 5547 faciet.
1441 5505 1512 5515 —
1539 5473 1725 5529 Omnis
1764 5476 1855 5545 qui
1885 5475 2022 5528 male

522 5593 565 5624 σο
605 5594 733 5648 Luc.
766 5609 875 5654 xvi.
907 5595 997 5649 25.
1117 5596 1157 5626 δι
1188 5592 1336 5647 Psal.
1372 5606 1560 5656 xxxvr,
1583 5590 1637 5644 5.

442 5664 494 5696 ⁸⁸
524 5663 714 5716 Matth.
759 5680 831 5727 tt,
872 5666 925 5719 5.

1744 5593 1787 5624 δ’
1820 5590 1976 5647 Joan.
2010 5606 2089 5658 ιιι,
2124 5590 2193 5644 20
2226 5599 2284 5645 et
2315 5589 2404 5644 21.

2135 4475 2265 4526 dies.
2298 4471 2492 4524 ()mnia
2536 4470 2680 4524 enim
2708 4468 2842 4536 justi
2867 4467 3071 4536 judicia
3103 4481 3446 4537 quascunque
3489 4465 3708 4534 judica-

2137 4563 2231 4626 vit,
2262 4575 2365 4614 non
2403 4559 2576 4613 solum
2619 4560 2762 4612 sicut
2806 4558 2895 4610 lux
2948 4564 3126 4619 erunt,
3158 4558 3253 4611 sed
3281 4557 3422 4612 sicut
3446 4556 3707 4611 meridia-

2134 4669 2263 4708 nmn
2300 4652 2504 4717 lumen,
2537 4651 2682 4719 quod
2739 4650 2928 4719 utique
2960 4649 3327 4705 clarissimum
3370 4658 3423 4706 et
3463 4650 3708 4720 splendi-

2134 4745 2416 4801 dissimum
2469 4752 2572 4797 est.
2627 4740 2910 4797 Plenitudo
2956 4741 3101 4796 enim
3146 4740 3281 4795 lueis
3314 4740 3368 4796 in
3408 4742 3707 4797 meridiano

2137 4844 2378 4902 tempore
2411 4831 2749 4899 designatur.
2778 4829 2833 4883 Si
2853 4845 2984 4900 ergo
3019 4829 3186 4887 fueris
3208 4830 3393 4900 justus
3426 4841 3478 4886 et
3509 4834 3705 4897 bonus,

2133 4925 2399 4994 producet
2426 4924 2568 4976 Deus
2596 4920 2735 4976 sicut
2768 4923 2950 4976 lumen
2977 4920 3242 4989 justitiam
3276 4930 3443 4987 tuam,
3477 4923 3705 4993 etjudi-

2135 5020 2277 5075 cium
2310 5028 2456 5073 tuum
2485 5019 2628 5074 sicut
2653 5017 2953 5072 meridiem.
2984 5014 3083 5068 Vel
3106 5025 3253 5071 certe
3284 5014 3335 5069 in
3355 5014 3559 5082 judicio
3582 5031 3705 5071 cum

2135 5123 2299 5163 causa
2335 5118 2423 5161 tua
2458 5108 2770 5173 discutitur,
2802 5104 3069 5173 justitiam
3104 5117 3283 5158 causas
3316 5112 3419 5156 tuas
3452 5113 3705 5174 tanquam

2134 5202 2309 5254 lucem
2345 5200 2484 5253 Dens
2516 5198 2680 5251 faciet
2715 5196 3087 5259 manifestam,
3112 5203 3166 5250 et
3186 5194 3455 5263 judicium
3480 5198 3621 5267 quod
3651 5207 3707 5253 et

2134 5290 2418 5360 dijudicat,
2456 5288 2604 5343 velut
2656 5288 2938 5342 meridiem
2972 5287 3137 5341 faciet
3177 5286 3548 5342 manifestum.
3575 5289 3707 5355 Qua)

2135 5382 2372 5439 scientes
2402 5381 2474 5435 ita
2502 5380 2705 5444 futura,
2740 5379 3093 5447 deprecemur
3119 5378 3547 5435 misericordiam
3586 5379 3707 5442 Dei,

2134 5482 2191 5527 ut
2230 5474 2493 5529 concedat
2528 5473 2682 5527 nobis
2727 5470 2859 5526 tales
2897 5471 3038 5538 fieri,
3079 5470 3173 5543 qui
3203 5471 3348 5542 digni
3383 5472 3707 5538 habeantur.

2537 5590 2580 5620 ⁸³
2610 5587 2764 5644 Joan.
2804 5603 2857 5654 v,
2906 5587 2992 5644 14.
3127 5588 3173 5620 ⁸⁸
3219 5587 3361 5645 Psal.
3420 5605 3608 5659 xxxvi,
3650 5597 3701 5649 ὓ.
