4100 6370
416 436 551 491 ἰδίω

1104 434 1412 491 SELECTA
1451 435 1515 488 IN
1555 433 1887 489 PSALMOS.
1932 463 1997 473 -—
2037 431 2269 489 llOMlL.
2300 431 2340 485 ll
2382 432 2444 487 ΙΝ
2488 432 2676 486 PSAL.
2720 429 2955 485 XXXVI.

3530 425 3660 478 1531)

416 563 645 617 quorum
678 548 822 602 Deus
852 546 969 617 ipse
1001 546 1176 601 lucem
1203 549 1431 617 justiti-te
1485 548 1747 617 producat
1787 548 1838 601 iu
1874 561 1983 599 me—
2018 550 2058 604 A
2090 544 2521 611 quod‘dicimus.
2561 542 2617 595 Si
2662 542 2877 608 aliquod
2934 537 3232 591 membrum
3292 535 3534 604 corporis
3570 536 3661 588 do-

418 640 588 705 dium,
624 636 963 706 etjudicium
996 649 1242 694 nostrum
1277 641 1417 693 sicut
1461 640 1738 693 meridiem
1778 641 1978 694 clarum

417 737 473 782 et
501 728 761 789 lucidum,
796 728 1003 785 habens
1048 728 1225 784 lucem
1254 744 1437 785 veram
1489 731 1538 784 in
1566 746 1644 793 se,
1678 732 1850 799 ipsum
1889 732 1985 783 Do-

420 820 625 875 minum
665 827 933 885 nostrum,
964 821 1049 877 oni
1082 829 1165 875 est
1210 822 1379 892 gloria
1405 831 1457 877 et
1488 823 1767 891 Imperium
1806 825 1856 881 lu
1884 838 1983 876 sae-

418 911 542 965 cula
575 910 921 981 saaculorum.
950 912 1143 967 Amen.

1018 1022 1297 1078 HOMILIA
1338 1024 1400 1079 ll.

419 1111 496 1167 De
520 1113 699 1168 eodem
730 1112 951 1181 psalmo,
974 1115 1053 1195 ~ab
1087 1116 1178 1195 illa
1207 1125 1354 1184 parte
1388 1136 1398 1168 :
1434 1138 1449 1167 ι
1476 1117 1728 1185 Subditus
1747 1128 1855 1171 esto
1880 1116 1987 1170 Do-

913 1199 1075 1249 mmo,
1103 1194 1150 1237 et
1176 1201 1267 1237 ora
1299 1202 1436 1238 eunt.
1466 1206 1485 1238 ο

408 1286 409 1289 ‘
493 1272 545 1325 1.
588 1271 944 1341 Praecipiente
982 1276 1254 1334 mandato.
1294 1286 1347 1329 et
1385 1279 1700 1332 dicente“:
1728 1280 1985 1334 Subditus

422 1374 532 1417 esto
561 1362 810 1429 Domino,
858 1370 1225 1422 necessarium
1255 1370 1467 1423 videtur
1498 1373 1822 1438 perscrutari
1859 1372 1987 1439 quid

421 1454 495 1509 sit
553 1454 826 1510 subditum
878 1473 999 1512 esse
1053 1460 1305 1525 Domino,
1338 1472 1393 1514 et
1448 1462 1576 1530 quid
1615 1462 1684 1514 sit
1731 1478 1835 1515 non
1868 1478 1990 1516 esse

421 1544 719 1600 subditum.
749 1546 904 1602 Sicut
933 1550 1079 1603 enim
1108 1567 1209 1604 non
1243 1553 1411 1605 omnis
1442 1555 1531 1613 qui
1558 1553 1704 1614 dicit,
1740 1551 1986 1615 Domine,

427 1633 666 1697 Domine,
716 1634 936 1689 intrabit
986 1641 1041 1691 iu
1072 1655 1287 1709 regnum
1326 1641 1596 1704 calorum,
1624 1642 1713 1693 sed
1746 1641 1833 1710 qui
1864 1639 1993 1707 facit

424 1725 740 1780 voluntatem
784 1725 965 1783 Patris
1000 1733 1097 1785 mei
1153 1734 1242 1802 qui
1300 1734 1353 1785 iu
1386 1733 1529 1786 caelis
1561 1746 1635 1787 est
1661 1736 1741 1790 δτι
1778 1738 1847 1789 ita
1886 1753 1990 1791 non

423 1816 601 1871 eninis
633 1818 723 1886 qui
774 1818 904 1874 dicit
938 1837 997 1875 se
1042 1821 1343 1890 subjectum
1393 1839 1514 1879 esse
1540 1824 1787 1888 Domino,
1814 1826 1997 1895 subje-

424 1915 548 1961 ctus
575 1918 656 1961 est
687 1909 759 1973 ei,
792 1911 886 1964 sed
932 1912 1024 1981 qui
1072 1913 1245 1981 reipsa
1309 1915 1582 1981 subjectus
1617 1928 1701 1971 est
1743 1920 1821 1985 ei;
1865 1891 1992 1987 quia
2025 1891 2068 1945 Β

429 2012 555 2050 vere
581 1996 881 2065 subjectum
919 2015 1039 2057 esse
1072 2002 1320 2067 Domino,
1356 2022 1459 2061 non
1494 2022 1675 2060 sermo
1699 2009 1993 2074 professio-

428 2088 533 2151 nis,
572 2091 662 2143 sed
703 2105 838 2159 opus
868 2093 1224 2163 subjectionis
1256 2097 1517 2150 ostendit.
1556 2096 1778 2152 Plenius
1812 2110 1991 2155 autem

428 2179 742 2249 intelligitur
781 2183 923 2251 quod
955 2184 1183 2239 dicimus
1232 2185 1332 2241 hoc
1365 2188 1524 2241 modo
1554 2204 1568 2241 :
1597 2188 1856 2244 Dominus
1902 2206 1991 2244 no-

426 2281 541 2325 ster
588 2270 746 2327 Jesus
776 2273 1022 2329 Christus
1064 2276 1276 2343 justitia
1309 2288 1411 2333 est.
1443 2278 1611 2334 Nemo
1642 2296 1770 2346 ergo
1798 2281 1997 2348 injuste

429 2377 598 2430 agens
629 2363 903 2433 subjectus
936 2377 1014 2420 est
1047 2367 1289 2431 Christo,
1317 2371 1409 2438 qui
1444 2380 1525 2425 est
1557 2370 1799 2440 justitia.
1833 2374 1995 2428 Chri-

428 2460 515 2505 tus
537 2453 735 2507 veritas
759 2462 861 2508 est.
894 2455 1062 2511 Nemo
1093 2459 1319 2510 mendax
1360 2457 1581 2513 Christo
1613 2460 1890 2528 subjectus
1916 2472 1998 2517 est

426 2542 519 2610 qui
553 2552 637 2597 est
666 2546 891 2610 veritas,
929 2548 1045 2602 sive
1068 2564 1190 2601 cum
1224 2549 1274 2602 in
1305 2549 1487 2616 rebus,
1522 2552 1638 2606 sive
1667 2569 1790 2607 cum
1819 2556 1870 2608 in
1904 2556 1999 2609 do-

427 2635 604 2688 ctrina
668 2638 1006 2694 mendacium
1051 2642 1311 2711 loquitur.
1349 2643 1613 2699 Dominus
1648 2643 1809 2701 Jesus
1837 2647 1998 2702 Chri-

429 2734 544 2779 stus
573 2730 933 2783 sanctiﬁcatio
961 2742 1062 2786 est.
1102 2733 1267 2789 Nemo
1300 2746 1382 2791 est
1432 2740 1711 2808 subjectus
1758 2744 2001 2796 sanetili-

427 2818 654 2883 cationi,
693 2835 813 2873 cum
864 2823 1096 2892 pollutus
1142 2828 1213 2881 sit
1244 2835 1296 2881 et
1337 2830 1602 2895 impurus.
1636 2832 1892 2887 Dominus
1917 2833 2002 2889 Je-

431 2921 526 2959 sus
555 2907 803 2963 Christus
849 2926 949 2979 pax
992 2924 1098 2970 est.
1139 2915 1309 2970 Nemo
1333 2917 1603 2987 litigiosus
1632 2928 1687 2973 et
1721 2923 2002 2977 turbulen-

435 3006 520 3051 tus
546 2998 763 3054 Christo
794 3002 1067 3070 subjectus
1100 3016 1201 3071 est,
1236 3011 1323 3075 qui
1355 3019 1436 3063 est
1463 3026 1588 3078 par,
1623 3015 1717 3066 sed
1750 3014 1838 3067 ille
1869 3019 1997 3070 sub-

428 3084 610 3153 jectus
639 3096 721 3141 est
758 3088 805 3141 ei
846 3093 937 3158 qui
972 3092 1104 3147 dicit
1125 3094 1170 3125 “
1201 3112 1214 3147 :
1244 3094 1374 3149 Cum
1412 3099 1491 3152 his
1540 3102 1630 3169 qui
1655 3104 1877 3157 oderunt
1900 3122 1999 3173 pa-

431 3194 564 3279 rem,
599 3194 740 3233 eram
788 3184 1062 3251 paciﬁcus.
1116 3187 1271 3243 Unde
1324 3200 1378 3246 et
1434 3194 1489 3247 in
1546 3194 1656 3248 alio
1683 3197 1899 3265 psalmo
1935 3200 2071 3279 adc

432 3269 668 3323 animam
704 3288 855 3327 suam
891 3276 1022 3331 dicit
1052 3278 1328 3349 Propheta
1351 3284 1397 3315 ⁸³
1435 3304 1449 3337 :
1493 3283 1862 3343 Verumtamen
1895 3290 1999 3344 Deo

430 3358 642 3412 subdita
669 3371 797 3429 esto,
833 3365 1010 3420 anima
1039 3385 1168 3430 mea,
1204 3373 1329 3440 quia
1376 3379 1441 3425 ab
1490 3374 1604 3443 ipso
1648 3387 1721 3429 est
1746 3380 2002 3445 patientia

432 3466 570 3506 nica.
629 3452 736 3508 Sed
793 3465 847 3511 ct
888 3459 1184 3528 Apostolus
1217 3480 1412 3534 magna
1444 3468 1659 3537 quidem
1686 3480 1741 3525 et
1779 3473 2002 3539 mystica

438 3543 505 3594 de
529 3545 868 3614 suhjectione
893 3551 1166 3620 siguillcat
1194 3555 1379 3612 dicens
1399 3559 1445 3590 '°
1473 3577 1487 3615 :
1518 3560 1650 3614 Cum
1685 3574 1859 3616 autent
1882 3566 2003 3619 sub-

424 3634 575 3701 jecta
597 3638 646 3690 ei
666 3640 866 3706 fuerint
911 3647 1107 3712 omnia,
1143 3657 1268 3701 tunc
1311 3660 1359 3704 et
1385 3652 1499 3721 ipse
1528 3651 1707 3708 Filius
1739 3656 2003 3725 subjectus

432 3725 532 3817 erit
558 3729 604 3780 ei
625 3729 713 3798 qui
732 3731 895 3801 660
924 3736 1023 3787 sibi
1046 3738 1276 3791 subdidit
1301 3744 1505 3807 omnia.
1539 3746 1679 3800 Audi
1713 3762 1844 3817 ergo
1874 3750 2004 3817 quid

433 3815 563 3870 dicit
596 3820 718 3887 quia
752 3823 934 3876 omnia
970 3841 1191 3883 necesse
1223 3840 1306 3885 est
1331 3833 1549 3889 Christo
1579 3851 1701 3891 esse
1735 3815 1999 3907 subjecta,

434 3913 493 3958 et
522 3916 647 3961 tunc
672 3910 842 3977 ipsum
867 3926 987 3967 esse
1016 3916 1343 3985 subjectum,
1377 3923 1714 3991 suhjectione
1756 3928 2005 3984 videlicet

436 3994 523 4046 illa
553 4012 714 4064 quam
752 4000 818 4055 de
848 4005 1040 4071 spiritu
1096 4007 1321 4078 intelligi
1373 4012 1591 4080 dignum
1651 4025 1752 4069 est.
1787 4017 2003 4072 Interim

436 4102 662 4145 necesse
712 4102 794 4147 est
842 4096 1022 4150 omnia
1068 4099 1286 4154 Christo
1319 4117 1440 4157 esse
1492 4104 1753 4172 subjecta,
1789 4117 1847 4162 ut
1880 4119 2005 4164 tunc

438 4178 650 4233 demum
709 4183 873 4238 etiam
919 4186 1036 4256 ipse
1082 4189 1318 4260 impletis
1360 4199 1617 4252 omnibus
1658 4208 1712 4251 et
1751 4200 2005 4268 perfectis

436 4284 532 4335 per
565 4271 979 4341 subjectiouem,
1014 4289 1272 4349 tanquam
1307 4288 1547 4344 victoria:
1579 4307 1689 4347 suae
1731 4294 1876 4348 hanc
1919 4310 2004 4348 re-

436 4359 616 4416 terens
632 4364 866 4432 palmam
897 4366 1043 4424 Patri
1073 4373 1284 4429 dicatur
1310 4377 1526 4435 futurus
1552 4399 1675 4439 esse
1704 4386 2002 4454 subjectus.

435 4454 588 4519 Quod
622 4458 723 4511 nisi
760 4461 988 4529 mystice
1020 4463 1372 4537 intelligatur,
1403 4472 1624 4542 impium
1658 4478 1857 4546 aliquid
1889 4481 2006 4534 sine

436 4546 602 4601 dubio
642 4564 747 4602 non
788 4552 1190 4611 advertentibus
1252 4558 1494 4617 indicare
1548 4567 1806 4622 creditur.

433 4639 580 4691 enim
618 4642 914 4708 putandum
960 4654 1045 4700 est
1085 4649 1227 4715 quod
1268 4649 1439 4707 Filius
1488 4653 1579 4708 Dei
1613 4672 1756 4712 nunc
1786 4660 2002 4728 quidem

441 4728 585 4783 Patri
610 4749 947 4804 nequaquam
996 4739 1274 4809 subjectus
1305 4743 1397 4807 sit,
1434 4744 1484 4797 io
1530 4748 1842 4804 novissimis
1878 4767 2006 4807 vero

442 4823 774 4888 temporibus
801 4841 921 4880 cum
953 4830 1054 4884 sibi
1092 4831 1299 4887 fuerint
1339 4845 1533 4890 cuncta
1570 4839 1838 4907 subjecta,
1879 4853 2005 4898 tunc

348 4962 356 4977 λ
434 4910 542 4963 erit
564 4920 617 4965 et
654 4913 768 4981 ipse
795 4918 1069 4986 subjectus
1100 4937 1114 4973 :
1146 4923 1240 4976 sed
1275 4926 1400 4993 quia
1435 4929 1617 4982 omnia
1646 4934 1905 4987 nostrain
1942 4950 2004 4989 se

437 5005 649 5074 recipit,
684 5016 739 5061 et
780 5023 839 5062 se
862 5025 982 5065 esse
1006 5013 1134 5066 dicit
1160 5017 1252 5083 qui
1283 5018 1333 5070 in
1375 5021 1532 5075 nobis
1561 5027 1802 5091 esuriat;
1838 5042 2005 5094 seque

433 5099 525 5166 qui
568 5101 618 5153 in
652 5102 809 5157 nobis
840 5103 1015 5166 sitiat,
1047 5113 1100 5159 et
1133 5107 1309 5162 nudus
1335 5111 1406 5164 sit
1433 5123 1597 5181 atque
1620 5130 1782 5184 aeger,
1807 5119 2006 5186 quique

437 5193 632 5262 hospes
675 5201 729 5248 et
768 5198 860 5265 qui
903 5208 1149 5258 retrusus
1192 5206 1244 5260 in
1294 5224 1591 5278 carcerem,
1639 5221 1693 5265 ct
1739 5214 2003 5282 quidquid

433 5286 522 5337 uni
562 5300 627 5338 ex
660 5289 898 5345 minimis
926 5295 1041 5348 suis
1075 5294 1276 5353 factum
1312 5301 1498 5366 fuerit,
1524 5305 1624 5358 sibi
1656 5304 1854 5360 factum
1882 5323 2001 5361 esse

435 5383 701 5443 testatur;
737 5392 1137 5451 censequcnter
1160 5396 1214 5439 et
1248 5391 1440 5445 merito
1470 5408 1591 5445 cum
1628 5397 2002 5464 unusquisque

436 5478 680 5521 nostrum
713 5471 868 5539 plene
899 5486 951 5528 et
979 5477 1218 5544 perfecte
1256 5483 1508 5537 subditur
1544 5484 1676 5553 Deo,
1724 5487 1797 5541 ita
1842 5499 1900 5541 ut
1950 5490 2000 5541 in

433 5558 580 5612 nullo
617 5576 837 5645 prorsus
885 5566 1204 5627 inobedicns
1247 5585 1459 5642 pareat,
1492 5592 1550 5630 se
1580 5594 1699 5633 esse
1728 5581 2001 5635 subditum

431 5658 783 5717 protestatur.
834 5656 942 5712 Sed
994 5673 1049 5716 et
1085 5662 1191 5719 alio
1243 5667 1403 5720 modo
1432 5667 1647 5736 plenius
1677 5670 2000 5741 intelligitur

433 5854 462 5893 ν
502 5768 724 5893 ’ΞυΡεειι
763 5792 948 5847 xxxvi,
981 5781 1031 5835 7.
1110 5782 1151 5813 ⁵⁷
1186 5783 1374 5841 Matth.
1415 5802 1509 5852 vn,
1536 5786 1625 5842 21.

473 5880 609 5905 ,νυ

1726 5790 1769 5820 ⁸⁸
1792 5791 1931 5846 1ἐ.ι1.
1965 5809 2109 5858 om,
2148 5792 2199 5843 (ἰ.

2090 637 2317 702 leamus,
2365 635 2614 703 quamvis
2656 634 2833 686 anima
2893 638 3074 683 nostra
3122 627 3407 681 incolumis
3459 627 3550 689 sit,
3610 638 3662 679 ct

2091 727 2296 795 reliqua
2354 725 2532 778 omnia
2590 725 2829 777 membra
2882 730 3066 774 nostra
3116 735 3252 771 sana
3297 720 3423 781 sint,
3484 726 3660 769 tamen

2090 819 2216 887 quia
2262 817 2449 871 dolore
2503 817 2660 869 unius
2709 814 2935 866 membri
2985 819 3126 865 totus
3179 811 3336 863 homo
3384 806 3661 873 allligitur,

2090 925 2196 963 non
2225 910 2456 963 dicimus
2485 909 2608 976 quia
2647 906 2764 960 sani
2798 919 3009 971 sumus,
3041 903 3134 957 sed
3171 902 3291 970 quia
3333 899 3471 954 male
3505 899 3663 952 habe-

2090 1016 2232 1054 mus.
2281 997 2443 1051 Verbi
2497 1014 2679 1063 causa,
2731 997 2959 1049 dicimus
2995 1013 3007 1048 :
3039 993 3131 1046 llle
3174 1008 3277 1046 non
3326 1000 3408 1045 est
3474 1004 3660 1044 sanus.

2091 1092 2306 1157 Quare?
2336 1091 2457 1159 quia
2488 1091 2651 1158 pedes
2673 1087 2841 1152 dolet,
2865 1097 2955 1140 aut
2987 1099 3164 1148 renes,
3185 1092 3275 1135 aut
3300 1081 3660 1135 stomachum.

2093 1182 2154 1235 Et
2206 1198 2364 1237 nemo
2399 1183 2530 1236 dicit
2563 1181 2689 1249 quia
2728 1193 2891 1233 sanus
2922 1187 3005 1230 est
3037 1177 3080 1230 si
3112 1175 3450 1228 stomachum
3498 1170 3663 1235 dolet,

2093 1274 2183 1326 sed
2221 1289 2324 1326 non
2358 1283 2443 1326 est
2468 1288 2632 1325 sanus
2673 1270 2798 1340 quia
2836 1268 3177 1323 stomachum
3214 1264 3380 1317 dolet.
3414 1262 3472 1315 Si
3509 1259 3666 1314 inteb-

2093 1364 2303 1416 lexistis
2326 1368 2651 1431 exemplum,
2688 1360 2977 1414 redeamus
3004 1373 3146 1411 nunc
3180 1356 3246 1409 ad
3279 1355 3331 1407 id
3360 1354 3502 1422 quod
3541 1366 3666 1419 pre»

2094 1455 2332 1523 positum
2363 1462 2465 1508 est.
2497 1453 2794 1522 Apostolus
2827 1452 2961 1505 dicit
2991 1450 3033 1479 ⁷¹
3064 1450 3188 1516 quia
3225 1460 3424 1514 corpus
3463 1444 3665 1497 Christi

2095 1560 2299 1609 sumus,
2343 1554 2395 1598 et
2437 1544 2678 1597 membra
2724 1559 2792 1597 ex
2835 1550 3012 1611 parte.
3063 1538 3315 1592 Christus
3359 1549 3488 1604 ergo
3517 1534 3669 1600 cujus

2095 1652 2252 1690 onme
2305 1636 2581 1689 hominum
2619 1650 2812 1705 genus,
2864 1634 2972 1685 imo
3019 1628 3269 1683 fortassis
3313 1629 3478 1681 totius
3510 1641 3661 1680 crea-

2099 1736 2232 1780 turae
2278 1727 2605 1780 universitas
2660 1740 2858 1792 corpus
2902 1731 3005 1785 est,
3062 1729 3117 1775 et
3166 1719 3539 1786 unusquisque
3574 1733 3663 1771 no-

2099 1826 2268 1870 strum
2303 1819 2541 1871 membra
2569 1832 2632 1869 ex
2663 1824 2814 1884 parte
2843 1822 2946 1875 est,
2978 1814 3023 1867 si
3062 1812 3263 1879 aliquis
3294 1827 3361 1865 ex
3395 1810 3552 1864 nobis
3576 1810 3666 1878 qui

2100 1911 2339 1962 membra
2385 1909 2499 1974 ejus
2546 1909 2779 1961 dicimur
2828 1914 3077 1974 aegrotat,
3118 1914 3173 1958 et
3222 1904 3403 1972 aliquo
3460 1901 3665 1971 peccati

2101 2002 2289 2055 morbo
2324 2000 2554 2064 laborat,
2608 1999 2661 2051 id
2718 2007 2821 2062 est,
2858 1998 2905 2051 si
2950 1995 3179 2063 alicujus
3208 1994 3414 2063 peccati
3450 1991 3665 2046 macula

2100 2094 2352 2156 inuritur,
2392 2103 2444 2146 et
2486 2110 2592 2146 non
2643 2092 2913 2160 subjectus
2962 2089 3094 2152 Deo,
3127 2096 3271 2141 recte
3317 2085 3403 2140 ille
3430 2086 3665 2139 nondum

2100 2184 2292 2237 dicitur
2327 2199 2445 2237 esse
2481 2182 2771 2251 subjectus,
2817 2178 2968 2247 cujus
3026 2178 3134 2230 sint
3170 2176 3412 2230 membra
3450 2175 3525 2228 illi
3575 2175 3667 2242 qui

2100 2291 2202 2328 non
2257 2283 2382 2328 sunt
2430 2274 2655 2341 subjecti
2688 2274 2817 2327 Deo.
2848 2272 2982 2326 Cum
3011 2278 3190 2323 autem
3236 2281 3423 2321 omnes
3453 2280 3546 2320 eos
3580 2268 3668 2334 qui

2100 2379 2296 2434 corpus
2342 2378 2498 2418 suum
2542 2365 2795 2417 dicuntur
2843 2376 2905 2414 ac
2964 2359 3229 2423 membra,
3261 2371 3419 2411 sanos
3464 2357 3671 2410 habue-

2102 2457 2191 2521 rit,
2247 2466 2303 2508 ut
2348 2457 2398 2508 in
2466 2455 2611 2509 nullo
2670 2454 3055 2510 inobedientiae
3110 2450 3477 2508 laboraverint
3531 2463 3674 2502 mor-

2100 2547 2193 2613 bo,
2226 2548 2376 2601 sanis
2405 2548 2663 2601 omnibus
2692 2549 2973 2613 membris,
3003 2549 3225 2618 Deoque
3250 2546 3526 2611 subjectis,
3556 2558 3673 2594 me-

2103 2641 2211 2694 rito
2242 2655 2300 2694 se
2331 2640 2464 2693 dicit
2493 2654 2613 2693 esse
2644 2640 2951 2709 subjectum
2987 2641 3086 2706 illi,
3126 2640 3279 2709 cujus
3300 2653 3395 2692 nos
3432 2636 3673 2689 membra

2104 2731 2213 2786 Deo
2262 2732 2315 2785 in
2356 2732 2608 2785 omnibus
2648 2731 2949 2785 obedimus.
2994 2731 3146 2797 Quod
3193 2733 3235 2785 si
3281 2730 3510 2798 teipsum
3548 2742 3677 2795 pcr-

2106 2822 2337 2876 scrutari
2377 2822 2479 2885 vis,
2511 2831 2564 2876 et
2605 2822 2793 2875 videre
2820 2822 2865 2875 si
2900 2822 3013 2889 jam
3049 2821 3326 2891 subjectus
3360 2836 3418 2875 es
3448 2819 3579 2883 Deo,
3609 2834 3676 2870 an

2104 2913 2280 2967 adhuc
2333 2912 2651 2967 inobedicns
2710 2930 3020 2983 permanes,
3074 2916 3176 2968 hoc
3229 2914 3387 2967 modo
3447 2912 3675 2979 teipsum

2106 3004 2343 3058 discute:
2371 3005 2425 3057 Si
2460 3003 2597 3057 nihil
2635 3014 2718 3058 cst
2763 3008 3103 3058 contrarium
3144 3003 3255 3058 Deo
3295 3005 3347 3057 in
3388 3012 3460 3069 te,
3497 3002 3678 3071 subje-

2105 3106 2228 3151 ctus
2270 3110 2329 3149 es
2366 3095 2435 3147 ei.
2469 3094 2817 3150 Contrarium
2860 3105 3041 3149 autem
3096 3096 3326 3150 dicimus
3361 3096 3461 3149 hoc
3495 3095 3676 3148 modo:

2107 3187 2246 3243 Deus
2279 3185 2518 3240 charitas
2554 3195 2668 3252 cst;
2708 3187 2751 3240 si
2788 3187 2972 3241 odium
2999 3188 3049 3240 in
3078 3197 3128 3240 te
3158 3200 3262 3239 non
3295 3194 3398 3249 est,
3439 3198 3544 3237 non
3579 3185 3679 3239 ha-

2105 3277 2201 3332 bes
2240 3277 2386 3346 quod
2425 3277 2761 3331 contrarium
2820 3276 2929 3333 Deo
2974 3288 3079 3332 est.
3130 3276 3272 3330 Deus
3314 3277 3518 3330 veritas
3555 3286 3675 3342 est;

2106 3370 2226 3422 vide
2266 3382 2330 3421 ne
2361 3369 2431 3421 sit
2462 3368 2514 3421 in
2557 3378 2608 3422 te
2632 3368 2998 3434 mendacium,
3033 3371 3174 3439 quod
3208 3376 3291 3422 cst
3339 3368 3676 3423 coutrarimu

2107 3461 2342 3515 veritati.
2380 3460 2436 3515 Si
2490 3461 2634 3515 enim
2675 3470 2758 3516 est
2807 3462 2859 3515 in
2913 3470 2963 3515 te
3013 3460 3377 3527 mendacium,
3416 3475 3521 3514 neu
3569 3460 3679 3513 Deo

2108 3554 2379 3623 subjectus
2421 3568 2499 3617 es,
2534 3554 2626 3608 sed
2663 3554 2712 3608 ei
2743 3553 2830 3623 qui
2876 3562 2959 3608 est
3006 3552 3277 3607 mendacii
3326 3560 3502 3622 pater.
3533 3552 3597 3606 Et
3632 3552 3679 3605 si

2109 3645 2371 3713 injustitia
2421 3645 2473 3698 iu
2529 3653 2581 3698 te
2629 3653 2731 3708 est,
2770 3644 2909 3713 patri
2970 3642 3247 3711 injustitia:
3307 3643 3586 3710 subjectus
3621 3658 3681 3697 es

2110 3738 2281 3805 magis
2313 3752 2473 3806 quam
2513 3735 2645 3803 Deo,
2689 3736 2782 3805 qui
2817 3737 3027 3805 justitia
3065 3745 3169 3790 est.
3205 3736 3259 3789 Si
3291 3745 3345 3790 et
3384 3736 3588 3804 reliqua
3624 3738 3677 3791 in

2111 3838 2159 3881 te
2187 3828 2610 3894 deprehenderis
2638 3828 2787 3889 vitia,
2824 3827 2963 3880 scito
2999 3836 3049 3880 te
3087 3827 3267 3880 tandiu
3300 3842 3405 3880 non
3429 3826 3559 3891 Deo,
3586 3829 3682 3881 sed

2109 3917 2320 3970 diabolo
2361 3931 2483 3969 esse
2524 3915 2849 3982 subjectum.
2881 3917 3101 3968 Certum
3135 3923 3216 3969 est
3270 3930 3506 3983 namque
3554 3916 3679 3982 quia

2107 4006 2486 4061 fornicationis
2538 4013 2776 4072 tempore
2824 4004 3037 4072 spiritui
3077 4003 3456 4057 fornicationis
3493 4019 3681 4058 smnus

2107 4097 2364 4165 subjecti,
2401 4098 2758 4150 adversantes
2792 4094 3004 4163 spiritui
3038 4095 3328 4148 castitatis.
3362 4092 3428 4146 Et
3464 4105 3674 4162 tempo-

2109 4204 2166 4242 re
2222 4187 2536 4251 iracundia),
2586 4186 2669 4239 vel
2722 4184 2943 4250 furoris,
2983 4185 3197 4253 spiritui
3242 4187 3334 4237 ira:
3372 4183 3680 4249 obedimus,

2107 4279 2325 4347 spiritui
2363 4277 2795 4331 mansuetudinis
2846 4276 3181 4329 resistentes.
3210 4274 3503 4342 Propterea
3554 4290 3683 4341 ergo

2110 4372 2350 4425 videntes
2396 4370 2522 4440 quia
2553 4370 2737 4424 oinnis
2772 4371 2879 4422 vita
2920 4380 3100 4423 nostra
3133 4381 3355 4437 agonem
3388 4366 3677 4433 quemdam

2108 4463 2431 4517 obedientiic
2474 4462 2635 4532 gerit,
2668 4463 2779 4516 sive
2800 4461 3037 4527 Christo,
3064 4461 3177 4513 sive
3207 4459 3289 4512 his
3335 4458 3425 4527 qui
3458 4469 3680 4511 contra-

1886 4570 2000 4625 Non
2038 4558 2081 4613 D
2112 4557 2173 4609 rii
2224 4563 2350 4609 sunt
2384 4554 2619 4618 Christo,
2667 4568 2931 4609 conemur
2978 4568 3075 4620 per
3110 4552 3393 4616 orationis,
3426 4564 3522 4618 per
3554 4564 3683 4604 cru-

2107 4646 2325 4700 ditionis
2357 4645 2664 4714 religiosam
2695 4642 3089 4696 institutionem
3124 4643 3226 4695 hoc
3268 4657 3451 4710 agerc,
3486 4656 3550 4693 ne
3581 4657 3682 4694 uu-

2107 4752 2265 4805 quam
2306 4736 2520 4789 diabolo
2550 4736 2632 4789 vel
2659 4735 2878 4789 malitiae
2906 4733 3023 4800 ejus
3060 4734 3279 4788 obedire
3315 4734 3678 4798 inveniamur,

2109 4830 2201 4883 sed
2235 4831 2411 4883 omnis
2449 4839 2604 4883 actus
2633 4840 2835 4893 uoster,
2870 4839 2921 4883 et
2951 4831 3129 4882 omnis
3155 4844 3333 4882 sermo
3370 4840 3531 4896 atque
3567 4844 3682 4880 Otil-

2110 4922 2193 4975 nis
2253 4923 2512 4991 cogitatio
2570 4923 2879 4976 inveniatur
2944 4920 2995 4973 in
3045 4922 3385 4988 suhjectione
3451 4922 3676 4975 Christi.

2108 5015 2261 5080 Quod
2296 5015 2339 5068 si
2373 5013 2513 5069 forte
2545 5012 2860 5081 dicis,Quid
2889 5017 3110 5083 prodest
3144 5015 3189 5070 si
3221 5028 3363 5067 nunc
3405 5014 3680 5081 subjectus

2107 5109 2230 5173 sim,
2264 5106 2514 5175 cumjam
2547 5118 2672 5163 ante
2712 5113 3046 5178 peccaverint
3070 5122 3125 5167 et
3161 5118 3469 5177 praeventus
3488 5108 3587 5162 sim
3626 5108 3681 5161 in

2107 5202 2355 5257 delictis?
2372 5205 2486 5258 sine
2508 5205 2668 5259 dubio
2685 5221 2808 5260 cum
2830 5206 3175 5275 deliquimus,
3196 5206 3421 5274 subjecti
3449 5220 3550 5258 non
3576 5205 3681 5257 fui-

2110 5313 2228 5351 mus
2262 5299 2388 5362 Deo,
2414 5299 2507 5353 sed
2526 5314 2647 5352 cum
2675 5300 2969 5354 desivimus
2990 5316 3016 5352 a
3044 5299 3273 5361 doliolis,
3315 5307 3440 5350 tunc
3465 5296 3678 5348 initium

2108 5392 2459 5461 subjectiouis
2496 5395 2824 5463 accepimus.
2853 5394 2984 5448 Cum
3014 5411 3141 5463 ergo
3171 5395 3347 5447 timori
3376 5393 3464 5445 Dei
3504 5390 3683 5457 subje-

2108 5484 2181 5538 cti
2234 5500 2462 5554 peccare
2502 5501 2797 5549 cessanuts,
2838 5499 2963 5540 tunc
2993 5486 3154 5539 etiam
3194 5485 3443 5538 ﬁduciam
3476 5483 3680 5550 accipi-

2111 5593 2228 5632 mus
2261 5577 2513 5647 poseendi
2552 5592 2649 5645 pro
2690 5576 2899 5631 delictis
2928 5576 3207 5644 prioribus
3242 5575 3477 5629 vcuiam.
3503 5575 3681 5629 Donec

2110 5679 2289 5723 autem
2326 5682 2703 5737 permanemus
2743 5668 2793 5721 in
2832 5667 3059 5729 delictis,
3088 5666 3285 5721 frustra
3337 5666 3543 5720 veniam
3582 5681 3682 5734 po-

2302 5783 2343 5817 ⁶⁹
2369 5781 2513 5837 Psal.
2561 5800 2669 5849 in,
2708 5784 2761 5836 t5.
2838 5785 2881 5813 το
2916 5781 2932 5833 1
2963 5782 3089 5838 Cor.
3123 5798 3210 5849 xv,
3242 5782 3327 5835 18.
3406 5782 3446 5811 ἰ
3480 5780 3680 5849 Ephcs.
