4100 6404
439 406 573 466 1351

1835 398 1921 454 EX
1964 395 2265 454 OlilGENE

3570 399 3589 452 l
3603 398 3705 452 53?.

440 521 647 575 scimus
674 516 1016 572 delictorum.
1050 513 1204 572 Unde
1241 524 1295 570 cl
1330 514 1552 571 memini
1602 530 1687 569 me
1715 515 2027 585 frequenter
2056 521 2103 575 Α
2132 522 2234 575 est,
2268 510 2408 580 Noli,
2447 514 2639 587 inquit,
2678 514 2888 581 mirari,
2928 515 2972 572 si
3000 517 3367 591 insipientem,
3403 515 3446 573 si
3480 516 3705 585 malum,

440 612 648 666 dixisse
683 609 747 664 ad
772 623 885 673 vos,
918 608 1045 679 quia
1078 607 1290 662 veniam
1331 609 1653 663 delictorum
1704 618 1832 663 tunc
1862 608 2023 677 digne

440 705 741 779 poscimus,
768 717 889 756 cum
927 701 1087 773 longe
1112 701 1271 770 positi
1299 716 1327 754 a
1362 710 1607 772 peccato,
1652 700 1795 755 illam
1831 713 2021 754 vocem

442 807 732 865 possumus
789 792 1031 851 dicere"
1061 810 1073 845 :
1104 790 1186 845 Ne
1246 792 1547 845 memineris
1588 791 1889 860 iniquitates
1930 805 2025 842 no-

439 896 579 943 stras
615 884 884 959 antiquas.
917 881 1035 937 Non
1075 881 1209 937 dixit
1236 896 1329 936 eas
1353 896 1489 951 quas
1520 879 1769 945 facimus,
1807 876 1899 932 sed
1930 889 2024 928 eas

444 992 578 1053 quas
603 975 894 1047 aliquando
921 974 1166 1035 fecimus.
1209 973 1472 1029 Subditus
1511 986 1645 1043 ergo
1686 981 1803 1029 esto
1838 967 2025 1023 Domi-

442 1087 536 1140 no,
568 1079 621 1126 et
671 1070 949 1144 subjectus
993 1067 1102 1133 noli
1144 1082 1395 1139 peccare.
1424 1066 1577 1120 Tunc
1620 1065 1847 1120 obsecra
1900 1074 2023 1115 eum

441 1176 545 1235 pro
572 1162 782 1225 delictis
807 1158 1095 1239 printeritis
1119 1167 1174 1214 et
1200 1157 1456 1228 antiquis.

513 1254 569 1307 2.
614 1251 698 1319 Ne
721 1253 1004 1311 tumulatus
1042 1250 1210 1319 fueris
1234 1266 1352 1304 eum
1375 1249 1465 1321 qui
1496 1253 1841 1321 prosperatur
1864 1244 1918 1299 in
1944 1243 2027 1297 via

446 1360 567 1407 sua,
607 1343 663 1395 in
687 1342 896 1405 homine
915 1339 1145 1409 faciente
1197 1337 1616 1408 iniquitatem".
1655 1335 1926 1391 Describit
1964 1347 2026 1389 ea

442 1448 567 1506 quae
592 1434 853 1487 accidunt
886 1432 1219 1489 hominibus.
1253 1430 1591 1500 Frequenter
1614 1429 1757 1485 enim
1784 1427 1828 1481 si
1848 1426 2029 1487 vitlea~

446 1539 571 1580 mus
626 1522 869 1601 iniquum
920 1522 973 1576 in
1032 1520 1305 1591 prOSperis
1337 1519 1705 1583 successibus,
1756 1525 1811 1573 et
1874 1518 1927 1570 in
1964 1531 2027 1571 ea

449 1630 611 1688 quam
656 1615 862 1671 ducunt
912 1613 1177 1668 felicitate
1218 1613 1341 1665 vitae
1383 1611 1648 1681 positum,
1693 1608 2031 1672 scandaliza—

448 1724 594 1778 tnur,
637 1717 688 1765 et
720 1705 1024 1781 perieulum
1054 1703 1183 1761 fidei
1230 1702 1593 1767 incurrimus,
1626 1711 1789 1775 atque
1821 1701 1873 1755 in
1907 1714 2029 1755 cor-

447 1800 514 1854 de
542 1807 731 1853 nostro
755 1796 1050 1851 adversum
1078 1794 1320 1856 divinam
1344 1793 1755 1849 Providentiam
1787 1807 2031 1861 conque-

448 1891 646 1957 rimur,
681 1889 931 1949 dicentes
961 1902 975 1939 :
1006 1884 1145 1951 Quid
1192 1885 1415 1955 prodest
1459 1883 1608 1955 juste
1660 1885 1856 1961 agere?
1892 1859 2029 1940 Ecce
2057 1859 2106 1929 Β

444 1981 580 2053 justi
632 1978 984 2049 tribulantur,
1024 1977 1115 2037 ltic
1171 1978 1406 2053 injustas
1446 1976 1683 2035 feliciter
1727 1976 1861 2047 agit.
1889 1973 2031 2047 lnju-

444 2082 564 2129 stus
591 2080 696 2136 est,
739 2079 797 2131 et
830 2071 897 2135 ad
923 2085 1166 2131 summas
1199 2071 1412 2127 divitias
1456 2070 1727 2140 pervenit,
1761 2068 2028 2129 honorum

446 2181 511 2227 ac
539 2174 864 2235 potestatum
899 2164 1175 2227 excelsum
1209 2166 1426 2227 culmen
1478 2165 1745 2233 ascendit,
1778 2163 2032 2220 fortassis

447 2257 643 2313 melius
678 2266 761 2317 est
801 2255 1059 2333 injustam
1095 2270 1217 2319 esse
1260 2272 1422 2327 quam
1461 2256 1691 2327 justum.
1722 2253 1847 2311 llzec
1879 2253 2031 2310 infir-

448 2364 552 2412 mae
594 2359 651 2405 et
689 2347 909 2427 fragiles
938 2348 1154 2412 animae,
1191 2347 1405 2411 etiamsi
1453 2363 1564 2407 non
1601 2362 1695 2405 ore
1726 2346 2030 2419 proferunt,

448 2442 502 2497 in
557 2440 724 2499 corde
766 2456 864 2501 suo
902 2449 1079 2499 tamen
1116 2441 1433 2513 loquuntur,
1478 2456 1602 2501 cum
1650 2441 1886 2499 viderint
1928 2439 2033 2495 ini—

445 2546 586 2606 quos
636 2532 911 2605 prosperis
945 2532 1294 2589 successibus
1336 2546 1497 2603 agerc
1552 2532 1607 2593 in
1663 2531 1750 2589 via
1798 2546 1917 2589 sua.
1968 2528 2034 2587 Et

449 2623 572 2679 ideo
595 2624 753 2677 nobis
782 2623 1021 2677 mandati
1054 2623 1217 2691 hujus
1241 2624 1452 2681 medela
1476 2622 1777 2686 succurrit,
1797 2636 1885 2685 ne,
1906 2634 2029 2677 cum

449 2715 568 2767 bare
598 2713 921 2787 viderimus,
945 2714 1281 2785 aemulemur,
1312 2714 1366 2771 id
1400 2722 1484 2771 est
1510 2727 1577 2771 ne
1621 2712 1902 2771 irrite‘mus
1927 2709 2033 2768 Do-

450 2805 658 2864 minum
706 2805 994 2862 adversum
1046 2818 1144 2859 nos
1198 2803 1467 2879 loquendo
1505 2803 1631 2859 talia
1671 2802 1726 2859 in
1773 2800 2034 2860 cordibus

451 2896 823 2953 nostris:sed
880 2894 1184 2969 recogitare
1243 2895 1506 2950 debemus
1581 2895 1709 2969 quia
1788 2909 2033 2965 praesens

451 2989 707 3047 smculum
759 3004 948 3044 eorum
998 2999 1102 3058 est,
1134 2987 1224 3059 qui
1260 2987 1455 3044 futuraa
1510 2988 1871 3047 beatitudinis
1926 3002 2029 3043 non

360 3090 361 3093 ‘
455 3082 860 3151 liabentspem.
913 3080 980 3137 Et
1014 3080 1135 3135 ideo
1168 3080 1441 3154 patienter
1493 3079 1734 3141 feramus
1772 3079 1897 3145 illos
1946 3078 2033 3135 bis

454 3173 803 3231 successibus
834 3172 1113 3243 prosperis
1138 3187 1323 3243 agere,
1348 3173 1636 3245 percipere
1672 3172 1817 3230 bona
1848 3186 1944 3227 sua
1978 3171 2031 3227 in

452 3264 560 3319 vita
592 3279 714 3326 sua,
746 3264 916 3319 donec
945 3264 1129 3318 veniat
1151 3274 1203 3329 et
1226 3272 1500 3329 nostrum,
1533 3264 1599 3320 ad
1644 3262 1787 3332 quod
1821 3263 2032 3321 invitati

452 3369 663 3418 sumus,
895 3364 951 3413 et
973 3353 1134 3423 cujus
1170 3352 1326 3408 nobis
1359 3353 1687 3426 repromissa
1719 3363 1845 3407 sunt
1866 3354 2033 3418 bona.

458 3446 527 3503 ad
563 3445 703 3515 quod
743 3446 1092 3518 respicimus,
1118 3445 1170 3498 in
1199 3442 1342 3514 quod
1377 3457 1677 3516 speramus,
1711 3444 1863 3514 cujus
1892 3446 2034 3502 bona

455 3553 563 3598 non
593 3540 735 3594 sicut
760 3540 813 3592 in
847 3539 950 3592 ltoc
970 3537 1169 3593 smculo
1194 3547 1449 3608 tanquam
1467 3536 1663 3592 umbra
1681 3546 2035 3604 praetereunt,

456 3629 551 3685 sed
581 3638 905 3701 permanent
936 3627 991 3683 in
1026 3638 1316 3682 internum.
1350 3626 1693 3699 Impossibile
1731 3636 1914 3681 autem
1957 3635 2041 3685 est

455 3732 513 3780 et
540 3722 594 3776 in
628 3719 883 3791 praesenti
914 3718 1115 3781 saeculo
1143 3718 1285 3775 bona
1309 3718 1596 3793 consequi,
1641 3726 1695 3772 et
1744 3716 1796 3775 in
1831 3716 2035 3779 futuro.

454 3811 695 3873 Necesse
744 3817 829 3863 est
874 3810 1020 3863 enim
1070 3806 1177 3865 dici
1226 3808 1340 3871 uni,
1372 3808 1497 3878 quia
1531 3820 1860 3869 consecutus
1888 3825 1947 3866 es
1985 3820 2037 3866 tu

456 3906 599 3959 bona
627 3902 680 3955 in
714 3900 823 3954 vita
857 3908 983 3966 tua;
1028 3910 1083 3954 et
1114 3899 1227 3965 alii,
1259 3900 1385 3969 quia
1415 3911 1741 3963 consecutus
1769 3916 1827 3959 es
1857 3902 2035 3965 mala;

456 4004 514 4050 et
538 3993 680 4048 alter
701 4008 800 4073 pro
838 3992 996 4057 malis
1028 3993 1190 4059 bona,
1219 4002 1275 4053 et
1311 3992 1448 4055 alter
1479 4008 1576 4062 pro
1604 3993 1759 4051 bonis
1784 3995 1924 4049 mala
1956 4010 2042 4049 re-

457 4085 648 4157 cipiat,
680 4084 821 4140 sicut
854 4084 1105 4154 exemplo
1129 4093 1257 4145 sunt
1289 4085 1377 4141 ille
1410 4086 1562 4143 dives
1598 4095 1651 4145 et
1706 4084 2036 4145 Lazarus“.

456 4174 582 4230 ldeo
612 4190 786 4251 ergo:
830 4173 959 4228 Noli
985 4174 1227 4235 cumulari
1252 4174 1305 4233 in
1357 4190 1415 4229 eo
1470 4174 1560 4243 qui
1607 4186 1947 4243 prosperatur
1986 4177 2041 4234 in

454 4271 541 4325 uia
562 4287 681 4333 sua,
718 4269 771 4331 in
799 4268 1007 4322 homine
1037 4267 1269 4339 faciente
1290 4266 1647 4335 iniquitatem.

525 4363 580 4417 5.
607 4361 737 4416 Post
771 4361 884 4415 haec
915 4369 1226 4415 commonet
1256 4359 1450 4417 vitium
1502 4374 1612 4428 quo
1662 4373 1859 4415 otnncs
1902 4373 2043 4428 pene

456 4456 777 4521 turbamur,
806 4462 862 4508 et
895 4451 1081 4509 nescio
1111 4450 1290 4507 sicubi
1330 4466 1493 4507 rarus
1519 4451 1645 4519 quis
1668 4450 1740 4503 ita
1767 4450 2041 4523 perfectus

2131 604 2175 657 si
2205 603 2473 660 infidelem
2508 605 2787 663 iracundia
2831 607 3154 672 inflammat,
3202 606 3328 678 quia
3392 606 3710 681 frequenter

2130 696 2298 749 etiam
2331 697 2506 753 bonos
2541 708 2594 759 et
2634 700 2930 769 prudentes
2976 699 3123 755 viros
3155 699 3237 755 ira
3295 698 3560 769 exagitat.
3614 700 3710 755 Est

2129 803 2261 863 ergo
2290 790 2393 844 hoc
2430 801 2713 861 peccatum
2770 793 2935 851 etiam
2968 807 3131 847 unum
3184 806 3253 848 ex
3302 790 3407 849 illis
3447 792 3592 861 quod
3642 793 3708 846 ad

2129 881 2419 936 aedificium
2460 882 2669 938 deferet
2719 884 2887 954 ligna,
2923 882 3103 942 fenum
3136 892 3190 936 et
3227 881 3508 952 stipulam,
3535 892 3591 943 et
3614 898 3709 938 ne-

2129 989 2284 1031 ccsse
2312 987 2396 1030 est
2429 977 2735 1046 hujusmodi
2767 976 3045 1043 materias,
3078 976 3221 1030 sicut
3249 976 3509 1044 scriptum
3538 977 3709 1043 est",

2130 1085 2227 1139 per
2254 1071 2429 1143 ignem
2464 1070 2712 1145 probari,
2749 1072 2821 1125 ita
2862 1080 2920 1124 ut
2972 1084 3388 1145 permaneamus
3424 1069 3610 1129 tantliu
3655 1068 3709 1121 in

2130 1160 2275 1230 igne,
2301 1160 2568 1217 donecde
2598 1163 2755 1223 nobis
2783 1162 2931 1235 ligna
2969 1161 3267 1219 iracundiae
3292 1168 3709 1224 consumantur,

2130 1264 2185 1311 et
2214 1252 2396 1307 fenum
2423 1253 2831 1324 indignationis,
2856 1262 2910 1309 et
2950 1252 3145 1323 stipula
3178 1252 3491 1317 verborum,
3523 1265 3709 1305 eorum

2132 1345 2383 1405 videlicet
2413 1360 2533 1416 qua:
2563 1345 2870 1419 hujusmodi
2898 1345 3043 1401 vitiis
3075 1344 3333 1414 exagitati
3362 1343 3708 1412 protulimus.

2133 1435 2340 1493 Idcirco
2370 1451 2499 1513 ergo
2521 1438 2699 1493 desine
2730 1438 2793 1495 ab
2817 1440 2920 1501 ira,
2939 1446 2989 1495 et
3019 1436 3252 1506 relinque
3274 1437 3710 1505 indignationem;

2135 1527 2187 1587 id
2234 1538 2319 1584 est
2352 1542 2458 1581 non
2482 1526 2796 1585 satisfacias
2822 1528 3026 1585 animis
3060 1527 3200 1590 tuis,
3230 1542 3352 1585 cum
3407 1537 3712 1585 commotus

2134 1614 2302 1677 fueris
2329 1618 2393 1673 ad
2431 1617 2795 1683 iracundiam,
2834 1618 2928 1675 sed
2954 1618 3163 1683 desine,
3198 1617 3547 1688 derelinque.
3576 1634 3711 1673 con-

2137 1720 2334 1765 temne.
2365 1709 2475 1769 Nos
2504 1725 2633 1769 vero
2665 1727 2786 1769 cum
2841 1715 2957 1771 lucc
3014 1711 3270 1771 mandata
3326 1710 3708 1779 suscipiamus,

2137 1810 2191 1857 et
2224 1804 2536 1861 econtrario
2570 1818 2695 1861 cum
2727 1804 2985 1859 commoti
3019 1802 3319 1866 luet-imus,
3360 1816 3468 1858 non
3508 1801 3577 1857 ab
3604 1792 3735 1857 ira?

2134 1894 2355 1958 cundia,
2390 1894 2482 1953 sed
2510 1908 2538 1947 a
2574 1893 2987 1951 mansuetudine
3020 1892 3319 1951 desinimus
3342 1933 3356 1958 ,
3416 1906 3523 1948 non
3578 1890 3715 1946 iudi-

2136 1983 2447 2059 gnationem
2485 1981 2862 2057 relinquimus.
2916 1981 3009 2041 sed
3066 1982 3369 2041 lenitatem.
3402 1980 3597 2037 Verum
3647 1996 3712 2035 ex

2137 2075 2241 2131 hoc
2268 2075 2460 2135 saltem
2488 2073 2824 2152 incipiamus
2856 2073 3153 2129 emendare
3223 2072 3603 2141 nosmetipsos,
3660 2081 3715 2127 et

2135 2167 2397 2241 paulatim
2426 2182 2523 2239 per
2553 2168 2950 2227 continentiam
2995 2173 3049 2221 et
3089 2166 3368 2221 assiduam
3407 2166 3716 2221 medltatio—

2135 2273 2257 2314 nem
2282 2259 2551 2319 lenientes
2586 2258 2950 2327 iracundiam,
2985 2257 3269 2317 veniamus
3295 2257 3459 2318 etiam
3513 2257 3565 2313 in
3613 2258 3717 2313 hoc

2136 2360 2195 2405 ut
2230 2351 2372 2405 ultra
2409 2367 2517 2408 non
2565 2352 2902 2416 irascamur;
2934 2357 3103 2417 atque
3156 2348 3548 2416 indignationis
3595 2362 3717 2417 quat:

2136 2458 2233 2517 per
2261 2443 2503 2501 furorem
2537 2443 2867 2508 concitatur,
2904 2442 3165 2509 impetum
3194 2441 3543 2499 retundeutes
3581 2440 3717 2495 assi-

2136 2535 2260 2599 due,
2296 2535 2681 2604 perveniamus
2702 2547 2873 2602 usque
2905 2533 2960 2586 in
2991 2532 3119 2591 illud
3155 2547 3221 2587 ne
3272 2531 3419 2589 ultra
3472 2531 3721 2601 indigna-

2076 2689 2083 2694 ,
2139 2625 2303 2683 tionis
2331 2625 2701 2680 commotione
2731 2622 3035 2680 turbentur.
3064 2621 3193 2676 Noli
3230 2621 3475 2679 tumulati
3505 2630 3561 2676 ut
3624 2638 3719 2675 u-

2135 2716 2311 2786 quiter
2348 2715 2520 2783 facias
2552 2714 2620 2767 ⁷⁸.
2645 2712 2790 2777 Noli,
2825 2712 3020 2783 inquit,
3057 2713 3110 2767 in
3155 2712 3558 2767 :cnrulationem
3618 2728 3715 2764 ne-

2135 2808 2319 2878 quititn
2369 2819 2597 2865 ca‘teros
2644 2807 2994 2880 provocando
3032 2848 3047 2872 ,
3094 2804 3257 2859 etiam
3309 2803 3425 2872 ipse
3484 2816 3714 2869 nequam

2137 2900 2287 2967 ﬁeri;
2313 2900 2443 2970 quia
2470 2900 2744 2957 aemulatio
2777 2898 2904 2953 mali
2928 2898 3148 2952 vincere
3176 2911 3391 2965 semper
3431 2896 3485 2950 in
3511 2894 3715 2950 malitia

2136 2994 2303 3053 alium
2337 2992 2541 3047 studet.

2208 3082 2262 3138 4.
2323 3081 2464 3150 Quia
2518 3082 2609 3156 qui
2667 3082 2905 3150 nequiter
2954 3090 3138 3150 agunt.
3186 3078 3718 3141 exterminabnntur;

2060 3210 2104 3277 ς
2137 3176 2227 3246 qui
2262 3186 2436 3232 autem
2461 3182 2758 3244 exspectant
2789 3171 3101 3235 Dominum,
3141 3171 3242 3239 ipsi
3266 3170 3572 3225 hereditate
3601 3186 3721 3238 pas-

2138 3268 2381 3329 sidebunt
2412 3277 2611 3323 terram
2639 3266 2708 3319 7°.
2740 3265 2982 3334 Apparet
3009 3263 3138 3332 quia
3195 3262 3434 3332 nequitia
3463 3262 3570 3315 alia
3601 3262 3718 3329 qui-

2138 3361 2259 3417 dem
2300 3360 2510 3431 species
2544 3358 2671 3415 mali
2700 3365 2807 3423 est,
2835 3364 3034 3426 praeter
3063 3364 3259 3411 caetera
3292 3362 3538 3424 peccata.
3566 3352 3723 3407 Unde

2139 3463 2196 3511 et.
2226 3454 2314 3511 ltic
2346 3468 2530 3515 sermo
2554 3452 2775 3508 divinus
2805 3449 2973 3506 alium
3019 3448 3284 3505 describit
3348 3455 3719 3515 peccatorcm,

2141 3555 2194 3602 et
2225 3544 2394 3602 alium
2424 3558 2679 3613 nequam,
2716 3542 2860 3597 sicut
2884 3552 2939 3595 et
2980 3540 3050 3597 ibi
3084 3540 3252 3596 simili
3292 3541 3467 3593 utitur
3526 3539 3719 3592 distin-

2142 3635 2326 3692 etione
2357 3649 2481 3689 cum
2511 3633 2649 3689 dicit
2676 3635 2722 3664 ⁸⁸³
2758 3630 3019 3692 :Contere
3048 3629 3319 3687 brachium
3350 3627 3636 3695 peccatoris
3671 3634 3722 3677 et

2142 3726 2382 3799 maligni,
2423 3725 2475 3780 id
2505 3733 2589 3785 est
2627 3740 2881 3803 nequam.
2936 3725 3047 3782 Sed
3080 3732 3136 3779 et
3168 3720 3431 3781 Dominus
3461 3719 3516 3772 in
3547 3719 3724 3773 Evan-

2142 3817 2284 3890 gelio
2323 3816 2595 3877 diabolum
2622 3832 2730 3875 non
2754 3817 2896 3877 dixit
2940 3824 3293 3887 peccatorem
3325 3810 3721 3873 tantummodo,

2143 3909 2239 3967 sed
2275 3909 2594 3981 malignum,
2629 3908 2712 3964 vel
2748 3908 2973 3973 malum,
3010 3916 3064 3963 et
3102 3920 3227 3960 cum
3247 3905 3405 3957 docet
3442 3901 3495 3954 in
3522 3900 3726 3955 oratio-

2147 4018 2236 4067 ne,
2264 4001 2348 4056 vel
2381 4002 2514 4061 dicit
2546 4000 2590 4032 ⁸¹
2624 4017 2641 4059 :
2666 3999 2774 4055 Sed
2800 4000 2968 4057 libera
3009 4016 3104 4054 nos
3139 4014 3171 4052 a
3200 3996 3363 4053 malo.
3385 3995 3450 4049 Et
3478 3994 3606 4049 alibi
3636 3993 3720 4052 ”:

2145 4093 2325 4150 Malus
2358 4094 2513 4149 homo
2537 4092 2684 4162 fecit,
2711 4092 2826 4149 sive
2862 4091 3154 4161 malignus.
3181 4087 3455 4143 Deliniunt
3500 4084 3723 4156 quidam

2145 4185 2435 4259 πονηρίαν,
2462 4186 2513 4247 id
2549 4194 2632 4240 est
2660 4184 2990 4255 nequitiam,
3040 4190 3397 4252 spontaneatn
3421 4176 3505 4231 vel
3534 4176 3727 4230 νοιιιιιο

2148 4278 2345 4333 tariam
2381 4291 2502 4333 esse
2537 4275 2822 4331 malitiam.
2860 4273 3019 4333 Aliud
3051 4270 3301 4327 estetdm
3341 4283 3441 4337 per
3472 4268 3725 4338 ignorsn~

2149 4367 2280 4423 tiam
2318 4366 2459 4419 mala
2495 4380 2679 4435 agere,
2704 4373 2759 4419 et
2790 4364 2931 4423 vinei
2954 4379 2983 4416 a
3021 4361 3211 4418 malo:
3246 4359 3393 4413 aliud
3425 4368 3509 4416 est
3538 4356 3725 4412 volun-

2149 4467 2259 4515 tate
2280 4468 2334 4512 et
2364 4458 2544 4512 studio
2584 4458 2721 4511 mala
2750 4457 2950 4522 facere,
2974 4465 3031 4513 et.
3057 4455 3160 4510 hoc
3188 4461 3273 4507 est
3296 4449 3558 4520 nequitia.
3577 4448 3727 4504 Unde

454 4548 785 4611 inveniatur,
814 4545 905 4617 qui
938 4554 1121 4605 careat
1152 4542 1255 4597 ltoc
1285 4542 1495 4597 morbo.
1528 4541 1746 4606 Desine,
1778 4542 2034 4615 inquit",

2149 4562 2203 4608 et
2242 4551 2436 4606 merito
2467 4551 2711 4607 diabolus
2744 4550 2845 4609 ltoc
2876 4548 3093 4605 nomine
3124 4546 3379 4617 πονηρός,
3418 4544 3472 4597 id
3502 4550 3586 4596 est
3609 4556 3725 4595 ma-

454 4644 520 4711 ab
550 4643 657 4709 ira,
688 4650 735 4695 et
767 4639 1072 4707 derelinque
1097 4636 1539 4708 indignationem.
1597 4635 1767 4691 Multa
1800 4646 1928 4699 sunt.
1956 4636 2037 4689 vi-

457 4736 554 4801 tia,
587 4750 707 4803 quae
738 4749 767 4791 a
798 4731 981 4787 multis
1018 4729 1180 4785 Facile
1210 4732 1470 4786 vitantur.
1521 4729 1683 4791 Verbi
1716 4744 1886 4789 causa
1937 4729 2041 4781 im-

455 4827 737 4899 pudicitiae
766 4826 989 4889 malum,
1022 4825 1079 4881 Si
1108 4825 1237 4894 quis
1264 4839 1489 4903 operam
1511 4824 1727 4884 enixius
1750 4823 2039 4881 continen-

457 4921 546 4977 tia:
576 4919 807 4984 dederit,
844 4919 1239 4989 impudicitiam
1268 4917 1485 4987 abiecit.
1532 4917 1810 4988 Aliquauti
1870 4916 2037 4973 etiam

455 5012 744 5075 avaritiam
779 5011 1158 5082 subjugarunt,
1196 5011 1269 5073 ita
1324 5019 1384 5069 ut
1417 5024 1544 5075 cum
1579 5008 1632 5063 in
1669 5008 1882 5069 caeteris
1928 5022 2039 5067 non

456 5108 567 5162 sint
603 5106 851 5176 perfecti,
885 5105 1174 5163 videantur
1206 5116 1385 5163 tamen
1427 5104 1604 5164 vitare
1642 5103 1748 5163 hoc
1814 5101 2040 5170 malum,

456 5200 629 5255 sedet
667 5199 772 5263 alia
816 5198 1096 5259 nonnulla.
1153 5197 1453 5255 Iracundia:
1500 5206 1685 5252 autem
1738 5196 1934 5253 durqu
1988 5203 2044 5251 et

456 5304 679 5348 acutum
722 5292 935 5357 vitium,
983 5290 1282 5347 inﬂammat
1330 5300 1385 5349 et
1432 5292 1675 5360 exagitat
1724 5290 1890 5345 etiam
1950 5304 2044 5346 eos

456 5387 546 5455 qui
576 5386 827 5440 vitientur
873 5399 995 5441 esse
1023 5384 1317 5455 sapientes.
1374 5382 1526 5440 Unde
1557 5391 1612 5437 et
1659 5380 1919 5438 Salomon
1988 5382 2043 5441 in

454 5476 767 5535 Proverbiis
797 5476 929 5538 dicit
949 5477 995 5508 ’⁷⁸
1028 5491 1040 5524 ε
1080 5474 1173 5530 Ira
1199 5476 1371 5546 perdit
1402 5475 1565 5531 etiam
1611 5474 1916 5545 prudentes.
1978 5474 2039 5539 Id

525 5710 572 5741 ⁷³
610 5709 751 5761 Psal.
782 5726 1009 5774 Lxxvm,
1037 5710 1091 5765 8.
1168 5712 1215 5748 "
1251 5711 1396 5765 Psal.
1435 5726 1621 5773 xxxvr,
1669 5710 1721 5763 7.

460 5794 544 5845 tu,
586 5778 674 5831 12.
750 5780 796 5809 ⁷⁸
828 5780 971 5834 Psal.
1003 5797 1195 5845 xxxvr,
1227 5782 1282 5836 8.

459 5864 533 5915 st,
570 5848 657 5907 15.
750 5848 795 5880 ⁸⁸
830 5850 1006 5907 Exod.
1042 5866 1163 5920 xm,
1199 5852 1253 5907 5.
1356 5852 1399 5883 ⁸³
1435 5850 1691 5919 Mattb.v,
1725 5853 1777 5909 ὅ.

1821 5711 1867 5740 ⁷³
1904 5709 2034 5764 Luc.
2081 5727 2190 5763 3m.

1362 5782 1563 5835 "ibid.
1597 5783 1649 5834 tl.
1728 5781 1773 5813 ³ο
1811 5779 1951 5836 Psal.
1993 5798 2046 5849 κ,
2086 5782 2172 5836 ts.

2145 4643 2347 4715 lignus,
2379 4640 2463 4695 vel
2497 4655 2751 4709 nequam,
2781 4637 3109 4707 appellatur.
3141 4636 3246 4690 Sed
3275 4643 3331 4688 et
3353 4632 3513 4687 nobis
3532 4647 3729 4701 expro-

2143 4738 2311 4797 brans
2329 4733 2578 4792 Salvator
2592 4732 2879 4791 dicebat”:
2905 4731 2966 4785 Si
2986 4744 3113 4798 ergo
3134 4738 3181 4783 et
3201 4743 3287 4781 uos
3305 4742 3423 4781 cum
3438 4726 3557 4780 silis
3576 4724 3725 4787 mali,

2144 4830 2287 4885 scitis
2322 4831 2456 4883 bona
2491 4828 2621 4885 data
2645 4827 2773 4881 dare
2790 4822 2920 4891 ﬁliis
2939 4823 3146 4879 uestris.
3190 4820 3257 4875 Et
3280 4834 3423 4873 nunc
3449 4833 3579 4887 ergo
3610 4818 3685 4871 ait
3709 4834 3723 4871 :

2149 4922 2412 4989 Quoniam
2436 4918 2525 4988 qui
2568 4920 2805 4985 nequiter
2853 4912 3591 4983 aguru,o:ctenuinabuntur;
3636 4909 3725 4979 qui

2148 5023 2323 5067 autem
2350 5018 2655 5080 exspectant
2684 5007 2988 5070 Demittunt,
3011 5006 3109 5074 ipsi
3135 5002 3445 5060 Ita-reditum
3483 5002 3726 5070 posside-

2149 5105 2273 5157 bunt
2312 5114 2527 5158 terram.
2556 5100 2653 5159 Est
2671 5108 2727 5154 et
2766 5097 2871 5155 alia
2898 5098 3146 5166 quadam
3175 5104 3351 5160 terra,
3397 5094 3490 5150 illa
3524 5095 3589 5146 de
3623 5108 3727 5159 qua

2148 5196 2431 5266 Scriptura
2467 5194 2596 5255 dicit
2617 5192 2689 5259 ⁸⁵,
2722 5190 2897 5247 ﬂuens
2922 5189 3009 5245 lac,
3033 5198 3087 5245 et
3115 5188 3243 5252 mel,
3267 5202 3432 5255 quam
3476 5185 3730 5238 Salvator

2149 5290 2203 5347 in
2260 5288 2567 5359 Evangeliis
2629 5284 2961 5356 repromittit
3008 5282 3347 5343 mansuetis,
3397 5278 3589 5334 dicens
3618 5276 3662 5307 ⁸⁸
3711 5291 3725 5327 :

2149 5382 2303 5438 Beati
2334 5380 2621 5446 mansueti,
2661 5378 2912 5448 quoniam
2979 5375 3077 5444 ipsi
3137 5370 3470 5442 possidebunt
3507 5380 3722 5422 terram.

2145 5476 2272 5537 Haec
2311 5485 2498 5537 nostra
2534 5489 2696 5545 quam
2730 5472 3050 5529 habitamus
3069 5466 3295 5539 proprio
3320 5461 3587 5521 vocabqu
3617 5460 3724 5515 ariv

3488 5696 3565 5747 77l
3598 5696 3726 5747 (lor.

3513 5768 3563 5797 ⁸³
3600 5764 3726 5818 Luc.

2273 5714 2318 5743 ⁷⁵
2353 5711 2492 5764 Psal.
2531 5726 2713 5764 xxxvi.
2749 5708 2800 5762 8.
2880 5708 2924 5737 7“
2964 5704 3123 5757 Prov.
3166 5719 3318 5761 xm,
3353 5701 3404 5753 8.

2256 5784 2295 5813 ⁸⁸
2328 5782 2517 5836 Matth.
2556 5797 2628 5845 vt,
2669 5781 2751 5835 l5.
2860 5779 2905 5813 ⁸³
2959 5777 3147 5830 Matth.
3180 5789 3299 5835 xm,
3332 5771 3421 5823 ‘28.
