4100 6426
469 410 608 465 1555

1207 400 1515 457 SELECTA
1554 400 1620 455 IN
1665 396 2006 456 PSALMOS.
2051 423 2117 430 ——
2161 390 2394 450 IIOMIL.
2434 394 2477 449 11
2518 394 2583 447 ΙΝ
2627 393 2819 448 PSAL.
2865 391 3104 445 XXXVI.

3586 389 3731 442 1335‘

464 528 535 583 da
568 522 892 596 appellatur,
918 519 1059 575 sicut
1087 528 1141 575 et
1169 520 1367 576 cmlum
1400 521 1544 576 istud
1575 520 1717 590 quod
1736 521 2034 578 intuemur,
2067 520 2113 568 Α
2143 513 2371 581 mystica
2407 513 2616 565 ratione
2648 511 3047 565 {irritamentum
3076 508 3421 563 factumesse
3454 502 3713 563 dicitur“

464 617 680 691 proprie
705 615 1106 669 ﬁrmamentum
1139 612 1358 668 dicitur.
1395 611 1474 666 Ex
1511 611 1871 680 appellatione
1911 621 2040 661 vero

467 710 693 767 alterius
722 706 847 762 caeli
879 706 1043 761 etiam
1074 706 1214 761 istud
1248 707 1650 759 firmamentum
1684 701 1805 757 ςαξιί
1846 714 2036 754 nomen

466 800 699 869 accepit,
729 798 875 852 sicut
903 795 1096 851 edocet
1147 795 1432 863 Scriptura
1485 792 1850 850 Geneseos".
1900 790 2037 855 Quid

465 905 595 958 ergo
622 887 736 943 est?
769 886 825 940 In
873 885 1128 955 prmsenti
1161 886 1379 954 quidem
1411 885 1520 939 vita
1566 885 1769 938 utimur
1799 882 1938 936 coelo
1986 887 2040 933 et

467 990 608 1035 terra
642 977 947 1034 visibilibus
978 976 1120 1041 istis,
1164 976 1218 1029 in
1254 976 1448 1044 quibus
1487 975 1597 1031 veri
1626 973 1749 1044 cteli
1785 983 1836 1029 et
1895 984 2037 1026 verte

467 1081 629 1127 terra:
650 1078 849 1140 praeter
882 1070 1102 1125 nomina
1142 1069 1278 1122 nihil
1324 1067 1471 1123 aliud
1530 1068 1836 1122 invenimus
1870 1081 1885 1117 :
1939 1064 2032 1117 sed

466 1162 670 1217 idcirco
694 1159 784 1215 hic
819 1159 892 1214 ita
924 1159 1163 1214 arbitror
1196 1158 1485 1229 appellata,
1518 1169 1597 1222 ut,
1631 1174 1751 1213 cum
1807 1156 1919 1210 lucc
1960 1155 2031 1208 ita

468 1249 838 1314 nominantur,
864 1248 952 1302 illa
982 1262 1103 1319 quas
1125 1262 1249 1303 vera
1283 1257 1338 1303 et
1366 1264 1558 1318 magna
1600 1258 1746 1311 sunt,
1782 1249 1846 1300 ad
1899 1246 2039 1299 desi-

470 1339 682 1393 derium
708 1346 765 1391 et
786 1340 1104 1393 memoriam
1131 1340 1632 1407 cognominantium
1661 1342 1900 1395 veniant.
1936 1341 2034 1407 Qui

468 1438 597 1483 sunt
644 1436 825 1482 autem
873 1429 963 1497 qui
1028 1429 1347 1484 haereditate
1394 1430 1747 1499 possidebunt
1802 1433 2041 1485 terram?

470 1520 576 1584 Qui
602 1529 925 1588 exspectant,
954 1519 1152 1588 inquit,
1183 1520 1485 1575 Dominum.
1521 1522 1904 1591 Exspectatnus
1936 1522 2039 1578 Do-

470 1611 700 1671 minum,
720 1610 847 1679 quia
878 1610 990 1678 ipse
1022 1617 1105 1665 est
1129 1611 1469 1678 exspectatio
1500 1620 1682 1665 nostra
1727 1619 1779 1665 et
1829 1611 2040 1680 patien-

470 1703 566 1765 tia,
595 1702 736 1755 sicut
767 1700 1030 1770 scriptum
1054 1709 1140 1755 est
1167 1701 1210 1732 ⁸⁷
1238 1717 1251 1754 :
1290 1700 1353 1752 Et
1387 1716 1522 1754 nunc
1539 1717 1655 1770 qut:
1676 1710 1751 1755 est
1776 1712 2039 1770 exspecta‘

466 1794 540 1845 tio
569 1794 729 1847 mea?
762 1809 936 1847 nonne
960 1792 1263 1847 Dominus?
1291 1791 1441 1847 Sicut
1487 1807 1616 1862 ergo
1648 1793 1900 1848 Salvator
1946 1809 2037 1848 sa-

471 1886 675 1953 pientia
699 1895 784 1940 est
812 1892 990 1952 etpax
1020 1885 1325 1952 etjustitia,
1372 1887 1443 1939 ita
1475 1893 1635 1939 estet
1680 1886 2036 1954 exspectatio,

468 1976 553 2028 vel
587 1975 869 2043 patientia.
900 1974 969 2028 Et
996 1976 1140 2030 sicut
1184 1976 1604 2044 participatione
1646 1976 1870 2044 iustitiae
1926 1977 2041 2045 ejus

464 2065 596 2132 justi
627 2064 913 2129 eﬂicimur,
949 2074 1007 2120 et
1037 2065 1462 2135 participatione
1491 2067 1771 2136 sapientiae
1798 2067 1913 2135 ejus
1950 2082 2039 2121 sa-

471 2156 702 2225 pientes,
728 2154 803 2208 ita
828 2163 881 2208 et
910 2155 1329 2223 participatione
1356 2155 1633 2223 patientia:
1664 2156 1780 2223 ejus
1835 2158 2042 2227 patien-

470 2252 553 2297 tes
577 2241 865 2297 eﬂieimur.
907 2242 1001 2296 Est
1027 2258 1157 2312 ergo
1181 2243 1327 2297 velut
1357 2242 1477 2298 fons
1505 2246 1723 2314 quidam
1762 2249 2039 2317 perennis,

470 2335 536 2386 de
561 2347 670 2401 quo
690 2332 911 2387 haurire
937 2348 1230 2402 possumus
1271 2343 1329 2389 et
1383 2336 1726 2403 patientiam,
1777 2347 1831 2391 et
1874 2338 2039 2405 justi—

471 2425 622 2488 tiam,
650 2432 708 2479 et
763 2425 1108 2493 sapientiam,
1170 2434 1224 2480 et
1269 2426 1453 2480 omnia
1509 2440 1849 2496 quascunque
1917 2439 2044 2484 sunt

468 2517 728 2570 virtutum
754 2516 1000 2582 bona;si
1050 2524 1226 2570 tamen
1252 2516 1415 2581 bona,
1457 2517 1617 2585 digna
1660 2527 1714 2571 et
1775 2530 1905 2586 pura
1950 2534 2043 2573 va-

470 2606 619 2661 scula
655 2617 839 2661 nostra
875 2607 1181 2663 deferamus
1201 2609 1268 2664 ad
1294 2609 1519 2665 fontem.
1565 2609 1657 2661 Ait
1713 2623 1883 2679 ergo:
1938 2611 2043 2677 Qui

471 2711 645 2754 autem
668 2711 967 2769 exspectant
990 2701 1302 2768 Dominum,
1336 2703 1439 2772 ipsi
1461 2702 1871 2757 Iiwreditabunt.

540 2792 592 2846 5.
618 2796 745 2847 l’ost
776 2794 889 2848 haec
918 2803 1097 2848 autem
1151 2810 1457 2851 sermonem
1506 2795 1796 2864 quemdam
1838 2794 2044 2850 addidit

471 2883 781 2951 mysticum,
823 2884 914 2953 qui
951 2900 1116 2954 super
1146 2887 1392 2940 auditum
1418 2900 1598 2939 meum
1652 2887 1744 2951 sit,
1776 2895 1830 2940 et
1876 2901 2040 2955 supra

472 2973 707 3043 linguam
739 2989 940 3041 meam,
985 2976 1078 3045 qui
1139 2979 1367 3032 excedat
1414 2990 1636 3032 sensum
1689 2990 1893 3032 meum.
1951 2980 2046 3033 Ait
2139 2980 2252 3049 jam
2282 2977 2492 3034 dictum
2525 2985 2609 3034 est
2645 2992 2674 3031 a
2709 2975 2913 3047 Spiritu
2959 2980 3150 3029 saneto
3176 2988 3273 3044 per
3312 2972 3480 3026 David
3536 2987 3550 3023 :

469 3066 639 3130 enim,
667 3065 780 3120 sive
807 3067 873 3120 de
903 3068 1155 3123 omnibus
1206 3070 1612 3136 peccatoribus,
1655 3070 1771 3124 sive
1822 3066 1891 3125 de
1937 3086 2043 3124 uno

2142 605 2286 673 quod
2322 614 2607 673 separaret
2640 605 2783 658 inter
2815 619 2980 672 aquas
3007 612 3064 657 et
3119 617 3309 670 aquas,
3355 612 3410 654 et
3451 601 3716 655 divideret

2144 691 2511 747 habitaculum
2539 694 2852 749 mortalium
2884 709 2912 747 a
2940 693 3161 748 sedibus
3193 701 3247 747 et
3272 691 3596 746 habitaculis
3625 706 3713 744 an-

2141 786 2402 855 gelorum.
2432 788 2507 842 Ex
2541 804 2606 842 eo
2638 804 2766 858 ergo
2788 787 2936 843 locus
2968 789 3123 843 nobis
3159 788 3541 857 peccatoribus
3564 788 3713 840 arida

2142 877 2277 943 btec,
2306 893 2468 947 quam
2516 879 2679 933 etiam
2716 887 2915 933 terram
2968 878 3368 948 cognominavit
3432 878 3713 940 Dominus,

2141 967 2395 1032 deputata
2429 978 2531 1023 est.
2572 966 2676 1023 Sed
2707 978 2763 1024 et
2793 969 2895 1024 alia
2932 964 3180 1038 quaedam
3209 966 3325 1022 loca
3364 966 3712 1023 nominantur

2141 1073 2312 1127 aquae,
2346 1058 2544 1128 quibus
2574 1059 2875 1129 superferri
2936 1059 3172 1127 Spiritus
3231 1058 3441 1113 Domini
3493 1058 3712 1114 dicitur.

2141 1149 2203 1202 Et
2239 1149 2342 1202 alia
2375 1149 2617 1218 quaedam
2667 1150 2785 1203 loca
2822 1151 3049 1218 abyssus
3101 1150 3479 1214 nominantur,
3519 1149 3714 1217 quibus

2143 1241 2375 1294 tenebrae
2405 1241 2763 1311 superpositae.
2815 1241 3143 1295 referuntur.
3196 1240 3260 1294 Et
3292 1241 3357 1294 de
3390 1241 3547 1308 aquis
3592 1240 3713 1306 qui-

2142 1330 2262 1386 dem
2295 1332 2495 1386 dicitur
2536 1331 2588 1385 in
2633 1331 2736 1384 alia
2778 1331 3056 1398 Scriptura
3093 1331 3163 1395 θ’,
3204 1331 3327 1399 quia
3372 1327 3617 1383 Viderunt
3668 1342 3715 1381 te

2142 1439 2315 1492 aquae,
2345 1421 2523 1490 Deus,
2581 1423 2821 1476 viderunt
2874 1434 2923 1476 te
2978 1438 3153 1491 aqum,
3196 1432 3243 1475 et
3283 1423 3591 1476 timuerunt.
3640 1421 3716 1475 De

2142 1515 2337 1583 abysso
2366 1523 2545 1567 autem
2587 1513 2739 1577 dicit,
2793 1512 2919 1582 quia
2969 1512 3280 1566 conturbata
3325 1522 3401 1567 est
3458 1512 3712 1581 abyssus;

2142 1603 2259 1657 sine
2291 1602 2451 1657 dubio
2482 1603 2607 1672 quia
2640 1618 2745 1658 non
2783 1602 2949 1657 habet
2978 1616 3189 1672 pacem,
3227 1604 3323 1659 sed
3366 1604 3532 1659 habet
3567 1612 3717 1657 tene-

2142 1694 2270 1749 bras
2293 1695 2683 1764 supcrpositas.
2725 1693 2830 1751 Sed
2876 1705 2932 1751 et
2976 1696 3251 1751 dannones
3310 1696 3392 1765 in’,
3423 1695 3718 1767 Evangelia

2144 1800 2338 1855 rogare
2367 1786 2627 1839 dicuntur
2676 1800 2744 1841 ne
2800 1785 3091 1856 jubeantur
3142 1785 3293 1839 abire
3342 1785 3397 1842 in
3437 1788 3715 1857 abyssum,

2146 1876 2285 1929 velut
2320 1876 2373 1929 in
2403 1874 2578 1929 locum
2606 1876 2897 1943 quemdam
2928 1888 3105 1944 poenas
3137 1884 3191 1931 et
3220 1890 3279 1930 se
3328 1883 3383 1930 et
3416 1876 3531 1931 suis
3579 1879 3713 1932 acti-

2140 1965 2240 2021 bus
2272 1966 2513 2036 dignum.
2552 1965 2667 2021 Non
2695 1967 2868 2021 solum
2920 1982 3050 2036 ergo
3103 1976 3356 2037 peccator
3412 1984 3517 2024 non
3583 1971 3712 2035 erit,

2142 2060 2236 2114 sed
2265 2058 2429 2112 etiam
2466 2057 2617 2113 locus
2644 2057 2780 2125 ejus,
2818 2058 3067 2128 quisquis
3102 2056 3190 2112 ille
3216 2066 3320 2124 est,
3341 2069 3633 2129 quaeretur,
3663 2071 3717 2116 et

2143 2166 2249 2204 non
2279 2151 2406 2206 erit.

2212 2242 2259 2296 6.
2299 2240 2567 2297 Mansueti
2588 2251 2759 2297 autem
2783 2244 3167 2298 hwredilabunt
3200 2253 3395 2298 terram
3415 2245 3481 2296 ".
3514 2244 3716 2298 Adver-

2143 2348 2260 2387 sum
2290 2332 2699 2389 Valentiuianos
2730 2342 2786 2389 et
2816 2342 3045 2389 cmteros
3075 2334 3381 2400 luereticos,
3411 2337 3501 2403 qui
3526 2342 3718 2402 putant

2145 2426 2481 2482 Salvatorem
2514 2440 2691 2483 meum
2722 2426 2904 2482 dicere
2938 2426 2989 2479 in
3028 2420 3345 2497 Evangelio,
3370 2439 3489 2494 qua:
3532 2424 3586 2477 in
3619 2440 3720 2479 an-

2145 2518 2539 2589 tiquisLitteris
2562 2532 2671 2575 non
2704 2526 2851 2581 sunt,
2882 2516 3241 2587 proferendus
3266 2524 3349 2572 est
3399 2516 3501 2571 iste
3542 2516 3717 2570 versi-

2144 2610 2319 2675 culus,
2354 2610 2494 2665 sicut
2524 2618 2580 2665 et
2607 2624 2706 2665 nos
2737 2608 3022 2663 didicimus
3055 2624 3085 2661 a
3139 2608 3370 2678 quodam
3400 2608 3720 2678 presbytero

2143 2703 2391 2770 proferre
2422 2701 2537 2756 haec
2595 2700 2663 2755 ad
2723 2699 3127 2755 convincendos
3176 2712 3289 2754 eos.
3351 2696 3503 2765 Quod
3573 2697 3719 2751 enim

2146 2795 2351 2851 dictum
2381 2803 2469 2850 est
2510 2794 2563 2848 in
2597 2791 2961 2863 Evangelio"
3001 2810 3013 2845 :
3071 2790 3225 2844 Beati
3269 2789 3551 2854 mansueti,
3591 2805 3723 2859 quo-

2146 2889 2291 2942 niam
2329 2888 2433 2957 ipsi
2455 2887 2842 2942 hwreditabunt
2874 2894 3090 2951 terram,
3120 2881 3243 2937 vide
3274 2881 3547 2950 quomodo
3595 2892 3721 2936 ante

3611 2973 3721 3026 imo

2148 3072 2263 3132 ipse
2297 3070 2551 3126 Christus
2589 3083 2735 3124 nunc
2766 3067 2820 3122 in
2850 3066 3157 3136 Evangeliis
3179 3065 3349 3121 dicit:
3390 3062 3545 3117 Beati
3571 3079 3723 3116 man-

470 3156 654 3224 aliquo
687 3168 997 3225 peccatore,
1026 3159 1382 3228 singulariter
1408 3162 1555 3216 enim
1583 3162 1714 3216 dicit
1738 3162 1785 3193 ⁸³
1816 3180 1831 3216 :
1862 3161 2042 3216 Pusil-
2069 3182 2110 3244 ο
2145 3164 2305 3228 sueti,
2328 3163 2576 3232 quoniam
2616 3162 2716 3231 ipsi
2756 3161 3064 3216 htvreditate
3110 3158 3448 3227 possidebunt
3499 3166 3717 3213 terram.

470 3246 579 3301 lunt
612 3248 810 3313 adhuc,
851 3259 1030 3303 etnon
1090 3251 1253 3323 662
1306 3254 1404 3305 erit
1460 3262 1719 3319 peccator.
1780 3253 2039 3309 Pusillum

471 3339 646 3393 adhuc
683 3340 923 3408 profecto
951 3358 979 3395 a
1013 3345 1266 3410 praesenti
1308 3352 1555 3412 tempore
1597 3358 1767 3413 usque
1804 3347 1873 3399 ad
1905 3362 2040 3402 con-

470 3430 889 3486 summationem
928 3432 1108 3487 saeculi
1140 3449 1261 3490 esse
1300 3435 1458 3501 dicit,
1483 3444 1577 3490 aut
1609 3437 1845 3492 fortasse
1878 3440 2041 3491 etiam

471 3524 611 3576 ultra
640 3527 1165 3583 consummationem
1210 3528 1416 3593 sceculi,
1450 3538 1504 3583 et
1536 3529 1708 3585 donec
1765 3531 1856 3584 ille
1907 3531 2047 3599 ignis

473 3614 665 3669 vindex
696 3626 982 3672 consumat
1021 3619 1383 3673 adversarios.
1445 3616 1503 3673 Si
1550 3628 1733 3674 autem
1784 3621 1881 3675 ﬁat
1935 3620 2040 3675 hoc

473 3706 655 3775 aliquo
680 3707 970 3773 modo,non
997 3711 1101 3763 erit
1136 3720 1406 3779 peccator,
1435 3720 1487 3765 et
1538 3726 1647 3781 qua
1679 3712 1890 3768 ratione
1927 3712 2044 3767 fieri

470 3797 641 3865 possit
665 3807 1009 3866 utpeccator
1043 3816 1148 3856 non
1181 3801 1275 3868 sit,
1305 3802 1561 3857 discutiat
1589 3812 1646 3857 et
1674 3805 1919 3873 requirat
1953 3805 2045 3874 qui

470 3895 667 3952 potest.
731 3885 1096 3944 Verumtamen
1144 3890 1398 3959 pusillum
1457 3894 1651 3959 adhuc,
1697 3905 1744 3948 et
1792 3911 1895 3949 non
1946 3897 2045 3949 erit

471 3987 735 4044 peccator,
759 3989 805 4033 et
821 3995 1026 4048 quaem
1046 3980 1216 4034 locant
1240 3984 1354 4049 ejus
1380 3991 1433 4036 et
1483 3997 1586 4039 non
1629 3986 1880 4044 invenies.
1928 3985 2044 4041 Non

472 4070 645 4125 solum
687 4080 865 4127 autem
891 4082 1147 4141 peccator
1172 4086 1281 4128 non
1313 4074 1439 4140 erit,
1469 4076 1565 4129 sed
1603 4089 1702 4133 nec
1730 4077 1883 4132 locus
1920 4092 2046 4147 pec-

472 4163 677 4220 caloris
705 4163 830 4221 erit.
853 4162 986 4230 Quis
1005 4173 1089 4219 est
1125 4172 1309 4219 autem
1357 4165 1507 4221 locus
1556 4167 1885 4236 peccatoris,
1940 4170 2043 4225 nisi

468 4256 574 4311 ista
623 4268 744 4324 quae
798 4254 1163 4323 prastereunt?
1207 4253 1436 4321 Caelum,
1478 4256 1655 4325 inquit
1685 4257 1753 4323 δ’,
1806 4266 1855 4313 et
1903 4268 2045 4314 terra

472 4347 826 4407 pratertbunt.
858 4345 988 4401 Sine
1014 4344 1179 4401 dubio
1204 4360 1332 4414 ergo
1355 4359 1477 4401 cum
1516 4347 1635 4417 ipso
1661 4358 1885 4417 peccato
1902 4351 2045 4419 quod

472 4439 753 4505 prazteriit,
780 4439 945 4493 etiam
974 4438 1127 4494 locus
1151 4437 1426 4507 prmteriet
1450 4440 1776 4507 peccatoris.
1820 4439 2040 4527 Caelum,

2146 3254 2465 3308 Additsane
2504 3250 2775 3321 PrOpbeta
2808 3251 2972 3307 etiam
3016 3249 3251 3319 amplius
3302 3246 3504 3319 aliquid
3556 3258 3718 3317 quam

2146 3346 2197 3401 iu
2235 3346 2525 3416 Evangelia
2571 3345 2818 3415 legimus,
2855 3344 3042 3399 dicens
3069 3341 3171 3398 ἰε
3214 3340 3282 3395 Ει
3325 3336 3725 3395 delectabantur

2146 3438 2201 3489 in
2226 3436 2561 3490 multitudine
2587 3438 2757 3504 pacis.
2792 3435 2971 3489 Etiam
2999 3432 3089 3489 hic
3120 3446 3373 3489 sermone
3404 3431 3522 3501 ipso
3554 3431 3724 3487 utitur

2146 3526 2387 3590 Graecus.
2413 3528 2479 3582 de
2514 3542 2622 3596 quo
2650 3537 2704 3582 et
2748 3526 3001 3596 superius
3059 3524 3316 3591 diximus,
3373 3523 3727 3595 κατατρυφή-

2149 3637 2349 3684 σουσιν,
2382 3619 2435 3674 id
2482 3627 2583 3684 est,
2621 3618 3022 3674 deliciahuntur
3047 3616 3218 3685 magis
3263 3629 3425 3686 quam
3488 3612 3727 3670 delecta-

2146 3710 2369 3765 buntur.
2432 3711 2602 3777 Igitur
2654 3708 3055 3765 deliciahuntur
3088 3746 3104 3773 ,
3149 3709 3264 3763 sive
3312 3704 3723 3762 delectabuntur

2149 3802 2416 3858 mansueti
2445 3801 2496 3856 iri
2532 3798 2880 3855 multitudine
2905 3801 3077 3870 pacis.
3106 3798 3161 3855 Si
3194 3798 3287 3869 qui
3322 3806 3450 3853 sunt
3477 3795 3725 3852 carnales

2149 3895 2418 3959 homines,
2461 3893 2801 3948 deleCtantur
2833 3893 2885 3947 in
2917 3892 3055 3947 cibis
3078 3892 3171 3961 qui
3203 3890 3554 3946 destruentur
3599 3904 3723 3944 cum

2149 3996 2335 4041 ventre
2360 4001 2479 4049 suo,
2509 3985 2647 4040 sicut
2666 3993 2719 4039 et
2753 3982 3042 4053 Apostolus
3069 3974 3202 4038 dicit
3233 3983 3278 4015 "
3310 4001 3323 4037 ι
3364 3981 3511 4035 Esca:
3537 3983 3725 4043 ventri,

2148 4089 2194 4135 et
2217 4089 2388 4133 venter
2412 4079 2566 4143 escis,
2610 4076 2751 4131 Deus
2780 4084 2955 4129 autem
3004 4075 3143 4130 hunc
3201 4084 3249 4130 et
3298 4074 3419 4128 illas
3469 4074 3724 4127 destruet.

2150 4170 2337 4224 Sancti
2371 4178 2549 4223 autem
2583 4167 2715 4221 istas
2748 4181 2963 4236 quoque
3009 4166 3233 4221 delicias
3267 4175 3624 4223 c0ntemnunt
3674 4176 3729 4218 et

2150 4260 2497 4330 despiciunt:
2532 4259 2735 4312 habent
2764 4265 2946 4312 autem
2997 4257 3219 4313 delicias
3269 4260 3321 4312 in
3382 4257 3728 4313 multitudine

2150 4356 2322 4425 pacis.
2350 4351 2638 4406 Multitudo
2670 4360 2849 4404 autem
2881 4347 3029 4419 pacis
3059 4364 3181 4403 esse
3211 4348 3413 4404 dicitur
3452 4351 3505 4404 in
3534 4346 3728 4407 diebus

2147 4446 2376 4502 Christi.
2408 4446 2484 4499 Ita
2514 4443 2658 4499 enim
2689 4443 2954 4511 scriptum
2980 4450 3062 4495 est
3082 4440 3127 4472 ⁹⁷
3164 4456 3177 4492 :
3213 4436 3279 4493 Et
3311 4441 3595 4496 multitudo
3634 4458 3730 4512 pa-

473 4532 665 4601 inquit,
702 4542 750 4587 et
786 4541 927 4586 terra
952 4530 1316 4602 praeteribunt,
1358 4533 1512 4586 verba
1563 4543 1739 4587 autem
1790 4549 1909 4587 mea
1940 4551 2041 4588 non

2149 4540 2224 4594 cis
2253 4539 2351 4594 erit
2402 4539 2459 4592 in
2506 4536 2688 4590 diebus
2736 4535 2875 4605 ejus,
2933 4548 3198 4602 usquequo
3250 4532 3528 4601 auferatur
3579 4531 3729 4589 luna.

473 4624 834 4689 prmeribunt.
869 4623 1199 4679 Studeamus
1224 4637 1356 4695 ergo
1391 4638 1489 4679 nos
1521 4623 1701 4681 facere
1730 4626 1893 4681 verba
1929 4627 2045 4690 Dei,

473 4727 595 4781 qua:
622 4731 725 4769 non
761 4724 1111 4785 praetereunt,
1143 4732 1211 4771 ne
1240 4715 1381 4771 forte
1401 4728 1455 4772 et
1485 4733 1584 4772 nos
1612 4731 1735 4771 cum
1766 4718 1886 4773 istis
1927 4735 2047 4788 quin

474 4812 804 4870 praetereunt
831 4806 1183 4864 intereamus.
1213 4806 1271 4863 Si
1294 4808 1437 4863 enim
1469 4816 1752 4878 peccatum
1793 4808 2044 4876 facimus,

474 4894 617 4961 quod
642 4895 900 4963 praeterit,
928 4898 1046 4954 sine
1070 4898 1230 4956 dubio
1256 4909 1310 4956 et
1334 4915 1432 4956 nos
1471 4914 1592 4956 cum
1631 4900 1716 4956 bis
1758 4917 1878 4971 qua:
1908 4918 2048 4971 prae-

475 4992 689 5038 tereunt
715 4984 1114 5056 deputabimur.
1147 4990 1205 5045 Si
1262 5002 1442 5048 autem
1507 4993 1733 5049 facimus
1773 4993 2045 5063 justitiam

474 5090 592 5145 quae
628 5091 732 5132 non
786 5079 1050 5146 praeterit,
1106 5097 1281 5151 neque
1337 5085 1439 5153 ipsi
1494 5085 1920 5154 prmteribimus,
1952 5085 2049 5139 sed

474 5169 915 5235 pcrmanebimus
948 5185 1075 5226 cum
1100 5185 1454 5241 permanente
1475 5177 1711 5246 justitia,
1750 5176 2048 5233 secundum

476 5258 605 5313 illud
629 5262 772 5330 quod
797 5263 1059 5331 scriptum
1091 5273 1177 5319 est
1206 5266 1299 5339 ’δε
1344 5266 1598 5335 Nunquid
1639 5285 1743 5322 non
1770 5268 1902 5336 valet
1936 5284 2051 5321 nta-

479 5366 578 5403 nus
607 5368 724 5407 utea
753 5352 929 5408 salvos
951 5354 1162 5423 facere?
1182 5366 1272 5410 aut
1305 5362 1518 5427 gravavi
1556 5376 1737 5412 aurem
1774 5377 1945 5415 means
1988 5376 2051 5413 ne

477 5444 762 5497 exaudiam
792 5447 816 5499 2
842 5445 945 5500 Sed
964 5459 1174 5515 peccata
1203 5458 1375 5504 vestra
1417 5461 1663 5518 separant
1703 5452 1839 5504 inter
1877 5470 1962 5507 vos
1998 5461 2045 5506 et

480 5532 670 5592 Deum.
698 5536 802 5592 Sed
831 5548 886 5593 et
928 5540 997 5594 ab
1027 5539 1180 5597 initio
1228 5550 1495 5597 creaturae.
1544 5557 1651 5596 non
1699 5542 1817 5596 sine
1865 5544 2044 5613 aliqua

561 5677 608 5708 "
633 5678 769 5733 Gen.
828 5695 863 5733 ι.
964 5681 1005 5712 ⁸⁷
1036 5680 1175 5737 Psal.
1235 5683 1539 5743 xvxunﬂl.

476 5748 519 5776 ”
558 5746 699 5818 Psal.
759 5764 946 5818 Lxxvl,
986 5751 1071 5806 l7.

1164 5755 1208 5785 “3
1236 5753 1354 5807 Psal
1414 5768 1595 5819 xxxvi,
1639 5754 1715 5806 ll.

478 5830 576 5883 vn,
616 5816 669 5872 7.

1638 5683 1682 5713 ⁸⁸
1711 5682 1827 5735 Psni
1894 5698 2080 5751 xxxvi,
2118 5687 2200 5739 10.
2310 5687 2353 5717 ⁸³
2384 5684 2513 5739 an.
2547 5702 2659 5741 XXI.
2691 5684 2777 5736 35.

1808 5754 1854 5783 ιη
1881 5753 2072 5809 Matth.
2113 5771 2161 5821 v,
2206 5756 2255 5809 .l.

2156 4632 2482 4699 Quicunque
2515 4642 2647 4697 ergo
2677 4625 2879 4681 desinit
2902 4625 2969 4679 ab
3000 4623 3103 4689 ira,
3132 4631 3190 4677 et
3226 4620 3443 4691 reliquit
3476 4622 3730 4694 indigna-

2157 4725 2381 4786 tionem,
2411 4728 2464 4775 et
2493 4734 2669 4790 neque
2714 4717 2931 4772 animus
2968 4717 3021 4770 in
3076 4716 3210 4768 iram
3262 4713 3528 4780 irritatur,
3553 4728 3732 4786 neque

2156 4828 2412 4871 sermone
2446 4813 2617 4866 utitur
2666 4808 2948 4872 iracundo,
3008 4821 3114 4861 non
3176 4803 3349 4858 solum
3403 4802 3730 4871 forinsecus,

2154 4922 2339 4960 verum
2374 4913 2427 4960 et
2455 4903 2786 4958 intrinsecus
2833 4908 2982 4955 totus
3018 4898 3071 4951 in
3114 4911 3247 4967 pace
3310 4892 3412 4961 est,
3457 4902 3512 4948 et
3559 4910 3732 4964 neque

2156 4996 2475 5069 provocanti
2505 5011 2563 5050 se
2593 4995 2659 5049 ad
2683 4992 3022 5049 iracundiam
3048 4990 3213 5055 cedit,
3252 5005 3426 5060 neque
3459 4988 3571 5056 ipse
3594 4987 3734 5041 alte-

2152 5105 2271 5144 rum
2298 5091 2364 5144 ad
2389 5086 2727 5143 iracundiam
2763 5093 3048 5155 provocat,
3076 5082 3170 5138 sed
3207 5084 3261 5137 in
3306 5083 3603 5152 semetipso
3636 5096 3732 5151 pa-

2152 5196 2271 5236 cem
2312 5180 2498 5248 habet,
2523 5188 2576 5234 et
2609 5179 2661 5232 in
2693 5178 2835 5241 aliis,
2872 5177 2919 5233 si
2949 5178 3038 5247 qui
3069 5176 3208 5232 forte
3231 5176 3521 5241 dissident,
3552 5182 3735 5229 servat

2152 5273 2375 5345 diligere
2404 5270 2895 5332 mansuetudinem,
2937 5283 3059 5337 qua:
3086 5266 3234 5336 pacis
3268 5276 3451 5321 custos
3482 5274 3565 5319 est
3603 5258 3735 5318 lide-

2157 5364 2383 5427 lissima,
2416 5378 2534 5433 qua:
2563 5370 2754 5418 cuncta
2775 5361 3106 5415 moderatur.
3142 5360 3247 5412 Iste
3284 5357 3574 5412 deiiciatur
3597 5393 3613 5420 ,
3645 5353 3733 5408 vel

2154 5458 2457 5513 delectatur
2485 5456 2535 5509 in
2566 5454 2911 5508 multitudine
2936 5452 3106 5522 pacis.

2227 5547 2278 5601 7.
2314 5545 2615 5602 Observabit
2647 5553 2889 5613 peccator
2902 5543 3127 5610 justum,
3156 5552 3201 5594 et
3228 5539 3409 5608 fremet
3436 5553 3593 5605 super
3616 5551 3735 5591 eum

2895 5681 2939 5710 ⁹⁰
2973 5679 3093 5735 isai.
3122 5678 3287 5741 th,l
3323 5686 3377 5731 Cl.
3398 5678 3499 5731 2."
3523 5675 3657 5731 Gen.
3695 5690 3730 5729 ι.

2339 5756 2382 5785 (⁵³
2408 5756 2549 5811 l‘sal.
2582 5769 2768 5817 sxxvr,
2803 5752 2882 5805 ll.
2958 5752 3043 5804 Μ1
3081 5752 3203 5805 Cor.
3238 5765 3312 5811 γι,
3352 5748 3435 5801 15.
3513 5747 3556 5781 ³⁷
3592 5745 3734 5799 Psal.
