4110 6452
425 381 446 433 1
459 378 565 436 5'55

1801 383 1890 436 EX
1925 383 2224 440 ORIGENE

3549 400 3572 446 1
3583 395 3684 451 556

423 492 666 546 dentibus
699 493 806 545 suis
839 492 904 543 9".
942 491 1094 546 Sicut
1143 493 1286 546 enim
1352 495 1677 550 naturaliter
1723 501 1997 552 contraria
2029 505 2075 561 Α
2107 500 2309 555 habent
2348 509 2394 555 et
2426 511 2757 571 peccatores.
2801 501 2993 558 Sermo
3033 504 3229 573 sagitta
3259 513 3342 559 est
3377 521 3390 556 :
3440 514 3496 558 et
3541 505 3672 574 justi

429 595 554 637 sunt
593 583 681 637 lux
711 593 766 637 et
799 583 1053 650 tenebrat,
1093 585 1161 638 ita
1190 587 1456 640 contrarii
1489 599 1617 642 sunt
1658 591 1758 643 sibi
1805 606 1998 660 pecca-

428 689 512 730 tur
545 678 816 746 etjustus.
861 675 994 729 Etsi
1045 677 1248 732 videris
1297 679 1589 748 aliquando
1625 681 1749 734 odio
1813 682 1996 735 haberi

418 767 648 832 justum,
679 782 783 821 non
809 767 1022 822 dubites
1046 769 1226 822 dicere
1257 768 1323 823 de
1358 785 1424 822 eo
1464 772 1552 839 qui
1608 771 1723 824 odit
1766 770 1994 838 justmn,

424 858 550 924 quia
577 865 834 926 peccator
870 867 974 914 est.
1029 857 1084 912 Si
1143 861 1347 913 videris
1402 861 1835 927 persecutionem
1885 863 1996 930 pati

421 962 545 1000 (‘llln
583 947 673 1018 qui
712 948 850 1002 bene
879 949 1033 1014 vivit,
1065 965 1168 1003 non
1209 951 1423 1004 dubites
1455 951 1634 1004 dicere
1685 953 1749 1007 de
1784 967 1849 1006 eo
1905 953 1995 1020 qui

427 1035 796 1102 persequitur,
828 1037 953 1110 quia
985 1053 1088 1090 non
1128 1039 1300 1091 solum
1337 1049 1594 1106 peccator
1628 1050 1745 1105 est,
1772 1041 1870 1095 sed
1902 1058 1996 1095 ne-

424 1142 610 1189 quam.
638 1126 959 1182 Observabit
991 1144 1119 1201 ergo
1152 1139 1406 1199 peccator
1433 1133 1668 1202 justum,
1721 1143 1774 1186 et
1805 1134 1994 1189 obser-

425 1233 560 1271 vans
585 1231 706 1270 eum
739 1217 934 1272 fremet
971 1235 1135 1288 super
1167 1236 1288 1276 eum
1345 1225 1604 1280 dentibus
1655 1225 1786 1279 suis.
1845 1225 1994 1292 Quod

423 1311 577 1373 dicit,
614 1311 801 1378 fremet
831 1312 1089 1377 dentibus,
1120 1316 1302 1369 nescio
1336 1317 1379 1370 si
1421 1318 1486 1372 de
1510 1318 1818 1374 carnalibus
1858 1320 1994 1372 dett-

426 1401 572 1455 tilms
604 1403 980 1470 accipiendum
1011 1406 1101 1470 sit,
1129 1406 1253 1461 licet
1280 1408 1534 1476 possibile
1586 1411 1660 1464 sit
1692 1409 1858 1468 etiam
1896 1411 1996 1463 hoc

421 1494 540 1547 tleri
574 1508 602 1546 a
636 1505 926 1564 peccatore
955 1498 1213 1552 adversus
1243 1499 1470 1566 justum.
1520 1500 1654 1554 Cum
1697 1501 1997 1554 commina-

419 1594 510 1637 tur
532 1585 603 1651 ei,
632 1601 752 1640 cum
782 1587 906 1641 furit
930 1588 1190 1643 adversus
1216 1604 1360 1655 eum,
1418 1606 1536 1644 cum
1570 1591 1694 1645 silet
1733 1605 1884 1656 voce,
1943 1600 1997 1643 et

421 1679 627 1731 clamat
665 1678 870 1745 furore,
905 1680 1190 1750 cumjusto
1218 1681 1437 1736 molitur
1464 1683 1719 1743 insidias.
1753 1692 1806 1737 et
1836 1698 1995 1738 omne

419 1771 622 1823 iualum
656 1772 936 1840 excogitat
967 1773 1254 1826 adversum
1283 1789 1406 1828 eum
1430 1815 1444 1840 ,
1491 1785 1619 1828 tunc
1648 1774 1812 1828 etiam
1869 1789 1992 1826 cor-

417 1861 680 1930 poraliter
717 1863 1041 1932 adimpletur
1087 1867 1228 1935 quod
1271 1866 1470 1920 dicitur
1510 1885 1524 1922 :

417 1972 532 2007 eum
586 1955 826 2008 dentibus
866 1957 998 2010 suis.
1054 1956 1160 2011 Sed
1211 1973 1334 2012 cum
1384 1960 1500 2014 haec
1553 1961 1682 2015 facit
1744 1973 1995 2030 peccator

419 2049 706 2100 adversum
733 2046 960 2114 justum,
986 2047 1270 2115 Dominus,
1295 2051 1558 2122 inquit",
1595 2053 1834 2112 irridebit
1851 2071 1988 2121 eum,

415 2144 665 2209 quoniam
693 2143 942 2212 prospicit
964 2145 1103 2214 quod
1139 2146 1310 2198 veniat
1347 2146 1460 2198 dies
1483 2146 1616 2213 ejus.
1645 2146 1816 2212 Quem
1849 2149 1990 2202 diem

419 2236 682 2304 prospicit
727 2234 988 2290 Dominus
1037 2236 1381 2314 peccatoris?
1437 2236 1586 2296 Illum
1641 2239 1760 2294 sine
1806 2240 1989 2308 dubio,

414 2344 539 2391 cum
573 2330 835 2395 qumritur
865 2337 1135 2400 peccator,
1171 2339 1225 2384 et
1258 2345 1362 2386 non
1398 2334 1523 2389 erit.

488 2422 543 2479 8.
577 2419 829 2476 Gladium
854 2424 1255 2491 evaginaverunt
1294 2434 1617 2494 peccatores,
1664 2427 1989 2481 tetenderunt

419 2531 602 2567 arcum
629 2530 806 2578 suum,
833 2523 888 2566 ut
919 2515 1171 2582 dejiciaut
1210 2515 1416 2584 inopem
1440 2529 1488 2573 et
1513 2520 1847 2586 pauperem’.
1873 2515 1987 2573 Non

418 2607 557 2676 quod
589 2607 734 2660 onmi
764 2620 960 2672 genere
986 2617 1301 2674 peccatores
1334 2609 1572 2677 gladium
1601 2595 1836 2663 habeant
1861 2625 1984 2662 cor-

421 2678 688 2772 poralem,
721 2695 814 2750 sed
839 2695 1118 2749 videamus
1144 2711 1210 2750 ne
1240 2697 1380 2757 forte
1401 2697 1541 2753 sicut
1576 2707 1702 2753 sunt
1741 2699 1986 2767 quaedam

417 2802 568 2838 arma
609 2785 723 2851 Dei,
752 2785 803 2839 in
839 2785 1035 2858 quibus
1064 2800 1185 2840 esse
1217 2786 1419 2841 dicitur
1447 2785 1612 2840 lorica
1648 2787 1903 2855 justitice,
1934 2796 1988 2841 et

416 2881 624 2959 gladius
676 2880 922 2949 spiritus,
963 2889 1019 2934 et
1052 2891 1264 2935 scutum
1323 2880 1468 2945 fidei,
1519 2880 1593 2933 ita
1647 2881 1810 2934 etiam
1874 2880 1986 2936 sint

417 2989 572 3026 arma
605 2972 827 3036 diaboli,
866 2972 1065 3046 quibus
1112 2971 1335 3032 indutus
1370 2980 1454 3025 cst
1499 2971 1661 3026 homo
1707 2981 1982 3042 peccator.

412 3062 458 3114 Α
513 3060 806 3115 contrariis
869 3060 1037 3138 igitur
1101 3059 1467 3132 intelliganms
1533 3064 1856 3127 contraria,
1931 3071 1986 3121 et

413 3161 717 3216 statuamus
773 3152 911 3207 duos
965 3153 1164 3208 milites
1213 3162 1487 3217 armatos,
1544 3169 1707 3209 unum
1757 3155 2060 3254 militemC

409 3245 570 3326 663
610 3245 725 3310 Dei,
780 3245 1008 3301 alterum
1045 3246 1269 3307 militem
1317 3245 1539 3301 diaboli.
1579 3246 1716 3301 Etsi
1767 3248 1984 3319 quidem

415 3337 569 3391 miles
597 3336 689 3392 Dei
731 3335 896 3391 habet
935 3336 1156 3391 loricam
1181 3337 1427 3406 justitiaa,
1467 3337 1587 3392 sine
1616 3339 1780 3395 dubio
1836 3340 1990 3394 miles

413 3428 614 3482 diaboli
647 3430 982 3483 contrariam
1011 3429 1136 3484 huic
1162 3430 1299 3499 gerit
1329 3430 1607 3501 injustitia:
1636 3432 1881 3488 loricam.
1924 3431 1989 3485 Et

411 3523 456 3582 si
501 3521 655 3574 miles
711 3521 802 3574 Dei
837 3520 890 3573 in
939 3520 1088 3594 galea
1142 3521 1334 3583 salutis
1373 3531 1644 3588 coruscat,
1681 3523 1990 3581 ceontrario.

412 3620 675 3684 peccator
701 3612 789 3680 qui
815 3621 900 3666 est
930 3611 1084 3666 miles
1119 3612 1341 3681 diaboli,
1372 3614 1523 3684 galea
1555 3615 1877 3684 perditionis
1906 3616 1989 3668 in—

412 3705 574 3756 dutus
599 3711 700 3762 est.
733 3702 797 3763 Et
827 3703 872 3757 si
901 3702 1072 3772 parati
1103 3713 1228 3757 sunt
1255 3703 1419 3776 pedes
1452 3704 1639 3762 militis
1672 3705 1871 3760 Christi
1919 3705 1987 3762 ad

412 3793 692 3864 Evangelii
751 3808 970 3849 cursum
1035 3803 1090 3856 et
1140 3797 1614 3863 praedicationem,
1670 3797 1987 3856 econtrario

415 3885 717 3956 peccatoris
751 3887 914 3956 pedes
950 3886 1205 3942 velociter
1244 3898 1469 3944 currunt
1503 3889 1570 3942 ad
1606 3888 1985 3942 elTuudeudum

413 3978 759 4046 sanguinem,
803 3988 858 4033 et
903 3979 1268 4043 calceamenta
1296 3981 1433 4050 ejus,
1471 3981 1573 4045 hoc
1599 3990 1681 4035 est
1711 3995 1984 4049 praapara-

414 4070 515 4138 tio,
545 4069 944 4132 concinnantur
980 4071 1046 4126 ad
1086 4071 1308 4126 malum.
1337 4072 1510 4126 liabet
1539 4086 1670 4140 ergo
1704 4073 1859 4128 miles
1894 4072 1984 4126 Dei

413 4170 624 4214 scutum
641 4160 908 4235 quoddam
939 4161 1086 4226 fidei,
1119 4160 1281 4223 habet
1303 4168 1358 4215 et
1383 4161 1538 4215 miles
1569 4161 1768 4215 diaboli
1800 4161 1987 4216 inlide-

416 4252 589 4306 litatis
610 4259 844 4308 scutum.
877 4250 950 4306 lla
982 4268 1113 4329 ergo
1145 4263 1229 4306 est
1259 4251 1467 4321 gladius
1500 4253 1720 4324 quidam
1749 4253 1988 4320 Spiritus

415 4343 591 4396 sancti
627 4343 677 4396 in
713 4343 799 4398 bis
831 4344 921 4412 qui
956 4344 1190 4397 tnilitant
1222 4342 1360 4408 Deo;
1387 4354 1470 4396 est
1498 4353 1678 4396 autem
1708 4351 1760 4396 et
1779 4342 1987 4410 gladius

411 4434 632 4504 maligni
681 4435 732 4488 iu
766 4435 849 4489 bis
877 4437 966 4504 qui
996 4435 1228 4495 militant
1258 4446 1497 4508 peccato,
1534 4450 1694 4504 quem
1750 4433 1987 4502 gladium
2015 4503 2020 4508 _

1584 1865 1792 1921 Fremct
1842 1883 1996 1934 super
2025 1857 2068 1912 Β

2099 593 2317 662 quidem
2369 609 2546 648 sermo
2578 610 2700 648 cum
2748 596 2928 666 arguit
2967 603 3021 648 et
3051 596 3276 664 corrigit
3311 606 3673 664 peccatorem,

2101 685 2250 739 velut
2297 687 2493 755 sagitta
2547 690 2860 758 compuugit
2891 698 2944 743 et
2975 689 3269 742 transforat
3300 703 3396 742 eor
3424 689 3562 757 ejus,
3617 701 3676 744 ut

2101 788 2452 832 convertatur
2482 779 2548 831 ad
2579 781 2950 848 paenitentiam
2986 788 3040 833 et
3068 779 3326 833 salvetur.
3364 780 3554 834 Sermo
3580 795 3675 833 an-

2105 878 2208 921 tem
2240 871 2541 938 peccatoris
2565 881 2650 924 est
2687 871 2892 925 habens
2927 885 3198 926 venenum
3226 880 3280 923 et
3306 870 3576 938 sagittaus
3609 886 3674 925 ac

2100 961 2394 1016 vulnerans
2417 979 2557 1024 eum,
2582 964 2671 1032 qui
2698 979 2802 1018 non
2828 972 2910 1018 est
2939 963 3107 1017 armis
3130 964 3220 1018 Dei
3248 964 3503 1016 munitus.
3524 961 3674 1017 Tunc

2099 1054 2243 1106 enim
2288 1055 2451 1108 verba
2511 1055 2822 1124 iniquorum
2879 1056 3176 1124 praevalent
3217 1056 3507 1110 adversum
3550 1072 3667 1117 nos,

2101 1161 2221 1200 cum
2262 1147 2441 1200 minus
2481 1158 2640 1201 caute
2676 1158 2828 1202 scuto
2859 1148 2980 1203 fidei
3022 1148 3442 1202 communimur.
3482 1147 3667 1202 Teten-

2099 1241 2288 1293 derunt
2345 1256 2473 1306 ergo
2516 1257 2694 1294 arcum
2746 1258 2925 1305 suum,
2981 1251 3034 1294 ut
3081 1241 3330 1309 dejiciant
3368 1242 3571 1310 inopem
3620 1251 3668 1294 et

2098 1348 2376 1399 pauperem
2418 1331 2456 1384 ³.
2507 1331 2700 1386 Sciunt
2749 1341 3086 1400 peccatores,
3133 1332 3258 1399 quia
3307 1347 3408 1385 non
3444 1341 3668 1400 possunt

2098 1423 2334 1490 dejicere
2364 1424 2611 1488 divitem,
2643 1434 2925 1493 propterea
2977 1438 3154 1491 neque
3189 1423 3414 1476 insidias
3443 1423 3492 1475 ei
3549 1431 3667 1475 teu-

2099 1515 2256 1576 dunl,
2290 1516 2381 1568 sed
2406 1531 2594 1569 on'tucs
2625 1530 2811 1570 eorum
2841 1515 3049 1568 insidia:
3068 1514 3352 1567 adversum
3379 1528 3665 1580 pauperem

2097 1604 2424 1672 diriguntur,
2463 1608 2605 1660 sicut
2650 1615 2705 1660 et
2753 1605 2878 1659 alibi
2927 1604 3126 1657 dicitur
3155 1603 3195 1670 ⁵,
3228 1604 3350 1672 quia
3378 1604 3666 1656 insidiatur

2096 1698 2229 1750 sicu:
2258 1697 2336 1751 leo
2366 1699 2420 1750 in
2448 1697 2606 1750 cubili
2636 1713 2751 1759 suo,
2777 1696 3066 1749 insidiatur
3093 1705 3145 1748 ut
3170 1698 3338 1764 rapiat
3363 1710 3660 1761 pauperem.

2096 1787 2162 1841 Et
2193 1789 2317 1857 quia
2355 1789 2638 1856 redemptio
2674 1788 2770 1840 viri
2797 1781 3000 1841 divitiie
3051 1788 3166 1857 ejus
3213 1797 3330 1840 sunt
3367 1787 3411 1849 ³,
3461 1799 3665 1854 pauper

2099 1889 2276 1932 autem
2306 1877 2532 1932 sufferre
2558 1894 2662 1932 non
2690 1878 2831 1932 valet
2867 1881 3063 1942 minas,
3091 1878 3212 1932 ideo
3241 1877 3432 1932 divites
3463 1876 3664 1929 cilicia-

2099 1985 2221 2023 mur
2243 1971 2293 2024 iu
2315 1970 2645 2038 spiritalibus
2674 1972 2852 2032 bonis.
2878 1971 2928 2024 id
2961 1979 3044 2024 est
3077 1971 3128 2022 in
3155 1969 3298 2023 omni
3323 1971 3506 2031 verbo,
3533 1976 3587 2021 et
3613 1969 3663 2022 iu

2098 2059 2250 2113 omni
2299 2061 2550 2123 scientia,
2586 2061 2636 2114 in
2669 2061 2924 2129 operibus
2955 2059 3134 2122 bouis,
3175 2059 3496 2128 abjicientes
3523 2060 3662 2113 divi-

2101 2151 2202 2204 tias
2234 2152 2461 2221 peccati,
2523 2152 2918 2221 prospicientes
2966 2168 3073 2204 nou
3126 2166 3187 2205 ea
3233 2165 3352 2219 quae
3394 2152 3662 2214 videntur,

2096 2245 2190 2298 sed
2213 2259 2272 2297 ca
2299 2259 2416 2312 quae
2436 2259 2538 2298 non
2563 2243 2833 2296 videntur.
2860 2243 2988 2308 Quae
3005 2243 3148 2295 enim
3169 2240 3418 2295 videntur
3443 2241 3663 2303 divitia),

2096 2333 2420 2403 temporales
2453 2345 2604 2400 sunt;
2652 2350 2772 2403 qua:
2805 2345 2984 2389 autem
3011 2349 3116 2387 non
3148 2332 3416 2400 videntur,
3445 2343 3663 2387 aeterna:

2092 2436 2238 2481 sunt.
2278 2425 2346 2478 Et
2377 2426 2424 2480 si
2459 2426 2511 2479 in
2548 2426 2743 2480 talibus
2775 2426 2981 2480 divitiis
3017 2425 3360 2490 ditescimus,
3391 2422 3662 2477 vulnerari

2093 2517 2304 2586 sagittis
2335 2533 2440 2572 non
2484 2533 2768 2586 possumus
2815 2528 3188 2584 peccatorum.
3234 2517 3660 2586 Restinguentur

2091 2609 2236 2662 enim
2286 2617 2439 2663 scuto
2484 2607 2634 2672 ﬁdei,
2679 2623 2774 2676 per
2806 2606 3077 2661 Christum
3116 2609 3398 2660 Dominum
3454 2619 3508 2660 et
3539 2607 3664 2660 Sal-

2091 2709 2330 2753 vatorem
2378 2705 2644 2764 nostrum,
2699 2694 2788 2749 cui
2833 2703 2916 2748 est
2977 2694 3144 2763 gloria
3177 2703 3230 2748 et
3267 2693 3551 2762 imperium
3605 2693 3658 2746 iu

2090 2787 2281 2843 saecula
2313 2785 2656 2841 smculorum.
2689 2785 2881 2840 Amen.

2665 2898 2945 2954 IIOMILIA
2985 2899 3069 2954 Ill.

2092 2991 2168 3045 De
2199 2990 2378 3045 eodem
2411 2989 2634 3054 psalmo,
2666 2993 2730 3044 ab
2757 2991 2851 3043 illa
2883 3001 3029 3058 parte
3053 2991 3074 3021 ⁸
3102 3007 3116 3042 :
3150 3007 3168 3040 ι
3201 2987 3448 3042 Gladium
3479 2989 3654 3055 euagi-

2549 3070 2800 3115 noverunt
2848 3073 3163 3129 peccatores.
3195 3079 3212 3110 ι

2163 3154 2214 3211 1.
2243 3152 2536 3222 Superiore
2567 3160 2798 3206 tractatu
2826 3149 3136 3206 dicebamus
3166 3147 3408 3220 quaedam
3449 3148 3514 3202 de
3543 3148 3659 3217 gla-

2091 3244 2180 3298 dio
2212 3254 2266 3297 et
2291 3260 2418 3299 arcu
2459 3251 2827 3311 peccatorum,
2874 3251 2926 3297 et
2966 3240 3134 3297 armis
3171 3223 3284 3306 Dei,
3315 3248 3364 3294 et
3387 3238 3511 3310 quia
3544 3253 3662 3293 om-

2090 3357 2187 3396 nes
2215 3342 2462 3396 homines
2490 3341 2684 3396 armati
2716 3349 2870 3408 sunt;
2919 3349 2976 3394 ct
3019 3341 3163 3409 quod
3195 3339 3432 3392 diximus
3474 3351 3662 3390 omnes

2090 3434 2357 3496 homines,
2405 3449 2547 3488 nunc
2582 3432 2833 3500 adjiciam
2879 3432 3019 3501 quod
3053 3432 3224 3486 defuit
3264 3429 3659 3498 superioribus,

2089 3526 2140 3579 id
2168 3535 2251 3579 est
2273 3526 2322 3578 bi
2352 3540 2540 3579 omnes
2571 3523 2664 3592 qui
2704 3538 2932 3592 peccare
2954 3521 3066 3588 jam
3100 3529 3345 3589 possunt,
3376 3518 3458 3570 vel
3491 3518 3661 3571 absti-

2090 3632 2220 3672 nere
2247 3631 2276 3669 a
2313 3617 2569 3684 peccatis.
2600 3614 2838 3668 Infantes
2862 3613 3009 3667 enim
3035 3627 3210 3680 neque
3241 3610 3331 3662 Dei
3365 3623 3516 3662 arma
3550 3617 3663 3661 Ira--

2090 3719 2238 3763 ctare
2276 3716 2524 3777 possunt,
2550 3721 2724 3775 neque
2753 3720 2904 3759 arma
2932 3703 3157 3758 diaboli.
3185 3702 3242 3756 Si
3284 3702 3374 3772 qui
3403 3710 3584 3754 autem
3609 3701 3660 3753 in

2089 3800 2257 3854 verbo
2286 3809 2336 3854 et
2365 3808 2491 3854 actu
2523 3808 2580 3852 et
2603 3799 2932 3869 cogitatione
2961 3806 3192 3861 possunt
3213 3795 3326 3863 jam
3353 3794 3494 3848 scire
3519 3793 3662 3861 quod

2090 3899 2294 3944 rectum
2317 3898 2418 3955 cst,
2443 3897 2500 3945 et
2521 3890 2692 3945 vitare
2727 3889 2871 3958 quod
2911 3890 3242 3942 contrarium
3278 3895 3383 3951 est,
3412 3885 3514 3954 ipsi
3540 3895 3665 3939 sunt

2091 3982 2180 4051 qui
2203 3982 2464 4037 dicuntur
2490 3998 2680 4038 omnes
2707 3982 2905 4036 habere
2937 3995 3112 4046 arma,
3135 3991 3189 4033 et
3215 3978 3258 4033 si
3293 3979 3507 4048 quidem
3539 3993 3664 4046 pec-

2089 4079 2237 4134 cant,
2296 4071 2495 4125 diaboli
2531 4086 2680 4125 arma
2718 4071 2921 4125 habent
2967 4080 3023 4124 et
3071 4069 3407 4138 iniquitatis;
3460 4069 3503 4122 si
3536 4082 3664 4122 vero

2092 4169 2238 4213 recte
2269 4169 2457 4227 agunt,
2505 4159 2672 4213 arutis
2710 4159 2804 4214 Dei
2836 4159 3092 4212 dicentur
3126 4157 3316 4212 induti.
3347 4157 3499 4225 Quod
3531 4172 3662 4225 ergo

2091 4252 2269 4306 dixit:
2323 4251 2570 4304 Gladium
2617 4252 3021 4320 evaginavcruut
3069 4260 3386 4315 peccatores,
3438 4251 3666 4301 tcteude-v

2091 4352 2210 4395 runt
2236 4358 2416 4395 arcum
2447 4359 2622 4406 suum,
2645 4343 2998 4411 explanantes
3023 4342 3334 4394 dicebamus
3369 4341 3663 4392 secundum

2091 4435 2400 4504 Apostolum
2428 4435 2520 4503 qui
2551 4435 2686 4488 dixit
2717 4450 2744 4486 a
2769 4431 3064 4488 contrariis
3085 4432 3104 4460 "
3140 4449 3152 4484 :
3183 4429 3250 4482 Et
3290 4430 3524 4498 gladium
3552 4429 3663 4496 spi-

411 4529 703 4598 evaginare
731 4543 878 4588 nunc
919 4530 1175 4584 dicuntur
1205 4538 1540 4602 peccatores.
1574 4527 1856 4594 Quomodo
1885 4540 1983 4576 an-
2019 4545 2063 4600 ι)
2092 4527 2222 4580 ritus
2247 4527 2386 4596 quod
2415 4534 2489 4579 est
2516 4526 2724 4578 verbum
2761 4525 2878 4591 Dei,
2911 4523 3035 4595 quia
3071 4531 3418 4591 peccatorum
3453 4520 3665 4588 gladius

414 4628 522 4672 tem
581 4619 802 4692 putandi
839 4630 964 4673 sunt
1013 4629 1325 4692 peccatores
1370 4620 1662 4693 evagiuare
1710 4615 1986 4686 gladium?

413 4710 549 4763 Dum
590 4711 702 4779 jam
744 4710 1088 4779 impudenter
1134 4722 1188 4764 et
1234 4710 1438 4775 absque
1488 4711 1594 4763 ullo
1649 4707 1989 4762 verecundia:

410 4802 720 4857 velamento
770 4802 1082 4869 iniquitates
1136 4817 1262 4856 suas
1311 4809 1648 4870 perpetrant,
1702 4814 1800 4851 nec
1856 4813 1984 4850 eru-

412 4892 662 4958 bescunt,
694 4907 758 4946 ac
788 4903 1128 4956 reverentur,
1168 4907 1265 4945 nec
1291 4901 1545 4959 tanquam
1580 4891 1632 4943 iu
1669 4889 1861 4958 vagina
1889 4905 1984 4941 ne—

412 4981 639 5050 quitiam
671 4997 822 5036 snam
868 4984 1164 5038 recondunt
1199 4994 1248 5035 et
1289 4991 1605 5048 contegunt,
1637 4982 1729 5033 sed
1754 4979 1985 5048 superbo

409 5085 464 5126 et
496 5074 637 5129 elato
669 5074 863 5144 spiritu
907 5073 1053 5126 velut
1102 5073 1337 5140 gladium
1371 5073 1654 5137 nuemdam
1685 5069 1979 5123 denudant.

413 5166 679 5220 Similiter
701 5167 863 5221 etiam
898 5166 1026 5229 illud
1058 5168 1200 5236 quod
1232 5163 1474 5231 sequitur
1509 5173 1795 5230 peragunt,
1826 5161 1879 5214 id
1902 5168 1985 5213 cst

409 5259 744 5321 intenderunt
776 5274 958 5310 arcum
988 5273 1162 5319 suum.
1192 5255 1296 5308 Sed
1321 5265 1371 5306 ct
1399 5255 1526 5321 justi
1554 5251 1983 5314 ltabeutarcum,

414 5354 610 5409 habent
643 5360 699 5404 et
730 5351 976 5421 sagittas.
1004 5348 1244 5417 Denique
1276 5355 1330 5398 ct
1363 5362 1464 5396 una
1503 5343 1701 5412 sagitta
1748 5345 1982 5411 ipsorum

413 5455 494 5496 est
527 5444 785 5498 Dominus
821 5441 1003 5504 Jesus,
1055 5441 1169 5508 ipse
1199 5438 1339 5490 enim
1376 5438 1448 5490 ait
1496 5439 1557 5488 ἐ
1593 5436 1657 5489 Et
1703 5438 1871 5504 posuit
1907 5451 1986 5486 me

413 5545 547 5602 sicut
579 5539 827 5610 sagittam
875 5539 1114 5594 electum.
1165 5537 1375 5591 Habent
1413 5553 1542 5605 ergo
1571 5535 1697 5603 justi
1741 5537 1987 5604 sagittas,

1130 5743 1174 5772 ³³
1207 5741 1430 5794 Η)ἰιΙ.15.
1513 5747 1526 5776 ‘
1564 5739 1691 5790 illiti.
1738 5739 1817 5789 ii.

1323 5813 1337 5839 ⁷
1378 5811 1569 5876 l’pltcs.
1605 5823 1675 5872 vt,
1711 5809 1792 5861 Π.

485 5742 530 5775 θ’
567 5740 710 5796 Psal.
737 5758 921 5802 xxxvu,
962 5742 1050 5794 1‘2.

407 5827 541 5884 ιὶιιῑ,
573 5811 625 5863 8.
705 5812 872 5866 ‘i‘sal
929 5827 1116 5872 xxxvi,
1162 5812 1245 5864 li.

1898 5740 1915 5767 ²
1951 5735 2050 5796 lsa.
2087 5755 2234 5803 sm,
2271 5738 2325 5792 2.

2095 4627 2240 4672 esset
2263 4619 2485 4687 spiritus
2502 4620 2592 4688 qui
2624 4618 2674 4671 in
2704 4618 2834 4686 ipsis
2868 4627 2951 4672 est
2975 4629 3230 4684 nequam,
3259 4613 3352 4684 qui
3381 4628 3476 4667 eos
3500 4613 3667 4681 inspi-

2096 4721 2182 4766 rat
2210 4713 2274 4764 ad
2304 4710 2465 4764 verba
2494 4711 2862 4779 blas‘pltemiaa,
2895 4719 2949 4763 et
2994 4708 3317 4776 iniquitatis,
3350 4718 3404 4760 et
3434 4706 3664 4774 turpitu-

2093 4802 2254 4856 dinis.
2285 4801 2443 4856 Verbi
2474 4819 2660 4864 causa,
2694 4804 2737 4855 si
2787 4804 2974 4855 videas
3018 4801 3246 4871 gentiles
3291 4801 3580 4852 adversum
3609 4812 3666 4850 se

2096 4893 2149 4956 in
2203 4893 2663 4961 disputationibus
2717 4893 3061 4956 dimicantes,
3103 4901 3156 4945 et
3189 4893 3431 4946 diversas
3473 4900 3662 4949 contra

2091 4997 2150 5037 se
2208 4984 2439 5038 invicem
2494 4983 2800 5052 impietates
2851 4982 3150 5036 dialectica:
3211 4983 3346 5035 artis
3408 4981 3663 5034 versutiis

2093 5085 2420 5137 astrueutes,
2447 5085 2602 5145 potes
2639 5087 2765 5134 tunc
2797 5075 2980 5129 dicere
2998 5084 3390 5147 competenter,
3412 5074 3533 5143 quia
3555 5073 3667 5142 gla-
3704 5094 3706 5096 ν
3737 5121 3739 5126 .

2092 5169 2242 5222 dium
2276 5169 2698 5238 cvagiuavoruut
2723 5177 3055 5238 peccatores.
3087 5167 3190 5222 Sed
3209 5177 3262 5221 et
3285 5182 3383 5236 ego
3401 5165 3490 5235 qui
3520 5166 3671 5220 dicor
3742 5162 3747 5170 ’

2095 5260 2289 5322 fidelis,
2320 5261 2363 5312 si
2408 5260 2546 5318 forte
2572 5270 2846 5317 eet-tanien
2879 5259 3008 5310 mibi
3043 5261 3112 5312 sit
3147 5275 3268 5312 cum
3299 5256 3498 5325 aliquo,
3527 5264 3582 5309 et
3606 5256 3670 5306 ad

2095 5352 2433 5410 iracundiam
2470 5361 2813 5418 provocatus,
2852 5350 3060 5418 abjecla
3097 5349 3509 5401 mansucttnline
3543 5362 3670 5416 pru-

2099 5442 2266 5498 feram
2301 5443 2464 5494 verba
2498 5441 2720 5502 furiosa,
2767 5451 2821 5495 et
2868 5441 3118 5513 spiritum
3156 5440 3473 5501 mendaciis,
3501 5448 3555 5493 et
3586 5449 3671 5492 tu-

2100 5534 2261 5586 midis
2314 5539 2700 5604 venenatisque
2755 5535 3095 5592 sermonibus
3146 5543 3419 5602 relegam,
3480 5533 3674 5584 met-ito

3451 5737 3470 5766 ⁸
3513 5733 3672 5790 l’tm'.

2408 5743 2425 5770 ³
2452 5741 2592 5794 Paul.
2630 5755 2815 5805 sum,
2851 5739 2932 5792 Η.
3014 5738 3031 5780 ³
3065 5737 3201 5798 i‘sal.
3233 5752 3282 5800 at,
3321 5737 3373 5789 9.
