4110 6434
383 413 518 467 1357

1062 398 1372 457 SELECTA
1406 397 1472 454 ΙΝ
1502 396 1842 451 PSALMOS.
1884 429 1948 436 ——

2052 396 2228 453 OfillL.
2266 398 2334 451 lll
2373 397 2439 451 IN
2481 396 2677 453 PSAL.
2718 394 2956 451 XXXVI.

3507 396 3645 452 1558

381 526 542 577 etiam
573 537 672 592 ego
699 532 955 589 tanquam
981 527 1235 589 peccator
1261 518 1578 587 evagiuasse
1600 517 1837 587 gladium
1872 518 1954 570 di-
1985 521 2030 576 Α
2061 532 2155 572 nes
2180 518 2427 588 pessimm
2457 537 2469 573 :
2509 533 2572 572 os
2604 533 2734 572 vero
2761 533 2823 571 ac
2854 515 2994 570 labia
3018 529 3211 569 eorum
3239 529 3399 570 arcus
3423 517 3640 582 quidam

383 630 496 668 cur.
539 613 744 667 Bonum
795 613 956 682 igitur
1011 611 1242 679 prinnun
1290 618 1374 663 est
1405 623 1470 661 ne
1503 608 1706 662 habere
1739 610 1956 676 quidem

382 704 618 772 gladium
668 702 908 773 peccati;
962 703 1254 756 secundum
1302 715 1433 754 vero
1472 709 1556 752 est
1607 700 1794 753 saltem
1845 716 1952 753 non

381 811 504 848 eum
527 795 835 862 evaginare,
861 794 953 847 sed
975 793 1266 848 recondere
1286 793 1338 846 in
1363 795 1554 861 vagina
1582 809 1700 847 sua.
1728 791 1783 846 Si
1811 792 1955 845 enim

383 897 489 935 nou
525 882 833 949 proferatur
861 882 1069 952 gladius
1086 883 1152 936 de
1169 883 1381 952 vagina,
1408 898 1582 952 neque
1615 891 1955 943 exerceatur,

381 971 529 1024 acies
555 969 672 1038 eius
715 972 1030 1026 obtenditur
1072 983 1124 1027 et
1147 973 1386 1042 aerugine
1418 974 1777 1037 consumitur,
1809 982 1864 1026 et
1911 973 1956 1026 si

380 1075 600 1130 semper
630 1075 804 1118 cesset
849 1066 916 1117 ab
957 1079 1116 1132 opere
1143 1064 1614 1118 exterminabitur.
1643 1062 1757 1116 lloc
1812 1062 1956 1116 enim

381 1153 644 1208 Dominus
663 1156 827 1208 etiam
856 1155 1159 1225 pollicetur,
1181 1167 1238 1210 ut
1259 1159 1580 1212 exterminet
1603 1154 1955 1221 rompbzeam,

381 1245 434 1299 id
461 1255 543 1300 est
571 1257 879 1315 peccatum,
921 1248 992 1301 ita
1027 1258 1085 1301 ut
1110 1248 1252 1302 ultra
1281 1249 1394 1319 jam
1428 1264 1537 1303 non
1577 1247 1643 1301 sit
1680 1253 1952 1313 peccator.

382 1338 491 1390 Sed
521 1337 567 1391 si
611 1339 827 1406 quidem
861 1339 1011 1392 verbi
1059 1340 1152 1393 Dei
1198 1341 1554 1408 prtevenimus
1586 1339 1686 1391 hoc
1714 1351 1871 1404 opus,
1904 1344 1958 1388 et

381 1429 437 1484 in
477 1429 578 1482 hac
612 1428 720 1481 vita
756 1430 913 1498 positi
946 1430 1213 1485 faciamus
1243 1432 1293 1484 in
1328 1430 1483 1484 nobis
1517 1431 1739 1482 interire
1761 1444 1955 1495 pecea-

383 1528 521 1582 tttm,
555 1529 613 1572 ut
643 1534 915 1588 nunquam
945 1523 1171 1574 omnino
1199 1539 1228 1574 a
1264 1523 1442 1586 nobis,
1488 1537 1659 1589 neque
1684 1537 1778 1590 per
1813 1523 1958 1590 cogi-

384 1614 669 1678 tationem,
694 1626 870 1679 neque
889 1627 981 1677 per
1001 1628 1158 1680 opus,
1187 1629 1360 1681 neque
1384 1629 1477 1681 per
1506 1615 1726 1666 verbum
1751 1613 1954 1681 peccati

377 1703 586 1772 gladius
635 1704 966 1771 proferatur,
1027 1720 1132 1757 non
1183 1705 1547 1774 indigehimus
1600 1721 1771 1772 pcenre
1817 1706 1956 1772 ignis

377 1794 586 1857 :eterni,
623 1809 726 1848 non
759 1795 995 1848 tenebris
1040 1796 1406 1848 exterioribus
1441 1795 1952 1858 conden'mabiuntr,

2066 620 2170 672 est,
2223 625 2330 678 quo
2376 610 2600 664 dilatato
2653 619 2816 679 atque
2871 610 3108 662 distento
3157 611 3406 665 venenati
3462 612 3642 664 cordis

2067 699 2270 767 spicula
2300 699 2596 766 jactantur.
2625 698 2778 764 Quod
2811 707 2990 751 autem
3019 698 3097 751 ait
3135 699 3190 752 in
3213 700 3456 763 obscuro,
3491 715 3640 754 com-

2067 802 2314 860 petenter
2353 791 2556 844 dictum
2584 801 2686 843 est.
2728 789 2846 845 Non
2889 791 3032 844 enim
3063 793 3152 844 isti
3191 791 3325 846 tales
3361 792 3412 844 in
3447 793 3555 855 die,
3587 791 3638 844 id

2065 895 2149 938 cst
2180 885 2232 936 in
2260 884 2377 936 lucc
2409 883 2501 935 Dei
2533 883 2808 947 incedunt,
2842 884 2936 937 sed
2973 884 3024 936 in
3058 883 3300 939 tenebris
3331 884 3636 947 ambulant,

2065 974 2200 1028 etin
2231 973 2560 1028 obscuritate
2605 973 2822 1038 malitiae
2880 984 3042 1042 atque
3087 975 3403 1042 ignorantiae
3453 975 3641 1028 delite-

2066 1077 2242 1121 scunt.
2270 1065 2420 1131 Quod
2464 1075 2644 1118 autent
2698 1065 2960 1134 sagittant
3009 1076 3187 1120 rectos
3229 1067 3424 1132 corde,
3462 1067 3510 1119 id
3556 1075 3639 1118 cst

2065 1157 2337 1224 simplices
2361 1167 2414 1209 ct
2437 1157 2746 1225 ignorantes
2764 1155 3002 1209 malitias
3031 1171 3178 1211 suas.
3207 1153 3312 1208 Sed
3339 1168 3465 1223 puto
3493 1156 3637 1222 quod

2067 1250 2153 1303 hic
2215 1264 2394 1302 sermo
2434 1263 2538 1301 non
2597 1258 2704 1300 tant
2763 1247 2826 1300 de
2878 1246 3187 1301 hominibus
3236 1247 3635 1315 peccatoribus,

2064 1355 2222 1409 quam
2255 1342 2320 1394 de
2354 1339 2640 1393 contrariis
2681 1340 3037 1408 potestatibus
3083 1339 3325 1392 dicatur.
3376 1339 3483 1392 lll:e
3511 1348 3638 1391 sunt

2063 1429 2228 1490 enim,
2273 1443 2391 1496 qua:
2422 1429 2472 1480 in
2501 1429 2729 1480 obscuro
2769 1428 3030 1497 sagittam
3059 1436 3234 1482 rectos
3277 1430 3461 1482 corde.
3506 1426 3637 1480 Pro-

2063 1529 2246 1587 pterea
2284 1535 2416 1588 ergo
2444 1521 2530 1572 die
2561 1529 2829 1587 noctuque
2866 1521 3090 1587 vigilcnt
3117 1522 3166 1574 bi
3202 1521 3294 1588 qui
3334 1531 3481 1574 recto
3511 1531 3638 1574 sunt

2064 1612 2247 1672 corde,
2288 1611 2414 1678 quia
2459 1611 2534 1663 illi
2574 1611 2794 1679 quidem
2841 1621 3175 1678 paraverunt
3221 1614 3467 1680 sagittas.
3519 1610 3638 1666 Non

2063 1703 2452 1770 dixil,jaculati
2477 1714 2619 1764 sunt,
2638 1703 2728 1756 sed
2743 1713 3062 1771 paraverunt
3080 1705 3334 1769 sagittas;
3354 1720 3457 1756 non
3481 1705 3638 1771 sagit-

2066 1802 2248 1847 tarunt
2275 1809 2447 1863 neque
2481 1793 2922 1857 vulneraverunt,
2957 1795 3050 1847 sed
3084 1803 3273 1862 parant
3305 1809 3364 1847 sc
3392 1805 3448 1847 ut
3479 1796 3639 1861 sagit-

381 1899 555 1952 neque
602 1885 708 1938 illis
742 1885 1024 1954 suppliciis
1080 1902 1202 1955 quat
1254 1887 1632 1954 peccatoribus
1669 1887 1952 1940 imminent
1985 1877 2027 1935 Β
2057 1895 2189 1938 teut.
2224 1883 2382 1938 Vides
2415 1899 2514 1938 nos
2555 1894 2844 1952 antequam
2893 1885 3239 1937 vulnerentur
3278 1884 3633 1945 commoneri,

377 1977 804 2047 subjaccbimus.
864 1978 922 2032 Si
963 1993 1093 2032 vero
1139 1980 1190 2032 in
1246 1981 1347 2033 hac
1396 1981 1505 2032 vita
1554 1982 1954 2034 contemnimus

376 2070 776 2124 commonentis
806 2085 902 2125 nos
934 2070 1130 2124 divinae
1157 2071 1453 2140 Scriptura).
1481 2073 1664 2134 verba,
1697 2082 1750 2124 et
1770 2072 1951 2125 curari

377 2159 460 2213 vel
489 2161 769 2216 emendari
806 2161 924 2231 ejus
953 2163 1390 2230 correptionibus
1439 2162 1710 2228 nolumus,
1743 2175 1952 2218 certum

375 2259 460 2304 est
493 2251 619 2318 quia
664 2262 848 2306 manet
881 2269 977 2308 nos
1032 2254 1174 2323 ignis
1221 2255 1309 2308 ille
1359 2255 1450 2324 qui
1503 2266 1838 2324 prmparatus
1869 2265 1956 2311 est

377 2343 776 2409 peccatoribus,
802 2355 856 2397 ct
883 2345 1165 2398 veniemus
1199 2346 1266 2399 ad
1299 2347 1448 2398 illum
1480 2346 1647 2418 664
1675 2349 1850 2417 ignem
1899 2349 1952 2401 in

376 2447 484 2500 quo
519 2434 932 2504 uniuscujusque
986 2451 1114 2503 Opus
1161 2435 1318 2504 quale
1352 2437 1419 2490 sit
1466 2438 1602 2504 ignis
1642 2439 1882 2504 probabit
1907 2439 1949 2491 ⁸.

377 2523 465 2589 Et,
489 2531 548 2575 ut
578 2537 678 2591 ego
710 2523 966 2586 arbitror,
1014 2538 1206 2580 omnes
1242 2540 1340 2579 nos
1389 2525 1576 2579 venire
1616 2542 1842 2581 necesse
1869 2535 1956 2581 est

373 2613 443 2667 ad
470 2611 619 2666 illum
670 2613 870 2682 ignem.
915 2613 1142 2667 Etiamsi
1184 2612 1384 2667 Paulus
1412 2614 1482 2668 sit
1516 2615 1712 2682 aliquis
1747 2615 1827 2669 vel
1861 2614 1957 2670 Pe-

377 2711 511 2766 trus,
543 2707 694 2756 venit
727 2711 904 2756 tamen
934 2704 1000 2756 ad
1033 2703 1185 2757 illmu
1221 2702 1418 2772 ignem.
1453 2702 1557 2758 Sed
1588 2705 1663 2759 illi
1694 2708 1828 2761 tales
1851 2722 1952 2759 au-

374 2791 528 2844 diunt
555 2809 570 2846 :
601 2790 828 2845 Etiamsi
848 2809 939 2860 per
960 2794 1128 2862 ignem
1159 2802 1422 2854 transeas,
1453 2796 1669 2860 [Iuntina
1715 2812 1816 2855 non
1863 2797 1957 2850 atl-

376 2893 490 2936 uret
517 2893 566 2936 te
589 2885 633 2936 ’.
668 2882 724 2937 Si
758 2899 884 2937 vero
902 2884 1097 2952 aliquis
1117 2883 1310 2938 similis
1335 2885 1438 2938 mei
1457 2895 1712 2951 peccator
1740 2887 1830 2949 sit,
1860 2901 1952 2940 ve-

378 2974 492 3026 niet
515 2974 733 3042 quidem
766 2977 834 3027 ad
861 2975 1038 3044 ignem
1073 2974 1222 3027 illum
1251 2974 1392 3028 sicut
1424 2973 1616 3028 Petrus
1648 2984 1702 3028 et
1733 2976 1948 3040 Paulus,

375 3065 471 3119 sed
521 3079 628 3118 non
676 3065 756 3118 sic
807 3065 1031 3118 transiet
1089 3064 1232 3118 sicut
1287 3064 1478 3118 l’etrus
1524 3071 1578 3118 ct
1620 3064 1838 3120 Paulus.
1888 3066 1953 3120 Et

376 3154 832 3220 quemadmodum
856 3154 921 3208 ad
937 3153 1180 3206 Rubrum
1200 3169 1350 3208 mare
1363 3167 1630 3208 venerunt
1655 3156 1861 3210 llebrtei
1881 3157 1948 3220 ¹⁶,

378 3254 643 3300 venerunt
682 3253 737 3299 et
786 3242 1052 3314 Egyptii,
1077 3244 1172 3299 sed
1219 3245 1427 3300 Hebraei
1460 3247 1675 3316 quidem
1721 3251 1951 3302 transie-

377 3343 503 3387 runt
533 3348 683 3389 mare
706 3333 976 3395 Rubrum,
1005 3333 1246 3404 Egyptii
1276 3345 1455 3388 autem
1483 3337 1719 3390 demersi
1747 3345 1871 3389 sunt
1898 3337 1949 3389 in

376 3425 538 3492 ipso:
581 3426 686 3480 hoc
717 3425 875 3480 modo
915 3425 1080 3480 etiam
1113 3442 1211 3481 nos
1249 3426 1294 3481 si
1326 3427 1546 3496 quidem
1581 3426 1820 3497 {Egyptii
1856 3444 1950 3482 sn-

378 3531 516 3580 mus,
551 3525 607 3571 et
643 3517 921 3587 sequimur
945 3517 1288 3572 Pharaonem
1337 3518 1632 3581 diabolum,
1669 3521 1952 3588 praeceptis

373 3607 488 3673 ejus
517 3607 852 3671 obedientes,
884 3607 1261 3677 dcmergemur
1304 3609 1356 3662 in
1402 3608 1550 3662 illum
1587 3608 1804 3662 ﬂuvium
1837 3611 1952 3666 sive

376 3698 548 3752 lacum
577 3697 815 3766 igneum,
835 3713 959 3753 cum
978 3701 1196 3755 inventa
1219 3699 1420 3754 fuerint
1439 3699 1491 3754 in
1525 3701 1682 3754 nobis
1704 3713 1947 3770 peccata,

373 3803 494 3856 qtise
513 3788 631 3843 sine
655 3788 817 3843 dubio
836 3803 900 3843 ex
932 3792 1213 3860 praeceptis
1245 3791 1505 3861 elegimus
1533 3791 1854 3847 Pharaonis.
1893 3792 1948 3846 Si

373 3887 550 3933 autem
580 3893 788 3954 sumus_
809 3879 1042 3946 Hebraei,
1073 3892 1126 3935 ct
1154 3883 1416 3949 sanguine
1454 3883 1576 3951 agni
1610 3884 1948 3938 inniuacnlati

373 3980 559 4020 sutnus
601 3967 881 4034 redempti,
941 3968 984 4022 si
1035 3984 1141 4022 non
1183 3979 1464 4037 portamus
1499 3971 1782 4025 nobiscum
1834 3973 1946 4024 fcr-

375 4065 614 4110 tneutum
669 4058 941 4125 nequitite,
1001 4059 1336 4129 ingredimur
1381 4062 1599 4131 quidem
1631 4073 1686 4117 et
1716 4079 1815 4118 nos
1850 4063 1948 4116 ilu-

373 4149 518 4201 vium
552 4149 710 4216 ignis.
764 4149 872 4204 Sed
924 4150 1065 4203 sicut
1112 4151 1353 4205 llehrmis
1395 4162 1514 4207 erat
1562 4169 1701 4223 aqua
1759 4172 1946 4209 murus

372 4241 556 4293 dextra
594 4241 855 4310 lcevaque,
893 4243 964 4294 ita
1007 4241 1173 4294 etiam
1208 4243 1351 4311 iguis
1389 4245 1492 4297 erit
1525 4263 1730 4307 murus,
1766 4249 1808 4300 si
1847 4263 1945 4302 nos

375 4331 632 4385 faciamus
663 4333 803 4400 quod
835 4332 900 4386 de
930 4333 1038 4387 illis
1073 4335 1276 4388 dictum
1305 4347 1409 4399 est,
1445 4339 1568 4404 quia
1597 4339 1946 4393 crediderunt

379 4425 484 4478 lico
506 4432 561 4478 et
596 4423 762 4494 Moysi
796 4423 998 4478 famulo
1033 4424 1166 4492 ejus,
1215 4426 1266 4479 id
1303 4438 1382 4480 est
1418 4428 1522 4498 legi
1563 4429 1679 4496 eius
1707 4439 1762 4483 et
1791 4447 1942 4484 utan-

370 4515 532 4579 datis,
576 4524 628 4569 et
679 4516 758 4570 sic
791 4530 1082 4585 sequamur
1111 4516 1416 4572 columnam
1469 4519 1608 4586 ignis
1643 4531 1696 4573 et
1737 4521 1944 4574 eolum-

373 4620 494 4656 nam
543 4605 717 4662 nubis.
785 4605 904 4660 llwc
964 4607 1270 4662 monuimus
1329 4618 1631 4677 repetentes
1685 4614 1943 4679 explana-

373 4700 596 4763 tionem,
645 4699 916 4767 quomodo
961 4699 1198 4769 gladium
1255 4702 1682 4767 evaginaverunt
1744 4719 1935 4771 pecca-

376 4796 540 4843 tores.
1914 4859 1916 4862 τ

438 4878 492 4932 2.
533 4881 637 4933 Sed
670 4898 734 4934 ne
780 4881 912 4934 illud
947 4883 1162 4951 quidem
1200 4885 1370 4938 otiose
1401 4884 1786 4937 transeundum
1835 4896 1939 4952 est,

369 4971 510 5036 quod
545 4972 706 5024 etiam
745 4973 1036 5028 tetendisse
1068 4975 1320 5028 dicuntur
1351 4991 1534 5030 arcum
1569 4991 1762 5030 suurn:
1795 4981 1937 5044 quod

371 5081 472 5116 non
512 5063 622 5130 jam
664 5065 1001 5134 oppositione
1039 5069 1297 5120 contrarii
1346 5069 1486 5124 sicut
1517 5069 1569 5122 in
1602 5070 1813 5123 caeteris
1857 5069 1938 5122 l'c-

368 5156 564 5215 cimus.
625 5157 718 5210 sed
773 5173 839 5210 ex
899 5157 1166 5212 similibus
1213 5160 1566 5216 absolvimus.
1629 5161 1684 5214 lu
1733 5163 1942 5216 decimo

369 5247 870 5320 psalnto'scriptum
909 5261 991 5306 est
1037 5253 1228 5321 “quia
1259 5254 1569 5308 Peccatores
1607 5256 1939 5309 intenderunt

368 5354 566 5402 arcum,
610 5352 926 5408 paraverunt
960 5345 1179 5412 sagittas
1212 5344 1264 5397 in
1288 5345 1560 5412 pharetra,
1596 5360 1648 5400 ut
1690 5349 1940 5417 sagittcnt

367 5429 422 5486 t'u
444 5431 662 5484 obscuro
689 5443 853 5485 rectos
875 5435 1047 5487 corde.
1089 5434 1238 5489 Unde
1266 5447 1508 5504 apparet,
1545 5439 1688 5504 quod
1720 5454 1813 5492 cor
1832 5439 1933 5490 im-

367 5523 439 5589 pii
490 5525 754 5593 rcpletum
784 5536 866 5579 est
895 5527 1039 5580 velut
1083 5530 1336 5596 pharetra
1387 5531 1601 5598 sagittis
1630 5532 1930 5585 venenatis.

371 5619 509 5670 Sunt
536 5631 667 5686 ergo
707 5618 917 5686 sagittae
950 5618 1260 5688 impiorum,
1301 5621 1530 5675 consi‘ia
1563 5630 1617 5673 ct
1651 5621 1934 5689 cogitatio-

1449 5798 1488 5826 ¹⁰
1523 5797 1686 5851 Exod.
1719 5814 1826 5852 XIV.

435 5797 460 5833 ε
485 5793 500 5852 ι
528 5794 648 5849 Cor.
688 5812 768 5856 ιιι,
808 5797 891 5850 13.
969 5799 988 5827 θ
1017 5795 1117 5850 Ιελ.
1142 5811 1288 5862 mu,
1315 5803 1367 5848 ιε.

1909 5799 1946 5829 ⁸³
1971 5799 2107 5853 Ρ5;ι1.
2153 5816 2203 5862 x,
2235 5801 2286 5852 3.

2061 1985 2115 2028 ιιι
2146 1991 2243 2031 nos
2274 1977 2340 2028 ab
2382 1976 2596 2029 illorum
2637 1977 2952 2030 vulneribus
3000 1975 3370 2040 defendamus,
3404 1984 3457 2028 et
3487 1976 3632 2028 omni

2057 2062 2300 2116 custodia
2333 2079 2612 2116 servemus
2634 2079 2727 2117 cor
2769 2073 3035 2116 nostrum.

2127 2156 2179 2207 5.
2219 2154 2350 2208 Volo
2373 2154 2534 2208 etiam
2576 2155 2808 2223 amplius
2830 2155 3030 2223 aliquid
3065 2155 3114 2206 in
3151 2155 3233 2206 bis
3272 2155 3400 2208 locis
3426 2154 3632 2223 positus

2057 2247 2289 2316 aperire,
2333 2262 2400 2300 nc
2447 2262 2660 2315 semper
2703 2246 2768 2299 de
2797 2245 3151 2299 inferioribus
3189 2245 3379 2313 loquar
3419 2247 3484 2297 ad
3519 2261 3630 2310 vos,

2056 2337 2146 2388 sed
2185 2335 2474 2403 aliquando
2524 2336 2772 2405 quoniam
2807 2335 2970 2386 etiam
3015 2334 3292 2402 superiora
3335 2333 3632 2401 pulsemus.

2056 2429 2353 2482 Considcro
2384 2442 2534 2496 ergo,
2571 2427 2694 2494 quia
2727 2426 2863 2480 sicut
2906 2424 3154 2480 Salvator
3181 2425 3377 2493 sagitta
3408 2435 3488 2478 est
3516 2424 3629 2489 Dei,

2057 2519 2200 2573 sicut
2249 2519 2512 2586 scriptum
2571 2529 2652 2572 cst
2693 2518 2735 2548 “
2779 2534 2793 2570 :
2853 2514 3038 2570 Posuit
3081 2534 3160 2569 me
3211 2518 3343 2568 sicut
3384 2519 3633 2583 sagittam

2056 2611 2313 2675 electam;
2348 2611 2464 2664 sine
2517 2609 2678 2663 dubio
2727 2621 2908 2663 autem
2958 2609 3123 2662 simili
3175 2607 3422 2675 exemplo
3467 2608 3631 2659 etiam

2056 2701 2268 2773 Moyses
2298 2702 2349 2755 in
2379 2717 2483 2770 quo
2511 2702 2722 2756 locutus
2754 2713 2838 2756 est
2873 2701 3037 2765 Deus,
3073 2701 3272 2771 sagitta
3304 2701 3393 2755 Dei
3421 2713 3503 2754 est
3531 2715 3546 2753 :
3579 2712 3633 2753 et

2057 2796 2236 2850 caeteri
2264 2795 2538 2864 prophetae
2565 2803 2619 2848 et
2651 2793 2877 2862 apostoli
2910 2793 3135 2858 Christi,
3169 2793 3220 2845 iu
3254 2792 3450 2858 quibus
3483 2792 3637 2846 Chri-

2040 2869 2172 2939 'stus
2204 2886 2314 2951 ipse
2359 2885 2703 2953 loquebatur,
2740 2893 2949 2936 certum
2981 2893 3064 2936 cst
3102 2882 3228 2950 quia
3261 2898 3355 2950 per
3377 2883 3632 2950 sagittam

2056 2973 2150 3027 Dei
2182 2974 2542 3027 vulnerabant
2587 2987 2682 3026 eos
2730 2982 2784 3026 et
2825 2972 3263 3039 compungcbaut
3297 2985 3391 3024 cor
3419 2986 3632 3035 eorum,

2053 3065 2250 3137 quibus
2273 3078 2576 3118 sermonem
2611 3063 2702 3116 Dei
2744 3062 3128 3130 loquebantur,
3163 3061 3231 3114 ita
3262 3071 3320 3113 ut
3343 3061 3394 3114 bi
3435 3061 3526 3128 qui
3568 3062 3634 3112 ab

2059 3153 2189 3222 ipsis
2237 3154 2532 3207 audiebant
2579 3165 2885 3205 sermonem
2941 3151 3055 3215 Dei,
3103 3151 3346 3203 dicereut
3391 3150 3453 3215 ¹³,
3505 3151 3630 3216 quia

2049 3243 2325 3298 Vulnerata
2363 3244 2617 3297 c/utritatc
2661 3260 2751 3312 ego
2783 3259 2932 3307 sum;
2977 3243 3057 3295 sic
3092 3257 3281 3295 rursus
3320 3247 3632 3296 econtrario

2057 3337 2329 3405 quomodo
2359 3336 2608 3390 Christus
2641 3347 2719 3389 est
2754 3335 2922 3389 electa
2956 3334 3155 3404 sagitta
3193 3334 3308 3399 Dei,
3335 3334 3412 3387 sic
3441 3343 3493 3386 et
3516 3333 3628 3387 An-

2055 3429 2337 3483 ticliristns
2357 3429 2554 3498 sagitta
2597 3429 2819 3482 diaboli.
2863 3428 2926 3480 Et
2954 3428 3094 3480 sicut
3118 3441 3310 3481 oumes
3347 3428 3397 3480 in
3432 3427 3630 3494 quibus

2053 3521 2303 3575 Christus
2349 3520 2558 3576 locutus
2593 3531 2700 3582 est,
2732 3521 2811 3574 vel
2853 3521 3112 3590 loquitur,
3160 3521 3454 3574 secundum
3494 3522 3632 3573 hanc

2053 3617 2466 3673 similitudinem
2497 3616 2774 3685 prephctte
2801 3623 2857 3668 et
2881 3615 3109 3682 apostoli
3140 3615 3300 3668 etiam
3336 3613 3436 3682 ipsi
3466 3614 3634 3682 sagit—

2056 3719 2122 3765 ta:
2160 3718 2317 3763 erant
2365 3708 2482 3771 Dei,
2542 3717 2597 3760 et
2645 3707 2952 3774 quicunque
2984 3702 3163 3771 justus
3209 3711 3264 3756 et
3310 3703 3632 3770 prmdicator

2053 3801 2292 3870 loquitur
2319 3799 2541 3852 verbum
2592 3797 2683 3849 Dei
2711 3796 2778 3849 ad
2806 3796 3034 3850 salutem
3077 3793 3353 3848 hominum
3378 3810 3628 3848 consum-

2051 3890 2328 3951 mandam,
2360 3887 2555 3956 sagitta
2599 3886 2690 3938 Dei
2718 3885 2823 3938 dici
2857 3893 3064 3953 potest:
3102 3885 3172 3936 ita
3204 3893 3256 3936 et
3288 3897 3475 3936 onmes
3500 3899 3627 3953 pec-

2049 3987 2262 4032 catores
2293 3979 2343 4030 in
2383 3977 2576 4044 quibus
2607 3973 2853 4028 diabolus
2884 3973 3145 4039 loquitur,
3183 3973 3390 4039 sagittae
3422 3971 3625 4025 diaboli

2048 4068 2150 4122 dici
2203 4075 2444 4134 possunt.
2472 4066 2526 4118 Si
2556 4063 2769 4133 quando
2799 4079 2928 4133 ergo
2963 4073 3014 4117 te
3047 4062 3243 4114 videris
3281 4078 3374 4130 per
3409 4078 3471 4117 es
3497 4077 3628 4130 pec-

2046 4157 2252 4210 catoris
2283 4156 2496 4221 sagittis
2523 4155 2724 4208 diaboli
2769 4154 3063 4218 vulnerari,
3109 4154 3247 4206 illius
3278 4154 3494 4221 quidem
3525 4153 3629 4206 ιιιί-

2047 4263 2228 4302 serere
2258 4249 2347 4316 qtti
2402 4261 2462 4301 se
2492 4248 2554 4300 ad
2596 4248 2700 4301 hoc
2750 4262 2888 4314 Opus
2918 4247 3141 4299 exhibet
3187 4246 3404 4299 diabolo
3459 4244 3624 4298 tnini~

2045 4355 2218 4396 strum
2261 4356 2273 4392 :
2311 4349 2364 4392 tu
2400 4349 2578 4392 autem
2615 4354 2820 4392 memor
2846 4349 2962 4391 esto
2995 4339 3089 4400 tui,
3122 4347 3171 4391 et
3204 4339 3381 4406 arripe
3413 4348 3624 4391 scutum

2049 4433 2193 4497 ﬁdei,
2232 4444 2288 4485 ιιι
2347 4431 2524 4501 possis
2569 4432 2619 4484 in
2665 4432 2781 4499 ipso
2823 4430 3008 4483 omnia
3056 4427 3159 4481 tela
3199 4428 3368 4496 ignita
3405 4427 3625 4494 maligni

1978 4547 2020 4600 ι)
2052 4527 2411 4594 exstinguere.
2447 4523 2559 4575 Non
2596 4521 2767 4576 solum
2798 4530 2976 4572 autem
3009 4519 3058 4570 in
3098 4518 3302 4584 verbis,
3332 4519 3423 4572 sed
3460 4518 3510 4570 in
3541 4517 3625 4568 i'a-

2048 4619 2152 4672 etis
2187 4617 2494 4686 diriguntur
2521 4616 2573 4668 in
2606 4630 2706 4669 nos
2736 4614 2841 4668 tela
2884 4612 3104 4686 diaboli.
3143 4611 3200 4664 Si
3228 4611 3374 4664 enim
3416 4610 3625 4662 videres

2049 4708 2328 4762 mulierem
2373 4709 2710 4762 insidiantem
2750 4707 2864 4770 tibi,
2905 4714 2959 4758 ιιι
2990 4713 3040 4758 te
3071 4703 3327 4772 decipiat,
3363 4716 3541 4780 nonne
3571 4711 3628 4753 et

2047 4797 2405 4861 liteciguitmu
2435 4798 2595 4850 telum
2625 4795 2822 4850 diaboli
2854 4803 2958 4858 est,
2991 4811 3111 4848 cum
3141 4795 3232 4846 tibi
3263 4794 3333 4845 ita
3359 4791 3624 4860 loquitur,

2045 4897 2103 4941 ιιι
2150 4889 2202 4941 in
2246 4898 2298 4942 te
2349 4888 2522 4956 ignem
2571 4886 2813 4940 libidinis
2858 4886 3131 4939 concitet?
3188 4883 3455 4938 Similiter
3493 4895 3547 4937 et
3579 4885 3623 4937 si

2044 4981 2164 5048 quis
2193 4989 2244 5034 te
2278 4981 2458 5033 verbis
2493 4979 2692 5032 amaris
2712 4987 2768 5032 et
2795 4979 3004 5047 asperis
3037 4978 3100 5030 ad
3136 4977 3470 5030 iracundiam
3489 4992 3622 5032 cen-

2041 5069 2189 5130 citet,
2248 5084 2425 5120 nonne
2459 5079 2514 5122 et
2560 5068 2646 5122 hic
2697 5068 2933 5138 ignitum
2971 5068 3212 5138 iaculum
3263 5077 3346 5121 est
3379 5067 3622 5135 maligni,

2039 5175 2148 5229 quo
2184 5159 2542 5214 inilannnaris
2576 5168 2630 5214 et.
2661 5161 2967 5213 incenderis
3007 5161 3074 5212 ad
3118 5159 3398 5213 furorem?
3425 5160 3529 5213 Sed
3571 5171 3627 5217 et

2039 5251 2081 5304 si
2105 5252 2226 5320 quis
2254 5254 2304 5304 in
2332 5252 2476 5304 aliud
2499 5268 2714 5321 quoque
2756 5264 2806 5306 te
2831 5262 3092 5322 provocat
3120 5236 3445 5321 efinstigat,
3481 5253 3622 5317 quod

2043 5350 2096 5397 tu
2131 5345 2475 5410 impatienter
2501 5345 2684 5398 ferens
2713 5343 2766 5396 in
2791 5352 3077 5412 peccatum
3104 5340 3350 5404 decidas,
3384 5339 3625 5407 intelligo

2045 5433 2380 5502 diligentius,
2411 5445 2463 5488 et
2501 5435 2722 5488 adverte
2757 5434 2853 5487 hos
2883 5447 3072 5488 omnes
3097 5431 3277 5498 jacula
3312 5445 3430 5484 esse
3465 5429 3620 5482 mali-

2043 5527 2129 5595 gni
2158 5527 2344 5592 ignita,
2383 5528 2574 5594 quibus
2611 5536 2788 5580 rectos
2825 5524 2990 5580 corde
3037 5523 3352 5588 inﬂammet,
3378 5521 3625 5576 vulneret

2044 5619 2110 5670 ad
2138 5630 2439 5688 peccatum.
2475 5619 2578 5673 Sed
2607 5619 2750 5688 quod
2781 5629 2865 5672 est
2898 5614 3192 5680 infelicius,
3224 5630 3422 5683 paucas
3469 5613 3623 5670 video

2372 5801 2410 5827 ¹²
2452 5798 2549 5849 lsa.
2577 5813 2722 5860 utr,
2753 5795 2805 5850 2.
2884 5795 2924 5824 ⁸³
2957 5796 3115 5848 Cant.
3157 5809 3207 5856 v,
3235 5791 3286 5845 5.
