4110 6404
569 351 708 409 1559

1987 367 2074 421 EX
2111 367 2417 426 ORIGENE

3706 392 3839 447 lJiO

564 469 796 539 sagittas
829 468 943 533 Dei,
976 469 1130 538 pauci
1158 480 1288 525 sunt
1313 474 1406 542 qui
1443 475 1513 529 ita
1542 476 1838 548 loquuntur
1866 492 1924 537 ut
1951 485 2156 538 inflam-
2187 492 2230 545 A
2261 488 2441 545 vitalis
2463 491 2729 547 abscedit.
2769 493 2833 547 Et
2867 495 2911 549 si
2943 497 3101 551 audis
3138 498 3246 554 dici
3285 498 3337 554 in
3364 499 3564 556 Genesi
3604 504 3670 567 ",
3712 508 3837 571 quia

565 572 717 615 ment
761 576 857 615 cor
894 561 1190 629 auditoris,
1231 574 1287 619 et
1312 566 1639 625 abstraham
1673 587 1797 627 eum
1839 590 1867 628 a
1900 588 2141 643 peccato,

562 662 619 706 et
641 661 994 707 convertatur
1021 654 1088 708 ad
1119 657 1519 724 paenitentiam.
1554 662 1719 719 Pauci
1747 666 1820 720 ita
1852 668 2145 738 loquuntur

563 744 656 811 qui
685 743 948 797 auditoris
986 746 1155 800 corde
1197 763 1461 816 percusso
1498 754 1720 810 eliciant
1761 773 1825 811 ex
1855 760 2015 816 oculo
2067 762 2144 816 la-

560 849 805 904 crymam
828 838 1188 903 paenitentiae,
1216 842 1308 909 qui
1350 845 1656 913 aperientes
1684 848 1879 906 futurae
1909 855 2022 922 spei
2062 855 2144 908 lu-

562 939 685 978 men
724 934 779 979 et
827 929 1256 997 magnitudinem
1287 931 1449 989 futuri
1488 938 1690 1004 seculi,
1738 956 1802 996 ac
1852 945 2002 1014 regni
2048 947 2138 1001 Dei

558 1023 784 1089 gloriam
837 1035 1205 1091 protestantes
1257 1031 1489 1087 suadere
1544 1039 1755 1103 possint
1804 1039 2135 1107 hominibus,

559 1127 680 1179 qtae
735 1115 989 1170 videntur
1034 1128 1403 1189 contemnere,
1466 1134 1519 1178 et
1578 1138 1833 1197 expetere
1878 1148 1998 1200 qua:
2030 1150 2136 1189 non

559 1202 829 1269 videntur,
887 1221 1145 1274 spernere
1196 1226 1315 1281 quae
1362 1217 1676 1284 temporalia
1735 1231 1881 1289 sunt,
1918 1232 1973 1277 et
2021 1241 2140 1296 qnze

558 1301 760 1346 aeterna
802 1306 931 1349 sunt
977 1314 1242 1367 quaerere.
1288 1303 1550 1375 Perpauci
1580 1320 1704 1363 sunt
1739 1314 1888 1378 tales,
1919 1326 1972 1371 et
2014 1319 2133 1387 ipsi,

558 1384 602 1438 si
658 1386 752 1454 qui
794 1399 944 1455 sunt,
999 1394 1153 1458 pauci
1187 1409 1200 1445 :
1233 1410 1328 1463 per
1376 1398 1630 1452 invidiam
1679 1413 1731 1457 et
1781 1384 2133 1465 livorem—ita

554 1478 735 1541 agitur
763 1494 829 1532 ne
867 1482 1088 1537 omnino
1149 1487 1231 1539 vel
1294 1491 1447 1556 pauci
1504 1494 1632 1557 sint,
1665 1510 1732 1549 ne
1766 1498 1849 1551 vel
1880 1502 2135 1567 prodesse

557 1567 832 1635 aliquibus
889 1574 1121 1640 possint.
1177 1576 1401 1646 Sagittae
1451 1595 1630 1639 autem
1700 1588 1895 1643 diaboli
1959 1596 2137 1649 omni-

558 1660 662 1714 bus
731 1663 787 1716 in
853 1664 986 1720 locis
1056 1668 1354 1737 abundant,
1420 1678 1600 1732 omnis
1655 1688 1798 1734 terra
1854 1683 1983 1753 ipsis
2046 1704 2133 1743 re-

551 1752 691 1818 pleta
756 1765 856 1813 est.
902 1758 1089 1827 Populi
1141 1764 1291 1819 orbis
1348 1768 1604 1826 militaris
1652 1790 1845 1831 manus
1878 1752 2130 1837 maxima

2244 578 2563 651 Sanguinem
2593 585 2895 639 animarum
2933 598 3223 643 vestrarum
3263 595 3539 661 exquiram
3582 595 3648 647 ab
3692 600 3837 650 omni

2253 670 2419 737 fratre
2442 681 2488 725 et
2515 673 2578 726 ab
2607 676 2748 727 omni
2776 676 2962 743 bestia,
2988 693 3092 731 non
3124 689 3283 748 putes
3319 681 3443 749 quia
3483 682 3550 737 de
3578 683 3679 741 hoc
3701 700 3834 741 san-

2251 762 2413 831 guine
2449 779 2779 835 magnopere
2818 769 3097 838 praecipiat
3147 772 3441 840 corporali,
3468 784 3729 842 quantum
3766 778 3833 832 de

2252 852 2528 909 interioris
2565 858 2804 912 hominis
2842 862 3136 930 sanguine,
3186 863 3236 915 id
3268 874 3350 917 est
3391 864 3463 918 de
3491 864 3600 918 vita
3635 867 3833 921 anima:

2248 954 2303 999 et
2323 946 2585 1013 sanguine
2608 949 2897 1017 spirituali.
2928 949 3292 1007 Scandalizati
3315 954 3459 1007 enim
3492 955 3688 1009 animat
3704 971 3828 1010 san-

2248 1037 2365 1106 guis
2382 1036 2643 1093 effunditu
2653 1054 2695 1107 r,
2710 1056 2833 1096 cum
2850 1044 3112 1097 ceciderit
3129 1046 3180 1097 in
3204 1054 3508 1113 peceatum,
3521 1056 3571 1100 et
3592 1057 3831 1116 propter-

2247 1143 2311 1183 ea
2364 1129 2521 1195 dixit,
2550 1132 2678 1201 quia
2720 1136 3019 1204 requiritur
3052 1137 3272 1207 sanguis
3303 1137 3421 1205 eius
3455 1150 3483 1189 a
3518 1136 3704 1192 fratre.
3763 1139 3830 1193 Et

2246 1233 2415 1287 quare
2440 1223 2603 1275 etiam
2635 1239 2665 1276 a
2688 1224 2883 1278 bestia.
2919 1226 2976 1280 Si
3011 1228 3182 1282 fidelis
3205 1237 3287 1282 est
3316 1229 3406 1297 qui
3427 1238 3479 1283 te
3502 1231 3826 1285 scandaliza-

2247 1312 2344 1376 vit,
2374 1313 2545 1367 frater
2573 1324 2678 1380 est,
2721 1330 2752 1367 a
2783 1331 2892 1384 quo
2923 1318 3282 1386 requirendus
3308 1327 3392 1372 est
3416 1320 3637 1387 sanguis
3679 1327 3823 1376 tuus.

2245 1403 2437 1457 Frater
2460 1404 2605 1457 enim
2648 1415 2773 1459 tuus
2795 1418 2898 1471 est,
2929 1409 3020 1476 qui
3055 1408 3188 1461 fudit
3217 1409 3536 1478 sanguinem
3572 1420 3745 1477 tuum,
3768 1422 3824 1467 et

2246 1492 2364 1547 ideo
2381 1494 2582 1549 dictum
2601 1504 2703 1559 est,
2724 1494 2796 1548 De
2808 1512 2967 1551 manu
2989 1498 3170 1566 fratris
3202 1501 3465 1570 requiram
3491 1502 3823 1571 sanguinem.

2242 1583 2383 1637 Cum
2401 1600 2530 1641 vero
2552 1588 2823 1641 contraria
2848 1598 3088 1656 potestas
3104 1590 3216 1645 fera
3236 1601 3289 1644 et
3320 1606 3550 1660 nequam
3570 1602 3825 1662 perurget

2244 1678 2540 1747 hominem,
2584 1690 2639 1734 et
2681 1682 2913 1736 inﬁdelis
2962 1693 3047 1738 est
3088 1698 3185 1751 per
3227 1701 3390 1755 quem
3435 1686 3739 1751 insidiatur,
3774 1687 3822 1739 si

2244 1770 2481 1840 potuerit
2543 1772 2772 1827 fundere
2833 1772 3149 1842 sanguinem
3212 1778 3407 1831 anima:
3452 1787 3575 1841 tute,
3634 1778 3687 1831 id
3737 1786 3825 1832 est

546 1856 613 1896 ex
650 1859 801 1912 parte
851 1851 1063 1919 sagittae
1092 1865 1219 1909 sunt
1269 1860 1511 1930 maligni,
1545 1866 1751 1921 utinam
1793 1871 1863 1925 ibi
1903 1881 2127 1927 tantum-

2240 1861 2476 1930 dejicere
2497 1872 2550 1917 te
2576 1864 2629 1917 in
2662 1874 2967 1933 peceatum,
3001 1866 3173 1922 bestia
3208 1878 3291 1922 est
3312 1884 3408 1938 per
3431 1884 3593 1938 quam
3621 1870 3818 1939 exqui-

551 1943 734 2005 ntodo,
781 1952 945 2011 atque
990 1945 1043 1999 in
1088 1946 1193 2003 illis
1234 1954 1556 2018 praevaleret
1610 1959 1879 2027 inimicus,
1929 1973 1987 2019 ut
2014 1966 2134 2023 illos

542 2030 705 2101 665
745 2034 889 2089 solos
928 2037 1153 2091 haberet
1191 2043 1441 2112 sagittas.
1499 2046 1659 2104 Nunc
1708 2062 1891 2108 autem
1942 2070 2137 2112 vereor

542 2124 708 2177 etiam
766 2140 859 2180 eos
901 2129 992 2197 qui
1048 2131 1196 2188 intus
1248 2124 1397 2203 sunt,
1444 2148 1497 2194 et
1543 2142 1809 2212 meipsnm
1844 2161 2035 2203 vereor
2067 2165 2134 2205 ne

545 2214 689 2271 forte
716 2217 965 2275 diabolus
999 2222 1233 2279 adducat
1285 2242 1371 2282 me
1417 2230 1471 2284 in
1522 2233 1739 2303 aliquod
1792 2238 2129 2306 scandalum,

545 2312 602 2357 ct
646 2314 832 2361 utatur
878 2324 964 2363 me
1009 2313 1205 2381 sagitta
1268 2318 1531 2375 adversus
1579 2324 1816 2380 animam
1848 2327 2127 2387 hominis:

541 2394 671 2461 quia
696 2398 788 2464 qui
818 2400 1277 2460 scandalizaverit
1300 2406 1535 2478 aliquem
1571 2414 1687 2468 sive
1719 2416 1772 2468 in
1803 2420 1990 2486 verbo,
2018 2423 2132 2479 sive

540 2484 593 2537 in
626 2484 793 2549 facto,
820 2487 926 2543 iste
954 2491 1030 2546 illi
1063 2495 1260 2551 animae
1294 2513 1454 2566 quam
1498 2505 1897 2563 scandalizavit
1933 2484 2129 2583 sagitta

536 2578 755 2633 exstitit
808 2590 866 2636 et
912 2581 1159 2650 jaculum
1209 2589 1432 2645 diaboli.
1484 2594 1546 2649 Et
1599 2597 1717 2653 vide
1762 2602 1890 2670 quid
1935 2578 2131 2662 accidit

540 2670 696 2726 nobis
729 2672 1025 2734 infelicius.
1070 2678 1342 2736 Interdum
1378 2700 1476 2741 nos
1510 2699 1766 2757 putamus
1815 2694 1998 2753 dicere
2029 2700 2127 2754 ad,

537 2774 729 2819 versus
757 2763 1013 2835 aliquem,
1059 2779 1116 2825 et
1163 2772 1379 2829 incaute
1438 2778 1774 2847 proferimus
1821 2801 2125 2860 sermones,

537 2853 663 2907 dum
701 2858 1102 2916 contentiosius
1151 2865 1381 2934 agimus,
1442 2877 1495 2922 et
1545 2872 1892 2940 quibuslibet
1950 2853 2129 2938 verbis

534 2946 753 3003 vincere
784 2952 1096 3020 studemus,
1141 2965 1268 3012 tunc
1300 2958 1552 3017 diabolus
1596 2979 1693 3018 ore
1733 2978 1922 3023 nostro
1958 2975 2131 3027 utitur

537 3039 683 3093 velut
710 3055 863 3107 arcu,
914 3058 1014 3114 per
1064 3062 1226 3115 quem
1289 3053 1521 3122 sagittas
1561 3055 1763 3125 dirigat
1807 3068 1864 3114 et
1911 3062 2132 3131 sagittet

535 3142 717 3187 rectos
766 3138 952 3202 corde,
1015 3153 1109 3194 eos
1171 3142 1424 3198 videlicet
1482 3145 1577 3214 qui
1628 3162 1725 3202 nos
1780 3151 2008 3207 audiunt
2062 3169 2125 3208 ea

534 3223 841 3297 loquentes,
880 3230 931 3284 in
965 3233 1161 3301 quibus
1195 3238 1515 3292 scandalum
1549 3242 1858 3309 patiuntur.
1895 3245 1960 3299 Et
1985 3246 2127 3302 sicut

532 3317 673 3372 lieus
703 3321 882 3388 posuit
910 3338 1094 3377 arcum
1130 3325 1181 3376 in
1216 3328 1452 3383 nubibus
1491 3344 1559 3385 ne
1605 3332 1703 3386 fiat
1734 3334 1995 3389 diluvium
2023 3377 2037 3402 ,
2070 3345 2127 3391 et

533 3414 597 3458 ut
649 3415 943 3476 tempestas
994 3413 1210 3468 desinat
1263 3416 1351 3471 ιιι
1391 3419 1462 3473 ita
1523 3424 1835 3479 econtrario
1878 3424 2125 3481 diabolus

529 3501 684 3567 ponit
713 3517 899 3556 arcum
942 3519 1049 3558 non
1086 3515 1144 3559 ut
1189 3523 1411 3565 cessare
1444 3510 1630 3577 faciat,
1677 3516 1772 3570 sed
1818 3524 1875 3570 ut
1900 3518 2126 3573 suscitet

530 3600 912 3660 tempestates,
944 3604 1003 3647 ιιι
1037 3599 1387 3654 serenitatem
1421 3606 1709 3659 conturbet
1736 3608 1788 3660 in
1828 3609 2034 3671 anima,
2068 3618 2127 3663 ut

532 3694 720 3746 pacem
747 3683 1006 3751 depellat,
1038 3694 1095 3738 ut
1125 3687 1265 3741 bella
1298 3703 1666 3758 commoveat,
1698 3706 1751 3750 et
1785 3706 1845 3751 ut
1879 3700 2123 3757 turbines

532 3771 737 3827 excitet
791 3788 856 3828 ac
909 3778 1199 3843 procellas.
1249 3778 1385 3835 Cum
1442 3784 1587 3839 enim
1620 3787 1824 3844 videris
1882 3790 2121 3860 aliquem

533 3862 677 3920 vitiis
712 3876 764 3921 et
792 3866 1136 3936 passionibus
1173 3872 1439 3944 agitatum
1470 3875 1765 3935 circumire
1820 3891 1872 3938 et
1909 3894 2123 3953 pertur-

531 3963 663 4012 nare
687 3958 889 4026 omnia,
931 3961 1055 4016 nolo
1096 3963 1309 4021 dubites
1349 3967 1495 4035 quod
1536 3966 1626 4025 ille
1673 3972 1871 4041 sagitta
1917 3975 2120 4031 diaboli

533 4057 638 4113 est,
694 4058 751 4105 et
803 4065 867 4106 os
918 4050 1036 4121 ejus
1086 4058 1269 4123 posuit
1313 4070 1502 4112 arcum
1546 4075 1727 4130 suum,
1789 4073 1845 4121 et
1897 4068 2126 4123 tetendit

532 4140 762 4209 sagittas
788 4144 952 4199 verba
995 4145 1112 4213 ejus
1148 4157 1208 4202 ut
1242 4149 1506 4218 sagittent
1549 4162 1728 4209 rectos
1778 4157 1964 4212 corde.
2016 4158 2123 4215 Sed

529 4233 623 4302 qui
676 4235 872 4290 muniti
924 4248 1051 4293 sunt
1098 4240 1272 4296 armis
1327 4240 1442 4303 Dei.
1500 4244 1569 4299 ab
1626 4246 1711 4302 bis
1758 4248 1957 4304 talibus
2014 4266 2121 4306 non

532 4336 830 4396 potuerunt
858 4329 1153 4387 vulnerari.

597 4418 653 4472 4.
677 4418 830 4485 Quod
859 4430 1039 4477 autem
1074 4425 1283 4480 addidit
1306 4437 1360 4479 ut
1389 4429 1657 4483 trucident
1676 4441 1844 4485 rectos
1870 4437 2028 4489 corde
2056 4438 2120 4504 “’,

2238 1952 2312 2006 rit
2383 1954 2649 2010 Dominus
2692 1958 3015 2025 sanguinem
3076 1967 3252 2013 tuum.
3307 1958 3417 2014 Sed
3465 1969 3522 2013 et
3565 1960 3820 2014 Ezechiel

2238 2045 2500 2114 propheta
2527 2060 2650 2100 cum
2681 2046 2813 2102 dicit
2838 2048 3236 2118 speculatorem
3267 2065 3327 2105 se
3362 2042 3599 2120 positum
3631 2052 3816 2106 domui

2237 2137 2402 2193 Israel
2438 2138 2504 2203 ’⁸,
2531 2139 2620 2207 qui
2661 2141 2706 2194 si
2750 2141 3160 2196 annuntiaverit
3205 2143 3539 2211 rompiueam
3587 2143 3808 2197 venien-

2238 2237 2366 2297 tem,
2420 2245 2540 2285 reus
2573 2245 2677 2285 non
2712 2231 2806 2285 fiat
2838 2235 3151 2303 sanguinis,
3203 2235 3247 2288 si
3297 2249 3403 2288 non
3454 2234 3813 2299 nuntiaverit,

2236 2337 2361 2377 reus
2388 2324 2462 2377 sit
2493 2323 2813 2394 sanguinis;
2858 2332 2914 2378 et
2960 2324 3015 2378 in
3050 2325 3166 2395 lege
3194 2340 3321 2380 cum
3354 2327 3580 2391 dicitur,
3622 2327 3667 2380 si
3701 2327 3816 2380 haec

2234 2424 2285 2467 et
2313 2414 2427 2469 haec
2458 2413 2673 2480 fecerit,
2701 2415 2963 2471 innocens
2984 2418 3094 2471 erit
3125 2433 3151 2469 ιι
3182 2418 3450 2487 sanguine
3476 2434 3491 2482 ;
3517 2417 3634 2472 sine
3654 2417 3816 2471 dubio

2234 2506 2401 2559 etiam
2433 2506 2526 2561 hic
2551 2506 2746 2560 anima:
2792 2509 3113 2577 sanguinem
3146 2509 3417 2575 designat,
3465 2510 3555 2577 qui
3587 2505 3815 2562 effundi-

2233 2604 2320 2649 tur
2352 2610 2449 2664 per
2479 2606 2786 2665 peccatum.
2816 2596 3108 2665 Propterea
3141 2613 3273 2667 ergo
3297 2599 3585 2652 timeamus
3604 2612 3814 2660 omnes,

2234 2700 2301 2740 ne
2332 2686 2472 2741 forte
2501 2684 2722 2756 sanguis
2762 2686 2994 2755 alicujus
3037 2686 3129 2755 qui
3164 2688 3587 2751 scandalizatur,
3631 2690 3821 2757 requi-

2234 2786 2384 2829 ratur
2411 2790 2441 2829 a
2477 2776 2657 2839 nobis;
2696 2776 2840 2831 sicut
2892 2779 3160 2847 propheta
3195 2776 3463 2845 designat.
3501 2774 3624 2829 Haec
3651 2790 3810 2844 opor-

2234 2869 2338 2922 tuit
2366 2878 2466 2923 nos
2492 2877 2758 2938 repetere,
2783 2880 2843 2924 ut
2865 2867 3077 2939 plenius
3101 2867 3516 2923 ostenderemus
3539 2868 3808 2935 quomodo

2232 2963 2469 3033 gladium
2528 2963 2955 3031 evaginaverunt
3010 2969 3326 3031 peccatores
3370 2969 3427 3014 et
3467 2959 3809 3014 tetenderunt

2232 3068 2420 3109 arcum
2454 3066 2634 3120 suum,
2667 3063 2721 3108 et
2750 3053 2872 3123 quis
2905 3063 3047 3107 esset
3081 3065 3284 3121 pauper
3306 3064 3467 3121 quem
3490 3050 3812 3120 dejicerent,

2233 3154 2287 3201 et
2318 3145 2588 3216 quomodo
2625 3145 2970 3198 trucidantur
3019 3144 3151 3197 recti
3208 3143 3409 3207 corde,
3445 3142 3527 3196 vel
3571 3142 3696 3211 quis
3730 3150 3815 3197 est

2232 3236 2453 3303 sanguis
2485 3248 2675 3287 eorum
2706 3234 2797 3303 qui
2827 3228 3144 3288 effunditur.

2299 3324 2352 3376 5.
2395 3321 2549 3376 Nunc
2578 3333 2760 3377 autem
2798 3323 3083 3377 videamus
3128 3320 3260 3391 quid
3301 3323 3372 3375 sit
3404 3322 3527 3377 istis
3555 3333 3812 3392 peceato-

2230 3413 2380 3467 ribus
2426 3413 2515 3482 qui
2571 3413 2686 3467 haec
2719 3411 2946 3475 faciunt,
2984 3413 3038 3465 id
3090 3422 3177 3467 est
3229 3414 3321 3481 qui
3380 3413 3560 3482 gladio
3611 3414 3813 3467 diaboli

2229 3513 2460 3557 utuntur
2524 3512 2576 3555 et
2607 3503 2806 3570 jaculis
2857 3502 3105 3572 maligni,
3164 3505 3297 3573 quid
3346 3502 3414 3559 de
3473 3504 3558 3559 his
3594 3518 3810 3559 rursum

2229 3594 2362 3649 dicit
2386 3608 2568 3647 sermo
2601 3593 2815 3647 divinus
2853 3608 2867 3643 :
2910 3590 3161 3659 Framea,
3196 3595 3408 3664 inquit,
3440 3611 3623 3650 eorum
3653 3596 3810 3650 intret

2230 3686 2284 3736 in
2317 3701 2408 3737 cor
2445 3699 2652 3748 eorum,
2694 3694 2741 3737 et
2784 3700 2939 3738 arcus
2976 3700 3156 3739 eorum
3206 3698 3530 3743 conteratur.
3578 3687 3620 3742 F
3627 3700 3812 3743 ramea

2229 3790 2397 3842 genus
2422 3774 2509 3829 teli
2543 3783 2647 3840 est,
2679 3775 2781 3828 hoc
2825 3775 3045 3829 nomine
3075 3786 3471 3845 nuncupatum.
3512 3777 3811 3833 Sermones

2229 3865 2394 3937 igitur
2421 3867 2531 3929 isti,
2572 3881 2712 3935 quos
2743 3866 3046 3934 inspirante
3075 3867 3289 3921 diabolo
3330 3867 3497 3937 iniqui
3528 3878 3582 3922 et
3614 3882 3810 3937 pecca-

2228 3968 2371 4013 tores
2402 3958 2706 4028 proferunl,
2743 3959 2937 4030 inquit,
2986 3961 3247 4014 adversus
3284 3959 3515 4027 justum,
3551 3970 3609 4016 ut
3639 3964 3807 4017 truci-

2223 4051 2355 4107 dent
2397 4060 2577 4106 rectos
2620 4051 2809 4116 corde,
2868 4059 3260 4105 convertentur
3315 4050 3603 4104 adversum
3658 4052 3807 4120 ipsos

2223 4145 2439 4213 quieos
2467 4141 2766 4213 proferunt,
2816 4150 2874 4197 ut
2900 4142 3027 4195 illuc
3065 4145 3290 4196 redeant
3338 4141 3480 4203 unde
3520 4156 3805 4209 processe-

2223 4246 2363 4289 rant.
2399 4235 2551 4289 Sicut
2580 4234 2723 4288 enim
2756 4233 2958 4288 dicitur
3001 4232 3068 4285 ad
3103 4232 3282 4301 justos
3311 4242 3365 4285 et
3412 4243 3632 4289 sanctos
3676 4248 3807 4303 apo—

2220 4329 2393 4384 stolos
2420 4344 2449 4382 a
2482 4328 2709 4382 Domino
2736 4326 2781 4358 ²⁰
2818 4343 2831 4378 :
2869 4324 2937 4379 In
2966 4341 3330 4393 quamcunque
3378 4329 3591 4379 domum
3634 4326 3808 4379 intra-

2220 4420 2425 4483 veritis,
2464 4418 2668 4472 dicite:
2701 4414 2817 4469 Pax
2878 4416 3003 4469 huic
3059 4416 3281 4482 domui;
3332 4427 3378 4470 et
3424 4418 3471 4470 si
3523 4416 3684 4485 fuerit
3735 4416 3807 4469 ibi

527 4525 655 4565 cum
696 4512 951 4582 superius
977 4516 1230 4581 dixisset,
1268 4528 1324 4570 ut
1359 4520 1614 4588 dejiciant
1651 4522 1857 4591 inopem
1898 4535 1947 4579 et
1982 4544 2119 4595 pau—

2234 4512 2370 4573 ﬁlius
2391 4513 2561 4581 pacis,
2588 4526 2695 4579 pax
2732 4519 2902 4563 vestra
2936 4508 3100 4562 veniet
3133 4524 3291 4578 super
3325 4524 3476 4574 eum;
3502 4508 3581 4562 sin
3609 4509 3804 4569 minus,

525 4620 724 4673 peram,
765 4604 949 4671 iunxit
990 4609 1324 4677 pauperibus
1362 4622 1541 4666 rectos
1571 4615 1782 4670 corde:
1813 4632 1948 4685 quos
1987 4630 2117 4690 puto

528 4696 657 4764 quia
687 4697 946 4752 similiter
980 4699 1144 4753 etiam
1176 4700 1443 4757 Dominus
1478 4704 1781 4775 eonjungat
1833 4708 1883 4762 in
1932 4710 2116 4766 Evan-

539 4786 703 4856 geliis
735 4788 816 4855 ";
842 4788 933 4844 ubi
964 4789 1111 4844 enim
1143 4790 1275 4845 dicit
1312 4792 1501 4847 beatos
1536 4810 1822 4866 pauperes,
1853 4798 1920 4853 ibi
1952 4803 2113 4857 etiam

527 4875 810 4938 beatificat
836 4878 1070 4934 mundos
1097 4880 1284 4947 corde,
1317 4889 1373 4936 et
1407 4882 1540 4938 nihil
1572 4884 1839 4943 interesse
1870 4890 2114 4947 arbitror

530 4968 676 5028 inter
709 4970 940 5026 mundos
986 4972 1149 5027 corde
1179 4981 1236 5027 et
1279 4982 1459 5029 rectos
1499 4976 1686 5031 corde.
1737 4977 2113 5039 Trueitlantur

526 5069 707 5117 autem
752 5062 857 5117 hoc
891 5064 1072 5119 modo.
1112 5065 1168 5119 Si
1207 5064 1327 5134 quis
1369 5066 1602 5137 simplici
1649 5078 1827 5126 mente
1866 5089 1930 5128 ac
1973 5077 2118 5133 desi-

527 5153 678 5210 derio
699 5155 883 5209 veniat
916 5156 982 5211 ad
1012 5157 1307 5214 Ecclesiam
1337 5168 1396 5215 ut
1440 5160 1708 5228 proficiat,
1743 5172 1801 5218 ut
1832 5167 2021 5223 melior
2058 5185 2119 5227 se

529 5248 650 5312 fiat,
688 5247 791 5304 iste
842 5248 887 5303 si
936 5250 1122 5305 videat
1154 5267 1254 5308 nos
1291 5254 1381 5322 qui
1428 5253 1595 5309 multo
1619 5253 1730 5323 jam
1770 5266 2011 5329 tempore
2061 5263 2114 5318 in

528 5339 641 5396 fide
673 5340 945 5406 stetimus,
978 5343 1062 5398 vel
1093 5358 1200 5398 non
1233 5354 1381 5399 recte
1407 5355 1655 5415 agentes,
1683 5349 1765 5401 vel
1797 5365 1919 5405 cum
1947 5351 2114 5408 offen-

529 5429 715 5489 diculo
745 5429 1053 5501 loquentes,
1087 5431 1354 5489 efficimur
1398 5434 1472 5489 illi
1515 5450 1610 5490 nos
1657 5434 1837 5507 lapsus
1877 5441 1944 5494 ad
1989 5457 2116 5511 pec-

530 5527 740 5575 catum.
776 5521 911 5578 Cum
944 5533 1126 5579 autem
1159 5527 1510 5594 peccaverit,
1552 5528 1855 5585 trucidatus
1888 5542 2007 5599 est,
2065 5542 2120 5588 et

533 5611 753 5679 sanguis
802 5613 997 5669 anima:
1035 5616 1151 5682 ejus
1191 5616 1431 5686 profluit,
1485 5619 1663 5673 omnis
1714 5622 1781 5675 ab
1829 5637 1894 5677 eo
1952 5625 2122 5681 virtus

610 5722 653 5793 ’ᾗ
691 5723 830 5782 Gen.
870 5742 943 5780 Ix.
1029 5728 1069 5759 ¹¹⁵
1125 5728 1264 5782 Psal.
1318 5746 1503 5791 xxxvi,
1570 5732 1655 5785 ii.
1741 5735 1781 5764 ⁸⁵
1836 5738 2027 5793 Matth.
2070 5754 2121 5792 ι’.

541 5793 580 5830 ⁸ο
622 5791 735 5849 Luc
775 5811 830 5861 χ,
862 5796 915 5851 5.

1029 5728 1069 5759 ¹¹⁵
1125 5728 1264 5782 Psal.
1318 5746 1503 5791 xum,
1570 5732 1655 5785 ii.

994 5798 1035 5827 “
1081 5797 1221 5852 Psal.
1264 5816 1445 5861 χχχιι,
1502 5802 1583 5854 10.

2225 4619 2331 4672 pax
2360 4612 2529 4657 vestra
2562 4603 2631 4655 ad
2670 4617 2761 4656 vos
2792 4606 3110 4662 revertetur;
3149 4599 3229 4654 sic
3268 4611 3326 4654 ct
3363 4599 3450 4654 hic
3496 4596 3805 4654 econtrario

2225 4696 2441 4765 gladius
2469 4696 2758 4765 impiorum
2791 4695 2882 4764 qui
2914 4695 3238 4765 evaginatur
3270 4702 3331 4748 ut
3363 4692 3595 4748 trucidet
3627 4701 3806 4744 rectos

2223 4788 2407 4854 corde,
2461 4787 2660 4842 reverti
2711 4787 2764 4841 in
2796 4786 2943 4854 ipsos
2991 4786 3212 4850 dicitur,
3250 4794 3306 4839 et
3344 4783 3588 4852 demergi
3626 4782 3679 4835 in
3708 4794 3805 4835 cor

2222 4895 2437 4946 eorum,
2468 4890 2631 4951 atque
2653 4892 2814 4935 arcus
2841 4893 3029 4934 eorum
3067 4878 3362 4947 confringi,
3387 4878 3517 4932 dum
3543 4874 3805 4931 Dominus

2212 4974 2295 5030 'de
2323 4974 2535 5031 insidiis
2561 4988 2754 5029 eorum
2785 4972 2980 5028 liberat
3002 4972 3231 5043 justum.

2296 5070 2349 5125 6.
2393 5067 2585 5122 Melius
2615 5075 2689 5121 est
2725 5065 2987 5119 modicum
3018 5064 3167 5133 justo
3193 5076 3352 5133 super
3376 5062 3589 5115 diuitias
3615 5074 3799 5128 pecca-

2226 5173 2401 5217 torum
2427 5160 2621 5215 multas
2646 5161 2712 5212 “.
2738 5158 3047 5213 Secundum
3075 5156 3312 5211 litteram
3344 5154 3606 5209 continuo
3637 5152 3801 5205 etiam

2227 5250 2653 5321 simplicioribus
2692 5249 2998 5318 quibusque
3043 5246 3191 5302 utilis
3235 5244 3536 5300 admonitio
3583 5252 3693 5305 est.
3735 5241 3805 5297 de

2225 5358 2332 5412 qua
2362 5352 2414 5396 et
2447 5342 2598 5413 prius
2626 5340 2915 5397 dicendum
2963 5348 3070 5405 est,
3111 5337 3361 5407 quamvis
3400 5337 3598 5392 habeat
3633 5335 3799 5433 etiam

2226 5433 2548 5505 profundius
2584 5432 2809 5503 aliquid,
2844 5432 2987 5501 quod
3033 5430 3078 5485 si
3126 5430 3250 5501 quis
3283 5430 3497 5499 [capere
3544 5430 3803 5493 potuerit,

2228 5528 2429 5597 capiat.
2463 5526 2601 5593 Quid
2642 5541 2772 5597 ergo
2805 5539 2905 5579 nos
2940 5523 3130 5579 doceat
3160 5523 3361 5586 littera,
3405 5518 3708 5573 videamus.
3747 5515 3803 5569 ιιι

2230 5621 2334 5675 hoc
2373 5619 2573 5674 mundo
2596 5630 2956 5689 communem
2987 5617 3111 5671 vita:
3144 5609 3560 5669 sollicitudinem
3610 5611 3805 5675 gerunt

2204 5738 2243 5769 ”
2284 5737 2418 5792 Gen.
2449 5750 2523 5800 ιχ,
2553 5733 2605 5787 5.
2688 5735 2729 5764 ’⁸
2764 5732 2961 5788 Ezech.
2994 5747 3075 5787 tu.
3156 5730 3195 5764 ¹⁹
3218 5728 3362 5784 Psal.
3393 5738 3575 5787 xxxvi,
3611 5717 3699 5776 l5.
