4110 6446
404 427 527 485 1541

1068 421 1375 477 SELECTA
1410 422 1475 476 IN
1511 421 1850 479 PSALMOS.
1886 456 1953 465 -—
1995 425 2231 481 HOMlL.
2278 425 2341 480 lli
2384 427 2449 480 1N
2488 425 2685 480 PSAL.
2724 423 2962 479 XXXVI.

3523 426 3663 479 1542

401 554 453 599 et
480 542 612 611 justi
643 550 697 595 et
721 540 933 608 injusti,
963 549 1022 591 ut
1048 540 1286 593 habeant
1311 556 1433 610 quae
1459 540 1523 593 ad
1563 542 1762 595 victum
1801 558 1986 599 neces—
2013 548 2057 603 A
2090 544 2282 600 Melius
2305 554 2389 600 est
2418 559 2552 614 ergo
2581 545 2684 598 hoc
2718 541 2988 596 modicum
3014 538 3139 595 ﬁdei
3167 538 3314 609 justo
3341 554 3504 612 super
3531 541 3665 596 divi-

403 635 545 688 saria
585 643 728 688 sunt.
784 632 889 685 Sed
925 632 1060 701 justi
1121 633 1336 700 quidem
1405 647 1511 685 non
1570 642 1675 685 tam
1728 637 1978 703 propensi

402 735 529 780 sunt
568 739 693 795 erga
719 723 1140 778 sollicitudinem
1178 723 1373 786 victus,
1404 738 1564 791 quam
1602 724 1759 779 enixe
1789 737 1983 794 gerunt

402 813 628 881 iustitia:
664 827 853 867 curam
875 853 890 879 ,
930 812 1001 866 ita
1044 821 1102 866 ut
1137 813 1297 866 etiam
1330 812 1374 866 si
1416 812 1496 865 eis
1531 814 1822 881 quaerenda
1852 826 1979 869 sunt

403 916 527 971 qua:
570 904 636 957 ad
680 904 883 957 victum
931 904 1239 957 necessaria
1278 911 1427 966 sunt,
1481 904 1684 974 absque
1713 906 1978 976 injustitia

401 1006 745 1063 quaerantur,
791 1004 854 1050 ut
886 996 1002 1066 ipse
1034 1004 1273 1065 qurcstus
1298 1012 1484 1052 eorum
1523 998 1635 1067 qui
1664 1000 1981 1069 quotidiano

406 1086 525 1139 usui
564 1088 902 1142 necessarius
936 1100 1036 1151 est,
1074 1105 1193 1142 cum
1230 1092 1378 1144 omni
1405 1089 1617 1156 justitia
1646 1091 1759 1146 ﬁat.
1792 1092 1978 1162 Injusti

403 1192 535 1231 vero
566 1177 700 1233 nihil
734 1190 929 1234 curant
964 1180 1029 1233 de
1058 1180 1297 1249 justitia,
1331 1182 1426 1237 sed
1458 1198 1676 1238 omnem
1709 1199 1895 1238 curam
1927 1186 1979 1241 in

404 1270 507 1323 hoc
538 1270 855 1339 impendunt
894 1274 1167 1340 quomodo
1211 1276 1532 1343 acquirant;
1570 1275 1624 1327 in
1659 1275 1760 1330 hoc
1793 1291 1979 1331 eorum

401 1373 564 1413 omne
589 1360 824 1414 studium
857 1370 963 1425 est,
991 1364 1477 1433 quomodocunque
1510 1374 1559 1419 et
1587 1366 1981 1434 qualiacunque

403 1449 553 1504 lucra
583 1463 802 1520 captare
840 1467 855 1505 :
900 1469 1004 1508 non
1041 1463 1289 1521 quaerunt
1321 1456 1365 1510 si
1408 1456 1547 1511 bene
1584 1458 1895 1526 acqttirant,
1935 1459 1980 1513 si

403 1554 529 1597 cum
560 1542 768 1610 justitia
813 1560 827 1597 :
862 1558 969 1597 non
1014 1555 1140 1598 sunt
1173 1545 1392 1600 solliciti
1432 1557 1492 1600 ut
1524 1548 1728 1615 judicio
1775 1548 1978 1606 Christi

408 1632 755 1688 inveniantur
777 1637 1150 1701 possessiones
1188 1652 1376 1692 eorum
1419 1653 1541 1693 cmn
1583 1640 1795 1709 justitia
1829 1659 1978 1712 qua:-

401 1724 540 1777 sittc.
589 1723 869 1790 Quomodo
901 1740 1128 1797 possunt
1154 1732 1267 1785 haec
1298 1731 1502 1798 facere,
1551 1734 1644 1805 qui
1687 1750 1873 1804 agrum
1914 1736 1981 1790 ad

400 1828 590 1882 agrum
623 1817 961 1885 eonjungunt
1004 1822 1070 1885 ²²,
1125 1832 1180 1877 et
1218 1824 1398 1877 villam
1447 1824 1584 1879 vitim
1636 1829 1976 1897 appropiant,

400 1915 458 1958 ut
507 1907 710 1976 aliquid
772 1911 937 1983 666
992 1916 1241 1981 proximo
1299 1919 1600 1973 auferant?
1659 1921 1791 1973 Ctttn
1848 1936 1980 1989 ergo

402 2014 569 2050 unum
601 2014 633 2053 θ
668 2000 878 2058 duobus
911 2006 1024 2059 tieri
1065 2021 1288 2061 necesse
1316 2010 1409 2076 sit,
1456 2010 1507 2063 id
1552 2018 1637 2065 est
1673 2020 1766 2064 aut
1813 2012 1979 2066 multa

400 2092 687 2158 acquirere
718 2109 837 2147 cum
870 2096 1154 2165 injustitia,
1181 2111 1274 2154 aut
1297 2102 1566 2157 tnodicum
1597 2117 1715 2156 cum
1744 2103 1975 2171 justitia,

404 2180 588 2235 Melius
614 2196 712 2248 est,
752 2186 926 2255 inquit
950 2189 1016 2253 ’³,
1052 2192 1313 2244 modicum
1347 2193 1522 2261 justo,
1574 2211 1730 2263 super
1769 2197 1979 2249 divitias

399 2285 730 2337 peccatorum
762 2278 979 2333 utullus.
1033 2279 1100 2334 Et
1142 2298 1270 2337 vere
1302 2286 1457 2354 quasi
1497 2286 1715 2353 speciali
1743 2288 1977 2356 quodam

404 2364 559 2418 titulo
592 2366 773 2421 multa:
798 2370 1002 2425 divitia:
1052 2373 1102 2425 in
1147 2373 1436 2443 iniquitate
1479 2388 1790 2432 censentur.
1828 2378 1980 2433 Unde

397 2465 449 2506 cl
480 2471 579 2524 ego
610 2459 848 2513 arbitror
884 2460 1168 2519 Dominum
1210 2476 1265 2521 et
1315 2466 1655 2523 Salvatoretn
1700 2481 1976 2535 nostrum,

395 2548 554 2615 quasi
598 2563 723 2603 vere
761 2550 927 2606 Deum
961 2564 1015 2607 et
1052 2556 1337 2610 Dominum
1385 2558 1744 2614 Mammonam
1775 2561 1979 2631 iniqui-

397 2638 526 2692 tatis
565 2642 948 2706 pronuntiasse
978 2659 1104 2698 cum
1142 2646 1277 2701 dicit
1307 2649 1353 2679 ”
1383 2666 1396 2702 :
1426 2648 1612 2704 Facite
1656 2653 1799 2707 vobis
1838 2655 1978 2707 anti-

394 2744 481 2781 cos
510 2730 576 2783 de
614 2732 795 2803 iniquo
842 2734 1176 2792 Hammona.
1224 2738 1347 2794 llaec
1384 2743 1679 2796 secundum
1718 2743 1977 2800 litteram.

398 2822 685 2878 Videamus
738 2840 883 2880 nunc
950 2829 997 2882 si
1050 2831 1180 2898 quid
1236 2831 1400 2885 etiam
1453 2838 1648 2889 secreti
1701 2838 1981 2892 contineat.

394 2928 599 2967 sermo.
631 2914 771 2968 Sunt
806 2916 972 2971 amita
1004 2929 1059 2973 et
1101 2921 1314 2975 diversa
1367 2924 1545 2978 studia
1591 2925 1893 2981 litterarum
1923 2929 1976 2982 in

396 3004 500 3056 hoc
526 3005 748 3069 mundo,
786 3015 844 3059 ιιι
880 3008 1065 3063 videas
1113 3012 1554 3081 quamplurimos
1589 3016 1915 3085 incipientes
1946 3035 1973 3073 a

393 3095 771 3157 grammaticis
803 3097 1048 3153 ediscere
1095 3102 1340 3154 carmina
1400 3113 1715 3172 poetarum,
1769 3123 1976 3163 comoe-

394 3182 716 3255 diarumquc
745 3187 976 3257 fabulas,
1012 3194 1405 3262 tragoediarum
1453 3197 1540 3250 vel
1565 3202 1973 3259 commentilias

396 3276 479 3329 vel
517 3277 851 3337 honoriﬁcus
883 3285 1231 3341 narrationes
1258 3329 1271 3352 ,
1309 3287 1666 3345 historiarum
1716 3292 1875 3363 longa
1910 3311 1974 3353 ac

395 3365 609 3423 diversa
638 3369 933 3437 volumina,
967 3382 1079 3429 tum
1109 3376 1306 3433 deinde
1338 3381 1572 3435 transire
1617 3383 1685 3436 ad
1739 3386 1979 3442 rhetori-

393 3472 538 3525 cam,
570 3471 735 3531 atque
763 3464 833 3518 ibi
868 3481 1089 3520 omnem
1139 3469 1319 3525 fucum
1356 3472 1680 3542 eloquentiae
1711 3493 1972 3546 qttterere,

392 3560 513 3619 post
546 3553 659 3609 haec
693 3558 877 3611 venire
909 3560 974 3612 ad
1028 3560 1451 3633 philosOphiam,
1497 3571 1829 3635 perscrutari
1857 3572 1975 3626 dia-

394 3640 663 3710 lecticam,
704 3647 1146 3716 syllogismorum
1176 3670 1346 3710 nexus
1374 3657 1670 3726 inquirere,
1697 3678 1980 3718 mensuras

392 3737 705 3801 geometria:
740 3749 1076 3809 pet-tentare,
1114 3756 1389 3800 astrorum
1420 3748 1566 3820 leges
1601 3766 1666 3806 ae
1690 3754 1976 3809 stellarum

392 3839 589 3880 cursus
613 3836 964 3897 perscrutari,
997 3836 1253 3891 omittere
1277 3854 1492 3909 quoque
1527 3857 1628 3895 nec
1671 3846 1976 3911 musicam;

393 3924 447 3970 et
473 3918 551 3970 sic
574 3933 671 3986 per
695 3934 889 3976 omnes
920 3922 1053 3978 istas
1078 3929 1280 3980 eruditi
1308 3940 1415 3982 tam
1446 3932 1691 3987 diversas
1719 3944 1771 3988 et
1795 3937 1979 3990 varias

392 4004 728 4074 disciplinas,
766 4010 819 4062 in
852 4014 1050 4080 quibus
1078 4015 1213 4069 nihil
1238 4020 1308 4071 de
1344 4019 1439 4075 Dei
1471 4023 1755 4078 voluntate
1777 4041 1979 4093 cogno-

392 4106 605 4158 verunt,
652 4101 851 4156 multas
894 4105 1157 4174 quidem,
1199 4110 1296 4163 sed
1352 4124 1704 4179 peccatorum
1757 4116 1978 4172 divitias

392 4203 882 4259 congregaverant.
941 4194 1137 4252 Videas
1191 4211 1377 4255 autem
1405 4219 1573 4256 unum
1620 4206 1685 4258 dc
1731 4204 1976 4262 Ecclesia

392 4278 705 4349 imperitum
751 4283 968 4353 quidem
1020 4287 1071 4342 in
1112 4291 1278 4345 verbo
1320 4302 1482 4362 atque
1517 4297 1844 4362 eruditione,
1881 4299 1976 4353 sed

393 4370 496 4425 title
525 4388 589 4427 ac
615 4374 811 4430 timore
847 4378 941 4433 Dei
979 4381 1265 4448 repletum,
1323 4386 1413 4453 qui
1460 4397 1683 4456 propter
1726 4388 1973 4446 timorem

391 4462 487 4517 Dei
518 4466 569 4518 in
603 4468 748 4521 nullo
795 4473 956 4526 audet
989 4474 1324 4543 delinquere.
1369 4479 1463 4533 sed
1508 4491 1724 4536 veretur
1755 4483 1976 4538 omnino

390 4558 605 4626 aperire
652 4576 715 4615 os
769 4578 952 4627 suum,
1000 4582 1070 4621 ne
1117 4566 1256 4622 forte
1286 4584 1471 4625 sermo
1513 4572 1686 4627 malus
1717 4578 1973 4642 procedat
2004 4601 2051 4655 ι)

389 4649 460 4703 de
495 4666 592 4707 ore
625 4654 767 4722 ejus,
816 4664 869 4709 et
916 4658 1169 4712 observat
1215 4664 1378 4714 etiam
1415 4662 1468 4715 in
1514 4665 1742 4719 minimo
1802 4668 1973 4720 delin-

389 4755 578 4805 quere.
632 4760 664 4799 a
711 4746 911 4814 quibus
958 4750 1259 4804 observare
1294 4766 1352 4805 se
1395 4769 1497 4807 non
1543 4766 1717 4824 potest
1767 4757 1859 4812 ille
1881 4760 1974 4827 qui

389 4833 537 4885 dives
573 4845 656 4888 est
705 4837 756 4888 in
791 4838 947 4906 ltujus
978 4843 1165 4895 mundi
1204 4845 1491 4913 sapientia.
1534 4847 1642 4903 llus
1682 4851 1849 4920 igitur
1870 4854 1972 4908 sibi

389 4922 675 4977 conferens
702 4941 884 4981 sermo
912 4931 1129 4989 divinus
1157 4935 1232 4989 ait
1255 4937 1302 4967 “
1338 4954 1351 4990 :
1393 4937 1589 4994 Melius
1606 4951 1687 4994 est
1708 4944 1972 4997 modicum

389 5013 549 5077 iusto,
612 5033 775 5086 super
800 5020 1015 5075 divitias
1060 5038 1397 5093 peccatorum
1449 5032 1661 5088 maritas.
1717 5034 1784 5090 Ut
1841 5047 1967 5092 sunt

389 5105 589 5198 divitiae
619 5121 990 5181 peccatorum,
1022 5117 1295 5187 sapientia
1328 5120 1489 5191 hujus
1524 5127 1740 5192 mundi,
1778 5128 1829 5181 in
1858 5144 1961 5198 qua

389 5195 586 5255 divites
609 5210 734 5255 sunt
760 5212 813 5256 et
848 5205 1193 5263 abundantes
1213 5210 1268 5263 in
1294 5211 1628 5282 eloquentia,
1660 5233 1762 5272 nec
1782 5195 1960 5275 tamen

388 5300 451 5342 se
494 5304 595 5357 per
630 5294 745 5348 hac
790 5296 1075 5352 continere
1121 5303 1420 5370 praevalent
1449 5322 1480 5359 a
1505 5320 1751 5376 peccato.
1794 5309 1966 5365 Modi—

388 5396 516 5435 cum
570 5394 752 5439 autem
803 5386 939 5455 justi
982 5398 1086 5457 est,
1145 5393 1242 5462 qui
1300 5394 1464 5451 habet
1515 5400 1674 5454 iidem
1711 5413 1961 5472 tanquam

387 5488 621 5541 granum
650 5475 854 5545 sinapis
879 5481 1167 5546 modicam,
1199 5485 1293 5539 sed
1325 5487 1557 5543 vividam
1581 5501 1634 5546 et
1670 5492 1962 5548 vehemen-

390 5573 521 5630 tem,
560 5581 654 5634 per
684 5582 845 5637 quam
874 5585 933 5625 se
965 5577 1266 5631 communit
1301 5589 1357 5633 et
1388 5582 1633 5637 continet
1662 5599 1689 5636 a
1715 5596 1958 5653 peccato.

460 5773 503 5803 "
542 5772 640 5827 lsa.
681 5789 733 5837 ν,
776 5770 827 5823 8.

905 5772 949 5804 ³³
993 5770 1134 5828 Psal.
1191 5792 1372 5846 um,
1434 5782 1515 5837 16.

391 5856 505 5906 xm,
540 5844 592 5898 8.

638 5844 680 5876 ³⁸
720 5845 861 5901 Psal.
907 5858 1093 5910 xxxvr.
1140 5846 1220 5902 t7.

1597 5785 1640 5816 "‘
1704 5784 1831 5840 Luc.
1887 5801 1997 5852 ut,
2059 5788 2112 5842 9.

2085 638 2187 692 tias
2215 646 2563 706 peccatorum
2602 634 2797 689 multas
2822 678 2835 698 ,
2872 647 3008 703 quas
3038 633 3237 688 habent
3270 632 3324 686 in
3351 633 3662 703 eloquentia

2084 743 2149 782 ac
2170 728 2440 797 sapientia
2471 726 2630 794 hujus
2659 725 2843 779 saeculi
2866 764 2881 789 ,
2915 739 3037 793 quas
3078 724 3401 778 destruitur.
3456 724 3660 779 Tamen

2084 820 2127 876 si
2151 821 2390 888 potuerit
2419 819 2547 888 quis
2582 826 2636 873 et
2664 817 2882 871 divitias
2923 815 3144 880 habere,
3176 824 3365 870 etnon
3404 824 3659 885 peccato-

2086 926 2204 965 rum
2254 911 2459 965 habere
2514 909 2777 972 divitias;
2815 907 2908 961 sed
2966 920 3301 977 congregare
3359 908 3535 976 aliqua
3595 910 3661 963 de

2086 1002 2356 1056 thesauris
2403 1000 2570 1071 Moysi
2627 1001 2977 1071 lcgislatoris.
3030 1002 3134 1056 alia
3175 1003 3336 1056 etiam
3386 1000 3454 1053 de
3491 1015 3659 1055 censu

2085 1093 2367 1162 acquirere
2394 1093 2811 1160 prophetarum,
2850 1093 2915 1146 de
2954 1092 3118 1159 lsaia,
3167 1096 3234 1148 de
3276 1091 3535 1158 Ieremia,
3591 1092 3661 1147 de

2086 1184 2396 1250 Ezechiele,
2450 1183 2786 1252 perscrutari
2849 1198 3065 1253 quoque
3126 1194 3337 1239 secreta
3399 1182 3659 1247 Danielis,

2082 1281 2515 1341 cteterorumque
2548 1273 2939 1341 prepbetarum
2980 1274 3290 1327 reconditos
3318 1283 3373 1327 et
3397 1272 3662 1327 obscuros

2083 1374 2373 1434 penetrare
2403 1365 2727 1429 thesauros;
2758 1364 2983 1430 istejam
3016 1380 3121 1420 non
3142 1365 3428 1420 confertur
3451 1366 3665 1432 sapien-

2086 1457 2230 1510 tibus
2266 1456 2430 1523 hujus
2461 1457 2668 1520 mundi,
2705 1464 2763 1509 ut
2808 1456 3005 1510 melior
3029 1456 3135 1510 illis
3163 1457 3393 1521 dicatur,
3428 1456 3522 1510 sed
3556 1455 3665 1508 illis

2084 1549 2259 1618 magis
2290 1557 2610 1617 exsequatur
2638 1549 2730 1616 qui
2761 1549 3016 1603 dicebant
3045 1549 3112 1611 ³⁵,
3143 1550 3269 1619 quia
3316 1550 3499 1601 divites
3536 1547 3663 1615 {acti

2081 1641 2205 1693 estis
2267 1640 2321 1693 in
2363 1641 2502 1693 omni
2550 1640 2703 1692 verba
2767 1648 2815 1691 et
2872 1639 2926 1691 in
2981 1638 3123 1691 omni
3164 1640 3424 1700 scientia;
3467 1647 3523 1692 et
3571 1642 3661 1705 qui

2084 1733 2428 1785 destruentes
2460 1730 2618 1799 hujus
2648 1730 2833 1784 mundi
2870 1728 3215 1798 sapientiam,
3243 1740 3298 1784 et
3328 1731 3473 1784 velut
3496 1730 3667 1784 victo-

2084 1840 2174 1879 res
2199 1823 2316 1893 ejus
2341 1824 2520 1879 ell‘ecti
2554 1824 2742 1878 dicunt
2771 1836 2834 1875 se
2860 1830 3082 1890 paratos
3110 1837 3231 1876 esse
3269 1822 3337 1875 ad
3375 1822 3661 1890 captivan-

2012 1892 2055 1946 Β
2087 1918 2212 1973 dum
2265 1930 2480 1971 omnem
2523 1917 2861 1972 intellectum
2898 1918 3245 1973 extollentem
3279 1933 3338 1971 se
3364 1925 3419 1969 et
3446 1916 3665 1986 erigen—

2089 2020 2196 2064 tem
2255 2010 2519 2064 adversus
2570 2011 2858 2065 scientiam
2894 2010 3117 2064 Christi.
3172 2010 3283 2063 Etsi
3317 2010 3534 2078 quidem
3574 2009 3663 2062 ille

2086 2103 2159 2156 sit
2195 2116 2354 2169 quem
2386 2101 2632 2168 superius
2674 2102 2913 2154 diximus
2946 2102 3230 2169 imperitus
3265 2108 3321 2153 et
3353 2100 3540 2163 idiota,
3567 2102 3662 2154 sed

2088 2192 2263 2245 ﬁdelis
2288 2200 2344 2244 et
2386 2191 2583 2245 timens
2625 2188 2819 2256 Deum,
2870 2191 3054 2242 melius
3091 2198 3163 2242 est
3212 2189 3473 2241 modicum
3535 2188 3661 2241 illud

2089 2282 2210 2336 ﬁdei
2258 2281 2384 2334 huic
2421 2281 2572 2349 justo
2616 2297 2772 2349 super
2801 2282 3015 2334 divitias
3057 2288 3388 2349 peccatorum
3446 2278 3659 2340 multas,

2085 2388 2224 2442 quas
2273 2388 2396 2427 cum
2456 2372 2616 2441 hujus
2672 2371 2855 2426 szeculi
2922 2372 3192 2441 sapientia
3251 2374 3660 2438 compararunt.

2088 2467 2265 2535 Super
2295 2465 2483 2519 ambos
2511 2474 2691 2517 autem
2721 2463 2857 2518 istos
2879 2473 2962 2518 est
2996 2465 3087 2534 qui
3123 2464 3280 2537 dives
3300 2472 3384 2517 est
3413 2465 3464 2515 in
3497 2462 3664 2515 verbo

2088 2557 2183 2613 Dei
2206 2568 2259 2611 et
2301 2556 2528 2611 scientia
2558 2555 2808 2609 veritatis
2831 2596 2847 2620 ,
2876 2556 2929 2608 id
2962 2564 3045 2609 est
3079 2557 3170 2624 qui
3201 2554 3496 2609 secundum
3526 2552 3664 2607 Pau-

2088 2647 2199 2702 lum
2229 2647 2385 2701 dives
2413 2653 2499 2699 est
2530 2645 2606 2698 ‘in
2650 2644 2797 2699 omni
2832 2645 2994 2699 verbo
3020 2654 3074 2699 et
3122 2646 3172 2699 in
3218 2644 3366 2698 oumi
3412 2645 3663 2707 scientia,

2087 2749 2142 2795 et
2182 2738 2531 2793 nihilominus
2585 2738 2734 2790 dives
2792 2746 2877 2791 est
2935 2737 2987 2790 in
3044 2736 3306 2805 aperibus
3366 2737 3542 2789 bonis.
3598 2734 3658 2789 Si

2085 2835 2268 2883 autem
2320 2829 2402 2882 vis
2447 2828 2591 2881 scire
2621 2827 2751 2895 quid
2810 2834 2894 2879 est
2955 2826 3179 2878 divitem
3233 2840 3358 2880 esse
3416 2827 3468 2878 in
3516 2826 3661 2879 otnni

2085 2920 2277 2983 verbo,
2308 2920 2549 2974 breviter
2585 2926 2635 2971 te
2669 2918 2891 2970 docebo.
2925 2915 3102 2983 incipe
3133 2917 3407 2971 discutere
3435 2932 3462 2968 a
3488 2916 3665 2983 primo

2085 3012 2252 3067 verbo
2275 3010 2568 3077 Geneseos,
2615 3010 2742 3062 inde
2780 3009 2831 3061 in
2876 3007 3042 3061 verbo
3076 3008 3269 3070 Exodi,
3310 3016 3430 3075 post
3463 3007 3575 3060 haec
3609 3007 3663 3061 in

2085 3105 2253 3160 verbo
2299 3104 2567 3167 Levitici,
2632 3103 2685 3155 in
2750 3100 3045 3165 Numeris,
3117 3101 3169 3155 in
3222 3100 3661 3163 Deuteronomio,

2084 3198 2291 3254 ditesce
2342 3196 2410 3251 de
2445 3194 2573 3251 Iesu
2628 3194 2795 3257 Nave,
2827 3194 3034 3247 ditesce
3090 3194 3157 3247 de
3206 3194 3460 3247 omnibus
3503 3192 3660 3246 simul

2074 3290 2371 3360 iudicibus,
2416 3298 2473 3344 et
2496 3289 2609 3359 jam
2645 3286 2769 3340 inde
2803 3300 2899 3353 per
2944 3285 3388 3354 consequentiam
3438 3286 3503 3338 de
3545 3285 3660 3337 sin-

2080 3385 2218 3455 gulis
2244 3383 2547 3452 quibusque
2588 3382 2883 3450 Scripturae
2936 3377 3133 3432 divinae
3180 3378 3332 3433 iihris
3378 3392 3663 3448 usquequo

2078 3475 2365 3547 pervenias
2399 3476 2463 3528 ad
2513 3472 2859 3541 evangelicas
2914 3471 3357 3540 apostolicasque
3416 3471 3659 3526 divitias.

2082 3567 2213 3621 Nam
2254 3566 2403 3620 verbi
2448 3580 2634 3630 causa,
2687 3565 2728 3617 si
2777 3561 2898 3630 quis
2958 3563 3048 3613 nni
3105 3563 3269 3614 verbo
3325 3560 3660 3615 l’salmorum

2081 3672 2304 3729 operam
2329 3657 2558 3721 dederit,
2597 3666 2650 3710 et
2676 3656 2943 3724 integrum
2979 3653 3293 3724 psalterium
3324 3668 3446 3707 cum
3478 3652 3663 3705 volue-

2080 3751 2154 3804 rit
2185 3750 2356 3815 canit,
2394 3749 2546 3803 dives
2580 3756 2661 3802 est
2692 3747 2945 3814 quidem,
2977 3745 3071 3799 sed
3099 3760 3204 3797 non
3232 3743 3283 3796 in
3310 3742 3459 3797 omni
3498 3744 3662 3795 verba

2079 3852 2247 3911 atque
2269 3842 2415 3895 omni
2469 3841 2727 3903 scientia,
2766 3839 2859 3892 sed
2890 3848 2973 3893 est
3002 3836 3161 3890 dives
3213 3836 3269 3889 in
3326 3834 3442 3889 solo
3498 3834 3662 3887 verbo

2079 3933 2351 3988 Psalterii.
2400 3930 2495 3983 Vel
2533 3931 2576 3984 si
2626 3931 2748 3998 quis
2773 3928 3100 3997 evangelica:
3149 3936 3312 3994 atque
3352 3925 3664 3994 apostolica:

2080 4022 2301 4077 lectioni
2329 4020 2564 4075 studium
2599 4020 2824 4082 tribttat,
2854 4019 2981 4071 etin
3015 4015 3293 4070 mandatis
3314 4014 3446 4068 Novi
3472 4011 3663 4067 Testa-

2081 4112 2249 4166 menti
2284 4111 2639 4178 semetipsum
2674 4118 2960 4172 exerceat,
2993 4108 3146 4162 dives
3182 4113 3351 4159 estet
3393 4104 3483 4157 hic
3506 4143 3521 4167 ,
3566 4103 3660 4157 sed

2080 4220 2188 4259 non
2247 4204 2301 4257 in
2360 4203 2511 4256 omni
2572 4201 2762 4267 verbo,
2822 4201 2922 4254 nisi
2980 4198 3295 4268 evangelica
3352 4204 3558 4248 tantunt
3607 4205 3660 4249 et

2079 4295 2400 4367 apostolico.
2437 4294 2494 4348 Si
2521 4308 2649 4348 vero
2676 4293 2912 4363 potuerit
2935 4291 3140 4343 Novum
3172 4304 3237 4343 ac
3268 4287 3435 4341 Vetus
3469 4288 3660 4341 Testa-

2082 4396 2319 4443 mentum
2352 4386 2471 4457 pari
2512 4385 2694 4440 studio
2730 4385 2996 4447 ediscere,
3032 4393 3198 4449 atque
3241 4394 3303 4434 ex
3347 4379 3494 4433 enini
3542 4378 3659 4444 ejus

2078 4481 2390 4536 eruditione
2430 4478 2649 4544 instrui,
2683 4477 2757 4531 ita
2791 4485 2851 4530 ut
2878 4483 3105 4554 paratus
3134 4473 3204 4527 sit
3232 4471 3458 4524 reddere
3486 4471 3653 4524 ratiu-

2080 4589 2200 4626 nem
2246 4571 2314 4625 de
2346 4568 2575 4638 singulis
2628 4567 2935 4639 quibusque
2977 4578 3097 4639 qua:
3148 4563 3351 4630 scripta
3400 4571 3545 4626 sunt,
3604 4571 3657 4616 et

2078 4660 2250 4713 vitam
2280 4673 2437 4711 suam
2486 4661 2786 4710 secundum
2831 4656 3055 4707 verbum
3096 4652 3343 4706 veritatis
3379 4651 3494 4720 ejus
3536 4666 3656 4719 quae

2077 4752 2133 4805 in
2164 4750 2464 4819 Scripturis
2488 4746 2802 4801 continetur
2831 4755 3056 4814 aptare;
3109 4744 3209 4798 iste
3239 4757 3367 4797 vero
3399 4743 3551 4799 dives
3574 4751 3656 4799 est

2076 4842 2133 4895 in
2161 4841 2307 4895 otnni
2344 4839 2513 4893 verbo
2530 4845 2584 4892 et
2608 4837 2663 4890 in
2690 4835 2838 4890 omni
2863 4850 3028 4904 opere
3056 4835 3217 4889 bono.
3245 4833 3308 4887 Et
3343 4834 3487 4886 istas
3523 4841 3653 4902 puto

2075 4949 2197 4990 esse
2222 4934 2439 4987 divitias
2466 4932 2533 4985 de
2560 4930 2762 5000 quibus
2780 4929 2977 4983 dicitur
3011 4928 3055 4960 "
3085 4942 3101 4978 :
3137 4925 3441 4995 Redemptio
3462 4925 3653 4979 anima:

2076 5029 2179 5083 viri
2206 5026 2435 5095 propria!
2454 5024 2651 5077 divitia:
2673 5022 2811 5094 ejus.
2846 5020 3036 5075 Melius
3054 5033 3187 5088 ergo
3216 5017 3478 5071 modicum
3505 5016 3651 5085 justo

2067 5137 2229 5190 super
2263 5120 2475 5173 divitias
2497 5126 2828 5185 peccatorum
2860 5112 3073 5167 multas.

2144 5214 2196 5267 Ἰ.
2260 5212 2525 5276 Quoniam
2563 5208 2780 5261 brachia
2811 5214 3148 5274 peccatorum
3187 5211 3522 5257 conterentur
3578 5198 3647 5262 ’3.

2072 5304 2353 5372 Quomodo
2424 5308 2602 5370 potest
2660 5298 2765 5351 hoc
2818 5296 3119 5351 secundum
3171 5294 3407 5348 litteram
3471 5300 3645 5356 stare,

2071 5397 2286 5451 etiamsi
2311 5394 2506 5463 aliquis
2543 5392 2649 5445 vim
2689 5389 2869 5443 facere
2894 5396 3127 5443 conetur
3155 5401 3254 5455 per
3276 5383 3599 5453 imperitiam
3623 5381 3649 5436 ?

2073 5490 2215 5544 Sunt
2250 5486 2418 5541 multa
2452 5486 2505 5537 in
2534 5482 2838 5551 Scripturis
2860 5481 2930 5534 ita
2963 5479 3156 5548 posita,
3181 5492 3302 5545 quas
3329 5475 3489 5529 etiam
3520 5488 3644 5527 eum

2071 5578 2161 5650 qui
2192 5575 2345 5630 valde
2373 5576 2564 5629 brutus
2591 5583 2676 5626 est
2705 5580 2759 5626 et
2782 5571 2982 5637 stertit,
3013 5582 3231 5622 movere
3259 5574 3504 5637 possunt,
3538 5565 3646 5620 imo

2189 5787 2233 5819 ’³
2265 5784 2402 5842 l’sal.
2440 5800 2623 5850 sun,
2691 5781 2773 5837 l6.
2852 5780 2895 5811 ’⁸
2935 5776 2955 5832 Ι
2993 5776 3120 5831 Cor.
3174 5792 3209 5839 ι.
3256 5774 3305 5829 5.
3386 5777 3428 5807 ’⁷
3485 5774 3640 5831 Prov.
