4110 6470
520 389 661 445 1545

1939 378 2025 434 EX
2062 375 2362 433 ORIGENE

3639 380 3774 436 13H

521 512 716 565 cogere
744 505 800 551 ut
833 509 1061 551 necesse
1096 494 1293 548 habeat
1341 492 1522 547 littera
1553 494 1809 549 derelicta
1841 492 1905 546 ad
1941 491 2100 544 iutcl-
2134 492 2178 547 Α
2207 490 2323 557 quis
2378 500 2552 543 autem
2605 490 2838 558 ignorat,
2886 491 3236 561 ignorabitur.
3271 492 3337 547 Et
3372 494 3427 548 in
3481 495 3774 567 Evangelio

520 590 715 644 lectum
738 588 1097 643 conscendere
1119 585 1447 655 spiritalem:
1480 586 1618 639 sicut
1639 597 1689 639 ct
1728 602 1871 638 nunc
1897 585 2097 638 faciunt

518 680 738 734 brachia
772 681 873 733 ista
914 679 1241 747 peccaturis,
1281 678 1476 746 quibus
1501 678 1787 731 imminere
1816 676 2098 729 contritio-

519 786 642 825 netn
683 772 1068 825 comminatur.
1111 770 1218 825 Sed
1270 780 1325 823 et
1390 769 1441 821 in
1487 770 1593 823 alio
1646 770 1766 822 loco
1822 769 1949 822 dicit
2006 770 2091 820 ’9:

514 860 742 916 Contere
773 864 1046 916 brachium
1081 864 1369 930 peccatoris
1404 874 1450 917 et
1482 864 1720 932 maligni.
1757 864 1894 930 Quid
1925 864 2096 933 ergo?

515 953 798 1007 brachium
845 955 992 1009 istud
1048 970 1370 1024 corporeum
1405 957 1708 1026 peccatoris
1763 964 1815 1009 et
1876 956 2092 1026 maligni

515 1047 830 1114 putabimus
859 1050 1292 1103 conterendutn?
1331 1049 1446 1104 Non
1492 1049 1649 1103 facile
1697 1050 1797 1103 huc
1848 1050 2094 1104 accidere

510 1137 779 1193 videmus.
814 1138 920 1195 Sed
946 1142 989 1195 si
1027 1143 1336 1196 intueamur
1368 1144 1643 1211 quomodo
1675 1160 1795 1197 cum
1821 1142 1946 1195 elati
1976 1143 2093 1197 fue-

512 1226 621 1283 Iiut
687 1230 739 1283 in
809 1232 1121 1301 superbiam
1198 1244 1551 1303 peccatores,
1623 1244 1676 1289 et
1744 1251 1903 1289 arcus
1966 1248 2092 1288 suos

511 1322 843 1387 paraverint,
881 1332 937 1377 et
977 1324 1205 1393 sagittas
1258 1325 1379 1379 illas
1427 1340 1574 1389 suas,
1614 1326 1678 1378 de
1715 1325 1910 1393 quibus
1932 1338 2092 1392 supe-

513 1414 625 1469 rius
674 1415 929 1481 diximus,
994 1418 1330 1473 letenderint
1388 1420 1650 1474 adversus
1697 1419 1909 1485 justos;
1968 1433 2089 1471 cum

511 1505 625 1560 lucc
677 1508 854 1562 omnis
905 1524 1090 1563 eorum
1129 1510 1355 1565 intentio
1411 1512 1623 1565 Domini
1679 1511 1843 1566 fuerit
1888 1512 2090 1565 virtute

508 1598 822 1663 destructa,
880 1601 959 1654 sic
1034 1602 1230 1655 metito
1289 1602 1491 1657 dicitur
1552 1603 1831 1658 brachium
1898 1619 2089 1672 pecca-

510 1688 643 1740 toris
700 1704 821 1744 esse
872 1694 1191 1748 contritum.
1274 1694 1365 1749 Vel
1424 1695 1534 1749 alio
1597 1696 1755 1750 modo
1832 1697 2085 1765 quoniam

503 1778 666 1849 667
698 1798 886 1837 manus
928 1793 977 1837 et
1024 1785 1305 1840 brachium
1348 1788 1533 1856 aperis
1569 1797 1653 1843 est
1705 1788 1986 1843 iudicium.
2023 1789 2080 1843 Si

503 1886 633 1938 ergo
667 1872 851 1925 videas
881 1886 1225 1942 peccatorem
1269 1878 1335 1929 ad
1376 1893 1510 1945 Opus
1563 1880 1789 1942 bonum,
1825 1880 1890 1933 ad
1946 1895 2082 1948 opus

504 1959 898 2015 misericordiae
952 1980 1059 2016 non
1121 1968 1505 2022 extendentem
1582 1985 1801 2023 manum
1883 1986 2078 2034 suam,

502 2053 800 2107 absurdum
838 2070 944 2108 non
980 2057 1086 2110 erit
1116 2057 1300 2113 dicere
1331 2061 1619 2114 brachium
1661 2062 1778 2129 ejus
1807 2076 1929 2117 esse
1953 2079 2083 2118 cou-

505 2144 715 2199 tritum.
761 2145 867 2200 Sed
922 2145 1227 2213 hujusmodi
1282 2150 1669 2205 contritiouem
1714 2168 1818 2206 non
1873 2169 1901 2205 a
1948 2153 2079 2219 Deo,

502 2238 597 2292 sed
634 2252 665 2289 a
714 2238 930 2293 diabolo
962 2237 1080 2294 fieri
1124 2240 1457 2296 credendum
1493 2252 1594 2297 est.
1646 2242 1763 2310 Ipse
1797 2252 1881 2298 est
1935 2245 2080 2300 enim

502 2329 593 2396 qui
626 2330 863 2383 coluerit
900 2339 953 2384 et
990 2331 1320 2401 constringit
1345 2334 1571 2387 brachia
1602 2343 1983 2402 peccatorum,
2016 2351 2083 2391 ue

503 2420 569 2472 ad
613 2420 1044 2475 misericordiam
1088 2426 1468 2478 extendantur.
1522 2425 1609 2479 Fit
1655 2441 1786 2494 ergo
1830 2429 2079 2496 quaedam

503 2511 757 2565 contritio
818 2522 1166 2581 peccatorum
1203 2530 1232 2569 a
1272 2516 1403 2580 Deo,
1456 2532 1580 2571 cum
1631 2517 1953 2573 insidiantes
1986 2535 2081 2575 eos

498 2602 645 2671 justo
672 2603 900 2658 destruit
932 2613 987 2659 et
1017 2605 1290 2673 deterret;
1337 2608 1585 2675 quaedam
1616 2624 1744 2663 vero
1776 2625 1803 2662 a
1839 2609 2077 2677 diabolo,

500 2710 625 2747 cum
672 2694 798 2750 boui
831 2697 1016 2767 operis
1052 2699 1231 2753 studia
1283 2699 1425 2753 velut
1471 2700 1669 2755 vinctis
1724 2711 1778 2756 et
1828 2703 2080 2757 contritis

505 2786 801 2843 infidelium
844 2790 1086 2847 brachiis
1130 2792 1378 2861 impedit.
1429 2793 1492 2847 Et
1533 2804 1617 2848 est
1663 2794 1763 2847 alia
1794 2797 2077 2862 contritio,

502 2894 623 2945 qua:
653 2895 681 2933 a
720 2880 830 2936 Deo
860 2883 1080 2952 quidem
1133 2886 1470 2950 conceditur,
1526 2887 1779 2957 impletur
1829 2898 2009 2942 autem
2048 2906 2075 2942 a

503 2972 756 3039 diabolo,
801 2975 890 3029 illa
941 2977 1009 3032 de
1066 2993 1173 3048 qua
1221 2980 1438 3035 dicebat
1485 2983 1735 3038 diabolus
1780 2986 1847 3038 ad
1890 2984 2077 3039 Domi.

503 3078 628 3115 num
652 3064 696 3095 ³⁸
728 3081 743 3120 :
787 3064 1152 3124 Verumtamen
1178 3071 1402 3125 immitte
1431 3089 1645 3127 manum
1672 3085 1818 3129 tuam
1846 3087 1892 3130 et
1925 3086 2079 3145 tange

2205 581 2292 634 ubi
2349 581 2478 634 dicit
2517 581 2771 635 Dominus
2807 582 2874 635 ad
2907 593 3228 650 peccatores
3267 584 3312 615 ³⁸
3361 604 3375 639 :
3423 584 3617 640 Nescio
3657 606 3769 655 vos,

2201 673 2642 740 discediteame,
2693 677 2919 742 operarii
2971 680 3285 747 iniquitatis.
3343 678 3497 733 Sicut
3553 694 3686 751 ergo
3719 693 3773 736 et

2201 764 2326 816 alibi
2380 765 2577 819 dicitur
2603 767 2643 797 ³⁷
2677 785 2691 822 :
2728 768 3003 837 Cognoscit
3037 770 3294 824 Dominus
3329 771 3421 840 qui
3469 782 3588 825 sunt
3631 776 3769 843 ejus.

2199 858 2279 912 sic
2330 859 2419 913 hic
2456 875 2559 914 non
2615 861 2923 930 impiorum.
2979 864 3071 918 sed
3121 865 3593 919 immaculatorum
3654 869 3771 923 dies

2197 964 2531 1018 cognoscere
2566 952 2765 1006 dicitur
2812 953 3090 1011 Dominus.
3142 956 3296 1026 Digtti
3342 958 3484 1009 enim
3530 958 3766 1014 Scientia

2202 1041 2408 1094 Domini
2450 1042 2920 1097 immaculatorum
2951 1046 3085 1100 dies.
3123 1048 3228 1101 Sed
3256 1057 3310 1102 et
3340 1050 3445 1103 hoc
3470 1048 3767 1104 secundum

2196 1132 2440 1186 litteram
2471 1134 2656 1188 nescio
2694 1135 2739 1188 si
2772 1136 2947 1205 possit
2976 1149 3373 1208 consequenter
3415 1142 3633 1212 exponi:
3666 1142 3765 1209 Qui

2195 1224 2338 1277 enim
2379 1236 2603 1291 possunt
2649 1242 2768 1282 esse
2817 1228 2934 1283 dies
2989 1230 3483 1298 immaculatorum,
3537 1235 3627 1305 qui
3658 1250 3764 1292 non

2194 1317 2302 1370 sint
2326 1319 2490 1371 etiam
2515 1322 2898 1388 peccatorum?
2928 1338 3049 1377 cum
3084 1322 3242 1390 hujus
3271 1326 3452 1379 smculi
3489 1328 3607 1381 dies
3659 1344 3765 1382 uua

2193 1410 2490 1479 eademque
2521 1411 2593 1464 sit
2637 1414 2911 1478 omnibus,
2956 1424 3119 1484 atque
3152 1417 3202 1469 in
3251 1419 3439 1473 eadem
3474 1419 3761 1487 sivejusti,

2192 1503 2309 1559 sive
2335 1513 2650 1571 peccatores
2686 1505 2847 1559 simul
2876 1507 2996 1562 luce
3023 1521 3309 1564 versentur
3342 1529 3355 1564 :
3387 1511 3603 1566 sicutet
3650 1513 3765 1582 ipse

2192 1593 2453 1648 Dominus
2482 1596 2547 1649 de
2568 1593 2732 1650 Patre
2765 1597 2897 1652 dicit
2929 1599 2995 1661 ³⁸,
3026 1602 3151 1667 quia
3205 1602 3365 1654 solem
3412 1617 3566 1654 suum
3611 1601 3764 1670 jubet

2191 1684 2318 1737 oriri
2347 1701 2505 1753 super
2528 1686 2686 1740 bonos
2709 1694 2757 1741 et
2779 1686 2966 1746 malos.
2992 1687 3273 1754 Quomodo
3323 1704 3451 1760 ergo
3494 1690 3582 1744 hic
3616 1691 3764 1745 velut

2189 1786 2475 1844 exceptum
2524 1774 2729 1846 aliquid
2787 1787 2843 1832 et
2895 1790 3240 1850 segregatum
3294 1780 3762 1836 immaculatorum

2187 1866 2304 1921 dies
2333 1881 2664 1936 cognoscere
2695 1869 2899 1924 dicitur
2932 1871 3229 1926 Dominus?
3258 1874 3362 1927 Sed
3389 1872 3669 1926 videamus
3694 1888 3761 1926 ne

2186 1958 2325 2013 forte
2360 1961 2732 2029 unusquisque
2768 1963 3042 2030 propriam
3095 1964 3197 2018 sibi
3246 1965 3359 2033 ipse
3393 1966 3555 2020 faciat
3594 1965 3756 2019 dicat.

2188 2049 2251 2102 Et
2280 2049 2325 2104 si
2358 2053 2574 2119 quando
2620 2052 2943 2118 abjicientes
2992 2054 3336 2108 mendacium
3373 2053 3645 2123 loquimur
3672 2070 3762 2106 ve-

2188 2142 2401 2195 ritatem
2452 2158 2575 2198 cum
2626 2145 2874 2212 proximo
2926 2154 3134 2210 nostro,
3183 2148 3237 2200 iu
3300 2147 3544 2202 veritatis
3587 2148 3675 2202 die
3707 2156 3763 2201 et

2187 2234 2431 2289 veritatis
2465 2235 2586 2289 luce
2615 2250 2918 2289 versamur.
2975 2235 3241 2291 Similiter
3267 2247 3321 2291 et
3362 2253 3486 2291 cmn
3525 2239 3760 2292 retrahi-

2186 2342 2305 2381 mus
2350 2343 2446 2382 nos
2487 2328 2555 2381 ab
2592 2327 2659 2383 iis
2692 2329 2783 2398 qui
2827 2330 3058 2383 oderunt
3081 2328 3299 2395 fratres,
3353 2337 3407 2382 et
3442 2329 3493 2382 in
3527 2329 3762 2383 tenebris

2184 2418 2485 2485 ambulant,
2532 2427 2589 2472 et
2635 2420 2689 2471 iu
2735 2418 3035 2474 dilectione
3073 2420 3305 2471 fratrum
3344 2431 3759 2486 permanemus,

2184 2511 2297 2565 dies
2332 2511 2488 2565 nobis
2515 2511 2746 2566 facimus
2776 2512 3089 2567 charitatis.
3122 2512 3227 2565 Sed
3256 2518 3311 2564 et
3344 2526 3466 2565 cum
3492 2509 3759 2578 justitiam

2182 2603 2546 2668 custodimus,
2580 2612 2781 2661 etcum
2828 2605 3111 2657 visitantes
3156 2604 3346 2657 viduas
3372 2615 3535 2671 atque
3559 2602 3761 2669 orpha-

2185 2711 2282 2750 nos
2321 2696 2373 2750 in
2403 2694 2755 2749 tribulatione
2784 2708 2903 2757 sua,
2957 2693 3337 2747 immaculatos
3381 2706 3480 2745 nos
3519 2692 3760 2744 custodi-

2182 2802 2302 2841 mus
2335 2786 2402 2840 ab
2432 2786 2535 2839 hoc
2564 2784 2784 2847 saeculo,
2822 2782 3293 2837 immaculatorum
3326 2779 3486 2834 nobis
3520 2780 3651 2849 ipsis
3677 2779 3759 2832 fa-

2183 2881 2357 2936 cimus
2390 2880 2523 2933 dies.
2574 2876 2640 2930 Et
2690 2877 2778 2932 isti
2811 2885 2936 2931 sunt
2986 2876 3099 2930 dies
3138 2889 3278 2943 quos
3330 2887 3488 2927 nosse
3532 2871 3753 2934 dicitur,

2182 2972 2398 3042 quando
2443 2969 2725 3041 cognoscit
2768 2969 2882 3023 dies
2929 2966 3426 3021 immaculatorum.
3474 2962 3676 3017 Verum
3710 2962 3754 3015 si

2184 3066 2534 3120 sacratiorem
2580 3063 2759 3116 adhuc
2814 3074 3033 3114 sensum
3086 3058 3139 3111 in
3187 3057 3289 3110 hoc
3340 3056 3460 3109 loco
3510 3053 3758 3107 volumus

502 3158 677 3209 omnia
723 3174 840 3227 qua:
884 3159 1067 3228 habet,
1101 3163 1204 3216 nisi
1247 3165 1300 3217 in
1335 3165 1525 3224 faciem
1564 3176 1613 3221 te
1651 3169 1992 3236 benedia'erit,
2022 3182 2076 3227 et

2186 3156 2543 3226 perscrutari,
2594 3167 2887 3224 possumus
2922 3152 3102 3206 dicere
3147 3147 3275 3218 quia
3311 3149 3428 3201 dies
3474 3145 3601 3199 mali
3634 3154 3761 3198 sunt

503 3259 615 3302 tum
658 3252 871 3321 accepit
917 3268 1043 3310 eum
1089 3256 1140 3309 in
1192 3267 1482 3326 potestate.
1536 3257 1690 3315 Unde
1734 3273 1789 3318 et
1834 3264 1949 3332 ipse
1977 3265 2077 3320 Job

499 3339 579 3393 ait
606 3340 648 3371 ³¹
685 3361 698 3396 :
736 3341 928 3397 Manus
958 3346 1093 3398 enim
1133 3346 1345 3401 Domini
1380 3358 1457 3402 est
1494 3368 1612 3418 qum
1646 3353 1865 3421 contigit
1901 3369 2003 3406 me.

569 3431 625 3488 8.
659 3432 908 3502 Sit/fulcit
937 3446 1109 3490 autem
1135 3438 1314 3506 justas
1349 3439 1601 3494 Dominus
1630 3443 1698 3497 “.
1735 3443 1840 3508 Qui
1877 3443 2078 3497 infirmi

499 3534 704 3581 suntet
742 3526 983 3596 fragiles,
1028 3544 1164 3597 opus
1194 3530 1395 3585 habent
1424 3531 1730 3588 suﬂ‘ultore.
1780 3533 1882 3588 Ubi
1919 3535 2078 3589 ruina

498 3616 750 3671 imminet
781 3626 835 3670 et
866 3616 1076 3686 lapsus,
1122 3618 1194 3671 ibi
1221 3620 1482 3687 qtueritur
1515 3621 1825 3677 sull‘ultura.
1886 3625 2081 3681 Omnis

499 3714 681 3759 autem
735 3706 897 3760 homo
953 3718 1217 3774 quantum
1250 3711 1316 3764 ad
1374 3711 1670 3766 humanam
1727 3714 2078 3785 fragilitatem

500 3804 730 3864 spectat,
766 3805 821 3850 et
856 3796 1106 3851 infirmus
1135 3809 1224 3854 est
1253 3811 1306 3855 et
1330 3811 1614 3872 promptus
1647 3808 1715 3861 ad
1749 3807 1980 3876 lapsum.
2016 3809 2080 3863 Et

502 3887 554 3936 in
609 3885 710 3941 hoc
757 3888 976 3957 quidem
1013 3890 1222 3957 psalmo
1274 3893 1537 3961 scriptum
1584 3905 1687 3961 est,
1735 3899 1860 3966 quia
1902 3898 2081 3967 justos

501 3977 771 4034 suffulciat
826 3980 1122 4047 Dominus,
1181 3992 1233 4037 et
1289 3984 1341 4037 in
1377 3983 1484 4040 alio
1528 3986 1659 4040 dicit
1702 3988 1747 4018 ³³
1778 4005 1792 4040 :
1824 3987 2080 4058 Sit/fulcit

505 4067 759 4124 Dominus
784 4087 962 4126 omnes
982 4074 1073 4142 qui
1106 4075 1326 4141 cadunt,
1356 4088 1403 4131 et
1429 4078 1579 4147 erigit
1606 4079 1867 4135 Dominus
1899 4098 2081 4137 omnes

499 4158 677 4213 elisos.
705 4159 936 4216 Tantum
970 4172 1055 4218 est
1079 4173 1139 4216 ut
1162 4179 1261 4220 nos
1301 4171 1757 4239 expergiscantur
1786 4172 2081 4243 aliquando

498 4259 555 4302 et
577 4250 916 4319 evigilemus,
945 4263 1005 4307 ut
1039 4254 1083 4308 si
1115 4261 1336 4324 quando
1368 4275 1466 4326 per
1500 4262 1873 4318 infirmitatem
1917 4282 2079 4322 casus

500 4343 699 4412 aliquis
744 4345 1015 4410 imminet,
1062 4349 1421 4418 deprecemur
1472 4354 1761 4411 Dominum
1807 4367 1865 4412 ut
1901 4361 2083 4415 mittat

501 4435 657 4491 nobis
687 4437 912 4490 verbum
945 4452 1101 4491 suum
1131 4448 1185 4493 et
1217 4442 1546 4509 sapientiam
1589 4460 1769 4513 suam,
1816 4464 1937 4517 qua:
1966 4451 2084 4505 suf-

502 4523 689 4579 fulciat
719 4540 946 4580 casuros
970 4535 1025 4579 et
1054 4528 1249 4597 erigat.

572 4610 624 4664 9.
660 4611 937 4682 Cognoscit
1004 4615 1263 4671 Dominus
1306 4620 1418 4674 dies
1460 4622 1963 4695 immaculatorum,
2028 4641 2077 4684 et

501 4701 781 4757 hwreditas
834 4721 1016 4759 eorum
1070 4707 1125 4760 in
1167 4718 1420 4765 wternum
1475 4716 1574 4767 erit
1629 4716 1695 4773 “.
1762 4719 2076 4776 Secundum

505 4791 842 4861 Scripturas,
870 4794 1007 4850 sicut
1038 4796 1090 4851 iu
1136 4799 1316 4853 multis
1344 4802 1479 4857 locis
1508 4804 1936 4872 observavimus,
1960 4812 2070 4866 Do-

507 4881 684 4938 minus
716 4900 822 4938 non
842 4888 1037 4941 omnia
1065 4893 1367 4959 cognoscit,
1392 4895 1486 4948 sed
1522 4895 1634 4949 sola
1658 4897 1749 4952 illa
1787 4916 1910 4969 quae
1936 4903 2076 4957 bona

504 4981 662 5039 sunt;
698 4974 835 5028 mala
869 4983 1046 5031 autem
1076 4979 1274 5033 dicitur
1319 4982 1592 5051 ignorare,
1628 5003 1732 5042 non
1769 4993 1911 5059 quod
1949 5009 2080 5050 vere

434 5118 438 5142 ί
504 5065 704 5133 aliquid
731 5065 804 5119 sit
833 5068 977 5134 quod
1023 5070 1140 5136 ejus
1173 5073 1459 5127 scientiam
1496 5076 1681 5143 lateat,
1730 5086 1824 5136 sed
1855 5099 1917 5137 ea
1961 5100 2081 5154 qua:

505 5155 722 5223 indigna
772 5168 900 5212 sunt
930 5160 1148 5216 notione
1188 5163 1323 5230 ejus,
1353 5165 1552 5220 dicitur
1597 5170 1872 5239 ignorare.
1924 5177 2078 5242 Quod

503 5248 841 5303 ostendimus
871 5250 1033 5303 etiam
1065 5254 1130 5306 de
1169 5253 1495 5324 Scripturis,
1529 5274 1650 5313 cum
1681 5262 1814 5317 dicit
1844 5265 2079 5333 Aposto~

504 5338 592 5394 lus
621 5340 666 5371 ³⁵
695 5354 710 5393 :
740 5338 797 5395 Si
827 5342 942 5409 quis
971 5344 1023 5395 in
1056 5346 1193 5399 vobis
1230 5350 1501 5416 prop/tcta,
1552 5352 1629 5405 vel
1654 5355 1935 5423 spiritalis,
1993 5377 2080 5415 co-

504 5443 717 5501 gnoscat
746 5450 861 5502 qua:
890 5436 1060 5489 scribo
1087 5438 1249 5503 vobis,
1281 5441 1533 5507 quoniam
1568 5443 1780 5499 Domini
1820 5460 1962 5504 sunt.
2016 5452 2079 5508 Si

578 5668 802 5741 f’ul’sal.
850 5685 900 5733 χ,
950 5669 1030 5741 l5.
1125 5674 1168 5703 ³ο
1208 5671 1328 5725 Job.
1375 5690 1411 5736 ι,
1469 5675 1548 5726 Η.
1626 5676 1664 5705 ³¹
1696 5675 1814 5729 .lub.
1849 5695 1959 5741 χιχ,
1993 5681 2082 5735 21.

586 5738 597 5785 l
628 5737 753 5789 Cor.
780 5725 1093 5804 κινξὸἲρὃ.
1172 5743 1215 5771 ³⁵
1236 5725 1425 5797 Maltli.
1456 5760 1547 5805 vn,
1569 5746 1658 5798 ‘25.

520 5796 556 5823 δ’
588 5806 709 5857 lsai.
756 5820 817 5857 LX
877 5796 1000 5861 t9.’
1043 5810 1082 5838 ”¹
1124 5812 1204 5865 l‘s.
1240 5796 1421 5877 xxxvi,
1464 5796 1547 5868 19]
1614 5796 1665 5844 λέ
1696 5796 1823 5871 ibid;

1738 5748 1777 5776 ³⁷
1815 5748 1849 5798 ll
1876 5750 2013 5803 'l'ittt.
2040 5768 2100 5815 lt,
2124 5752 2207 5808 19.

2182 3250 2341 3319 hujus
2369 3247 2552 3303 saeculi
2585 3245 2882 3301 secundum
2915 3243 3058 3311 quod
3086 3242 3347 3310 scriptum
3376 3248 3461 3294 est
3489 3239 3536 3271 "
3565 3253 3578 3290 :
3614 3236 3759 3303 Quo-

2182 3343 2326 3396 niam
2354 3341 2464 3394 dies
2493 3338 2619 3392 mali
2648 3346 2791 3391 sunt.
2827 3335 2952 3390 Dies
2979 3343 3160 3388 autem
3186 3332 3312 3387 boni
3351 3330 3440 3384 alii
3476 3338 3629 3395 sunt,
3659 3328 3754 3398 qui

2180 3447 2235 3491 et
2284 3434 2383 3504 ipsi
2430 3432 2898 3487 immaculatorum
2952 3436 3080 3481 sunt
3108 3465 3124 3492 ,
3184 3439 3322 3493 quos
3363 3423 3620 3477 Dominus
3665 3437 3752 3476 co-

2181 3525 2418 3595 gnoscit,
2450 3524 2503 3576 in
2533 3522 2730 3591 quibus
2751 3530 2806 3574 et
2837 3516 3129 3573 haereditas
3178 3528 3366 3568 eorum
3399 3515 3450 3568 in
3488 3523 3752 3568 alternum

2183 3626 2397 3683 manet;
2436 3626 2564 3669 tunc
2586 3615 2706 3670 siue
2729 3613 2890 3668 dubio
2916 3626 3039 3665 eum
3074 3609 3203 3679 justi
3255 3608 3629 3663 luereditatem
3660 3622 3757 3659 ca-

2182 3711 2334 3777 pient
2376 3708 2497 3761 vitae
2526 3716 2766 3771 aeternae,
2821 3716 3217 3774 consequentes
3266 3720 3386 3772 qua:
3436 3701 3620 3757 oculus
3654 3716 3759 3753 non

2182 3801 2330 3863 vidit,
2358 3817 2449 3854 nec
2484 3799 2630 3853 auris
2666 3800 2894 3862 audivit,
2923 3815 3014 3852 nec
3045 3801 3099 3852 iu
3127 3815 3217 3852 cor
3242 3797 3467 3853 hominis
3499 3794 3756 3857 ascendit,

2182 3906 2297 3959 qua:
2325 3890 2645 3958 prwparavit
2674 3889 2814 3942 Deus
2838 3889 3173 3957 diligentibus
3206 3906 3259 3942 se
3288 3887 3353 3943 ⁸ο.
3385 3886 3465 3940 11Ιί
3497 3896 3623 3941 sunt
3657 3888 3760 3939 im-

2182 3979 2575 4034 maculatorum
2607 3980 2744 4044 dies,
2774 3981 2828 4033 in
2857 3980 3053 4049 quibus
3082 3994 3186 4033 non
3221 3978 3427 4032 istesol
3467 3992 3626 4046 quem
3667 3992 3762 4030 oc-

2183 4086 2344 4126 casus
2373 4072 2601 4141 excipit,
2633 4079 2688 4127 et
2715 4070 2868 4140 cujus
2895 4087 2998 4126 nox
3028 4072 3328 4126 succedens
3355 4071 3537 4123 lumen
3567 4069 3758 4124 interi-

2184 4165 2301 4230 mit,
2335 4163 2433 4218 sed
2480 4164 2560 4219 sol
2602 4162 2831 4231 justitiae
2884 4164 3105 4229 lucebit,
3154 4162 3245 4228 qui
3283 4171 3497 4216 noctem
3527 4160 3756 4224 neseiat,

2182 4256 2274 4326 qui
2303 4256 2482 4310 lumen
2513 4265 2783 4311 externum
2815 4256 2906 4316 sit,
2939 4256 3081 4310 sicut
3111 4254 3373 4321 scriptum
3408 4259 3490 4305 est
3522 4251 3587 4315 δι,
3632 4250 3758 4319 quia

2183 4352 2293 4421 ipse
2329 4351 2582 4405 Dominus
2612 4350 2708 4404 erit
2753 4351 2827 4402 eis
2864 4348 2959 4401 ius:
2995 4347 3329 4415 sempiterna.

2255 4443 2343 4497 10.
2375 4442 2445 4495 Et
2470 4459 2574 4496 non
2599 4440 2990 4509 confundantur
3019 4440 3073 4491 in
3107 4447 3336 4505 tempore
3363 4434 3501 4488 malo
3536 4436 3602 4487 λ’.
3640 4434 3757 4489 Soli

2113 4519 2310 4604 Djusti
2343 4548 2450 4587 non
2504 4531 2906 4587 confundeutur
2936 4530 2989 4584 in
3031 4540 3273 4599 tempore
3315 4527 3476 4582 malo.
3522 4525 3758 4594 Tempus

2186 4638 2367 4681 atttem
2400 4624 2603 4679 malum
2654 4623 2742 4678 hic
2793 4637 3005 4691 tempus
3029 4621 3217 4688 judicii
3249 4620 3515 4684 nominat,
3541 4628 3761 4688 propter

2186 4717 2586 4772 multitudinem
2655 4725 3025 4783 peccatorum,
3090 4719 3145 4766 et
3192 4726 3379 4766 eorum
3444 4725 3581 4779 quos
3618 4725 3762 4764 saeva

2185 4800 2454 4863 tormenta
2484 4807 2802 4876 suscipient.
2834 4805 2988 4860 Tunc
3016 4820 3145 4873 ergo
3190 4805 3242 4856 in
3301 4814 3543 4873 tempore
3572 4818 3756 4857 resur—

2184 4902 2447 4957 rectiouis
2477 4915 2601 4955 cum
2658 4913 2849 4953 omnes
2887 4897 3321 4960 resurrexerint,
3351 4908 3407 4951 et
3438 4896 3528 4949 alii
3578 4911 3763 4951 resur-

2189 5006 2318 5065 gent
2362 4995 2413 5048 in
2446 4994 2613 5048 vitam
2641 5001 2920 5055 aeternam,
2955 4990 3044 5044 alii
3079 4991 3130 5043 in
3173 4989 3544 5044 confusionem
3604 4999 3764 5042 atter-

2188 5104 2335 5153 nam,
2381 5096 2535 5150 tunc,
2577 5086 2774 5155 inquit,
2825 5086 2953 5152 justi
3002 5100 3109 5138 non
3156 5083 3579 5148 confundeutur,
3636 5083 3761 5150 quia

2191 5178 2325 5233 nihil
2361 5178 2583 5247 dignum
2617 5176 2940 5232 confusione
2973 5178 3024 5230 in
3057 5191 3246 5230 eorum
3279 5176 3491 5230 actibus
3519 5175 3760 5229 invenie-

2190 5280 2299 5325 tur.
2332 5272 2497 5325 Addit
2531 5279 2715 5324 autem
2752 5269 2799 5302 ”
2833 5287 2846 5326 :
2876 5269 2940 5322 Et
2968 5270 3021 5321 in
3049 5271 3228 5323 diebus
3254 5269 3410 5338 [antis
3440 5268 3758 5322 saturabitu-

2187 5375 2297 5417 tur.
2355 5363 2741 5433 lnquirendum
2793 5363 2966 5432 primo
3009 5363 3211 5430 estqui
3256 5362 3366 5416 sint
3413 5361 3530 5416 dies
3582 5359 3760 5414 fatuis.

2186 5455 2565 5510 Connuiuatur
2596 5457 2647 5508 iu
2680 5456 2913 5525 quodam
2944 5454 3060 5506 loco
3116 5453 3254 5506 Deus
3286 5466 3382 5521 per
3417 5452 3760 5520 prepbetam,

3254 5683 3298 5714 "'
3329 5682 3417 5737 Ps.
3463 5698 3645 5744 xxxvt,
3678 5682 3759 5735 18.

3350 5753 3434 5807 ⁸⁰Ι
3465 5755 3588 5808 Cor.
3626 5767 3687 5817 tt,
3708 5752 3759 5807 9.

2739 5686 2781 5716 ³³
2817 5684 2901 5737 l’s.
2936 5701 3090 5749 chv,
3124 5684 3174 5738 8.

2805 5754 2847 5787 ³⁹
2887 5755 3081 5824 Ephcs.
3108 5770 3159 5819 ν,
3189 5755 3271 5809 16.

2162 5684 2204 5716 ³³
2234 5685 2319 5739 l‘s.
2358 5703 2540 5751 xxxvi,
2572 5686 2658 5740 Π.

2289 5757 2332 5787 εει
2357 5756 2603 5823 unum,
2631 5756 2727 5811 is.
