4110 6390
261 315 398 370 1543

935 293 1244 352 ΞΕΙᾸΞΟΤΑ
1277 290 1344 347 1Ν
1379 287 1721 344 PSALMOS.
1769 317 1832 326 —

1973 282 2108 338 MIL.
2135 282 2200 336 111
2239 281 2309 338 1Ν
2350 281 2548 338 PSAL
2593 280 2834 337 XXXVI.

3399 281 3538 335 1516

257 441 312 485 et
363 428 488 480 dicit
526 426 568 456 “
603 443 612 475 :
652 421 784 474 Ecce
835 417 945 468 dies
993 413 1230 473 veniant,
1281 409 1407 461 dicit
1464 406 1747 466 Dominus,
1790 413 1841 454 ct
1872 407 1912 460 Α
1949 408 2126 453 autem
2166 397 2289 467 quia
2313 396 2493 464 justus
2525 407 2662 461 erat,
2712 394 2987 449 nesciebat
3025 394 3241 449 famem.
3284 395 3376 450 Sic
3407 411 3539 464 ergo

260 519 537 574 immittam
586 515 778 582 [autent
839 519 996 573 super
1032 513 1248 563 terram,
1301 513 1403 550 non
1436 497 1629 564 famem
1669 494 1842 563 panis,

265 626 428 678 neque
456 608 602 660 sitim
630 617 806 671 aqum,
839 596 929 650 sed
964 594 1156 662 famem
1186 593 1254 644 ad
1279 589 1601 643 audiendum
1633 587 1846 639 reri-nm

265 701 382 757 Dei.
427 699 492 752 Et
538 695 830 750 circuibunt
861 689 924 740 ab
957 686 1349 752 orientemque
1388 682 1456 734 ad
1501 681 1846 741 occidentem,

265 804 320 849 ut
369 794 586 845 audiant
638 788 846 841 verbum
896 783 1144 844 Domini,
1198 789 1244 833 et
1273 795 1376 831 non
1418 775 1696 830 invenient.
1758 774 1847 828 lsti

302 896 391 936 unt
423 898 552 950 ergo
585 882 722 944 dies,
748 888 800 930 et
839 876 984 930 istud
1011 884 1093 926 est
1134 882 1345 940 tempus
1377 871 1554 934 lamis,
1589 884 1709 922 cum
1743 883 1848 920 non

268 984 388 1030 sinit
419 978 507 1045 qui
549 975 774 1026 verbum
810 971 900 1022 Dei
930 969 1244 1036 loquantur,
1268 969 1410 1019 sicut
1434 972 1485 1017 et
1511 966 1682 1016 fames
1707 976 1851 1015 nunc

266 1077 343 1121 est
368 1069 508 1134 apud
531 1066 764 1121 Jutlmos.
789 1061 1066 1130 Nusquam
1095 1059 1236 1112 enim
1264 1058 1558 1128 prophetae,
1588 1070 1849 1122 nusquam

268 1162 515 1229 sapiens,
583 1172 844 1225 nusquam
894 1155 1136 1223 prudens
1187 1152 1511 1212 mstimator,
1581 1163 1850 1216 nusquam

267 1250 796 1322 tpiiuquagenarins,
862 1261 1126 1314 nusquam
1188 1246 1408 1312 sapiens
1465 1243 1852 1307 consiliarius,

273 1359 539 1414 nusquam
579 1343 887 1411 intelligens
937 1340 1177 1404 auditor,
1217 1338 1397 1390 omnia
1450 1337 1670 1389 abstulit
1715 1335 1855 1389 Deus

271 1455 297 1490 a
330 1437 512 1492 Judaea
555 1443 609 1489 ct
655 1433 984 1488 Jerusalem.
1042 1432 1148 1486 Sed
1181 1439 1237 1482 ct
1275 1431 1324 1483 in
1362 1428 1518 1482 nobis
1555 1440 1735 1481 metus
1773 1439 1856 1481 est

271 1532 480 1600 ingens,
525 1544 592 1583 ne
622 1527 764 1582 forte
793 1527 959 1580 etiam
997 1524 1156 1577 nobis
1182 1524 1462 1577 immineat
1503 1521 1693 1576 liuues.
1733 1522 1854 1574 Sic-

271 1635 330 1678 ut
359 1625 501 1675 enim
535 1622 605 1675 illi
640 1621 705 1673 de
728 1619 926 1687 quibus
957 1633 1117 1685 supra
1151 1616 1408 1677 diximus,
1438 1615 1663 1682 legendo
1692 1615 1859 1685 668

275 1719 448 1784 legem
495 1725 547 1767 et
577 1728 680 1766 non
729 1709 978 1764 faciendo
1030 1711 1378 1762 incurrerunt
1406 1708 1457 1761 in
1493 1709 1593 1760 hoc
1623 1717 1674 1759 ut
1707 1707 1853 1760 verbi

275 1809 366 1862 liei
399 1807 594 1859 famem
621 1813 960 1875 paterentur,
989 1811 1041 1853 et
1069 1802 1420 1856 aul‘errentnr
1444 1800 1510 1853 ab
1547 1801 1650 1854 illis
1675 1801 1854 1852 omnia

274 1899 365 1953 Dei
402 1899 540 1952 dona
578 1912 694 1963 qua:
720 1911 878 1963 supra
913 1895 1169 1961 diximus,
1207 1902 1260 1946 et
1295 1895 1606 1947 mandatum
1637 1902 1718 1946 est
1754 1908 1855 1945 nu-

273 1992 429 2045 bibus
470 1990 776 2062 (prophetis
824 1989 1056 2054 scilicet)
1115 1977 1182 2041 ne
1230 1987 1485 2055 pluerent
1544 2001 1710 2054 super
1767 2001 1859 2039 eos

272 2084 510 2153 pluviam
548 2083 696 2136 verbi
735 2081 851 2143 Dei,
890 2081 1183 2134 verendum
1219 2091 1303 2134 est
1333 2095 1403 2134 ne
1435 2081 1539 2134 tale
1571 2082 1733 2134 etiam
1764 2080 1860 2131 al?-

272 2179 416 2246 qnod
449 2177 601 2231 nobis
634 2177 997 2243 correptionis
1045 2174 1336 2229 inducatur
1369 2191 1542 2244 genus
1570 2190 1580 2222 :
1623 2177 1718 2228 sed
1753 2189 1861 2226 ma-

275 2271 357 2336 gis
413 2269 715 2324 eliieiamur
773 2285 878 2323 non
910 2269 1188 2323 auditores
1229 2268 1361 2339 legis
1394 2279 1624 2335 tantum,
1664 2273 1759 2323 sed
1807 2277 1863 2321 ct

275 2363 536 2428 factores,
564 2373 622 2414 nt
655 2362 877 2416 mandet
904 2361 1164 2417 Dominus
1192 2363 1426 2416 nubibus
1444 2362 1578 2425 suis,
1611 2377 1714 2416 non
1746 2361 1860 2424 nni,

277 2468 452 2520 neque
485 2453 712 2517 duabus,
749 2455 842 2509 sed
874 2455 1143 2524 pluribus,
1179 2453 1366 2522 pluere
1400 2469 1568 2523 super
1601 2469 1699 2508 nos
1738 2455 1861 2524 plu-

275 2543 443 2604 viam,
478 2555 529 2596 ut
562 2543 614 2598 in
642 2545 884 2599 Ecclesia
927 2547 1211 2613 prophette
1241 2546 1345 2598 duo
1381 2545 1463 2598 vel
1511 2555 1622 2600 tres
1655 2547 1865 2610 dicant,

273 2645 326 2689 et
363 2635 545 2689 cteteri
597 2637 1024 2691 examinem":
1069 2646 1123 2690 ct
1180 2638 1223 2691 si
1285 2638 1500 2692 sedenti
1563 2639 1865 2692 revelatum

276 2725 465 2793 fuerit,
495 2729 645 2797 prior
679 2737 874 2794 taceat,
909 2739 967 2782 ut
997 2730 1182 2800 plures
1216 2730 1347 2783 ﬁant
1399 2733 1645 2800 operarii
1675 2732 1866 2785 incon-

279 2820 528 2874 l‘usibiles
558 2830 705 2875 recte
740 2831 1039 2875 tractantes
1069 2824 1296 2874 verbum
1322 2824 1593 2884 veritatis,
1629 2831 1687 2874 ut
1721 2823 1868 2876 diezit

279 2911 657 2978 unusquisque
700 2911 981 2964 doctorum
1046 2921 1101 2965 et
1159 2911 1574 2978 prce-dicentium
1643 2915 1867 2966 verbum

281 3001 374 3055 Dei
409 3003 706 3054 secundum
733 3001 961 3054 Paulum
996 3001 1042 3032 “
1073 3018 1085 3052 :
1124 3001 1231 3069 Ego
1263 3003 1513 3067 plantari,
1572 3015 1625 3056 et
1678 3004 1766 3056 ille
1797 3004 1870 3054 ri-

1950 489 2197 544 etiamsi
2247 488 2418 541 fames
2477 487 2659 540 veniat
2713 487 3043 556 aliquando,
3085 488 3228 556 quod
3275 488 3540 541 Dominus

1952 598 2057 635 non
2095 591 2316 649 praestet
2348 579 2604 634 Ecclesia!
2641 581 2789 632 sua)!
2832 579 2875 632 si
2910 579 3126 646 quando
3169 589 3348 634 tamen
3391 580 3540 636 acci—

1951 673 2064 736 dat,
2097 673 2186 739 qui
2228 673 2388 725 habet
2424 670 2758 723 intellectum
2801 679 2854 724 et
2894 671 3217 724 exercitium
3264 671 3315 723 in
3360 671 3537 725 medie

1955 767 2153 818 latione
2189 763 2338 816 verbi
2393 763 2509 828 Dei,
2555 774 2610 814 et
2658 763 2947 816 constituit
3007 761 3258 815 meditari
3325 763 3376 815 in
3423 761 3541 831 lege

1951 857 2067 924 ejus
2103 858 2188 912 die
2212 872 2274 908 ac
2303 866 2482 916 nocte,
2527 863 2690 922 atque
2720 869 2981 908 exercere
3006 869 3064 907 se
3093 855 3158 906 ad
3202 854 3537 912 intellectum

1954 949 2250 1017 spiritalem
2304 947 2734 1016 percipiendum,
2787 948 3029 1002 inveniet
3089 949 3139 1002 in
3191 948 3294 1001 illis
3341 963 3540 1016 panem

1957 1042 2102 1095 illum
2143 1041 2234 1109 qui
2269 1040 2334 1093 de
2375 1040 2513 1092 cmlo
2554 1039 2859 1103 descendit,
2897 1049 2948 1093 et
2991 1040 3083 1094 lict
3120 1040 3166 1094 ei
3209 1054 3392 1094 sermo
3449 1037 3541 1092 Dei

1956 1143 2240 1196 abundans
2273 1143 2446 1206 cibus,
2477 1149 2532 1192 et
2564 1139 2839 1208 proﬂuens
2878 1153 3072 1210 potus;
3132 1151 3186 1196 et
3224 1157 3328 1196 non
3367 1141 3543 1196 solum

1957 1237 2108 1290 cibus
2147 1245 2198 1289 ct
2235 1245 2414 1306 potus,
2464 1248 2648 1286 verum
2685 1233 2728 1287 si
2786 1234 3139 1303 proi'undiora
3194 1245 3542 1291 sacramenta

1962 1329 2207 1399 mystica}
2267 1327 2639 1394 intelligentim
2698 1327 2943 1395 poluerit
2986 1328 3342 1395 perscrutari,
3385 1337 3548 1381 erunt

1960 1419 2006 1472 ei
2044 1433 2325 1471 sermones
2364 1417 2454 1469 Dei
2482 1415 2712 1469 deliciae.
2749 1415 2937 1472 Potest
2965 1417 3131 1471 etiam
3157 1416 3265 1471 alio
3306 1417 3466 1470 modo
3491 1418 3544 1471 iu

1962 1510 2068 1564 hoc
2115 1509 2233 1563 loco
2295 1507 2616 1576 prol‘undior
2655 1523 2850 1562 sensus
2909 1509 3133 1578 aperiri.
3177 1509 3444 1564 Dominus
3498 1519 3554 1563 ct

1963 1602 2214 1656 Salvator
2260 1602 2335 1653 ait
2364 1602 2409 1632 “
2449 1624 2459 1655 :
2500 1598 2682 1653 Veniet
2740 1617 2848 1654 nox
2905 1603 3119 1671 quando
3165 1617 3316 1654 nemo
3382 1612 3551 1667 potest

1967 1693 2198 1758 operari.
2234 1689 2300 1743 Et
2334 1692 2436 1744 hoc
2465 1689 2595 1742 dicit
2625 1690 2692 1742 de
2719 1687 2813 1742 illo
2843 1696 3087 1758 tempore
3118 1690 3262 1758 quod
3297 1690 3406 1742 erit
3432 1700 3554 1758 post

1892 1755 1930 1807 Β
1965 1788 2064 1838 hoc
2101 1784 2384 1850 smcnlum,
2429 1793 2674 1851 tempore
2705 1797 2812 1852 quo
2847 1755 3222 1850 unusquisque
3263 1797 3360 1850 pro
3396 1755 3555 1835 malis

1965 1891 2078 1943 suis
2123 1889 2348 1956 recipiet
2381 1901 2591 1956 poenas.
2636 1886 2788 1940 Tune
2818 1899 2949 1953 ergo
2985 1883 3118 1937 dicit
3159 1890 3372 1936 noctem
3403 1881 3548 1935 illam

1967 1982 2226 2044 futuram,
2253 1996 2377 2034 cum
2404 1981 2517 2045 jam
2555 1994 2714 2034 nemo
2740 1985 2922 2047 potest
2954 1974 3168 2045 operari
3205 1974 3430 2044 aliquid,
3461 1974 3554 2026 sed

1965 2073 2343 2141 unusquisque
2394 2081 2522 2125 tunc
2558 2071 2798 2140 pascitur
2845 2085 2912 2123 ex
2955 2068 3214 2138 operibus
3263 2068 3378 2122 suis
3431 2080 3554 2134 quae

1966 2165 2058 2218 hic
2099 2165 2307 2232 positus
2336 2172 2592 2231 operatus
2630 2170 2733 2216 est.
2765 2159 2900 2215 Cum
2933 2175 3063 2230 ergo
3094 2175 3198 2212 nox
3231 2158 3430 2224 fuerit,
3461 2171 3556 2211 ne-

1971 2271 2060 2309 mo
2089 2263 2351 2323 operatur
2380 2252 2434 2306 in
2469 2252 2560 2307 illo
2600 2261 2844 2320 tempore
2875 2268 2890 2303 :
2923 2266 3044 2304 cum
3071 2258 3388 2318 peccatores
3417 2262 3558 2316 sup—

1971 2347 2148 2417 pliciis
2203 2344 2537 2415 aﬂligentur,
2591 2344 2697 2397 erit
2747 2342 2868 2396 sine
2919 2339 3083 2395 dubio
3137 2337 3308 2393 fames
3347 2338 3435 2392 bis
3465 2337 3558 2407 qui

1971 2450 2148 2504 nullos
2194 2447 2405 2502 fructus
2459 2446 2585 2501 boni
2617 2446 2800 2516 operis
2837 2444 3198 2508 collegerunt.
3243 2439 3300 2495 In
3343 2441 3438 2495 illo
3465 2455 3564 2494 au-

1973 2557 2079 2598 tem
2107 2540 2265 2595 lamis
2297 2549 2561 2609 tempore,
2613 2537 3011 2594 saturabuntur
3053 2535 3212 2604 justi,
3258 2549 3325 2589 ex
3361 2533 3562 2588 fructi-

1973 2634 2073 2688 bus
2105 2631 2311 2687 scilicet
2342 2630 2574 2700 justitite
2613 2643 2744 2685 suae.
2774 2627 2932 2682 Sicut
2957 2627 3101 2682 enim
3136 2625 3188 2680 in
3217 2626 3439 2680 deserto
3465 2638 3562 2678 sex

1973 2725 2163 2779 diebus
2191 2723 2519 2792 colligebant
2569 2738 2768 2777 manna
2804 2721 2872 2784 ⁵³,
2920 2721 2974 2774 in
3015 2729 3168 2775 sexta
3222 2729 3405 2773 autem
3470 2717 3562 2772 dic

1975 2830 2081 2869 non
2123 2814 2286 2868 unius
2321 2814 2426 2867 diei
2469 2815 2713 2878 modum,
2743 2812 2838 2866 sed
2869 2821 3132 2881 quamam
3187 2809 3461 2864 suﬂieeret
3507 2809 3564 2863 in

1975 2904 2270 2958 crastinum
2313 2903 2665 2971 colligebant,
2707 2910 2764 2956 et
2815 2905 3196 2970 unusquisque
3249 2901 3446 2954 edebat
3508 2897 3564 2952 in

1977 2995 2064 3047 die
2096 2993 2345 3057 Sabbati,
2375 3008 2497 3062 qua:
2524 2992 2822 3062 collegerat
2855 2991 2906 3045 in
2942 2992 3031 3046 die
3059 3000 3216 3045 sexta
3243 3007 3258 3053 ;
3303 2991 3373 3044 ita
3403 2988 3566 3044 etiam

279 3095 440 3163 gavit,
467 3093 558 3146 sed
588 3093 726 3146 Deus
753 3095 1128 3146 incrementum
1157 3095 1319 3148 dedit.
1356 3095 1480 3148 Itch
1509 3105 1689 3150 autem
1714 3095 1868 3159 licnt,
1898 3090 1940 3148 C
1979 3103 2122 3140 nunc
2155 3086 2305 3140 velut
2333 3097 2486 3140 sexta
2523 3086 2775 3155 quaedam
2815 3085 2937 3139 dies
2969 3084 3207 3154 putanda
3234 3093 3319 3138 est
3349 3082 3564 3137 Domini

283 3186 327 3238 si
362 3199 460 3237 nos
492 3185 584 3251 qui
610 3185 852 3252 rigantur
887 3199 914 3235 a
954 3185 1188 3238 nubibus
1222 3195 1276 3238 ct
1306 3186 1614 3240 audivimus
1643 3189 1867 3240 verbum

285 3276 403 3344 Dei,
437 3276 730 3330 alieramus
765 3276 974 3331 fructus
1009 3277 1126 3330 illos
1159 3293 1298 3347 quos
1328 3287 1616 3333 enumerat
1639 3279 1872 3346 Aposto-

282 3367 368 3422 lus
397 3367 464 3432 ",
509 3369 559 3422 id
587 3377 693 3432 est,
745 3369 952 3439 fractus
1001 3371 1244 3436 spiritus,
1293 3371 1383 3440 qui
1422 3380 1550 3424 sunt
1592 3371 1870 3440 gaudium,

282 3461 541 3525 Charitas,
573 3477 701 3528 pax,
734 3461 1009 3528 patientia,
1044 3459 1445 3529 longanimitas,
1477 3469 1531 3514 et
1558 3471 1755 3514 cartera
1792 3462 1874 3515 his

283 3553 506 3607 similia.
541 3553 686 3619 Quos
740 3552 957 3606 fructus
988 3554 1030 3606 si
1096 3569 1375 3607 moramur
1429 3552 1644 3618 ali‘erre,
1677 3569 1889 3608 veren—

285 3647 411 3698 dum
453 3656 536 3700 est
576 3662 642 3700 ne
702 3646 991 3700 mandetur
1041 3647 1272 3699 nubibus
1302 3648 1587 3701 obstruere
1627 3663 1655 3699 a
1718 3646 1878 3702 nobis

285 3737 489 3791 imbres
518 3752 668 3805 suos,
720 3747 777 3792 et
833 3737 1060 3806 incipiat
1122 3741 1498 3808 unusquisque
1563 3749 1876 3795 sanctorum

287 3829 469 3883 facere
501 3829 633 3882 illud
665 3829 809 3897 quod
839 3830 1100 3895 scriptum
1133 3839 1217 3883 est
1247 3829 1292 3860 ⁸³
1322 3847 1336 3882 :
1367 3829 1473 3894 Qui
1524 3843 1699 3884 (uitem
1732 3831 1881 3885 intel-

285 3918 484 3985 ligit,in
521 3930 748 3984 tempore
775 3919 867 3972 illo
901 3919 1096 3971 sedebit
1147 3928 1197 3972 et
1249 3920 1465 3984 tacebit,
1497 3923 1623 3990 quia
1677 3932 1877 3988 tempus

287 4011 485 4064 malum
517 4019 615 4063 est.
651 4010 756 4062 Sed
788 4010 1102 4063 meminisse
1149 4010 1410 4065 debemus
1454 4011 1699 4064 historia:
1739 4011 1881 4064 auti-

289 4117 522 4169 quorum
582 4102 649 4154 de
707 4099 870 4154 famis
930 4111 1197 4170 tempore,
1267 4103 1540 4170 quomodo
1591 4103 1774 4173 justus
1824 4103 1876 4157 in

293 4211 537 4270 tempore
567 4198 728 4253 faunis
776 4208 1082 4253 saturatur.
1136 4199 1485 4254 Conveniens
1523 4211 1653 4270 puto
1707 4199 1880 4255 funes

291 4301 411 4346 erat
441 4291 773 4358 temporibus
808 4291 938 4345 Eliae
970 4291 1250 4361 propheta:
1274 4291 1340 4357 δ’,
1372 4293 1590 4361 quando
1636 4293 1878 4347 clausum

1976 3177 2148 3232 nostri
2172 3176 2299 3231 Jesu
2331 3177 2532 3232 Christi
2560 3179 2848 3240 adventus,
2887 3184 2942 3230 et
2973 3185 3184 3244 tempus
3211 3175 3313 3228 hoc
3345 3173 3566 3240 dispen-

1978 3283 2210 3338 sationis
2236 3282 2374 3352 ejus,
2438 3295 2599 3349 quam
2655 3279 2910 3350 passione
2970 3293 3064 3331 sua
3115 3277 3216 3330 hoc
3257 3275 3311 3328 in
3370 3273 3569 3328 saeculo

1978 3385 2318 3460 procuravit.
2369 3384 2435 3437 Et
2481 3383 2687 3437 idcirco
2728 3382 2856 3435 dum
2906 3381 2958 3434 in
3012 3379 3100 3432 die
3148 3387 3300 3431 sexta
3356 3388 3567 3436 sumus,

1980 3481 2298 3548 Colligamus
2364 3490 2564 3530 manna
2619 3473 2942 3543 dupliciler,
2999 3480 3059 3522 ut
3111 3468 3360 3523 sullicere
3411 3466 3572 3520 nobis

1980 3570 2152 3636 possit
2184 3569 2309 3620 dum
2351 3563 2635 3619 advenerit
2671 3578 2797 3616 vera
2851 3559 3077 3615 Sahbati
3134 3558 3448 3612 observatio
3476 3571 3573 3627 po—

1980 3663 2090 3734 puli
2142 3661 2256 3716 Dci.
2287 3659 2343 3714 Si
2374 3658 2518 3712 enim
2558 3671 2664 3710 non
2693 3653 3077 3722 collegerimns
3115 3649 3355 3719 duplices
3394 3649 3570 3714 cibos,

1981 3754 2071 3822 qui
2115 3753 2269 3805 nobis
2301 3758 2356 3804 et
2382 3751 2433 3802 in
2465 3746 2724 3820 praesenti
2759 3744 2960 3797 saeculo
2994 3743 3262 3795 sulliciant
3292 3752 3347 3793 et
3389 3740 3443 3794 in
3489 3739 3572 3792 l'u-

1985 3855 2127 3908 turo,
2165 3843 2217 3894 in
2248 3841 2438 3895 diebus
2480 3840 2638 3893 famis
2682 3851 2786 3890 non
2827 3836 3221 3889 saturabimur.
3279 3833 3372 3888 Sic
3427 3835 3573 3886 enim

1983 3951 2106 3989 cum
2144 3932 2274 4002 justi
2330 3929 2723 3984 saturabuntur
2765 3928 2816 3978 in
2854 3925 3047 3978 diebus
3082 3925 3238 3977 funis
3266 3963 3281 3987 ,
3329 3936 3572 3991 peccato-

1985 4044 2089 4091 res,
2123 4023 2299 4093 inquit
2331 4023 2399 4085 “,
2437 4021 2723 4088 peribant;
2755 4017 2956 4068 inimici
2984 4027 3160 4067 autem
3208 4015 3417 4067 Domini
3462 4025 3569 4068 sta~

1984 4118 2073 4171 tim
2106 4126 2159 4168 ut
2190 4112 2528 4180 honori/icati
2562 4110 2757 4178 fuerint
2797 4119 2843 4160 et
2898 4106 3142 4168 excitati,
3175 4107 3475 4174 deﬁcientes
3522 4115 3576 4159 ut

1985 4208 2164 4277 [uinus
2219 4203 2487 4271 deﬁcient.
2559 4201 2726 4254 Docet
2774 4213 2872 4252 nos
2904 4211 3083 4250 sermo
3140 4197 3352 4249 divinus
3385 4194 3575 4265 quales

1987 4307 2095 4360 sint
2124 4306 2360 4358 honores
2393 4302 2551 4370 hujus
2592 4298 2802 4354 smculi.
2832 4297 2967 4352 Cum
3000 4299 3142 4350 enim
3177 4298 3378 4352 videris
3419 4298 3570 4353 illum

291 4396 377 4441 est
405 4386 604 4439 cmlum
658 4385 1017 4439 annislribus
1040 4394 1096 4438 et
1141 4385 1421 4440 mensibus
1463 4401 1580 4440 sex.
1645 4389 1711 4441 Et
1756 4398 1867 4440 tum

1989 4397 2226 4467 acceptis
2260 4395 2402 4449 illius
2444 4389 2738 4464 provincia:
2775 4389 3016 4444 fascibus
3058 4389 3349 4456 tumidum,
3400 4390 3565 4443 alium

294 4474 524 4542 populus
558 4473 774 4542 quidem
821 4474 1234 4542 periclitabatur
1266 4473 1431 4542 fame,
1464 4477 1558 4530 sed
1591 4478 1739 4532 Elias
1775 4497 1879 4533 non

294 4568 607 4636 patiebatur
655 4565 876 4619 fatnem.
928 4565 992 4618 Et
1038 4574 1164 4618 tunc
1193 4566 1413 4634 quidem
1446 4568 1778 4636 pascebatur
1813 4571 1884 4624 ab

295 4659 488 4728 angelo
527 4659 596 4722 δ’,
622 4659 838 4728 quando
864 4665 918 4712 et
941 4658 1069 4712 abiit
1121 4659 1173 4712 in
1224 4659 1429 4713 virtute
1462 4675 1602 4714 esca:
1637 4662 1800 4727 illius,
1829 4672 1886 4718 et

295 4751 600 4820 permansit
633 4751 992 4821 quadraginta
1020 4752 1212 4806 diebus
1239 4761 1293 4805 et
1318 4753 1681 4821 quadraginta
1711 4757 1886 4809 nocti-

300 4843 432 4906 bus;
487 4856 630 4895 nunc
666 4852 846 4896 autem
889 4844 1068 4897 corvis
1122 4844 1560 4901 ministrantibus
1611 4850 1883 4916 pasceba-

303 4945 392 4989 tur
419 4936 490 4998 “,
522 4951 646 4990 cum
696 4936 745 4988 ei
783 4937 834 4990 in
879 4940 1150 4993 matutino
1197 4956 1368 5009 panes
1409 4943 1684 4996 deferrent
1731 4953 1784 4999 et
1818 4945 1882 4998 ad

300 5045 587 5101 veSperum
621 5044 841 5096 carnes,
869 5039 924 5084 et
958 5031 1153 5086 iterum
1192 5033 1432 5086 rel‘crtur
1455 5034 1660 5090 bibisse
1689 5052 1885 5106 aquam

303 5125 369 5179 de
399 5133 638 5178 torrente
668 5122 888 5189 Corath,
931 5133 984 5180 et
1027 5125 1240 5180 venisse
1287 5127 1338 5180 in
1375 5125 1601 5197 Sarepta
1637 5128 1886 5184 Sidonio-

305 5233 425 5271 rum
459 5220 524 5271 ad
577 5218 856 5272 mulierem
907 5218 1122 5271 viduam
1175 5217 1330 5274 lamis
1375 5230 1638 5292 tempore,
1683 5234 1736 5276 et
1759 5225 1884 5293 quia

295 5313 478 5378 justus
524 5318 666 5372 erat,
707 5326 812 5363 non
861 5320 945 5364 est
999 5325 1189 5380 passus
1253 5311 1490 5366 inediam
1541 5313 1740 5382 laniis,
1791 5316 1884 5369 sed

310 5400 506 5469 ubique
547 5400 594 5452 ei
635 5400 962 5453 abundantia
1005 5412 1200 5470 praesto
1250 5414 1401 5467 erat;
1443 5413 1604 5473 atque
1649 5421 1754 5459 uno
1788 5422 1886 5460 eo-

307 5493 538 5560 demque
585 5502 825 5560 tcmpure
866 5501 988 5546 erat
1038 5495 1419 5562 peccatoribus
1471 5497 1670 5562 fames;
1743 5498 1888 5553 Elias

379 5701 426 5732 “
451 5703 616 5756 Amos
649 5718 718 5757 vn
761 5716 799 5762 ι.
836 5702 920 5762 11,
953 5702 1042 5757 12.
1118 5703 1163 5734 ’⁸⁵
1197 5703 1211 5755 Ι
1241 5702 1364 5756 Cor.
1407 5718 1514 5768 xiv,
1557 5704 1650 5758 ‘29.

308 5768 444 5840 Reg.
484 5787 616 5828 xvn.
695 5773 740 5804 ⁸⁸
773 5773 834 5826 lll
869 5773 998 5842 Reg.
1034 5789 1144 5827 nx.
1226 5773 1266 5803 '“
1301 5773 1360 5827 lll
1413 5775 1544 5844 lteg.
1589 5790 1720 5829 xvn.

1728 5703 1823 5759 ⁸⁵1
1864 5705 1991 5758 Cor.
2038 5721 2116 5768 III,
2143 5705 2197 5758 (i.

1799 5777 1843 5806 δ’
1875 5773 2029 5829 Jaan.
2070 5793 2145 5841 is,
2187 5778 2238 5830 4.

1990 4489 2364 4545 consulatibus
2403 4486 2626 4546 clatum,
2670 4483 2837 4538 alium
2875 4481 3106 4537 diversis
3161 4481 3576 4550 magistratibus

1991 4585 2284 4648 clevatnm,
2318 4596 2438 4634 cum
2481 4594 2612 4648 ergo
2651 4591 2871 4632 omnem
2931 4577 3090 4630 istam
3131 4576 3332 4630 videris
3385 4576 3578 4630 elatio-

1993 4692 2139 4742 nem,
2183 4673 2469 4729 considera
2503 4671 2629 4740 quia
2671 4669 2992 4724 deﬁcientes
3041 4670 3183 4724 sicut
3237 4671 3414 4723 fumus
3445 4669 3580 4723 deii-

1994 4773 2186 4827 cient:
2234 4769 2524 4822 recordare
2582 4766 2744 4820 etiam
2776 4773 3011 4834 quantos
3054 4765 3104 4818 in
3144 4765 3228 4818 bis
3282 4763 3582 4820 honoribus

1996 4865 2221 4927 videris,
2269 4871 2323 4916 et
2377 4877 2551 4930 usque
2598 4861 2664 4914 ad
2721 4871 2774 4916 te
2831 4869 3033 4930 quanta
3069 4873 3163 4913 eos
3204 4858 3418 4927 fastigia
3451 4873 3585 4911 con-

1999 4955 2283 5010 scendisse
2315 4953 2652 5017 memineris,
2707 4963 2761 5008 et
2790 4954 2910 5006 vide
2947 4952 2991 5007 si
3035 4967 3140 5005 non
3192 4965 3382 5003 omnes
3422 4950 3583 5015 bene,

1999 5058 2356 5118 posteaquam
2418 5045 2640 5098 exaltati
2688 5055 2837 5107 sunt,
2883 5043 3080 5113 deiecti
3124 5043 3302 5096 denuo
3347 5049 3401 5096 et
3457 5056 3582 5110 pro-

1998 5139 2154 5194 strati
2182 5140 2324 5192 sicut
2353 5135 2533 5190 fumus
2567 5135 2904 5190 defecerunt.
2946 5135 3160 5189 Inimici
3192 5141 3370 5188 autem
3395 5133 3580 5186 Domi.

1997 5231 2051 5283 ni
2082 5230 2260 5283 statim
2291 5236 2342 5280 ut
2375 5227 2778 5280 honorabantur
2811 5237 2857 5279 et
2897 5225 3297 5288 excitabantur,
3333 5223 3581 5290 deﬁcien-

1997 5331 2072 5374 tes
2105 5331 2157 5373 ut
2219 5320 2396 5387 [timus
2442 5313 2706 5384 deﬁcient.
2745 5317 3066 5371 Econtrario
3103 5333 3229 5370 vero
3272 5315 3433 5368 amici
3477 5315 3583 5368 Do-

2000 5411 2129 5464 Iuini
2167 5410 2350 5462 statim
2388 5418 2444 5460 ιιι
2466 5403 2764 5478 contempti
2807 5408 3004 5461 fuerint
3044 5417 3097 5459 et
3149 5405 3389 5475 despecti
3420 5415 3475 5459 et
3506 5405 3577 5459 ab

1977 5498 2311 5572 hominibus
2351 5497 2646 5564 bumiliati,
2696 5515 2724 5550 a
2765 5499 2876 5552 Deo
2936 5498 3323 5552 exaltabuntur
3364 5506 3418 5551 et
3467 5497 3584 5552 eri-

2278 5707 2319 5737 "
2362 5707 2542 5761 Calai.
2605 5723 2656 5772 v,
2691 5708 2782 5760 29..

2322 5779 2542 5836 “Exod.
2575 5795 2626 5832 Χ.

2860 5707 2904 5740 ⁸⁸
2946 5709 3111 5761 Amos
3155 5724 3206 5770 v,
3254 5708 3340 5764 13.

2706 5779 2752 5810 5"
2789 5779 2877 5834 l‘s.
2938 5795 3124 5834 xxxvi.
3178 5780 3268 5834 ειο.

3415 5706 3463 5740 ⁸⁵
3518 5703 3588 5766 111
