4110 6384
471 272 600 329 Ιῦ-ιῗ

1884 266 1973 321 EX
1999 266 2304 324 ORIGENE

3582 283 3716 341 1548

469 400 659 460 gentur
688 405 698 441 :
733 390 986 458 quoniam
1028 388 1197 441 omnis
1228 388 1317 453 qui
1351 402 1403 439 se
1429 384 1632 440 exultat
1653 384 2038 448 lmmiliabitur,
2071 381 2118 437 Α
2148 398 2241 437 vos
2268 384 2345 440 ":
2384 386 2490 450 Ite,
2522 388 2866 458 uegotiamiui
2913 406 3177 462 usquequo
3212 395 3437 449 redeam.
3471 396 3537 451 Et
3555 400 3621 452 ad
3654 400 3700 452 il-

470 493 513 535 τι
538 483 629 551 qui
653 498 706 535 se
739 481 978 533 ltumiliat
1013 480 1338 531 exaltabitur
1372 477 1441 531 ⁸³.

536 576 621 629 Η.
651 573 778 627 Post
811 573 924 625 lucc
960 572 1231 624 adduntur
1272 569 1517 638 qtue'dam
1559 584 1679 638 qua:
1720 585 1828 624 non
1871 584 2037 639 parva

467 664 707 734 indigent
729 662 1087 732 expositione,
1120 662 1196 715 ait
1225 662 1369 715 enim
1397 660 1444 691 "
1466 678 1485 715 :
1528 660 1867 713 Jlutuabitur
1917 677 2040 729 pec-

466 766 612 810 cator
641 765 689 809 et
720 772 821 809 non
851 754 1051 818 reddet,
1074 755 1254 822 justus
1286 764 1461 807 autem
1511 754 1789 807 miseretur
1814 764 1863 808 et
1891 770 2037 807 com-

463 849 661 902 modat.
697 847 869 901 Etiam
907 848 1010 901 hoc
1071 848 1115 901 si
1186 847 1483 901 secundum
1520 847 1755 901 litteram
1802 847 2039 916 accipia-

462 956 599 1002 mus,
636 955 740 994 nou
773 940 1045 995 videbitur
1085 954 1293 994 verum.
1346 938 1494 992 Multi
1548 940 1748 992 etenim
1789 949 2039 1009 peccato-

462 1044 548 1085 res
584 1040 773 1083 mutuo
801 1029 1080 1099 accipiunt
1111 1028 1403 1097 pecuniam
1427 1037 1481 1083 et
1515 1030 1743 1083 reddunt
1783 1044 1906 1083 cum
1958 1028 2038 1085 fe-

460 1136 614 1186 nore,
653 1122 724 1175 ita
767 1130 824 1175 ut
867 1132 923 1176 et
966 1121 1067 1192 ipsi
1112 1121 1387 1175 interdum
1433 1120 1643 1175 lucrum
1684 1137 1749 1176 ex
1809 1123 2037 1190 pecunia

459 1229 622 1284 quam
651 1224 1001 1284 sumpserant
1034 1213 1300 1282 ceperint.
1333 1212 1533 1267 Delinit
1570 1222 1750 1268 autem
1790 1215 1876 1268 hic
1905 1214 2038 1269 Pro-

459 1310 618 1375 pheta
647 1307 831 1362 dicens
866 1324 880 1360 :
924 1306 1262 1361 Mutuabitur
1295 1316 1560 1373 peccator,
1603 1316 1654 1359 et
1706 1321 1808 1359 non
1853 1306 2034 1362 solvet.

458 1397 565 1452 Sed
609 1399 654 1452 si
688 1398 963 1466 intelligas
990 1400 1112 1467 quis
1152 1407 1234 1453 est
1259 1399 1349 1465 qui
1401 1396 1631 1461 fenerat,
1690 1409 1747 1450 et
1805 1397 1928 1464 quis
1953 1404 2037 1451 est

460 1491 555 1557 qui
579 1490 773 1558 accipit
812 1490 990 1554 fenus,
1008 1500 1062 1543 et
1083 1490 1328 1559 requiras
1351 1490 1474 1557 quis
1494 1487 2037 1569 estpeccator669

458 1584 547 1652 qui
591 1599 696 1638 non
742 1584 912 1638 reddit
946 1584 1229 1652 pecuniam
1260 1598 1422 1651 quam
1459 1573 1690 1649 stt'mpsit
1717 1622 1729 1645 ,
1761 1581 2035 1650 intelliges

456 1680 900 1747 consequentiam
956 1679 1160 1733 habere
1204 1678 1345 1745 quod
1397 1678 1659 1746 scriptum
1710 1686 1814 1732 est.
1875 1674 2029 1730 Verbi

2146 475 2256 529 lum
2284 492 2505 533 servum
2533 481 2625 548 qui
2660 483 2945 550 pecuniam
2976 484 3336 555 multiplicare
3372 495 3713 558 contempse-

2144 578 2225 622 rat
2253 609 2268 633 ,
2309 571 2438 626 dicit
2472 570 2538 635 “,
2572 574 2701 641 quia
2718 572 2963 642 Oportuit
2994 586 3044 631 te
3078 579 3354 641 pecuniam
3382 596 3549 634 meam
3588 584 3714 635 dare

2143 663 2512 718 uummulariis
2540 702 2557 728 ,
2592 673 2642 718 et
2682 682 2775 735 ego
2806 669 3015 721 ueniens
3055 673 3337 739 exegissem
3376 688 3492 726 eam
3541 674 3713 743 utique

2144 766 2262 803 cum
2304 754 2503 807 usuris.
2539 752 2645 809 Iste
2678 766 2762 810 est
2793 767 3051 825 peccator
3082 761 3173 828 qui
3223 770 3501 816 mutuatur
3527 772 3580 815 et
3611 781 3713 817 non

2142 838 2346 894 solvet:
2385 840 2564 908 justus
2594 852 2773 898 autem
2805 858 3083 916 acceptam
3133 850 3425 918 pecuniam
3472 855 3710 909 restituet

2141 946 2263 985 cum
2296 936 2478 989 usuris
2504 973 2519 999 ,
2572 937 2677 993 hoc
2728 948 2813 993 est
2852 950 3133 1009 acceptum
3185 942 3279 997 Dei
3327 946 3551 997 verbum
3590 963 3713 1001 cum

2139 1026 2394 1093 operibus
2422 1039 2792 1097 repraesentat.
2820 1032 2991 1086 Audis
3018 1048 3326 1089 sermonem
3351 1037 3417 1091 de
3438 1038 3708 1103 castitate,

2141 1116 2413 1171 collaudas
2450 1120 2758 1187 doctorem,
2791 1124 3140 1192 amplecteris
3169 1126 3475 1182 doctrinam
3497 1170 3510 1191 ,
3543 1129 3711 1183 admi-

2140 1207 2283 1260 raris
2316 1210 2729 1279 magisterium,
2780 1226 2876 1281 per
2921 1212 3037 1268 haec
3090 1216 3379 1285 suscepisti
3428 1219 3711 1286 pecuniam

2140 1301 2428 1355 castitatis.
2467 1302 2535 1357 Et
2574 1304 2617 1357 si
2646 1306 2862 1373 quidem
2897 1315 3155 1374 peccator
3194 1323 3286 1371 es,
3317 1323 3568 1377 egressus
3621 1324 3709 1365 ee-

2139 1389 2358 1445 clesiam
2390 1393 2582 1449 inseris
2620 1406 2669 1450 te
2720 1398 2951 1465 negotiis
2992 1398 3376 1465 saecularibus,
3421 1402 3626 1471 excipit
3658 1414 3713 1457 te

2140 1481 2360 1537 lascivia
2388 1522 2403 1547 ,
2437 1487 2788 1557 subsequitur
2817 1490 3130 1545 temulentia
3159 1532 3175 1557 ,
3209 1504 3587 1563 corruptorum
3617 1494 3709 1549 lto-

2140 1573 2344 1627 minum
2374 1575 2619 1630 malclida
2643 1578 2937 1648 colloquia,
2966 1582 3166 1635 oblitus
3184 1583 3443 1637 continuo
3467 1586 3711 1640 omnium

2140 1680 2259 1733 quae
2304 1681 2332 1719 a
2373 1668 2593 1724 doctore
2639 1685 2961 1740 susceperas
2992 1714 3008 1738 ,
3051 1690 3168 1743 qum.
3201 1676 3522 1732 laudaveras
3547 1718 3563 1742 ,
3594 1694 3711 1748 qua:

455 1770 657 1838 gratia,
688 1786 811 1823 mm
846 1771 1006 1823 αηρει
1035 1770 1235 1823 panius
1263 1779 1319 1822 ει
1354 1768 1612 1823 assist“...
1639 1769 1689 1823 ei
1730 1770 2027 1833 auditores.
2066 1761 2109 1815 Β
2136 1756 2435 1811 admiratus
2466 1758 2670 1824 fueras,
2692 1770 2745 1814 et
2772 1763 2838 1816 ad
2867 1763 3132 1832 intpttdica
3169 1781 3381 1820 rursum
3412 1769 3711 1825 devolveris

453 1859 652 1916 Paulus
694 1870 779 1914 est
814 1864 903 1930 qui
935 1864 1222 1928 pecuniam
1267 1861 1475 1915 fenerat
1531 1860 1899 1924 dominicam,
1932 1876 2029 1914 att-

453 1952 660 2006 ditores
689 1962 869 2006 autem
902 1964 1029 2008 sunt
1058 1956 1152 2021 qui
1180 1970 1244 2008 ex
1278 1970 1374 2008 ore
1414 1955 1530 2023 ejus
1558 1954 1844 2023 pecuniam
1878 1955 2028 2009 verbi

452 2043 759 2112 suscipiunt
802 2044 1123 2099 feneratam.
1167 2046 1230 2099 Et
1286 2047 1328 2099 si
1375 2046 1590 2114 quidem
1631 2044 1807 2111 justus
1841 2046 2031 2115 sitqui

451 2135 715 2203 suscipiat
766 2136 835 2188 ab
868 2150 931 2188 eo
966 2138 1275 2205 pecuniam,
1322 2136 1509 2190 reddet
1559 2136 1827 2206 integrum
1875 2138 2029 2192 fenus

450 2236 509 2278 et
532 2225 705 2281 dicet:
726 2227 974 2297 Quinque
1000 2244 1155 2282 mnas
1193 2228 1324 2282 mihi
1355 2228 1573 2289 dedisti,
1609 2243 1735 2282 ecce
1762 2229 2029 2297 acqttisivi

453 2317 593 2371 alias
623 2319 868 2388 quinque
896 2319 962 2372 ⁸⁷.
1009 2320 1064 2373 Si
1090 2317 1271 2388 justus
1315 2327 1401 2374 est
1426 2358 1442 2384 ,
1474 2319 1644 2373 dicit:
1670 2317 1919 2391 Quinque
1951 2330 2029 2375 ta-

452 2410 595 2464 lenta
630 2411 756 2465 mihi
789 2412 1010 2475 dedisti,
1044 2427 1174 2466 ecce
1208 2413 1377 2468 habes
1428 2409 1771 2473 decem;vel,
1793 2411 1911 2466 Duo
1947 2424 2028 2468 ta-

452 2502 594 2556 lenta
631 2502 764 2556 mihi
809 2503 1002 2557 dedisti
1033 2543 1049 2567 ,
1078 2517 1208 2558 ecce
1240 2504 1410 2559 habes
1443 2515 1679 2573 quatuor
1707 2504 1775 2560 “2
1808 2504 1865 2560 Si
1896 2520 2026 2561 vero

452 2603 705 2663 peccator
733 2604 815 2648 cst
842 2634 857 2658 ,
892 2605 1147 2663 suscepto
1192 2595 1286 2649 Dei
1318 2595 1482 2650 verbo
1516 2612 1621 2649 non
1668 2605 1926 2665 operatur
1958 2612 2025 2653 es

448 2702 515 2741 eo
548 2702 711 2756 Opera
756 2687 1039 2753 mandati,
1066 2696 1120 2741 et
1152 2703 1258 2739 non
1293 2687 1471 2740 reddit
1514 2701 1705 2741 usuras
1728 2726 1743 2751 ,
1781 2689 1875 2741 sed
1903 2702 2027 2742 ron-

450 2776 620 2829 sumit
663 2777 843 2832 omnia
875 2792 995 2844 qua:
1039 2779 1248 2844 accepit
1297 2778 1348 2831 in
1409 2777 1587 2833 fenus.
1632 2778 1771 2833 Ecce
1801 2790 1856 2833 et
1884 2797 2026 2837 nunc

450 2877 549 2917 vos
575 2879 762 2919 omnes
798 2866 996 2934 quibus
1029 2867 1146 2920 haze
1190 2866 1382 2935 loquor
1406 2908 1427 2932 ,
1464 2872 1745 2938 pecuniam
1777 2871 2025 2942 accipitis

450 2956 747 3012 feneratam
787 2960 951 3012 verba
1019 2974 1179 3022 mea.
1228 2960 1344 3014 haec
1377 2961 1603 3030 pecunia
1659 2961 1867 3015 Domini
1919 2974 2021 3018 est.

448 3049 557 3101 Aut
592 3050 633 3103 si
667 3048 884 3105 dubitas
908 3091 931 3118 ,
964 3051 1089 3104 audi
1137 3051 1460 3120 Prophelam
1497 3054 1767 3107 dicentem
1795 3054 1865 3119 '9,
1894 3054 2023 3122 quia

439 3135 658 3209 Eloquia
686 3141 898 3196 Domini
922 3142 1133 3213 eloquia
1159 3154 1327 3207 casta,
1364 3155 1638 3212 argentum
1679 3145 1799 3214 igne
1829 3146 2022 3213 proba-

444 3236 554 3281 tum
586 3239 742 3284 terra:
773 3243 1057 3302 purgatum
1086 3234 1403 3301 septuplum.
1428 3234 1484 3288 Si
1506 3249 1635 3303 ergo
1661 3235 1801 3289 male
1831 3235 2021 3301 doceo,

442 3320 670 3386 pecunia
721 3337 837 3375 mea
891 3325 1117 3392 reproba
1154 3335 1237 3378 est
1265 3364 1281 3389 ,
1336 3328 1634 3379 secundum
1674 3327 1796 3382 illos
1827 3329 2025 3395 quibus

441 3415 645 3468 dictum
697 3424 779 3469 est
809 3416 878 3477 ‘°,
910 3426 1185 3485 argentum
1235 3428 1462 3470 uestrum
1499 3419 1793 3484 reprobum.
1824 3419 1879 3473 Si
1926 3436 2023 3473 au-

441 3514 548 3557 tent
599 3505 734 3558 bene
784 3504 952 3557 doceo
988 3545 1001 3568 ,
1056 3505 1283 3573 pecunia
1324 3506 1407 3560 vel
1457 3517 1743 3575 argentum
1793 3523 1897 3562 non
1939 3517 2024 3563 est

440 3608 641 3659 tneum,
672 3594 766 3647 sed
798 3593 1009 3648 Domini
1038 3603 1141 3658 est,
1175 3603 1229 3649 et
1270 3594 1557 3663 probatum
1583 3606 1686 3650 est.
1721 3599 1868 3653 Licet
1893 3615 2022 3669 ergo

441 3682 572 3735 mitti
606 3681 856 3736 fenerare
904 3683 1187 3751 pecuniam
1219 3684 1451 3749 Domini,
1484 3702 1660 3738 meam
1692 3697 1871 3743 autem
1896 3705 2023 3758 pro-

440 3775 614 3841 priam
668 3772 951 3841 pecuniam
1007 3788 1111 3827 non
1161 3773 1327 3839 licet,
1374 3775 1497 3843 quia
1540 3776 1763 3831 verbum
1805 3778 2019 3834 Domini

438 3866 692 3935 prohibet
739 3866 1032 3920 humanam
1100 3866 1386 3936 pecuniam
1448 3866 1704 3923 fencrari.
1755 3869 1886 3935 Quae
1934 3880 2019 3926 est

437 3970 568 4025 ergo
617 3957 850 4010 ltutnana
877 3996 893 4022 ,
932 3964 985 4009 et
1026 3972 1145 4026 quae
1195 3957 1404 4013 Domini
1439 3960 1709 4029 pecunia?
1746 3960 1859 4031 Ego
1888 3972 2017 4033 puto

438 4048 582 4116 quod
612 4048 878 4101 Valentini
908 4062 1089 4102 sermo
1121 4048 1355 4102 humana
1380 4049 1612 4117 pecunia
1642 4061 1725 4105 est
1755 4061 1811 4106 et
1836 4068 2019 4121 repro-

436 4142 502 4196 ba
525 4181 541 4207 ,
574 4151 627 4195 et
660 4140 950 4196 Marcionis
1000 4150 1050 4194 et
1089 4139 1342 4198 Basilidis
1377 4145 1604 4212 pecunia
1651 4145 1885 4199 humana
1930 4154 2014 4199 est

432 4242 488 4287 et
518 4234 772 4301 reproba,
802 4243 855 4286 et
884 4233 1128 4287 omnium
1168 4233 1550 4288 haereticorum
1582 4250 1763 4289 sermo
1796 4250 1900 4289 non
1930 4246 2015 4290 est

432 4326 659 4396 probata
692 4326 945 4394 pecunia,
976 4342 1077 4381 nec
1123 4326 1455 4381 dominicam
1489 4327 1702 4397 integre
1734 4327 1787 4381 in
1828 4344 1886 4383 se
1915 4330 2012 4381 ha-

2134 1859 2318 1903 scorta
2348 1889 2363 1914 ,
2403 1859 2457 1905 et
2501 1850 2729 1908 cﬂectus
2778 1868 2839 1909 cs
2883 1867 3164 1924 peccator,
3212 1859 3305 1927 qui
3354 1871 3628 1915 mutuatus
3654 1880 3711 1917 es

2135 1943 2359 1995 verbum
2404 1945 2669 1999 castitatis
2708 1956 2760 1999 et
2808 1961 2914 2001 non
2964 1950 3148 2003 reddis
3190 1965 3351 2017 Opera
3407 1954 3701 2008 castitatis.

2135 2032 2402 2087 Similiter
2430 2035 2554 2089 etsi
2584 2036 2823 2092 audieris
2854 2038 3077 2092 verbum
3102 2039 3335 2107 justitite
3367 2043 3419 2097 itt
3460 2044 3710 2110 ecclesia,

2130 2138 2381 2194 egressus
2415 2142 2475 2182 es
2508 2126 2689 2194 foras,
2728 2130 2972 2185 occurrit
3004 2130 3099 2185 tibi
3139 2134 3347 2189 vicinus
3376 2136 3535 2203 cujus
3563 2139 3707 2207 agel-

2132 2215 2241 2269 lum
2283 2220 2641 2288 concupieras
2665 2260 2681 2286 ,
2730 2230 2786 2275 et
2821 2223 3083 2277 continuo
3118 2224 3320 2280 oblitus
3355 2243 3543 2282 eorum
3591 2244 3710 2297 quae

2130 2309 2272 2363 dicta
2296 2321 2443 2377 sunt,
2474 2323 2530 2365 ttt
2562 2312 2849 2381 cupiditati
2887 2322 2990 2367 tute
3017 2316 3325 2372 satisfacias
3356 2318 3566 2373 invadis
3588 2335 3712 2388 qua:

2129 2400 2305 2456 aliena
2325 2414 2473 2469 sunt,
2507 2414 2561 2459 et
2582 2407 2664 2460 sic
2698 2414 2975 2460 mutuatus
3002 2406 3065 2460 de
3091 2406 3304 2476 juSLitia
3334 2410 3575 2479 pecunia:
3598 2426 3708 2465 non

2130 2496 2313 2549 reddis
2346 2512 2561 2560 usuras,
2601 2514 2832 2568 cperans
2866 2512 3020 2571 gesta
3058 2503 3308 2572 justitite.
3346 2503 3437 2557 Sic
3488 2518 3618 2573 ergo
3657 2513 3709 2560 et

2128 2588 2192 2641 de
2223 2588 2449 2657 singulis
2477 2591 2780 2661 quibusque
2810 2604 3085 2647 mutuatur
3117 2605 3364 2663 peccator
3384 2604 3433 2648 et
3467 2613 3573 2650 non
3603 2597 3708 2650 sol-

2126 2688 2229 2742 vet,
2254 2680 2435 2748 justus
2466 2691 2639 2735 autent
2666 2685 2943 2738 miseretur
2964 2696 3012 2739 et
3042 2686 3345 2740 commodat
3373 2687 3438 2739 ⁸⁸.
3469 2687 3585 2743 Non
3617 2704 3708 2743 so-

2127 2769 2275 2833 lum,
2337 2772 2505 2841 inquit
2533 2814 2551 2835 ,
2600 2772 2812 2829 fenerat
2853 2773 3034 2842 justus
3062 2816 3077 2839 ,
3122 2776 3227 2830 hoc
3258 2786 3343 2831 est
3391 2792 3498 2832 non
3534 2777 3707 2832 soluat

2126 2861 2384 2929 praedicat
2423 2862 2671 2928 verbum,
2704 2864 2806 2917 hoc
2838 2874 2920 2917 est
2957 2880 3061 2917 non
3093 2864 3266 2918 solum
3306 2865 3464 2919 docet
3494 2866 3704 2935 imperi-

2127 2961 2233 3018 tos,
2259 2967 2447 3005 verum
2476 2953 2639 3005 etiam
2671 2955 2961 3008 miseratur
2984 2954 3250 3009 inlirmos.
3280 2956 3534 3025 Sequitur
3556 2958 3703 3011 enim

2126 3042 2434 3111 exemplum
2489 3043 2701 3098 Domini
2732 3045 2964 3100 dicentis
2987 3045 3068 3095 ’δε
3106 3043 3529 3101 Misericordiam
3564 3048 3704 3101 mulo

2125 3151 2283 3204 quant
2305 3135 2643 3204 sacriﬁcium.

2200 3226 2283 3280 12.
2320 3226 2459 3291 Quia
2494 3228 2583 3297 qui
2629 3226 2934 3281 benedicunt
2975 3242 3131 3290 eum,
3175 3225 3559 3280 lttereditabuut
3599 3237 3706 3278 ter-

2125 3334 2271 3383 ram;
2294 3320 2382 3387 qui
2415 3330 2589 3371 autem
2616 3316 2936 3371 maledicunt
2966 3334 3106 3382 eum,
3132 3314 3704 3371 exterminabuutur".

2125 3404 2227 3475 Qui
2256 3411 2585 3464 benedicunt
2617 3424 2763 3473 eum,
2798 3408 2850 3462 id
2884 3419 2967 3462 est
3002 3409 3094 3477 qui
3126 3408 3702 3475 benedicuntjustunt,

2127 3503 2527 3556 hatreditabuttt
2559 3512 2783 3555 terram.
2851 3495 3020 3562 Quam
3088 3511 3286 3553 terram
3314 3500 3458 3554 illam
3486 3503 3702 3568 bonam,

2128 3577 2330 3645 terram
2369 3589 2599 3641 multant
2640 3587 3040 3642 btereditabunt
3074 3585 3222 3640 illam
3253 3586 3509 3643 liuentem
3544 3590 3623 3643 lac
3651 3600 3707 3644 et

2126 3681 2253 3745 mel,
2290 3680 2378 3734 ubi
2408 3690 2538 3733 sunt
2564 3680 2701 3734 bona
2738 3679 2829 3732 illa
2863 3695 2983 3749 quae
3026 3694 3153 3733 vere
3184 3679 3324 3734 bona
3359 3690 3523 3749 sunt,
3555 3683 3702 3736 illaut

2123 3772 2474 3844 possidebunt
2523 3771 2615 3840 qui
2670 3771 3000 3826 benedicunt
3029 3770 3279 3839 justum,
3320 3773 3704 3829 maledicentes

2124 3879 2253 3919 vero
2292 3879 2413 3918 eum
2448 3863 2986 3917 cxterminabuntur.
3036 3860 3100 3914 Et
3136 3864 3290 3916 vobis
3322 3860 3513 3931 parum
3548 3865 3703 3916 vide-

2125 3965 2211 4010 tttr
2242 3956 2514 4010 interdum
2548 3954 2688 4008 male
2725 3954 2872 4025 loqui
2904 3953 2970 4007 de
3001 3955 3207 4008 sanctis
3228 3994 3243 4021 ,
3278 3964 3332 4009 et
3376 3956 3591 4024 pet-leve
3618 3964 3700 4009 est

2119 4050 2276 4105 vobis
2304 4050 2487 4103 dicere
2523 4048 2588 4103 de
2618 4048 2797 4103 servis
2830 4046 2947 4111 Dei,
2975 4045 3067 4101 Ille
3100 4047 3223 4101 talis
3247 4057 3299 4102 et
3328 4049 3450 4102 talis
3477 4056 3580 4111 est,
3614 4048 3702 4103 ille

2120 4141 2317 4212 ﬁngit,
2352 4150 2405 4195 et
2436 4141 2527 4195 ille
2562 4140 2818 4195 smeulnm
2853 4139 3073 4209 diligit,
3112 4139 3198 4193 ille
3226 4149 3403 4193 autem
3439 4142 3700 4209 itnpostor

2117 4244 2221 4298 est,
2262 4250 2368 4289 non
2402 4234 2561 4289 audis
2592 4233 2717 4302 quia
2756 4231 2850 4303 qui
2885 4228 3217 4288 maledicunt
3244 4234 3475 4301 justum,
3510 4244 3693 4289 exter-

2120 4326 2520 4380 minabttntur?
2551 4326 2659 4380 Aut
2702 4326 2746 4380 si
2778 4327 2882 4381 hoc
2913 4340 3103 4396 parum
3136 4326 3286 4380 vobis
3318 4328 3557 4389 videtur,
3593 4342 3693 4379 au-

432 4421 523 4473 bel
549 4418 797 4488 figuram,
830 4419 924 4472 sed
951 4418 1276 4483 adulteram,
1305 4432 1448 4486 quae,
1468 4427 1526 4472 ut
1552 4418 1621 4471 ita
1640 4418 2007 4481 dicam,extra
2041 4431 2085 4486 ι)
2116 4419 2228 4472 dite
2275 4418 2401 4471 alibi
2458 4416 2625 4471 Deum
2674 4415 3243 4485 dicentemadjustum
3264 4414 3412 4468 ‘3'":
3440 4417 3694 4471 Inimicus

434 4520 707 4564 monetam
761 4510 832 4563 ita
888 4509 1116 4578 ﬁgurata
1155 4517 1279 4571 est,
1328 4507 1455 4576 quia
1508 4516 1660 4561 extra
1711 4507 2004 4562 Ecclesium

429 4602 730 4672 composita
771 4610 875 4654 est.
924 4601 979 4653 Si
1018 4609 1199 4653 autem
1230 4598 1433 4653 videris
1482 4598 1714 4667 aliquem
1770 4614 1872 4652 non
1910 4614 2007 4652 sua

429 4693 673 4763 propria,
703 4690 801 4743 sed
831 4690 925 4743 Dei
957 4690 1122 4743 verba
1152 4688 1588 4757 proloquentem,
1621 4688 1712 4756 qui
1744 4703 1871 4744 vere
1912 4705 2008 4743 au-

428 4782 553 4834 deat
590 4780 770 4834 dicere
795 4780 839 4810 “
872 4796 887 4833 :
928 4780 1009 4831 An
1041 4780 1444 4847 probameutum
1483 4780 1724 4848 quwritis
1752 4781 1865 4850 ejus
1906 4783 1999 4852 qui

428 4874 482 4926 in
530 4889 612 4927 me
636 4872 871 4938 loquitur
902 4869 1120 4936 Christi,
1151 4872 1291 4925 scito
1340 4872 1468 4939 quia
1505 4871 1611 4925 iste
1641 4871 1849 4927 fenerat
1878 4874 2001 4942 qni-

426 4966 571 5029 dem,
604 4972 658 5017 et
699 4979 806 5016 non
840 4978 1018 5027 suam,
1053 4964 1146 5018 sed
1184 4963 1395 5017 Domini
1445 4965 1733 5032 pecuniam
1768 4964 2000 5031 fenerat,

424 5066 478 5111 et
509 5055 641 5109 facit
681 5054 814 5109 illud
849 5058 996 5123 quod
1027 5057 1291 5125 scriptum
1321 5066 1404 5110 est
1435 5058 1515 5111 6':
1553 5057 1683 5111 Tota
1725 5059 1811 5112 die
1849 5060 2005 5113 mise-

424 5159 569 5202 retur
602 5156 652 5200 et
681 5146 905 5215 fenerat,
944 5146 1150 5201 habens
1181 5147 1564 5202 auctoritatem
1612 5148 1892 5204 fenerandi
1936 5151 2005 5205 ab

423 5241 539 5311 ipso
560 5238 665 5293 sibi
692 5252 814 5293 meo
839 5239 945 5293 Deo
966 5237 1091 5293 Jesu
1123 5237 1345 5295 Christo
1366 5238 1571 5294 datam.
1607 5240 1723 5311 Ipse
1746 5253 1827 5297 est
1855 5245 2001 5298 enim

423 5332 684 5387 Dominus
714 5332 803 5401 qui
834 5332 886 5386 in
920 5331 1174 5400 parabola
1202 5332 1325 5387 data
1360 5335 1592 5403 pecunia
1630 5335 1760 5388 dicit
1792 5336 1856 5389 ad
1888 5350 2003 5388 ser-

480 5556 524 5586 “
554 5556 685 5609 Luc.
714 5572 822 5618 xw,
859 5557 943 5609 ll.
1021 5556 1067 5586 ⁸⁶
1096 5555 1235 5608 Psal.
1269 5570 1450 5611 xxxvt,
1485 5554 1573 5606 2|.

414 5642 461 5676 v
505 5626 557 5676 3.
656 5627 697 5655 ‘“
733 5624 774 5677 ll
802 5626 927 5679 Cor.
961 5640 1079 5685 xm.
1109 5626 1161 5677 5.
1259 5625 1447 5677 "Psal
1504 5639 1682 5682 xxxvt,
1716 5623 1803 5675 ‘26.

416 5696 459 5723 °"'
490 5694 679 5748 Matth.
710 5711 783 5755 ιχ.
818 5697 917 5754 15;
949 5692 1073 5747 ()se.
1104 5712 1178 5755 vt,
1212 5696 1263 5751 6.
1341 5695 1384 5724 ⁶⁷
1416 5693 1556 5747 Psal.
1595 5709 1773 5753 xxxvi,
1801 5694 1888 5745 9.2.

1654 5553 1695 5582 δ’]

1728 5552 1857 5605 Luc.
1890 5568 1998 5611 xu,
2038 5551 2120 5605 18.
2196 5551 2242 5581 ⁸⁸
2281 5551 2381 5603 Mat

1728 5623 1803 5675 26.
1903 5623 1946 5651 ⁸³
1980 5623 2108 5675 Luc.
2158 5638 2263 5681 XIX,
2297 5623 2381 5675 15.

1970 5693 2090 5731 ‘33-”
2123 5693 2290 5745 EXod.
2332 5708 2482 5753 χχιιι,
2514 5692 2602 5745 9.2.

2115 4523 2203 4559 ero
2256 4506 2485 4559 inimicis
2540 4510 2683 4572 tuis,
2732 4516 2781 4559 et
2833 4506 3154 4560 adversabor
3199 4508 3513 4561 adversariis
3566 4510 3693 4563 tuis.

2118 4598 2327 4653 Videtis
2349 4596 2537 4667 quanti
2567 4594 2796 4667 periculi
2826 4596 2898 4653 sit
2928 4596 3201 4653 inimieari
3225 4598 3411 4669 justis,
3438 4600 3521 4653 vel
3556 4600 3698 4655 male

2118 4690 2265 4758 loqui
2299 4689 2367 4744 de
2392 4690 2617 4744 sanctis.
2658 4688 2714 4743 Si
2752 4689 2895 4742 enim
2924 4704 3049 4743 vere
3078 4692 3352 4746 credimus
3385 4691 3510 4746 illud
3546 4694 3693 4761 quod

2116 4783 2252 4837 dixit
2282 4782 2541 4837 Dominus
2574 4782 2641 4837 de
2669 4797 2995 4850 unoquoque
3039 4798 3320 4837 servorum
3363 4798 3587 4839 suorum
3617 4786 3685 4850 ⁷⁸,

2113 4874 2240 4942 quia
2264 4871 2490 4935 Esurivi,
2517 4880 2564 4924 et
2598 4888 2701 4925 non
2737 4873 2954 4925 dedistis
2985 4872 3111 4925 mihi
3147 4876 3467 4927 manducare
3488 4917 3501 4939 ,
3538 4886 3592 4929 et
3625 4892 3687 4930 ca

2114 4982 2232 5035 quae
2265 4964 2413 5019 addit
2451 4974 2506 5018 et
2537 4964 2690 5028 dicit,
2741 4963 2868 5033 quia
2902 4965 2992 5033 qui
3044 4966 3131 5018 uni
3166 4981 3229 5018 ex
3283 4965 3523 5020 minimis
3556 4968 3693 5022 meis

2114 5056 2245 5110 fecit
2270 5096 2285 5122 ,
2317 5056 2447 5110 mihi
2479 5055 2605 5109 fecit
2630 5097 2644 5119 ,
2686 5070 3026 5125 CONSCquettS
3063 5068 3146 5111 cst
3193 5065 3252 5111 ut
3284 5069 3338 5110 et
3373 5060 3473 5112 ltoc
3501 5060 3643 5113 dicat
3673 5076 3686 5112 :

2104 5152 2204 5220 Qui
2229 5152 2637 5206 malcdicebatis
2661 5152 2817 5215 ntihi,
2848 5154 3222 5209 detrahebatis
3246 5155 3311 5209 de
3339 5171 3443 5219 me,
3475 5164 3530 5210 et
3554 5156 3686 5211 falsa

2111 5254 2297 5298 contra
2327 5260 2410 5298 tne
2439 5244 2826 5313 loquebat‘nini,
2850 5254 2903 5299 et
2933 5242 3274 5302 accusabatis
3302 5263 3409 5301 me.
3439 5246 3501 5301 Et
3528 5248 3572 5302 si
3608 5249 3689 5303 di-

2114 5337 2393 5391 xerimus:
2429 5337 2656 5392 Domine
2686 5378 2700 5403 ,
2741 5340 2957 5407 quando
3004 5340 3098 5393 tibi
3135 5341 3513 5395 malediximus
3540 5380 3556 5405 ,
3595 5350 3689 5397 aut

2196 5551 2242 5581 ⁸⁸
2281 5550 2466 5604 Matth.
2503 5567 2625 5612 xxv,
2648 5552 2718 5605 20
2742 5560 2798 5605 et
2821 5552 2909 5604 22.
2988 5551 3031 5584 ’θ
3055 5552 3194 5605 Psal.
3229 5570 3303 5615 XI,
3340 5553 3425 5607 ΓΙ.
3506 5556 3549 5587 ⁸³
3575 5553 3688 5608 Jac.

2483 5622 2526 5651 οδ
2554 5622 2740 5675 Matth.
2786 5638 2907 5683 xxv,
2943 5622 3032 5675 9.7.
3133 5624 3177 5653 ⁸⁸
3209 5623 3348 5678 Psal.
3380 5640 3560 5689 xxxvt,
3600 5626 3691 5678 2L

2514 5692 2602 5745 9.2.
2680 5694 2725 5723 ⁷ο
2760 5692 2942 5745 Matth.
2980 5710 3103 5746 xxv.
3142 5694 3233 5746 4‘2.

2760 5708 2942 5745 Μεηιη.
2980 5710 3103 5748 XXV.
3142 5708 3233 5747 42.
