4110 6400
282 361 414 418 155‘)

282 480 498 553 quando
529 470 738 529 detraxi

281 533 388 631 dati
417 566 647 628 sumus?
678 572 808 617 tunc
841 558 984 612 dicet
1014 552 1082 607 ad
1116 563 1212 603 nos
1233 548 1312 599 ":
1342 544 1506 595 Amen
1540 538 1658 591 dico
1686 533 1854 595 vobis,

284 625 592 740 quiaquod
627 656 823 729 fecistis
865 650 959 704 uni
1003 662 1067 701 ea:
1119 643 1246 698 meis
1286 634 1554 697 minimis,
1601 629 1731 683 mihi
1784 625 1858 689 fe-

284 721 449 821 cistis.
498 756 656 811 Sicut
698 749 844 806 enim
892 744 1086 799 dantes
1122 735 1455 791 manducare
1496 727 1589 781 uni
1638 740 1701 779 ex
1742 721 1861 775 istis

288 857 416 913 mihi
448 850 677 911 fecistis,
708 852 763 898 et
792 842 987 895 dantes
1011 836 1198 890 bibere
1230 829 1320 883 uni
1345 842 1412 881 ex
1442 823 1562 878 istis
1594 819 1724 873 mihi
1770 816 1862 867 de.

287 949 462 1011 distis,
482 950 537 998 et
562 935 1001 995 sicutzinduentes
1023 940 1190 983 unum
1212 938 1275 977 ex
1301 919 1446 983 istis,
1462 929 1547 969 me
1569 910 1858 971 induistis;

287 1040 357 1093 ita
386 1032 770 1089 maledicentes
807 1024 897 1077 uni
930 1034 996 1075 ex
1023 1018 1174 1079 istis,
1209 1011 1343 1066 mihi
1378 1002 1766 1063 maledixistis,
1807 1005 1863 1051 et

285 1128 331 1183 si
371 1120 731 1181 benedixistis
760 1114 844 1170 vel
883 1106 1193 1167 honorastis
1244 1116 1412 1156 unum
1463 1113 1529 1153 ex
1562 1095 1655 1163 his
1678 1133 1693 1159 ,
1726 1089 1861 1144 mihi

288 1214 666 1277 benedixistis,
697 1220 751 1264 et
777 1223 862 1261 me
892 1198 1228 1262 honorastis,
1258 1194 1399 1249 sicut
1427 1200 1482 1245 et
1510 1186 1636 1243 alibi
1668 1182 1866 1238 nihilo-

286 1315 463 1369 minus
494 1309 625 1365 dicit
648 1308 723 1359 ":
763 1302 867 1369 Qui
902 1315 988 1353 vos
1028 1295 1229 1363 recipit,
1268 1307 1347 1345 me
1384 1286 1601 1354 recipit;
1628 1288 1682 1336 et
1713 1298 1724 1333 :
1759 1275 1864 1343 Qui

286 1422 373 1461 eos
399 1401 633 1469 spernit,
675 1411 756 1449 me
794 1390 1010 1462 spernit.
1064 1385 1359 1453 Propterea
1413 1390 1542 1443 ergo
1579 1369 1861 1427 continea-

286 1512 407 1552 mus
429 1495 665 1560 linguam
691 1496 958 1550 nostram,
983 1490 1033 1536 et
1053 1492 1242 1535 servos
1268 1470 1480 1529 Domini
1505 1465 1861 1527 admiremur,

287 1595 341 1642 et
375 1554 766 1641 benedicamus
788 1577 988 1646 justos,
1016 1578 1069 1626 et
1098 1577 1381 1635 nunquam
1416 1557 1769 1614 detrahamus
1798 1551 1866 1605 de

284 1680 367 1736 eis
392 1720 407 1745 ,
445 1691 545 1732 nec
590 1674 895 1743 aperiamus
929 1663 1094 1737 670
1121 1674 1183 1714 os
1214 1664 1462 1712 nostrum
1500 1650 1567 1705 ad
1613 1648 1754 1702 male
1784 1644 1863 1698 lo—

288 1775 585 1845 quendum,
608 1783 675 1822 ne
704 1766 842 1819 forte
867 1756 1314 1816 cxtermiuemur,
1342 1745 1438 1803 sed
1458 1741 1860 1800 benedicamus,

289 1832 348 1922 ut
377 1873 432 1922 et
460 1878 558 1919 nos
584 1854 1012 1916 benedictionem
1037 1854 1434 1913 consequamur
1460 1850 1558 1907 per
1589 1832 1865 1888 Christum

293 1958 581 2015 Dominum
620 1959 868 2006 nostrum
896 1985 910 2011 ,
958 1942 1046 1997 cui
1076 1947 1163 1995 est
1200 1934 1372 2007 gloria
1421 1938 1475 1987 et
1517 1933 1763 2000 potestas
1811 1922 1867 1975 in

293 2052 489 2109 saecula
517 2043 859 2103 saeculorum.
895 2037 1090 2091 Amen.

876 2171 1162 2234 HOMILIA
1190 2169 1280 2225 IV.

298 2284 372 2341 De
392 2285 572 2341 eodem
609 2279 815 2353 psalmo
834 2314 850 2337 ,
901 2272 968 2353 ab
1016 2269 1111 2349 illa
1138 2273 1285 2353 parte
1309 2276 1330 2315 :
1355 2278 1389 2353 ι⁸
1406 2255 1559 2327 Apud
1585 2251 1870 2309 Dominum

644 2335 854 2420 gressus
893 2338 1122 2396 hominis
1153 2335 1512 2403 diriguntur.)

365 2442 410 2495 Α
444 2414 694 2502 Domino,
734 2432 903 2501 inquit
936 2430 1006 2494 ⁷⁸,
1030 2440 1239 2498 gressus
1276 2417 1505 2474 hominis
1550 2414 1870 2483 diriguntur.

296 2539 364 2592 Et
390 2533 518 2589 alibi
567 2532 619 2584 in
651 2530 757 2583 hoc
782 2523 989 2595 psalmo
1036 2517 1170 2573 dicit
1195 2516 1261 2570 de
1297 2508 1574 2583 gressibus
1606 2504 1740 2573 justi
1770 2503 1877 2557 hoc

295 2628 458 2683 modo
484 2625 565 2675 "z
606 2620 714 2674 Lex
739 2618 835 2671 Dei
868 2618 982 2683 ejus
1012 2611 1064 2664 in
1105 2607 1260 2662 corde
1300 2603 1489 2672 ipsius,
1530 2610 1576 2653 et
1623 2613 1723 2650 non
1757 2605 1875 2660 sap-

296 2716 678 2786 piantabuntur
712 2720 921 2778 gressus
980 2701 1119 2770 ejus.
1174 2695 1279 2751 Sed
1309 2705 1363 2748 et
1394 2693 1446 2745 in
1475 2684 1876 2759 septuagesimo

296 2807 537 2867 secundo
571 2801 777 2874 psalmo
812 2795 1012 2852 dicitur
1046 2791 1126 2844 7‘:
1182 2785 1528 2842 Paulominus
1566 2779 1721 2849 εθιιεί
1754 2784 1873 2831 sunt

294 2913 507 2970 gressus
537 2894 655 2948 mei.
688 2890 919 2945 Gressus
946 2897 1076 2953 ergo
1119 2895 1147 2933 a
1183 2875 1479 2948 gradiendo
1509 2871 1874 2932 nominamus,

298 2956 597 3047 secundum
623 2982 755 3038 illud
783 2978 929 3048 quod
960 2978 1013 3028 in
1049 2970 1236 3027 Exodo
1277 2967 1543 3034 scriptum
1572 2972 1653 3017 est
1678 3002 1695 3025 ,
1732 2956 1875 3027 quod

298 3086 509 3155 Moyses
538 3080 672 3135 vidit
702 3075 972 3130 ﬂammam
1005 3066 1149 3137 ignis
1187 3073 1242 3117 et
1277 3059 1683 3131 angelutn,cunt
1712 3053 1877 3108 rubus

300 3183 521 3239 arderet
545 3173 789 3245 quidem,
818 3170 911 3224 sed
938 3179 1047 3221 non
1077 3158 1522 3217 combureretur,
1548 3160 1606 3206 et
1628 3147 1767 3205 dixit
1794 3146 1837 3176 ⁷⁷
1862 3166 1874 3201 ;
1904 3136 1948 3194 C

303 3270 620 3343 Digrediens
651 3265 769 3319 sive
808 3257 1073 3315 transiens
1106 3249 1287 3306 videbo
1335 3244 1585 3301 visionem
1630 3254 1877 3309 magnast

301 3328 456 3418 hanc.
503 3359 581 3414 Ex
610 3358 714 3411 hoc
747 3364 877 3420 ergo
908 3347 1028 3401 loco
1056 3341 1271 3397 occasio
1298 3336 1457 3393 nobis
1488 3335 1646 3389 datur
1678 3328 1878 3385 intelli-

300 3459 497 3531 gentia:
528 3468 714 3509 eorum
755 3462 875 3517 qua
905 3442 1173 3499 habemus
1207 3438 1261 3492 in
1298 3434 1573 3490 manibus.
1613 3429 1783 3495 Igitur
1812 3424 1879 3479 de

301 3551 388 3605 his
418 3561 539 3617 quae
566 3545 620 3599 in
649 3542 834 3596 Exodo
862 3536 1064 3603 scripta
1097 3527 1545 3589 memoravimus,
1576 3522 1628 3576 id
1661 3528 1766 3583 est,
1797 3516 1881 3570 di-

300 3639 540 3709 grediens
594 3634 778 3689 videbo
822 3630 1075 3684 visionem
1136 3624 1297 3678 istam
1352 3632 1646 3685 magnam,
1695 3608 1881 3666 audivi

302 3730 591 3800 quemdam
628 3726 694 3780 de
724 3721 1064 3791 sapientibus
1098 3727 1224 3773 ante
1266 3729 1367 3769 nos
1407 3713 1678 3766 dicentem
1712 3747 1727 3769 ,
1759 3720 1881 3759 cunt

301 3824 622 3891 explanaret
648 3819 793 3873 hunc
821 3814 1024 3874 locum,
1052 3811 1177 3880 quia
1211 3823 1317 3862 non
1345 3814 1429 3860 est
1450 3800 1706 3873 possibile
1733 3798 1885 3868 prius

306 3916 492 3971 videre
523 3914 697 3967 visum
729 3920 1007 3977 magnum,
1036 3903 1089 3957 id
1125 3908 1209 3956 est
1252 3897 1455 3952 intueri
1486 3902 1649 3962 atque
1677 3889 1885 3959 perspi-

306 4022 434 4062 cere
483 4017 675 4074 magna
731 3997 985 4071 mysteria
1040 3989 1210 4046 Stanti
1265 3988 1318 4041 in
1364 3981 1783 4040 conversatione
1830 3987 1886 4029 et

310 4099 525 4153 actibus
559 4069 747 4149 mundi
790 4069 993 4158 hujus:
1039 4082 1133 4138 sed
1185 4077 1422 4134 transire
1469 4079 1687 4143 oportet
1732 4069 1884 4138 prius

308 4192 378 4245 ab
408 4191 515 4253 his,
543 4196 597 4241 et
626 4181 1012 4239 transcendere
1036 4174 1217 4231 omnia
1243 4169 1549 4233 srecularia,
1580 4175 1636 4220 et
1664 4174 1883 4218 sensum

306 4292 554 4337 nostrum
589 4292 654 4332 ac
685 4282 921 4329 mentem
952 4271 1174 4324 liberam
1217 4262 1333 4318 ﬁeri
1357 4299 1374 4326 ,
1410 4267 1466 4315 et
1506 4271 1634 4311 tunc
1666 4255 1734 4309 ad
1764 4268 1883 4306 nta-

306 4385 534 4443 gnarum
572 4379 629 4422 et
657 4361 985 4433 spiritalium
1041 4369 1222 4410 rerum
1272 4351 1525 4407 intuitunt
1559 4342 1883 4416 pervenire,

953 336 1263 398 SELECTA
1291 334 1353 387 IN
1390 325 1732 384 PSALMOS.
1760 354 1826 363 -—-
1872 322 2109 378 liOMlL.
2145 322 2210 377 IV
2255 323 2319 375 IN
2358 322 2552 376 PSAL.
2595 318 2833 372 XXXVI.

748 480 904 530 mus;
936 470 1031 515 aut
1058 457 1275 529 quando
1299 453 1432 507 falsa
1469 459 1660 503 contra
1697 453 1746 496 te
1776 441 1855 494 lo-
1890 441 1934 496 A
1964 448 2208 493 catorum
2244 440 2429 504 sudes,
2465 447 2578 491 tum
2608 436 2806 491 deinde
2835 448 3095 503 scrupeas
3133 433 3390 500 nequitia:
3424 448 3555 487 cau-

3416 317 3555 369 i550

1963 537 2064 591 tes,
2093 540 2148 583 et
2183 529 2389 583 lubrica
2414 536 2469 582 et
2497 537 2768 597 praerupta
2802 524 3081 579 vitiorum.
3109 522 3242 578 Cum
3274 538 3407 579 vero
3439 524 3556 577 haec

1963 620 2130 673 etiam
2160 621 2418 684 evaserit,
2450 632 2669 687 semper
2697 617 2765 671 ad
2799 631 2862 670 ea
2892 630 3012 685 qua:
3045 615 3097 668 itt
3136 623 3295 669 antea
3328 626 3455 669 sunt
3496 629 3556 665 se

1962 709 2261 762 extendens
2291 748 2306 773 ,
2357 707 2537 761 ntinus
2566 714 2735 761 restat
2784 704 3005 759 malitias
3032 743 3048 769 ,
3103 712 3159 757 et
3190 717 3352 757 omne
3402 703 3552 772 quod

1960 800 2178 868 proiicit
2225 799 2368 863 viae;
2422 797 2466 852 si
2499 806 2675 852 tamen
2726 794 3027 851 incedendo
3074 795 3288 850 cautius
3328 811 3550 865 gressus

1962 905 2090 945 suos
2129 889 2508 945 observaverit
2560 903 2629 943 ne
2667 888 2923 955 labatur,
2972 895 3030 941 ut
3068 887 3277 957 singula
3319 902 3549 958 quaeque

1963 982 2276 1051 digrediens
2309 979 2529 1035 malitia:
2564 978 2705 1045 loca,
2739 977 2811 1033 ita
2844 987 2905 1032 ut
2948 992 3055 1032 non
3089 976 3327 1032 oﬂ‘endat
3355 977 3547 1047 pedem

1964 1089 2117 1127 suum
2150 1074 2202 1126 in
2231 1086 2319 1139 ea,
2349 1073 2646 1127 secundum
2681 1071 2785 1125 hoc
2809 1072 2952 1141 quod
2981 1068 3034 1123 in
3070 1069 3259 1125 Exodo
3283 1070 3549 1139 scriptum

1962 1170 2047 1217 est
2074 1202 2088 1227 ,
2135 1163 2318 1217 videre
2348 1162 2522 1232 possit
2571 1160 2835 1216 visionem
2873 1176 3148 1230 magnam.
3189 1159 3359 1216 Nemo
3402 1159 3549 1214 enim

1964 1256 2139 1311 adhuc
2190 1254 2281 1323 qui
2335 1256 2390 1309 in
2442 1253 2650 1309 malitia
2684 1262 2807 1318 est,
2856 1268 2959 1308 nec
2985 1252 3289 1323 digreditur
3325 1266 3447 1307 eam
3495 1261 3551 1306 et

1970 1347 2186 1412 transit,
2214 1347 2414 1416 poterit
2443 1346 2708 1403 visionem
2736 1346 2898 1399 istam
2926 1359 3176 1415 magnam
3209 1354 3549 1398 secretorum

1966 1436 2083 1501 Dei,
2121 1436 2364 1492 scientiae
2393 1436 2606 1491 scilicet
2638 1444 2691 1490 et
2718 1437 3023 1506 sapientiae,
3061 1434 3332 1490 contueri.
3360 1432 3551 1502 Magna

1965 1541 2095 1598 ergo
2128 1536 2215 1583 est
2252 1525 2392 1581 visio
2414 1566 2430 1591 ,
2477 1542 2598 1581 cum
2633 1541 2770 1596 pttro
2802 1528 2966 1581 corde
2995 1525 3139 1581 Deus
3172 1524 3403 1580 videtur.
3440 1523 3555 1577 hla-

1966 1636 2067 1692 gna
2094 1630 2177 1675 est
2212 1620 2352 1675 visio
2398 1635 2521 1673 cum
2568 1633 2707 1688 puro
2738 1618 2905 1673 corde
2937 1617 3167 1673 verbum
3205 1617 3299 1672 Dei
3328 1657 3342 1681 ,
3376 1624 3433 1670 et
3467 1631 3557 1670 sa~

1968 1712 2172 1782 pientia
2203 1711 2296 1765 Dei
2328 1712 2420 1778 qui
2450 1720 2537 1765 est
2560 1711 2815 1766 Christus
2846 1709 2964 1777 ejus
2993 1709 3326 1779 agnoscitur.
3362 1707 3554 1777 Magna

1972 1804 2107 1859 visio
2134 1813 2218 1859 est
2249 1817 2545 1873 agnoscere
2571 1810 2628 1857 et
2657 1802 2881 1856 credere
2904 1801 2958 1854 in
2984 1799 3246 1868 Spiritum
3274 1807 3550 1854 sanctum.

1972 1897 2161 1967 Magna
2202 1909 2333 1963 ergo
2365 1895 2484 1948 haec
2534 1894 2675 1948 visio
2707 1893 2935 1947 scientia
2988 1890 3274 1945 Trinitatis
3303 1898 3408 1944 est.
3444 1888 3554 1945 Vc—

1971 1997 2274 2042 rumtamen
2334 1987 2498 2040 etiam
2555 1984 2766 2054 Moyses
2811 1993 2939 2039 tunc
2990 1981 3210 2036 videbat
3258 1980 3312 2034 in
3366 1979 3555 2034 Exodo

1971 2082 2148 2135 visunt
2180 2094 2460 2147 magnum,
2494 2086 2545 2132 et
2578 2074 2802 2145 angelus
2831 2075 3031 2129 dicitur
3058 2073 3147 2142 qui
3178 2071 3468 2127 videbatur
3499 2070 3552 2124 in

1973 2172 2108 2226 rubo
2155 2172 2205 2224 in
2248 2172 2371 2239 igne
2398 2209 2414 2234 ,
2447 2178 2503 2223 et
2551 2181 2802 2236 magnam
2834 2180 2955 2220 eam
2994 2164 3260 2240 visionem
3295 2161 3551 2231 appellat.

1974 2262 2314 2331 lutetligebat
2336 2259 2480 2314 enim
2516 2259 2640 2329 quis
2667 2265 2812 2311 esset
2848 2256 2901 2310 in
2932 2253 3145 2323 angelo.
3171 2251 3440 2308 Continuo
3463 2252 3558 2306 de-

1976 2355 2142 2422 nique
2186 2353 2317 2406 dicit
2348 2353 2414 2404 ad
2448 2350 2619 2403 Deunt
2642 2349 2727 2403 7“;
2766 2346 2877 2416 Ego
2919 2361 3036 2398 sum
3073 2344 3213 2398 Deus
3250 2344 3560 2407 Abraham,

1973 2455 2022 2497 et
2059 2443 2200 2497 Deus
2233 2443 2409 2505 Isaac,
2452 2451 2497 2495 et
2536 2439 2673 2493 Deus
2703 2438 2893 2492 Iacob.
2928 2436 3060 2491 Vide
3091 2448 3224 2502 ergo
3258 2448 3422 2503 quant
3452 2449 3562 2489 ma-

1977 2552 2079 2603 gna
2116 2536 2188 2589 sit
2217 2534 2356 2589 visio
2405 2535 2518 2587 lucc
2544 2571 2561 2596 ,
2601 2528 2849 2599 quamvis
2896 2538 2951 2581 ct
2983 2527 3085 2581 hoc
3124 2526 3298 2595 ipsum
3335 2526 3406 2579 sit
3446 2541 3560 2579 ma-

1978 2641 2139 2697 gnum
2170 2627 2312 2679 scire
2344 2625 2486 2693 quod
2522 2624 2659 2677 Deus
2710 2619 2841 2673 facit
2881 2618 3100 2687 angelos
3145 2631 3269 2670 suos
3302 2618 3564 2684 spiritus,

1978 2730 2025 2773 et
2073 2720 2344 2773 ministros
2381 2733 2508 2772 suos
2556 2717 2733 2785 ignem
2778 2721 3016 2767 urentem
3059 2711 3129 2762 ⁷⁸.
3164 2708 3230 2763 Et
3264 2723 3409 2763 nunc
3441 2708 3558 2778 qui-

1979 2815 2102 2869 dem
2133 2808 2301 2880 Moysi
2320 2808 2498 2863 adhuc
2540 2804 2782 2876 pascenti
2804 2818 2997 2873 pecora
3017 2801 3209 2859 Jctltro
3239 2800 3417 2857 soceri
3454 2801 3563 2865 sui,

1979 2914 2030 2959 et
2059 2900 2327 2972 gradienti
2373 2898 2456 2953 vel
2490 2894 2796 2951 transeunti
2828 2895 2896 2948 ab
2932 2894 3036 2960 his,
3071 2907 3265 2961 magna
3292 2901 3379 2947 est
3428 2891 3565 2947 visio

1981 2998 2096 3050 haec
2121 3033 2138 3056 ,
2168 2994 2219 3045 itt
2252 3004 2359 3060 qua
2391 2990 2442 3044 ei
2471 2986 2696 3057 angelus
2730 2975 2935 3042 dicitur
2968 2997 3249 3053 apparere.
3282 2982 3342 3037 Si
3380 2991 3564 3038 autem

1981 3088 2144 3142 etiam
2177 3096 2326 3137 mare
2349 3080 2591 3135 Rubrum
2622 3077 2924 3141 transierit,
2951 3084 3005 3129 et
3038 3074 3288 3129 columna
3313 3088 3442 3129 eum
3467 3090 3565 3128 nu-

1983 3179 2067 3234 bis
2098 3174 2413 3239 obtexerit,
2440 3182 2495 3226 et
2530 3170 2700 3225 futuri
2733 3167 2989 3237 baptismi
3027 3165 3340 3221 adoraverit
3382 3180 3566 3220 sacra-

1981 3278 2191 3334 menta,
2213 3277 2342 3321 tunc
2366 3267 2534 3321 etiam
2559 3260 2826 3331 majorem
2850 3259 3115 3315 visionem
3136 3260 3334 3328 poterit
3357 3257 3562 3311 videre.

1982 3357 2320 3430 Ingredietur
2354 3354 2502 3409 enim
2554 3350 2841 3421 caliginem
2888 3357 2943 3402 et
2976 3346 3246 3401 turbinem
3273 3385 3288 3410 ,
3320 3345 3411 3400 ubi
3445 3358 3572 3399 esse

1983 3454 2100 3523 ipse
2127 3449 2328 3505 dicitur
2356 3448 2498 3502 Deus
2518 3485 2533 3510 ,
2563 3443 2657 3500 ubi
2685 3442 2947 3511 scriptum
2982 3449 3067 3495 est
3092 3439 3160 3501 ⁸ο,
3190 3438 3321 3508 quia
3355 3436 3568 3507 Moyses

1984 3544 2131 3600 solus
2169 3539 2465 3597 accedebat
2499 3538 2568 3593 ad
2603 3537 2770 3591 Deum
2804 3572 2822 3597 ,
2871 3533 3057 3588 επιετὶ
3112 3538 3293 3585 autent
3345 3543 3374 3582 a
3410 3528 3572 3597 longe

1983 3634 2225 3688 stabant.
2277 3630 2344 3684 Et
2394 3630 2446 3682 itt
2504 3636 2717 3682 tantum
2753 3639 2848 3693 per
2897 3623 3033 3677 istas
3083 3634 3308 3690 magnas
3358 3618 3571 3687 Moyses

1984 3725 2200 3796 proiicit
2228 3724 2470 3778 visiones
2502 3759 2517 3782 ,
2566 3728 2626 3772 ut
2656 3718 2864 3771 diceret
2898 3714 2966 3768 ad
3001 3712 3205 3767 Deum:
3256 3709 3316 3764 Si
3361 3711 3570 3774 inveni,

1986 3818 2164 3889 inquit
2190 3815 2256 3879 ⁸⁸,
2283 3815 2510 3885 gratiam
2542 3827 2723 3865 coram
2751 3818 2820 3873 te,
2851 3806 3137 3875 manifesta
3166 3803 3296 3856 mihi
3323 3803 3572 3869 teipsum,

1986 3917 2041 3960 ut
2070 3907 2334 3961 evidenter
2360 3904 2565 3957 videam
2597 3910 2667 3954 te.
2708 3899 2776 3952 Et
2808 3906 2939 3950 tunc
2968 3896 3119 3949 audit
3148 3908 3175 3945 a
3208 3893 3320 3947 Deo
3345 3892 3413 3956 δ’,
3443 3892 3570 3961 quia

1959 3996 2174 4050 Ponant
2201 4004 2250 4047 te
2274 3997 2328 4046 in
2359 3992 2623 4061 foramine
2648 4000 2831 4057 petras,
2867 3995 3017 4054 petra
3050 3993 3232 4038 autem
3263 3990 3384 4037 erat
3413 3982 3576 4037 Cltri-

1986 4098 2105 4142 stus
2147 4104 2159 4139 :
2197 4096 2255 4138 ιιι
2300 4098 2399 4152 per
2446 4081 2692 4135 foramen
2739 4077 3121 4133 brevissimum
3164 4074 3352 4129 videas
3394 4083 3574 4142 poste—
3658 4106 3675 4115 --

1988 4180 2132 4235 riora
2163 4191 2304 4241 mea,
2338 4175 2445 4229 hoc
2470 4182 2574 4237 est,
2606 4181 2666 4225 ut
2696 4187 2758 4226 ea
2786 4185 2907 4239 qua:
2935 4169 2990 4222 itt
3021 4164 3335 4221 novissimis
3366 4179 3576 4233 tempo-

1988 4272 2140 4351 ribus
2169 4266 2538 4337 implebuntur
2578 4278 2674 4333 per
2704 4259 3135 4329 assumptiouem
3165 4255 3373 4321 carnis,
3406 4269 3571 4325 agno-

1989 4377 2146 4418 scas:
2202 4357 2416 4413 Faciem
2466 4366 2640 4409 autem
2685 4368 2858 4406 meam
2905 4350 3080 4404 videre
3122 4362 3226 4400 non
3270 4345 3467 4414 poteris
3499 4343 3571 4400 ⁸³.

305 4476 363 4522 et
394 4467 466 4519 ita
493 4463 708 4517 demum
738 4457 914 4510 visum
948 4461 1202 4518 magnum
1244 4445 1447 4498 videre.
1480 4438 1632 4493 Hunc
1665 4435 1883 4530 quidem
1918 4474 1968 4530 Β
1994 4455 2101 4510 Sed
2134 4451 2367 4521 digressi
2399 4464 2494 4520 per
2522 4444 2960 4517 quamplurimas
2992 4439 3251 4500 visiones,
3286 4435 3575 4491 redeamus

310 4560 403 4613 ille
461 4558 760 4625 explanatis
816 4547 996 4601 locum
1049 4556 1170 4611 qua:
1234 4551 1394 4606 supra
1466 4528 1887 4587 memoravimus

307 4650 621 4708 enarrabat.
657 4645 769 4699 Nos
808 4655 939 4695 vero
970 4636 1170 4707 quibus
1198 4630 1436 4687 studium
1467 4635 1557 4681 est
1586 4621 1884 4678 secundum

310 4743 607 4811 Scriptura:
639 4735 844 4791 monita
875 4772 890 4796 ,
938 4729 1107 4784 verba
1150 4722 1479 4793 sapientium
1528 4716 1749 4770 laudare
1778 4752 1797 4779 ,
1834 4718 1889 4764 et

312 4805 515 4891 addere
553 4834 627 4887 ad
646 4845 738 4894 ea,
765 4838 1057 4898 possumus
1091 4821 1161 4875 ad
1187 4820 1305 4873 hrec
1343 4828 1467 4884 quae
1495 4810 1584 4867 ille
1616 4808 1754 4864 dixit
1783 4805 1893 4861 tale

314 4927 519 4996 aliquid
551 4923 769 4979 addere.
805 4915 1187 4984 Unusquisth
1218 4910 1314 4980 qui
1346 4910 1451 4961 iter
1476 4905 1591 4975 agit
1615 4902 1686 4957 ad
1716 4900 1891 4953 virtu-

212 5070 220 5077 .
315 4992 443 5082 tem,
475 5013 687 5085 proﬁcit
719 5011 775 5064 itt
805 5003 1153 5064 ambulando,
1185 5012 1244 5057 ut
1274 4998 1535 5069 paulatim
1563 5010 1659 5064 per
1688 4992 1889 5046 multos

315 5112 594 5182 proiectus
626 5104 842 5162 itineris
859 5098 1142 5172 perveniat
1169 5096 1237 5149 ad
1267 5110 1411 5149 eam.
1442 5092 1549 5146 lter
1569 5104 1700 5159 ergo
1723 5098 1891 5152 agens

316 5216 371 5259 et
422 5203 570 5258 velut
620 5198 942 5270 quibusdam
989 5195 1237 5263 passibus
1284 5188 1537 5259 gradiens
1590 5181 1894 5250 digreditur

315 5310 565 5366 semper,
601 5302 654 5349 et
687 5291 881 5345 transit
910 5305 972 5344 ea
1007 5303 1129 5359 qtae
1169 5284 1452 5354 explicuit,
1491 5294 1556 5333 ac
1589 5274 1889 5345 posteriora

314 5391 571 5444 mnittens
605 5387 670 5441 ad
697 5401 760 5440 ca
791 5399 913 5452 qua:
945 5381 1124 5451 priora
1157 5387 1286 5433 sunt
1313 5391 1372 5430 se
1405 5371 1669 5428 extendit.
1704 5368 1891 5434 Digre-

316 5482 468 5535 diens
499 5494 632 5550 ergo
663 5477 861 5531 transit
907 5474 1136 5541 primum
1179 5470 1358 5523 locum
1392 5466 1610 5520 malitiae
1633 5504 1651 5529 ,
1678 5472 1732 5516 et
1766 5460 1892 5512 inde

315 5576 604 5644 proﬁciens
636 5571 884 5643 passibus
918 5578 971 5623 et
1002 5562 1342 5637 ingressibus
1373 5560 1569 5613 transit
1601 5558 1734 5610 alias
1767 5568 1897 5623 pec-.

390 5720 432 5749 ⁷¹
464 5718 651 5770 Matth.
683 5731 802 5777 xxv,
838 5715 924 5768 40.
1004 5714 1047 5743 τ’
1077 5708 1267 5764 Matth.
1301 5722 1356 5767 x,
1388 5702 1477 5757 40.
1553 5700 1599 5730 ⁷³
1635 5699 1766 5752 [.ttc.
1802 5715 1855 5763 x,

402 5789 548 5823 νυνι
603 5805 657 5823 ι..
715 5787 747 5823 7.
880 5784 924 5813 τε
951 5783 1114 5823 ldum.
1173 5780 1226 5823 εὶ-
1291 5777 1342 5823 6.
1458 5774 1501 5804 7°
1526 5770 1677 5823 .Psal.
1721 5785 1877 5823 exiit.

2049 5695 2090 5726 ⁷⁸
2132 5692 2274 5748 Psal.
2315 5705 2512 5753 χχχιιι,
2545 5687 2634 5741 25.

2086 5766 2131 5798 ⁸ο
2159 5762 2332 5818 Exod.
2367 5775 2475 5814 xtx.
2588 5757 2629 5788 ⁸¹

1526 5808 1557 5841 ⁵ι
1581 5808 1677 5825 Gillo
1722 5808 1850 5824 ιοοιιιι
1873 5810 1886 5837 ’
1919 5808 1971 5823 τι

321 5791 365 5820 ⁷⁷
402 5789 568 5842 Exod.
603 5805 681 5848 III,
715 5787 764 5837 3.
880 5784 924 5813 ⁷⁸
951 5783 1118 5843 Idem,
1173 5780 1228 5839 2,
1291 5777 1342 5829 6.

325 5860 368 5891 ⁸³
397 5861 526 5912 ibid.
567 5859 654 5912 ‘25.
733 5856 777 5888 ⁸³
805 5855 943 5909 Psal.
975 5869 1154 5917 xxxvi,
1188 5852 1269 5923 5.,

1993 4562 2137 4602 nunc
2163 4545 2230 4599 ad
2269 4544 2367 4597 hoc
2398 4540 2541 4611 quod
2577 4536 2955 4609 proposuimus
2986 4532 3054 4587 de
3087 4529 3297 4599 psalmo
3321 4567 3337 4591 ,
3376 4526 3503 4596 quia
3539 4542 3573 4579 a

1993 4643 2243 4701 Domino,
2285 4637 2458 4706 inquit
2487 4633 2553 4700 ⁸⁵,
2581 4646 2789 4703 gressus
2819 4624 3053 4680 hominis
3094 4622 3423 4691 diriguntur.
3471 4617 3576 4672 Stt—

1996 4749 2093 4804 pra
2138 4728 2488 4799 exposuimus
2534 4720 2807 4793 quomodo
2843 4718 2948 4771 iter
2984 4714 3108 4783 quis
3156 4710 3461 4781 ingreditur
3507 4709 3574 4761 ad

1995 4799 2289 4879 virtutem:
2320 4818 2576 4888 quoniam
2611 4813 2703 4883 qui
2731 4812 2835 4866 iter
2867 4807 2978 4878 agit
3010 4805 3076 4860 ad
3102 4803 3383 4865 virtutem,
3411 4799 3576 4853 multa

1996 4928 2125 4972 sunt
2154 4929 2277 4983 qua:
2311 4909 2518 4979 digredi
2552 4907 2716 4960 habet
2753 4912 2808 4957 et
2842 4899 3097 4956 transire.
3129 4895 3273 4966 Ergo
3300 4900 3353 4947 et
3387 4900 3441 4946 tu
3480 4891 3577 4961 qui

1996 5009 2063 5061 ad
2097 4981 2371 5060 Christum
2405 4998 2586 5054 tendis
2612 5035 2628 5062 ,
2679 4993 2769 5063 qui
2802 5001 2890 5047 est
2918 4988 3013 5043 Dei
3038 4986 3212 5040 virtus
3235 5023 3254 5048 ,
3295 4981 3581 5053 digredere

1993 5097 2299 5159 luxuriam,
2349 5100 2529 5149 scorta
2548 5129 2563 5155 ,
2595 5086 2889 5148 adulteria,
2919 5079 3209 5151 digredere
3238 5075 3410 5141 furta,
3438 5070 3577 5126 falsa

1999 5185 2305 5244 testimonia
2328 5225 2343 5248 ,
2376 5192 2490 5237 tum
2527 5179 2725 5235 deinde
2754 5176 3036 5246 digredere
3068 5181 3122 5226 et
3159 5166 3447 5223 avaritiam
3475 5202 3494 5227 ,
3524 5171 3583 5218 et

1995 5295 2211 5336 omnem
2238 5275 2484 5347 pecunia:
2504 5283 2938 5337 caterarumquc
2958 5264 3227 5319 malarum
3250 5273 3432 5315 rerum
3452 5269 3589 5311 con-

1998 5369 2419 5441 cupiscentiam,
2451 5364 2739 5435 digredere
2766 5357 3134 5417 mendacium,
3165 5350 3454 5421 digredere
3484 5346 3586 5400 tri-

2000 5464 2209 5520 stitiam
2262 5458 2467 5515 saeculi.
2504 5456 2619 5511 Nisi
2658 5454 2772 5508 hac
2819 5448 3000 5506 omnia
3048 5447 3329 5515 digressus
3361 5436 3531 5492 fueris
3556 5471 3578 5500 ,

1998 5558 2265 5612 visionem
2293 5552 2438 5607 illattt
2468 5562 2719 5619 magnam
2750 5543 2962 5598 Domini
2991 5539 3175 5591 videre
3200 5548 3305 5588 non
3350 5527 3577 5601 poteris.

2713 5684 2759 5714 "
2786 5682 2914 5736 ibid.
2950 5681 3035 5734 5L

2588 5757 2629 5788 ⁸¹
2660 5753 2828 5809 Exod.
2867 5767 3054 5813 χχχιιι,
3086 5750 3167 5802 15.

3115 5677 3158 5707 ⁷⁸
3186 5677 3326 5729 ΡεειΙ.
3358 5686 3521 5731 va",
3546 5668 3598 5721 Et.

2086 5766 2131 5798 ⁸ο
2159 5739 2511 5818 Exodr—xt—xiv
2551 5739 2629 5788 ηδί
2660 5753 2828 5809 Exod.
2867 5767 3054 5813 χχχιιι,
3086 5750 3167 5802 15.
3281 5745 3325 5775 δ’
3354 5741 3484 5797 ibid.
3511 5739 3596 5793 2‘2.
