4110 6414
539 332 669 389 1551

1957 335 2045 388 EX
2089 335 2392 391 ORIGENE
3277 334 3302 351 ’

3671 353 3808 412 1355‘.

537 447 679 498 Sunt
705 461 834 516 ergo
857 447 1074 516 quidam
1111 448 1163 500 in
1192 447 1346 500 nobis
1379 463 1602 512 gressus
1634 459 1684 500 et
1716 449 1904 516 pedes,
1931 449 2128 517 quibus
2158 456 2203 508 Α
2233 453 2346 520 ejus
2381 455 2447 508 θί.
2483 456 2558 509 lbi
2587 457 2726 512 dixit
2755 459 2880 527 quia
2905 462 3220 529 diriguntur
3246 477 3468 532 gressus
3505 466 3739 524 hominis
3774 490 3801 526 a

537 537 641 590 iter
686 538 785 590 hoc
818 540 1070 605 agimus,
1118 548 1243 589 sunt
1297 554 1513 606 gressus
1565 539 1843 592 interioris
1893 539 2128 593 hominis

536 629 731 696 quibus
763 629 1046 681 ambulare
1081 645 1366 695 possumus
1400 647 1494 697 per
1529 632 1675 683 illam
1716 632 1856 684 viam
1897 646 2018 700 qua:
2047 633 2127 684 tli~

534 720 609 775 cit
657 719 733 770 ⁸⁸ε
788 716 900 786 Ego
933 735 1048 772 sum
1081 722 1161 772 ria
1190 763 1204 786 ,
1239 724 1429 774 ret-itas
1461 734 1507 774 et
1542 723 1671 774 rita.
1710 721 1824 776 lloe
1849 737 1982 790 ergo
2023 703 2140 775 iter.

537 810 821 878 agentibus
892 813 1076 864 multis
1128 816 1412 880 gressibus
1487 815 1747 867 utendum
1816 824 1898 867 est
1968 816 2124 868 nobis

533 911 591 953 ut
650 901 736 953 illa
805 904 988 956 omnia
1041 919 1158 974 qna:-
1227 921 1389 973 supra
1443 907 1684 958 diximus
1736 919 2119 970 transeamus,

529 993 654 1058 quia
686 1009 904 1062 gressus
959 996 1190 1050 hominis
1251 1011 1277 1048 a
1338 995 1562 1049 Domino
1615 997 1937 1065 diriguntur.
2006 997 2119 1051 Non

529 1083 726 1137 suliieit
778 1085 980 1138 homini
1040 1085 1240 1138 volenti
1308 1086 1446 1140 istud
1512 1088 1615 1139 iter
1683 1088 2114 1157 inCedere67l

530 1175 643 1228 sola
705 1177 965 1246 propositi
1041 1177 1127 1232 sui
1195 1177 1490 1244 voluntas,
1576 1179 1675 1232 nisi
1735 1189 1792 1232 et
1859 1179 2120 1232 Dominus

530 1269 796 1323 direxerit
851 1283 1081 1336 gressus
1119 1269 1242 1338 ejus
1291 1288 1305 1325 :
1354 1272 1480 1340 quia
1547 1269 1864 1340 frequenter
1919 1272 2120 1326 accidit

531 1359 633 1412 iter
661 1359 1030 1429 agentibusut
1054 1361 1354 1428 ambulent,
1389 1365 1531 1430 quod
1564 1364 1668 1416 iter
1696 1374 1875 1417 tamen
1910 1374 2114 1417 rectum

533 1463 715 1506 tenere
740 1468 845 1506 non
871 1454 1108 1522 possint,
1141 1455 1237 1509 sed
1266 1456 1518 1509 decidant
1549 1456 1600 1509 in
1623 1456 1835 1524 aliquos
1864 1471 2112 1510 errores:

532 1555 588 1597 ut
623 1545 697 1599 illi
732 1548 823 1616 qui
859 1548 912 1603 in
956 1549 1313 1618 philosophiae
1350 1549 1661 1603 eruditione
1697 1560 2003 1608 versantur.
2035 1552 2117 1605 vi-

531 1639 732 1691 dentur
783 1640 1002 1706 quidem
1051 1640 1156 1693 iter
1203 1640 1424 1693 virtutis
1477 1639 1757 1705 incedere,
1795 1640 1888 1694 sed
1925 1641 2049 1709 quia
2083 1657 2110 1694 a

526 1731 757 1784 Domino
792 1746 898 1785 non
935 1732 1248 1800 diriguntur
1273 1745 1495 1800 gressus
1525 1746 1741 1795 eorum,
1781 1747 1885 1786 non
1929 1741 2110 1786 tenent

2236 546 2490 609 Domino,
2535 551 2628 604 hic
2691 553 2816 620 quia
2881 569 2985 607 non
3041 555 3531 624 supplantabnntnr
3585 577 3804 630 gressus

2223 638 2381 702 justi,
2414 642 2540 709 quia
2593 643 2875 710 Dominus,
2907 647 3104 714 inquit,
3135 649 3413 716 conﬁrmat
3459 669 3641 705 manus
3668 659 3800 722 ejus.

2229 728 2285 782 lu
2318 731 2422 784 alio
2445 735 2687 800 psalmo,
2719 735 2771 789 id
2805 745 2886 790 est
2915 737 2964 788 in
2990 740 3391 805 septuagesimo
3418 745 3685 808 secundo,
3715 748 3799 796 di-

2227 823 2299 873 cit
2326 825 2426 877 1i’:
2483 825 2588 878 Mei
2645 837 2821 878 autem
2878 844 3008 895 pene
3066 830 3195 882 moti
3254 841 3373 884 sunt
3430 834 3602 897 pedes.
3650 835 3800 900 Quod

2231 917 2282 971 id
2307 916 2481 985 ipsum
2503 916 2716 971 videtur
2744 918 3156 988 intelligendum
3199 921 3475 976 similiter.
3507 924 3798 980 Proﬁcien-

2227 1015 2307 1058 tes
2353 1009 2554 1060 etenim
2589 1009 2653 1060 ad
2689 1014 2918 1063 virtutes
2968 1010 3113 1064 velut
3149 1027 3375 1066 ascensu
3403 1016 3634 1082 qttodam
3671 1019 3798 1070 niti-

2225 1107 2384 1155 mur;
2417 1093 2469 1144 in
2518 1109 2625 1162 quo
2655 1110 2884 1151 ascensu
2939 1098 2984 1150 si
3022 1101 3147 1166 quis
3201 1100 3418 1155 labatur
3460 1114 3515 1156 et
3553 1107 3793 1173 decidat,

2221 1187 2557 1240 ascensionis
2587 1202 2697 1242 suae
2729 1189 2908 1256 perdit
2947 1190 3270 1259 profectum.
3305 1191 3464 1248 Istius
3492 1210 3617 1262 ergo
3645 1196 3793 1253 cﬂusi

2220 1286 2346 1330 sunt
2371 1293 2613 1346 gressus.
2660 1280 2774 1334 lloc
2826 1291 3007 1336 autem
3055 1283 3134 1349 iit,
3164 1300 3288 1338 cum
3315 1287 3440 1355 quis
3466 1298 3585 1356 post
3617 1289 3793 1356 profe-

2219 1377 2362 1420 ctum
2397 1380 2700 1425 retrorsum
2755 1373 2923 1428 fuerit
2977 1390 3275 1430 conversus
3307 1395 3319 1430 :
3347 1380 3485 1432 sicut
3518 1381 3713 1433 accidit
3740 1391 3792 1434 et

2219 1457 2371 1510 uxori
2410 1459 2509 1512 Lot
2536 1459 2612 1526 ⁸³,
2654 1477 2774 1528 qua:
2806 1462 3212 1533 ingrediebatur
3248 1467 3382 1522 bene
3407 1471 3690 1538 egrediens
3725 1472 3792 1524 de

2219 1544 2494 1612 Sodomis,
2537 1558 2593 1602 et
2627 1547 2888 1618 cll‘ugicns
2927 1567 3118 1622 poenas
3157 1554 3420 1607 malorum
3454 1555 3793 1625 ingredieba-

2219 1647 2306 1691 tur
2339 1649 2394 1693 et
2426 1641 2757 1697 ascendebat
2778 1644 2846 1698 ad
2877 1653 3111 1698 montem
3142 1662 3248 1715 quo
3277 1648 3467 1716 angelo
3507 1650 3640 1701 duce
3667 1663 3793 1716 pcr-

2215 1731 2408 1799 gebat;
2447 1734 2540 1788 sed
2598 1738 2851 1803 quoniam
2895 1746 3088 1791 contra
3126 1739 3439 1794 mandatum
3495 1740 3585 1793 Dei
3636 1739 3789 1807 fecit,

523 1822 627 1876 iter
657 1829 886 1879 rectum.
915 1822 1019 1876 Sed
1048 1832 1103 1876 et
1135 1814 1379 1877 lueretici
1417 1822 1771 1876 nihilominus
1797 1824 2109 1892 ingrediun-
2139 1798 2182 1856 Β
2211 1825 2353 1892 quod
2384 1824 2535 1891 jnssa
2592 1827 2768 1880 fuerat
2808 1842 2916 1881 non
2963 1829 3235 1896 respicere
3279 1836 3569 1883 retrorsum
3615 1845 3789 1900 neque

525 1923 612 1966 tur
641 1915 807 1968 etiam
844 1913 943 1983 ipsi
971 1913 1097 1979 iter,
1134 1913 1227 1968 sed
1261 1929 1387 1968 cum
1422 1911 1746 1980 Seripturas
1786 1917 2104 1981 carnaliter,

521 2021 624 2058 non
662 2004 980 2074 spiritaliter
1017 2003 1347 2072 intelligunt,
1380 2004 1665 2059 declinant
1704 2005 1756 2058 in
1805 2007 2104 2061 sinistram.

520 2098 576 2149 Si
608 2111 738 2150 vero
768 2096 1090 2164 spiritaliter
1116 2096 1449 2163 intelligant,
1481 2098 1534 2150 in
1573 2099 1691 2166 ipso
1716 2107 1899 2152 autem
1935 2099 2106 2167 spiri-

518 2189 610 2242 tali
653 2188 928 2243 intcllectu
951 2187 1266 2258 apostolicae
1295 2204 1403 2242 non
1441 2199 1658 2243 teneant
1690 2190 1929 2258 regulam
1963 2191 2108 2245 veri-

522 2281 678 2340 tatis,
734 2281 996 2334 decidunt
1044 2278 1404 2334 nihilominus
1440 2290 1496 2333 et
1549 2281 1648 2348 ipsi
1696 2281 1760 2332 ad
1800 2280 2103 2343 dexteram,

520 2371 762 2434 diabolo,
810 2381 869 2422 ut
920 2373 991 2424 ita
1030 2369 1290 2431 dixerim,
1324 2384 1548 2439 gressus
1588 2384 1776 2423 eorum
1825 2385 1930 2422 non
1973 2370 2106 2424 diri-

517 2470 693 2530 gente,
721 2463 813 2516 sed
844 2464 1208 2532 detorquente
1257 2477 1284 2514 a
1312 2463 1395 2515 via
1433 2473 1605 2517 recta.
1646 2460 1754 2517 Nos
1773 2476 1904 2530 ergo
1929 2476 2106 2530 neque

515 2555 580 2606 ad
615 2556 922 2619 dexteram,
957 2570 1134 2624 neque
1165 2557 1231 2608 ad
1281 2555 1566 2609 sinistram
1601 2554 1964 2618 declinantes,
2023 2553 2107 2608 in-

515 2645 830 2715 grediantur
857 2646 1092 2698 mediam
1122 2646 1264 2698 viam
1297 2661 1420 2713 qua:
1445 2655 1523 2699 est
1549 2645 1799 2700 Christus
1823 2644 2103 2712 Dominus,

513 2739 637 2806 quia
676 2737 728 2790 in
765 2738 882 2806 ipso
915 2738 1307 2792 ambulantium
1342 2754 1562 2809 gressus
1603 2739 1864 2793 Dominus
1895 2738 2102 2809 dirigit.

512 2832 556 2882 A
607 2831 830 2883 Domino
866 2845 994 2900 ergo
1025 2847 1235 2899 gressus
1263 2829 1490 2882 hominis
1518 2831 1834 2901 dirigentur,
1867 2841 1915 2885 et
1963 2831 2103 2884 viam

511 2925 629 2991 ejus
664 2923 920 2989 cupiet“,
947 2923 1095 2975 illam
1126 2923 1344 2977 scilicet
1376 2923 1521 2975 viam
1551 2924 1620 2978 de
1650 2938 1754 2991 qua
1779 2937 1942 2992 supra
1962 2921 2105 2975 dixi--

511 3032 650 3070 ntus.
690 3016 882 3083 Cupiet
923 3016 1070 3069 enim
1101 3016 1194 3084 qui
1241 3032 1268 3068 a
1304 3016 1411 3069 Deo
1436 3016 1692 3084 dirigitur
1714 3015 2013 3078 Christum,
2047 3019 2104 3068 et

513 3109 842 3163 desiderabit
879 3121 1205 3176 permanere
1237 3122 1454 3177 semper
1487 3107 1539 3161 itt
1571 3107 1818 3162 Christo.
2127 3139 2171 3197 ο

583 3200 637 3253 2.
669 3198 801 3254 Cum
861 3201 1132 3267 ceciderit,
1185 3201 1366 3269 inquit
1393 3199 1462 3264 ⁸⁷,
1511 3215 1618 3251 non
1671 3195 2098 3250 conturbabitur.

509 3292 774 3361 Superius
810 3293 998 3346 dicens
1045 3292 1176 3362 quia
1223 3307 1251 3345 a
1289 3291 1518 3344 Domino
1542 3289 1853 3358 diriguntur
1881 3302 2100 3357 gressus

504 3387 642 3452 ejus,
679 3386 765 3439 hic
797 3387 862 3439 de
879 3400 1007 3437 casu
1040 3384 1160 3452 ejus
1187 3383 1448 3450 loquitur.
1470 3381 1607 3434 Vide
1623 3395 1755 3450 ergo
1784 3379 1908 3447 quia
1932 3379 2099 3431 etiam

508 3471 704 3543 his’qui
750 3475 854 3528 iter
874 3476 976 3528 hoc
1006 3473 1274 3527 incedunt
1305 3472 1602 3541 aliquando
1637 3470 1850 3524 accidat
1880 3469 2099 3533 cadere,

503 3567 668 3620 etiam
704 3566 788 3619 bis
824 3565 916 3633 qui
967 3580 995 3615 a
1032 3563 1262 3616 Domino
1296 3563 1644 3630 diriguntur;
1680 3561 1775 3614 sed
1819 3569 1900 3614 est
1931 3560 2099 3613 multa

504 3656 812 3710 diﬂ‘ercntia
861 3659 1006 3711 inter
1035 3671 1222 3710 casum
1265 3655 1395 3722 justi
1429 3663 1486 3708 et
1519 3669 1703 3707 casum
1748 3652 1952 3719 iniusti.
2000 3650 2100 3704 Ju-

507 3758 646 3810 stus,
684 3747 885 3815 inquit,
946 3761 1068 3800 cum
1101 3747 1362 3800 ceciderit
1406 3760 1512 3799 non
1548 3745 1922 3813 prosternitur
1959 3759 1972 3792 :
2011 3743 2095 3796 itt-

505 3837 683 3902 iusltts
720 3846 775 3888 et
821 3839 911 3905 qtti
964 3852 1114 3905 spent
1153 3853 1256 3891 non
1301 3838 1466 3891 habet
1503 3837 1554 3888 itt
1595 3836 1704 3888 Deo
1747 3836 1981 3904 positam
2005 3874 2020 3898 ,
2051 3834 2096 3888 si

507 3927 788 3992 ceciderit,
843 3929 1212 3996 prosternitur
1272 3939 1326 3981 et
1378 3945 1484 3980 non
1531 3930 1750 3996 surgit:
1809 3928 1860 3979 id
1901 3940 2006 3992 est,
2051 3927 2095 3980 si
2140 3965 2147 3973 .

506 4021 839 4088 peccaverit,
885 4037 991 4074 non
1035 4023 1264 4089 ptenitet
1293 4030 1346 4074 et
1383 4030 1670 4088 peccatum
1703 4035 1858 4072 suum
1909 4034 2096 4071 emen-

455 4115 458 4118 ’
505 4113 638 4165 dare
665 4113 859 4166 nescit.
905 4113 1092 4165 Justus
1127 4121 1310 4164 autem
1355 4112 1398 4164 si
1452 4111 1506 4164 in
1558 4110 1743 4178 aliquo
1782 4108 2094 4174 oli‘enderit,

506 4206 550 4258 si
611 4205 662 4257 in
712 4204 918 4257 verbo:
967 4203 1245 4272 apostolus
1280 4203 1424 4258 enim
1480 4213 1563 4256 est
1613 4203 1707 4270 qui
1759 4201 1955 4255 dicit”
1989 4199 2096 4255 :Iu

505 4298 683 4349 multis
707 4297 846 4349 enim
877 4295 1192 4362 offendimus
1225 4312 1422 4360 omnes,
1452 4305 1501 4345 et
1523 4295 1566 4345 si
1589 4293 1705 4362 quis
1739 4293 1790 4344 in
1813 4291 1966 4344 verba
1992 4307 2095 4343 non

505 4389 742 4456 olfendit,
777 4391 860 4439 hic
885 4388 1150 4457 perfectus
1186 4398 1258 4440 est
1289 4386 1385 4456 vir)
1417 4383 1818 4452 :olfeuditergo
1839 4393 1892 4435 et
1912 4381 2096 4448 justus

2210 1925 2357 1969 stare
2392 1917 2442 1969 in
2483 1918 2631 1970 omni
2673 1917 2894 1984 regione
2927 1919 3039 1984 illa,
3075 1921 3168 1973 sed
3209 1918 3272 1971 ad
3315 1927 3548 1973 montem
3591 1936 3783 1974 ascen-

2209 2008 2363 2072 dere,
2395 2017 2556 2076 atque
2582 2009 2653 2063 ibi
2684 2010 2907 2074 salvari,
2940 2023 3062 2063 cum
3095 2025 3357 2065 conversa
3399 2011 3463 2065 ad
3489 2012 3784 2080 posteriora

2211 2111 2515 2152 retrorsum
2549 2100 2814 2168 respexit,
2862 2101 2933 2155 ibi
2961 2099 3115 2156 ell'usi
3149 2112 3274 2156 sunt
3301 2117 3519 2169 gressus
3567 2103 3704 2167 ejus,
3731 2112 3779 2154 el

2209 2189 2446 2256 perdidit
2477 2204 2638 2242 onme
2663 2191 2807 2261 quod
2842 2189 3019 2244 fuerat
3047 2201 3173 2244 ante
3192 2192 3456 2258 digressa,
3487 2193 3786 2259 permansit

2210 2281 2450 2348 perfecta
2489 2281 2832 2336 statuuncula
2881 2282 3032 2336 salis.
3083 2283 3194 2336 Hoc
3233 2285 3482 2351 estquod
3524 2285 3785 2336 Dominus

2209 2372 2262 2424 in
2300 2372 2586 2441 Evangelio
2636 2374 2761 2427 dicit
2789 2373 2832 2404 ’⁵
2862 2389 2876 2426 :
2905 2371 3074 2425 Nemo
3116 2375 3327 2427 mittens
3373 2391 3587 2427 manuni
3629 2392 3781 2428 suam

2207 2464 2278 2515 ad
2321 2475 2585 2533 aratrum,
2633 2478 2680 2520 et
2708 2478 2847 2520 retro
2881 2466 3164 2533 respiciens
3195 2476 3350 2532 aptus
3379 2476 3456 2521 est
3485 2484 3640 2537 regno
3667 2469 3783 2522 Dei.

2208 2553 2302 2608 Vis
2334 2555 2424 2610 tibi
2452 2559 2735 2610 ostendam
2758 2568 2812 2612 et
2846 2557 2982 2611 alios
3019 2572 3249 2626 quorum
3285 2556 3444 2611 elfusi
3475 2568 3600 2610 sunt
3625 2574 3783 2623 gres-

2207 2644 2344 2700 sus?
2374 2644 2688 2700 Recordare
2713 2647 2833 2701 illos
2859 2647 2951 2716 qui
2984 2647 3323 2700 transierunt
3370 2662 3466 2715 per
3500 2663 3649 2703 mare
3675 2649 3787 2702 litt-

2209 2739 2362 2791 brum
2400 2746 2650 2807 tanquam
2680 2754 2775 2808 per
2808 2739 3040 2800 aridam,
3077 2746 3130 2792 et
3158 2749 3446 2806 peccantes
3475 2739 3525 2792 in
3568 2740 3785 2793 deserto

2206 2830 2547 2895 ceciderunt,
2596 2841 2650 2885 et
2703 2831 2772 2885 ibi
2807 2831 2960 2886 eli'usi
2999 2843 3126 2885 sunt
3170 2847 3387 2892 gressus
3423 2847 3632 2888 eorum.
3672 2833 3784 2890 Sed

2207 2927 2259 2975 ct
2287 2935 2431 2976 nunc
2462 2923 2506 2975 si
2538 2923 2756 2989 quando
2784 2924 2998 2978 accidat
3025 2923 3258 2992 aliquem
3299 2925 3578 2980 vixissein
3606 2927 3787 2979 conti-

2207 3008 2388 3061 nentia
2419 3009 2595 3064 tribus
2614 3019 2707 3063 aut
2731 3021 2965 3080 quatuor
2980 3013 3158 3078 annis,
3179 3021 3232 3066 et
3249 3027 3312 3066 eo
3340 3014 3597 3082 amplius,
3617 3014 3784 3069 aliuvn

2207 3101 2260 3153 in
2291 3101 2445 3154 verbi
2473 3111 2528 3156 et
2559 3103 2817 3156 doctrinm
2860 3103 3039 3156 studio
3080 3112 3136 3155 et
3180 3103 3462 3171 sapientiae
3505 3105 3788 3160 laboribus

2202 3204 2425 3260 operam
2453 3191 2703 3254 dedisse;
2736 3200 2863 3249 tunc
2905 3191 3103 3246 deinde
3147 3193 3191 3246 si
3235 3193 3413 3248 victas
3451 3192 3615 3247 fuerit
3659 3196 3784 3259 hic,

2201 3281 2286 3336 vel
2321 3282 2386 3335 ad
2411 3283 2596 3336 carnis
2625 3283 2894 3335 luxuriam
2930 3292 3190 3349 transeat,
3224 3284 3309 3338 vel
3331 3288 3397 3337 ad
3431 3286 3535 3338 alia
3561 3299 3784 3355 peccata

2203 3373 2467 3436 declinet,
2501 3383 2596 3426 aut
2630 3379 2694 3426 ad
2734 3375 2902 3427 vitam
2933 3388 2991 3428 se
3021 3374 3312 3430 transferat
3346 3377 3551 3444 saeculi,
3583 3379 3666 3433 vel
3715 3380 3788 3434 ad

2205 3465 2421 3533 negotia
2454 3481 2518 3518 ac
2554 3465 2702 3518 lucra
2753 3467 3129 3535 corruptibilis
3168 3468 3292 3521 vitae
3335 3479 3639 3532 convertat,
3675 3485 3784 3524 non

2203 3554 2420 3609 dubites
2450 3556 2520 3609 de
2547 3569 2615 3608 co
2641 3556 2824 3608 dicere
2867 3559 2991 3624 quia
3027 3558 3183 3612 etl'usi
3223 3569 3349 3613 sunt
3386 3577 3607 3629 gres-sus
3638 3566 3784 3631 eius.

2201 3643 2311 3698 Nos
2338 3659 2468 3714 ergo
2503 3647 2858 3715 deprecemur
2894 3649 3178 3703 Dominum
3219 3661 3271 3704 ut
3315 3652 3511 3723 dirigat
3567 3670 3790 3724 gressus

2203 3745 2442 3800 nostros,
2481 3746 2535 3791 et
2559 3741 2831 3793 custodiat
2876 3742 2988 3793 vias
3039 3751 3279 3807 nostras,
3329 3745 3405 3796 uti
3439 3759 3504 3797 ne
3531 3746 3787 3814 supplan-

2204 3839 2385 3884 tentur
2423 3846 2644 3899 gressus
2672 3834 2880 3897 nostri;
2931 3844 2988 3886 nt
3018 3836 3067 3886 in
3103 3837 3184 3887 via
3239 3851 3401 3904 quam
3452 3838 3781 3901 inceditnns,

2203 3923 2305 3974 hoc
2345 3931 2428 3976 est
2467 3923 2518 3976 in
2561 3922 2783 3976 Christo
2834 3924 3059 3976 Domino
3090 3937 3298 3988 nostro,
3325 3928 3476 3995 quasi
3501 3943 3658 3994 supra
3689 3942 3788 3995 pe-

2202 4022 2341 4065 tram
2370 4013 2624 4067 stabilem
2653 4016 2876 4086 vestigia
2905 4026 3092 4069 nostra
3117 4016 3423 4085 ﬁrmentur,
3468 4035 3534 4073 ne
3561 4035 3787 4088 quoquo

2205 4106 2364 4159 modo
2400 4105 2739 4173 snpplautari
2772 4109 3077 4174 possimus;
3102 4124 3196 4176 per
3225 4109 3372 4162 illum
3405 4110 3607 4164 scilicet
3626 4110 3789 4174 cuius

2200 4213 2300 4250 nos
2341 4209 2507 4266 caput
2546 4197 2943 4266 observamus,
2992 4210 3047 4255 et
3101 4202 3188 4254 ille
3222 4212 3471 4256 nostrum
3518 4204 3786 4257 observat

2199 4290 2540 4352 calcanenm,
2585 4291 2672 4343 cui
2716 4292 2901 4360 utique
2929 4309 3204 4363 nunquam
3239 4309 3340 4347 nos
3365 4304 3582 4362 oportet
3625 4293 3787 4362 plan-

2203 4388 2312 4434 tam
2379 4382 2577 4434 nudatn
2626 4385 2896 4449 praebere,
2950 4387 3044 4440 sed
3089 4400 3302 4453 semper
3354 4385 3611 4437 debemus
3656 4398 3787 4437 esse

506 4487 558 4538 in
598 4485 787 4544 verbo,
830 4483 1083 4536 fortassis
1115 4481 1278 4534 etiam
1316 4480 1606 4548 aliquando
1629 4488 1682 4531 et
1712 4479 1762 4529 itt
1799 4476 1965 4540 l'acto,
1997 4476 2090 4527 sed
2125 4477 2169 4530 D
2198 4473 2415 4527 calceoli
2446 4476 2598 4542 pedes
2632 4476 2688 4527 iu
2715 4478 3104 4545 pra-paratione
3135 4475 3403 4545 Evangelii
3426 4478 3570 4543 pacis
3592 4475 3656 4536 ”,
3698 4488 3790 4544 ut,

505 4577 607 4628 srit
633 4575 961 4638 emendare,
988 4573 1092 4626 scit
1111 4573 1419 4640 corrigere:
1442 4571 1547 4624 scit
1574 4569 1665 4622 ille
1688 4569 1778 4635 qui
1797 4565 2090 4621 dixerat”:

510 4666 703 4720 Nescio
733 4666 1022 4727 hominem,
1058 4663 1222 4732 paulo
1253 4671 1375 4731 post
1411 4677 1536 4716 cum
1578 4669 1856 4729 respectus
1902 4658 2095 4712 fuisset

512 4777 541 4813 a
568 4760 816 4821 Domino,
841 4758 968 4810 ﬂere
992 4754 1358 4816 amarissime;
1391 4754 1494 4805 scit
1530 4762 1585 4805 et
1619 4752 1708 4805 ille
1735 4751 1824 4820 qui
1858 4751 1925 4805 de
1954 4759 2098 4806 tecto

514 4852 796 4906 mulierem
821 4848 1046 4902 viderat.
1081 4854 1134 4899 et
1163 4843 1516 4911 concupierat
1548 4858 1689 4903 eam,
1717 4841 1897 4895 dicere
1923 4859 1935 4892 :
1973 4841 2100 4893 Pec-

512 4935 647 4996 cavi,
689 4933 818 5002 quia
844 4933 938 4986 tibi
960 4934 1063 4988 soli
1087 4933 1297 5004 peccavi
1328 4943 1375 4985 et
1399 4931 1597 4985 malum
1628 4946 1806 4984 coram
1833 4940 1881 4984 te
1901 4933 2001 5001 feci
2020 4930 2088 4986 θ’.

507 5026 565 5080 Si
589 5041 723 5095 ergo
755 5040 876 5078 cum
911 5025 1168 5080 ceciderit
1200 5025 1379 5094 justus
1409 5040 1516 5079 non
1564 5023 1948 5090 prosternitur,
1983 5037 2087 5076 non

507 5114 855 5186 permanebit.
907 5116 960 5168 in
1008 5125 1253 5186 peccato,
1283 5117 1375 5171 sed
1407 5117 1625 5170 exsiliet
1651 5116 1784 5180 cito,
1825 5126 2085 5182 tanquam

510 5206 727 5259 damula
765 5222 831 5261 ex
858 5208 1084 5271 retibus,
1123 5218 1177 5259 et
1205 5219 1460 5277 tanquam
1501 5209 1620 5260 avis
1644 5209 1710 5259 de
1754 5207 1966 5276 laqueo.
2005 5207 2090 5259 lu-

501 5297 681 5367 justus
721 5311 902 5353 autem
941 5315 1048 5353 non
1075 5299 1248 5353 solum
1278 5308 1585 5367 permanet,
1619 5301 1713 5353 sed
1755 5310 1809 5351 et
1842 5309 2086 5367 proster-

507 5393 652 5446 nitur
673 5394 725 5446 in
763 5393 1021 5462 peccatis.
1065 5391 1254 5446 Justus
1278 5403 1458 5445 autem
1489 5391 1619 5460 quid
1657 5392 1785 5443 facit
1806 5391 1829 5442 ?
1854 5389 1960 5442 Lex
1989 5390 2084 5442 Dei

505 5483 620 5551 ejus
652 5483 704 5537 in
733 5483 890 5537 corde
919 5484 1110 5552 ipsius,
1143 5495 1192 5536 et
1231 5501 1334 5537 non
1360 5480 1849 5551 supplantabuutur
1874 5495 2083 5546 gressus

1145 5630 1190 5659 “
1221 5629 1362 5682 Psai.
1410 5643 1592 5684 xxxvt.
1620 5626 1711 5680 τϊῑ.
1787 5625 1830 5654 ³τ
1861 5623 1992 5677 ἰιιίοι.
2042 5623 2129 5674 Ἡ.

1233 5701 1277 5730 θ’
1332 5699 1470 5751 l‘sal.
1539 5712 1708 5757 t.\.\||,
1772 5694 1826 5746 2.

576 5627 622 5656 ⁸⁸
648 5627 800 5680 Joau.
845 5644 956 5688 ων,
992 5631 1042 5681 ti.

507 5692 553 5726 °‘
613 5694 752 5748 Psal.
811 5715 994 5755 XXXVI.
1041 5702 1134 5753 3|.

512 5777 700 5827 χχιιι,
755 5765 844 5827 23,
879 5768 968 5818 2M.

1933 5695 1980 5724 9³
2011 5694 2150 5747 Gen.

2199 4566 2246 4618 si
2272 4567 2478 4619 venerit
2507 4567 2756 4623 diabolus
2786 4572 3180 4637 supplantator,
3217 4575 3272 4620 et
3304 4566 3570 4617 invenerit
3611 4573 3787 4632 pedes

2199 4669 2414 4713 nostros
2445 4662 2704 4727 munitos,
2733 4673 2789 4717 et
2815 4677 2977 4730 supra
3012 4668 3218 4729 petram
3247 4664 3480 4718 stantes,
3516 4655 3640 4707 inde
3679 4671 3785 4709 nos

2203 4754 2550 4821 supplantare
2589 4769 2693 4808 non
2729 4755 2926 4808 valeat.
2957 4747 3218 4816 Quamvis
3249 4745 3394 4797 enim
3444 4743 3609 4813 paulo
3651 4757 3788 4800 ante

2202 4844 2501 4899 dixerimus
2550 4861 2712 4915 posse
2755 4847 2919 4902 etiam
2957 4855 3142 4896 casum
3191 4838 3424 4905 aliquem
3467 4845 3523 4889 et
3565 4845 3786 4906 lapsum

2202 4935 2451 4990 accidere
2501 4937 2587 4991 his
2639 4939 2731 5007 qui
2765 4933 2981 4990 virtutis
3029 4932 3173 4984 viam
3207 4937 3544 4996 sequuntur,
3597 4938 3789 4985 tamen

2197 5027 2597 5082 observandum
2629 5040 2738 5094 est,
2797 5028 2922 5098 quia
2958 5027 3028 5080 ibi
3060 5023 3152 5077 ubi
3179 5022 3352 5076 dixit:
3395 5019 3529 5073 Cum
3577 5022 3793 5075 cecide-

2196 5120 2287 5181 rit,
2313 5135 2416 5171 non
2453 5131 2839 5188 prosternatur,
2881 5117 3132 5187 superius
3183 5128 3287 5167 non
3335 5123 3443 5165 tam
3507 5113 3575 5167 de
3630 5113 3795 5180 justo

2199 5223 2360 5275 quam
2388 5210 2453 5261 de
2496 5211 2716 5263 homine
2750 5224 2886 5277 puro
2912 5211 3289 5276 proposuerat.
3325 5202 3412 5256 Ait
3446 5201 3593 5258 enim
3617 5202 3669 5233 ⁸⁸
3699 5219 3714 5256 :
3746 5209 3791 5259 Α

2202 5300 2428 5353 Domino
2456 5317 2667 5368 gressus
2698 5301 2926 5354 [taurinis
2951 5299 3272 5366 dirigentur,
3305 5307 3350 5347 et
3380 5296 3519 5347 viam
3551 5295 3670 5361 ejus
3695 5316 3795 5350 cu-

2194 5393 2317 5459 piet,
2345 5408 2462 5443 cum
2493 5393 2734 5445 ceciderit
2764 5409 2866 5444 nou
2897 5400 3274 5459 prosternatur.
3305 5386 3360 5440 lu
3395 5401 3504 5453 quo
3536 5390 3800 5441 ostendi-

2197 5493 2284 5533 tur
2321 5497 2441 5536 esse
2467 5482 2677 5550 aliquos
2703 5497 2864 5535 casus
2887 5482 2975 5549 qui
3001 5491 3180 5533 tamen
3212 5494 3318 5532 non
3349 5477 3613 5530 c0ntinuo
3642 5476 3798 5530 indi-

3387 5613 3432 5645 ⁹⁰
3459 5611 3604 5669 Psal.
3639 5628 3698 5676 ι,
3735 5618 3794 5674 (ν,

2213 5625 2258 5653 ⁸⁸
2308 5624 2498 5678 .iacob.
2553 5641 2636 5684 ιιι,
2670 5625 2725 5675 ‘2.
2806 5623 2850 5653 εθ
2884 5621 3052 5675 Marc.
3081 5635 3191 5682 ειν,
3216 5617 3303 5670 71.
3387 5617 3432 5645 ⁹⁰
3459 5617 3604 5669 l‘sztl.
3639 5628 3698 5676 ι..
3735 5618 3772 5670 ι.

2213 5712 2321 5742 vix-
2422 5697 2465 5725 θ’*
2496 5694 2627 5742 Luc.
2659 5693 2846 5742 IX-(i2)..
2919 5693 2964 5722 ⁵”³
3009 5693 3206 5742 EDltcs.
3253 5703 3323 5742 \‘I.
3373 5683 3458 5735 ίῧο
3558 5682 3606 5712 ’⁸
3642 5685 3772 5742 Paul

3689 5707 3796 5745 Si“.

2211 5712 2321 5750 vix.
2422 5697 2465 5725 θ’*
2495 5683 2846 5758 Ιηιιξέιῃϋὶὶ.
2919 5693 2964 5722 ν³
3009 5693 3206 5757 liphcs.
3253 5703 3323 5752 vt,
3373 5683 3458 5735 lii.
