4110 6442
472 396 609 452 1355

1143 394 1449 451 SELECTA
1491 393 1555 449 IN
1596 391 1934 451 PSALMUS.
1970 424 2039 432 —-
2073 391 2303 448 llOMlL.
2348 392 2413 447 ιν
2456 393 2520 449 1N
2560 394 2760 453 PSAL.
2810 397 3047 456 XXXVI.

3578 404 3713 460 ιδὸι

470 526 597 575 cent
618 531 740 573 esse
768 515 964 571 victum
1002 522 1055 569 et
1097 523 1426 584 prostratum
1474 530 1596 571 eum
1633 516 1723 585 qui
1756 515 2039 571 ceciderit.
2070 513 2117 569 Α
2145 510 2189 566 si
2220 512 2334 566 fieri
2367 521 2564 582 potest,
2592 522 2651 568 ut
2684 528 2900 584 semper
2934 516 3563 591 vincatquotiescunque
3589 535 3718 576 coii-

473 610 628 666 Sicut
663 610 808 664 enim
835 619 889 663 et
925 609 977 663 in
1003 623 1176 678 agone
1205 609 1322 663 fieri
1371 608 1534 674 solet,
1581 621 1639 664 ut
1665 611 1876 665 duobus
1903 610 2043 663 inter

471 716 532 757 se
558 701 895 757 luctantibus
924 701 1140 755 accidat
1162 701 1340 769 primo
1369 702 1587 770 quidem
1622 703 1817 756 cadere
1849 716 2043 765 unum,

472 801 682 850 etcum
726 792 1008 859 ceciderit,
1062 802 1249 864 surgat
1300 803 1355 850 et
1404 794 1623 849 vincat:
1674 793 1749 848 ita
1786 793 1950 847 etiam
1987 793 2041 846 in

472 892 663 940 nostro
708 898 908 953 agone,
956 883 1046 953 qui
1088 892 1173 938 est
1207 883 1365 940 nobis
1404 889 1695 939 adversum
1745 884 2042 954 principem

473 975 634 1041 hujus
675 975 886 1039 mundi,
928 976 974 1030 si
1018 976 1154 1031 forte
1198 977 1459 1033 acciderit
1500 976 1733 1047 aliquem
1774 977 1840 1031 de
1888 976 2045 1030 nobis

469 1065 634 1137 672
677 1066 846 1130 vinci,
892 1075 944 1120 et
972 1065 1023 1119 in
1055 1066 1237 1136 aliquo
1282 1077 1508 1137 peccato
1538 1068 1760 1132 cadere,
1789 1065 2045 1135 possibile

472 1168 638 1212 estut
672 1166 793 1226 post
832 1167 1113 1228 peccatum
1148 1160 1430 1227 resipiscat
1453 1158 1671 1226 aliquis,
1702 1166 1758 1212 et
1781 1166 2046 1229 exsurgat

475 1259 527 1304 et
563 1250 942 1319 perhorrescat
971 1250 1169 1305 malum
1205 1251 1350 1321 quod
1378 1250 1625 1319 admisit,
1653 1259 1707 1305 et
1745 1250 1812 1304 de
1845 1261 2044 1303 caetero

475 1355 580 1394 non
615 1341 788 1395 solum
830 1340 1111 1395 contineat
1159 1356 1243 1405 se,
1292 1354 1480 1396 verum
1528 1341 1693 1395 etiam
1741 1339 2045 1396 satisfaciat

474 1431 606 1496 Deo,
640 1430 827 1486 lavans
872 1447 969 1501 per
1012 1432 1256 1502 singulas
1292 1442 1481 1488 noctes
1511 1433 1716 1487 lectum
1761 1448 1941 1500 suum,
1989 1441 2047 1488 et

475 1523 734 1595 lacrymis
782 1525 967 1595 rigans
999 1533 1227 1580 stratum
1282 1539 1461 1590 suum,
1512 1523 1789 1594 accipiens
1817 1524 2045 1579 verbum

474 1616 805 1686 prephetica:
860 1616 1206 1672 auctoritatis
1262 1630 1368 1686 qua
1426 1615 1625 1671 dicitur
1649 1616 1743 1671 ’τε
1788 1615 2043 1685 Nunquid

470 1709 560 1775 qui
601 1708 745 1763 cadit
789 1724 891 1762 non
936 1709 1149 1778 adjiciet
1186 1720 1241 1763 ut
1280 1709 1560 1779 resurgat?
1584 1718 1674 1763 aut
1708 1708 1801 1778 qui
1838 1722 2046 1762 aversus

471 1808 571 1863 est,
622 1816 726 1853 non
757 1800 1118 1855 convertitur?
1148 1797 1239 1854 Va:
1282 1801 1362 1854 Itis
1411 1801 1501 1869 qui
1529 1800 1703 1855 aversi
1742 1809 1862 1855 sunt
1889 1815 2046 1854 aver-

471 1893 619 1946 sione
664 1890 977 1956 impudenti,
1011 1890 1147 1945 dicit
1173 1889 1454 1945 Dominus.
1480 1890 1545 1945 Et
1586 1890 1691 1946 iste
1718 1898 1803 1947 est
1827 1889 1919 1960 qui
1948 1905 2044 1945 ca-

472 1984 601 2038 dere
646 1982 861 2054 quidem
891 1983 1085 2052 potuit,
1122 1983 1391 2052 prosterni
1426 1997 1556 2038 vero
1597 1997 1703 2039 non
1743 1982 1939 2052 potuit.
1986 1980 2047 2038 Si

472 2082 652 2129 autem
692 2075 896 2131 videris
942 2075 1175 2145 aliquem
1206 2074 1469 2130 cecidisse
1499 2074 1553 2129 in
1600 2075 1817 2145 aliquod
1845 2089 2045 2146 pecca-

472 2177 606 2230 tum,
642 2175 697 2222 et
731 2177 852 2236 post
879 2181 1064 2222 casum
1096 2166 1474 2236 desperantem
1520 2167 1958 2234 conversionem,
1992 2173 2047 2223 et

470 2257 773 2311 dicentem:
799 2256 916 2311 Jam
939 2257 1208 2328 quomodo
1228 2272 1447 2327 possum
1470 2272 1571 2329 ego
1589 2258 1769 2315 salvus
1790 2259 1928 2327 fieri,
1953 2258 2045 2329 qui

474 2346 680 2401 cecidi?
703 2347 814 2414 jam
852 2346 998 2402 nulla
1035 2361 1158 2417 spes
1190 2354 1295 2413 est,
1339 2354 1568 2417 peccata
1605 2362 1723 2403 mea
1768 2363 1856 2404 me
1897 2348 2049 2405 colli-

471 2444 619 2505 gant,
665 2437 935 2505 quomodo
981 2438 1182 2493 audere
1216 2451 1436 2507 possum
1464 2438 1732 2495 accedere
1764 2438 1832 2495 ad
1861 2437 2050 2511 Domi-

471 2527 641 2581 num?
668 2526 952 2594 Quomodo
976 2528 1041 2583 ad
1075 2528 1373 2585 Ecclesiam
1412 2528 1632 2585 redire?
1664 2536 1720 2584 et
1752 2530 1798 2585 si
1822 2528 1924 2584 hac
1954 2529 2050 2586 de-

471 2616 783 2685 speratione
820 2616 926 2673 iste
957 2618 1084 2673 talis
1113 2619 1336 2675 recedat
1367 2618 1534 2674 etiam
1567 2634 1598 2674 a
1637 2620 1770 2685 Deo,
1811 2621 1899 2677 hic
1939 2637 2045 2678 non

470 2706 648 2762 solum
701 2708 927 2775 cecidit,
971 2709 1066 2765 sed
1116 2709 1168 2765 in
1202 2724 1332 2767 casu
1380 2724 1480 2766 suo
1522 2721 1833 2781 prostratus
1883 2721 2051 2784 atque

471 2798 751 2854 demersus
789 2808 891 2855 est.
938 2799 1006 2854 Et
1048 2807 1134 2856 est
1185 2800 1404 2871 quidem
1441 2803 1705 2873 optabile,
1747 2811 1807 2859 ut
1843 2804 2049 2862 athleta

468 2892 690 2962 pietatis
721 2907 786 2947 ac
808 2892 1027 2948 virtutis
1056 2901 1275 2947 maneat
1310 2907 1526 2965 semper
1557 2895 1871 2964 immobilis,
1896 2905 1955 2953 ut
1980 2911 2050 2954 ne

472 2996 635 3035 unam
668 2982 887 3050 quidem
918 2981 1143 3046 luctam,
1180 2989 1241 3036 ut
1272 2981 1347 3036 ita
1370 2983 1572 3051 dicam,
1612 2985 1829 3053 perdat,
1860 3001 1930 3042 ne
1959 3001 2047 3044 se-

469 3072 574 3128 mel
604 3072 895 3129 inclinetur
930 3084 1025 3129 aut
1065 3077 1465 3147 supplantetur.
1502 3075 1656 3143 Quod
1688 3076 1732 3133 si
1786 3075 1904 3133 ﬁeri
1937 3093 2047 3135 non

466 3173 665 3235 potest,
699 3166 792 3220 sed
816 3165 1062 3222 evenerit
1084 3181 1206 3221 eum
1238 3169 1457 3233 cadere,
1494 3182 1599 3223 non
1617 3168 1797 3237 jaceat
1816 3177 1937 3241 post
1952 3185 2046 3225 ca-
2072 3206 2118 3266 ο

468 3272 612 3323 sum,
660 3272 728 3313 ne
775 3265 1177 3327 prosternatur,
1230 3260 1323 3314 sed
1371 3267 1629 3329 exsurgat
1679 3268 1735 3315 et
1790 3260 2046 3316 emendet

467 3351 703 3420 culpam,
727 3360 989 3423 expurget
1019 3351 1351 3424 ptenitentite
1373 3367 1483 3407 sua:
1502 3349 1879 3407 satisfactione
1899 3366 2049 3408 com-

470 3444 715 3509 missum,
738 3460 826 3501 'ne
862 3445 1025 3499 etiam
1064 3446 1129 3499 de
1159 3445 1275 3515 ipso
1311 3443 1604 3515 Apostolus
1644 3445 1793 3499 dicat
1822 3443 1871 3476 “
1906 3459 1920 3498 :
1973 3441 2044 3498 Et

467 3536 672 3605 lugeam
717 3537 909 3591 multos
952 3553 1017 3591 ea:
1037 3535 1118 3591 his
1150 3537 1241 3607 qui
1285 3546 1405 3589 ante
1432 3545 1807 3605 peccaverunt,
1842 3546 1889 3589 et
1941 3552 2047 3590 non

465 3638 681 3701 egerunt
705 3632 1063 3701 paenitentiam
1089 3630 1152 3685 de
1179 3630 1521 3685 immunditia
1537 3638 1584 3683 et
1614 3629 1965 3698 fornicatione
1996 3639 2045 3684 et

467 3724 802 3790 impudicitia
840 3738 999 3793 quam
1026 3731 1319 3792 gesserunt.
1350 3721 1533 3790 Quare
1563 3723 1725 3778 etiam
1754 3721 2047 3791 Apostolus

465 3813 712 3883 exempla
758 3812 1053 3882 palaestrici
1084 3813 1274 3883 agonis
1301 3812 1599 3884 assumpsit
1634 3829 1758 3870 cum
1787 3813 1921 3869 dicit
1947 3814 1993 3845 "
2027 3830 2041 3869 :

471 3903 640 3959 Nemo
676 3915 965 3959 coronatur
1006 3905 1113 3957 nisi
1164 3906 1256 3975 qui
1295 3904 1526 3975 legitime
1583 3907 1888 3971 certaverit,
1941 3905 2042 3962 nisi

466 3998 592 4066 quia
632 4010 731 4051 nos
773 3996 916 4051 scire
950 3995 1169 4050 volebat
1209 3994 1343 4065 legis
1369 3995 1675 4049 certamina
1716 4005 1772 4051 et
1802 3996 2044 4065 agones?

466 4088 562 4161 qui
602 4096 658 4143 et
688 4088 755 4143 de
782 4088 966 4157 seipso
992 4087 1068 4140 ait
1094 4088 1109 4119 ¹
1148 4104 1161 4139 :
1202 4086 1292 4143 Sic
1328 4103 1525 4157 pugno,
1557 4103 1661 4142 non
1688 4088 1841 4157 quasi
1869 4103 2042 4143 aerem

467 4181 765 4239 verberans.
810 4180 876 4234 Et
928 4179 1123 4234 iterum
1152 4181 1172 4212 ¹
1205 4191 1221 4230 :
1253 4177 1532 4257 Certamen
1581 4180 1774 4234 bonum
1820 4181 2039 4235 cenavi.

468 4269 602 4337 Quia
632 4273 767 4339 ergo
797 4272 1075 4325 certamen
1112 4265 1270 4323 nobis
1312 4276 1395 4322 est
1432 4278 1487 4323 et
1521 4283 1659 4340 agon
1691 4269 2001 4339 propositus
2023 4308 2039 4336 ,

456 4360 633 4419 etiam
670 4359 802 4431 legis
848 4374 1074 4430 agonem
1124 4372 1288 4414 nosse
1315 4359 1598 4415 debemus.
1646 4360 1788 4417 Sunt
1817 4361 2041 4419 athleta:

467 4452 557 4522 qui
587 4453 639 4506 in
666 4454 918 4508 omnibus
950 4452 1344 4508 certaminibus
1383 4454 1641 4520 vincunt,
1684 4461 1740 4509 et
1770 4454 1824 4509 in
1855 4454 2042 4510 omni-

2145 600 2372 669 ﬂixerit,
2396 613 2449 659 et
2480 606 2683 674 primas
2717 605 2859 662 inter
2886 608 3085 676 paedas,
3133 610 3184 664 id
3211 619 3293 666 est
3319 610 3462 668 inter
3497 626 3724 684 pueros,

2146 695 2331 749 statim
2356 697 2536 764 capiat
2562 711 2811 753 coronas.
2839 697 2934 753 Vis
2957 698 3052 754 tibi
3079 702 3367 758 ostendam
3395 703 3606 775 aliquos
3632 706 3722 776 qui

2146 785 2288 841 inter
2319 803 2539 855 pueros,
2575 789 2626 844 id
2649 798 2753 854 est,
2787 790 2840 845 in
2871 791 3050 860 primo
3086 793 3271 847 statim
3298 793 3437 849 lacte
3468 796 3733 854 coronati

2145 878 2311 931 sunt?
2340 877 2571 947 Respice
2617 878 2835 934 beatum
2869 881 3144 937 Danielem
3178 884 3219 949 ⁵,
3262 885 3353 953 qui
3385 900 3415 939 a
3456 901 3627 956 puero
3666 898 3722 942 et

2145 969 2450 1039 prophetiae
2479 970 2710 1041 gratiam
2739 973 2958 1038 meruit,
2993 981 3049 1028 et
3086 974 3300 1046 iniquos
3328 992 3564 1046 arguens
3593 994 3720 1048 pre-

2145 1060 2420 1129 sbyteros,
2446 1075 2582 1131 puer
2617 1078 2875 1119 coronam
2902 1064 3132 1133 iustitia:
3174 1076 3229 1121 et
3267 1070 3537 1127 castitatis
3583 1072 3721 1126 obti-

2147 1151 2284 1204 nuit.
2316 1149 2407 1207 Vis
2439 1153 2533 1208 tibi
2557 1154 2798 1211 etaliu-m
2832 1156 3104 1227 proferam
3156 1157 3300 1214 inter
3331 1174 3530 1230 pueros
3560 1177 3721 1218 coro-

2146 1244 2369 1299 natum?
2392 1243 2685 1300 Jeremiam
2716 1246 2860 1314 vide,
2888 1248 2980 1318 qui
3012 1264 3134 1304 cum
3166 1265 3225 1306 se
3265 1262 3488 1321 propter
3532 1253 3721 1309 adole-

2148 1335 2412 1389 scentiam
2447 1345 2737 1392 excusaret
2781 1352 2811 1391 a
2847 1340 3249 1408 prophetando,
3292 1343 3502 1399 audivit
3543 1360 3573 1398 a
3616 1346 3722 1399 Do-

2148 1426 2333 1482 mino"
2363 1443 2377 1481 :
2410 1426 2537 1482 Noli
2564 1429 2756 1495 dicere,
2786 1430 3062 1499 quiaPuer
3086 1449 3178 1503 ego
3208 1450 3345 1497 sum.
3366 1438 3618 1506 quoniam
3651 1439 3721 1490 ad

2147 1531 2323 1570 omnes
2341 1533 2671 1587 quoscunque
2689 1519 2892 1572 mittam
2909 1529 2980 1587 te,
3003 1521 3120 1588 ibis,
3136 1533 3184 1577 et
3200 1541 3521 1597 quiscunque
3539 1527 3723 1582 dixero

2148 1608 2257 1668 tibi,
2276 1608 2526 1680 loqueris.
2560 1609 2664 1665 Sed
2704 1610 2939 1667 fortasse
2980 1613 3181 1670 adulta:
3214 1617 3308 1671 tibi
3344 1617 3458 1688 jam
3493 1619 3609 1674 ista:
3639 1621 3722 1672 vi-

2150 1701 2381 1757 deantur
2410 1714 2619 1759 aetates.
2653 1702 2801 1759 Dabo
2830 1703 2925 1763 tibi
2958 1704 3213 1761 athletam
3256 1709 3347 1778 qui
3382 1718 3511 1766 ante
3551 1710 3726 1766 lucta-

2154 1801 2239 1849 tus
2262 1794 2353 1861 sit,
2386 1805 2441 1851 et
2470 1797 2661 1851 vicerit
2691 1797 3006 1868 priusquam
3040 1797 3183 1853 inter
3213 1801 3460 1856 homines
3480 1803 3724 1858 emiserit

2151 1887 2381 1957 vagitus.
2411 1886 2580 1944 Jacob
2610 1890 2787 1944 adhuc
2827 1890 2964 1946 intra
3008 1901 3221 1947 uterum
3265 1893 3457 1949 matris
3487 1909 3601 1950 suae
3632 1894 3720 1948 lu-

2149 1988 2326 2035 ctatus
2352 1994 2473 2035 cum
2516 1980 2686 2036 fratre
2729 1980 2892 2049 Esau,
2929 1983 3297 2053 supplantavit
3327 1999 3452 2041 eum
3480 1994 3536 2040 et
3567 1986 3718 2049 vicit,

2149 2085 2216 2127 ex
2248 2087 2353 2144 quo
2384 2082 2438 2129 et
2464 2073 2789 2143 supplantati
2833 2082 2888 2129 et
2915 2074 3110 2131 devicti
3151 2074 3339 2131 fratris
3382 2077 3724 2133 benedictio-

2151 2176 2249 2217 nes
2304 2163 2646 2232 primogeniti
2700 2179 2729 2217 a
2779 2173 3003 2234 parente
3052 2166 3360 2236 suscepit“.
3385 2166 3521 2222 Nam
3557 2175 3612 2222 et
3645 2168 3721 2222 illi

2150 2254 2305 2323 pueri
2343 2269 2473 2308 num
2512 2254 2609 2310 tibi
2643 2254 2903 2310 videntur
2932 2255 2983 2310 in
3013 2257 3204 2325 puerili
3234 2272 3409 2329 agone
3451 2264 3721 2323 coronati,

2150 2341 2243 2412 qui
2277 2344 2420 2414 apud
2448 2342 2765 2400 Bethlehem
2795 2360 2825 2399 a
2867 2344 3077 2401 himatu
3109 2356 3166 2402 et
3208 2348 3346 2403 infra
3374 2363 3475 2420 pro
3504 2349 3722 2406 Domini

2150 2434 2373 2491 nomine
2402 2433 2639 2505 palmam
2671 2449 2866 2505 cepere
2905 2437 3190 2510 martyrii?
3229 2437 3395 2496 Vides
3422 2451 3626 2511 quanta
3671 2443 3725 2498 in

2149 2539 2356 2595 pueros
2398 2540 2724 2581 coronarum
2766 2525 3029 2585 habemus
3071 2530 3342 2602 exempla.
3388 2531 3517 2587 llaec
3555 2533 3623 2589 de
3662 2548 3729 2589 eo

2154 2615 2301 2686 quod
2335 2616 2691 2685 repetivimus
2733 2619 3125 2689 expositionem
3157 2621 3408 2679 versiculi
3449 2622 3593 2681 illius
3636 2627 3727 2695 qui

2153 2706 2288 2764 dicit
2316 2725 2330 2764 ε
2366 2704 2497 2763 Cum
2526 2708 2792 2777 ceciderit,
2819 2726 2922 2764 non
2943 2711 3399 2781 prosternetur.Et
3424 2727 3595 2783 quare
3621 2729 3727 2769 non

2152 2807 2556 2870 prosternatur,
2585 2802 2783 2872 adjecit
2811 2817 3035 2859 causam
3054 2804 3272 2861 dicens:
3303 2803 3442 2872 Quia
3470 2802 3730 2861 Dominus

2152 2892 2430 2963 confirmat
2472 2910 2685 2948 manum
2713 2894 2849 2965 ejus.
2878 2893 2945 2949 Et
2971 2894 3093 2950 vide
3132 2909 3293 2965 quam
3332 2907 3731 2967 consequenter

2150 2982 2222 3040 de
2254 2983 2484 3055 singulis
2513 2983 2645 3040 dicit
2669 2983 2777 3042 :Ne
2808 2986 2990 3051 cadat,
3019 2985 3301 3053 Dominus,
3349 2987 3545 3059 inquit,
3578 3003 3732 3059 gres-

2152 3087 2245 3130 sus
2277 3075 2395 3144 ejus
2422 3076 2653 3148 dirigit;
2684 3077 2728 3132 si
2765 3085 2953 3132 autem
2996 3077 3291 3145 ceciderit,
3324 3092 3430 3134 non
3481 3091 3728 3150 proster-

2151 3166 2339 3220 nitur:
2376 3166 2659 3235 Dominus,
2685 3167 2885 3238 inquit,
2918 3168 3099 3224 lirmat
3131 3183 3352 3225 manum
3383 3170 3521 3242 ejus.
3568 3172 3731 3229 Vides

2154 3272 2286 3327 ergo
2312 3258 2438 3328 quia
2474 3256 2688 3313 Domini
2723 3272 2941 3328 semper
2971 3258 3177 3314 auxilio
3199 3258 3523 3330 indigemus.
3543 3261 3730 3319 Primo

2155 3364 2222 3405 ne
2253 3350 2553 3405 cudamus:
2590 3358 2701 3405 tum
2726 3340 2922 3407 deinde
2956 3349 3123 3406 etiam
3168 3350 3213 3406 si
3247 3351 3634 3421 ceciderimus,
3668 3368 3730 3412 ut

2153 3455 2526 3513 resurgamus.

2224 3532 2279 3589 5.
2311 3514 2528 3587 juvenis
2558 3532 2639 3603 fui
2661 3541 2706 3587 et
2733 3534 2901 3597 senui,
2949 3542 2998 3589 et
3034 3551 3136 3590 non
3163 3537 3267 3592 vidi
3298 3537 3505 3609 justum
3534 3540 3731 3595 dereli-

2153 3631 2317 3688 ctum,
2350 3641 2442 3678 nec
2466 3641 2640 3679 semen
2660 3625 2775 3694 ejus
2809 3640 3050 3695 quarens
3071 3645 3281 3697 panem.
3308 3629 3437 3685 Tota
3454 3632 3540 3687 die
3566 3635 3728 3688 mise-

2154 3725 2299 3770 retur
2339 3726 2386 3769 et
2421 3716 2649 3783 fenerat,
2680 3728 2725 3771 et
2748 3733 2922 3771 semen
2963 3718 3077 3788 ejus
3117 3721 3170 3774 in
3194 3721 3546 3778 benedictione
3569 3726 3731 3782 erit’.

2154 3805 2255 3873 Qui
2286 3807 2605 3877 simpliciter
2633 3808 2825 3864 dicunt
2854 3818 2909 3865 et
2937 3812 3237 3868 secundum
3267 3812 3554 3870 historiam
3586 3819 3734 3872 acci-

2152 3897 2353 3967 pienda
2400 3912 2522 3953 esse
2556 3898 2719 3953 verba
2759 3896 3056 3969 Scriptura:
3100 3900 3299 3957 divinae
3326 3941 3343 3968 ,
3389 3903 3572 3961 dicent
3614 3906 3732 3961 sine

2155 3986 2319 4043 dubio
2372 3986 2425 4043 in
2478 3988 2601 4045 loco
2651 3988 2983 4047 conﬁrmare
3038 3990 3232 4059 David,
3263 3994 3393 4063 quia
3456 4004 3730 4051 transacta

2150 4086 2311 4134 aetate
2330 4077 2637 4149 iuventutis
2664 4095 2776 4135 suae
2806 4096 2930 4136 cum
2962 4081 3075 4152 jam
3112 4095 3286 4154 usque
3327 4086 3395 4140 ad
3426 4093 3731 4145 senectutis

2150 4186 2262 4227 suae
2283 4181 2490 4243 tempus
2514 4171 2774 4239 venisset,
2804 4174 2857 4228 in
2891 4174 3039 4228 omni
3064 4175 3166 4231 hoc
3188 4184 3432 4246 tempore
3453 4196 3728 4252 nunquam

2150 4279 2210 4320 se
2232 4265 2438 4320 vidisse
2474 4263 2548 4318 ita
2576 4263 2777 4333 justum
2810 4266 3133 4322 derelictum
3169 4279 3230 4323 ut
3258 4271 3491 4339 panibus
3515 4273 3729 4344 indige-

2151 4364 2253 4411 ret.
2292 4356 2358 4410 Et
2381 4355 2509 4424 quid
2541 4355 2771 4412 facimus
2799 4356 2864 4412 de
2900 4356 3068 4412 Paulo
3109 4360 3354 4428 apostolo
3382 4363 3425 4429 ⁸,
3457 4366 3549 4433 qui
3593 4382 3730 4422 enu-

2150 4463 2365 4503 merans
2386 4456 2441 4504 et
2463 4462 2743 4518 exponens
2779 4448 3171 4518 prephetarum
3205 4452 3347 4509 vitas
3374 4454 3505 4511 dicit
3524 4472 3618 4514 eos
3644 4461 3727 4514 in-

466 4545 570 4600 bus
599 4554 950 4600 coronantur.
974 4543 1118 4599 Inter
1144 4544 1321 4615 padas
1355 4545 1603 4611 vincunt,
1643 4546 1786 4602 inter
1810 4547 2040 4618 agonios
2075 4562 2119 4621 Ῑ)
2150 4540 2421 4609 (ligentes.
2450 4538 2755 4605 lfibulalos.
2805 4540 2856 4595 in
2885 4540 3118 4611 pellibus
3154 4545 3395 4614 caprinis
3437 4548 3725 4604 oberrasse

466 4636 713 4703 vincunt,
744 4637 886 4693 inter
914 4636 1115 4693 andras
1151 4637 1392 4692 vincunt.
1439 4636 1548 4691 Alii
1580 4637 1872 4693 vincuntur
1899 4639 2043 4694 inter

468 4730 687 4792 andras,
724 4729 817 4783 sed
844 4728 1340 4784 coronanturinter
1369 4729 1615 4798 agonios,
1647 4742 2042 4797 nonnunquam

466 4823 628 4877 etiam
654 4821 799 4875 inter
823 4821 1025 4876 andras
1051 4822 1294 4877 vincunt.
1331 4822 1474 4893 Ergo
1502 4820 1764 4890 aliquanti
1799 4834 2039 4890 semper,

468 4911 731 4982 aliquanti
767 4913 1006 4967 secundo
1035 4912 1120 4967 vel
1162 4914 1321 4968 tertio
1353 4920 1711 4968 coronantur.
1744 4912 1906 4968 Certe
1938 4913 2043 4967 mi-

468 5018 648 5059 serum
682 5010 762 5057 est
792 5009 848 5057 et
876 5002 1078 5057 ultime
1123 5002 1487 5070 infelicitatis,
1517 5003 1572 5059 in
1613 5002 1871 5060 omnibus
1904 5017 2035 5072 ago-

460 5092 629 5148 nibus
658 5100 767 5146 tam
799 5092 968 5146 variis
1010 5100 1176 5162 atque
1205 5093 1464 5159 diversis,
1512 5107 1580 5149 ne
1610 5109 1772 5149 unam
1817 5093 2038 5165 quidem

468 5182 768 5253 promereri
820 5196 1097 5239 coronam.
1148 5183 1225 5238 lta
1275 5200 1408 5254 ergo
1448 5193 1505 5240 et
1532 5184 1901 5252 Christianus,
1952 5183 2039 5239 cui

461 5283 727 5331 certamen
763 5283 841 5328 est
879 5289 980 5327 non
1009 5275 1260 5328 adversus
1282 5291 1494 5330 carnem
1515 5284 1563 5330 et
1582 5278 1914 5346 sanguinem,
1944 5276 2036 5331 sed

464 5366 713 5423 adversus
732 5365 1054 5434 principatus
1077 5374 1124 5419 et
1160 5373 1465 5435 potestates,
1494 5376 1545 5420 et
1564 5368 1817 5421 adversus
1849 5367 2045 5429 princi-

463 5473 553 5525 pes
597 5457 755 5526 hujus
786 5457 971 5510 mundi
995 5445 1331 5511 tenebrarum
1373 5457 1587 5523 harum,
1614 5458 1865 5513 adversus
1890 5458 2049 5520 spiri-

2152 4648 2251 4702 per
2292 4644 2559 4688 cavernas
2597 4639 2898 4700 petrarum,
2949 4640 3002 4687 et
3062 4649 3161 4704 per
3209 4635 3543 4705 speluncas:
3577 4651 3632 4695 et
3658 4642 3727 4695 de

2150 4724 2331 4795 seipse
2386 4737 2821 4779 commemorans
2876 4722 3193 4794 frequenter
3247 4727 3413 4795 dicit,
3468 4730 3523 4785 in
3580 4732 3727 4787 fante

2149 4826 2205 4871 et
2263 4817 2351 4871 siti
2412 4813 2463 4866 οἳ
2518 4817 2583 4871 Ει
2637 4831 2763 4871 cum
2831 4818 2948 4873 haec
3004 4820 3117 4889 pati
3165 4820 3343 4892 justas
3413 4824 3725 4896 frequenter

2151 4907 2559 4979 Scripturarum
2640 4909 2886 4966 historiis
2953 4926 3383 4983 cognoscamus,
3455 4921 3724 4986 quomodo

2149 5014 2293 5056 nunc
2334 5001 2628 5070 putandum
2683 5010 2767 5058 est
2802 5003 2904 5058 hoc
2955 5004 3126 5061 David
3192 5005 3375 5061 dicere
3425 5010 3718 5063 secundum

2147 5088 2448 5162 simplicem
2512 5089 2891 5146 intellectum?
2951 5092 3060 5149 Sed
3122 5095 3404 5153 videamus
3454 5110 3523 5152 ne
3583 5098 3724 5151 forte

2149 5180 2259 5234 sint
2290 5180 2484 5251 aliquae
2512 5189 2703 5237 aetates
2730 5182 3011 5241 interioris
3052 5186 3291 5243 hominis
3321 5188 3515 5255 nostri,
3554 5191 3623 5243 ad
3653 5194 3724 5244 si-

2151 5268 2512 5325 militudinem
2539 5271 2827 5329 exterioris
2852 5280 2910 5329 et
2934 5274 3237 5345 corporalis
3268 5276 3464 5331 astatis.
3497 5276 3648 5333 Unde
3668 5290 3727 5333 et

2144 5361 2420 5427 interdum
2451 5363 2519 5418 ad
2555 5363 2701 5419 viros
2733 5362 2845 5435 jam
2879 5374 3092 5420 matura
3115 5374 3278 5421 aetate
3323 5367 3544 5435 dicitur,
3590 5371 3719 5438 quia

2143 5457 2299 5526 pueri
2333 5464 2481 5521 sunt,
2509 5465 2562 5512 et
2590 5458 2713 5514 aliis
2737 5459 2864 5529 quia
2893 5472 3077 5523 senes,
3102 5467 3157 5513 et
3174 5458 3295 5514 aliis
3320 5460 3446 5529 quia
3466 5459 3720 5530 juvenes.

465 5548 596 5603 talia
637 5549 884 5620 nequitia:
910 5549 963 5603 in
992 5549 1284 5605 coelestibus
1308 5550 1351 5617 ³,
1392 5565 1517 5605 cum
1559 5558 1741 5607 tantos
1765 5550 1960 5607 habeat
1990 5558 2046 5606 et
2141 5552 2327 5608 ethtec
2350 5551 2536 5619 utique
2564 5550 2669 5605 dici
2694 5550 2761 5605 de
2789 5549 3061 5620 corporali
3088 5559 3253 5605 aetate
3293 5564 3401 5605 non
3432 5555 3716 5608 convenit.

468 5638 605 5695 tales
631 5640 996 5706 adversarios,
1032 5652 1287 5708 tanquam
1318 5641 1564 5713 agonista
1598 5641 1830 5713 vigilare
1858 5643 2039 5709 debet,

2145 5642 2387 5711 Denique
2434 5657 2557 5697 cum
2594 5640 2813 5713 plurimi
2851 5650 2982 5697 ante
3023 5641 3301 5696 Abraham
3339 5652 3625 5699 sexcentos
3661 5655 3721 5700 et

534 5734 579 5767 "’
604 5733 802 5812 larem.
836 5750 957 5801 vttt,
984 5736 1035 5799 4,
1066 5736 1118 5812 5_.
1152 5804 1170 5812 _
1194 5734 1239 5768 ⁸⁸
1269 5735 1311 5791 ll
1336 5737 1461 5812 ger.
1486 5752 1586 5812 x_tt_.
1612 5737 1705 5796 2|.
1778 5738 1828 5772 9'
1851 5738 1893 5793 ll
1918 5739 2034 5812 Tim

2185 5737 2237 5793 5.
2317 5736 2538 5812 ‘jﬂCor.
2562 5751 2655 5812 ιδ.
2680 5735 2773 5792 26.
2811 5739 2833 5771 ³
2862 5736 3077 5812 ΙΙῇιξί-ηιἐ
3111 5753 3187 5804 tv,
3218 5739 3273 5794 7.
3348 5738 3370 5770 ⁸
3404 5737 3605 5810 Ephes.
3644 5757 3718 5812 γι.

467 5802 553 5858 12.
657 5804 677 5835 ⁸
708 5806 839 5859 Dan.
876 5820 994 5860 χιιι.
1089 5808 1109 5837 ⁸
1144 5804 1254 5860 Jer.
1287 5823 1324 5871 ι,
1353 5807 1405 5859 7.

784 5899 1056 5961 ΡΔτιιοι..
1088 5900 1204 5961 Gn.
1236 5901 1375 5963 ΧΙΙ.

1511 5807 1682 5865 8Gen.
1717 5824 1844 5863 xxv.
1918 5809 2102 5866 'Psal.
2133 5807 2437 5875 xxxvr,‘25.
2509 5808 2533 5839 ⁸
2560 5807 2725 5863 Hebr.
2762 5822 2835 5863 st.
2910 5809 2930 5841 ο
2967 5806 3011 5863 ιι
3037 5809 3163 5866 Cor.
3205 5827 3276 5864 x1.

3321 5903 3401 5962 lsi!
