4110 6452
436 423 575 480 1555

1846 419 1932 473 EX
1971 416 2270 474 ORIGENE

3553 430 3691 486 4556

434 548 779 617 quingentos,
807 555 862 598 ut
885 544 1164 598 minimum
1197 551 1468 598 trecentos
1501 558 1673 599 annos
1712 541 2010 605 vixissent,
2042 546 2088 601 Α
2119 539 2348 609 relinqui
2379 553 2407 594 a
2434 538 2545 595 Deo
2578 540 2855 607 putandus
2902 553 2983 598 est
3026 543 3227 614 justus,
3258 560 3382 601 cum
3430 550 3693 618 aegritudo

431 642 500 691 de
533 637 678 691 nullo
711 637 926 690 illorum
964 637 1167 690 dictum
1202 647 1306 705 est,
1341 639 1469 708 quia
1518 637 1703 692 senior
1733 644 1787 691 et
1814 633 2007 704 plenus

431 729 645 782 dierum
681 727 864 790 fuerit,
899 726 999 780 nisi
1046 727 1316 781 Abraham
1352 727 1741 782 tantummodo.
1776 727 1851 780 Ex
1897 739 2006 794 quo

427 817 589 888 673
616 817 1020 886 intelligendum
1050 818 1308 885 cst,quod
1327 833 1428 872 non
1456 818 1519 872 de
1547 825 1706 872 aetate
1739 817 2004 885 corporis,

427 913 520 964 sed
571 911 638 964 de
686 910 1000 964 maturitate
1065 909 1340 964 interioris
1380 909 1619 964 hominis
1660 909 2003 978 designatum

425 1009 530 1056 est.
551 1000 704 1056 Unde
727 1009 781 1056 et
809 1016 910 1056 nos
940 1009 1130 1069 optare
1153 1001 1410 1057 debemus
1433 1017 1540 1056 non
1566 1016 1662 1070 pro
1693 1009 1851 1055 aetate
1882 1015 2002 1054 cor-

424 1093 595 1163 poris,
621 1107 795 1162 neque
815 1109 914 1163 pro
940 1092 1115 1148 oﬂicio
1147 1093 1466 1164 presbyterii
1494 1091 1752 1162 appellari
1781 1090 2004 1162 presby-

426 1185 530 1241 teri
559 1196 615 1241 et
643 1187 906 1250 seniores,
933 1185 1026 1240 sed
1056 1200 1155 1254 pro
1190 1185 1468 1241 interioris
1502 1183 1735 1240 hominis
1760 1183 2000 1254 perlecto

422 1292 584 1333 sensu
635 1289 690 1334 et
741 1279 1013 1350 gravitate
1060 1276 1414 1342 constantiae,
1450 1275 1590 1330 sicut
1624 1285 1678 1330 et
1725 1275 1998 1330 Abraham

421 1371 721 1442 appellatus
767 1382 852 1426 est
887 1370 1168 1440 presbyter
1201 1370 1437 1424 nutritus
1473 1369 1528 1423 in
1585 1378 1864 1425 senectute
1909 1371 2002 1424 bo-

421 1479 489 1517 na
525 1464 590 1516 ¹⁰.
628 1461 722 1517 Est
773 1476 902 1532 ergo
950 1469 1081 1516 aetas
1119 1460 1298 1529 aliqua
1336 1460 1630 1515 secundum
1687 1461 1997 1515 interiorem

421 1559 696 1614 hominem
732 1557 979 1628 puerilis,
1009 1565 1092 1610 est
1137 1565 1191 1610 et
1222 1566 1353 1610 mtas
1385 1555 1665 1624 juvenilis,
1701 1566 1787 1612 est
1829 1568 1884 1612 et
1914 1572 1999 1612 se-

422 1654 548 1707 nilis
598 1653 893 1708 sccundum
947 1652 1090 1720 quod
1139 1649 1429 1719 Apostolus
1483 1650 1812 1705 dicebat“:
1865 1650 1998 1704 Cum

420 1755 582 1792 essent
627 1738 898 1802 parvulus,
944 1739 1194 1808 loquebar
1227 1749 1282 1793 ut
1315 1739 1588 1806 parvulus,
1625 1741 1891 1808 sapiebam
1942 1751 1994 1793 ut

417 1828 692 1897 parvulus,
725 1829 1015 1898 cogitabam
1046 1841 1100 1883 ut
1132 1829 1381 1898 parvulus
1415 1846 1435 1894 ;
1469 1846 1584 1882 cum
1614 1840 1786 1884 autem
1825 1830 1992 1899 factus

416 1937 531 1974 sum
556 1920 652 1983 vir,
699 1921 945 1975 evacuavi
990 1937 1108 1990 qum
1147 1931 1295 1976 erant
1350 1922 1577 1990 parvuli.
1633 1922 1744 1990 Ego
1783 1922 1898 1978 haec
1928 1925 1995 1979 ab

413 2010 672 2081 Apostolo
707 2026 814 2064 non
845 2012 910 2066 de
949 2013 1220 2080 corporali
1265 2022 1427 2068 aetate
1468 2014 1572 2068 dici
1610 2013 1876 2084 intelligo,
1902 2016 1996 2070 sed

415 2103 669 2171 quoniam
696 2117 818 2156 cum
842 2101 896 2155 in
926 2102 1081 2157 initio
1103 2104 1455 2170 credidisset,
1481 2103 1582 2158 fuit
1607 2104 1863 2172 parvulus
1899 2120 1996 2159 nu-

414 2210 512 2265 per
537 2196 789 2264 geuilus,
830 2196 1156 2252 rationabile
1200 2207 1255 2253 et
1296 2198 1416 2253 sine
1464 2198 1585 2253 dolo
1613 2199 1696 2253 lac.
1739 2199 1996 2271 concupi-

413 2300 576 2341 scens
608 2287 676 2352 η,
711 2296 840 2341 tunc
880 2288 1220 2358 intelligebat
1260 2290 1575 2360 Scripturas
1610 2299 1669 2345 ut
1711 2293 1992 2361 parvulus,

415 2376 658 2442 sapiebat
684 2379 750 2431 de
778 2377 1072 2446 Evangelio
1107 2388 1166 2432 ut
1193 2379 1471 2448 parvulus,
1496 2382 1768 2451 cogitabat
1793 2392 1850 2438 ut
1872 2399 1995 2453 par-

412 2469 605 2536 vulus;
639 2469 736 2524 sed
776 2479 898 2538 post
947 2471 1062 2524 haec
1111 2470 1404 2539 proﬁciens
1439 2482 1599 2529 :ctate
1640 2475 1707 2529 ad
1751 2474 1996 2532 similitu-

413 2563 592 2618 dinem
617 2562 827 2619 Christi
854 2566 918 2619 de
949 2579 1056 2633 quo
1089 2565 1354 2634 scriptum
1399 2575 1484 2621 est
1513 2567 1558 2598 “
1586 2569 1712 2637 quia
1737 2571 1995 2638 Proﬁcie-

413 2657 500 2710 bat
523 2665 677 2710 letale
709 2665 756 2710 et
796 2656 1057 2723 sapientia
1089 2666 1135 2710 et
1187 2661 1357 2726 gratia
1399 2659 1539 2727 apud
1568 2657 1734 2712 Deum
1773 2669 1821 2714 et
1852 2662 1992 2728 apud

410 2749 670 2811 homines,
692 2747 995 2817 deponebat
1025 2763 1144 2818 qua:
1167 2757 1323 2803 erant
1360 2750 1571 2818 parvuli
1592 2759 1677 2805 :et
1705 2762 1992 2820 propterea

411 2837 550 2892 dixit
578 2836 643 2903 “,
667 2836 794 2893 Cum
838 2837 1014 2905 factus
1056 2853 1172 2890 sum
1221 2839 1319 2901 vir,
1353 2854 1470 2904 qua:
1503 2839 1708 2906 parvuli
1726 2850 1874 2893 erant
1904 2842 1994 2894 de-

409 2929 581 2999 posui.
620 2928 697 2982 lta
730 2943 862 2998 ergo
895 2927 1278 2998 intelligendus
1312 2938 1394 2983 est
1427 2929 1592 2983 etiam
1633 2929 1802 2984 David
1840 2930 1992 2986 dice-

414 3037 471 3076 re
500 3021 565 3086 ¹⁵,
590 3021 803 3078 Juvenis
827 3020 906 3090 {ui
929 3030 974 3074 et
1007 3021 1199 3085 senui;
1229 3029 1288 3073 ut
1330 3022 1376 3075 si
1409 3020 1635 3090 dice-ret,
1651 3024 1783 3082 Cum
1816 3037 1988 3078 essem

411 3113 666 3183 parvulus
696 3113 993 3169 secundum
1027 3113 1343 3167 interiorem
1382 3113 1679 3178 hominem,
1709 3117 1851 3170 nunc
1877 3113 1989 3182 jam

2113 632 2357 702 corporis
2399 632 2775 696 advenit,cum
2810 633 3106 701 tribulatio,
3140 653 3262 692 cum
3307 648 3600 708 paupertas
3639 651 3695 697 et

2110 724 2334 793 singulae
2375 739 2603 795 quaeque
2645 723 2803 792 hujus
2839 725 2963 779 vitae
3008 728 3267 782 molestiae
3310 741 3688 798 generantur:

2111 818 2226 872 haec
2240 817 2473 871 maxime
2487 815 2650 883 justis
2668 817 2917 873 accidere
2938 818 3132 886 solent,
3150 822 3344 890 quibus
3363 833 3417 877 et
3433 838 3690 893 persecu-

2109 910 2311 963 tionem
2343 909 2451 978 pati
2488 925 2588 979 pro
2617 911 2837 965 nomine
2871 911 2962 966 Dei
3020 912 3261 969 solemne
3305 925 3408 981 est,
3456 918 3550 972 sed
3583 933 3689 972 non

2107 1001 2553 1072 derelinquuntur
2583 1019 2703 1058 cum
2741 1003 3011 1072 patientes
3059 1004 3177 1059 haec
3212 1008 3394 1062 omnia
3446 1017 3497 1064 et
3551 1011 3687 1066 tole-

2108 1103 2290 1149 rant-es
2338 1094 2526 1149 dicunt
2553 1096 2618 1148 ﬂ':
2657 1094 2826 1150 Nemo
2872 1110 2968 1150 nos
3020 1097 3293 1165 separabit
3338 1115 3368 1152 a
3418 1101 3690 1157 charitate

2105 1183 2222 1249 Dei,
2247 1199 2368 1254 quae
2399 1193 2482 1240 est
2516 1184 2570 1239 in
2611 1184 2832 1242 Christo
2861 1183 3015 1250 Iesu,
3053 1201 3230 1258 neque
3258 1190 3558 1259 tribulatio,
3595 1208 3690 1248 ne-

2105 1289 2210 1343 que
2251 1277 2442 1338 fames,
2489 1291 2665 1348 neque
2709 1280 2984 1346 angustia,
3021 1295 3197 1350 neque
3242 1282 3480 1352 nuditas,
3509 1298 3688 1354 neque

2102 1367 2350 1436 gladius,
2386 1384 2562 1438 neque
2613 1371 2861 1441 altitudo,
2911 1391 3085 1446 neque
3129 1376 3477 1444 profundum,
3509 1393 3688 1446 neque

2102 1458 2208 1512 alia
2237 1470 2510 1514 creatura.
2560 1461 2804 1532 Denique
2849 1468 3135 1536 prophetae
3159 1469 3228 1534 ὀ,
3261 1467 3352 1536 qui
3384 1467 3687 1522 circuibant

2103 1547 2157 1601 in
2198 1550 2416 1605 deserto
2465 1565 2566 1620 per
2619 1569 2878 1611 cavernas
2933 1565 3209 1625 petrarum
3267 1565 3321 1611 et
3371 1557 3679 1626 speluncas,

2097 1649 2344 1709 egentes,
2375 1642 2642 1710 tribulati,
2677 1645 2887 1714 afﬂicti,
2938 1647 3065 1703 licet
3096 1649 3151 1703 in
3189 1648 3420 1705 desertis
3463 1651 3684 1705 oberra-

2101 1741 2243 1799 rent,
2288 1741 2340 1788 et
2372 1744 2554 1790 essent
2602 1735 2669 1791 ab
2717 1739 3031 1794 hominibus
3081 1740 3344 1805 derelicti,
3395 1739 3682 1795 multitudo

2105 1830 2283 1877 tamen
2315 1838 2409 1880 eos
2431 1825 2745 1896 angelorum
2769 1829 3161 1886 circumdabat.
3195 1831 3286 1885 Sic
3313 1831 3542 1901 denique
3574 1829 3683 1885 Elt-

2097 1929 2393 1972 smusvcum
2441 1928 2586 1973 esset
2633 1920 2701 1975 ab
2743 1921 3056 1977 hominibus
3096 1923 3408 1990 derelictus,
3465 1922 3678 1978 caelesti

2101 2009 2547 2066 circumdabatur
2583 2013 2850 2079 exercitu,
2895 2016 3190 2071 secundum
3229 2017 3371 2085 quod
3417 2017 3678 2086 scripturn

2097 2102 2442 2172 est“:Aperi
2467 2105 2653 2160 oculos
2679 2108 2830 2175 pueri
2860 2108 3042 2175 hujus,
3070 2117 3128 2161 ut
3149 2108 3329 2162 videat
3352 2108 3477 2178 quia
3499 2109 3682 2178 plures

2098 2191 2380 2246 nobiscum
2408 2203 2532 2248 sunt
2555 2211 2716 2266 quam
2751 2212 2870 2253 cum
2904 2198 3026 2252 illis.
3059 2198 3126 2253 Et
3159 2199 3292 2254 vidit
3324 2209 3496 2254 totum
3523 2215 3680 2255 mon-

2098 2290 2207 2337 tem
2248 2284 2521 2353 equitibus
2549 2297 2602 2342 et
2643 2288 2896 2345 curribus
2951 2290 3190 2360 plenum.
3215 2289 3497 2359 Nunquam
3530 2292 3676 2345 enim

2095 2373 2242 2430 solus
2280 2386 2362 2430 est
2380 2376 2583 2447 justus,
2613 2379 2706 2434 sed
2739 2394 2807 2435 ne
2832 2380 2995 2435 unius
3024 2381 3263 2449 quidem,
3297 2389 3391 2434 aut
3421 2383 3674 2443 duorum,

2096 2466 2177 2521 vel
2201 2470 2360 2523 trium
2388 2471 2762 2527 tantummodo
2785 2473 3100 2544 angelorum
3123 2473 3386 2528 societate
3412 2473 3677 2530 subnixus

2095 2567 2200 2623 est,
2221 2559 2313 2612 sed
2348 2565 2622 2616 exercitus
2644 2562 2692 2617 ei
2712 2564 2975 2617 virtutum
3009 2565 3310 2620 cmlestium
3342 2575 3544 2633 praesto
3573 2574 3677 2621 est.

2095 2649 2251 2716 Quod
2282 2651 2328 2704 si
2371 2651 2619 2718 pluribus
2664 2652 2842 2709 adhuc
2883 2654 3207 2710 testimoniis
3253 2671 3390 2724 opus
3418 2665 3520 2720 est,
3559 2671 3676 2711 sus-

2095 2740 2214 2810 cipe
2262 2749 2316 2796 et
2362 2741 2528 2797 aliud.
2563 2742 2729 2798 Jacob
2758 2745 2998 2814 quandiu
3039 2755 3160 2801 erat
3205 2747 3257 2801 in
3298 2747 3455 2802 domo
3483 2761 3674 2817 paren-

2095 2839 2207 2885 tum
2234 2841 2431 2888 etcum
2461 2833 2629 2889 fratre
2663 2835 2826 2902 Esau,
2871 2851 2977 2892 non
3013 2848 3272 2894 eratcum
3304 2839 3546 2893 exercitu
3575 2853 3674 2894 an-

2093 2923 2337 2994 gelorum
2368 2941 2384 2978 :
2414 2940 2537 2980 cum
2570 2941 2702 2981 vero
2746 2929 3064 2982 secessisset
3103 2930 3170 2982 ad
3195 2928 3540 2984 solitudinem
3577 2928 3674 2982 de-

2093 3017 2245 3082 serti,
2264 3025 2322 3070 et
2339 3016 2486 3071 solus
2511 3018 2612 3071 iter
2629 3027 2814 3088 ageret
2840 3019 2905 3072 ad
2934 3018 3402 3089 Mesopotamiam,
3419 3021 3676 3076 dormivit

2095 3105 2148 3160 in
2182 3106 2296 3161 loco
2333 3107 2590 3176 quodam,
2613 3117 2667 3162 et
2697 3124 3001 3179 exsurgens
3023 3111 3155 3166 dicit
3179 3113 3306 3181 quia
3337 3123 3564 3168 vocatur
3586 3114 3674 3168 hic

411 3207 582 3261 senui.
622 3203 736 3260 Nisi
797 3206 944 3259 enim
997 3204 1292 3269 senuisset,
1347 3205 1611 3273 propheta
1665 3221 1773 3261 non
1824 3216 1987 3263 esset.

2094 3197 2245 3252 locus
2267 3199 2582 3270 παρεμϐολή
2608 3241 2622 3266 ,
2656 3202 2802 3270 quod
2837 3211 2920 3256 est
2952 3210 3165 3268 castra,
3205 3219 3301 3273 pro
3326 3219 3390 3258 eo
3415 3206 3557 3273 quod
3594 3205 3677 3258 vi-

413 3298 654 3368 Namque
687 3312 880 3352 senum
907 3304 990 3351 est
1020 3297 1366 3366 prophetare.
1402 3295 1632 3351 Etiamsi
1678 3298 1864 3353 videas
1891 3297 1993 3352 ali-

409 3391 631 3462 quando
653 3390 908 3457 juvenem
942 3389 1381 3459 prophetantem,
1431 3403 1538 3442 non
1570 3389 1783 3444 dubites
1811 3389 1993 3446 dicere

410 3482 478 3538 de
495 3497 591 3546 eo,
618 3480 743 3550 quia
787 3480 1088 3534 secundum
1125 3478 1442 3532 interiorem
1484 3479 1758 3533 hominem
1789 3481 1990 3545 senuit,

413 3581 699 3641 propterea
728 3569 993 3640 propheta
1023 3580 1108 3623 est
1139 3586 1152 3621 :
1182 3567 1419 3634 denique
1459 3565 1724 3622 Jeremias
1747 3583 1871 3622 cum
1895 3585 1994 3621 au-

410 3657 1063 3728 divisset“:Priusquam
1090 3664 1137 3709 te
1171 3662 1488 3724 plasmarem
1519 3657 1572 3708 in
1609 3666 1758 3710 utero
1783 3658 1989 3719 novite,

410 3762 460 3807 et
489 3761 768 3821 antequam
809 3749 980 3800 exires
1027 3749 1096 3799 de
1136 3746 1285 3800 vulva
1324 3746 1656 3812 sancti/icavi
1682 3756 1751 3812 te,
1793 3757 1841 3801 et
1872 3764 1993 3817 pro.

412 3846 623 3912 phetam
671 3841 727 3893 in
761 3838 1001 3908 gentibus
1041 3836 1142 3906 feci
1176 3845 1246 3900 te,
1291 3836 1573 3905 respondit
1611 3837 1735 3905 quia
1775 3838 1990 3894 Iuvenis

415 3951 507 4003 ego
529 3948 646 3985 sum
683 3939 730 3983 et
772 3927 946 3981 nescio
975 3925 1137 3995 loqui.
1173 3923 1280 3980 Sed
1304 3923 1394 3979 ille
1425 3924 1516 3994 qui
1544 3925 1593 3979 ci
1617 3926 1836 3980 donavit
1863 3943 1990 3998 gra-

409 4024 543 4078 tiam
572 4028 757 4073 utnon
797 4025 941 4071 esset
979 4029 1138 4084 puer,
1167 4013 1262 4069 sed
1306 4022 1453 4068 esset
1482 4015 1666 4069 senior
1688 4018 1986 4071 secundum

411 4109 720 4165 interiorem
740 4105 1036 4170 hominem,
1061 4103 1138 4158 ait
1163 4101 1229 4158 ad
1253 4104 1432 4159 eum"
1459 4119 1472 4155 :
1497 4102 1622 4158 Noli
1646 4104 1838 4172 dicere,
1863 4108 1987 4175 quia

402 4200 611 4255 Juvenis
638 4213 731 4269 ego
762 4213 895 4252 sum.
925 4194 1175 4264 Alioquin
1207 4194 1314 4248 nisi
1345 4195 1459 4248 haec
1486 4195 1559 4248 ita
1591 4194 1980 4265 intelligantur,

411 4293 539 4364 quid
566 4291 790 4348 habebit
844 4288 1073 4344 rationis
1106 4297 1164 4341 ut
1195 4286 1408 4341 dicatur
1433 4301 1622 4356 puero,
1652 4287 1803 4356 cujus
1854 4298 1986 4344 actas

405 4383 658 4453 juvenilis
695 4391 746 4437 et
775 4378 1080 4444 rudis,Noli
1106 4379 1299 4445 dicere,
1323 4377 1448 4447 quia
1466 4379 1670 4434 Juvenis
1694 4394 1789 4448 ego
1816 4396 1929 4433 sum
1960 4383 1985 4435 Ρ

409 4479 512 4532 hoc
546 4485 629 4531 est
672 4475 877 4537 dicere,
917 4485 1022 4525 non
1062 4469 1217 4524 dicas
1248 4469 1391 4538 quod
1420 4482 1604 4523 verum
1636 4477 1739 4522 est.
1763 4467 1985 4523 Juvenis

2095 3287 2167 3340 dit
2201 3288 2274 3341 ibi
2305 3303 2409 3342 non
2439 3305 2626 3354 unum,
2674 3293 2767 3346 sed
2818 3291 2971 3360 plura
3018 3302 3196 3347 castra
3232 3293 3347 3349 Dei.
3383 3294 3504 3349 llaec
3543 3296 3676 3349 dici-

2092 3392 2213 3431 mus
2235 3377 2301 3432 de
2335 3392 2398 3431 eo
2427 3378 2570 3447 quod
2617 3394 2958 3449 nequaquam
2989 3380 3168 3448 justus
3197 3385 3398 3438 dicitur
3439 3386 3678 3441 derelin-

2091 3464 2206 3532 qui,
2241 3463 2292 3517 in
2325 3465 2659 3532 spiritalibus
2692 3468 2956 3521 duntaxat
2991 3470 3162 3524 bouis.
3197 3471 3254 3525 In
3300 3475 3676 3542 corporalibus

2087 3556 2235 3609 enim
2272 3557 2396 3610 vide
2423 3559 2554 3624 quid
2576 3557 2757 3623 justus
2783 3561 2944 3626 dixit,
2971 3562 3024 3615 in
3059 3563 3254 3630 quibus
3281 3567 3444 3620 etiam
3473 3570 3676 3634 gloria-

2095 3653 2180 3697 tur
2209 3662 2224 3699 :
2263 3643 2437 3714 Usque
2462 3647 2532 3700 ad
2562 3647 2719 3714 hanc,
2753 3649 2928 3714 inquit
2953 3654 3019 3719 ",
3051 3659 3235 3707 harant
3263 3667 3308 3710 et
3335 3659 3594 3713 esurimus
3623 3670 3672 3715 et

2090 3736 2318 3800 sitintus,
2346 3746 2393 3790 et
2415 3739 2544 3790 nudi
2563 3755 2764 3806 sumus,
2799 3752 2846 3795 et
2876 3743 3110 3812 colaphis
3145 3748 3420 3814 caedimur,
3456 3761 3502 3803 et
3527 3751 3674 3806 labo-

2093 3843 2271 3880 ramus
2295 3839 2566 3897 operantes
2609 3833 2876 3887 manibus.
2916 3833 2978 3889 Et
3015 3837 3211 3892 iterum
3263 3841 3306 3871 ³³
3337 3858 3352 3894 :
3386 3841 3670 3897 Maledici-

2090 3934 2210 3971 mur
2236 3928 2286 3971 et
2327 3919 2704 3986 benedicimus,
2728 3927 3144 3992 persecutionem
3161 3931 3399 3998 patimur
3433 3943 3482 3987 et
3505 3936 3669 3989 susti-

2089 4024 2292 4076 nemus,
2349 4009 2697 4079 blasphemati
2747 4016 3112 4084 deprecamur.
3141 4021 3246 4075 Sed
3279 4025 3534 4090 quoniam
3571 4027 3672 4082 iste

2092 4099 2214 4154 talis
2241 4114 2347 4155 non
2384 4102 2797 4172 relinquebatur
2842 4108 3056 4175 spiritu,
3091 4110 3305 4166 dicebat
3330 4114 3374 4144 “
3403 4133 3417 4168 :
3447 4115 3670 4185 Propter

2086 4191 2225 4259 quod
2250 4191 2431 4259 placeo
2467 4194 2598 4248 mihi
2625 4195 2680 4246 in
2719 4196 3120 4262 infirmitatibus
3162 4203 3314 4268 meis,
3343 4204 3398 4257 in
3430 4206 3666 4273 injuriis,

2086 4281 2141 4333 in
2165 4284 2578 4348 necessitatibus,
2604 4286 2656 4337 in
2690 4290 3160 4356 persccutionibus,
3183 4293 3238 4345 in
3281 4299 3540 4365 angustiis
3571 4315 3666 4365 pro

2087 4369 2319 4426 Christo.
2352 4372 2653 4443 Dupliciter
2678 4391 2811 4447 ergo
2840 4378 3260 4450 derelinquitur,
3302 4386 3393 4454 qui
3433 4387 3666 4440 derelin-

2089 4462 2293 4530 quitur.
2329 4463 2701 4534 Corporaliter
2749 4469 2967 4536 quidem
3013 4471 3115 4525 hoc
3159 4475 3338 4536 modo,
3370 4489 3476 4542 quo
3506 4490 3666 4543 supe-

408 4579 538 4634 ergo
561 4572 680 4619 erat
708 4564 1006 4616 scaundum
1037 4566 1254 4613 aetatem
1293 4557 1541 4624 corporis
1567 4573 1580 4610 :
1603 4557 1696 4611 sed
1727 4558 1980 4626 quoniam
2014 4555 2061 4614 D
2090 4554 2204 4609 rius
2231 4554 2468 4610 diximus
2509 4557 2621 4626 pati
2653 4573 2844 4613 omnes
2875 4571 3117 4628 sanctos,
3159 4573 3212 4617 et
3247 4579 3351 4618 non
3377 4565 3512 4618 laedi.
3554 4566 3662 4616 De-

415 4654 677 4710 Deminus
724 4651 952 4706 dederat
1000 4649 1164 4702 verba
1227 4661 1324 4701 sua
1366 4645 1420 4699 in
1452 4660 1547 4699 ore
1595 4646 1732 4715 ejus,
1790 4646 1986 4716 quibus

411 4748 715 4803 eradicaret
754 4752 811 4798 et
833 4743 1178 4797 subverteret
1205 4747 1261 4795 et
1297 4739 1660 4806 disperderet,
1685 4751 1740 4794 et
1770 4755 1984 4796 rursum

409 4837 706 4894 mdilicaret
740 4842 796 4889 et
823 4832 1130 4903 plantaret,
1163 4845 1285 4900 qua:
1321 4829 1498 4884 virtus
1531 4830 1821 4886 verborum
1863 4832 1981 4886 ani-

410 4943 554 4986 mam
585 4926 704 4996 ejus
734 4925 1047 4980 illuminans
1083 4931 1140 4978 et
1163 4923 1514 4980 sanetilicans
1542 4938 1646 4977 non
1688 4938 1807 4979 eam
1836 4925 1979 4980 sine-

412 5022 502 5074 bat
552 5030 673 5071 esse
725 5014 1010 5084 puerilem,
1058 5012 1181 5068 ideo
1227 5013 1426 5068 merito
1474 5013 1540 5067 ad
1576 5027 1698 5065 eum
1734 5013 1977 5070 dicitur:

417 5114 542 5168 Noli
577 5112 772 5177 dicere,
816 5109 942 5179 quia
957 5108 1166 5164 Iuvenis
1189 5124 1433 5177 egosum.
1466 5105 1729 5162 Similiter
1760 5123 1891 5178 ergo
1927 5118 1984 5164 et

411 5209 513 5262 hoc
543 5204 686 5274 quod
711 5199 879 5256 David
907 5199 1039 5256 dicit
1072 5200 1150 5253 ηε
1184 5198 1407 5254 Iuvenis
1430 5200 1510 5267 [ui
1541 5209 1590 5254 et
1614 5201 1780 5263 senui,
1807 5211 1853 5254 et
1878 5216 1980 5253 non

409 5299 514 5355 vidi
529 5296 735 5366 justum
782 5290 1110 5357 derelictum,
1156 5306 1247 5344 nec
1276 5307 1450 5348 semen
1472 5292 1586 5360 ejus
1616 5308 1860 5360 quwrens
1885 5308 1984 5360 pa-

407 5405 546 5454 nem,
593 5384 886 5442 secundum
920 5381 1022 5436 hoc
1052 5381 1193 5450 quod
1224 5395 1384 5449 supra
1429 5381 1497 5435 de
1528 5389 1686 5435 aetate
1728 5379 1977 5449 juvenili,

407 5483 488 5537 vel
543 5477 699 5533 senili
745 5472 1020 5529 interioris
1065 5472 1300 5527 hominis
1328 5471 1585 5536 diximus,
1636 5471 1976 5527 sentiendum

406 5579 489 5626 est
515 5587 526 5632 ;
556 5564 796 5634 alioquin
830 5562 1123 5618 secundum
1145 5562 1472 5617 exteriorem
1503 5560 1772 5614 hominem
1809 5560 1852 5615 si
1887 5561 1981 5615 de-

479 5690 523 5718 ‘°
563 5687 698 5740 Gen.
735 5697 861 5736 xxv.
938 5679 1028 5732 “l
1080 5679 1206 5734 Gor.
1249 5694 1369 5742 xm,
1414 5678 1502 5732 ll.

407 5756 496 5808 25.
572 5757 616 5786 “
639 5755 750 5808 Jer.
793 5751 884 5808 1,5
921 5761 973 5802 et
1017 5750 1068 5801 6.
1146 5751 1186 5779 "
1218 5749 1418 5802 ibid.7.

412 5829 474 5880 l6
510 5837 563 5879 et
597 5823 682 5876 l7.
759 5822 801 5849 ⁹¹
833 5819 850 5870 ι
882 5818 1006 5871 Cor.
1037 5832 1112 5881 tv,
1141 5820 1226 5872 lt.

1577 5675 1661 5732 “l
1710 5676 1851 5731 Petr.
1890 5691 1951 5741 ιι,
1981 5677 2034 5730 2.
2111 5674 2304 5729 “Luc.
2345 5694 2407 5744 ιι,
2454 5677 2542 5734 52.

1497 5747 1540 5778 ¹⁸
1582 5746 1717 5801 Psal.
1763 5762 1944 5810 xxxvi,
1975 5747 2064 5800 25.

1302 5817 1347 5849 "
1376 5817 1506 5873 ibid.
1539 5817 1624 5871 12.
1704 5815 1748 5849 ³⁸
1773 5816 1814 5871 ll
1838 5816 1960 5872 Cor.
1980 5831 2078 5887 xu,
2107 5818 2193 5871 lt).
2271 5820 2316 5852 ’⁵
2344 5819 2499 5877 Rom.
2539 5815 2576 5890 ι,
2603 5822 2694 5878 28.

2087 4645 2473 4715 relinquuntur
2506 4662 2636 4704 vero
2660 4649 2850 4718 spiritu
2896 4653 2969 4706 illi
3000 4655 3065 4708 de
3114 4656 3310 4722 quibus
3343 4654 3540 4709 dicitur
3564 4657 3608 4688 ’⁸
3641 4673 3656 4709 :

2089 4736 2351 4803 Quoniam
2377 4754 2480 4791 non
2506 4743 2928 4809 approbaverunt
2956 4746 3123 4802 Deum
3144 4745 3334 4800 habere
3360 4748 3413 4800 in
3448 4750 3658 4812 notitia,

2086 4829 2304 4881 tradidit
2327 4844 2413 4882 eos
2439 4827 2576 4883 Deus
2604 4831 2657 4884 in
2690 4838 2963 4903 reprobum
2988 4849 3216 4899 sensum,
3243 4847 3298 4888 ut
3322 4837 3522 4905 faciant
3545 4852 3661 4906 qua:

2089 4933 2192 4972 non
2234 4931 2554 4991 congruunt,
2593 4925 2813 4992 repletos
2857 4927 3001 4980 omni
3057 4928 3354 4995 iniquitate,
3410 4930 3659 4996 nequitia,

2082 5011 2331 5079 auaritia,
2353 5013 2533 5083 plenos
2553 5018 2775 5084 invidia,
2799 5019 3485 5083 homicidiis,contentione,
3515 5019 3658 5085 dolo,

2083 5116 2476 5175 susurratores,
2510 5109 2860 5174 detractores,
2891 5111 3003 5165 Deo
3035 5110 3252 5164 odibiles
3275 5148 3289 5173 ,
3321 5113 3664 5164 contumelio-

2085 5213 2196 5262 sos,
2220 5200 2492 5267 superbos,
2521 5202 2708 5264 elatos,
2746 5210 2801 5256 et
2825 5210 3022 5256 caetera
3062 5200 3368 5268 hujusmodi
3402 5202 3538 5255 mala
3566 5217 3662 5271 pro

2085 5288 2281 5355 quibus
2307 5299 2362 5343 et
2389 5290 2687 5359 derelinqui
2720 5301 3055 5348 meruerunt.
3089 5291 3219 5356 Quae
3247 5291 3501 5359 quoniam
3529 5294 3660 5347 alie-

2087 5392 2154 5431 na
2181 5388 2356 5433 sunta
2380 5380 2552 5447 justo,
2586 5392 2873 5452 propterea
2923 5383 3090 5448 dicit,
3127 5384 3251 5452 quia
3268 5385 3385 5438 Non
3434 5385 3540 5438 vidi
3569 5386 3662 5453 ju-

2086 5477 2223 5522 stum
2270 5470 2597 5539 derelictum,
2647 5489 2741 5527 nec
2798 5490 2972 5529 semen
3015 5476 3131 5544 ejus
3166 5491 3404 5546 qttwrens
3445 5494 3656 5543 panem.

2085 5559 2280 5614 lterum
2311 5561 2356 5616 si
2401 5563 2555 5619 audis
2604 5578 2788 5619 semen
2846 5565 2983 5635 ejus,
3021 5568 3087 5622 ad
3120 5583 3303 5623 semen
3337 5583 3660 5636 corporeum

2623 5682 2666 5712 ¹¹⁵
2695 5681 2713 5736 l
2738 5681 2862 5738 Cor.
2893 5701 3014 5749 χιιι,
3043 5685 3126 5738 Η.

2157 5747 2198 5777 ¹⁹
2225 5744 2379 5802 Rom.
2433 5765 2551 5818 vtu,
2599 5751 2690 5807 35.
2769 5755 2815 5787 ³ο
2837 5744 3008 5810 Hebr.
3041 5770 3113 5809 XI.

3213 5684 3254 5715 ³⁵
3300 5681 3440 5735 Psal.
3472 5697 3658 5746 χχχιιι,

3229 5755 3270 5784 ιι
3298 5751 3358 5804 tv
3397 5752 3526 5820 Heg.
3585 5769 3656 5816 γι,
