4110 6414
393 464 415 515 ι
426 462 525 516 ’557

1088 452 1399 507 SELECTA
1438 451 1502 506 lN
1543 447 1881 505 PSALMUS.
1916 478 1985 489 -—
2023 447 2257 509 llOMlL.
2300 451 2363 509 ιγ
2401 454 2469 509 ΙΝ
2502 454 2696 513 PSAL.
2730 456 2971 513 XXXVI.

3530 468 3657 522 [358

392 582 666 638 rediturus
693 578 789 633 es?
830 576 893 630 Et
924 562 1195 643 quomodo
1220 590 1407 631 verum
1444 575 1685 629 invenies
1713 574 1817 628 hoc
1843 573 1983 643 quod
2012 576 2059 634 Α
2087 584 2213 631 ante
2267 591 2325 631 se
2386 578 2524 634 hanc
2554 578 2779 637 faeneret
2834 583 3211 640 necessitatem
3240 584 3593 656 'patientibus
3633 592 3657 645 2

389 692 573 731 semen
601 673 731 743 justi
763 687 865 725 non
910 669 1077 742 674
1110 679 1317 739 quaerat
1350 684 1536 738 panes,
1568 684 1689 725 cum
1722 669 1968 723 videas"

391 771 581 827 lsmael
610 770 754 823 illum
784 767 851 822 de
890 768 1095 820 semine
1127 773 1312 819 natum
1337 764 1587 829 Abrahm,
1617 763 1817 833 quique
1846 779 1967 818 cum

395 872 570 917 mater
602 861 720 929 ejus
746 861 959 931 fugiens
994 859 1269 915 dominam
1300 873 1453 912 suam
1499 856 1688 911 Saram
1730 864 1970 926 portaret

340 984 353 992 -
390 955 590 1008 eumin
637 955 878 1017 deserto,
902 963 956 1007 et
1007 967 1201 1021 aquam
1248 952 1436 1021 utique
1484 948 1764 1020 quaerebat
1793 959 1847 1002 et
1873 963 1969 1017 pa-

390 1044 533 1099 nes?
570 1045 677 1100 Sed
712 1052 764 1099 et
802 1044 942 1098 Esau
983 1044 1049 1099 de
1074 1043 1158 1097 via
1192 1042 1418 1098 veniens
1453 1039 1738 1095 deficiebat
1762 1038 1964 1101 inedia,

389 1146 442 1193 et
471 1137 526 1192 in
558 1146 767 1192 tantum
799 1136 958 1189 famis
991 1134 1140 1189 rabie
1159 1134 1526 1203 praecipitatus
1557 1141 1658 1201 est,
1690 1137 1746 1185 ut
1767 1130 1969 1200 prima-

389 1238 478 1284 tus
504 1244 631 1283 suos
666 1227 826 1281 lentis
858 1227 982 1281 cibo
1008 1226 1329 1281 distraxerit
1357 1226 1424 1279 ⁸⁷.
1453 1223 1681 1294 Oportet
1702 1239 1831 1293 ergo
1869 1238 1968 1280 nos

388 1323 681 1378 secundum
706 1335 769 1375 ea
807 1336 927 1389 qua:
953 1335 1113 1388 supra
1144 1320 1403 1385 diximus,
1435 1320 1599 1375 etiam
1630 1335 1810 1375 semen
1829 1318 1964 1388 justi

388 1414 695 1484 intelligere
742 1412 1009 1484 spiritale.
1053 1413 1119 1467 Et
1157 1413 1285 1482 quid
1316 1413 1464 1466 aliud
1501 1426 1685 1467 semen
1719 1410 1843 1481 justi
1888 1411 1967 1465 di-

390 1524 554 1579 gnum
587 1515 668 1562 est
719 1514 933 1577 putare,
963 1503 1065 1558 nisi
1117 1503 1439 1575 discipulum
1478 1503 1630 1571 justi,
1663 1504 1755 1572 qui
1783 1517 1968 1557 susce-

387 1608 480 1666 pto
530 1597 597 1651 ab
640 1611 706 1651 eo
744 1596 891 1652 verbi
946 1596 1041 1650 Dei
1093 1596 1320 1660 semine,
1353 1594 1420 1650 ad
1468 1594 1630 1649 vitam
1675 1606 1967 1665 generatur

385 1698 641 1745 aeternam
673 1687 696 1740 ?
733 1685 894 1742 Verbi
936 1686 1131 1754 gratia,
1167 1688 1209 1741 si
1244 1685 1582 1742 orationibus
1617 1688 1812 1743 vestris
1851 1702 1968 1743 me-

386 1796 537 1838 rerer
560 1795 680 1837 esse
708 1779 910 1848 justus,
943 1790 999 1835 et
1035 1781 1279 1849 accipere
1310 1796 1339 1835 a
1384 1780 1611 1835 Domino
1644 1781 1873 1851 gratiam
1910 1781 1963 1836 in

385 1876 553 1930 verbo
589 1874 870 1943 sapientia:
898 1882 954 1929 et
993 1874 1259 1942 scientiae,
1294 1874 1367 1929 ita
1412 1884 1473 1929 ut
1513 1889 1727 1944 possem
1770 1888 1967 1929 secun-

384 1966 511 2022 dum
535 1968 763 2037 gratiam
790 1980 951 2036 quam
982 1967 1098 2037 ipse
1127 1981 1155 2019 a
1188 1965 1414 2021 Domino
1436 1967 1777 2031 meruissem,
1809 1966 1966 2022 vobis

383 2071 602 2128 quoque
635 2056 947 2111 ministrare
992 2059 1215 2111 verbum
1254 2055 1385 2123 Dei,
1416 2064 1472 2112 et
1518 2071 1703 2113 serere
1748 2056 1878 2112 illud
1911 2058 1963 2112 in

383 2150 668 2205 animabus
696 2149 891 2204 vestris
926 2156 1078 2202 :tum
1113 2148 1309 2205 deinde
1342 2150 1617 2218 ingressus
1664 2164 1842 2205 sermo
1870 2148 1964 2204 Dei

383 2242 440 2296 in
477 2241 685 2295 animas
720 2249 963 2304 vestras,
1000 2247 1054 2293 et
1090 2239 1301 2295 haerens
1348 2243 1399 2294 in
1450 2240 1615 2297 corde
1644 2251 1824 2295 vestro
1855 2240 1964 2295 for-

384 2340 560 2388 maret
611 2342 822 2388 mentes
886 2342 1095 2388 vestras
1156 2332 1451 2388 secundum
1512 2334 1748 2402 speciem
1811 2333 1961 2387 verbi

385 2423 577 2491 ipsius,
606 2424 657 2479 id
699 2433 783 2479 est
826 2432 886 2478 ut
932 2423 1036 2477 hoc
1081 2422 1292 2478 velletis
1336 2431 1389 2478 et
1425 2423 1527 2478 hoc
1555 2422 1791 2493 ageretis
1816 2423 1962 2492 quod

382 2516 607 2570 verbum
642 2514 735 2569 Dei
772 2513 912 2579 vult,
934 2523 988 2568 et
1018 2528 1116 2583 per
1135 2514 1237 2567 hoc
1275 2513 1388 2583 ipse
1409 2513 1660 2569 Christus
1689 2512 1962 2568 formare-

382 2620 473 2664 tur
498 2607 551 2662 in
583 2608 739 2663 vobis
773 2622 787 2660 :
820 2616 947 2661 tunc
994 2619 1119 2659 vere
1164 2603 1512 2660 eﬂiceremini
1565 2619 1753 2661 semen
1801 2602 1960 2672 justi,

378 2702 523 2772 quod
567 2715 672 2755 non
708 2699 901 2769 quaerit
939 2711 1153 2767 panem,
1191 2695 1455 2752 habentes
1485 2696 1697 2752 scilicet
1724 2695 1776 2750 in
1807 2697 1963 2752 vobis

378 2807 597 2860 semper
634 2805 826 2860 panem
882 2788 1028 2843 illum
1060 2788 1153 2859 qui
1201 2786 1269 2842 de
1301 2786 1445 2844 caelo
1478 2788 1775 2843 descendit.
1806 2786 1959 2854 Quod

378 2884 423 2941 si
460 2885 786 2953 respondeas
821 2882 952 2936 mihi
1004 2888 1059 2935 et
1089 2879 1277 2935 dicas:
1307 2878 1510 2945 Quanti
1547 2878 1833 2934 audierunt
1859 2876 1958 2932 Pc-

381 2991 523 3035 trum
550 2990 603 3036 et
629 2980 876 3044 Paulum,
921 2979 1010 3048 qui
1044 2978 1236 3047 utique
1263 2984 1416 3031 erant
1437 2974 1730 3044 iustissimi
1771 2971 1960 3029 docto-

379 3090 487 3141 res,
523 3084 577 3129 et
607 3086 780 3128 tamen
816 3079 1197 3142 peccaverunt,
1230 3077 1284 3124 et
1315 3067 1590 3137 quomodo
1621 3082 1751 3136 ergo
1775 3082 1957 3122 semen

368 3168 499 3237 justi
535 3166 780 3219 dicentur
810 3163 833 3216 ?
872 3160 977 3217 Sed
1026 3160 1147 3215 vide
1174 3173 1239 3215 ne
1277 3156 1419 3214 forte
1451 3159 1594 3215 sicut
1634 3173 1740 3213 non
1767 3169 1959 3213 omnes

376 3262 466 3332 qui
521 3275 587 3313 ex
621 3256 892 3310 Abraham
942 3260 1091 3317 sunt,
1125 3252 1289 3307 etiam
1342 3265 1529 3305 semen
1563 3248 1839 3305 Abraham
1874 3251 1959 3303 di-
1983 3274 2029 3332 ο

375 3363 597 3415 cuntur,
629 3349 825 3419 quibus
860 3343 1061 3398 dicitur
1091 3336 1138 3375 “
1169 3361 1181 3396 :
1218 3342 1278 3397 Si
1302 3342 1401 3411 [iiii
1436 3342 1703 3396 Abraham
1751 3342 1951 3409 essetis,

374 3460 533 3513 Opera
590 3444 768 3511 utique
809 3440 1078 3493 Abraham
1116 3437 1391 3507 faceretis;
1421 3435 1495 3490 ita
1524 3435 1687 3490 etiam
1738 3432 1814 3489 illi
1864 3434 1957 3504 qui

375 3537 663 3590 audierunt
690 3532 909 3588 Petrum
954 3541 1007 3585 et
1039 3529 1287 3595 Paulum,
1316 3537 1370 3583 et
1400 3543 1507 3582 non
1547 3526 1795 3582 fecerunt
1834 3542 1958 3598 quae

376 3630 633 3682 docuerat
657 3626 845 3680 Petrus
863 3624 944 3678 vel
979 3623 1199 3690 Paulus,
1229 3638 1334 3677 non
1365 3631 1720 3677 erantsemen
1744 3635 1956 3689 eorum,

373 3720 500 3789 quia
560 3726 813 3786 suscepta
859 3716 926 3771 ab
957 3715 1037 3771 eis
1079 3715 1228 3771 verbi
1277 3718 1507 3781 semina,
1538 3729 1607 3769 ex
1644 3715 1823 3769 anima
1859 3728 1955 3769 sua

375 3810 523 3863 velut
568 3808 849 3861 abortioue
892 3808 1123 3875 quadam
1176 3807 1491 3876 abjecerunt
1522 3816 1577 3861 et
1625 3805 1952 3861 effuderunt.

377 3904 613 3971 Denique
651 3911 707 3956 et
748 3900 798 3953 in
835 3900 939 3953 hoc
988 3898 1106 3967 ipso
1156 3900 1367 3968 psalmo
1401 3898 1534 3953 dicit
1577 3897 1682 3952 alio
1712 3898 1831 3953 loco
1858 3899 1903 3932 π
1938 3915 1953 3951 :

376 3991 567 4049 Semen
613 3991 894 4060 impiorum
921 3990 1379 4043 exterminabitur.
1413 3988 1629 4043 Certum
1657 3996 1740 4041 est
1772 3999 1952 4043 autem

375 4085 500 4154 quia
532 4082 820 4152 impiorum
856 4096 1041 4136 semen
1086 4081 1375 4149 corporale
1424 4096 1529 4135 non
1561 4081 1955 4135 exterminabi-

380 4184 483 4229 tur.
514 4173 616 4228 Jub
666 4173 902 4243 denique
938 4186 1123 4227 semen
1153 4172 1294 4226 Esau
1324 4186 1504 4227 semen
1552 4172 1698 4241 impii
1730 4182 1871 4239 erat,
1901 4179 1955 4226 et

378 4268 563 4337 utique
613 4281 718 4320 non
752 4267 1166 4332 exterminatur,
1204 4267 1297 4319 sed
1350 4263 1726 4321 manifestatus
1764 4266 1955 4332 estju-

376 4372 490 4416 stus
535 4377 564 4414 a
619 4359 867 4425 Domino,
898 4367 952 4413 et
1003 4359 1266 4429 propheta
1302 4374 1424 4414 esse
1463 4357 1771 4413 Ostenditur
1794 4399 1807 4423 ,
1835 4368 1887 4413 et
1922 4374 1953 4413 a

379 4456 486 4509 Deo
516 4468 676 4523 supra
702 4468 889 4508 omnes
908 4452 1085 4521 justos
1110 4450 1402 4506 collaudari
1428 4460 1686 4507 meretur.
1719 4450 1824 4507 Sed
1853 4452 1955 4506 hoc

374 4559 456 4602 est
487 4548 631 4617 quod
678 4547 924 4616 superius
955 4547 1213 4609 diximus,
1247 4544 1373 4614 quia
1406 4544 1548 4598 sicut
1591 4548 1776 4597 semen
1817 4542 1950 4613 justi

373 4656 554 4696 sermo
580 4649 633 4695 et
656 4641 901 4696 doctrina
944 4638 1060 4708 ejus
1114 4650 1219 4703 est,
1247 4638 1335 4707 qui
1378 4650 1559 4690 sermo
1587 4636 1659 4690 ita
1693 4639 1867 4705 pascit
1896 4645 1950 4689 et

374 4730 550 4784 reﬁcit
582 4732 815 4795 animas,
864 4739 923 4784 ut
952 4730 1221 4799 negentur
1261 4728 1492 4797 panibus
1533 4727 1795 4798 indigere,
1820 4726 1945 4797 quia

371 4820 619 4876 Christus
647 4822 801 4890 panis
827 4837 1013 4877 eorum
1048 4832 1171 4877 est:
1204 4822 1275 4875 ita
1311 4836 1341 4876 e
1371 4820 1650 4875 contrario
1698 4820 1945 4876 doctrina

372 4910 658 4979 impiorum
684 4921 737 4966 et
767 4927 948 4967 sermo
972 4928 1155 4968 semen
1183 4927 1370 4967 eorum
1402 4921 1486 4967 est
1517 4912 1659 4983 quod
1684 4912 1947 4967 exterrui—

372 4998 609 5053 nandum
644 5000 863 5066 dicitur,
903 5002 1030 5074 quia
1073 5016 1141 5056 ex
1164 5001 1403 5057 falsitate
1446 5003 1804 5072 compositum
1840 5012 1945 5067 est,

369 5099 426 5143 et
469 5090 788 5147 adveniente
816 5092 933 5148 luce
962 5092 1224 5161 veritatis,
1257 5094 1465 5147 eertum
1497 5102 1582 5149 est
1615 5094 1740 5165 quia
1786 5108 1943 5148 men—

372 5183 510 5238 dacii
554 5186 785 5242 tenebra
817 5185 1169 5257 fugabuntur.

441 5272 493 5332 4.
515 5270 645 5332 Tota
673 5279 757 5332 die
781 5279 1056 5332 miseretur
1077 5282 1126 5331 et
1156 5276 1378 5347 funerat
1410 5277 1475 5332 ⁸ο.
1503 5276 1688 5334 Justus
1712 5286 1823 5333 tota
1856 5280 1942 5335 die

372 5372 677 5434 miseretur,
719 5379 774 5425 et
808 5379 918 5425 tota
968 5371 1052 5426 die
1097 5371 1291 5427 dicitur
1345 5372 1654 5427 faenerare:
1694 5371 1759 5424 ad
1810 5372 1943 5426 nihil

370 5462 516 5516 aliud
552 5472 705 5517 vacat
730 5462 831 5517 nisi
856 5472 912 5517 ut
938 5463 1170 5518 freneret
1201 5464 1266 5518 de
1295 5479 1357 5519 ca
1402 5464 1630 5533 pecunia
1670 5478 1790 5534 qua
1840 5463 1942 5521 sibi

369 5553 627 5610 abundat.
658 5553 908 5624 Nunquid
946 5566 999 5610 et
1035 5558 1123 5611 hic
1148 5558 1251 5611 hoc
1284 5556 1587 5628 putabitur,
1612 5558 1737 5626 quia
1767 5557 1944 5624 justus

370 5657 483 5704 tota
523 5650 610 5705 die
659 5652 845 5706 sedeat
886 5651 952 5706 ad
1004 5665 1266 5717 mensam,
1295 5661 1349 5707 et
1396 5652 1600 5707 habens
1653 5652 1941 5722 pecuniam

474 5830 680 5887 “Gen.
725 5831 815 5887 2i.
891 5832 933 5862 ⁸⁷
988 5830 1121 5885 Gen.
1178 5845 1304 5885 xxv.
1383 5829 1427 5860 ’⁸
1469 5827 1624 5884 Joan.
1685 5842 1800 5893 vm,
1854 5827 1942 5883 59.

2074 667 2326 723 Forsitan
2379 671 2479 726 hoc
2530 673 2806 741 putabitur
2858 689 2978 731 esse
3020 679 3165 746 quod
3211 678 3419 735 dictum
3441 692 3526 738 est
3556 700 3654 754 per

2070 760 2290 832 Moysen
2325 762 2365 793 ³¹
2406 781 2421 818 :
2458 762 2525 817 Et
2561 774 2615 817 tu
2638 765 2916 835 {mnerabis
2950 769 3192 837 gentibus
3227 771 3430 840 multis,
3459 784 3515 829 tu
3551 794 3651 830 au-

2070 863 2173 909 tem
2212 864 2393 909 mutuo
2424 872 2527 910 non
2564 874 2787 928 queres.
2823 858 2930 915 Sed
2958 870 3166 916 certum
3202 871 3285 919 est
3313 864 3438 933 quia
3466 867 3533 922 de
3556 867 3653 923 dn-

2071 948 2266 1002 minica
2300 950 2523 1018 pecunia
2538 951 2765 1018 dicatur,
2784 967 2906 1022 qure
2934 954 3311 1013 nummulariis
3340 961 3655 1031 praecipitur

2070 1042 2281 1111 erogari
2311 1043 2379 1096 de
2407 1043 2677 1098 thesauris
2704 1045 2989 1115 sapientiae
3028 1057 3083 1101 et
3124 1047 3369 1106 scientia:
3396 1052 3489 1109 Dei
3519 1070 3647 1125 pro-

2070 1130 2215 1196 lata,
2245 1139 2305 1186 ut
2350 1130 2615 1187 faciamus
2656 1132 2724 1187 de
2774 1135 3013 1205 quinque
3065 1136 3283 1195 talentis
3323 1142 3543 1210 decem,
3586 1146 3653 1201 de

2068 1223 2279 1279 duobus
2309 1232 2564 1294 quatuor.
2594 1224 2807 1291 Quanto
2849 1233 3030 1282 autem
3064 1229 3518 1288 abundantiorem
3549 1249 3649 1303 pe-

2069 1316 2285 1370 cuniam
2328 1316 2681 1373 habuerimus
2729 1320 2784 1374 in
2830 1321 3009 1375 anima
3056 1334 3266 1391 nostra,
3298 1335 3451 1384 tanto
3476 1329 3651 1402 magis

2069 1416 2181 1464 tota
2213 1408 2299 1462 die
2346 1407 2760 1465 fteuerabimus.
2812 1410 2919 1466 Sed
2943 1422 2997 1467 et
3032 1431 3175 1471 nunc
3212 1417 3338 1474 licet
3394 1434 3500 1475 non
3544 1422 3647 1476 sim

2061 1497 2264 1567 justus,
2296 1509 2473 1555 tamen
2508 1501 2611 1555 hoc
2651 1501 2793 1568 quod
2836 1502 3026 1571 loquor
3051 1508 3335 1574 pecuniam
3365 1510 3519 1566 vobis
3549 1512 3645 1565 do-

2069 1591 2325 1647 minicam
2372 1592 2622 1648 fmnero:
2655 1593 2749 1649 sed
2781 1609 2878 1650 vos
2929 1604 3079 1651 orate
3120 1607 3179 1653 ut
3231 1600 3437 1657 elliciar
3463 1602 3647 1673 justus

2064 1693 2122 1740 et
2152 1686 2354 1755 possim
2384 1685 2537 1741 vobis
2561 1687 2787 1755 justitiae
2822 1688 3104 1754 pecuniam
3138 1690 3428 1761 faenerare,
3453 1704 3510 1751 ut
3540 1712 3647 1752 non

2066 1774 2239 1831 solum
2288 1777 2487 1844 verbo,
2523 1791 2716 1831 verum
2754 1778 2920 1833 etiam
2944 1777 3172 1846 justitire
3210 1785 3459 1855 exemplo
3485 1787 3650 1856 justi-

2071 1868 2201 1924 tiam
2232 1866 2791 1940 doceam.Propterea
2821 1870 2963 1926 sicut
2984 1880 3111 1926 sunt
3134 1876 3377 1938 pecunia:
3410 1877 3645 1948 injuste,

1995 1938 2040 1995 Β
2067 1975 2188 2030 qua:
2212 1962 2395 2031 inique
2409 1970 2464 2018 et
2490 1938 2681 2018 contra
2704 1962 2875 2033 legem
2899 1976 3301 2035 congregantur
3323 1984 3419 2039 per
3444 1938 3648 2026 calum;

2066 2055 2211 2109 niam
2263 2063 2319 2110 et
2356 2056 2669 2120 mendacia,
2711 2062 2767 2111 et
2811 2056 3027 2112 diversa
3070 2060 3314 2115 avaritiae
3360 2062 3534 2128 mala;
3590 2076 3649 2119 et

2067 2160 2285 2201 rursum
2317 2155 2445 2202 sunt
2470 2148 2712 2217 pecuniae
2740 2163 2860 2217 quae
2888 2149 3036 2217 juste
3062 2158 3114 2203 et
3144 2151 3441 2206 secundum
3471 2151 3643 2223 legem

2065 2248 2408 2309 congregatae
2451 2248 2604 2303 sunt,
2640 2238 2693 2293 id
2724 2248 2807 2295 est
2836 2239 2903 2296 de
2945 2242 3185 2309 proprlis
3215 2253 3268 2296 et
3307 2242 3471 2313 justis
3495 2245 3648 2301 labo-

2066 2326 2218 2382 ribus
2248 2343 2263 2382 :
2301 2328 2374 2383 ita
2405 2329 2570 2383 etiam
2605 2329 2657 2383 in
2710 2330 2877 2385 verbo
2905 2337 2958 2383 et
2987 2328 3234 2383 doctrina
3266 2345 3387 2386 esse
3431 2331 3644 2387 iuveni-

2068 2430 2176 2474 tur.
2210 2419 2346 2475 Sunt
2386 2421 2550 2475 verba
2600 2435 2700 2476 nec
2747 2422 2905 2489 bene,
2941 2437 3042 2477 nec
3072 2422 3241 2490 juste,
3280 2438 3377 2477 nec
3410 2424 3647 2493 legitime

2064 2521 2498 2583 congregata,ut
2527 2513 2906 2567 haereticorum
2942 2514 3104 2568 verba
3132 2524 3278 2579 sunt,
3312 2524 3367 2568 et
3396 2514 3646 2571 doctrina

2064 2616 2253 2660 contra
2277 2605 2444 2675 legem
2472 2604 2562 2659 Dei
2592 2614 2936 2673 congregata,
2964 2618 3085 2674 qum
3111 2619 3207 2661 nos
3234 2605 3379 2661 velut
3408 2606 3643 2675 iniquam

2062 2696 2347 2767 pecuniam
2384 2706 2438 2749 et
2482 2694 2821 2765 pestiferam,
2856 2704 2911 2749 et
2948 2696 3014 2749 de
3062 2696 3202 2752 malo
3246 2697 3529 2753 collectam
3561 2713 3649 2751 re-

2063 2787 2256 2858 fugere
2282 2788 2561 2843 debemus.
2597 2786 2762 2843 Orate
2790 2801 2919 2857 ergo
2953 2797 3011 2841 ut
3047 2789 3161 2843 haec
3198 2800 3378 2845 nostra
3414 2792 3645 2860 pecunia

2063 2896 2225 2951 quam
2248 2881 2401 2935 vobis
2438 2880 2771 2934 freneramus
2806 2888 2914 2932 tota
2952 2879 3259 2935 inveniatur
3287 2895 3351 2936 ex
3377 2882 3543 2952 justis
3568 2883 3646 2935 la-

2062 2971 2307 3037 boribus,
2333 2979 2445 3025 tota
2474 2970 2540 3024 de
2574 2970 2844 3025 dominica
2894 2958 3107 3025 moneta
3138 2972 3461 3040 procedens,
3493 2981 3553 3025 ut
3592 2984 3647 3027 et

2061 3076 2159 3116 vos
2187 3060 2362 3116 faenus
2405 3060 2676 3128 integrum
2709 3059 3061 3128 consignetis,
3096 3068 3150 3113 et
3175 3072 3272 3111 ηομ
3305 3072 3411 3112 non
3456 3058 3647 3112 audia-

2063 3166 2181 3206 mus
2206 3152 2249 3183 ³³
2272 3191 2288 3218 ,
2317 3150 2446 3221 quia
2466 3151 2707 3219 Oportuit
2740 3158 2788 3204 te
2808 3149 3084 3219 pecuniam
3123 3164 3289 3203 meum
3312 3150 3440 3202 dare
3486 3164 3640 3202 num-

2061 3244 2330 3297 mulariis.

2131 3336 2185 3391 5.
2228 3335 2442 3390 Juvenis
2464 3350 2556 3405 ego
2584 3334 2685 3403 fui,
2715 3342 2762 3388 et
2792 3333 2959 3397 senui,
2991 3340 3038 3384 et
3064 3346 3168 3385 non
3193 3330 3521 3399 vidijusturu
3545 3331 3637 3383 de-

2062 3431 2322 3493 relictum,
2346 3444 2438 3482 nec
2462 3442 2633 3481 semen
2651 3426 2763 3494 ejus
2787 3440 3023 3495 qumrens
3051 3438 3237 3492 panem
3269 3438 3284 3477 :
3313 3432 3422 3476 tota
3443 3422 3528 3477 die
3544 3426 3645 3476 mi-

2060 3534 2264 3579 seretur
2302 3532 2348 3575 et
2387 3520 2606 3589 fwuerat
2646 3517 2712 3573 ³⁸.
2743 3515 2800 3571 In
2836 3514 3208 3583 superioribus
3258 3514 3481 3580 dicitur,
3515 3516 3642 3585 quia

2061 3622 2339 3670 mutuatur
2382 3621 2635 3681 peccator
2690 3618 2744 3661 et
2792 3622 2898 3661 non
2940 3604 3162 3660 reddit:
3201 3605 3290 3658 hic
3321 3605 3645 3674 quiajustus

2063 3715 2168 3762 tota
2197 3706 2283 3760 die
2311 3704 2600 3759 miseretur
2624 3709 2679 3755 et
2709 3699 2958 3756 ftenerat.
2983 3696 3050 3750 Et
3086 3696 3205 3750 vide
3226 3710 3389 3766 quam
3425 3696 3477 3750 in
3513 3711 3645 3751 cor.-

2062 3798 2246 3852 trariis
2275 3808 2434 3865 pares
2460 3794 2589 3849 sint.
2616 3791 2878 3845 Peecator
2910 3802 3015 3842 non
3045 3787 3219 3841 solum
3267 3796 3454 3841 mutuo
3500 3788 3645 3842 acci-

2059 3892 2159 3960 pit,
2185 3888 2278 3944 sed
2307 3896 2364 3943 et
2393 3901 2515 3943 cum
2552 3882 2825 3952 acceperit
2856 3896 2961 3935 non
2996 3879 3171 3934 reddit
3209 3897 3222 3932 :
3250 3879 3431 3949 justus
3461 3890 3644 3935 autem

2060 3998 2165 4036 nou
2204 3979 2377 4036 solum
2423 3985 2610 4033 mutuo
2653 3988 2758 4029 non
2795 3971 3014 4041 accipit,
3045 3973 3137 4025 sed
3180 3980 3235 4025 et
3270 3970 3503 4026 foenerat
3541 3991 3553 4026 :
3584 3982 3643 4026 et

2058 4087 2163 4128 non
2194 4070 2373 4125 solum
2406 4066 2575 4123 semel
2606 4063 2686 4119 vel
2724 4064 2829 4126 bis,
2854 4062 2947 4117 sed
2978 4068 3089 4115 tota
3123 4061 3210 4115 die
3241 4061 3501 4126 fmnerat,
3534 4060 3638 4115 hoc

2057 4175 2141 4219 est
2180 4172 2291 4217 toto
2318 4163 2441 4215 vitae
2469 4173 2580 4214 sua:
2606 4166 2844 4226 tempore
2862 4155 3139 4209 foenerans
3162 4153 3471 4219 miseretur,
3496 4154 3638 4207 unde

2056 4266 2102 4311 et
2129 4270 2303 4309 semen
2324 4253 2439 4322 ejus
2457 4252 2510 4305 in
2533 4249 2891 4303 benedictione
2913 4247 3035 4299 erit.

2127 4348 2179 4402 6.
2215 4345 2432 4401 Declina
2457 4362 2488 4397 a
2519 4342 2657 4397 male
2680 4352 2727 4395 et
2765 4341 2851 4410 [ac
2880 4341 3156 4405 bonum,et
3184 4338 3422 4392 iuhabila
3447 4338 3502 4392 in
3530 4353 3636 4391 sie-

2057 4442 2231 4497 culum
2249 4436 2507 4494 sceculi”.
2526 4436 2672 4499 Haec,
2691 4433 2884 4503 inquit,
2903 4430 3129 4485 audiens
3148 4431 3231 4483 fac
3260 4429 3403 4499 quod
3433 4430 3633 4484 bonum

2058 4542 2161 4601 est,
2207 4529 2477 4588 habitabis
2517 4529 2571 4583 iu
2623 4525 2900 4587 smculum,
2938 4524 3040 4577 hoc
3086 4528 3194 4586 est,
3239 4521 3284 4574 si
3331 4521 3402 4574 ita
3457 4518 3634 4589 egeris

1984 4600 2028 4659 θ
2057 4622 2509 4700 quemadmodum
2547 4620 2769 4675 edoctus
2800 4630 2877 4682 es,
2910 4612 3174 4668 habitatio
3213 4619 3305 4666 tua
3337 4612 3441 4666 erit
3469 4619 3633 4665 aeter-

2060 4708 2151 4773 na.
2186 4714 2244 4772 Si
2278 4714 2421 4769 enim
2451 4710 2707 4781 respicias
2741 4722 2845 4762 non
2878 4705 2943 4760 ad
2988 4719 3052 4760 ea
3083 4716 3202 4773 qum
3238 4702 3507 4765 videntur,
3538 4704 3635 4756 sed

2060 4823 2181 4880 quae
2204 4820 2310 4862 non
2340 4804 2610 4866 videntur,
2642 4800 2895 4870 quoniam
2929 4810 3048 4864 qua:
3080 4794 3336 4849 videntur
3361 4800 3636 4861 tempora-

2059 4905 2127 4959 lia
2154 4910 2303 4968 sunt,
2328 4913 2449 4969 quae
2476 4905 2657 4951 autem
2688 4909 2793 4949 non
2832 4894 3085 4947 videntur
3114 4896 3316 4944 acterna
3341 4894 3488 4952 sunt,
3532 4886 3635 4943 ha-

2056 4996 2254 5053 bitabis
2276 4995 2330 5050 in
2360 4991 2633 5048 saeculum.

2125 5094 2176 5147 7.
2222 5091 2360 5158 Quia
2400 5088 2656 5144 Dominus
2686 5092 2827 5138 amat
2870 5084 3159 5153 judicium,
3190 5092 3373 5139 etnon
3403 5079 3633 5139 derelin-

2050 5197 2168 5257 quet
2197 5192 2406 5240 sanctos
2447 5182 2569 5235 subs
2590 5178 2656 5232 ”.
2684 5176 2966 5243 Quomodo
3011 5177 3269 5233 Dominus
3297 5184 3443 5230 amat
3486 5174 3633 5245 judi-

2051 5280 2195 5333 cium
2224 5276 2247 5329 ἲ
2279 5274 2413 5330 Dum
2461 5269 2592 5325 nihil
2622 5268 2762 5338 apud
2802 5281 2924 5323 eum
2974 5270 3090 5324 sine
3130 5267 3334 5337 judicio
3371 5266 3451 5333 fit,
3493 5262 3628 5320 nihil

2055 5370 2172 5425 sine
2204 5366 2429 5423 ratione.
2452 5364 2529 5419 lta
2554 5379 2685 5437 ergo
2708 5371 2762 5419 et
2787 5370 2842 5417 tu
2874 5360 3057 5417 sciens
3083 5359 3336 5427 quoniam
3368 5356 3630 5433 Dominus

2054 5469 2201 5516 amat
2244 5459 2533 5529 judicium,
2594 5471 2693 5528 age
2739 5455 2921 5511 omnia
2969 5451 3119 5519 justo
3147 5448 3354 5517 judicio
3396 5454 3451 5503 et
3479 5462 3627 5509 vero,

2053 5553 2280 5611 audiens
2307 5552 2455 5607 illum
2476 5549 2564 5619 qui
2596 5558 2647 5603 te
2675 5546 2929 5601 admonet
2958 5542 3146 5597 dicens
3163 5537 3379 5595 ":Cum
3404 5536 3627 5594 consilio

2053 5650 2229 5703 omnia
2257 5647 2367 5717 fac,
2392 5661 2508 5700 cum
2538 5641 2758 5697 consilio
2782 5639 2963 5694 irinum
2986 5635 3120 5690 bibe.

2023 5828 2066 5859 ”
2110 5826 2251 5881 Psal.
2288 5838 2485 5888 xxxvi,
2517 5821 2609 5877 28.
2720 5820 2765 5851 ³⁸
2806 5816 2933 5872 ibid.
2965 5814 3068 5888 26.
3093 5884 3105 5888 _
3160 5810 3397 5888 ’[Βᾳιιι.
3429 5822 3527 5888 XV;
3569 5807 3623 5863 6ο

370 5896 414 5925 ³²
451 5880 902 5977 Μαιῖιῌᾶἶνζρῖ.
982 5880 1425 5967 ergatam],
1451 5880 1663 5965 23,36.
1700 5880 1945 5954 *Wibiid.

2064 5936 2080 5953 .
2110 5880 2119 5881 ί
2156 5897 2201 5927 ³⁸
2233 5895 2363 5949 ibid.
2396 5880 2486 5949 28:
2564 5893 2608 5924 ³⁸
2642 5889 2806 5947 Eccli.
2840 5901 3016 5954 χχχιι,
3042 5884 3149 5954 '25;
3192 5882 3369 5939 Eccle.
3400 5880 3549 5947 “,7.
