  <div class='ocr_page' id='page_1' title='image "/cluster/home/n/w/nwhite01/storage/ocr_20150623/12:no.2/coo.31924054873074/693.png"; bbox 0 0 4110 6396; ppageno 0'>
   <div class='ocr_carea' id='block_1_1' title="bbox 529 406 670 463">
    <p class='ocr_par' dir='ltr' id='par_1_1' title="bbox 529 406 670 463">
     <span class='ocr_line' id='line_1_1' title="bbox 529 406 670 463; baseline 0.014 -2"><span class='ocrx_word' id='word_1_1' title='bbox 529 407 555 461; x_wconf 81' lang='grc'><strong>1</strong></span> <span class='ocrx_word' id='word_1_2' title='bbox 564 406 670 463; x_wconf 72' lang='grc'><strong>559</strong></span> 
     </span>
    </p>
   </div>
   <div class='ocr_carea' id='block_1_2' title="bbox 1951 411 2377 475">
    <p class='ocr_par' dir='ltr' id='par_1_2' title="bbox 1951 411 2377 475">
     <span class='ocr_line' id='line_1_2' title="bbox 1951 411 2377 475; baseline 0.016 -7"><span class='ocrx_word' id='word_1_3' title='bbox 1951 411 2042 469; x_wconf 70' lang='grc' dir='ltr'><strong>ΚΧ</strong></span> <span class='ocrx_word' id='word_1_4' title='bbox 2080 414 2377 475; x_wconf 76' lang='lat' dir='ltr'><strong>ORIGENE</strong></span> 
     </span>
    </p>
   </div>
   <div class='ocr_carea' id='block_1_3' title="bbox 3630 446 3796 503">
    <p class='ocr_par' dir='ltr' id='par_1_3' title="bbox 3630 446 3796 503">
     <span class='ocr_line' id='line_1_3' title="bbox 3630 446 3796 503; baseline 0.012 -3"><span class='ocrx_word' id='word_1_5' title='bbox 3630 448 3635 453; x_wconf 81' lang='grc'><em>’</em></span> <span class='ocrx_word' id='word_1_6' title='bbox 3657 446 3796 503; x_wconf 62' lang='grc'><strong>1360</strong></span> 
     </span>
    </p>
   </div>
   <div class='ocr_carea' id='block_1_4' title="bbox 493 520 2088 621">
    <p class='ocr_par' dir='ltr' id='par_1_4' title="bbox 493 520 2081 598">
     <span class='ocr_line' id='line_1_4' title="bbox 493 520 2081 598; baseline 0.003 -16"><span class='ocrx_word' id='word_1_7' title='bbox 493 540 503 592; x_wconf 61' lang='grc' dir='ltr'>ς</span> <span class='ocrx_word' id='word_1_8' title='bbox 600 523 763 598; x_wconf 79' lang='grc'><strong>6³75</strong></span> <span class='ocrx_word' id='word_1_9' title='bbox 795 523 847 579; x_wconf 90' lang='lat'><strong>8.</strong></span> <span class='ocrx_word' id='word_1_10' title='bbox 870 521 945 577; x_wconf 74' lang='lat' dir='ltr'><strong>Et</strong></span> <span class='ocrx_word' id='word_1_11' title='bbox 980 539 1080 577; x_wconf 89' lang='lat' dir='ltr'><strong>non</strong></span> <span class='ocrx_word' id='word_1_12' title='bbox 1103 520 1425 595; x_wconf 66' lang='lat' dir='ltr'><strong>derelinquat</strong></span> <span class='ocrx_word' id='word_1_13' title='bbox 1452 523 1704 583; x_wconf 77' lang='lat' dir='ltr'><strong>Dominus</strong></span> <span class='ocrx_word' id='word_1_14' title='bbox 1729 539 1936 585; x_wconf 82' lang='lat' dir='ltr'><strong>sanctos</strong></span> <span class='ocrx_word' id='word_1_15' title='bbox 1959 549 2081 588; x_wconf 86' lang='lat' dir='ltr'><strong>suos</strong></span> 
     </span>
    </p>
   </div>
   <div class='ocr_carea' id='block_1_5' title="bbox 2190 520 3797 621">
    <p class='ocr_par' dir='ltr' id='par_1_5' title="bbox 2210 541 3797 621">
     <span class='ocr_line' id='line_1_5' title="bbox 2210 541 3797 621; baseline 0.016 -29"><span class='ocrx_word' id='word_1_16' title='bbox 2210 551 2425 608; x_wconf 84' lang='lat' dir='ltr'><strong>gerunt.</strong></span> <span class='ocrx_word' id='word_1_17' title='bbox 2478 541 2665 600; x_wconf 89' lang='lat' dir='ltr'><strong>Solent</strong></span> <span class='ocrx_word' id='word_1_18' title='bbox 2708 546 2850 602; x_wconf 85' lang='lat' dir='ltr'><strong>enim</strong></span> <span class='ocrx_word' id='word_1_19' title='bbox 2910 546 3145 621; x_wconf 76' lang='lat' dir='ltr'><strong>imperiti</strong></span> <span class='ocrx_word' id='word_1_20' title='bbox 3200 553 3409 612; x_wconf 86' lang='lat' dir='ltr'><strong>habere</strong></span> <span class='ocrx_word' id='word_1_21' title='bbox 3452 558 3613 614; x_wconf 87' lang='lat' dir='ltr'><strong>etiam</strong></span> <span class='ocrx_word' id='word_1_22' title='bbox 3657 562 3797 619; x_wconf 84' lang='lat' dir='ltr'><strong>istud</strong></span> 
     </span>
    </p>
   </div>
   <div class='ocr_carea' id='block_1_6' title="bbox 534 616 2109 693">
    <p class='ocr_par' dir='ltr' id='par_1_6' title="bbox 534 616 2109 693">
     <span class='ocr_line' id='line_1_6' title="bbox 534 616 2109 693; baseline 0.009 -25"><span class='ocrx_word' id='word_1_23' title='bbox 534 618 585 669; x_wconf 88' lang='lat' dir='ltr'><strong>in</strong></span> <span class='ocrx_word' id='word_1_24' title='bbox 621 626 872 671; x_wconf 69' lang='lat' dir='ltr'><strong>a&#39;ternum</strong></span> <span class='ocrx_word' id='word_1_25' title='bbox 899 616 1374 673; x_wconf 79' lang='lat' dir='ltr'><strong>eonservabuntur.</strong></span> <span class='ocrx_word' id='word_1_26' title='bbox 1409 617 1564 676; x_wconf 84' lang='lat' dir='ltr'><strong>Sicut</strong></span> <span class='ocrx_word' id='word_1_27' title='bbox 1608 621 1760 690; x_wconf 88' lang='lat' dir='ltr'><strong>dicit,</strong></span> <span class='ocrx_word' id='word_1_28' title='bbox 1792 624 1917 693; x_wconf 87' lang='lat' dir='ltr'><strong>quia</strong></span> <span class='ocrx_word' id='word_1_29' title='bbox 1955 626 2109 682; x_wconf 73' lang='lat' dir='ltr'><strong>habi-</strong></span> 
     </span>
    </p>
   </div>
   <div class='ocr_carea' id='block_1_7' title="bbox 532 708 2103 774">
    <p class='ocr_par' dir='ltr' id='par_1_7' title="bbox 532 708 2103 774">
     <span class='ocr_line' id='line_1_7' title="bbox 532 708 2103 774; baseline 0.008 -12"><span class='ocrx_word' id='word_1_30' title='bbox 532 708 666 763; x_wconf 87' lang='lat' dir='ltr'><strong>tabit</strong></span> <span class='ocrx_word' id='word_1_31' title='bbox 689 709 741 762; x_wconf 93' lang='lat' dir='ltr'><strong>in</strong></span> <span class='ocrx_word' id='word_1_32' title='bbox 764 708 1046 772; x_wconf 89' lang='lat' dir='ltr'><strong>saeculum,</strong></span> <span class='ocrx_word' id='word_1_33' title='bbox 1066 709 1143 763; x_wconf 87' lang='lat' dir='ltr'><strong>ita</strong></span> <span class='ocrx_word' id='word_1_34' title='bbox 1171 718 1225 764; x_wconf 92' lang='lat' dir='ltr'><strong>et</strong></span> <span class='ocrx_word' id='word_1_35' title='bbox 1245 712 1717 769; x_wconf 87' lang='lat' dir='ltr'><strong>conservabuntur</strong></span> <span class='ocrx_word' id='word_1_36' title='bbox 1739 717 1794 771; x_wconf 92' lang='lat' dir='ltr'><strong>in</strong></span> <span class='ocrx_word' id='word_1_37' title='bbox 1817 725 2103 774; x_wconf 81' lang='lat' dir='ltr'><strong>aternum.</strong></span> 
     </span>
    </p>
   </div>
   <div class='ocr_carea' id='block_1_8' title="bbox 529 799 2108 882">
    <p class='ocr_par' dir='ltr' id='par_1_8' title="bbox 529 799 2108 882">
     <span class='ocr_line' id='line_1_8' title="bbox 529 799 2108 882; baseline 0.011 -31"><span class='ocrx_word' id='word_1_38' title='bbox 529 799 683 866; x_wconf 88' lang='lat' dir='ltr'><strong>Quod</strong></span> <span class='ocrx_word' id='word_1_39' title='bbox 722 811 1013 871; x_wconf 90' lang='lat' dir='ltr'><strong>utrumque</strong></span> <span class='ocrx_word' id='word_1_40' title='bbox 1061 801 1129 855; x_wconf 92' lang='lat' dir='ltr'><strong>ad</strong></span> <span class='ocrx_word' id='word_1_41' title='bbox 1182 800 1423 856; x_wconf 79' lang='lat' dir='ltr'><strong>futurum</strong></span> <span class='ocrx_word' id='word_1_42' title='bbox 1470 807 1698 878; x_wconf 84' lang='lat' dir='ltr'><strong>reSpicit</strong></span> <span class='ocrx_word' id='word_1_43' title='bbox 1750 820 1985 882; x_wconf 77' lang='lat' dir='ltr'><strong>tempus,</strong></span> <span class='ocrx_word' id='word_1_44' title='bbox 2025 813 2108 868; x_wconf 86' lang='lat' dir='ltr'><strong>vel</strong></span> 
     </span>
    </p>
   </div>
   <div class='ocr_carea' id='block_1_9' title="bbox 527 892 2106 974">
    <p class='ocr_par' dir='ltr' id='par_1_9' title="bbox 527 892 2106 974">
     <span class='ocr_line' id='line_1_9' title="bbox 527 892 2106 974; baseline 0.009 -27"><span class='ocrx_word' id='word_1_45' title='bbox 527 892 803 958; x_wconf 84' lang='lat' dir='ltr'><strong>saeulum,</strong></span> <span class='ocrx_word' id='word_1_46' title='bbox 828 893 915 947; x_wconf 92' lang='lat' dir='ltr'><strong>cui</strong></span> <span class='ocrx_word' id='word_1_47' title='bbox 940 894 1402 948; x_wconf 90' lang='lat' dir='ltr'><strong>eonservabuntur</strong></span> <span class='ocrx_word' id='word_1_48' title='bbox 1445 899 1643 964; x_wconf 89' lang='lat' dir='ltr'><strong>sancti,</strong></span> <span class='ocrx_word' id='word_1_49' title='bbox 1674 909 1732 955; x_wconf 93' lang='lat' dir='ltr'><strong>ut</strong></span> <span class='ocrx_word' id='word_1_50' title='bbox 1759 902 2018 974; x_wconf 89' lang='lat' dir='ltr'><strong>deinceps</strong></span> <span class='ocrx_word' id='word_1_51' title='bbox 2053 907 2106 961; x_wconf 92' lang='lat' dir='ltr'><strong>in</strong></span> 
     </span>
    </p>
   </div>
   <div class='ocr_carea' id='block_1_10' title="bbox 526 984 2107 1061">
    <p class='ocr_par' dir='ltr' id='par_1_10' title="bbox 526 984 2107 1061">
     <span class='ocr_line' id='line_1_10' title="bbox 526 984 2107 1061; baseline 0.008 -22"><span class='ocrx_word' id='word_1_52' title='bbox 526 986 825 1040; x_wconf 87' lang='lat' dir='ltr'><strong>aternitate</strong></span> <span class='ocrx_word' id='word_1_53' title='bbox 870 986 1183 1055; x_wconf 86' lang='lat' dir='ltr'><strong>perdurent.</strong></span> <span class='ocrx_word' id='word_1_54' title='bbox 1233 984 1434 1054; x_wconf 85' lang='lat' dir='ltr'><strong>Injusti</strong></span> <span class='ocrx_word' id='word_1_55' title='bbox 1481 992 1793 1061; x_wconf 75' lang='lat' dir='ltr'><strong>punientur,</strong></span> <span class='ocrx_word' id='word_1_56' title='bbox 1844 1004 1891 1048; x_wconf 92' lang='lat' dir='ltr'><strong>et</strong></span> <span class='ocrx_word' id='word_1_57' title='bbox 1933 1011 2107 1051; x_wconf 89' lang='lat' dir='ltr'><strong>semen</strong></span> 
     </span>
    </p>
   </div>
   <div class='ocr_carea' id='block_1_11' title="bbox 526 1077 2103 1146">
    <p class='ocr_par' dir='ltr' id='par_1_11' title="bbox 526 1077 2103 1146">
     <span class='ocr_line' id='line_1_11' title="bbox 526 1077 2103 1146; baseline 0.009 -18"><span class='ocrx_word' id='word_1_58' title='bbox 526 1078 810 1146; x_wconf 87' lang='lat' dir='ltr'><strong>impiorum</strong></span> <span class='ocrx_word' id='word_1_59' title='bbox 836 1079 1022 1146; x_wconf 87' lang='lat' dir='ltr'><strong>peribit</strong></span> <span class='ocrx_word' id='word_1_60' title='bbox 1039 1095 1057 1143; x_wconf 89' lang='lat'><em>;</em></span> <span class='ocrx_word' id='word_1_61' title='bbox 1071 1077 1207 1146; x_wconf 84' lang='lat' dir='ltr'><strong>justi</strong></span> <span class='ocrx_word' id='word_1_62' title='bbox 1227 1086 1400 1132; x_wconf 88' lang='lat' dir='ltr'><strong>autem</strong></span> <span class='ocrx_word' id='word_1_63' title='bbox 1422 1082 1807 1138; x_wconf 72' lang='lat' dir='ltr'><strong>hareditabunt</strong></span> <span class='ocrx_word' id='word_1_64' title='bbox 1826 1094 2018 1140; x_wconf 89' lang='lat' dir='ltr'><strong>terram</strong></span> <span class='ocrx_word' id='word_1_65' title='bbox 2037 1087 2103 1142; x_wconf 86' lang='grc'><strong>³⁷.</strong></span> 
     </span>
    </p>
   </div>
   <div class='ocr_carea' id='block_1_12' title="bbox 526 1168 2103 1245">
    <p class='ocr_par' dir='ltr' id='par_1_12' title="bbox 526 1168 2103 1245">
     <span class='ocr_line' id='line_1_12' title="bbox 526 1168 2103 1245; baseline 0.008 -23"><span class='ocrx_word' id='word_1_66' title='bbox 526 1168 771 1225; x_wconf 83' lang='lat' dir='ltr'><strong>Diximus</strong></span> <span class='ocrx_word' id='word_1_67' title='bbox 803 1170 915 1239; x_wconf 89' lang='lat' dir='ltr'><strong>jam</strong></span> <span class='ocrx_word' id='word_1_68' title='bbox 944 1173 1074 1227; x_wconf 88' lang='lat' dir='ltr'><strong>hinc</strong></span> <span class='ocrx_word' id='word_1_69' title='bbox 1107 1174 1361 1242; x_wconf 80' lang='lat' dir='ltr'><strong>superius</strong></span> <span class='ocrx_word' id='word_1_70' title='bbox 1398 1174 1556 1245; x_wconf 85' lang='lat' dir='ltr'><strong>quale</strong></span> <span class='ocrx_word' id='word_1_71' title='bbox 1590 1176 1877 1244; x_wconf 90' lang='lat' dir='ltr'><strong>impiorum</strong></span> <span class='ocrx_word' id='word_1_72' title='bbox 1915 1181 1984 1234; x_wconf 88' lang='lat' dir='ltr'><strong>sit</strong></span> <span class='ocrx_word' id='word_1_73' title='bbox 2014 1194 2103 1235; x_wconf 85' lang='lat' dir='ltr'><strong>sc-</strong></span> 
     </span>
    </p>
   </div>
   <div class='ocr_carea' id='block_1_13' title="bbox 525 1263 2106 1337">
    <p class='ocr_par' dir='ltr' id='par_1_13' title="bbox 525 1263 2106 1337">
     <span class='ocr_line' id='line_1_13' title="bbox 525 1263 2106 1337; baseline 0.008 -22"><span class='ocrx_word' id='word_1_74' title='bbox 525 1277 670 1327; x_wconf 89' lang='lat' dir='ltr'><strong>men,</strong></span> <span class='ocrx_word' id='word_1_75' title='bbox 702 1277 823 1317; x_wconf 92' lang='lat' dir='ltr'><strong>cum</strong></span> <span class='ocrx_word' id='word_1_76' title='bbox 860 1263 926 1318; x_wconf 92' lang='lat' dir='ltr'><strong>ad</strong></span> <span class='ocrx_word' id='word_1_77' title='bbox 960 1264 1181 1319; x_wconf 81' lang='lat' dir='ltr'><strong>verbum</strong></span> <span class='ocrx_word' id='word_1_78' title='bbox 1230 1266 1646 1337; x_wconf 83' lang='lat' dir='ltr'><strong>doctrinamque</strong></span> <span class='ocrx_word' id='word_1_79' title='bbox 1695 1268 1978 1324; x_wconf 89' lang='lat' dir='ltr'><strong>retulimus</strong></span> <span class='ocrx_word' id='word_1_80' title='bbox 2010 1288 2022 1324; x_wconf 91' lang='lat'>:</span> <span class='ocrx_word' id='word_1_81' title='bbox 2051 1280 2106 1327; x_wconf 90' lang='lat' dir='ltr'><strong>et</strong></span> 
     </span>
    </p>
   </div>
   <div class='ocr_carea' id='block_1_14' title="bbox 524 1355 2105 1423">
    <p class='ocr_par' dir='ltr' id='par_1_14' title="bbox 524 1355 2105 1423">
     <span class='ocr_line' id='line_1_14' title="bbox 524 1355 2105 1423; baseline 0.008 -17"><span class='ocrx_word' id='word_1_82' title='bbox 524 1355 796 1421; x_wconf 86' lang='lat' dir='ltr'><strong>quomodo</strong></span> <span class='ocrx_word' id='word_1_83' title='bbox 834 1356 1309 1423; x_wconf 80' lang='lat' dir='ltr'><strong>exterminabitur,</strong></span> <span class='ocrx_word' id='word_1_84' title='bbox 1344 1358 1469 1411; x_wconf 93' lang='lat' dir='ltr'><strong>dum</strong></span> <span class='ocrx_word' id='word_1_85' title='bbox 1505 1372 1667 1413; x_wconf 89' lang='lat' dir='ltr'><strong>omne</strong></span> <span class='ocrx_word' id='word_1_86' title='bbox 1706 1360 2042 1415; x_wconf 86' lang='lat' dir='ltr'><strong>mendacium</strong></span> <span class='ocrx_word' id='word_1_87' title='bbox 2073 1376 2105 1418; x_wconf 90' lang='lat' dir='ltr'><strong>a</strong></span> 
     </span>
    </p>
   </div>
   <div class='ocr_carea' id='block_1_15' title="bbox 523 1443 2104 1519">
    <p class='ocr_par' dir='ltr' id='par_1_15' title="bbox 523 1443 2104 1519">
     <span class='ocr_line' id='line_1_15' title="bbox 523 1443 2104 1519; baseline 0.006 -23"><span class='ocrx_word' id='word_1_88' title='bbox 523 1443 646 1500; x_wconf 89' lang='lat' dir='ltr'><strong>luce</strong></span> <span class='ocrx_word' id='word_1_89' title='bbox 673 1446 917 1503; x_wconf 82' lang='lat' dir='ltr'><strong>veritatis</strong></span> <span class='ocrx_word' id='word_1_90' title='bbox 964 1448 1106 1502; x_wconf 90' lang='lat' dir='ltr'><strong>velut</strong></span> <span class='ocrx_word' id='word_1_91' title='bbox 1147 1450 1382 1504; x_wconf 78' lang='lat' dir='ltr'><strong>tenebrae</strong></span> <span class='ocrx_word' id='word_1_92' title='bbox 1422 1447 1712 1519; x_wconf 83' lang='lat' dir='ltr'><strong>ell&#39;ugatur.</strong></span> <span class='ocrx_word' id='word_1_93' title='bbox 1744 1449 1887 1504; x_wconf 83' lang='lat' dir='ltr'><strong>Justi</strong></span> <span class='ocrx_word' id='word_1_94' title='bbox 1929 1460 2104 1507; x_wconf 87' lang='lat' dir='ltr'><strong>autem</strong></span> 
     </span>
    </p>
   </div>
   <div class='ocr_carea' id='block_1_16' title="bbox 523 1535 2101 1609">
    <p class='ocr_par' dir='ltr' id='par_1_16' title="bbox 523 1535 2101 1609">
     <span class='ocr_line' id='line_1_16' title="bbox 523 1535 2101 1609; baseline 0.005 -21"><span class='ocrx_word' id='word_1_95' title='bbox 523 1536 908 1591; x_wconf 71' lang='lat' dir='ltr'><strong>hareditubunt</strong></span> <span class='ocrx_word' id='word_1_96' title='bbox 940 1548 1156 1594; x_wconf 87' lang='lat' dir='ltr'><strong>terram.</strong></span> <span class='ocrx_word' id='word_1_97' title='bbox 1188 1535 1252 1589; x_wconf 88' lang='lat' dir='ltr'><strong>Et</strong></span> <span class='ocrx_word' id='word_1_98' title='bbox 1284 1538 1410 1592; x_wconf 89' lang='lat' dir='ltr'><strong>hinc</strong></span> <span class='ocrx_word' id='word_1_99' title='bbox 1439 1541 1688 1609; x_wconf 90' lang='lat' dir='ltr'><strong>superius</strong></span> <span class='ocrx_word' id='word_1_100' title='bbox 1709 1537 1817 1608; x_wconf 87' lang='lat' dir='ltr'><strong>jam</strong></span> <span class='ocrx_word' id='word_1_101' title='bbox 1844 1541 2101 1609; x_wconf 78' lang='lat' dir='ltr'><strong>diximus,</strong></span> 
     </span>
    </p>
   </div>
   <div class='ocr_carea' id='block_1_17' title="bbox 523 1628 2102 1697">
    <p class='ocr_par' dir='ltr' id='par_1_17' title="bbox 523 1628 2102 1697">
     <span class='ocr_line' id='line_1_17' title="bbox 523 1628 2102 1697; baseline 0.006 -17"><span class='ocrx_word' id='word_1_102' title='bbox 523 1630 793 1697; x_wconf 82' lang='lat' dir='ltr'><strong>quomodo</strong></span> <span class='ocrx_word' id='word_1_103' title='bbox 846 1629 961 1684; x_wconf 84' lang='lat' dir='ltr'><strong>sive</strong></span> <span class='ocrx_word' id='word_1_104' title='bbox 1016 1628 1146 1695; x_wconf 89' lang='lat' dir='ltr'><strong>justi</strong></span> <span class='ocrx_word' id='word_1_105' title='bbox 1208 1631 1324 1683; x_wconf 85' lang='lat' dir='ltr'><strong>sive</strong></span> <span class='ocrx_word' id='word_1_106' title='bbox 1391 1631 1663 1686; x_wconf 90' lang='lat' dir='ltr'><strong>mansueti</strong></span> <span class='ocrx_word' id='word_1_107' title='bbox 1728 1632 2102 1690; x_wconf 87' lang='lat' dir='ltr'><strong>haereditatem</strong></span> 
     </span>
    </p>
   </div>
   <div class='ocr_carea' id='block_1_18' title="bbox 523 1717 2101 1794">
    <p class='ocr_par' dir='ltr' id='par_1_18' title="bbox 523 1717 2101 1794">
     <span class='ocr_line' id='line_1_18' title="bbox 523 1717 2101 1794; baseline 0.006 -24"><span class='ocrx_word' id='word_1_108' title='bbox 523 1726 683 1773; x_wconf 79' lang='lat' dir='ltr'><strong>terrae</strong></span> <span class='ocrx_word' id='word_1_109' title='bbox 708 1717 865 1773; x_wconf 81' lang='lat' dir='ltr'><strong>bonae</strong></span> <span class='ocrx_word' id='word_1_110' title='bbox 888 1728 941 1773; x_wconf 92' lang='lat' dir='ltr'><strong>et</strong></span> <span class='ocrx_word' id='word_1_111' title='bbox 977 1732 1181 1789; x_wconf 83' lang='lat' dir='ltr'><strong>magna</strong></span> <span class='ocrx_word' id='word_1_112' title='bbox 1230 1717 1376 1774; x_wconf 89' lang='lat' dir='ltr'><strong>illius</strong></span> <span class='ocrx_word' id='word_1_113' title='bbox 1406 1732 1818 1792; x_wconf 89' lang='lat' dir='ltr'><strong>consequantur</strong></span> <span class='ocrx_word' id='word_1_114' title='bbox 1869 1738 1926 1781; x_wconf 89' lang='lat' dir='ltr'><strong>et</strong></span> <span class='ocrx_word' id='word_1_115' title='bbox 1965 1738 2101 1794; x_wconf 81' lang='lat' dir='ltr'><strong>quo-</strong></span> 
     </span>
    </p>
   </div>
   <div class='ocr_carea' id='block_1_19' title="bbox 520 1809 2100 1880">
    <p class='ocr_par' dir='ltr' id='par_1_19' title="bbox 520 1809 2100 1880">
     <span class='ocr_line' id='line_1_19' title="bbox 520 1809 2100 1880; baseline 0.005 -17"><span class='ocrx_word' id='word_1_116' title='bbox 520 1812 682 1864; x_wconf 85' lang='lat' dir='ltr'><strong>modo</strong></span> <span class='ocrx_word' id='word_1_117' title='bbox 716 1809 956 1865; x_wconf 86' lang='lat' dir='ltr'><strong>habitent</strong></span> <span class='ocrx_word' id='word_1_118' title='bbox 990 1810 1042 1865; x_wconf 92' lang='lat' dir='ltr'><strong>in</strong></span> <span class='ocrx_word' id='word_1_119' title='bbox 1077 1826 1138 1865; x_wconf 93' lang='lat' dir='ltr'><strong>ea</strong></span> <span class='ocrx_word' id='word_1_120' title='bbox 1174 1811 1228 1865; x_wconf 90' lang='lat' dir='ltr'><strong>in</strong></span> <span class='ocrx_word' id='word_1_121' title='bbox 1261 1811 1519 1867; x_wconf 87' lang='lat' dir='ltr'><strong>saculum</strong></span> <span class='ocrx_word' id='word_1_122' title='bbox 1548 1814 1757 1880; x_wconf 86' lang='lat' dir='ltr'><strong>saculi,</strong></span> <span class='ocrx_word' id='word_1_123' title='bbox 1785 1831 1893 1872; x_wconf 89' lang='lat' dir='ltr'><strong>non</strong></span> <span class='ocrx_word' id='word_1_124' title='bbox 1925 1816 2100 1874; x_wconf 90' lang='lat' dir='ltr'><strong>solum</strong></span> 
     </span>
    </p>
   </div>
   <div class='ocr_carea' id='block_1_20' title="bbox 522 1881 2175 1979">
    <p class='ocr_par' dir='ltr' id='par_1_20' title="bbox 522 1881 2175 1979">
     <span class='ocr_line' id='line_1_20' title="bbox 522 1881 2175 1979; baseline 0.007 -25"><span class='ocrx_word' id='word_1_125' title='bbox 522 1900 575 1954; x_wconf 91' lang='lat' dir='ltr'><strong>in</strong></span> <span class='ocrx_word' id='word_1_126' title='bbox 622 1901 901 1966; x_wconf 80' lang='lat' dir='ltr'><strong>saeculum,</strong></span> <span class='ocrx_word' id='word_1_127' title='bbox 941 1903 1036 1958; x_wconf 91' lang='lat' dir='ltr'><strong>sed</strong></span> <span class='ocrx_word' id='word_1_128' title='bbox 1089 1904 1142 1958; x_wconf 92' lang='lat' dir='ltr'><strong>in</strong></span> <span class='ocrx_word' id='word_1_129' title='bbox 1194 1904 1448 1959; x_wconf 84' lang='lat' dir='ltr'><strong>saculum</strong></span> <span class='ocrx_word' id='word_1_130' title='bbox 1503 1906 1708 1963; x_wconf 88' lang='lat' dir='ltr'><strong>saculi.</strong></span> <span class='ocrx_word' id='word_1_131' title='bbox 1743 1906 1881 1963; x_wconf 72' lang='lat' dir='ltr'><strong>Yide</strong></span> <span class='ocrx_word' id='word_1_132' title='bbox 1920 1924 2096 1979; x_wconf 91' lang='lat' dir='ltr'><strong>quam</strong></span> <span class='ocrx_word' id='word_1_133' title='bbox 2130 1881 2175 1938; x_wconf 75' lang='grc' dir='ltr'><strong>Β</strong></span> 
     </span>
    </p>
   </div>
   <div class='ocr_carea' id='block_1_21' title="bbox 522 1994 2099 2072">
    <p class='ocr_par' dir='ltr' id='par_1_21' title="bbox 522 1994 2099 2072">
     <span class='ocr_line' id='line_1_21' title="bbox 522 1994 2099 2072; baseline 0.007 -26"><span class='ocrx_word' id='word_1_134' title='bbox 522 2008 714 2064; x_wconf 84' lang='lat' dir='ltr'><strong>magna</strong></span> <span class='ocrx_word' id='word_1_135' title='bbox 747 1994 958 2049; x_wconf 90' lang='lat' dir='ltr'><strong>Domini</strong></span> <span class='ocrx_word' id='word_1_136' title='bbox 1009 1996 1315 2055; x_wconf 89' lang='lat' dir='ltr'><strong>retributio.</strong></span> <span class='ocrx_word' id='word_1_137' title='bbox 1362 1996 1479 2053; x_wconf 81' lang='lat' dir='ltr'><strong>Pro</strong></span> <span class='ocrx_word' id='word_1_138' title='bbox 1524 1998 1712 2055; x_wconf 87' lang='lat' dir='ltr'><strong>labore</strong></span> <span class='ocrx_word' id='word_1_139' title='bbox 1745 1999 1966 2072; x_wconf 79' lang='lat' dir='ltr'><strong>triginta</strong></span> <span class='ocrx_word' id='word_1_140' title='bbox 2003 2010 2099 2057; x_wconf 87' lang='lat' dir='ltr'><strong>aut</strong></span> 
     </span>
    </p>
   </div>
   <div class='ocr_carea' id='block_1_22' title="bbox 519 2082 2097 2160">
    <p class='ocr_par' dir='ltr' id='par_1_22' title="bbox 519 2082 2097 2160">
     <span class='ocr_line' id='line_1_22' title="bbox 519 2082 2097 2160; baseline 0.006 -21"><span class='ocrx_word' id='word_1_141' title='bbox 519 2082 898 2155; x_wconf 86' lang='lat' dir='ltr'><strong>quadraginta,</strong></span> <span class='ocrx_word' id='word_1_142' title='bbox 934 2094 992 2139; x_wconf 91' lang='lat' dir='ltr'><strong>ut</strong></span> <span class='ocrx_word' id='word_1_143' title='bbox 1034 2087 1258 2143; x_wconf 80' lang='lat' dir='ltr'><strong>nutltum</strong></span> <span class='ocrx_word' id='word_1_144' title='bbox 1295 2098 1443 2144; x_wconf 89' lang='lat' dir='ltr'><strong>certe</strong></span> <span class='ocrx_word' id='word_1_145' title='bbox 1486 2090 1884 2160; x_wconf 77' lang='lat' dir='ltr'><strong>quinquaginta</strong></span> <span class='ocrx_word' id='word_1_146' title='bbox 1925 2105 2097 2148; x_wconf 84' lang='lat' dir='ltr'><strong>anno-</strong></span> 
     </span>
    </p>
   </div>
   <div class='ocr_carea' id='block_1_23' title="bbox 518 2174 2097 2249">
    <p class='ocr_par' dir='ltr' id='par_1_23' title="bbox 518 2174 2097 2249">
     <span class='ocr_line' id='line_1_23' title="bbox 518 2174 2097 2249; baseline 0.008 -23"><span class='ocrx_word' id='word_1_147' title='bbox 518 2188 640 2227; x_wconf 90' lang='lat' dir='ltr'><strong>rum</strong></span> <span class='ocrx_word' id='word_1_148' title='bbox 674 2174 866 2245; x_wconf 88' lang='lat' dir='ltr'><strong>recipit</strong></span> <span class='ocrx_word' id='word_1_149' title='bbox 888 2175 1056 2231; x_wconf 84' lang='lat' dir='ltr'><strong>homo</strong></span> <span class='ocrx_word' id='word_1_150' title='bbox 1085 2193 1190 2233; x_wconf 92' lang='lat' dir='ltr'><strong>non</strong></span> <span class='ocrx_word' id='word_1_151' title='bbox 1234 2178 1409 2234; x_wconf 91' lang='lat' dir='ltr'><strong>solum</strong></span> <span class='ocrx_word' id='word_1_152' title='bbox 1453 2179 1635 2235; x_wconf 77' lang='lat' dir='ltr'><strong>saculi</strong></span> <span class='ocrx_word' id='word_1_153' title='bbox 1658 2179 1830 2249; x_wconf 85' lang='lat' dir='ltr'><strong>hujus</strong></span> <span class='ocrx_word' id='word_1_154' title='bbox 1864 2182 2097 2239; x_wconf 86' lang='lat' dir='ltr'><strong>retribu-</strong></span> 
     </span>
    </p>
   </div>
   <div class='ocr_carea' id='block_1_24' title="bbox 521 2266 2097 2342">
    <p class='ocr_par' dir='ltr' id='par_1_24' title="bbox 521 2266 2097 2342">
     <span class='ocr_line' id='line_1_24' title="bbox 521 2266 2097 2342; baseline 0.006 -22"><span class='ocrx_word' id='word_1_155' title='bbox 521 2266 747 2334; x_wconf 83' lang='lat' dir='ltr'><strong>tionem,</strong></span> <span class='ocrx_word' id='word_1_156' title='bbox 781 2267 875 2322; x_wconf 86' lang='lat' dir='ltr'><strong>sed</strong></span> <span class='ocrx_word' id='word_1_157' title='bbox 911 2268 962 2322; x_wconf 92' lang='lat' dir='ltr'><strong>in</strong></span> <span class='ocrx_word' id='word_1_158' title='bbox 998 2269 1252 2323; x_wconf 85' lang='lat' dir='ltr'><strong>saculum</strong></span> <span class='ocrx_word' id='word_1_159' title='bbox 1284 2269 1486 2324; x_wconf 87' lang='lat' dir='ltr'><strong>saeculi.</strong></span> <span class='ocrx_word' id='word_1_160' title='bbox 1518 2269 1575 2325; x_wconf 91' lang='lat' dir='ltr'><strong>Si</strong></span> <span class='ocrx_word' id='word_1_161' title='bbox 1604 2285 1740 2327; x_wconf 78' lang='lat' dir='ltr'><strong>vero</strong></span> <span class='ocrx_word' id='word_1_162' title='bbox 1784 2282 2097 2342; x_wconf 85' lang='lat' dir='ltr'><strong>permaneat</strong></span> 
     </span>
    </p>
   </div>
   <div class='ocr_carea' id='block_1_25' title="bbox 517 2358 2087 2431">
    <p class='ocr_par' dir='ltr' id='par_1_25' title="bbox 517 2358 2087 2431">
     <span class='ocr_line' id='line_1_25' title="bbox 517 2358 2087 2431; baseline 0.006 -20"><span class='ocrx_word' id='word_1_163' title='bbox 517 2358 641 2427; x_wconf 86' lang='lat' dir='ltr'><strong>quis</strong></span> <span class='ocrx_word' id='word_1_164' title='bbox 672 2359 723 2413; x_wconf 92' lang='lat' dir='ltr'><strong>in</strong></span> <span class='ocrx_word' id='word_1_165' title='bbox 758 2360 927 2415; x_wconf 89' lang='lat' dir='ltr'><strong>verbo</strong></span> <span class='ocrx_word' id='word_1_166' title='bbox 956 2358 1073 2429; x_wconf 87' lang='lat' dir='ltr'><strong>Dei,</strong></span> <span class='ocrx_word' id='word_1_167' title='bbox 1107 2372 1162 2417; x_wconf 89' lang='lat' dir='ltr'><strong>et</strong></span> <span class='ocrx_word' id='word_1_168' title='bbox 1204 2361 1482 2431; x_wconf 82' lang='lat' dir='ltr'><strong>sapientiae</strong></span> <span class='ocrx_word' id='word_1_169' title='bbox 1525 2361 1643 2430; x_wconf 88' lang='lat' dir='ltr'><strong>ejus</strong></span> <span class='ocrx_word' id='word_1_170' title='bbox 1685 2362 1976 2429; x_wconf 63' lang='lat' dir='ltr'><strong>adhaereat,</strong></span> <span class='ocrx_word' id='word_1_171' title='bbox 2008 2373 2087 2420; x_wconf 87' lang='lat' dir='ltr'><strong>at-</strong></span> 
     </span>
    </p>
   </div>
   <div class='ocr_carea' id='block_1_26' title="bbox 516 2449 2094 2523">
    <p class='ocr_par' dir='ltr' id='par_1_26' title="bbox 516 2449 2094 2523">
     <span class='ocr_line' id='line_1_26' title="bbox 516 2449 2094 2523; baseline 0.006 -20"><span class='ocrx_word' id='word_1_172' title='bbox 516 2463 622 2518; x_wconf 92' lang='lat' dir='ltr'><strong>que</strong></span> <span class='ocrx_word' id='word_1_173' title='bbox 650 2449 701 2504; x_wconf 93' lang='lat' dir='ltr'><strong>in</strong></span> <span class='ocrx_word' id='word_1_174' title='bbox 724 2449 862 2505; x_wconf 91' lang='lat' dir='ltr'><strong>lucis</strong></span> <span class='ocrx_word' id='word_1_175' title='bbox 891 2451 1197 2507; x_wconf 83' lang='lat' dir='ltr'><strong>aeternitate</strong></span> <span class='ocrx_word' id='word_1_176' title='bbox 1226 2453 1502 2523; x_wconf 88' lang='lat' dir='ltr'><strong>persistat,</strong></span> <span class='ocrx_word' id='word_1_177' title='bbox 1535 2454 1815 2522; x_wconf 86' lang='lat' dir='ltr'><strong>perveniet</strong></span> <span class='ocrx_word' id='word_1_178' title='bbox 1843 2455 2007 2511; x_wconf 89' lang='lat' dir='ltr'><strong>etiam</strong></span> <span class='ocrx_word' id='word_1_179' title='bbox 2039 2458 2094 2512; x_wconf 91' lang='lat' dir='ltr'><strong>in</strong></span> 
     </span>
    </p>
   </div>
   <div class='ocr_carea' id='block_1_27' title="bbox 515 2541 2090 2615">
    <p class='ocr_par' dir='ltr' id='par_1_27' title="bbox 515 2541 2090 2615">
     <span class='ocr_line' id='line_1_27' title="bbox 515 2541 2090 2615; baseline 0.006 -20"><span class='ocrx_word' id='word_1_180' title='bbox 515 2541 636 2605; x_wconf 85' lang='lat' dir='ltr'><strong>hoc.</strong></span> <span class='ocrx_word' id='word_1_181' title='bbox 664 2553 723 2597; x_wconf 93' lang='lat' dir='ltr'><strong>ut</strong></span> <span class='ocrx_word' id='word_1_182' title='bbox 752 2544 954 2600; x_wconf 80' lang='lat' dir='ltr'><strong>referat</strong></span> <span class='ocrx_word' id='word_1_183' title='bbox 986 2544 1097 2601; x_wconf 90' lang='lat' dir='ltr'><strong>Deo</strong></span> <span class='ocrx_word' id='word_1_184' title='bbox 1127 2543 1361 2615; x_wconf 85' lang='lat' dir='ltr'><strong>gloriam</strong></span> <span class='ocrx_word' id='word_1_185' title='bbox 1412 2547 1466 2601; x_wconf 93' lang='lat' dir='ltr'><strong>in</strong></span> <span class='ocrx_word' id='word_1_186' title='bbox 1514 2546 1708 2601; x_wconf 84' lang='lat' dir='ltr'><strong>saecula</strong></span> <span class='ocrx_word' id='word_1_187' title='bbox 1751 2547 2090 2604; x_wconf 68' lang='lat' dir='ltr'><strong>saeculorum.</strong></span> 
     </span>
    </p>
   </div>
   <div class='ocr_carea' id='block_1_28' title="bbox 516 2634 714 2689">
    <p class='ocr_par' dir='ltr' id='par_1_28' title="bbox 516 2634 714 2689">
     <span class='ocr_line' id='line_1_28' title="bbox 516 2634 714 2689; baseline 0.01 -2"><span class='ocrx_word' id='word_1_188' title='bbox 516 2634 714 2689; x_wconf 78' lang='lat' dir='ltr'><strong>Amen.</strong></span> 
     </span>
    </p>
   </div>
   <div class='ocr_carea' id='block_1_29' title="bbox 1107 2751 1498 2811">
    <p class='ocr_par' dir='ltr' id='par_1_29' title="bbox 1107 2751 1498 2811">
     <span class='ocr_line' id='line_1_29' title="bbox 1107 2751 1498 2811; baseline 0.008 -3"><span class='ocrx_word' id='word_1_189' title='bbox 1107 2751 1395 2811; x_wconf 79' lang='lat' dir='ltr'><strong>HOMILIA</strong></span> <span class='ocrx_word' id='word_1_190' title='bbox 1436 2753 1498 2811; x_wconf 69' lang='grc' dir='ltr'><strong>γ.</strong></span> 
     </span>
    </p>
   </div>
   <div class='ocr_carea' id='block_1_30' title="bbox 513 2840 2093 2918">
    <p class='ocr_par' dir='ltr' id='par_1_30' title="bbox 513 2840 2093 2918">
     <span class='ocr_line' id='line_1_30' title="bbox 513 2840 2093 2918; baseline 0.005 -22"><span class='ocrx_word' id='word_1_191' title='bbox 513 2840 592 2898; x_wconf 73' lang='lat' dir='ltr'><strong>De</strong></span> <span class='ocrx_word' id='word_1_192' title='bbox 615 2842 794 2899; x_wconf 77' lang='lat' dir='ltr'><strong>eodem</strong></span> <span class='ocrx_word' id='word_1_193' title='bbox 828 2844 1031 2918; x_wconf 80' lang='lat' dir='ltr'><strong>psalmo</strong></span> <span class='ocrx_word' id='word_1_194' title='bbox 1049 2846 1124 2918; x_wconf 84' lang='lat' dir='ltr'><strong>ab</strong></span> <span class='ocrx_word' id='word_1_195' title='bbox 1152 2862 1213 2901; x_wconf 85' lang='lat' dir='ltr'><strong>ea</strong></span> <span class='ocrx_word' id='word_1_196' title='bbox 1239 2854 1388 2915; x_wconf 83' lang='lat' dir='ltr'><strong>parte</strong></span> <span class='ocrx_word' id='word_1_197' title='bbox 1417 2845 1462 2878; x_wconf 82' lang='grc'><strong>³⁸</strong></span> <span class='ocrx_word' id='word_1_198' title='bbox 1496 2863 1511 2900; x_wconf 86' lang='lat'><strong>:</strong></span> <span class='ocrx_word' id='word_1_199' title='bbox 1550 2864 1571 2900; x_wconf 78' lang='lat' dir='ltr'><strong>t</strong></span> <span class='ocrx_word' id='word_1_200' title='bbox 1608 2846 1681 2902; x_wconf 88' lang='lat' dir='ltr'><strong>0s</strong></span> <span class='ocrx_word' id='word_1_201' title='bbox 1702 2847 1842 2918; x_wconf 88' lang='lat' dir='ltr'><strong>justi</strong></span> <span class='ocrx_word' id='word_1_202' title='bbox 1873 2849 2093 2905; x_wconf 79' lang='lat' dir='ltr'><strong>medita-</strong></span> 
     </span>
    </p>
   </div>
   <div class='ocr_carea' id='block_1_31' title="bbox 1006 2916 1589 2984">
    <p class='ocr_par' dir='ltr' id='par_1_31' title="bbox 1006 2916 1589 2984">
     <span class='ocr_line' id='line_1_31' title="bbox 1006 2916 1589 2984; baseline -0.007 -14"><span class='ocrx_word' id='word_1_203' title='bbox 1006 2916 1149 2970; x_wconf 84' lang='lat' dir='ltr'><strong>bitur</strong></span> <span class='ocrx_word' id='word_1_204' title='bbox 1185 2917 1528 2984; x_wconf 74' lang='lat' dir='ltr'><strong>sapientiam.</strong></span> <span class='ocrx_word' id='word_1_205' title='bbox 1569 2934 1589 2966; x_wconf 76' lang='grc' dir='ltr'><strong><em>ι</em></strong></span> 
     </span>
    </p>
   </div>
   <div class='ocr_carea' id='block_1_32' title="bbox 578 3004 2088 3079">
    <p class='ocr_par' dir='ltr' id='par_1_32' title="bbox 578 3004 2088 3079">
     <span class='ocr_line' id='line_1_32' title="bbox 578 3004 2088 3079; baseline 0.003 -18"><span class='ocrx_word' id='word_1_206' title='bbox 578 3006 631 3065; x_wconf 71' lang='grc'><strong>1.</strong></span> <span class='ocrx_word' id='word_1_207' title='bbox 648 3004 755 3064; x_wconf 83' lang='lat' dir='ltr'><strong>Lex</strong></span> <span class='ocrx_word' id='word_1_208' title='bbox 775 3006 991 3079; x_wconf 85' lang='lat' dir='ltr'><strong>quidem</strong></span> <span class='ocrx_word' id='word_1_209' title='bbox 1008 3006 1195 3062; x_wconf 89' lang='lat' dir='ltr'><strong>volens</strong></span> <span class='ocrx_word' id='word_1_210' title='bbox 1212 3021 1311 3061; x_wconf 92' lang='lat' dir='ltr'><strong>nos</strong></span> <span class='ocrx_word' id='word_1_211' title='bbox 1328 3008 1539 3076; x_wconf 86' lang='lat' dir='ltr'><strong>aperire</strong></span> <span class='ocrx_word' id='word_1_212' title='bbox 1554 3023 1616 3065; x_wconf 87' lang='lat' dir='ltr'><strong>os</strong></span> <span class='ocrx_word' id='word_1_213' title='bbox 1639 3013 1707 3065; x_wconf 87' lang='lat' dir='ltr'><strong>ad</strong></span> <span class='ocrx_word' id='word_1_214' title='bbox 1728 3008 1947 3066; x_wconf 84' lang='lat' dir='ltr'><strong>verbum</strong></span> <span class='ocrx_word' id='word_1_215' title='bbox 1973 3010 2088 3077; x_wconf 90' lang='lat' dir='ltr'><strong>Dei,</strong></span> 
     </span>
    </p>
   </div>
   <div class='ocr_carea' id='block_1_33' title="bbox 508 3098 2090 3173">
    <p class='ocr_par' dir='ltr' id='par_1_33' title="bbox 508 3098 2090 3173">
     <span class='ocr_line' id='line_1_33' title="bbox 508 3098 2090 3173; baseline 0 -16"><span class='ocrx_word' id='word_1_216' title='bbox 508 3101 764 3173; x_wconf 77' lang='lat' dir='ltr'><strong>pracepit</strong></span> <span class='ocrx_word' id='word_1_217' title='bbox 789 3102 979 3157; x_wconf 89' lang='lat' dir='ltr'><strong>dicens</strong></span> <span class='ocrx_word' id='word_1_218' title='bbox 998 3104 1041 3135; x_wconf 87' lang='grc'><strong>³⁹</strong></span> <span class='ocrx_word' id='word_1_219' title='bbox 1076 3118 1089 3154; x_wconf 88' lang='lat'>:</span> <span class='ocrx_word' id='word_1_220' title='bbox 1124 3098 1396 3170; x_wconf 86' lang='lat' dir='ltr'><strong>Loqueris,</strong></span> <span class='ocrx_word' id='word_1_221' title='bbox 1425 3100 1622 3170; x_wconf 90' lang='lat' dir='ltr'><strong>inquit,</strong></span> <span class='ocrx_word' id='word_1_222' title='bbox 1666 3102 1780 3158; x_wconf 73' lang='lat' dir='ltr'><strong>hac</strong></span> <span class='ocrx_word' id='word_1_223' title='bbox 1820 3103 2003 3157; x_wconf 82' lang='lat' dir='ltr'><strong>sedens</strong></span> <span class='ocrx_word' id='word_1_224' title='bbox 2035 3105 2090 3157; x_wconf 89' lang='lat' dir='ltr'><strong>in</strong></span> 
     </span>
    </p>
   </div>
   <div class='ocr_carea' id='block_1_34' title="bbox 2213 633 3796 721">
    <p class='ocr_par' dir='ltr' id='par_1_34' title="bbox 2213 633 3796 721">
     <span class='ocr_line' id='line_1_34' title="bbox 2213 633 3796 721; baseline 0.019 -42"><span class='ocrx_word' id='word_1_225' title='bbox 2213 642 2333 682; x_wconf 91' lang='lat' dir='ltr'><strong>cum</strong></span> <span class='ocrx_word' id='word_1_226' title='bbox 2364 633 2577 687; x_wconf 85' lang='lat' dir='ltr'><strong>cateris</strong></span> <span class='ocrx_word' id='word_1_227' title='bbox 2613 636 2905 703; x_wconf 90' lang='lat' dir='ltr'><strong>pessimum</strong></span> <span class='ocrx_word' id='word_1_228' title='bbox 2943 638 3158 706; x_wconf 86' lang='lat' dir='ltr'><strong>vitium,</strong></span> <span class='ocrx_word' id='word_1_229' title='bbox 3195 652 3257 698; x_wconf 91' lang='lat' dir='ltr'><strong>ut</strong></span> <span class='ocrx_word' id='word_1_230' title='bbox 3305 644 3495 703; x_wconf 91' lang='lat' dir='ltr'><strong>inanes</strong></span> <span class='ocrx_word' id='word_1_231' title='bbox 3525 658 3579 704; x_wconf 92' lang='lat' dir='ltr'><strong>ct</strong></span> <span class='ocrx_word' id='word_1_232' title='bbox 3609 666 3796 721; x_wconf 87' lang='lat' dir='ltr'><strong>supcr-</strong></span> 
     </span>
    </p>
   </div>
   <div class='ocr_carea' id='block_1_35' title="bbox 2211 713 3793 805">
    <p class='ocr_par' dir='ltr' id='par_1_35' title="bbox 2211 713 3793 805">
     <span class='ocr_line' id='line_1_35' title="bbox 2211 713 3793 805; baseline 0.02 -38"><span class='ocrx_word' id='word_1_233' title='bbox 2211 713 2348 773; x_wconf 84' lang='lat' dir='ltr'><strong>tluos</strong></span> <span class='ocrx_word' id='word_1_234' title='bbox 2382 729 2567 788; x_wconf 91' lang='lat' dir='ltr'><strong>putent</strong></span> <span class='ocrx_word' id='word_1_235' title='bbox 2596 737 2689 778; x_wconf 89' lang='lat' dir='ltr'><strong>eos</strong></span> <span class='ocrx_word' id='word_1_236' title='bbox 2716 726 2807 793; x_wconf 90' lang='lat' dir='ltr'><strong>qui</strong></span> <span class='ocrx_word' id='word_1_237' title='bbox 2833 726 2995 781; x_wconf 84' lang='lat' dir='ltr'><strong>verbo</strong></span> <span class='ocrx_word' id='word_1_238' title='bbox 3022 737 3075 783; x_wconf 91' lang='lat' dir='ltr'><strong>et</strong></span> <span class='ocrx_word' id='word_1_239' title='bbox 3097 730 3355 787; x_wconf 83' lang='lat' dir='ltr'><strong>doctrina</strong></span> <span class='ocrx_word' id='word_1_240' title='bbox 3383 750 3603 805; x_wconf 84' lang='lat' dir='ltr'><strong>Operam</strong></span> <span class='ocrx_word' id='word_1_241' title='bbox 3631 713 3793 797; x_wconf 79' lang='lat' dir='ltr'><strong>dede-</strong></span> 
     </span>
    </p>
   </div>
   <div class='ocr_carea' id='block_1_36' title="bbox 2212 809 3793 901">
    <p class='ocr_par' dir='ltr' id='par_1_36' title="bbox 2212 809 3793 901">
     <span class='ocr_line' id='line_1_36' title="bbox 2212 809 3793 901; baseline 0.017 -40"><span class='ocrx_word' id='word_1_242' title='bbox 2212 809 2344 875; x_wconf 90' lang='lat' dir='ltr'><strong>rint,</strong></span> <span class='ocrx_word' id='word_1_243' title='bbox 2371 820 2425 867; x_wconf 90' lang='lat' dir='ltr'><strong>et</strong></span> <span class='ocrx_word' id='word_1_244' title='bbox 2452 813 2848 882; x_wconf 90' lang='lat' dir='ltr'><strong>amplectuntur</strong></span> <span class='ocrx_word' id='word_1_245' title='bbox 2878 819 3053 890; x_wconf 88' lang='lat' dir='ltr'><strong>magis</strong></span> <span class='ocrx_word' id='word_1_246' title='bbox 3088 823 3420 892; x_wconf 86' lang='lat' dir='ltr'><strong>imperitiam</strong></span> <span class='ocrx_word' id='word_1_247' title='bbox 3449 842 3599 883; x_wconf 92' lang='lat' dir='ltr'><strong>suam</strong></span> <span class='ocrx_word' id='word_1_248' title='bbox 3630 846 3793 901; x_wconf 88' lang='lat' dir='ltr'><strong>quam</strong></span> 
     </span>
    </p>
   </div>
   <div class='ocr_carea' id='block_1_37' title="bbox 2211 900 3794 987">
    <p class='ocr_par' dir='ltr' id='par_1_37' title="bbox 2211 900 3794 987">
     <span class='ocr_line' id='line_1_37' title="bbox 2211 900 3794 987; baseline 0.014 -33"><span class='ocrx_word' id='word_1_249' title='bbox 2211 900 2425 957; x_wconf 92' lang='lat' dir='ltr'><strong>illorum</strong></span> <span class='ocrx_word' id='word_1_250' title='bbox 2457 907 2631 961; x_wconf 90' lang='lat' dir='ltr'><strong>studia</strong></span> <span class='ocrx_word' id='word_1_251' title='bbox 2667 924 2728 963; x_wconf 90' lang='lat' dir='ltr'><strong>ac</strong></span> <span class='ocrx_word' id='word_1_252' title='bbox 2772 908 3010 967; x_wconf 87' lang='lat' dir='ltr'><strong>laborem</strong></span> <span class='ocrx_word' id='word_1_253' title='bbox 3049 930 3064 968; x_wconf 91' lang='lat'><strong>:</strong></span> <span class='ocrx_word' id='word_1_254' title='bbox 3104 919 3434 987; x_wconf 84' lang='lat' dir='ltr'><strong>mutatisque</strong></span> <span class='ocrx_word' id='word_1_255' title='bbox 3487 900 3794 980; x_wconf 83' lang='lat' dir='ltr'><strong>nominibus</strong></span> 
     </span>
    </p>
   </div>
   <div class='ocr_carea' id='block_1_38' title="bbox 2210 997 3793 1072">
    <p class='ocr_par' dir='ltr' id='par_1_38' title="bbox 2210 997 3793 1072">
     <span class='ocr_line' id='line_1_38' title="bbox 2210 997 3793 1072; baseline 0.016 -24"><span class='ocrx_word' id='word_1_256' title='bbox 2210 997 2466 1051; x_wconf 77' lang='lat' dir='ltr'><strong>exercitia</strong></span> <span class='ocrx_word' id='word_1_257' title='bbox 2505 1013 2692 1056; x_wconf 90' lang='lat' dir='ltr'><strong>eorum</strong></span> <span class='ocrx_word' id='word_1_258' title='bbox 2731 1005 3140 1072; x_wconf 88' lang='lat' dir='ltr'><strong>verbositatem,</strong></span> <span class='ocrx_word' id='word_1_259' title='bbox 3176 1025 3328 1065; x_wconf 92' lang='lat' dir='ltr'><strong>suam</strong></span> <span class='ocrx_word' id='word_1_260' title='bbox 3368 1027 3498 1067; x_wconf 92' lang='lat' dir='ltr'><strong>vero</strong></span> <span class='ocrx_word' id='word_1_261' title='bbox 3531 1015 3793 1072; x_wconf 86' lang='lat' dir='ltr'><strong>indocibi-</strong></span> 
     </span>
    </p>
   </div>
   <div class='ocr_carea' id='block_1_39' title="bbox 2207 1086 3791 1181">
    <p class='ocr_par' dir='ltr' id='par_1_39' title="bbox 2207 1086 3791 1181">
     <span class='ocr_line' id='line_1_39' title="bbox 2207 1086 3791 1181; baseline 0.017 -41"><span class='ocrx_word' id='word_1_262' title='bbox 2207 1086 2414 1142; x_wconf 86' lang='lat' dir='ltr'><strong>litatem</strong></span> <span class='ocrx_word' id='word_1_263' title='bbox 2452 1090 2534 1146; x_wconf 90' lang='lat' dir='ltr'><strong>vel</strong></span> <span class='ocrx_word' id='word_1_264' title='bbox 2578 1092 2929 1165; x_wconf 89' lang='lat' dir='ltr'><strong>imperitiam,</strong></span> <span class='ocrx_word' id='word_1_265' title='bbox 2960 1100 3364 1173; x_wconf 90' lang='lat' dir='ltr'><strong>simplicitatem</strong></span> <span class='ocrx_word' id='word_1_266' title='bbox 3394 1118 3607 1163; x_wconf 84' lang='lat' dir='ltr'><strong>vocant.</strong></span> <span class='ocrx_word' id='word_1_267' title='bbox 3638 1110 3791 1181; x_wconf 87' lang='lat' dir='ltr'><strong>Opti-</strong></span> 
     </span>
    </p>
   </div>
   <div class='ocr_carea' id='block_1_40' title="bbox 2208 1186 3791 1267">
    <p class='ocr_par' dir='ltr' id='par_1_40' title="bbox 2208 1186 3791 1267">
     <span class='ocr_line' id='line_1_40' title="bbox 2208 1186 3791 1267; baseline 0.015 -35"><span class='ocrx_word' id='word_1_268' title='bbox 2208 1193 2329 1235; x_wconf 88' lang='lat' dir='ltr'><strong>mus</strong></span> <span class='ocrx_word' id='word_1_269' title='bbox 2363 1188 2543 1239; x_wconf 91' lang='lat' dir='ltr'><strong>tamen</strong></span> <span class='ocrx_word' id='word_1_270' title='bbox 2576 1195 2631 1240; x_wconf 93' lang='lat' dir='ltr'><strong>et</strong></span> <span class='ocrx_word' id='word_1_271' title='bbox 2680 1186 2769 1241; x_wconf 90' lang='lat' dir='ltr'><strong>ille</strong></span> <span class='ocrx_word' id='word_1_272' title='bbox 2813 1199 2896 1244; x_wconf 91' lang='lat' dir='ltr'><strong>est</strong></span> <span class='ocrx_word' id='word_1_273' title='bbox 2944 1191 3037 1261; x_wconf 86' lang='lat' dir='ltr'><strong>qui</strong></span> <span class='ocrx_word' id='word_1_274' title='bbox 3073 1195 3390 1263; x_wconf 86' lang='lat' dir='ltr'><strong>sapientiam</strong></span> <span class='ocrx_word' id='word_1_275' title='bbox 3426 1198 3621 1267; x_wconf 90' lang='lat' dir='ltr'><strong>probat</strong></span> <span class='ocrx_word' id='word_1_276' title='bbox 3654 1203 3791 1257; x_wconf 88' lang='lat' dir='ltr'><strong>aeti-</strong></span> 
     </span>
    </p>
   </div>
   <div class='ocr_carea' id='block_1_41' title="bbox 2207 1271 3785 1358">
    <p class='ocr_par' dir='ltr' id='par_1_41' title="bbox 2207 1271 3785 1358">
     <span class='ocr_line' id='line_1_41' title="bbox 2207 1271 3785 1358; baseline 0.015 -34"><span class='ocrx_word' id='word_1_277' title='bbox 2207 1271 2329 1338; x_wconf 87' lang='lat' dir='ltr'><strong>bus,</strong></span> <span class='ocrx_word' id='word_1_278' title='bbox 2361 1283 2415 1329; x_wconf 92' lang='lat' dir='ltr'><strong>et</strong></span> <span class='ocrx_word' id='word_1_279' title='bbox 2441 1290 2563 1331; x_wconf 90' lang='lat' dir='ltr'><strong>esse</strong></span> <span class='ocrx_word' id='word_1_280' title='bbox 2589 1278 2807 1349; x_wconf 91' lang='lat' dir='ltr'><strong>sapiens</strong></span> <span class='ocrx_word' id='word_1_281' title='bbox 2831 1281 2953 1336; x_wconf 83' lang='lat' dir='ltr'><strong>vita</strong></span> <span class='ocrx_word' id='word_1_282' title='bbox 2983 1296 3093 1336; x_wconf 84' lang='lat' dir='ltr'><strong>sua</strong></span> <span class='ocrx_word' id='word_1_283' title='bbox 3126 1287 3397 1353; x_wconf 88' lang='lat' dir='ltr'><strong>probitate</strong></span> <span class='ocrx_word' id='word_1_284' title='bbox 3423 1291 3785 1358; x_wconf 76' lang='lat' dir='ltr'><strong>cognoscitur.</strong></span> 
     </span>
    </p>
   </div>
   <div class='ocr_carea' id='block_1_42' title="bbox 2204 1360 3790 1452">
    <p class='ocr_par' dir='ltr' id='par_1_42' title="bbox 2204 1360 3790 1452">
     <span class='ocr_line' id='line_1_42' title="bbox 2204 1360 3790 1452; baseline 0.015 -36"><span class='ocrx_word' id='word_1_285' title='bbox 2204 1360 2407 1420; x_wconf 88' lang='lat' dir='ltr'><strong>Beatus</strong></span> <span class='ocrx_word' id='word_1_286' title='bbox 2430 1380 2559 1437; x_wconf 90' lang='lat' dir='ltr'><strong>ergo</strong></span> <span class='ocrx_word' id='word_1_287' title='bbox 2588 1370 2679 1439; x_wconf 91' lang='lat' dir='ltr'><strong>qui</strong></span> <span class='ocrx_word' id='word_1_288' title='bbox 2714 1386 2774 1426; x_wconf 89' lang='lat' dir='ltr'><strong>os</strong></span> <span class='ocrx_word' id='word_1_289' title='bbox 2807 1387 2962 1427; x_wconf 92' lang='lat' dir='ltr'><strong>suum</strong></span> <span class='ocrx_word' id='word_1_290' title='bbox 2998 1375 3174 1444; x_wconf 89' lang='lat' dir='ltr'><strong>aperit</strong></span> <span class='ocrx_word' id='word_1_291' title='bbox 3221 1378 3391 1433; x_wconf 91' lang='lat' dir='ltr'><strong>verbo</strong></span> <span class='ocrx_word' id='word_1_292' title='bbox 3422 1380 3539 1446; x_wconf 91' lang='lat' dir='ltr'><strong>Dei,</strong></span> <span class='ocrx_word' id='word_1_293' title='bbox 3572 1392 3627 1437; x_wconf 92' lang='lat' dir='ltr'><strong>et</strong></span> <span class='ocrx_word' id='word_1_294' title='bbox 3663 1398 3790 1452; x_wconf 89' lang='lat' dir='ltr'><strong>pro-</strong></span> 
     </span>
    </p>
   </div>
   <div class='ocr_carea' id='block_1_43' title="bbox 2208 1455 3786 1542">
    <p class='ocr_par' dir='ltr' id='par_1_43' title="bbox 2208 1455 3786 1542">
     <span class='ocr_line' id='line_1_43' title="bbox 2208 1455 3786 1542; baseline 0.012 -33"><span class='ocrx_word' id='word_1_295' title='bbox 2208 1455 2396 1511; x_wconf 87' lang='lat' dir='ltr'><strong>ficiens</strong></span> <span class='ocrx_word' id='word_1_296' title='bbox 2417 1466 2575 1512; x_wconf 82' lang='lat' dir='ltr'><strong>atate</strong></span> <span class='ocrx_word' id='word_1_297' title='bbox 2602 1462 2898 1517; x_wconf 90' lang='lat' dir='ltr'><strong>secundum</strong></span> <span class='ocrx_word' id='word_1_298' title='bbox 2929 1462 3203 1520; x_wconf 86' lang='lat' dir='ltr'><strong>Christum</strong></span> <span class='ocrx_word' id='word_1_299' title='bbox 3230 1469 3477 1536; x_wconf 88' lang='lat' dir='ltr'><strong>proficiet</strong></span> <span class='ocrx_word' id='word_1_300' title='bbox 3497 1481 3550 1525; x_wconf 91' lang='lat' dir='ltr'><strong>et</strong></span> <span class='ocrx_word' id='word_1_301' title='bbox 3571 1474 3786 1542; x_wconf 90' lang='lat' dir='ltr'><strong>sapien-</strong></span> 
     </span>
    </p>
   </div>
   <div class='ocr_carea' id='block_1_44' title="bbox 2206 1546 3784 1632">
    <p class='ocr_par' dir='ltr' id='par_1_44' title="bbox 2206 1546 3784 1632">
     <span class='ocr_line' id='line_1_44' title="bbox 2206 1546 3784 1632; baseline 0.012 -31"><span class='ocrx_word' id='word_1_302' title='bbox 2206 1546 2303 1604; x_wconf 91' lang='lat' dir='ltr'><strong>tia.</strong></span> <span class='ocrx_word' id='word_1_303' title='bbox 2354 1547 2515 1606; x_wconf 88' lang='lat' dir='ltr'><strong>Certe</strong></span> <span class='ocrx_word' id='word_1_304' title='bbox 2558 1550 2605 1606; x_wconf 90' lang='lat' dir='ltr'><strong>si</strong></span> <span class='ocrx_word' id='word_1_305' title='bbox 2660 1554 2893 1624; x_wconf 90' lang='lat' dir='ltr'><strong>amplius</strong></span> <span class='ocrx_word' id='word_1_306' title='bbox 2940 1571 3046 1610; x_wconf 91' lang='lat' dir='ltr'><strong>non</strong></span> <span class='ocrx_word' id='word_1_307' title='bbox 3090 1573 3373 1627; x_wconf 90' lang='lat' dir='ltr'><strong>possumus</strong></span> <span class='ocrx_word' id='word_1_308' title='bbox 3421 1563 3474 1616; x_wconf 88' lang='lat' dir='ltr'><strong>in</strong></span> <span class='ocrx_word' id='word_1_309' title='bbox 3520 1565 3784 1632; x_wconf 88' lang='lat' dir='ltr'><strong>sapientia</strong></span> 
     </span>
    </p>
   </div>
   <div class='ocr_carea' id='block_1_45' title="bbox 2204 1638 3785 1726">
    <p class='ocr_par' dir='ltr' id='par_1_45' title="bbox 2204 1638 3785 1726">
     <span class='ocr_line' id='line_1_45' title="bbox 2204 1638 3785 1726; baseline 0.013 -34"><span class='ocrx_word' id='word_1_310' title='bbox 2204 1638 2487 1708; x_wconf 86' lang='lat' dir='ltr'><strong>prolicere,</strong></span> <span class='ocrx_word' id='word_1_311' title='bbox 2536 1642 2725 1698; x_wconf 90' lang='lat' dir='ltr'><strong>saltem</strong></span> <span class='ocrx_word' id='word_1_312' title='bbox 2773 1644 2905 1701; x_wconf 92' lang='lat' dir='ltr'><strong>illud</strong></span> <span class='ocrx_word' id='word_1_313' title='bbox 2953 1648 3249 1705; x_wconf 90' lang='lat' dir='ltr'><strong>observare</strong></span> <span class='ocrx_word' id='word_1_314' title='bbox 3304 1667 3409 1706; x_wconf 90' lang='lat' dir='ltr'><strong>non</strong></span> <span class='ocrx_word' id='word_1_315' title='bbox 3460 1656 3677 1726; x_wconf 78' lang='lat' dir='ltr'><strong>pigeat,</strong></span> <span class='ocrx_word' id='word_1_316' title='bbox 3729 1660 3785 1712; x_wconf 92' lang='lat' dir='ltr'><strong>in</strong></span> 
     </span>
    </p>
   </div>
   <div class='ocr_carea' id='block_1_46' title="bbox 2205 1731 3781 1813">
    <p class='ocr_par' dir='ltr' id='par_1_46' title="bbox 2205 1731 3781 1813">
     <span class='ocr_line' id='line_1_46' title="bbox 2205 1731 3781 1813; baseline 0.013 -29"><span class='ocrx_word' id='word_1_317' title='bbox 2205 1731 2428 1800; x_wconf 88' lang='lat' dir='ltr'><strong>psalmis</strong></span> <span class='ocrx_word' id='word_1_318' title='bbox 2457 1743 2512 1789; x_wconf 92' lang='lat' dir='ltr'><strong>et</strong></span> <span class='ocrx_word' id='word_1_319' title='bbox 2538 1734 2752 1808; x_wconf 84' lang='lat' dir='ltr'><strong>hymnis</strong></span> <span class='ocrx_word' id='word_1_320' title='bbox 2780 1746 2836 1792; x_wconf 89' lang='lat' dir='ltr'><strong>et</strong></span> <span class='ocrx_word' id='word_1_321' title='bbox 2862 1740 3092 1797; x_wconf 89' lang='lat' dir='ltr'><strong>canticis</strong></span> <span class='ocrx_word' id='word_1_322' title='bbox 3124 1743 3456 1813; x_wconf 88' lang='lat' dir='ltr'><strong>spiritalibus</strong></span> <span class='ocrx_word' id='word_1_323' title='bbox 3482 1757 3536 1801; x_wconf 89' lang='lat' dir='ltr'><strong>et</strong></span> <span class='ocrx_word' id='word_1_324' title='bbox 3570 1749 3624 1802; x_wconf 93' lang='lat' dir='ltr'><strong>in</strong></span> <span class='ocrx_word' id='word_1_325' title='bbox 3652 1762 3781 1804; x_wconf 89' lang='lat' dir='ltr'><strong>ora-</strong></span> 
     </span>
    </p>
   </div>
   <div class='ocr_carea' id='block_1_47' title="bbox 2209 1822 3780 1905">
    <p class='ocr_par' dir='ltr' id='par_1_47' title="bbox 2209 1822 3780 1905">
     <span class='ocr_line' id='line_1_47' title="bbox 2209 1822 3780 1905; baseline 0.013 -29"><span class='ocrx_word' id='word_1_326' title='bbox 2209 1822 2354 1878; x_wconf 91' lang='lat' dir='ltr'><strong>tione</strong></span> <span class='ocrx_word' id='word_1_327' title='bbox 2400 1825 2483 1879; x_wconf 86' lang='lat' dir='ltr'><strong>vel</strong></span> <span class='ocrx_word' id='word_1_328' title='bbox 2528 1826 2735 1885; x_wconf 85' lang='lat' dir='ltr'><strong>honore</strong></span> <span class='ocrx_word' id='word_1_329' title='bbox 2785 1829 2881 1885; x_wconf 89' lang='lat' dir='ltr'><strong>Dei</strong></span> <span class='ocrx_word' id='word_1_330' title='bbox 2927 1832 3268 1903; x_wconf 84' lang='lat' dir='ltr'><strong>frequentius</strong></span> <span class='ocrx_word' id='word_1_331' title='bbox 3320 1838 3534 1905; x_wconf 89' lang='lat' dir='ltr'><strong>aperire</strong></span> <span class='ocrx_word' id='word_1_332' title='bbox 3575 1854 3637 1894; x_wconf 88' lang='lat' dir='ltr'><strong>os</strong></span> <span class='ocrx_word' id='word_1_333' title='bbox 3678 1855 3780 1896; x_wconf 83' lang='lat' dir='ltr'><strong>no-</strong></span> 
     </span>
    </p>
   </div>
   <div class='ocr_carea' id='block_1_48' title="bbox 2203 1916 3784 2000">
    <p class='ocr_par' dir='ltr' id='par_1_48' title="bbox 2203 1916 3784 2000">
     <span class='ocr_line' id='line_1_48' title="bbox 2203 1916 3784 2000; baseline 0.011 -30"><span class='ocrx_word' id='word_1_334' title='bbox 2203 1924 2374 1972; x_wconf 87' lang='lat' dir='ltr'><strong>strum</strong></span> <span class='ocrx_word' id='word_1_335' title='bbox 2403 1916 2469 1972; x_wconf 76' lang='grc'><strong>⁸³.</strong></span> <span class='ocrx_word' id='word_1_336' title='bbox 2495 1919 2590 1975; x_wconf 87' lang='lat' dir='ltr'><strong>Est</strong></span> <span class='ocrx_word' id='word_1_337' title='bbox 2614 1922 2758 1976; x_wconf 86' lang='lat' dir='ltr'><strong>enim</strong></span> <span class='ocrx_word' id='word_1_338' title='bbox 2794 1933 2849 1979; x_wconf 91' lang='lat' dir='ltr'><strong>et</strong></span> <span class='ocrx_word' id='word_1_339' title='bbox 2876 1924 2990 1980; x_wconf 85' lang='lat' dir='ltr'><strong>hac</strong></span> <span class='ocrx_word' id='word_1_340' title='bbox 3021 1941 3130 1981; x_wconf 91' lang='lat' dir='ltr'><strong>non</strong></span> <span class='ocrx_word' id='word_1_341' title='bbox 3166 1941 3330 1997; x_wconf 89' lang='lat' dir='ltr'><strong>parva</strong></span> <span class='ocrx_word' id='word_1_342' title='bbox 3361 1930 3639 2000; x_wconf 87' lang='lat' dir='ltr'><strong>sapientia</strong></span> <span class='ocrx_word' id='word_1_343' title='bbox 3668 1945 3784 1987; x_wconf 78' lang='lat' dir='ltr'><strong>me—</strong></span> 
     </span>
    </p>
   </div>
   <div class='ocr_carea' id='block_1_49' title="bbox 2200 2005 3781 2090">
    <p class='ocr_par' dir='ltr' id='par_1_49' title="bbox 2200 2005 3781 2090">
     <span class='ocr_line' id='line_1_49' title="bbox 2200 2005 3781 2090; baseline 0.011 -29"><span class='ocrx_word' id='word_1_344' title='bbox 2200 2005 2410 2074; x_wconf 90' lang='lat' dir='ltr'><strong>ditatio,</strong></span> <span class='ocrx_word' id='word_1_345' title='bbox 2443 2016 2503 2064; x_wconf 91' lang='lat' dir='ltr'><strong>ut</strong></span> <span class='ocrx_word' id='word_1_346' title='bbox 2547 2024 2644 2079; x_wconf 84' lang='lat' dir='ltr'><strong>per</strong></span> <span class='ocrx_word' id='word_1_347' title='bbox 2678 2011 2781 2067; x_wconf 90' lang='lat' dir='ltr'><strong>hoc</strong></span> <span class='ocrx_word' id='word_1_348' title='bbox 2821 2013 3131 2070; x_wconf 88' lang='lat' dir='ltr'><strong>inveniatur</strong></span> <span class='ocrx_word' id='word_1_349' title='bbox 3163 2030 3380 2087; x_wconf 87' lang='lat' dir='ltr'><strong>semper</strong></span> <span class='ocrx_word' id='word_1_350' title='bbox 3417 2034 3480 2075; x_wconf 91' lang='lat' dir='ltr'><strong>os</strong></span> <span class='ocrx_word' id='word_1_351' title='bbox 3520 2021 3647 2090; x_wconf 84' lang='lat' dir='ltr'><strong>justi</strong></span> <span class='ocrx_word' id='word_1_352' title='bbox 3693 2036 3781 2077; x_wconf 86' lang='lat' dir='ltr'><strong>sa-</strong></span> 
     </span>
    </p>
   </div>
   <div class='ocr_carea' id='block_1_50' title="bbox 2186 2097 3778 2169">
    <p class='ocr_par' dir='ltr' id='par_1_50' title="bbox 2186 2097 3778 2169">
     <span class='ocr_line' id='line_1_50' title="bbox 2186 2097 3778 2169; baseline 0.011 -19"><span class='ocrx_word' id='word_1_353' title='bbox 2186 2097 2453 2167; x_wconf 84' lang='lat' dir='ltr'><strong>pientiam</strong></span> <span class='ocrx_word' id='word_1_354' title='bbox 2487 2101 2760 2158; x_wconf 88' lang='lat' dir='ltr'><strong>meditari.</strong></span> <span class='ocrx_word' id='word_1_355' title='bbox 2784 2104 2899 2161; x_wconf 87' lang='lat' dir='ltr'><strong>Non</strong></span> <span class='ocrx_word' id='word_1_356' title='bbox 2930 2115 3110 2163; x_wconf 92' lang='lat' dir='ltr'><strong>tamen</strong></span> <span class='ocrx_word' id='word_1_357' title='bbox 3142 2108 3274 2164; x_wconf 91' lang='lat' dir='ltr'><strong>mihi</strong></span> <span class='ocrx_word' id='word_1_358' title='bbox 3305 2110 3522 2166; x_wconf 87' lang='lat' dir='ltr'><strong>videtur</strong></span> <span class='ocrx_word' id='word_1_359' title='bbox 3546 2113 3778 2169; x_wconf 87' lang='lat' dir='ltr'><strong>otiosum</strong></span> 
     </span>
    </p>
   </div>
   <div class='ocr_carea' id='block_1_51' title="bbox 2198 2190 3778 2275">
    <p class='ocr_par' dir='ltr' id='par_1_51' title="bbox 2198 2190 3778 2275">
     <span class='ocr_line' id='line_1_51' title="bbox 2198 2190 3778 2275; baseline 0.011 -33"><span class='ocrx_word' id='word_1_360' title='bbox 2198 2190 2324 2258; x_wconf 89' lang='lat' dir='ltr'><strong>quia</strong></span> <span class='ocrx_word' id='word_1_361' title='bbox 2355 2206 2460 2246; x_wconf 91' lang='lat' dir='ltr'><strong>non</strong></span> <span class='ocrx_word' id='word_1_362' title='bbox 2500 2192 2659 2261; x_wconf 81' lang='lat' dir='ltr'><strong>dixit,</strong></span> <span class='ocrx_word' id='word_1_363' title='bbox 2684 2212 2746 2252; x_wconf 93' lang='lat' dir='ltr'><strong>os</strong></span> <span class='ocrx_word' id='word_1_364' title='bbox 2775 2197 2906 2269; x_wconf 85' lang='lat' dir='ltr'><strong>justi</strong></span> <span class='ocrx_word' id='word_1_365' title='bbox 2950 2200 3260 2268; x_wconf 88' lang='lat' dir='ltr'><strong>meditatur,</strong></span> <span class='ocrx_word' id='word_1_366' title='bbox 3300 2203 3443 2272; x_wconf 92' lang='lat' dir='ltr'><strong>quod</strong></span> <span class='ocrx_word' id='word_1_367' title='bbox 3488 2207 3675 2275; x_wconf 92' lang='lat' dir='ltr'><strong>utique</strong></span> <span class='ocrx_word' id='word_1_368' title='bbox 3712 2206 3778 2259; x_wconf 89' lang='lat' dir='ltr'><strong>ad</strong></span> 
     </span>
    </p>
   </div>
   <div class='ocr_carea' id='block_1_52' title="bbox 2185 2292 3778 2360">
    <p class='ocr_par' dir='ltr' id='par_1_52' title="bbox 2185 2292 3778 2360">
     <span class='ocr_line' id='line_1_52' title="bbox 2185 2292 3778 2360; baseline 0.011 -25"><span class='ocrx_word' id='word_1_369' title='bbox 2185 2297 2435 2352; x_wconf 83' lang='lat' dir='ltr'><strong>prasens</strong></span> <span class='ocrx_word' id='word_1_370' title='bbox 2468 2293 2679 2357; x_wconf 85' lang='lat' dir='ltr'><strong>tempus</strong></span> <span class='ocrx_word' id='word_1_371' title='bbox 2702 2297 2950 2359; x_wconf 86' lang='lat' dir='ltr'><strong>spectare</strong></span> <span class='ocrx_word' id='word_1_372' title='bbox 2978 2300 3208 2360; x_wconf 87' lang='lat' dir='ltr'><strong>poterat,</strong></span> <span class='ocrx_word' id='word_1_373' title='bbox 3238 2292 3333 2348; x_wconf 85' lang='lat' dir='ltr'><strong>sed</strong></span> <span class='ocrx_word' id='word_1_374' title='bbox 3367 2293 3523 2359; x_wconf 80' lang='lat' dir='ltr'><strong>dixit,</strong></span> <span class='ocrx_word' id='word_1_375' title='bbox 3560 2298 3778 2352; x_wconf 85' lang='lat' dir='ltr'><strong>medita-</strong></span> 
     </span>
    </p>
   </div>
   <div class='ocr_carea' id='block_1_53' title="bbox 2183 2375 3779 2451">
    <p class='ocr_par' dir='ltr' id='par_1_53' title="bbox 2183 2375 3779 2451">
     <span class='ocr_line' id='line_1_53' title="bbox 2183 2375 3779 2451; baseline 0.009 -23"><span class='ocrx_word' id='word_1_376' title='bbox 2183 2375 2339 2429; x_wconf 86' lang='lat' dir='ltr'><strong>bitur</strong></span> <span class='ocrx_word' id='word_1_377' title='bbox 2365 2378 2720 2446; x_wconf 78' lang='lat' dir='ltr'><strong>sapientiam;</strong></span> <span class='ocrx_word' id='word_1_378' title='bbox 2751 2380 2895 2451; x_wconf 90' lang='lat' dir='ltr'><strong>quod</strong></span> <span class='ocrx_word' id='word_1_379' title='bbox 2946 2382 3067 2439; x_wconf 85' lang='lat' dir='ltr'><strong>sine</strong></span> <span class='ocrx_word' id='word_1_380' title='bbox 3112 2384 3273 2439; x_wconf 89' lang='lat' dir='ltr'><strong>dubio</strong></span> <span class='ocrx_word' id='word_1_381' title='bbox 3304 2386 3370 2439; x_wconf 88' lang='lat' dir='ltr'><strong>ad</strong></span> <span class='ocrx_word' id='word_1_382' title='bbox 3412 2384 3654 2441; x_wconf 84' lang='lat' dir='ltr'><strong>futurum</strong></span> <span class='ocrx_word' id='word_1_383' title='bbox 3696 2404 3779 2442; x_wconf 91' lang='lat' dir='ltr'><strong>re-</strong></span> 
     </span>
    </p>
   </div>
   <div class='ocr_carea' id='block_1_54' title="bbox 2192 2468 3778 2551">
    <p class='ocr_par' dir='ltr' id='par_1_54' title="bbox 2192 2468 3778 2551">
     <span class='ocr_line' id='line_1_54' title="bbox 2192 2468 3778 2551; baseline 0.008 -28"><span class='ocrx_word' id='word_1_384' title='bbox 2192 2468 2358 2538; x_wconf 78' lang='lat' dir='ltr'><strong>Spicit</strong></span> <span class='ocrx_word' id='word_1_385' title='bbox 2425 2479 2671 2542; x_wconf 87' lang='lat' dir='ltr'><strong>tempus,</strong></span> <span class='ocrx_word' id='word_1_386' title='bbox 2718 2474 2777 2527; x_wconf 88' lang='lat' dir='ltr'><strong>in</strong></span> <span class='ocrx_word' id='word_1_387' title='bbox 2830 2489 2938 2544; x_wconf 90' lang='lat' dir='ltr'><strong>quo</strong></span> <span class='ocrx_word' id='word_1_388' title='bbox 2999 2476 3165 2531; x_wconf 88' lang='lat' dir='ltr'><strong>etiam</strong></span> <span class='ocrx_word' id='word_1_389' title='bbox 3220 2477 3403 2533; x_wconf 82' lang='lat' dir='ltr'><strong>eateri</strong></span> <span class='ocrx_word' id='word_1_390' title='bbox 3456 2478 3778 2551; x_wconf 88' lang='lat' dir='ltr'><strong>interpretes</strong></span> 
     </span>
    </p>
   </div>
   <div class='ocr_carea' id='block_1_55' title="bbox 2194 2560 3777 2637">
    <p class='ocr_par' dir='ltr' id='par_1_55' title="bbox 2194 2560 3777 2637">
     <span class='ocr_line' id='line_1_55' title="bbox 2194 2560 3777 2637; baseline 0.005 -24"><span class='ocrx_word' id='word_1_391' title='bbox 2194 2572 2383 2615; x_wconf 86' lang='lat' dir='ltr'><strong>omnes</strong></span> <span class='ocrx_word' id='word_1_392' title='bbox 2417 2560 2623 2631; x_wconf 88' lang='lat' dir='ltr'><strong>absque</strong></span> <span class='ocrx_word' id='word_1_393' title='bbox 2668 2577 2776 2617; x_wconf 92' lang='lat' dir='ltr'><strong>uno</strong></span> <span class='ocrx_word' id='word_1_394' title='bbox 2818 2565 3189 2620; x_wconf 86' lang='lat' dir='ltr'><strong>consentiunt.</strong></span> <span class='ocrx_word' id='word_1_395' title='bbox 3217 2565 3296 2621; x_wconf 90' lang='lat' dir='ltr'><strong>Ne</strong></span> <span class='ocrx_word' id='word_1_396' title='bbox 3336 2566 3475 2622; x_wconf 88' lang='lat' dir='ltr'><strong>forte</strong></span> <span class='ocrx_word' id='word_1_397' title='bbox 3504 2583 3636 2637; x_wconf 86' lang='lat' dir='ltr'><strong>ergo</strong></span> <span class='ocrx_word' id='word_1_398' title='bbox 3674 2568 3777 2623; x_wconf 83' lang='lat' dir='ltr'><strong>ali-</strong></span> 
     </span>
    </p>
   </div>
   <div class='ocr_carea' id='block_1_56' title="bbox 2193 2651 3779 2728">
    <p class='ocr_par' dir='ltr' id='par_1_56' title="bbox 2193 2651 3779 2728">
     <span class='ocr_line' id='line_1_56' title="bbox 2193 2651 3779 2728; baseline 0.007 -26"><span class='ocrx_word' id='word_1_399' title='bbox 2193 2651 2323 2719; x_wconf 80' lang='lat' dir='ltr'><strong>quid</strong></span> <span class='ocrx_word' id='word_1_400' title='bbox 2369 2652 2651 2722; x_wconf 82' lang='lat' dir='ltr'><strong>mysticum</strong></span> <span class='ocrx_word' id='word_1_401' title='bbox 2686 2653 2932 2725; x_wconf 73' lang='lat' dir='ltr'><strong>designet</strong></span> <span class='ocrx_word' id='word_1_402' title='bbox 2983 2655 3085 2710; x_wconf 87' lang='lat' dir='ltr'><strong>hoc</strong></span> <span class='ocrx_word' id='word_1_403' title='bbox 3130 2665 3363 2727; x_wconf 90' lang='lat' dir='ltr'><strong>tempus,</strong></span> <span class='ocrx_word' id='word_1_404' title='bbox 3415 2673 3524 2728; x_wconf 92' lang='lat' dir='ltr'><strong>quo</strong></span> <span class='ocrx_word' id='word_1_405' title='bbox 3570 2659 3779 2713; x_wconf 75' lang='lat' dir='ltr'><strong>scilicet</strong></span> 
     </span>
    </p>
   </div>
   <div class='ocr_carea' id='block_1_57' title="bbox 2194 2741 3772 2819">
    <p class='ocr_par' dir='ltr' id='par_1_57' title="bbox 2194 2741 3772 2819">
     <span class='ocr_line' id='line_1_57' title="bbox 2194 2741 3772 2819; baseline 0.006 -23"><span class='ocrx_word' id='word_1_406' title='bbox 2194 2741 2465 2797; x_wconf 86' lang='lat' dir='ltr'><strong>indicetur</strong></span> <span class='ocrx_word' id='word_1_407' title='bbox 2486 2741 2681 2799; x_wconf 84' lang='lat' dir='ltr'><strong>futura</strong></span> <span class='ocrx_word' id='word_1_408' title='bbox 2727 2745 3186 2815; x_wconf 86' lang='lat' dir='ltr'><strong>repromissionis,</strong></span> <span class='ocrx_word' id='word_1_409' title='bbox 3225 2758 3282 2803; x_wconf 89' lang='lat' dir='ltr'><strong>et</strong></span> <span class='ocrx_word' id='word_1_410' title='bbox 3314 2751 3525 2819; x_wconf 77' lang='lat' dir='ltr'><strong>gratiae,</strong></span> <span class='ocrx_word' id='word_1_411' title='bbox 3566 2759 3620 2805; x_wconf 89' lang='lat' dir='ltr'><strong>et</strong></span> <span class='ocrx_word' id='word_1_412' title='bbox 3660 2752 3772 2806; x_wconf 76' lang='lat' dir='ltr'><strong>lue-</strong></span> 
     </span>
    </p>
   </div>
   <div class='ocr_carea' id='block_1_58' title="bbox 2194 2832 3774 2911">
    <p class='ocr_par' dir='ltr' id='par_1_58' title="bbox 2194 2832 3774 2911">
     <span class='ocr_line' id='line_1_58' title="bbox 2194 2832 3774 2911; baseline 0.004 -22"><span class='ocrx_word' id='word_1_413' title='bbox 2194 2832 2441 2890; x_wconf 85' lang='lat' dir='ltr'><strong>reditatis</strong></span> <span class='ocrx_word' id='word_1_414' title='bbox 2477 2849 2602 2905; x_wconf 89' lang='lat' dir='ltr'><strong>spes</strong></span> <span class='ocrx_word' id='word_1_415' title='bbox 2640 2835 2762 2892; x_wconf 88' lang='lat' dir='ltr'><strong>talis</strong></span> <span class='ocrx_word' id='word_1_416' title='bbox 2793 2840 3038 2907; x_wconf 85' lang='lat' dir='ltr'><strong>quadam</strong></span> <span class='ocrx_word' id='word_1_417' title='bbox 3078 2839 3281 2906; x_wconf 79' lang='lat' dir='ltr'><strong>futura,</strong></span> <span class='ocrx_word' id='word_1_418' title='bbox 3321 2850 3379 2895; x_wconf 93' lang='lat' dir='ltr'><strong>ut</strong></span> <span class='ocrx_word' id='word_1_419' title='bbox 3416 2856 3477 2896; x_wconf 94' lang='lat' dir='ltr'><strong>os</strong></span> <span class='ocrx_word' id='word_1_420' title='bbox 3505 2842 3774 2911; x_wconf 87' lang='lat' dir='ltr'><strong>justorum</strong></span> 
     </span>
    </p>
   </div>
   <div class='ocr_carea' id='block_1_59' title="bbox 2193 2929 3773 3004">
    <p class='ocr_par' dir='ltr' id='par_1_59' title="bbox 2193 2929 3773 3004">
     <span class='ocr_line' id='line_1_59' title="bbox 2193 2929 3773 3004; baseline 0.006 -23"><span class='ocrx_word' id='word_1_421' title='bbox 2193 2941 2298 2982; x_wconf 90' lang='lat' dir='ltr'><strong>non</strong></span> <span class='ocrx_word' id='word_1_422' title='bbox 2326 2929 2461 2985; x_wconf 89' lang='lat' dir='ltr'><strong>cibis</strong></span> <span class='ocrx_word' id='word_1_423' title='bbox 2511 2936 2564 2984; x_wconf 90' lang='lat' dir='ltr'><strong>et</strong></span> <span class='ocrx_word' id='word_1_424' title='bbox 2611 2939 2759 3000; x_wconf 86' lang='lat' dir='ltr'><strong>potu,</strong></span> <span class='ocrx_word' id='word_1_425' title='bbox 2816 2946 2992 3003; x_wconf 89' lang='lat' dir='ltr'><strong>neque</strong></span> <span class='ocrx_word' id='word_1_426' title='bbox 3031 2932 3238 2988; x_wconf 88' lang='lat' dir='ltr'><strong>deliciis</strong></span> <span class='ocrx_word' id='word_1_427' title='bbox 3284 2942 3341 2988; x_wconf 87' lang='lat' dir='ltr'><strong>et</strong></span> <span class='ocrx_word' id='word_1_428' title='bbox 3383 2934 3773 3004; x_wconf 88' lang='lat' dir='ltr'><strong>voluptatibus.</strong></span> 
     </span>
    </p>
   </div>
   <div class='ocr_carea' id='block_1_60' title="bbox 2191 3022 3772 3094">
    <p class='ocr_par' dir='ltr' id='par_1_60' title="bbox 2191 3022 3772 3094">
     <span class='ocr_line' id='line_1_60' title="bbox 2191 3022 3772 3094; baseline 0.005 -22"><span class='ocrx_word' id='word_1_429' title='bbox 2191 3032 2297 3073; x_wconf 91' lang='lat' dir='ltr'><strong>non</strong></span> <span class='ocrx_word' id='word_1_430' title='bbox 2326 3022 2596 3079; x_wconf 87' lang='lat' dir='ltr'><strong>vescendo</strong></span> <span class='ocrx_word' id='word_1_431' title='bbox 2629 3023 2826 3094; x_wconf 88' lang='lat' dir='ltr'><strong>epulis,</strong></span> <span class='ocrx_word' id='word_1_432' title='bbox 2858 3025 2955 3079; x_wconf 88' lang='lat' dir='ltr'><strong>sed</strong></span> <span class='ocrx_word' id='word_1_433' title='bbox 2986 3023 3309 3079; x_wconf 88' lang='lat' dir='ltr'><strong>meditando</strong></span> <span class='ocrx_word' id='word_1_434' title='bbox 3324 3024 3650 3092; x_wconf 87' lang='lat' dir='ltr'><strong>sapientiam</strong></span> <span class='ocrx_word' id='word_1_435' title='bbox 3680 3041 3772 3080; x_wconf 85' lang='lat' dir='ltr'><strong>re-</strong></span> 
     </span>
    </p>
   </div>
   <div class='ocr_carea' id='block_1_61' title="bbox 2186 3107 3771 3186">
    <p class='ocr_par' dir='ltr' id='par_1_61' title="bbox 2186 3107 3771 3186">
     <span class='ocr_line' id='line_1_61' title="bbox 2186 3107 3771 3186; baseline 0.004 -22"><span class='ocrx_word' id='word_1_436' title='bbox 2186 3111 2418 3182; x_wconf 82' lang='lat' dir='ltr'><strong>pleatur.</strong></span> <span class='ocrx_word' id='word_1_437' title='bbox 2446 3107 2608 3170; x_wconf 76' lang='lat' dir='ltr'><strong>Ultra</strong></span> <span class='ocrx_word' id='word_1_438' title='bbox 2648 3117 2798 3172; x_wconf 86' lang='lat' dir='ltr'><strong>enim</strong></span> <span class='ocrx_word' id='word_1_439' title='bbox 2838 3131 2949 3172; x_wconf 85' lang='lat' dir='ltr'><strong>non</strong></span> <span class='ocrx_word' id='word_1_440' title='bbox 2995 3116 3103 3172; x_wconf 85' lang='lat' dir='ltr'><strong>erit</strong></span> <span class='ocrx_word' id='word_1_441' title='bbox 3145 3115 3342 3186; x_wconf 88' lang='lat' dir='ltr'><strong>aliquis</strong></span> <span class='ocrx_word' id='word_1_442' title='bbox 3389 3115 3675 3185; x_wconf 88' lang='lat' dir='ltr'><strong>imperitus</strong></span> <span class='ocrx_word' id='word_1_443' title='bbox 3718 3118 3771 3171; x_wconf 88' lang='lat' dir='ltr'><strong>in</strong></span> 
     </span>
    </p>
   </div>
   <div class='ocr_carea' id='block_1_62' title="bbox 507 3191 3768 3280">
    <p class='ocr_par' dir='ltr' id='par_1_62' title="bbox 507 3191 3768 3280">
     <span class='ocr_line' id='line_1_62' title="bbox 507 3191 3768 3280; baseline 0.005 -32"><span class='ocrx_word' id='word_1_444' title='bbox 507 3197 681 3263; x_wconf 82' lang='lat' dir='ltr'><strong>domo,</strong></span> <span class='ocrx_word' id='word_1_445' title='bbox 716 3206 762 3249; x_wconf 88' lang='lat' dir='ltr'><strong>et</strong></span> <span class='ocrx_word' id='word_1_446' title='bbox 803 3210 1018 3265; x_wconf 76' lang='lat' dir='ltr'><strong>pergens</strong></span> <span class='ocrx_word' id='word_1_447' title='bbox 1048 3195 1103 3249; x_wconf 88' lang='lat' dir='ltr'><strong>in</strong></span> <span class='ocrx_word' id='word_1_448' title='bbox 1147 3195 1252 3259; x_wconf 83' lang='lat' dir='ltr'><strong>via,</strong></span> <span class='ocrx_word' id='word_1_449' title='bbox 1283 3202 1330 3246; x_wconf 84' lang='lat' dir='ltr'><strong>et</strong></span> <span class='ocrx_word' id='word_1_450' title='bbox 1370 3191 1571 3259; x_wconf 80' lang='lat' dir='ltr'><strong>iacens,</strong></span> <span class='ocrx_word' id='word_1_451' title='bbox 1613 3202 1660 3247; x_wconf 78' lang='grc' dir='ltr'><strong>ει</strong></span> <span class='ocrx_word' id='word_1_452' title='bbox 1701 3210 1942 3265; x_wconf 74' lang='lat' dir='ltr'><strong>surgens.</strong></span> <span class='ocrx_word' id='word_1_453' title='bbox 1980 3194 2086 3249; x_wconf 83' lang='lat' dir='ltr'><strong>Sed</strong></span> <span class='ocrx_word' id='word_1_454' title='bbox 2113 3219 2159 3280; x_wconf 72' lang='grc' dir='ltr'><strong>α</strong></span> <span class='ocrx_word' id='word_1_455' title='bbox 2193 3217 2357 3272; x_wconf 82' lang='lat' dir='ltr'><strong>regno</strong></span> <span class='ocrx_word' id='word_1_456' title='bbox 2390 3205 2506 3272; x_wconf 90' lang='lat' dir='ltr'><strong>Dei,</strong></span> <span class='ocrx_word' id='word_1_457' title='bbox 2540 3222 2646 3262; x_wconf 90' lang='lat' dir='ltr'><strong>non</strong></span> <span class='ocrx_word' id='word_1_458' title='bbox 2680 3208 2930 3264; x_wconf 88' lang='lat' dir='ltr'><strong>indocilis</strong></span> <span class='ocrx_word' id='word_1_459' title='bbox 2965 3210 3348 3280; x_wconf 85' lang='lat' dir='ltr'><strong>permanebit,</strong></span> <span class='ocrx_word' id='word_1_460' title='bbox 3384 3209 3560 3264; x_wconf 90' lang='lat' dir='ltr'><strong>nullus</strong></span> <span class='ocrx_word' id='word_1_461' title='bbox 3598 3209 3702 3265; x_wconf 91' lang='lat' dir='ltr'><strong>erit</strong></span> <span class='ocrx_word' id='word_1_462' title='bbox 3740 3225 3768 3263; x_wconf 83' lang='lat' dir='ltr'><strong>a</strong></span> 
     </span>
    </p>
   </div>
   <div class='ocr_carea' id='block_1_63' title="bbox 506 3281 2087 3353">
    <p class='ocr_par' dir='ltr' id='par_1_63' title="bbox 506 3281 2087 3353">
     <span class='ocr_line' id='line_1_63' title="bbox 506 3281 2087 3353; baseline 0.003 -15"><span class='ocrx_word' id='word_1_463' title='bbox 506 3294 561 3339; x_wconf 87' lang='lat' dir='ltr'><strong>et</strong></span> <span class='ocrx_word' id='word_1_464' title='bbox 592 3285 849 3340; x_wconf 85' lang='lat' dir='ltr'><strong>Salomon</strong></span> <span class='ocrx_word' id='word_1_465' title='bbox 882 3286 935 3340; x_wconf 91' lang='lat' dir='ltr'><strong>in</strong></span> <span class='ocrx_word' id='word_1_466' title='bbox 976 3283 1286 3339; x_wconf 81' lang='lat' dir='ltr'><strong>Proverbiis</strong></span> <span class='ocrx_word' id='word_1_467' title='bbox 1317 3281 1496 3337; x_wconf 87' lang='lat' dir='ltr'><strong>simile</strong></span> <span class='ocrx_word' id='word_1_468' title='bbox 1528 3282 1733 3353; x_wconf 91' lang='lat' dir='ltr'><strong>aliquid</strong></span> <span class='ocrx_word' id='word_1_469' title='bbox 1755 3285 1904 3340; x_wconf 88' lang='lat' dir='ltr'><strong>brevi</strong></span> <span class='ocrx_word' id='word_1_470' title='bbox 1936 3301 2087 3342; x_wconf 84' lang='lat' dir='ltr'><strong>com-</strong></span> 
     </span>
    </p>
   </div>
   <div class='ocr_carea' id='block_1_64' title="bbox 508 3376 2084 3446">
    <p class='ocr_par' dir='ltr' id='par_1_64' title="bbox 508 3376 2084 3446">
     <span class='ocr_line' id='line_1_64' title="bbox 508 3376 2084 3446; baseline 0.004 -15"><span class='ocrx_word' id='word_1_471' title='bbox 508 3378 806 3434; x_wconf 86' lang='lat' dir='ltr'><strong>monitione</strong></span> <span class='ocrx_word' id='word_1_472' title='bbox 831 3377 1133 3446; x_wconf 87' lang='lat' dir='ltr'><strong>distinguit,</strong></span> <span class='ocrx_word' id='word_1_473' title='bbox 1163 3377 1347 3432; x_wconf 88' lang='lat' dir='ltr'><strong>dicens</strong></span> <span class='ocrx_word' id='word_1_474' title='bbox 1369 3376 1413 3409; x_wconf 71' lang='grc'>⁸⁰</span> <span class='ocrx_word' id='word_1_475' title='bbox 1443 3396 1457 3431; x_wconf 87' lang='lat'><strong>:</strong></span> <span class='ocrx_word' id='word_1_476' title='bbox 1487 3376 1644 3446; x_wconf 82' lang='lat' dir='ltr'><strong>Aperi</strong></span> <span class='ocrx_word' id='word_1_477' title='bbox 1672 3394 1729 3432; x_wconf 92' lang='lat' dir='ltr'><strong>os</strong></span> <span class='ocrx_word' id='word_1_478' title='bbox 1755 3386 1903 3432; x_wconf 87' lang='lat' dir='ltr'><strong>tuum</strong></span> <span class='ocrx_word' id='word_1_479' title='bbox 1931 3380 2084 3437; x_wconf 83' lang='lat' dir='ltr'><strong>uerbo</strong></span> 
     </span>
    </p>
   </div>
   <div class='ocr_carea' id='block_1_65' title="bbox 504 3469 2085 3539">
    <p class='ocr_par' dir='ltr' id='par_1_65' title="bbox 504 3469 2085 3539">
     <span class='ocr_line' id='line_1_65' title="bbox 504 3469 2085 3539; baseline -0.001 -12"><span class='ocrx_word' id='word_1_480' title='bbox 504 3471 626 3527; x_wconf 82' lang='lat' dir='ltr'><strong>Dei.</strong></span> <span class='ocrx_word' id='word_1_481' title='bbox 660 3469 923 3525; x_wconf 90' lang='lat' dir='ltr'><strong>Similiter</strong></span> <span class='ocrx_word' id='word_1_482' title='bbox 948 3470 1111 3525; x_wconf 90' lang='lat' dir='ltr'><strong>etiam</strong></span> <span class='ocrx_word' id='word_1_483' title='bbox 1144 3484 1286 3524; x_wconf 90' lang='lat' dir='ltr'><strong>nunc</strong></span> <span class='ocrx_word' id='word_1_484' title='bbox 1312 3469 1583 3539; x_wconf 87' lang='lat' dir='ltr'><strong>Propheta</strong></span> <span class='ocrx_word' id='word_1_485' title='bbox 1618 3484 1718 3525; x_wconf 92' lang='lat' dir='ltr'><strong>nos</strong></span> <span class='ocrx_word' id='word_1_486' title='bbox 1749 3471 1925 3536; x_wconf 91' lang='lat' dir='ltr'><strong>docet,</strong></span> <span class='ocrx_word' id='word_1_487' title='bbox 1958 3486 2085 3525; x_wconf 92' lang='lat' dir='ltr'><strong>cum</strong></span> 
     </span>
    </p>
   </div>
   <div class='ocr_carea' id='block_1_66' title="bbox 504 3558 2086 3630">
    <p class='ocr_par' dir='ltr' id='par_1_66' title="bbox 504 3558 2086 3630">
     <span class='ocr_line' id='line_1_66' title="bbox 504 3558 2086 3630; baseline -0.001 -15"><span class='ocrx_word' id='word_1_488' title='bbox 504 3561 636 3616; x_wconf 88' lang='lat' dir='ltr'><strong>dicit</strong></span> <span class='ocrx_word' id='word_1_489' title='bbox 661 3560 747 3615; x_wconf 70' lang='grc' dir='ltr'><strong>δίε</strong></span> <span class='ocrx_word' id='word_1_490' title='bbox 790 3558 863 3614; x_wconf 87' lang='lat' dir='ltr'><strong>0s</strong></span> <span class='ocrx_word' id='word_1_491' title='bbox 907 3558 1050 3630; x_wconf 84' lang='lat' dir='ltr'><strong>justi</strong></span> <span class='ocrx_word' id='word_1_492' title='bbox 1101 3559 1441 3612; x_wconf 85' lang='lat' dir='ltr'><strong>meditabitur</strong></span> <span class='ocrx_word' id='word_1_493' title='bbox 1492 3559 1827 3629; x_wconf 81' lang='lat' dir='ltr'><strong>sapientiam.</strong></span> <span class='ocrx_word' id='word_1_494' title='bbox 1876 3558 2086 3615; x_wconf 80' lang='lat' dir='ltr'><strong>Revera</strong></span> 
     </span>
    </p>
   </div>
   <div class='ocr_carea' id='block_1_67' title="bbox 502 3648 2085 3727">
    <p class='ocr_par' dir='ltr' id='par_1_67' title="bbox 502 3648 2085 3727">
     <span class='ocr_line' id='line_1_67' title="bbox 502 3648 2085 3727; baseline -0.001 -20"><span class='ocrx_word' id='word_1_495' title='bbox 502 3653 647 3707; x_wconf 90' lang='lat' dir='ltr'><strong>enim</strong></span> <span class='ocrx_word' id='word_1_496' title='bbox 684 3667 784 3706; x_wconf 89' lang='lat' dir='ltr'><strong>nec</strong></span> <span class='ocrx_word' id='word_1_497' title='bbox 817 3651 976 3707; x_wconf 89' lang='lat' dir='ltr'><strong>debet</strong></span> <span class='ocrx_word' id='word_1_498' title='bbox 1024 3648 1168 3704; x_wconf 89' lang='lat' dir='ltr'><strong>aliud</strong></span> <span class='ocrx_word' id='word_1_499' title='bbox 1213 3649 1506 3720; x_wconf 88' lang='lat' dir='ltr'><strong>quidquam</strong></span> <span class='ocrx_word' id='word_1_500' title='bbox 1556 3649 1852 3721; x_wconf 86' lang='lat' dir='ltr'><strong>procedere</strong></span> <span class='ocrx_word' id='word_1_501' title='bbox 1890 3650 1958 3705; x_wconf 90' lang='lat' dir='ltr'><strong>de</strong></span> <span class='ocrx_word' id='word_1_502' title='bbox 1990 3665 2085 3727; x_wconf 86' lang='lat' dir='ltr'><strong>ore</strong></span> 
     </span>
    </p>
   </div>
   <div class='ocr_carea' id='block_1_68' title="bbox 497 3738 2086 3811">
    <p class='ocr_par' dir='ltr' id='par_1_68' title="bbox 497 3738 2086 3811">
     <span class='ocr_line' id='line_1_68' title="bbox 497 3738 2086 3811; baseline -0.002 -13"><span class='ocrx_word' id='word_1_503' title='bbox 497 3743 652 3811; x_wconf 83' lang='lat' dir='ltr'><strong>justi,</strong></span> <span class='ocrx_word' id='word_1_504' title='bbox 683 3742 787 3796; x_wconf 88' lang='lat' dir='ltr'><strong>nisi</strong></span> <span class='ocrx_word' id='word_1_505' title='bbox 827 3740 1118 3810; x_wconf 86' lang='lat' dir='ltr'><strong>sapientia.</strong></span> <span class='ocrx_word' id='word_1_506' title='bbox 1150 3738 1308 3795; x_wconf 86' lang='lat' dir='ltr'><strong>Unde</strong></span> <span class='ocrx_word' id='word_1_507' title='bbox 1345 3748 1400 3795; x_wconf 90' lang='lat' dir='ltr'><strong>et</strong></span> <span class='ocrx_word' id='word_1_508' title='bbox 1437 3755 1534 3796; x_wconf 91' lang='lat' dir='ltr'><strong>vos</strong></span> <span class='ocrx_word' id='word_1_509' title='bbox 1567 3740 1932 3809; x_wconf 87' lang='lat' dir='ltr'><strong>imperitiores</strong></span> <span class='ocrx_word' id='word_1_510' title='bbox 1966 3741 2086 3810; x_wconf 93' lang='lat' dir='ltr'><strong>qui-</strong></span> 
     </span>
    </p>
   </div>
   <div class='ocr_carea' id='block_1_69' title="bbox 503 3830 2085 3908">
    <p class='ocr_par' dir='ltr' id='par_1_69' title="bbox 503 3830 2085 3908">
     <span class='ocr_line' id='line_1_69' title="bbox 503 3830 2085 3908; baseline -0.001 -18"><span class='ocrx_word' id='word_1_511' title='bbox 503 3850 610 3908; x_wconf 82' lang='lat' dir='ltr'><strong>que</strong></span> <span class='ocrx_word' id='word_1_512' title='bbox 661 3834 860 3889; x_wconf 89' lang='lat' dir='ltr'><strong>fratres</strong></span> <span class='ocrx_word' id='word_1_513' title='bbox 908 3833 1188 3888; x_wconf 87' lang='lat' dir='ltr'><strong>audientes</strong></span> <span class='ocrx_word' id='word_1_514' title='bbox 1236 3847 1544 3887; x_wconf 89' lang='lat' dir='ltr'><strong>sermonem</strong></span> <span class='ocrx_word' id='word_1_515' title='bbox 1592 3830 1910 3902; x_wconf 84' lang='lat' dir='ltr'><strong>PrOpbeta,</strong></span> <span class='ocrx_word' id='word_1_516' title='bbox 1962 3832 2085 3888; x_wconf 89' lang='lat' dir='ltr'><strong>date</strong></span> 
     </span>
    </p>
   </div>
   <div class='ocr_carea' id='block_1_70' title="bbox 500 3922 2080 3994">
    <p class='ocr_par' dir='ltr' id='par_1_70' title="bbox 500 3922 2080 3994">
     <span class='ocr_line' id='line_1_70' title="bbox 500 3922 2080 3994; baseline -0.005 -9"><span class='ocrx_word' id='word_1_517' title='bbox 500 3928 739 3985; x_wconf 89' lang='lat' dir='ltr'><strong>studium</strong></span> <span class='ocrx_word' id='word_1_518' title='bbox 767 3935 824 3983; x_wconf 90' lang='lat' dir='ltr'><strong>et</strong></span> <span class='ocrx_word' id='word_1_519' title='bbox 858 3924 1196 3982; x_wconf 85' lang='lat' dir='ltr'><strong>meditamini</strong></span> <span class='ocrx_word' id='word_1_520' title='bbox 1223 3938 1345 3980; x_wconf 89' lang='lat' dir='ltr'><strong>cum</strong></span> <span class='ocrx_word' id='word_1_521' title='bbox 1379 3922 1606 3993; x_wconf 85' lang='lat' dir='ltr'><strong>justitia</strong></span> <span class='ocrx_word' id='word_1_522' title='bbox 1634 3924 1888 3994; x_wconf 91' lang='lat' dir='ltr'><strong>operibus</strong></span> <span class='ocrx_word' id='word_1_523' title='bbox 1917 3924 2080 3979; x_wconf 90' lang='lat' dir='ltr'><strong>etiam</strong></span> 
     </span>
    </p>
   </div>
   <div class='ocr_carea' id='block_1_71' title="bbox 500 4017 2080 4089">
    <p class='ocr_par' dir='ltr' id='par_1_71' title="bbox 500 4017 2080 4089">
     <span class='ocr_line' id='line_1_71' title="bbox 500 4017 2080 4089; baseline -0.001 -14"><span class='ocrx_word' id='word_1_524' title='bbox 500 4022 568 4077; x_wconf 90' lang='lat' dir='ltr'><strong>de</strong></span> <span class='ocrx_word' id='word_1_525' title='bbox 602 4035 698 4075; x_wconf 89' lang='lat' dir='ltr'><strong>ore</strong></span> <span class='ocrx_word' id='word_1_526' title='bbox 730 4030 908 4075; x_wconf 89' lang='lat' dir='ltr'><strong>vestro</strong></span> <span class='ocrx_word' id='word_1_527' title='bbox 955 4017 1201 4089; x_wconf 88' lang='lat' dir='ltr'><strong>proferre</strong></span> <span class='ocrx_word' id='word_1_528' title='bbox 1238 4033 1549 4074; x_wconf 89' lang='lat' dir='ltr'><strong>sermonem</strong></span> <span class='ocrx_word' id='word_1_529' title='bbox 1598 4017 1900 4087; x_wconf 90' lang='lat' dir='ltr'><strong>sapientia.</strong></span> <span class='ocrx_word' id='word_1_530' title='bbox 1928 4018 2080 4085; x_wconf 84' lang='lat' dir='ltr'><strong>Quod</strong></span> 
     </span>
    </p>
   </div>
   <div class='ocr_carea' id='block_1_72' title="bbox 499 4109 2078 4178">
    <p class='ocr_par' dir='ltr' id='par_1_72' title="bbox 499 4109 2078 4178">
     <span class='ocr_line' id='line_1_72' title="bbox 499 4109 2078 4178; baseline -0.002 -11"><span class='ocrx_word' id='word_1_531' title='bbox 499 4125 569 4167; x_wconf 88' lang='lat' dir='ltr'><strong>ne</strong></span> <span class='ocrx_word' id='word_1_532' title='bbox 595 4110 808 4167; x_wconf 77' lang='lat' dir='ltr'><strong>difﬁcile</strong></span> <span class='ocrx_word' id='word_1_533' title='bbox 842 4110 995 4165; x_wconf 82' lang='lat' dir='ltr'><strong>vobis</strong></span> <span class='ocrx_word' id='word_1_534' title='bbox 1027 4110 1276 4163; x_wconf 89' lang='lat' dir='ltr'><strong>videatur</strong></span> <span class='ocrx_word' id='word_1_535' title='bbox 1327 4118 1679 4178; x_wconf 82' lang='lat' dir='ltr'><strong>praceptum,</strong></span> <span class='ocrx_word' id='word_1_536' title='bbox 1714 4109 1935 4164; x_wconf 88' lang='lat' dir='ltr'><strong>brevem</strong></span> <span class='ocrx_word' id='word_1_537' title='bbox 1982 4124 2078 4164; x_wconf 82' lang='lat' dir='ltr'><strong>vo-</strong></span> 
     </span>
    </p>
   </div>
   <div class='ocr_carea' id='block_1_73' title="bbox 498 4198 2078 4272">
    <p class='ocr_par' dir='ltr' id='par_1_73' title="bbox 498 4198 2078 4272">
     <span class='ocr_line' id='line_1_73' title="bbox 498 4198 2078 4272; baseline -0.004 -15"><span class='ocrx_word' id='word_1_538' title='bbox 498 4203 582 4259; x_wconf 89' lang='lat' dir='ltr'><strong>bis</strong></span> <span class='ocrx_word' id='word_1_539' title='bbox 624 4202 898 4272; x_wconf 81' lang='lat' dir='ltr'><strong>sapientia</strong></span> <span class='ocrx_word' id='word_1_540' title='bbox 948 4199 1234 4255; x_wconf 85' lang='lat' dir='ltr'><strong>insinuabo</strong></span> <span class='ocrx_word' id='word_1_541' title='bbox 1285 4212 1615 4254; x_wconf 87' lang='lat' dir='ltr'><strong>sermonem.</strong></span> <span class='ocrx_word' id='word_1_542' title='bbox 1656 4198 1949 4267; x_wconf 85' lang='lat' dir='ltr'><strong>Apostolus</strong></span> <span class='ocrx_word' id='word_1_543' title='bbox 1980 4200 2078 4263; x_wconf 90' lang='lat' dir='ltr'><strong>ait,</strong></span> 
     </span>
    </p>
   </div>
   <div class='ocr_carea' id='block_1_74' title="bbox 497 4290 2078 4365">
    <p class='ocr_par' dir='ltr' id='par_1_74' title="bbox 497 4290 2078 4365">
     <span class='ocr_line' id='line_1_74' title="bbox 497 4290 2078 4365; baseline -0.003 -16"><span class='ocrx_word' id='word_1_544' title='bbox 497 4295 625 4365; x_wconf 89' lang='lat' dir='ltr'><strong>quia</strong></span> <span class='ocrx_word' id='word_1_545' title='bbox 662 4293 908 4348; x_wconf 89' lang='lat' dir='ltr'><strong>Christus</strong></span> <span class='ocrx_word' id='word_1_546' title='bbox 941 4290 1032 4347; x_wconf 91' lang='lat' dir='ltr'><strong>Dei</strong></span> <span class='ocrx_word' id='word_1_547' title='bbox 1061 4300 1146 4347; x_wconf 92' lang='lat' dir='ltr'><strong>est</strong></span> <span class='ocrx_word' id='word_1_548' title='bbox 1174 4290 1348 4345; x_wconf 90' lang='lat' dir='ltr'><strong>virtus</strong></span> <span class='ocrx_word' id='word_1_549' title='bbox 1385 4300 1441 4345; x_wconf 91' lang='lat' dir='ltr'><strong>et</strong></span> <span class='ocrx_word' id='word_1_550' title='bbox 1478 4290 1575 4345; x_wconf 90' lang='lat' dir='ltr'><strong>Dei</strong></span> <span class='ocrx_word' id='word_1_551' title='bbox 1621 4290 1890 4359; x_wconf 85' lang='lat' dir='ltr'><strong>sapientia</strong></span> <span class='ocrx_word' id='word_1_552' title='bbox 1917 4290 1983 4345; x_wconf 81' lang='lat'><strong>“.</strong></span> <span class='ocrx_word' id='word_1_553' title='bbox 2021 4290 2078 4345; x_wconf 93' lang='lat' dir='ltr'><strong>Si</strong></span> 
     </span>
    </p>
   </div>
   <div class='ocr_carea' id='block_1_75' title="bbox 497 4379 2080 4453">
    <p class='ocr_par' dir='ltr' id='par_1_75' title="bbox 497 4379 2080 4453">
     <span class='ocr_line' id='line_1_75' title="bbox 497 4379 2080 4453; baseline -0.003 -12"><span class='ocrx_word' id='word_1_554' title='bbox 497 4387 662 4451; x_wconf 74' lang='lat' dir='ltr'><strong>igitur</strong></span> <span class='ocrx_word' id='word_1_555' title='bbox 685 4385 959 4441; x_wconf 90' lang='lat' dir='ltr'><strong>Christum</strong></span> <span class='ocrx_word' id='word_1_556' title='bbox 993 4397 1207 4453; x_wconf 89' lang='lat' dir='ltr'><strong>semper</strong></span> <span class='ocrx_word' id='word_1_557' title='bbox 1239 4381 1561 4452; x_wconf 89' lang='lat' dir='ltr'><strong>loquamini,</strong></span> <span class='ocrx_word' id='word_1_558' title='bbox 1608 4380 1655 4436; x_wconf 88' lang='lat' dir='ltr'><strong>si</strong></span> <span class='ocrx_word' id='word_1_559' title='bbox 1703 4394 1920 4451; x_wconf 89' lang='lat' dir='ltr'><strong>semper</strong></span> <span class='ocrx_word' id='word_1_560' title='bbox 1962 4379 2080 4448; x_wconf 85' lang='lat' dir='ltr'><strong>ejus</strong></span> 
     </span>
    </p>
   </div>
   <div class='ocr_carea' id='block_1_76' title="bbox 496 4471 2076 4543">
    <p class='ocr_par' dir='ltr' id='par_1_76' title="bbox 496 4471 2076 4543">
     <span class='ocr_line' id='line_1_76' title="bbox 496 4471 2076 4543; baseline -0.003 -13"><span class='ocrx_word' id='word_1_561' title='bbox 496 4477 660 4532; x_wconf 76' lang='lat' dir='ltr'><strong>verba</strong></span> <span class='ocrx_word' id='word_1_562' title='bbox 689 4474 1044 4540; x_wconf 89' lang='lat' dir='ltr'><strong>meditemini,</strong></span> <span class='ocrx_word' id='word_1_563' title='bbox 1076 4473 1119 4528; x_wconf 89' lang='lat' dir='ltr'><strong>si</strong></span> <span class='ocrx_word' id='word_1_564' title='bbox 1155 4481 1420 4543; x_wconf 75' lang='lat' dir='ltr'><strong>praecepta</strong></span> <span class='ocrx_word' id='word_1_565' title='bbox 1452 4472 1574 4539; x_wconf 80' lang='lat' dir='ltr'><strong>ejus</strong></span> <span class='ocrx_word' id='word_1_566' title='bbox 1611 4471 1663 4525; x_wconf 92' lang='lat' dir='ltr'><strong>in</strong></span> <span class='ocrx_word' id='word_1_567' title='bbox 1700 4484 1797 4526; x_wconf 90' lang='lat' dir='ltr'><strong>ore</strong></span> <span class='ocrx_word' id='word_1_568' title='bbox 1828 4471 2076 4537; x_wconf 89' lang='lat' dir='ltr'><strong>teneatis,</strong></span> 
     </span>
    </p>
   </div>
   <div class='ocr_carea' id='block_1_77' title="bbox 2188 3297 3767 3371">
    <p class='ocr_par' dir='ltr' id='par_1_77' title="bbox 2188 3297 3767 3371">
     <span class='ocr_line' id='line_1_77' title="bbox 2188 3297 3767 3371; baseline 0.001 -18"><span class='ocrx_word' id='word_1_569' title='bbox 2188 3311 2371 3353; x_wconf 88' lang='lat' dir='ltr'><strong>rerum</strong></span> <span class='ocrx_word' id='word_1_570' title='bbox 2424 3297 2650 3353; x_wconf 89' lang='lat' dir='ltr'><strong>scientia</strong></span> <span class='ocrx_word' id='word_1_571' title='bbox 2698 3302 3049 3371; x_wconf 89' lang='lat' dir='ltr'><strong>peregrinus;</strong></span> <span class='ocrx_word' id='word_1_572' title='bbox 3107 3316 3297 3356; x_wconf 91' lang='lat' dir='ltr'><strong>omnes</strong></span> <span class='ocrx_word' id='word_1_573' title='bbox 3346 3300 3665 3365; x_wconf 88' lang='lat' dir='ltr'><strong>elIiciemur,</strong></span> <span class='ocrx_word' id='word_1_574' title='bbox 3722 3302 3767 3354; x_wconf 88' lang='lat' dir='ltr'><strong>si</strong></span> 
     </span>
    </p>
   </div>
   <div class='ocr_carea' id='block_1_78' title="bbox 2189 3391 3769 3462">
    <p class='ocr_par' dir='ltr' id='par_1_78' title="bbox 2189 3391 3769 3462">
     <span class='ocr_line' id='line_1_78' title="bbox 2189 3391 3769 3462; baseline 0.001 -19"><span class='ocrx_word' id='word_1_575' title='bbox 2189 3397 2370 3445; x_wconf 86' lang='lat' dir='ltr'><strong>tamen</strong></span> <span class='ocrx_word' id='word_1_576' title='bbox 2404 3392 2757 3459; x_wconf 90' lang='lat' dir='ltr'><strong>merebimur,</strong></span> <span class='ocrx_word' id='word_1_577' title='bbox 2796 3391 3048 3461; x_wconf 89' lang='lat' dir='ltr'><strong>discipuli</strong></span> <span class='ocrx_word' id='word_1_578' title='bbox 3085 3392 3385 3462; x_wconf 88' lang='lat' dir='ltr'><strong>sapientia.</strong></span> <span class='ocrx_word' id='word_1_579' title='bbox 3420 3393 3476 3446; x_wconf 89' lang='lat' dir='ltr'><strong>Si</strong></span> <span class='ocrx_word' id='word_1_580' title='bbox 3528 3393 3649 3462; x_wconf 91' lang='lat' dir='ltr'><strong>quis</strong></span> <span class='ocrx_word' id='word_1_581' title='bbox 3681 3391 3769 3445; x_wconf 88' lang='lat' dir='ltr'><strong>hic</strong></span> 
     </span>
    </p>
   </div>
   <div class='ocr_carea' id='block_1_79' title="bbox 2185 3479 3765 3552">
    <p class='ocr_par' dir='ltr' id='par_1_79' title="bbox 2185 3479 3765 3552">
     <span class='ocr_line' id='line_1_79' title="bbox 2185 3479 3765 3552; baseline 0.001 -18"><span class='ocrx_word' id='word_1_582' title='bbox 2185 3479 2397 3549; x_wconf 80' lang='lat' dir='ltr'><strong>poSitus</strong></span> <span class='ocrx_word' id='word_1_583' title='bbox 2449 3480 2715 3536; x_wconf 82' lang='lat' dir='ltr'><strong>imbuitur</strong></span> <span class='ocrx_word' id='word_1_584' title='bbox 2762 3491 2818 3536; x_wconf 88' lang='lat' dir='ltr'><strong>et</strong></span> <span class='ocrx_word' id='word_1_585' title='bbox 2865 3482 3154 3538; x_wconf 86' lang='lat' dir='ltr'><strong>instruitur</strong></span> <span class='ocrx_word' id='word_1_586' title='bbox 3194 3482 3249 3539; x_wconf 92' lang='lat' dir='ltr'><strong>in</strong></span> <span class='ocrx_word' id='word_1_587' title='bbox 3299 3482 3383 3538; x_wconf 87' lang='lat' dir='ltr'><strong>his</strong></span> <span class='ocrx_word' id='word_1_588' title='bbox 3427 3499 3546 3551; x_wconf 84' lang='lat' dir='ltr'><strong>qua</strong></span> <span class='ocrx_word' id='word_1_589' title='bbox 3594 3485 3765 3552; x_wconf 90' lang='lat' dir='ltr'><strong>potuit</strong></span> 
     </span>
    </p>
   </div>
   <div class='ocr_carea' id='block_1_80' title="bbox 2188 3568 3761 3642">
    <p class='ocr_par' dir='ltr' id='par_1_80' title="bbox 2188 3568 3761 3642">
     <span class='ocr_line' id='line_1_80' title="bbox 2188 3568 3761 3642; baseline 0.003 -19"><span class='ocrx_word' id='word_1_590' title='bbox 2188 3568 2243 3623; x_wconf 86' lang='lat' dir='ltr'><strong>ir.</strong></span> <span class='ocrx_word' id='word_1_591' title='bbox 2289 3584 2455 3624; x_wconf 90' lang='lat' dir='ltr'><strong>carne</strong></span> <span class='ocrx_word' id='word_1_592' title='bbox 2503 3570 2712 3638; x_wconf 90' lang='lat' dir='ltr'><strong>positus</strong></span> <span class='ocrx_word' id='word_1_593' title='bbox 2759 3572 3049 3642; x_wconf 87' lang='lat' dir='ltr'><strong>attingere,</strong></span> <span class='ocrx_word' id='word_1_594' title='bbox 3091 3573 3164 3629; x_wconf 90' lang='lat' dir='ltr'><strong>ibi</strong></span> <span class='ocrx_word' id='word_1_595' title='bbox 3210 3572 3319 3641; x_wconf 91' lang='lat' dir='ltr'><strong>jam</strong></span> <span class='ocrx_word' id='word_1_596' title='bbox 3379 3573 3761 3627; x_wconf 86' lang='lat' dir='ltr'><strong>illuminabitur</strong></span> 
     </span>
    </p>
   </div>
   <div class='ocr_carea' id='block_1_81' title="bbox 2185 3658 3765 3734">
    <p class='ocr_par' dir='ltr' id='par_1_81' title="bbox 2185 3658 3765 3734">
     <span class='ocr_line' id='line_1_81' title="bbox 2185 3658 3765 3734; baseline 0.004 -21"><span class='ocrx_word' id='word_1_597' title='bbox 2185 3658 2601 3728; x_wconf 86' lang='lat' dir='ltr'><strong>perfectioribus</strong></span> <span class='ocrx_word' id='word_1_598' title='bbox 2631 3661 2957 3732; x_wconf 88' lang='lat' dir='ltr'><strong>disciplinis,</strong></span> <span class='ocrx_word' id='word_1_599' title='bbox 3008 3672 3064 3718; x_wconf 89' lang='lat' dir='ltr'><strong>et</strong></span> <span class='ocrx_word' id='word_1_600' title='bbox 3110 3678 3171 3719; x_wconf 91' lang='lat' dir='ltr'><strong>ea</strong></span> <span class='ocrx_word' id='word_1_601' title='bbox 3221 3679 3341 3734; x_wconf 87' lang='lat' dir='ltr'><strong>qua</strong></span> <span class='ocrx_word' id='word_1_602' title='bbox 3372 3664 3460 3720; x_wconf 86' lang='lat' dir='ltr'><strong>hic</strong></span> <span class='ocrx_word' id='word_1_603' title='bbox 3494 3665 3673 3720; x_wconf 87' lang='lat' dir='ltr'><strong>studio</strong></span> <span class='ocrx_word' id='word_1_604' title='bbox 3702 3681 3765 3720; x_wconf 86' lang='lat' dir='ltr'><strong>ac</strong></span> 
     </span>
    </p>
   </div>
   <div class='ocr_carea' id='block_1_82' title="bbox 2185 3747 3763 3824">
    <p class='ocr_par' dir='ltr' id='par_1_82' title="bbox 2185 3747 3763 3824">
     <span class='ocr_line' id='line_1_82' title="bbox 2185 3747 3763 3824; baseline 0.007 -22"><span class='ocrx_word' id='word_1_605' title='bbox 2185 3747 2371 3804; x_wconf 87' lang='lat' dir='ltr'><strong>labore</strong></span> <span class='ocrx_word' id='word_1_606' title='bbox 2402 3750 2627 3819; x_wconf 88' lang='lat' dir='ltr'><strong>quaesita</strong></span> <span class='ocrx_word' id='word_1_607' title='bbox 2657 3760 2803 3820; x_wconf 88' lang='lat' dir='ltr'><strong>sunt,</strong></span> <span class='ocrx_word' id='word_1_608' title='bbox 2854 3752 2920 3807; x_wconf 82' lang='lat' dir='ltr'><strong>ad</strong></span> <span class='ocrx_word' id='word_1_609' title='bbox 2969 3756 3345 3824; x_wconf 90' lang='lat' dir='ltr'><strong>compendium</strong></span> <span class='ocrx_word' id='word_1_610' title='bbox 3390 3756 3587 3812; x_wconf 86' lang='lat' dir='ltr'><strong>futura</strong></span> <span class='ocrx_word' id='word_1_611' title='bbox 3634 3758 3763 3813; x_wconf 89' lang='lat' dir='ltr'><strong>inibi</strong></span> 
     </span>
    </p>
   </div>
   <div class='ocr_carea' id='block_1_83' title="bbox 2187 3840 3766 3912">
    <p class='ocr_par' dir='ltr' id='par_1_83' title="bbox 2187 3840 3766 3912">
     <span class='ocr_line' id='line_1_83' title="bbox 2187 3840 3766 3912; baseline 0.008 -20"><span class='ocrx_word' id='word_1_612' title='bbox 2187 3840 2546 3896; x_wconf 90' lang='lat' dir='ltr'><strong>institutionis</strong></span> <span class='ocrx_word' id='word_1_613' title='bbox 2604 3841 2882 3897; x_wconf 87' lang='lat' dir='ltr'><strong>accedent.</strong></span> <span class='ocrx_word' id='word_1_614' title='bbox 2926 3843 3029 3912; x_wconf 85' lang='lat' dir='ltr'><strong>Qui</strong></span> <span class='ocrx_word' id='word_1_615' title='bbox 3074 3861 3204 3901; x_wconf 88' lang='lat' dir='ltr'><strong>vero</strong></span> <span class='ocrx_word' id='word_1_616' title='bbox 3252 3846 3344 3902; x_wconf 92' lang='lat' dir='ltr'><strong>hic</strong></span> <span class='ocrx_word' id='word_1_617' title='bbox 3388 3850 3623 3902; x_wconf 90' lang='lat' dir='ltr'><strong>nondum</strong></span> <span class='ocrx_word' id='word_1_618' title='bbox 3673 3853 3766 3905; x_wconf 88' lang='lat' dir='ltr'><strong>de-</strong></span> 
     </span>
    </p>
   </div>
   <div class='ocr_carea' id='block_1_84' title="bbox 2184 3933 3762 4010">
    <p class='ocr_par' dir='ltr' id='par_1_84' title="bbox 2184 3933 3762 4010">
     <span class='ocr_line' id='line_1_84' title="bbox 2184 3933 3762 4010; baseline 0.006 -23"><span class='ocrx_word' id='word_1_619' title='bbox 2184 3933 2364 4002; x_wconf 90' lang='lat' dir='ltr'><strong>posuit</strong></span> <span class='ocrx_word' id='word_1_620' title='bbox 2394 3934 2568 4004; x_wconf 90' lang='lat' dir='ltr'><strong>prima</strong></span> <span class='ocrx_word' id='word_1_621' title='bbox 2602 3936 2927 4002; x_wconf 89' lang='lat' dir='ltr'><strong>rudimenta,</strong></span> <span class='ocrx_word' id='word_1_622' title='bbox 2963 3938 3057 3993; x_wconf 92' lang='lat' dir='ltr'><strong>sed</strong></span> <span class='ocrx_word' id='word_1_623' title='bbox 3102 3938 3279 3994; x_wconf 90' lang='lat' dir='ltr'><strong>adhuc</strong></span> <span class='ocrx_word' id='word_1_624' title='bbox 3309 3947 3368 3993; x_wconf 93' lang='lat' dir='ltr'><strong>ut</strong></span> <span class='ocrx_word' id='word_1_625' title='bbox 3397 3941 3652 4010; x_wconf 89' lang='lat' dir='ltr'><strong>parvulus</strong></span> <span class='ocrx_word' id='word_1_626' title='bbox 3680 3941 3762 3996; x_wconf 91' lang='lat' dir='ltr'><strong>lo-</strong></span> 
     </span>
    </p>
   </div>
   <div class='ocr_carea' id='block_1_85' title="bbox 2185 4024 3765 4098">
    <p class='ocr_par' dir='ltr' id='par_1_85' title="bbox 2185 4024 3765 4098">
     <span class='ocr_line' id='line_1_85' title="bbox 2185 4024 3765 4098; baseline 0.006 -22"><span class='ocrx_word' id='word_1_627' title='bbox 2185 4024 2369 4092; x_wconf 85' lang='lat' dir='ltr'><strong>quitur</strong></span> <span class='ocrx_word' id='word_1_628' title='bbox 2418 4032 2473 4079; x_wconf 90' lang='lat' dir='ltr'><strong>et</strong></span> <span class='ocrx_word' id='word_1_629' title='bbox 2501 4036 2558 4080; x_wconf 91' lang='lat' dir='ltr'><strong>ut</strong></span> <span class='ocrx_word' id='word_1_630' title='bbox 2588 4027 2843 4096; x_wconf 91' lang='lat' dir='ltr'><strong>parvulus</strong></span> <span class='ocrx_word' id='word_1_631' title='bbox 2874 4028 3037 4098; x_wconf 85' lang='lat' dir='ltr'><strong>sapit,</strong></span> <span class='ocrx_word' id='word_1_632' title='bbox 3074 4030 3234 4085; x_wconf 91' lang='lat' dir='ltr'><strong>etiam</strong></span> <span class='ocrx_word' id='word_1_633' title='bbox 3273 4029 3345 4084; x_wconf 90' lang='lat' dir='ltr'><strong>ibi</strong></span> <span class='ocrx_word' id='word_1_634' title='bbox 3375 4030 3678 4085; x_wconf 88' lang='lat' dir='ltr'><strong>instituitur</strong></span> <span class='ocrx_word' id='word_1_635' title='bbox 3709 4042 3765 4086; x_wconf 91' lang='lat' dir='ltr'><strong>ut</strong></span> 
     </span>
    </p>
   </div>
   <div class='ocr_carea' id='block_1_86' title="bbox 2183 4116 3760 4192">
    <p class='ocr_par' dir='ltr' id='par_1_86' title="bbox 2183 4116 3760 4192">
     <span class='ocr_line' id='line_1_86' title="bbox 2183 4116 3760 4192; baseline 0.008 -25"><span class='ocrx_word' id='word_1_636' title='bbox 2183 4117 2463 4184; x_wconf 86' lang='lat' dir='ltr'><strong>parvulus,</strong></span> <span class='ocrx_word' id='word_1_637' title='bbox 2493 4130 2599 4186; x_wconf 91' lang='lat' dir='ltr'><strong>quo</strong></span> <span class='ocrx_word' id='word_1_638' title='bbox 2644 4116 2868 4174; x_wconf 74' lang='lat' dir='ltr'><strong>effectus</strong></span> <span class='ocrx_word' id='word_1_639' title='bbox 2900 4119 3189 4188; x_wconf 90' lang='lat' dir='ltr'><strong>aliquando</strong></span> <span class='ocrx_word' id='word_1_640' title='bbox 3223 4121 3306 4176; x_wconf 94' lang='lat' dir='ltr'><strong>vir</strong></span> <span class='ocrx_word' id='word_1_641' title='bbox 3332 4136 3431 4192; x_wconf 88' lang='lat' dir='ltr'><strong>per</strong></span> <span class='ocrx_word' id='word_1_642' title='bbox 3458 4121 3760 4192; x_wconf 79' lang='lat' dir='ltr'><strong>profectu&#39;n</strong></span> 
     </span>
    </p>
   </div>
   <div class='ocr_carea' id='block_1_87' title="bbox 2182 4208 3761 4283">
    <p class='ocr_par' dir='ltr' id='par_1_87' title="bbox 2182 4208 3761 4283">
     <span class='ocr_line' id='line_1_87' title="bbox 2182 4208 3761 4283; baseline 0.003 -21"><span class='ocrx_word' id='word_1_643' title='bbox 2182 4208 2462 4276; x_wconf 89' lang='lat' dir='ltr'><strong>sapientia</strong></span> <span class='ocrx_word' id='word_1_644' title='bbox 2497 4223 2615 4278; x_wconf 87' lang='lat' dir='ltr'><strong>qua</strong></span> <span class='ocrx_word' id='word_1_645' title='bbox 2643 4210 2851 4280; x_wconf 86' lang='lat' dir='ltr'><strong>parvuli</strong></span> <span class='ocrx_word' id='word_1_646' title='bbox 2899 4222 3026 4266; x_wconf 90' lang='lat' dir='ltr'><strong>sunt</strong></span> <span class='ocrx_word' id='word_1_647' title='bbox 3070 4214 3329 4283; x_wconf 90' lang='lat' dir='ltr'><strong>deponat.</strong></span> <span class='ocrx_word' id='word_1_648' title='bbox 3372 4213 3479 4267; x_wconf 83' lang='lat' dir='ltr'><strong>Ant</strong></span> <span class='ocrx_word' id='word_1_649' title='bbox 3514 4229 3620 4269; x_wconf 90' lang='lat' dir='ltr'><strong>non</strong></span> <span class='ocrx_word' id='word_1_650' title='bbox 3656 4219 3761 4268; x_wconf 81' lang='lat' dir='ltr'><strong>tale</strong></span> 
     </span>
    </p>
   </div>
   <div class='ocr_carea' id='block_1_88' title="bbox 2183 4297 3760 4374">
    <p class='ocr_par' dir='ltr' id='par_1_88' title="bbox 2183 4297 3760 4374">
     <span class='ocr_line' id='line_1_88' title="bbox 2183 4297 3760 4374; baseline 0.004 -21"><span class='ocrx_word' id='word_1_651' title='bbox 2183 4297 2409 4368; x_wconf 88' lang='lat' dir='ltr'><strong>aliquid,</strong></span> <span class='ocrx_word' id='word_1_652' title='bbox 2443 4300 2488 4355; x_wconf 90' lang='lat' dir='ltr'><strong>si</strong></span> <span class='ocrx_word' id='word_1_653' title='bbox 2523 4300 2841 4370; x_wconf 90' lang='lat' dir='ltr'><strong>spiritaliter</strong></span> <span class='ocrx_word' id='word_1_654' title='bbox 2887 4303 3242 4374; x_wconf 87' lang='lat' dir='ltr'><strong>intelligatur,</strong></span> <span class='ocrx_word' id='word_1_655' title='bbox 3285 4304 3447 4358; x_wconf 88' lang='lat' dir='ltr'><strong>etiam</strong></span> <span class='ocrx_word' id='word_1_656' title='bbox 3495 4304 3582 4359; x_wconf 88' lang='lat' dir='ltr'><strong>lex</strong></span> <span class='ocrx_word' id='word_1_657' title='bbox 3617 4305 3760 4360; x_wconf 87' lang='lat' dir='ltr'><strong>desi-</strong></span> 
     </span>
    </p>
   </div>
   <div class='ocr_carea' id='block_1_89' title="bbox 2180 4390 3758 4463">
    <p class='ocr_par' dir='ltr' id='par_1_89' title="bbox 2180 4390 3758 4463">
     <span class='ocr_line' id='line_1_89' title="bbox 2180 4390 3758 4463; baseline 0.005 -21"><span class='ocrx_word' id='word_1_658' title='bbox 2180 4398 2334 4460; x_wconf 90' lang='lat' dir='ltr'><strong>gnat,</strong></span> <span class='ocrx_word' id='word_1_659' title='bbox 2357 4405 2479 4444; x_wconf 90' lang='lat' dir='ltr'><strong>cum</strong></span> <span class='ocrx_word' id='word_1_660' title='bbox 2507 4390 2637 4446; x_wconf 92' lang='lat' dir='ltr'><strong>dicit</strong></span> <span class='ocrx_word' id='word_1_661' title='bbox 2669 4391 2752 4447; x_wconf 73' lang='lat' dir='ltr'><strong>“z</strong></span> <span class='ocrx_word' id='word_1_662' title='bbox 2783 4393 3033 4463; x_wconf 86' lang='lat' dir='ltr'><strong>Loqueris</strong></span> <span class='ocrx_word' id='word_1_663' title='bbox 3074 4395 3130 4448; x_wconf 89' lang='lat' dir='ltr'><strong>in</strong></span> <span class='ocrx_word' id='word_1_664' title='bbox 3178 4396 3252 4449; x_wconf 88' lang='lat' dir='ltr'><strong>eis</strong></span> <span class='ocrx_word' id='word_1_665' title='bbox 3295 4397 3479 4449; x_wconf 85' lang='lat' dir='ltr'><strong>sedens</strong></span> <span class='ocrx_word' id='word_1_666' title='bbox 3517 4397 3681 4461; x_wconf 85' lang='lat' dir='ltr'><strong>domi,</strong></span> <span class='ocrx_word' id='word_1_667' title='bbox 3709 4407 3758 4450; x_wconf 83' lang='lat' dir='ltr'><strong>et</strong></span> 
     </span>
    </p>
   </div>
   <div class='ocr_carea' id='block_1_90' title="bbox 2180 4482 3757 4555">
    <p class='ocr_par' dir='ltr' id='par_1_90' title="bbox 2180 4482 3757 4555">
     <span class='ocr_line' id='line_1_90' title="bbox 2180 4482 3757 4555; baseline 0.004 -22"><span class='ocrx_word' id='word_1_668' title='bbox 2180 4496 2398 4551; x_wconf 84' lang='lat' dir='ltr'><strong>pergens</strong></span> <span class='ocrx_word' id='word_1_669' title='bbox 2423 4482 2475 4534; x_wconf 90' lang='lat' dir='ltr'><strong>in</strong></span> <span class='ocrx_word' id='word_1_670' title='bbox 2501 4483 2604 4549; x_wconf 85' lang='lat' dir='ltr'><strong>via,</strong></span> <span class='ocrx_word' id='word_1_671' title='bbox 2629 4492 2677 4537; x_wconf 88' lang='lat' dir='ltr'><strong>et</strong></span> <span class='ocrx_word' id='word_1_672' title='bbox 2695 4484 2906 4554; x_wconf 87' lang='lat' dir='ltr'><strong>jacens,</strong></span> <span class='ocrx_word' id='word_1_673' title='bbox 2938 4496 2985 4540; x_wconf 89' lang='lat' dir='ltr'><strong>et</strong></span> <span class='ocrx_word' id='word_1_674' title='bbox 3006 4502 3286 4555; x_wconf 71' lang='lat' dir='ltr'><strong>exsurgens</strong></span> <span class='ocrx_word' id='word_1_675' title='bbox 3304 4486 3330 4539; x_wconf 73' lang='lat'><em>?</em></span> <span class='ocrx_word' id='word_1_676' title='bbox 3356 4485 3507 4550; x_wconf 87' lang='lat' dir='ltr'><strong>Quod</strong></span> <span class='ocrx_word' id='word_1_677' title='bbox 3535 4487 3604 4538; x_wconf 90' lang='lat' dir='ltr'><strong>ita</strong></span> <span class='ocrx_word' id='word_1_678' title='bbox 3630 4502 3757 4555; x_wconf 86' lang='lat' dir='ltr'><strong>pos-</strong></span> 
     </span>
    </p>
   </div>
   <div class='ocr_carea' id='block_1_91' title="bbox 493 4560 3752 4645">
    <p class='ocr_par' dir='ltr' id='par_1_91' title="bbox 493 4560 3752 4645">
     <span class='ocr_line' id='line_1_91' title="bbox 493 4560 3752 4645; baseline 0.003 -24"><span class='ocrx_word' id='word_1_679' title='bbox 493 4567 654 4637; x_wconf 80' lang='lat' dir='ltr'><strong>digne</strong></span> <span class='ocrx_word' id='word_1_680' title='bbox 695 4581 757 4619; x_wconf 91' lang='lat' dir='ltr'><strong>os</strong></span> <span class='ocrx_word' id='word_1_681' title='bbox 802 4572 1043 4618; x_wconf 87' lang='lat' dir='ltr'><strong>vestrum</strong></span> <span class='ocrx_word' id='word_1_682' title='bbox 1093 4562 1443 4617; x_wconf 91' lang='lat' dir='ltr'><strong>meditabitur</strong></span> <span class='ocrx_word' id='word_1_683' title='bbox 1489 4560 1837 4629; x_wconf 87' lang='lat' dir='ltr'><strong>sapientiam.</strong></span> <span class='ocrx_word' id='word_1_684' title='bbox 1888 4560 2075 4631; x_wconf 82' lang='lat' dir='ltr'><strong>Neque</strong></span> <span class='ocrx_word' id='word_1_685' title='bbox 2105 4563 2150 4619; x_wconf 77' lang='grc' dir='ltr'><strong>Β</strong></span> <span class='ocrx_word' id='word_1_686' title='bbox 2180 4586 2365 4627; x_wconf 90' lang='lat' dir='ltr'><strong>sumus</strong></span> <span class='ocrx_word' id='word_1_687' title='bbox 2409 4572 2711 4645; x_wconf 87' lang='lat' dir='ltr'><strong>intelligere</strong></span> <span class='ocrx_word' id='word_1_688' title='bbox 2747 4591 2762 4629; x_wconf 90' lang='lat'><strong>:</strong></span> <span class='ocrx_word' id='word_1_689' title='bbox 2797 4576 3044 4631; x_wconf 87' lang='lat' dir='ltr'><strong>sedentes</strong></span> <span class='ocrx_word' id='word_1_690' title='bbox 3089 4577 3140 4628; x_wconf 90' lang='lat' dir='ltr'><strong>in</strong></span> <span class='ocrx_word' id='word_1_691' title='bbox 3193 4574 3351 4627; x_wconf 90' lang='lat' dir='ltr'><strong>domo</strong></span> <span class='ocrx_word' id='word_1_692' title='bbox 3397 4584 3449 4628; x_wconf 90' lang='lat' dir='ltr'><strong>et</strong></span> <span class='ocrx_word' id='word_1_693' title='bbox 3482 4575 3752 4642; x_wconf 87' lang='lat' dir='ltr'><strong>jacentes.</strong></span> 
     </span>
    </p>
   </div>
   <div class='ocr_carea' id='block_1_92' title="bbox 493 4652 2075 4724">
    <p class='ocr_par' dir='ltr' id='par_1_92' title="bbox 493 4652 2075 4724">
     <span class='ocr_line' id='line_1_92' title="bbox 493 4652 2075 4724; baseline -0.002 -12"><span class='ocrx_word' id='word_1_694' title='bbox 493 4660 638 4713; x_wconf 87' lang='lat' dir='ltr'><strong>enim</strong></span> <span class='ocrx_word' id='word_1_695' title='bbox 670 4658 785 4711; x_wconf 83' lang='lat' dir='ltr'><strong>haec</strong></span> <span class='ocrx_word' id='word_1_696' title='bbox 812 4656 926 4711; x_wconf 90' lang='lat' dir='ltr'><strong>sola</strong></span> <span class='ocrx_word' id='word_1_697' title='bbox 958 4664 1041 4710; x_wconf 91' lang='lat' dir='ltr'><strong>est</strong></span> <span class='ocrx_word' id='word_1_698' title='bbox 1084 4654 1365 4724; x_wconf 89' lang='lat' dir='ltr'><strong>sapientia</strong></span> <span class='ocrx_word' id='word_1_699' title='bbox 1412 4652 1715 4719; x_wconf 89' lang='lat' dir='ltr'><strong>meditatio,</strong></span> <span class='ocrx_word' id='word_1_700' title='bbox 1744 4654 1789 4707; x_wconf 89' lang='lat' dir='ltr'><strong>si</strong></span> <span class='ocrx_word' id='word_1_701' title='bbox 1827 4653 1948 4723; x_wconf 89' lang='lat' dir='ltr'><strong>quis</strong></span> <span class='ocrx_word' id='word_1_702' title='bbox 1975 4654 2075 4709; x_wconf 92' lang='lat' dir='ltr'><strong>do-</strong></span> 
     </span>
    </p>
   </div>
   <div class='ocr_carea' id='block_1_93' title="bbox 494 4743 2074 4818">
    <p class='ocr_par' dir='ltr' id='par_1_93' title="bbox 494 4743 2074 4818">
     <span class='ocr_line' id='line_1_93' title="bbox 494 4743 2074 4818; baseline -0.001 -16"><span class='ocrx_word' id='word_1_703' title='bbox 494 4764 618 4804; x_wconf 88' lang='lat' dir='ltr'><strong>cere</strong></span> <span class='ocrx_word' id='word_1_704' title='bbox 653 4755 852 4818; x_wconf 84' lang='lat' dir='ltr'><strong>potest,</strong></span> <span class='ocrx_word' id='word_1_705' title='bbox 881 4746 964 4801; x_wconf 91' lang='lat' dir='ltr'><strong>vel</strong></span> <span class='ocrx_word' id='word_1_706' title='bbox 1012 4746 1173 4800; x_wconf 88' lang='lat' dir='ltr'><strong>latius</strong></span> <span class='ocrx_word' id='word_1_707' title='bbox 1220 4745 1273 4799; x_wconf 90' lang='lat' dir='ltr'><strong>in</strong></span> <span class='ocrx_word' id='word_1_708' title='bbox 1320 4743 1557 4799; x_wconf 87' lang='lat' dir='ltr'><strong>Ecclesia</strong></span> <span class='ocrx_word' id='word_1_709' title='bbox 1606 4745 1907 4816; x_wconf 87' lang='lat' dir='ltr'><strong>disputare,</strong></span> <span class='ocrx_word' id='word_1_710' title='bbox 1939 4760 2074 4800; x_wconf 85' lang='lat' dir='ltr'><strong>con-</strong></span> 
     </span>
    </p>
   </div>
   <div class='ocr_carea' id='block_1_94' title="bbox 492 4835 2071 4907">
    <p class='ocr_par' dir='ltr' id='par_1_94' title="bbox 492 4835 2071 4907">
     <span class='ocr_line' id='line_1_94' title="bbox 492 4835 2071 4907; baseline -0.001 -13"><span class='ocrx_word' id='word_1_711' title='bbox 492 4839 830 4894; x_wconf 87' lang='lat' dir='ltr'><strong>tradicentes</strong></span> <span class='ocrx_word' id='word_1_712' title='bbox 857 4837 1160 4893; x_wconf 86' lang='lat' dir='ltr'><strong>revincere.</strong></span> <span class='ocrx_word' id='word_1_713' title='bbox 1196 4837 1289 4891; x_wconf 87' lang='lat' dir='ltr'><strong>Est</strong></span> <span class='ocrx_word' id='word_1_714' title='bbox 1318 4836 1535 4907; x_wconf 89' lang='lat' dir='ltr'><strong>quidem</strong></span> <span class='ocrx_word' id='word_1_715' title='bbox 1577 4844 1631 4890; x_wconf 93' lang='lat' dir='ltr'><strong>et</strong></span> <span class='ocrx_word' id='word_1_716' title='bbox 1674 4835 1779 4891; x_wconf 83' lang='lat' dir='ltr'><strong>hoc</strong></span> <span class='ocrx_word' id='word_1_717' title='bbox 1810 4851 1946 4903; x_wconf 92' lang='lat' dir='ltr'><strong>opus</strong></span> <span class='ocrx_word' id='word_1_718' title='bbox 1979 4851 2071 4892; x_wconf 88' lang='lat' dir='ltr'><strong>sa--</strong></span> 
     </span>
    </p>
   </div>
   <div class='ocr_carea' id='block_1_95' title="bbox 494 4929 2068 5004">
    <p class='ocr_par' dir='ltr' id='par_1_95' title="bbox 494 4929 2068 5004">
     <span class='ocr_line' id='line_1_95' title="bbox 494 4929 2068 5004; baseline -0.003 -15"><span class='ocrx_word' id='word_1_719' title='bbox 494 4935 732 5004; x_wconf 84' lang='lat' dir='ltr'><strong>pientia,</strong></span> <span class='ocrx_word' id='word_1_720' title='bbox 765 4933 857 4987; x_wconf 90' lang='lat' dir='ltr'><strong>sed</strong></span> <span class='ocrx_word' id='word_1_721' title='bbox 886 4932 1024 4986; x_wconf 89' lang='lat' dir='ltr'><strong>alius</strong></span> <span class='ocrx_word' id='word_1_722' title='bbox 1074 4931 1336 4999; x_wconf 89' lang='lat' dir='ltr'><strong>amplius,</strong></span> <span class='ocrx_word' id='word_1_723' title='bbox 1385 4929 1524 4984; x_wconf 90' lang='lat' dir='ltr'><strong>alius</strong></span> <span class='ocrx_word' id='word_1_724' title='bbox 1568 4940 1746 4984; x_wconf 90' lang='lat' dir='ltr'><strong>autem</strong></span> <span class='ocrx_word' id='word_1_725' title='bbox 1787 4929 1985 4985; x_wconf 89' lang='lat' dir='ltr'><strong>minus.</strong></span> <span class='ocrx_word' id='word_1_726' title='bbox 2013 4930 2068 4985; x_wconf 90' lang='lat' dir='ltr'><strong>ln</strong></span> 
     </span>
    </p>
   </div>
   <div class='ocr_carea' id='block_1_96' title="bbox 490 5022 2066 5096">
    <p class='ocr_par' dir='ltr' id='par_1_96' title="bbox 490 5022 2066 5096">
     <span class='ocr_line' id='line_1_96' title="bbox 490 5022 2066 5096; baseline -0.001 -15"><span class='ocrx_word' id='word_1_727' title='bbox 490 5027 599 5083; x_wconf 87' lang='lat' dir='ltr'><strong>alio</strong></span> <span class='ocrx_word' id='word_1_728' title='bbox 622 5027 727 5081; x_wconf 90' lang='lat' dir='ltr'><strong>hoc</strong></span> <span class='ocrx_word' id='word_1_729' title='bbox 752 5026 925 5095; x_wconf 91' lang='lat' dir='ltr'><strong>ipsum</strong></span> <span class='ocrx_word' id='word_1_730' title='bbox 959 5024 1101 5092; x_wconf 90' lang='lat' dir='ltr'><strong>quod</strong></span> <span class='ocrx_word' id='word_1_731' title='bbox 1138 5023 1310 5079; x_wconf 87' lang='lat' dir='ltr'><strong>credit</strong></span> <span class='ocrx_word' id='word_1_732' title='bbox 1351 5022 1447 5079; x_wconf 90' lang='lat' dir='ltr'><strong>Dei</strong></span> <span class='ocrx_word' id='word_1_733' title='bbox 1477 5024 1772 5094; x_wconf 81' lang='lat' dir='ltr'><strong>sapientia,</strong></span> <span class='ocrx_word' id='word_1_734' title='bbox 1801 5025 2066 5096; x_wconf 89' lang='lat' dir='ltr'><strong>sapientia</strong></span> 
     </span>
    </p>
   </div>
   <div class='ocr_carea' id='block_1_97' title="bbox 489 5114 2066 5187">
    <p class='ocr_par' dir='ltr' id='par_1_97' title="bbox 489 5114 2066 5187">
     <span class='ocr_line' id='line_1_97' title="bbox 489 5114 2066 5187; baseline -0.001 -15"><span class='ocrx_word' id='word_1_735' title='bbox 489 5126 770 5187; x_wconf 86' lang='lat' dir='ltr'><strong>reputatur</strong></span> <span class='ocrx_word' id='word_1_736' title='bbox 801 5132 814 5169; x_wconf 93' lang='lat'><strong>:</strong></span> <span class='ocrx_word' id='word_1_737' title='bbox 845 5115 899 5169; x_wconf 91' lang='lat' dir='ltr'><strong>in</strong></span> <span class='ocrx_word' id='word_1_738' title='bbox 930 5114 1037 5170; x_wconf 90' lang='lat' dir='ltr'><strong>alio</strong></span> <span class='ocrx_word' id='word_1_739' title='bbox 1066 5124 1121 5170; x_wconf 85' lang='lat' dir='ltr'><strong>et</strong></span> <span class='ocrx_word' id='word_1_740' title='bbox 1160 5115 1261 5171; x_wconf 88' lang='lat' dir='ltr'><strong>hoc</strong></span> <span class='ocrx_word' id='word_1_741' title='bbox 1294 5115 1435 5185; x_wconf 87' lang='lat' dir='ltr'><strong>quod</strong></span> <span class='ocrx_word' id='word_1_742' title='bbox 1473 5115 1764 5186; x_wconf 90' lang='lat' dir='ltr'><strong>acquiescit</strong></span> <span class='ocrx_word' id='word_1_743' title='bbox 1800 5116 2066 5185; x_wconf 87' lang='lat' dir='ltr'><strong>sapienti-</strong></span> 
     </span>
    </p>
   </div>
   <div class='ocr_carea' id='block_1_98' title="bbox 488 5206 2063 5276">
    <p class='ocr_par' dir='ltr' id='par_1_98' title="bbox 488 5206 2063 5276">
     <span class='ocr_line' id='line_1_98' title="bbox 488 5206 2063 5276; baseline -0.001 -14"><span class='ocrx_word' id='word_1_744' title='bbox 488 5207 588 5264; x_wconf 86' lang='lat' dir='ltr'><strong>bus</strong></span> <span class='ocrx_word' id='word_1_745' title='bbox 637 5217 689 5262; x_wconf 89' lang='lat' dir='ltr'><strong>et</strong></span> <span class='ocrx_word' id='word_1_746' title='bbox 736 5215 883 5271; x_wconf 87' lang='lat' dir='ltr'><strong>amat</strong></span> <span class='ocrx_word' id='word_1_747' title='bbox 929 5206 1072 5261; x_wconf 85' lang='lat' dir='ltr'><strong>dicta</strong></span> <span class='ocrx_word' id='word_1_748' title='bbox 1118 5206 1467 5276; x_wconf 86' lang='lat' dir='ltr'><strong>sapientium,</strong></span> <span class='ocrx_word' id='word_1_749' title='bbox 1499 5207 1764 5276; x_wconf 88' lang='lat' dir='ltr'><strong>sapientia</strong></span> <span class='ocrx_word' id='word_1_750' title='bbox 1816 5206 2063 5261; x_wconf 90' lang='lat' dir='ltr'><strong>dicitur:</strong></span> 
     </span>
    </p>
   </div>
   <div class='ocr_carea' id='block_1_99' title="bbox 487 5298 2064 5369">
    <p class='ocr_par' dir='ltr' id='par_1_99' title="bbox 487 5298 2064 5369">
     <span class='ocr_line' id='line_1_99' title="bbox 487 5298 2064 5369; baseline -0.001 -14"><span class='ocrx_word' id='word_1_751' title='bbox 487 5298 758 5356; x_wconf 87' lang='lat' dir='ltr'><strong>nonnullis</strong></span> <span class='ocrx_word' id='word_1_752' title='bbox 790 5313 919 5353; x_wconf 92' lang='lat' dir='ltr'><strong>vero</strong></span> <span class='ocrx_word' id='word_1_753' title='bbox 959 5298 1123 5352; x_wconf 88' lang='lat' dir='ltr'><strong>etiam</strong></span> <span class='ocrx_word' id='word_1_754' title='bbox 1182 5299 1647 5369; x_wconf 79' lang='lat' dir='ltr'><strong>interrogantibus</strong></span> <span class='ocrx_word' id='word_1_755' title='bbox 1689 5299 2064 5353; x_wconf 88' lang='lat' dir='ltr'><strong>tantummodo</strong></span> 
     </span>
    </p>
   </div>
   <div class='ocr_carea' id='block_1_100' title="bbox 485 5386 2066 5459">
    <p class='ocr_par' dir='ltr' id='par_1_100' title="bbox 485 5386 2066 5459">
     <span class='ocr_line' id='line_1_100' title="bbox 485 5386 2066 5459; baseline -0.003 -15"><span class='ocrx_word' id='word_1_756' title='bbox 485 5393 552 5445; x_wconf 85' lang='lat' dir='ltr'><strong>de</strong></span> <span class='ocrx_word' id='word_1_757' title='bbox 574 5389 859 5459; x_wconf 86' lang='lat' dir='ltr'><strong>sapientia,</strong></span> <span class='ocrx_word' id='word_1_758' title='bbox 911 5388 1173 5458; x_wconf 88' lang='lat' dir='ltr'><strong>sapientia</strong></span> <span class='ocrx_word' id='word_1_759' title='bbox 1225 5398 1528 5459; x_wconf 89' lang='lat' dir='ltr'><strong>reputatur.</strong></span> <span class='ocrx_word' id='word_1_760' title='bbox 1563 5386 1697 5442; x_wconf 84' lang='lat' dir='ltr'><strong>illud</strong></span> <span class='ocrx_word' id='word_1_761' title='bbox 1740 5386 1914 5440; x_wconf 90' lang='lat' dir='ltr'><strong>solum</strong></span> <span class='ocrx_word' id='word_1_762' title='bbox 1969 5386 2066 5440; x_wconf 86' lang='lat' dir='ltr'><strong>ob-</strong></span> 
     </span>
    </p>
   </div>
   <div class='ocr_carea' id='block_1_101' title="bbox 486 5478 2060 5549">
    <p class='ocr_par' dir='ltr' id='par_1_101' title="bbox 486 5478 2060 5549">
     <span class='ocr_line' id='line_1_101' title="bbox 486 5478 2060 5549; baseline -0.001 -15"><span class='ocrx_word' id='word_1_763' title='bbox 486 5488 719 5543; x_wconf 83' lang='lat' dir='ltr'><strong>servate,</strong></span> <span class='ocrx_word' id='word_1_764' title='bbox 760 5478 980 5543; x_wconf 86' lang='lat' dir='ltr'><strong>fratres,</strong></span> <span class='ocrx_word' id='word_1_765' title='bbox 1022 5493 1088 5533; x_wconf 90' lang='lat' dir='ltr'><strong>ne</strong></span> <span class='ocrx_word' id='word_1_766' title='bbox 1137 5479 1258 5549; x_wconf 86' lang='lat' dir='ltr'><strong>quis</strong></span> <span class='ocrx_word' id='word_1_767' title='bbox 1312 5486 1552 5533; x_wconf 89' lang='lat' dir='ltr'><strong>vestrum</strong></span> <span class='ocrx_word' id='word_1_768' title='bbox 1596 5478 1903 5532; x_wconf 86' lang='lat' dir='ltr'><strong>inveniatur</strong></span> <span class='ocrx_word' id='word_1_769' title='bbox 1954 5493 2060 5533; x_wconf 89' lang='lat' dir='ltr'><strong>non</strong></span> 
     </span>
    </p>
   </div>
   <div class='ocr_carea' id='block_1_102' title="bbox 487 5565 2063 5638">
    <p class='ocr_par' dir='ltr' id='par_1_102' title="bbox 487 5565 2063 5638">
     <span class='ocr_line' id='line_1_102' title="bbox 487 5565 2063 5638; baseline 0 -15"><span class='ocrx_word' id='word_1_770' title='bbox 487 5570 658 5623; x_wconf 89' lang='lat' dir='ltr'><strong>solum</strong></span> <span class='ocrx_word' id='word_1_771' title='bbox 695 5586 801 5625; x_wconf 90' lang='lat' dir='ltr'><strong>non</strong></span> <span class='ocrx_word' id='word_1_772' title='bbox 823 5570 970 5638; x_wconf 88' lang='lat' dir='ltr'><strong>loqui</strong></span> <span class='ocrx_word' id='word_1_773' title='bbox 1005 5584 1106 5623; x_wconf 89' lang='lat' dir='ltr'><strong>nec</strong></span> <span class='ocrx_word' id='word_1_774' title='bbox 1130 5568 1381 5622; x_wconf 87' lang='lat' dir='ltr'><strong>meditari</strong></span> <span class='ocrx_word' id='word_1_775' title='bbox 1417 5565 1757 5637; x_wconf 75' lang='lat' dir='ltr'><strong>sapientiam,</strong></span> <span class='ocrx_word' id='word_1_776' title='bbox 1789 5580 1977 5622; x_wconf 89' lang='lat' dir='ltr'><strong>verum</strong></span> <span class='ocrx_word' id='word_1_777' title='bbox 2007 5578 2063 5623; x_wconf 89' lang='lat' dir='ltr'><strong>et</strong></span> 
     </span>
    </p>
   </div>
   <div class='ocr_carea' id='block_1_103' title="bbox 487 5658 2063 5728">
    <p class='ocr_par' dir='ltr' id='par_1_103' title="bbox 487 5658 2063 5728">
     <span class='ocr_line' id='line_1_103' title="bbox 487 5658 2063 5728; baseline 0.001 -16"><span class='ocrx_word' id='word_1_778' title='bbox 487 5660 665 5713; x_wconf 89' lang='lat' dir='ltr'><strong>odisse</strong></span> <span class='ocrx_word' id='word_1_779' title='bbox 721 5669 883 5728; x_wconf 87' lang='lat' dir='ltr'><strong>atque</strong></span> <span class='ocrx_word' id='word_1_780' title='bbox 926 5658 1199 5712; x_wconf 89' lang='lat' dir='ltr'><strong>adversari</strong></span> <span class='ocrx_word' id='word_1_781' title='bbox 1246 5659 1312 5712; x_wconf 90' lang='lat' dir='ltr'><strong>iis</strong></span> <span class='ocrx_word' id='word_1_782' title='bbox 1359 5660 1448 5727; x_wconf 88' lang='lat' dir='ltr'><strong>qui</strong></span> <span class='ocrx_word' id='word_1_783' title='bbox 1493 5658 1730 5713; x_wconf 89' lang='lat' dir='ltr'><strong>studium</strong></span> <span class='ocrx_word' id='word_1_784' title='bbox 1784 5660 2063 5728; x_wconf 87' lang='lat' dir='ltr'><strong>sapientia</strong></span> 
     </span>
    </p>
   </div>
   <div class='ocr_carea' id='block_1_104' title="bbox 560 5764 2596 5895">
    <p class='ocr_par' dir='ltr' id='par_1_104' title="bbox 560 5764 2596 5895">
     <span class='ocr_line' id='line_1_104' title="bbox 560 5764 2596 5833; baseline 0.003 -17"><span class='ocrx_word' id='word_1_785' title='bbox 560 5767 601 5797; x_wconf 84' lang='lat'><strong>&quot;&#39;</strong></span> <span class='ocrx_word' id='word_1_786' title='bbox 628 5764 772 5821; x_wconf 86' lang='lat' dir='ltr'><strong>Psal.</strong></span> <span class='ocrx_word' id='word_1_787' title='bbox 805 5782 992 5829; x_wconf 76' lang='lat' dir='ltr'><strong>xxxvr,</strong></span> <span class='ocrx_word' id='word_1_788' title='bbox 1017 5769 1106 5833; x_wconf 72' lang='lat'><strong>28,</strong></span> <span class='ocrx_word' id='word_1_789' title='bbox 1135 5770 1225 5824; x_wconf 69' lang='lat'><strong>29.</strong></span> <span class='ocrx_word' id='word_1_790' title='bbox 1301 5768 1348 5799; x_wconf 80' lang='grc'><strong>³⁸</strong></span> <span class='ocrx_word' id='word_1_791' title='bbox 1376 5770 1509 5824; x_wconf 84' lang='lat' dir='ltr'><strong>ibid.</strong></span> <span class='ocrx_word' id='word_1_792' title='bbox 1544 5767 1632 5824; x_wconf 78' lang='lat'><strong>30.</strong></span> <span class='ocrx_word' id='word_1_793' title='bbox 1709 5769 1752 5801; x_wconf 82' lang='lat'><strong><em>”</em></strong></span> <span class='ocrx_word' id='word_1_794' title='bbox 1784 5768 1938 5823; x_wconf 89' lang='lat' dir='ltr'><strong>Deut.</strong></span> <span class='ocrx_word' id='word_1_795' title='bbox 1970 5784 2045 5833; x_wconf 74' lang='lat' dir='ltr'><strong>vn,</strong></span> <span class='ocrx_word' id='word_1_796' title='bbox 2082 5770 2133 5824; x_wconf 85' lang='lat'><strong>7.</strong></span> <span class='ocrx_word' id='word_1_797' title='bbox 2233 5770 2277 5801; x_wconf 68' lang='grc' dir='ltr'><strong>⁸ο</strong></span> <span class='ocrx_word' id='word_1_798' title='bbox 2306 5770 2463 5823; x_wconf 87' lang='lat' dir='ltr'><strong>Prov.</strong></span> <span class='ocrx_word' id='word_1_799' title='bbox 2499 5786 2596 5823; x_wconf 71' lang='lat' dir='ltr'><strong>xxx</strong></span> 
     </span>
     <span class='ocr_line' id='line_1_105' title="bbox 564 5834 2596 5895; baseline 0 -6"><span class='ocrx_word' id='word_1_800' title='bbox 564 5834 767 5889; x_wconf 83' lang='lat' dir='ltr'><strong>Coloss.</strong></span> <span class='ocrx_word' id='word_1_801' title='bbox 811 5850 890 5895; x_wconf 86' lang='lat' dir='ltr'><strong>Ill,</strong></span> <span class='ocrx_word' id='word_1_802' title='bbox 924 5838 1006 5890; x_wconf 81' lang='grc'><strong>16.</strong></span> <span class='ocrx_word' id='word_1_803' title='bbox 1113 5839 1157 5869; x_wconf 61' lang='grc' dir='ltr'><strong>ν’</strong></span> <span class='ocrx_word' id='word_1_804' title='bbox 1185 5839 1340 5892; x_wconf 87' lang='lat' dir='ltr'><strong>Deut.</strong></span> <span class='ocrx_word' id='word_1_805' title='bbox 1390 5855 1461 5895; x_wconf 76' lang='lat' dir='ltr'><strong>v1.</strong></span> <span class='ocrx_word' id='word_1_806' title='bbox 1491 5840 1543 5893; x_wconf 80' lang='grc' dir='ltr'><strong>Ἰ.</strong></span> <span class='ocrx_word' id='word_1_807' title='bbox 1636 5839 1679 5869; x_wconf 69' lang='grc'><strong>⁸⁵</strong></span> <span class='ocrx_word' id='word_1_808' title='bbox 1703 5838 1858 5895; x_wconf 81' lang='lat' dir='ltr'><strong>Joan.</strong></span> <span class='ocrx_word' id='word_1_809' title='bbox 1884 5856 1959 5895; x_wconf 88' lang='lat' dir='ltr'><strong>vt.</strong></span> <span class='ocrx_word' id='word_1_810' title='bbox 1986 5841 2071 5894; x_wconf 67' lang='grc'><strong>14.</strong></span> <span class='ocrx_word' id='word_1_811' title='bbox 2149 5839 2193 5871; x_wconf 69' lang='grc'><strong>⁸⁸</strong></span> <span class='ocrx_word' id='word_1_812' title='bbox 2231 5838 2389 5894; x_wconf 86' lang='lat' dir='ltr'><strong>Prov.</strong></span> <span class='ocrx_word' id='word_1_813' title='bbox 2425 5854 2502 5895; x_wconf 89' lang='lat' dir='ltr'><strong>Ill.</strong></span> <span class='ocrx_word' id='word_1_814' title='bbox 2532 5842 2596 5890; x_wconf 56' lang='lat'><strong>‘26</strong></span> 
     </span>
    </p>
   </div>
   <div class='ocr_carea' id='block_1_105' title="bbox 485 5834 1543 5905">
    <p class='ocr_par' dir='ltr' id='par_1_105' title="bbox 485 5834 1543 5905">
     <span class='ocr_line' id='line_1_106' title="bbox 485 5834 1543 5905; baseline 0.004 -17"><span class='ocrx_word' id='word_1_815' title='bbox 485 5836 534 5869; x_wconf 78' lang='grc'><strong>⁸³</strong></span> <span class='ocrx_word' id='word_1_816' title='bbox 564 5834 767 5889; x_wconf 83' lang='lat' dir='ltr'><strong>Coloss.</strong></span> <span class='ocrx_word' id='word_1_817' title='bbox 811 5850 890 5900; x_wconf 86' lang='lat' dir='ltr'><strong>Ill,</strong></span> <span class='ocrx_word' id='word_1_818' title='bbox 924 5838 1006 5890; x_wconf 81' lang='grc'><strong>16.</strong></span> <span class='ocrx_word' id='word_1_819' title='bbox 1113 5839 1157 5869; x_wconf 60' lang='grc' dir='ltr'><strong>ν’</strong></span> <span class='ocrx_word' id='word_1_820' title='bbox 1185 5839 1340 5892; x_wconf 87' lang='lat' dir='ltr'><strong>Deut.</strong></span> <span class='ocrx_word' id='word_1_821' title='bbox 1390 5855 1461 5905; x_wconf 76' lang='lat' dir='ltr'><strong>v1,</strong></span> <span class='ocrx_word' id='word_1_822' title='bbox 1491 5840 1543 5893; x_wconf 80' lang='grc' dir='ltr'><strong>Ἰ.</strong></span> 
     </span>
    </p>
   </div>
   <div class='ocr_carea' id='block_1_106' title="bbox 2175 4660 3751 4734">
    <p class='ocr_par' dir='ltr' id='par_1_106' title="bbox 2175 4660 3751 4734">
     <span class='ocr_line' id='line_1_107' title="bbox 2175 4660 3751 4734; baseline 0.001 -16"><span class='ocrx_word' id='word_1_823' title='bbox 2175 4677 2299 4718; x_wconf 90' lang='lat' dir='ltr'><strong>cum</strong></span> <span class='ocrx_word' id='word_1_824' title='bbox 2329 4662 2380 4716; x_wconf 93' lang='lat' dir='ltr'><strong>in</strong></span> <span class='ocrx_word' id='word_1_825' title='bbox 2405 4662 2668 4731; x_wconf 87' lang='lat' dir='ltr'><strong>Ecclesia,</strong></span> <span class='ocrx_word' id='word_1_826' title='bbox 2694 4679 2813 4734; x_wconf 89' lang='lat' dir='ltr'><strong>qua</strong></span> <span class='ocrx_word' id='word_1_827' title='bbox 2846 4671 2927 4719; x_wconf 90' lang='lat' dir='ltr'><strong>est</strong></span> <span class='ocrx_word' id='word_1_828' title='bbox 2956 4665 3147 4717; x_wconf 91' lang='lat' dir='ltr'><strong>domus</strong></span> <span class='ocrx_word' id='word_1_829' title='bbox 3184 4662 3297 4728; x_wconf 90' lang='lat' dir='ltr'><strong>Dei,</strong></span> <span class='ocrx_word' id='word_1_830' title='bbox 3336 4660 3607 4732; x_wconf 85' lang='lat' dir='ltr'><strong>loquimur</strong></span> <span class='ocrx_word' id='word_1_831' title='bbox 3634 4681 3751 4720; x_wconf 86' lang='lat' dir='ltr'><strong>ver-</strong></span> 
     </span>
    </p>
   </div>
   <div class='ocr_carea' id='block_1_107' title="bbox 2175 4754 3750 4826">
    <p class='ocr_par' dir='ltr' id='par_1_107' title="bbox 2175 4754 3750 4826">
     <span class='ocr_line' id='line_1_108' title="bbox 2175 4754 3750 4826; baseline 0.003 -17"><span class='ocrx_word' id='word_1_832' title='bbox 2175 4755 2300 4810; x_wconf 91' lang='lat' dir='ltr'><strong>bum</strong></span> <span class='ocrx_word' id='word_1_833' title='bbox 2329 4755 2444 4821; x_wconf 91' lang='lat' dir='ltr'><strong>Dei,</strong></span> <span class='ocrx_word' id='word_1_834' title='bbox 2472 4756 2526 4810; x_wconf 91' lang='lat' dir='ltr'><strong>in</strong></span> <span class='ocrx_word' id='word_1_835' title='bbox 2559 4756 2664 4810; x_wconf 92' lang='lat' dir='ltr'><strong>hoc</strong></span> <span class='ocrx_word' id='word_1_836' title='bbox 2687 4756 2892 4810; x_wconf 76' lang='lat' dir='ltr'><strong>scilicet</strong></span> <span class='ocrx_word' id='word_1_837' title='bbox 2914 4768 3143 4821; x_wconf 87' lang='lat' dir='ltr'><strong>corpore</strong></span> <span class='ocrx_word' id='word_1_838' title='bbox 3169 4754 3349 4823; x_wconf 90' lang='lat' dir='ltr'><strong>positi,</strong></span> <span class='ocrx_word' id='word_1_839' title='bbox 3384 4766 3665 4826; x_wconf 86' lang='lat' dir='ltr'><strong>pergentes</strong></span> <span class='ocrx_word' id='word_1_840' title='bbox 3698 4759 3750 4813; x_wconf 92' lang='lat' dir='ltr'><strong>in</strong></span> 
     </span>
    </p>
   </div>
   <div class='ocr_carea' id='block_1_108' title="bbox 2173 4841 3754 4919">
    <p class='ocr_par' dir='ltr' id='par_1_108' title="bbox 2173 4841 3754 4919">
     <span class='ocr_line' id='line_1_109' title="bbox 2173 4841 3754 4919; baseline 0.001 -18"><span class='ocrx_word' id='word_1_841' title='bbox 2173 4848 2283 4915; x_wconf 89' lang='lat' dir='ltr'><strong>via,</strong></span> <span class='ocrx_word' id='word_1_842' title='bbox 2328 4850 2379 4903; x_wconf 93' lang='lat' dir='ltr'><strong>in</strong></span> <span class='ocrx_word' id='word_1_843' title='bbox 2426 4849 2513 4904; x_wconf 89' lang='lat' dir='ltr'><strong>illa</strong></span> <span class='ocrx_word' id='word_1_844' title='bbox 2565 4862 2687 4919; x_wconf 79' lang='lat' dir='ltr'><strong>qua</strong></span> <span class='ocrx_word' id='word_1_845' title='bbox 2730 4845 2857 4900; x_wconf 90' lang='lat' dir='ltr'><strong>dicit</strong></span> <span class='ocrx_word' id='word_1_846' title='bbox 2911 4843 3001 4896; x_wconf 66' lang='lat'><strong>1”’:</strong></span> <span class='ocrx_word' id='word_1_847' title='bbox 3040 4841 3152 4913; x_wconf 88' lang='lat' dir='ltr'><strong>Ego</strong></span> <span class='ocrx_word' id='word_1_848' title='bbox 3184 4861 3298 4898; x_wconf 86' lang='lat' dir='ltr'><strong>sum</strong></span> <span class='ocrx_word' id='word_1_849' title='bbox 3339 4848 3444 4912; x_wconf 76' lang='lat' dir='ltr'><strong>via,</strong></span> <span class='ocrx_word' id='word_1_850' title='bbox 3479 4846 3754 4917; x_wconf 84' lang='lat' dir='ltr'><strong>loquimur</strong></span> 
     </span>
    </p>
   </div>
   <div class='ocr_carea' id='block_1_109' title="bbox 2173 4938 3750 5008">
    <p class='ocr_par' dir='ltr' id='par_1_109' title="bbox 2173 4938 3750 5008">
     <span class='ocr_line' id='line_1_110' title="bbox 2173 4938 3750 5008; baseline 0.001 -17"><span class='ocrx_word' id='word_1_851' title='bbox 2173 4938 2396 4993; x_wconf 88' lang='lat' dir='ltr'><strong>verbum</strong></span> <span class='ocrx_word' id='word_1_852' title='bbox 2442 4940 2578 4994; x_wconf 90' lang='lat' dir='ltr'><strong>Dei:</strong></span> <span class='ocrx_word' id='word_1_853' title='bbox 2617 4949 2669 4993; x_wconf 88' lang='lat' dir='ltr'><strong>et</strong></span> <span class='ocrx_word' id='word_1_854' title='bbox 2703 4943 3077 5007; x_wconf 86' lang='lat' dir='ltr'><strong>exsurgentes,</strong></span> <span class='ocrx_word' id='word_1_855' title='bbox 3117 4951 3239 4991; x_wconf 93' lang='lat' dir='ltr'><strong>cum</strong></span> <span class='ocrx_word' id='word_1_856' title='bbox 3278 4940 3750 5008; x_wconf 81' lang='lat' dir='ltr'><strong>exsurrexerimns</strong></span> 
     </span>
    </p>
   </div>
   <div class='ocr_carea' id='block_1_110' title="bbox 2173 5028 3751 5099">
    <p class='ocr_par' dir='ltr' id='par_1_110' title="bbox 2173 5028 3751 5099">
     <span class='ocr_line' id='line_1_111' title="bbox 2173 5028 3751 5099; baseline -0.001 -14"><span class='ocrx_word' id='word_1_857' title='bbox 2173 5045 2205 5085; x_wconf 91' lang='lat' dir='ltr'><strong>e</strong></span> <span class='ocrx_word' id='word_1_858' title='bbox 2252 5045 2441 5086; x_wconf 91' lang='lat' dir='ltr'><strong>somno</strong></span> <span class='ocrx_word' id='word_1_859' title='bbox 2499 5029 2688 5083; x_wconf 90' lang='lat' dir='ltr'><strong>mortis</strong></span> <span class='ocrx_word' id='word_1_860' title='bbox 2740 5028 2792 5081; x_wconf 88' lang='lat' dir='ltr'><strong>in</strong></span> <span class='ocrx_word' id='word_1_861' title='bbox 2846 5028 3269 5094; x_wconf 86' lang='lat' dir='ltr'><strong>resurrectione,</strong></span> <span class='ocrx_word' id='word_1_862' title='bbox 3312 5038 3440 5084; x_wconf 90' lang='lat' dir='ltr'><strong>tunc</strong></span> <span class='ocrx_word' id='word_1_863' title='bbox 3479 5029 3751 5099; x_wconf 89' lang='lat' dir='ltr'><strong>loquimur</strong></span> 
     </span>
    </p>
   </div>
   <div class='ocr_carea' id='block_1_111' title="bbox 2174 5117 3750 5191">
    <p class='ocr_par' dir='ltr' id='par_1_111' title="bbox 2174 5117 3750 5191">
     <span class='ocr_line' id='line_1_112' title="bbox 2174 5117 3750 5191; baseline 0.001 -16"><span class='ocrx_word' id='word_1_864' title='bbox 2174 5120 2267 5175; x_wconf 90' lang='lat' dir='ltr'><strong>illa</strong></span> <span class='ocrx_word' id='word_1_865' title='bbox 2306 5135 2425 5191; x_wconf 83' lang='lat' dir='ltr'><strong>qua</strong></span> <span class='ocrx_word' id='word_1_866' title='bbox 2455 5117 2690 5189; x_wconf 86' lang='lat' dir='ltr'><strong>perfecta</strong></span> <span class='ocrx_word' id='word_1_867' title='bbox 2721 5125 2867 5184; x_wconf 91' lang='lat' dir='ltr'><strong>sunt,</strong></span> <span class='ocrx_word' id='word_1_868' title='bbox 2904 5127 3259 5189; x_wconf 84' lang='lat' dir='ltr'><strong>exsurgentes</strong></span> <span class='ocrx_word' id='word_1_869' title='bbox 3282 5121 3348 5176; x_wconf 91' lang='lat' dir='ltr'><strong>de</strong></span> <span class='ocrx_word' id='word_1_870' title='bbox 3377 5135 3571 5176; x_wconf 89' lang='lat' dir='ltr'><strong>somno</strong></span> <span class='ocrx_word' id='word_1_871' title='bbox 3605 5138 3750 5177; x_wconf 86' lang='lat' dir='ltr'><strong>mor-</strong></span> 
     </span>
    </p>
   </div>
   <div class='ocr_carea' id='block_1_112' title="bbox 2174 5194 3749 5284">
    <p class='ocr_par' dir='ltr' id='par_1_112' title="bbox 2174 5194 3749 5284">
     <span class='ocr_line' id='line_1_113' title="bbox 2174 5194 3749 5284; baseline 0.001 -17"><span class='ocrx_word' id='word_1_872' title='bbox 2174 5214 2267 5277; x_wconf 89' lang='lat' dir='ltr'><strong>tis,</strong></span> <span class='ocrx_word' id='word_1_873' title='bbox 2295 5213 2436 5267; x_wconf 91' lang='lat' dir='ltr'><strong>sicnt</strong></span> <span class='ocrx_word' id='word_1_874' title='bbox 2485 5219 2537 5264; x_wconf 89' lang='lat' dir='ltr'><strong>et</strong></span> <span class='ocrx_word' id='word_1_875' title='bbox 2568 5207 2824 5264; x_wconf 88' lang='lat' dir='ltr'><strong>Salomon</strong></span> <span class='ocrx_word' id='word_1_876' title='bbox 2860 5194 3028 5281; x_wconf 66' lang='lat' dir='ltr'><strong>67G</strong></span> <span class='ocrx_word' id='word_1_877' title='bbox 3065 5209 3198 5264; x_wconf 91' lang='lat' dir='ltr'><strong>dicit</strong></span> <span class='ocrx_word' id='word_1_878' title='bbox 3229 5210 3294 5266; x_wconf 93' lang='lat' dir='ltr'><strong>de</strong></span> <span class='ocrx_word' id='word_1_879' title='bbox 3326 5226 3389 5267; x_wconf 91' lang='lat' dir='ltr'><strong>eo</strong></span> <span class='ocrx_word' id='word_1_880' title='bbox 3415 5212 3506 5282; x_wconf 88' lang='lat' dir='ltr'><strong>qui</strong></span> <span class='ocrx_word' id='word_1_881' title='bbox 3537 5215 3749 5284; x_wconf 85' lang='lat' dir='ltr'><strong>sapien-</strong></span> 
     </span>
    </p>
   </div>
   <div class='ocr_carea' id='block_1_113' title="bbox 2173 5299 3753 5373">
    <p class='ocr_par' dir='ltr' id='par_1_113' title="bbox 2173 5299 3753 5373">
     <span class='ocr_line' id='line_1_114' title="bbox 2173 5299 3753 5373; baseline 0.001 -16"><span class='ocrx_word' id='word_1_882' title='bbox 2173 5302 2303 5357; x_wconf 91' lang='lat' dir='ltr'><strong>tiam</strong></span> <span class='ocrx_word' id='word_1_883' title='bbox 2340 5300 2441 5356; x_wconf 88' lang='lat' dir='ltr'><strong>sibi</strong></span> <span class='ocrx_word' id='word_1_884' title='bbox 2470 5299 2700 5353; x_wconf 89' lang='lat' dir='ltr'><strong>amicam</strong></span> <span class='ocrx_word' id='word_1_885' title='bbox 2744 5310 2797 5354; x_wconf 92' lang='lat' dir='ltr'><strong>et</strong></span> <span class='ocrx_word' id='word_1_886' title='bbox 2835 5299 3155 5357; x_wconf 85' lang='lat' dir='ltr'><strong>familiarem</strong></span> <span class='ocrx_word' id='word_1_887' title='bbox 3186 5300 3334 5369; x_wconf 89' lang='lat' dir='ltr'><strong>fecit,</strong></span> <span class='ocrx_word' id='word_1_888' title='bbox 3365 5304 3491 5373; x_wconf 91' lang='lat' dir='ltr'><strong>quia</strong></span> <span class='ocrx_word' id='word_1_889' title='bbox 3532 5305 3578 5358; x_wconf 90' lang='lat' dir='ltr'><strong>si</strong></span> <span class='ocrx_word' id='word_1_890' title='bbox 3601 5308 3753 5359; x_wconf 83' lang='lat' dir='ltr'><strong>sede-</strong></span> 
     </span>
    </p>
   </div>
   <div class='ocr_carea' id='block_1_114' title="bbox 2170 5390 3745 5459">
    <p class='ocr_par' dir='ltr' id='par_1_114' title="bbox 2170 5390 3745 5459">
     <span class='ocr_line' id='line_1_115' title="bbox 2170 5390 3745 5459; baseline 0.003 -14"><span class='ocrx_word' id='word_1_891' title='bbox 2170 5393 2266 5459; x_wconf 89' lang='lat' dir='ltr'><strong>ris,</strong></span> <span class='ocrx_word' id='word_1_892' title='bbox 2290 5392 2402 5445; x_wconf 87' lang='lat' dir='ltr'><strong>sine</strong></span> <span class='ocrx_word' id='word_1_893' title='bbox 2423 5391 2608 5444; x_wconf 90' lang='lat' dir='ltr'><strong>timore</strong></span> <span class='ocrx_word' id='word_1_894' title='bbox 2634 5391 2759 5455; x_wconf 87' lang='lat' dir='ltr'><strong>eris,</strong></span> <span class='ocrx_word' id='word_1_895' title='bbox 2784 5400 2832 5445; x_wconf 90' lang='lat' dir='ltr'><strong>et</strong></span> <span class='ocrx_word' id='word_1_896' title='bbox 2863 5392 2909 5445; x_wconf 88' lang='lat' dir='ltr'><strong>si</strong></span> <span class='ocrx_word' id='word_1_897' title='bbox 2939 5390 3232 5456; x_wconf 77' lang='lat' dir='ltr'><strong>domieris,</strong></span> <span class='ocrx_word' id='word_1_898' title='bbox 3263 5394 3479 5448; x_wconf 86' lang='lat' dir='ltr'><strong>libenter</strong></span> <span class='ocrx_word' id='word_1_899' title='bbox 3505 5412 3745 5450; x_wconf 83' lang='lat' dir='ltr'><strong>somnum</strong></span> 
     </span>
    </p>
   </div>
   <div class='ocr_carea' id='block_1_115' title="bbox 2172 5481 3745 5553">
    <p class='ocr_par' dir='ltr' id='par_1_115' title="bbox 2172 5481 3745 5553">
     <span class='ocr_line' id='line_1_116' title="bbox 2172 5481 3745 5553; baseline 0.001 -16"><span class='ocrx_word' id='word_1_900' title='bbox 2172 5482 2369 5552; x_wconf 84' lang='lat' dir='ltr'><strong>capies,</strong></span> <span class='ocrx_word' id='word_1_901' title='bbox 2392 5490 2439 5536; x_wconf 88' lang='lat' dir='ltr'><strong>et</strong></span> <span class='ocrx_word' id='word_1_902' title='bbox 2468 5498 2572 5535; x_wconf 87' lang='lat' dir='ltr'><strong>non</strong></span> <span class='ocrx_word' id='word_1_903' title='bbox 2597 5481 2796 5536; x_wconf 86' lang='lat' dir='ltr'><strong>timebis</strong></span> <span class='ocrx_word' id='word_1_904' title='bbox 2820 5491 3069 5536; x_wconf 84' lang='lat' dir='ltr'><strong>terrorem</strong></span> <span class='ocrx_word' id='word_1_905' title='bbox 3096 5484 3555 5551; x_wconf 80' lang='lat' dir='ltr'><strong>superrenientem,</strong></span> <span class='ocrx_word' id='word_1_906' title='bbox 3583 5502 3745 5553; x_wconf 84' lang='lat' dir='ltr'><strong>neque</strong></span> 
     </span>
    </p>
   </div>
   <div class='ocr_carea' id='block_1_116' title="bbox 2170 5571 3747 5641">
    <p class='ocr_par' dir='ltr' id='par_1_116' title="bbox 2170 5571 3747 5641">
     <span class='ocr_line' id='line_1_117' title="bbox 2170 5571 3747 5641; baseline 0.003 -16"><span class='ocrx_word' id='word_1_907' title='bbox 2170 5573 2392 5641; x_wconf 88' lang='lat' dir='ltr'><strong>impetus</strong></span> <span class='ocrx_word' id='word_1_908' title='bbox 2446 5572 2724 5641; x_wconf 86' lang='lat' dir='ltr'><strong>impiorum</strong></span> <span class='ocrx_word' id='word_1_909' title='bbox 2766 5571 3023 5626; x_wconf 80' lang='lat' dir='ltr'><strong>irruentes</strong></span> <span class='ocrx_word' id='word_1_910' title='bbox 3069 5589 3227 5641; x_wconf 86' lang='lat' dir='ltr'><strong>super</strong></span> <span class='ocrx_word' id='word_1_911' title='bbox 3269 5582 3317 5628; x_wconf 86' lang='lat' dir='ltr'><strong>te</strong></span> <span class='ocrx_word' id='word_1_912' title='bbox 3353 5574 3422 5627; x_wconf 74' lang='lat'><strong>“.</strong></span> <span class='ocrx_word' id='word_1_913' title='bbox 3463 5573 3747 5631; x_wconf 82' lang='lat' dir='ltr'><strong>Suﬂiciaut</strong></span> 
     </span>
    </p>
   </div>
   <div class='ocr_carea' id='block_1_117' title="bbox 2171 5659 3748 5730">
    <p class='ocr_par' dir='ltr' id='par_1_117' title="bbox 2171 5659 3748 5730">
     <span class='ocr_line' id='line_1_118' title="bbox 2171 5659 3748 5730; baseline 0.004 -18"><span class='ocrx_word' id='word_1_914' title='bbox 2171 5659 2273 5713; x_wconf 87' lang='lat' dir='ltr'><strong>ista</strong></span> <span class='ocrx_word' id='word_1_915' title='bbox 2305 5661 2371 5714; x_wconf 93' lang='lat' dir='ltr'><strong>de</strong></span> <span class='ocrx_word' id='word_1_916' title='bbox 2407 5674 2473 5715; x_wconf 89' lang='lat' dir='ltr'><strong>eo</strong></span> <span class='ocrx_word' id='word_1_917' title='bbox 2510 5660 2653 5729; x_wconf 79' lang='lat' dir='ltr'><strong>quod</strong></span> <span class='ocrx_word' id='word_1_918' title='bbox 2703 5661 2963 5730; x_wconf 89' lang='lat' dir='ltr'><strong>scriptum</strong></span> <span class='ocrx_word' id='word_1_919' title='bbox 2993 5670 3113 5715; x_wconf 87' lang='lat' dir='ltr'><strong>est:</strong></span> <span class='ocrx_word' id='word_1_920' title='bbox 3142 5659 3214 5715; x_wconf 86' lang='lat' dir='ltr'><strong>Os</strong></span> <span class='ocrx_word' id='word_1_921' title='bbox 3230 5662 3371 5730; x_wconf 84' lang='lat' dir='ltr'><strong>justi</strong></span> <span class='ocrx_word' id='word_1_922' title='bbox 3406 5663 3748 5718; x_wconf 77' lang='lat' dir='ltr'><strong>meditabitur</strong></span> 
     </span>
    </p>
   </div>
   <div class='ocr_carea' id='block_1_118' title="bbox 2233 5770 3738 5835">
    <p class='ocr_par' dir='ltr' id='par_1_118' title="bbox 2233 5770 3738 5835">
     <span class='ocr_line' id='line_1_119' title="bbox 2233 5770 3738 5835; baseline 0.001 -12"><span class='ocrx_word' id='word_1_923' title='bbox 2233 5770 2277 5801; x_wconf 68' lang='grc' dir='ltr'><strong>⁸ο</strong></span> <span class='ocrx_word' id='word_1_924' title='bbox 2306 5770 2463 5823; x_wconf 87' lang='lat' dir='ltr'><strong>Prov.</strong></span> <span class='ocrx_word' id='word_1_925' title='bbox 2499 5786 2645 5835; x_wconf 76' lang='lat' dir='ltr'><strong>xxxi,</strong></span> <span class='ocrx_word' id='word_1_926' title='bbox 2673 5772 2724 5825; x_wconf 73' lang='lat'><strong>9.</strong></span> <span class='ocrx_word' id='word_1_927' title='bbox 2805 5771 2845 5802; x_wconf 75' lang='lat'>“</span> <span class='ocrx_word' id='word_1_928' title='bbox 2876 5770 3017 5827; x_wconf 83' lang='lat' dir='ltr'><strong>Psal.</strong></span> <span class='ocrx_word' id='word_1_929' title='bbox 3048 5786 3230 5833; x_wconf 86' lang='lat' dir='ltr'><strong>xxxvt,</strong></span> <span class='ocrx_word' id='word_1_930' title='bbox 3268 5770 3356 5824; x_wconf 79' lang='lat'><strong>&#39;50.</strong></span> <span class='ocrx_word' id='word_1_931' title='bbox 3435 5772 3477 5804; x_wconf 65' lang='grc' dir='ltr'><strong>δ’</strong></span> <span class='ocrx_word' id='word_1_932' title='bbox 3508 5773 3668 5830; x_wconf 88' lang='lat' dir='ltr'><strong>lCor.</strong></span> <span class='ocrx_word' id='word_1_933' title='bbox 3702 5791 3738 5830; x_wconf 85' lang='lat' dir='ltr'><strong>t.</strong></span> 
     </span>
    </p>
   </div>
  </div>
