4110 6442
379 396 506 453 εδει

1044 385 1357 445 SELECTA
1390 385 1455 441 IN
1488 380 1828 441 PSALMOS.
1870 411 1939 421 --
1975 376 2207 436 HOMIL.
2252 379 2294 435 Υ
2331 378 2395 433 IN
2428 377 2625 435 PSAL.
2660 376 2900 433 XXXVI.

3499 378 3637 434 156‘}.

375 506 707 575 sapientiam,
740 502 936 573 quibus
972 500 1187 555 additur
1216 515 1230 553 :
1264 497 1330 553 Et
1365 498 1546 569 lingua
1575 498 1688 568 ejus
1714 498 1954 568 loquetur
1981 495 2028 554 Α
2056 492 2226 547 moria
2255 504 2311 548 et
2335 491 2648 562 diligentius
2683 490 2950 558 retinetis,
2988 490 3129 546 scire
3158 489 3368 547 debetis
3412 494 3539 563 quia
3587 496 3635 550 si

365 598 654 667 judicium.
1588 650 1591 653 λ

444 687 496 741 2.
526 686 731 755 Duplici
764 692 923 741 modo
952 688 1135 756 lingua
1176 685 1308 756 justi
1350 684 1664 755 intelligitur
1692 683 1837 754 loqui
1866 682 1957 752 ju-

376 779 598 843 dicium,
633 779 748 831 sive
790 792 890 845 pro
934 792 998 831 eo
1045 777 1184 845 quod
1231 774 1411 829 omnia
1454 783 1601 829 recto
1642 773 1867 842 judicio,
1898 780 1954 829 et

375 886 497 926 cum
533 868 920 923 deliberatione
954 877 1008 923 et
1042 884 1163 923 cum
1190 867 1415 923 consilio
1453 865 1693 936 loquitur
1731 882 1851 936 qua:
1875 866 1954 923 lo-

374 966 580 1034 quitur,
616 974 668 1017 et
696 963 826 1016 nihil
860 977 954 1031 per
979 962 1333 1024 iracundiam,
1368 960 1503 1015 nihil
1539 969 1597 1015 ut
1639 961 1953 1017 hominibus

376 1056 608 1125 placeat,
641 1053 773 1108 nihil
819 1069 885 1107 ex
931 1053 1173 1114 tristitia,
1215 1050 1346 1106 nihil
1380 1064 1445 1105 ex
1487 1061 1653 1115 metu,
1680 1067 1800 1122 quze
1837 1052 1952 1107 sin-

375 1147 495 1217 gula
526 1146 699 1201 solent
728 1146 911 1213 utique
943 1159 1048 1197 non
1095 1143 1361 1212 integrum
1391 1144 1699 1199 hominibus
1734 1158 1953 1199 servare

368 1239 656 1308 judicium,
697 1236 781 1292 vel
810 1244 960 1291 certe
999 1236 1143 1305 quod
1179 1250 1395 1303 semper
1433 1236 1500 1289 de
1544 1235 1724 1289 futuro
1748 1236 1950 1306 judicio

374 1330 611 1397 loquitur
642 1327 855 1397 justus,
900 1338 959 1382 ut
1000 1343 1354 1383 commonens
1391 1343 1606 1397 semper
1643 1330 1722 1384 vel
1753 1340 1955 1384 semet-

371 1418 570 1487 ipsum,
603 1418 687 1472 vel
716 1418 803 1485 qui
836 1431 895 1472 se
941 1416 1191 1481 audiunt,
1222 1418 1289 1471 de
1331 1416 1498 1470 futuri
1542 1416 1732 1487 judicii
1782 1425 1950 1484 metu,

370 1520 428 1569 et
456 1512 522 1566 de
551 1509 829 1580 suppliciis
865 1526 985 1581 quae
1028 1519 1333 1581 praeparata
1378 1518 1506 1564 sunt
1547 1509 1949 1580 peccatoribus,

372 1604 440 1657 de
470 1601 653 1656 futura
682 1601 1113 1668 examinatione,
1145 1601 1237 1657 sed
1262 1610 1318 1656 et
1344 1601 1411 1656 de
1440 1601 1953 1670 repromissionibus

372 1704 683 1749 sanctorum
709 1710 827 1763 qua:
852 1703 1167 1765 praeparatae
1198 1703 1324 1749 sunt
1346 1694 1426 1749 eis
1458 1708 1487 1747 a
1510 1693 1641 1758 Deo,
1671 1704 1727 1750 et
1756 1706 1953 1749 semet~

372 1790 546 1857 ipsum
576 1785 781 1841 salvum
813 1786 996 1851 faciat,
1031 1799 1085 1841 et
1108 1800 1202 1841 eos
1232 1786 1322 1855 qui
1368 1800 1428 1841 se
1475 1785 1718 1842 audiunt.
1746 1787 1813 1842 Et
1850 1788 1951 1843 hoc

373 1878 532 1933 modo
563 1878 942 1947 complcbitur,
965 1879 1093 1948 quia
1126 1879 1309 1950 lingua
1347 1880 1477 1950 justi
1523 1880 1779 1950 loquetur
1803 1880 1949 1950 judi-

370 1972 536 2027 cium.
581 1970 640 2025 Si
688 1985 817 2025 vero
841 1980 1053 2040 oportet
1079 1971 1241 2027 etiam
1287 1973 1373 2028 hic
1414 1973 1832 2029 declinationem
1868 1977 1953 2030 l’u-

373 2061 479 2115 turi
513 2062 769 2131 temporis
801 2061 1115 2126 observare,
1151 2063 1275 2131 quia
1326 2079 1431 2118 non
1486 2063 1645 2130 dixit,
1688 2064 1948 2135 loquitur,

369 2154 464 2207 sed
490 2154 747 2224 loquetur,
777 2167 1064 2222 possumus
1098 2155 1261 2209 etiam
1287 2155 1339 2209 in
1370 2156 1473 2212 hoc
1498 2157 1604 2212 tale
1634 2157 1840 2225 aliquid
1870 2158 1953 2213 iu-

369 2244 640 2315 telligere,
671 2246 797 2314 quia
835 2261 979 2301 nunc
1008 2256 1490 2318 quantumcunque
1534 2247 1668 2305 illud
1696 2259 1779 2304 est
1809 2251 1951 2320 quod

367 2339 436 2393 de
468 2337 560 2392 Dei
586 2337 794 2408 judicio
828 2340 908 2394 vel
964 2340 1107 2410 loqui
1154 2355 1441 2411 possumus
1480 2342 1565 2397 vel
1605 2343 1832 2409 sentire,
1863 2359 1953 2400 ne.

367 2443 523 2485 cesse
552 2439 632 2483 est
665 2445 766 2484 nos
791 2430 921 2485 illud
953 2434 1099 2487 scire
1126 2431 1268 2501 quod
1297 2432 1485 2488 deﬁnit
1513 2434 1829 2503 Apostolus,
1869 2437 1952 2490 di-

367 2535 500 2574 cens
525 2520 615 2575 ‘7:
658 2521 829 2586 Quam
870 2517 1238 2577 inscrutabilia
1287 2533 1412 2579 sunt
1451 2525 1665 2595 judicia
1706 2527 1855 2596 ejus,
1904 2537 1951 2581 et

366 2611 750 2681 investigabiles
776 2614 870 2668 vice
898 2612 1047 2682 ejus!
1074 2612 1131 2668 Si
1166 2630 1295 2669 vero
1332 2618 1621 2685 pervenire
1654 2621 1954 2689 poterimus

366 2703 435 2757 ad
460 2703 603 2757 illam
638 2705 1049 2773 perfectionem,
1080 2707 1146 2760 de
1174 2722 1279 2776 qua
1318 2708 1447 2764 dicit
1478 2708 1524 2742 “
1556 2727 1571 2765 :
1603 2708 1748 2765 Tunc
1778 2723 1954 2768 autem

367 2795 506 2863 facie
540 2800 609 2852 ad
640 2799 851 2866 faciem,
885 2801 937 2856 id
969 2811 1051 2855 est
1082 2816 1203 2856 cum
1250 2816 1336 2858 res
1370 2803 1497 2873 ipsa!
1544 2806 1703 2862 nobis
1730 2809 1953 2863 eviden-

368 2889 536 2945 tiores
582 2891 735 2956 ﬁent,
785 2907 908 2947 cum
960 2897 1291 2963 coeperimus
1339 2912 1635 2967 agnoscere
1686 2900 1949 2955 rationem

366 2980 701 3049 singularum
751 2998 934 3038 rerum
986 3000 1106 3055 quae
1154 2987 1206 3040 in
1257 2986 1364 3042 hoc
1405 2988 1608 3042 mundo
1650 2988 1733 3043 vel
1783 3000 1951 3058 gestae

364 3081 492 3124 sunt
514 3070 595 3126 vel
623 3084 906 3141 geruntur,
944 3077 1087 3144 quali
1126 3076 1327 3145 judicio
1362 3086 1525 3149 gestae
1554 3091 1700 3144 sunt,
1734 3080 1815 3135 vel
1841 3096 1951 3150 quo

2057 584 2379 654 sapientiam
2410 583 2501 639 Dei
2541 582 2871 639 meditemini
2911 582 2964 638 in
3004 597 3100 640 ore
3142 590 3341 651 vestro,
3365 594 3420 639 et
3453 583 3634 654 lingua

2057 685 2236 731 vestra
2266 675 2516 746 loquatur
2543 675 2831 747 judicium,
2863 684 2918 731 et
2950 675 3035 731 lex
3065 675 3157 731 Dei
3190 676 3264 731 sit
3295 676 3352 731 in
3378 676 3636 732 cordibus

2056 774 2290 839 vestris,
2342 786 2617 840 nunquam
2658 770 3156 840 supplantabuntur
3188 785 3411 840 gressus
3445 772 3635 829 vestri.

2123 863 2179 918 4.
2228 863 2357 919 Post
2394 863 2512 917 bazc
2561 863 2679 919 ait:
2728 862 3063 929 Considerat,
3094 861 3271 930 inquit
3291 862 3357 926 ⁵³,
3395 872 3638 931 peccator

2044 956 2274 1026 justum.
2309 956 2630 1011 Considerat
2668 963 2723 1008 et
2769 955 3009 1009 intuetur
3035 963 3289 1024 peccator
3323 954 3551 1025 justum,
3579 964 3637 1009 et

2053 1048 2232 1117 gravis
2283 1056 2365 1103 est
2418 1048 2467 1103 ei
2512 1048 2580 1102 ad
2620 1047 2933 1111 videndum,
2975 1054 3032 1101 et
3070 1046 3191 1101 ideo
3234 1047 3544 1102 considerat
3578 1055 3638 1102 ut

2054 1141 2214 1194 morti
2234 1154 2355 1195 eum
2386 1141 2563 1194 tradat
2587 1156 2601 1193 :
2621 1138 2764 1210 quod
2782 1136 3025 1194 fecerunt
3048 1138 3163 1192 sine
3183 1138 3344 1193 dubio
3376 1136 3640 1192 adversus

2054 1232 2389 1289 Salvatorem
2422 1232 2495 1287 illi
2521 1232 2612 1303 qui
2652 1232 2943 1303 prophetas
2989 1231 3326 1296 occiderunt,
3374 1237 3429 1285 et
3467 1228 3635 1284 Deum

2052 1329 2470 1395 cruciﬁxerunt,
2524 1339 2579 1385 et
2624 1343 2723 1384 nos
2766 1329 3036 1398 persecuti
3079 1336 3207 1382 sunt
3253 1327 3418 1381 etiam
3469 1339 3636 1389 nunc,

2050 1420 2371 1490 ctpopulum
2394 1420 2486 1474 Dei
2505 1420 2594 1490 qui
2623 1427 2707 1474 est
2727 1418 2954 1486 Christi,
2975 1419 3026 1473 id
3053 1416 3379 1485 estjustitiae
3407 1414 3641 1484 discipu-

2051 1510 2153 1576 los,
2179 1510 2523 1565 considerant
2551 1516 2604 1564 et
2625 1508 2783 1564 morti
2810 1508 3022 1563 tradere
3047 1507 3364 1578 cupiunt,et
3388 1513 3641 1576 quierunt

2050 1599 2383 1657 mortiﬁcare
2419 1614 2535 1655 eos.
2580 1598 2685 1654 Sed
2716 1599 2847 1668 quid
2891 1599 3022 1655 dicit
3060 1598 3290 1669 populus
3339 1597 3430 1653 Dei
3461 1597 3641 1668 justus

2050 1701 2106 1748 et
2140 1691 2367 1763 iustitia:
2395 1691 2731 1761 discipulus?
2760 1691 2853 1746 Ille
2891 1692 3062 1746 utitur
3092 1692 3257 1746 verbo
3290 1691 3555 1761 Magistri,
3583 1701 3633 1748 et

2054 1786 2183 1841 dicit
2205 1785 2285 1842 “z
2318 1784 2440 1840 Non
2474 1785 2689 1838 haberes
2723 1784 2777 1839 in
2798 1799 2877 1838 me
2907 1792 3235 1854 potestatem,
3262 1787 3363 1840 nisi
3394 1786 3489 1839 tibi
3511 1786 3641 1841 data

2054 1889 2185 1934 esset
2222 1880 2465 1943 desuper.
2496 1877 2679 1933 Potest
2713 1878 2815 1933 hoc
2843 1886 2896 1933 et
2926 1878 2979 1932 in
3021 1888 3263 1947 tempore
3298 1878 3638 1946 persecutio-

2053 1967 2140 2023 nis
2174 1967 2455 2037 gentilium
2492 1967 2557 2021 de
2604 1968 2808 2023 sanctis
2855 1967 3188 2039 martyribus
3227 1976 3282 2023 et
3310 1967 3639 2025 confessori-

2051 2060 2154 2115 bus
2202 2060 2400 2131 aptari.
2451 2061 2815 2117 Considerant
2862 2062 3008 2116 enim
3059 2062 3211 2132 impii
3262 2069 3640 2130 persecutores

2052 2168 2495 2222 unumquemque
2554 2154 2825 2223 justorum
2893 2163 2947 2209 et
3003 2164 3253 2224 quaerunt
3308 2154 3640 2209 mortiﬁcare

2052 2260 2199 2304 eum.
2241 2244 2346 2300 Sed
2381 2261 2450 2300 ne
2506 2261 2757 2302 securum
2803 2247 2992 2302 reddat
3038 2246 3190 2317 pacis
3240 2254 3482 2315 tempore
3535 2245 3638 2301 ista

2056 2338 2179 2393 talis
2227 2338 2518 2408 expositio,
2560 2347 2831 2393 memento
2882 2337 3009 2408 quia
3054 2337 3427 2407 quotidianum
3475 2338 3642 2392 habet

2048 2431 2229 2502 justus
2257 2439 2662 2501 persecutorem
2690 2430 2989 2494 diabolum,
3019 2438 3073 2485 et
3103 2432 3191 2486 ille
3218 2438 3301 2486 est
3331 2429 3423 2500 qui
3455 2431 3640 2484 consi-

2055 2525 2207 2577 derat
2239 2522 2464 2592 justum.
2499 2519 2789 2575 lnsidiatur
2829 2519 2973 2574 enim
3016 2533 3228 2590 semper
3274 2528 3332 2573 et
3371 2518 3511 2572 sicut
3554 2516 3641 2571 leo

2056 2615 2280 2686 rugiens
2325 2614 2521 2670 circuit
2552 2628 2807 2684 quaerens
2852 2628 3016 2684 quem
3066 2617 3395 2666 transvoret.
3439 2607 3548 2663 Sed
3593 2608 3642 2663 si

2054 2708 2161 2763 ﬁde
2190 2707 2382 2778 plenus
2415 2720 2474 2762 es
2505 2715 2561 2762 et
2601 2705 2830 2762 conﬁdis
2862 2704 2916 2759 in
2948 2702 3198 2767 Domino,
3231 2702 3354 2756 vide
3386 2700 3516 2770 quid
3557 2714 3643 2754 τεο

2052 2798 2404 2869 promittatur
2454 2797 2503 2831 “
2548 2816 2561 2853 :
2612 2797 2869 2852 Dominus
2920 2804 3095 2849 autem
3153 2811 3257 2848 non
3316 2792 3643 2863 derelinquet

2051 2908 2171 2948 eum
2202 2893 2258 2946 in
2284 2891 2526 2945 manibus
2558 2890 2695 2958 ejus,
2731 2887 3036 2958 peccatoris
3082 2885 3309 2948 scilicet,
3356 2900 3448 2938 nec
3488 2891 3641 2937 dam-

2052 2982 2196 3036 nabit
2233 2998 2353 3035 eum
2378 2997 2499 3036 cum
2534 2980 2871 3050 judicabitur
2903 2977 3005 3033 illi.
3056 2976 3355 3046 Dupliciter
3388 2972 3643 3044 intelligit

2050 3074 2153 3129 hoc
2186 3074 2330 3144 quod
2366 3073 2464 3139 ait,
2485 3070 2818 3142 judicabitur
2851 3068 2951 3133 illi,
2982 3069 3033 3123 id
3064 3076 3149 3123 est
3185 3067 3304 3123 sive
3340 3082 3464 3121 cum
3486 3065 3639 3133 judi~

356 3159 563 3229 judicio
606 3162 748 3220 Deus
778 3174 961 3220 utatur
997 3169 1048 3222 in
1083 3170 1328 3240 singulis,
1356 3172 1554 3239 quibus
1593 3173 1949 3241 providentiae
1975 3185 2023 3249 ο
2054 3173 2213 3221 catur
2242 3166 2421 3236 jusws
2469 3180 2500 3219 a
2545 3165 2675 3227 Deo.
2713 3163 2828 3217 sive
2867 3177 2990 3216 cum
3030 3163 3144 3231 ipse
3189 3159 3332 3216 Deus
3360 3160 3643 3229 iudicatur

362 3269 475 3309 sua:
505 3256 1102 3325 dispensationibuszsi
1145 3262 1269 3331 quis
1310 3263 1504 3331 dignus
1554 3264 1720 3320 luerit
1768 3268 1950 3322 consi-

363 3346 556 3401 derare
586 3355 640 3401 et
671 3350 984 3419 perspicere
1022 3353 1294 3421 quomodo
1329 3353 1535 3423 judicia
1587 3354 1680 3410 Dei
1720 3356 1951 3429 abyssus

364 3435 534 3492 multa
565 3448 681 3503 est;
719 3455 841 3494 cum
866 3442 1081 3511 plenius
1118 3444 1356 3513 recipere
1382 3448 1684 3518 poterimus
1715 3452 1948 3520 gratiam

362 3527 590 3597 spiritus
636 3531 778 3587 illius
829 3535 923 3603 qui
966 3536 1148 3590 omnia
1201 3548 1595 3609 perscrutatur,
1624 3543 1786 3598 etiam
1839 3544 1949 3600 alta

360 3616 479 3685 Dei,
513 3628 642 3677 tunc
672 3638 797 3679 vere
824 3634 878 3680 et
905 3625 1113 3698 integre
1142 3631 1439 3686 secundum
1466 3635 1772 3704 prophetici
1797 3636 1947 3694 verbi

361 3708 766 3768 distinctionem
795 3714 975 3787 lingua
1002 3718 1131 3788 justi
1173 3719 1425 3790 loquetur
1450 3724 1652 3794 judicia
1685 3727 1803 3784 Dei.

432 3802 488 3859 ὅ.
510 3802 621 3858 Lex
644 3804 740 3859 Dei
763 3806 875 3876 ejus
893 3809 948 3861 in
978 3811 1134 3864 corde
1154 3811 1319 3878 ipsius
1334 3814 1400 3868 δ’.
1419 3813 1535 3871 Νοη
1567 3817 1740 3874 solum
1771 3819 1823 3874 in
1852 3835 1950 3878 ore

352 3890 534 3960 justus
585 3895 933 3952 meditabitur
982 3901 1329 3971 sapientiam,
1365 3912 1419 3960 et
1464 3906 1643 3978 lingua
1697 3910 1949 3981 loquetur

352 3984 638 4054 judicium,
665 3989 757 4042 sed
784 4000 841 4045 et
871 3992 924 4044 in
952 3993 1115 4047 corde
1148 4009 1250 4051 suo
1279 3995 1454 4067 legem
1490 3997 1583 4053 Dei
1616 4002 1793 4071 gerit;
1819 4006 1947 4073 quia

357 4073 445 4130 lex
476 4074 621 4129 velut
660 4078 811 4133 radix
852 4081 1097 4147 quaedam
1144 4083 1196 4139 iu
1230 4084 1498 4154 profundo
1530 4091 1712 4147 cordis
1744 4095 1942 4163 posita,

357 4168 629 4239 germinat
654 4170 817 4225 verba
844 4169 1092 4240 iustitiae,
1131 4180 1296 4233 verba
1318 4181 1651 4248 sanctitatis,
1683 4200 1802 4255 quae
1826 4203 1948 4258 pro-

356 4259 462 4314 tert
489 4260 672 4330 justus
706 4263 771 4319 de
801 4267 966 4320 corde
993 4281 1112 4333 suo,
1144 4278 1199 4326 et
1230 4286 1337 4326 non
1367 4273 1540 4329 solum
1577 4278 1822 4344 verbum,
1852 4293 1946 4333 ve-

356 4366 476 4407 rum
506 4363 560 4410 et
593 4364 747 4411 actus
772 4357 936 4411 etiam
967 4368 1023 4413 et
1051 4369 1228 4432 gesta.
1252 4362 1421 4419 Judaei
1458 4380 1597 4435 pene
1630 4368 1943 4427 indesinen-

355 4452 439 4501 ter
468 4444 640 4517 legem
671 4446 767 4504 Dei
796 4464 893 4505 ore
925 4467 1023 4508 suo
1054 4463 1109 4508 et
1135 4453 1294 4511 labiis
1325 4458 1678 4529 meditantur,
1712 4467 1805 4517 sed
1834 4480 1939 4521 non

2051 3274 2174 3315 cum
2199 3258 2368 3328 justo.
2398 3255 2735 3327 Frequenter
2763 3254 2907 3311 enim
2934 3254 3117 3309 divina
3162 3252 3446 3323 Scriptura
3478 3252 3643 3308 docet.

2051 3354 2166 3407 haec
2213 3350 2352 3417 ﬁeri,
2384 3350 2569 3405 dicens
2590 3348 2639 3381 ⁸⁸
2669 3347 2795 3417 quia
2843 3347 2953 3417 ipse
2986 3346 3241 3401 Dominus
3282 3345 3335 3400 in
3365 3344 3641 3415 judicium

2048 3440 2238 3495 veniet.
2275 3439 2412 3494 Cum
2452 3453 2582 3508 ergo
2622 3436 2955 3507 iudicabitur
2992 3437 3173 3506 justus
3213 3452 3337 3492 cum
3381 3435 3636 3501 Domino,

2050 3549 2155 3589 non
2204 3533 2679 3599 condemnabitur,
2705 3544 2759 3587 et
2804 3532 2923 3588 ideo
2956 3531 3087 3587 dicit
3109 3531 3156 3564 "
3186 3548 3197 3582 :
3237 3529 3500 3598 Exspecta
3527 3530 3643 3587 Do-t

2050 3623 2290 3691 minum;
2338 3625 2390 3680 id
2421 3633 2506 3680 est
2554 3624 2598 3680 si
2636 3624 2938 3691 tribularis,
2968 3624 3015 3679 si
3065 3626 3119 3679 in
3164 3625 3429 3695 angustiis
3463 3638 3545 3691 es,
3591 3626 3648 3679 si

2053 3716 2106 3773 in
2157 3715 2646 3786 persecutionibus,
2683 3724 2925 3786 exspecta
2971 3715 3277 3779 Dominum,
3328 3723 3378 3770 et
3430 3716 3647 3771 custodi.

2049 3810 2185 3864 viam
2212 3811 2348 3881 ejus,
2378 3825 2479 3867 nec
2521 3810 2761 3866 declines
2803 3811 2871 3865 ad
2919 3811 3200 3865 dexteram
3240 3825 3417 3879 neque
3454 3811 3522 3864 ad
3561 3811 3641 3864 si-

2049 3903 2298 3959 nistram.
2330 3902 2387 3959 Si
2418 3904 2565 3958 enim
2599 3902 3054 3959 indeclinabiliter
3096 3903 3502 3972 exspectaveris
3532 3904 3638 3958 Du-

2050 3990 2280 4058 miuum,
2314 3991 2634 4060 adipisceris
2670 3992 2803 4047 illud
2836 3993 2981 4061 quod
3012 3994 3299 4063 sequitur:
3333 3993 3399 4046 Et
3436 3994 3641 4049 exaltu-

2049 4082 2118 4135 bit
2142 4091 2210 4148 te,
2242 4082 2415 4151 inquit
2436 4082 2876 4151 ",utltazredites
2898 4092 3112 4138 terram.
3143 4082 3478 4153 Frequenter
3497 4085 3638 4138 dixi-

2047 4189 2169 4229 mus
2200 4176 2267 4232 de
2313 4185 2457 4229 terra
2501 4185 2711 4243 saneta,
2744 4186 2798 4231 et
2841 4177 2909 4231 de
2959 4187 3102 4233 terra
3148 4192 3270 4248 qua:
3312 4177 3366 4230 in
3404 4177 3637 4231 hatrcdi-

2050 4275 2216 4321 tatem
2269 4268 2694 4338 promissionum
2749 4269 3053 4325 cmlestium
3096 4270 3431 4336 nominatur,
3481 4270 3637 4337 cujus

2048 4368 2253 4415 naturae
2278 4360 2441 4414 etiam
2471 4362 2607 4417 situs
2631 4363 2794 4433 paulo
2824 4363 3131 4419 evidentius
3154 4364 3204 4417 in
3233 4364 3335 4418 hoc
3365 4364 3635 4419 versiculo

2046 4450 2380 4522 designatur.
2436 4452 2574 4508 Nam
2618 4454 2722 4510 ista
2772 4465 2918 4510 terra
2965 4457 3018 4510 in
3070 4471 3174 4526 qua
3225 4471 3369 4511 nunc
3399 4456 3634 4512 vivimus

355 4536 556 4592 habent
591 4552 710 4593 eam
741 4539 792 4594 in
821 4543 1092 4610 profundo
1122 4547 1303 4601 cordis
1328 4547 1584 4616 deﬁxam,
1613 4561 1667 4605 et
1692 4565 1940 4624 propter-
1973 4533 2018 4589 Ι)
2048 4544 2307 4601 deorsum
2351 4560 2472 4601 esse
2517 4546 2738 4613 dicitur,
2780 4548 3079 4604 secundum
3132 4548 3263 4604 illud
3313 4550 3455 4621 quod
3498 4551 3636 4606 scri-

354 4643 417 4684 ea
449 4630 649 4685 dicitur
684 4632 752 4687 ad
780 4646 876 4689 eos
901 4634 947 4667 ”
976 4653 991 4690 :
1026 4632 1263 4706 Populus
1307 4639 1390 4693 hic
1433 4640 1587 4698 labiis
1634 4661 1716 4700 me
1769 4647 1939 4702 Itono-

354 4731 478 4812 rot,
522 4740 615 4778 cor
654 4738 831 4782 autem
886 4746 1068 4784 eorum
1100 4729 1253 4802 longe
1286 4743 1363 4788 est
1414 4752 1449 4789 a
1493 4753 1595 4792 me.
1650 4736 1759 4794 Nos
1810 4756 1940 4812 ergo

354 4811 398 4865 si
427 4814 724 4870 secundum
763 4820 863 4873 hoc
887 4821 1032 4891 quod
1068 4821 1320 4893 legimus,
1355 4840 1451 4882 ore
1495 4838 1686 4885 nostro
1720 4811 1938 4901 sapien-

358 4902 485 4956 tiam
526 4905 855 4963 meditemur
897 4921 952 4965 et
992 4912 1174 4985 lingua
1225 4926 1411 4973 nostra
1458 4918 1749 4990 loquamur
1788 4924 1935 4994 judi-

352 4994 519 5063 cium,
553 5006 608 5052 et
650 4997 735 5053 lex
765 4999 858 5056 Dei
906 5003 978 5057 sit
1027 5005 1079 5059 in
1128 5009 1384 5064 cordibus
1413 5014 1638 5079 nostris,
1670 5014 1936 5085 adipisce-

354 5104 476 5145 mur
514 5091 646 5147 illud
677 5095 818 5167 quod
849 5097 1097 5166 sequitur
1121 5100 1167 5132 ⁵⁸
1202 5115 1218 5157 :
1262 5101 1332 5156 Et
1368 5119 1471 5158 non
1514 5107 1935 5175 supplantabun-

352 5192 441 5275 tur
466 5202 675 5256 gressus
723 5187 858 5257 ejus.
906 5188 1043 5247 Puto
1099 5208 1197 5249 nos
1241 5198 1571 5257 meminisse
1593 5215 1780 5257 eorum
1817 5220 1937 5275 qua:

343 5272 551 5333 dudum
584 5280 648 5335 de
677 5282 957 5351 gressibus
986 5285 1409 5355 disputavimus,
1442 5303 1495 5347 et
1534 5308 1670 5363 opus
1716 5308 1801 5352 est
1836 5272 1935 5357 nos

345 5368 402 5423 in
436 5372 755 5428 memoriam
786 5390 1044 5431 revocare
1074 5393 1193 5447 quae
1218 5379 1360 5435 dicta
1388 5392 1537 5450 sunt,
1562 5396 1621 5441 ut
1654 5388 1935 5447 videamus

343 5460 620 5529 quomodo
653 5461 1017 5533 ingredientes
1044 5469 1263 5537 quidam
1299 5472 1722 5542 supplantantur
1764 5488 1820 5535 et
1856 5481 1935 5536 ef-

345 5549 650 5611 funduntur
673 5569 891 5625 gressus
927 5572 1137 5618 eorum.
1170 5560 1324 5628 Quod
1369 5566 1413 5621 si
1455 5570 1690 5627 servatis
1720 5573 1774 5629 in
1816 5592 1930 5631 me-

2045 4646 2200 4707 ptum
2238 4646 2321 4695 est
2352 4638 2400 4671 ⁸⁸
2427 4657 2440 4693 :
2483 4638 2627 4694 Deus
2659 4650 2835 4694 autem
2866 4640 2919 4695 in
2945 4641 3072 4695 ctelo
3096 4658 3325 4711 sursum,
3363 4653 3420 4696 tu
3455 4653 3633 4696 autem

2047 4730 2101 4783 in
2134 4738 2274 4784 terra
2301 4730 2568 4785 deorsum.
2599 4729 2693 4786 Illa
2736 4737 2917 4787 autem
2960 4741 3103 4787 terra
3146 4750 3268 4805 qua:
3311 4737 3363 4793 in
3408 4738 3635 4794 hatredi-

2048 4828 2211 4876 tatem
2240 4821 2403 4891 justis
2433 4825 2792 4891 promittitur,
2834 4838 2940 4879 non
2972 4826 3248 4895 deorsum,
3282 4828 3378 4884 sed
3411 4845 3629 4885 sursum

2047 4928 2172 4970 esse
2198 4916 2554 4985 promittitur.
2591 4918 2883 4990 Pr0pterea
2931 4921 2998 4976 ad
3049 4936 3173 4975 eum
3219 4923 3311 4993 qui
3350 4932 3635 4993 exspectat

2045 5011 2214 5083 67⁸1
2255 5010 2542 5067 Dominum
2594 5020 2649 5067 et
2693 5014 2932 5068 custodit
2969 5012 3111 5067 viam
3153 5012 3293 5084 ejus,
3326 5015 3403 5069 ait
3437 5030 3635 5086 repro:

2048 5104 2330 5161 missionis
2364 5120 2546 5161 sermo
2574 5122 2589 5159 :
2618 5104 2896 5159 Exaltabit
2927 5115 2977 5159 te
3003 5115 3062 5160 ut
3095 5106 3374 5162 lueredites
3404 5118 3627 5163 terram.

2046 5195 2160 5253 Nisi
2194 5198 2340 5253 enim
2377 5198 2501 5268 quis
2545 5198 2820 5255 exaltetur
2855 5209 2913 5256 et
2958 5201 3221 5256 ascendat
3265 5201 3318 5255 in
3369 5199 3536 5256 altum
3572 5211 3631 5254 et

2046 5288 2316 5345 etﬁciatur
2355 5289 2616 5355 caelestis,
2659 5306 2767 5347 non
2812 5300 2990 5362 potest
3037 5293 3419 5349 haereditatem
3468 5302 3629 5348 terra:

2045 5384 2189 5439 illius
2219 5384 2501 5455 consequi.
2548 5383 2705 5441 Unde
2747 5399 2848 5454 ego
2878 5386 3135 5450 arbitror,
3168 5387 3293 5457 quia
3327 5386 3469 5440 sicut
3502 5386 3625 5441 caeli

2045 5479 2227 5544 istius,
2259 5478 2311 5533 id
2344 5487 2427 5533 est
2457 5477 2810 5545 ﬁrmamenti,
2841 5476 3070 5533 inferius
3113 5478 3291 5534 solum
3322 5477 3476 5532 arida
3506 5478 3624 5533 lucc

2044 5576 2096 5631 in
2131 5588 2237 5644 qua
2281 5587 2379 5628 nos
2424 5570 2760 5637 habitamus,
2812 5579 2959 5625 terra
3013 5567 3133 5639 ejus
3173 5570 3417 5625 dicitur:
3448 5570 3521 5625 ita
3570 5581 3629 5624 et

344 5805 391 5839 η
418 5739 461 5773 ⁸’
494 5740 648 5797 Rom-
678 5758 753 5808 XI.
781 5745 871 5801 55-
946 5748 990 5826 ξ’
1022 5749 1039 5802 Ι
1068 5750 1323 5816 COI’JHI.
1354 5754 1438 5808 H-
1520 5756 1561 5790 ”
1592 5757 1731 5813 Psal.
1758 5778 1943 5827 xxxrt,
1971 5766 2059 5820 51.
2137 5762 2300 5817 “lsa.
2332 5778 2485 5825 xxxx,
2520 5763 2604 5818 15.
2679 5760 2887 5816 "Psal.
2917 5776 3104 5822 xxxvi,
3126 5760 3214 5815 3|.
3291 5762 3338 5794 ”
3369 5762 3497 5819 ibid.
3529 5762 3621 5817 32.

421 5808 581 5865 Juau.
616 5816 842 5865 nauli.
922 5818 967 5851 ιι
1000 5819 1085 5865 υς-
1120 5824 1401 5865 “una:
1496 5828 1540 5861 ss
1583 5828 1660 5865 ιρι.
1856 5836 1910 5865 u
2016 5836 2061 5865 Is
2104 5834 2167 5865 υ..
2233 5849 2394 5865 ........
2462 5833 2523 5865 ὐ
2628 5832 2815 5865 s1:t.:.|
2918 5833 2965 5865 ιι
2996 5832 3150 5865 νομί..
3206 5848 3237 5865 ν
3286 5833 3304 5865 ι

455 5827 581 5870 usu.
616 5816 842 5884 x1x,ll.
922 5818 967 5851 ⁵³
997 5819 1085 5878 Ps.
1118 5824 1417 5895 sxth,35.
1496 5828 1540 5861 ⁵³
1583 5828 1679 5887 lsa.
1736 5848 1817 5902 tu,
1856 5816 1943 5892 ιιί
1976 5816 2061 5871 “'5
2100 5816 2207 5893 Ps.
2232 5816 2419 5903 mn,
2461 5816 2573 5891 δι(
2628 5834 2672 5873 ⁵ι⁷
2707 5832 2840 5891 ibid.
2918 5833 2965 5866 ”
2993 5816 3171 5890 Eccle.
3206 5833 3334 5900 v.1.
