4110 6382
501 334 641 391 1365

1919 322 2011 377 EX
2049 320 2351 379 ORIGENE

3629 335 3765 391 i565

499 453 647 508 illius
676 446 973 519 superioris
1006 444 1146 515 quod
1195 441 1574 513 principaliter
1608 442 1804 498 coelum
1856 442 2075 509 dicitur,
2108 447 2155 504 Α
2184 442 2457 499 caloribus
2482 451 2536 499 et
2557 445 2832 515 superbis,
2854 455 3063 502 certum
3088 456 3173 503 est
3198 463 3323 504 eum
3348 465 3452 504 non
3475 451 3759 517 transisse,

495 540 725 599 inferius
753 540 929 595 solum
964 539 1016 592 in
1049 551 1155 606 quo
1192 534 1535 590 habitatores
1558 533 1635 589 illi
1665 534 1917 590 caelestes
1946 549 2079 589 eon-

496 642 807 698 versantur,
843 641 918 697 et,
954 637 1014 684 ut
1058 630 1135 683 ita
1176 627 1374 694 dicam,
1409 628 1631 685 dorsum
1667 627 1840 695 ipsum
1887 626 2076 681 ﬁrma—

498 725 665 783 menti
702 721 879 790 hujus,
920 720 1137 787 merito,
1178 730 1237 776 ut
1269 720 1397 782 dixi,
1438 728 1581 774 terra
1619 719 1763 773 illius
1799 719 1920 772 coeli
1955 734 2077 773 esse

497 818 699 874 dicitur
732 834 743 870 :
770 814 863 869 sed
894 823 1039 868 terra
1077 815 1240 878 bona,
1272 820 1416 866 terra
1453 821 1668 875 sancta,
1703 822 1847 865 terra
1879 812 2073 875 nmlta,

497 917 641 962 terra
674 907 944 974 vivorum,
978 918 1123 963 terra
1154 904 1327 961 fluens
1367 905 1448 959 lae
1484 914 1537 959 et
1575 905 1675 960 mel
1709 924 1720 957 :
1752 915 1803 959 et
1837 905 1959 960 ideo
1995 906 2076 960 di-

495 996 572 1051 cit
604 1014 748 1054 nunc
783 1012 966 1054 sermo
1003 998 1219 1055 divinus
1256 1014 1271 1054 :
1306 997 1576 1052 Exattabit
1623 1006 1673 1050 te
1706 1006 1760 1050 ut
1797 996 2073 1051 hrrredites

494 1097 717 1145 terram.

565 1185 620 1240 5.
641 1182 772 1239 Cum
797 1184 1048 1252 perierint
1062 1193 1355 1251 peccatores
1378 1184 1571 1238 videbis
1592 1184 1657 1237 ⁵⁸.
1674 1181 1941 1236 Fortassis
1970 1181 2074 1236 hoc

494 1277 647 1346 prius
693 1275 822 1341 erit,
858 1284 919 1329 ut
974 1286 1291 1345 peccatores
1339 1286 1395 1329 ct
1450 1275 1641 1344 impios
1682 1273 1816 1345 justi
1854 1273 2072 1326 videant

494 1367 903 1423 condemnatos.
962 1366 1121 1421 Prius
1174 1366 1318 1421 enim
1373 1365 1753 1436 peccatoribus
1811 1378 1984 1434 paena:
2017 1369 2073 1415 et

494 1459 761 1529 supplicia
793 1459 1160 1513 decernuntur
1191 1481 1201 1513 :
1229 1473 1348 1527 qua:
1394 1472 1518 1511 cum
1564 1456 1802 1511 viderint
1834 1455 1986 1525 justi,
2018 1461 2072 1509 et

495 1552 817 1623 agnoverint
849 1551 977 1620 quid
1022 1550 1237 1604 intersit
1272 1550 1415 1603 inter
1452 1551 1650 1604 bonam
1680 1548 1845 1602 vitam
1874 1556 1928 1601 et
1961 1562 2068 1601 ma-

496 1642 627 1708 lam,
656 1653 858 1698 etcum
892 1643 1264 1697 intellexerint
1310 1643 1447 1696 bene
1485 1640 1716 1696 vivendo
1744 1641 1812 1694 de
1848 1639 2069 1708 quantis

494 1735 770 1792 evaserint
802 1735 980 1801 malis,
1016 1736 1087 1790 ita
1122 1745 1180 1790 ut
1212 1736 1286 1791 illi
1316 1737 1407 1804 qui
1443 1736 1494 1789 in
1520 1735 1701 1805 poenis
1731 1742 1858 1787 sunt
1882 1733 2069 1789 viden-

493 1839 574 1884 tes
606 1842 699 1883 eos
749 1828 802 1882 in
849 1828 1020 1898 gloria
1067 1828 1252 1882 dicant
1285 1844 1298 1882 :
1332 1825 1445 1881 Nos
1496 1825 1645 1881 stulti
1691 1826 1851 1880 vitam
1884 1841 2067 1880 eorum

490 1920 802 1980 putabamus
854 1920 1191 1984 insaniam“,
1242 1928 1429 1988 postea
1464 1933 1593 1989 ergo
1628 1932 1791 1987 quam
1834 1916 2068 1971 viderint

488 2012 763 2082 quomodo
791 2018 1020 2080 pereunt
1068 2018 1409 2079 peccatores,
1447 2017 1575 2061 tunc
1605 2008 1705 2077 ipsi
1738 2004 2066 2060 exaltabun-

489 2114 577 2158 tur
613 2112 669 2159 et
708 2102 1004 2159 efl‘erentur
1040 2103 1107 2156 ad
1154 2101 1351 2155 malum
1390 2110 1449 2155 ut
1493 2100 1812 2155 btereditent
1843 2108 2064 2153 terram.

488 2194 646 2250 Nunc
691 2194 804 2264 jam
845 2206 1029 2248 sermo
1058 2200 1241 2246 monet
1282 2201 1334 2246 et
1363 2190 1605 2246 solamen
1642 2189 1861 2244 adhibet
1888 2204 2067 2244 causa:

489 2287 639 2351 huic,
666 2302 789 2355 quae
822 2286 1017 2341 crebro
1054 2285 1186 2340 satis
1216 2298 1308 2339 cor
1340 2298 1478 2353 pene
1508 2282 1747 2337 omnium
1785 2282 2063 2336 hominum

488 2378 692 2447 pulsat.
740 2376 874 2432 Nam
921 2377 1048 2446 quia
1089 2376 1407 2447 frequenter
1438 2390 1533 2429 nos
1581 2374 1783 2429 infirmi
1818 2375 2065 2430 videntes

488 2472 703 2541 iniquos
741 2484 992 2540 quosque
1045 2478 1101 2524 et
1151 2468 1346 2539 impios
1379 2469 1432 2522 in
1464 2468 1566 2522 hac
1607 2467 1716 2521 vita
1757 2482 1879 2523 eum
1915 2467 2063 2522 omni

486 2563 751 2618 felicitate
774 2562 1030 2632 degentes
1049 2571 1098 2617 et
1122 2560 1398 2631 prosperis
1418 2560 1760 2615 successibus
1784 2558 2062 2623 florentes,

487 2654 1035 2726 abundaredivitiis,
1085 2653 1407 2719 honoribus,
1458 2651 1687 2707 fecunda
1718 2660 1773 2706 et
1811 2652 2063 2706 universa

486 2748 640 2818 prole
678 2747 934 2818 gaudere,
980 2745 1191 2800 deliciis
1240 2743 1480 2809 ﬂuitare,
1532 2743 1967 2799 scandalizamur
2010 2751 2065 2797 et

485 2842 718 2898 elicimus
770 2841 821 2895 in
857 2839 1112 2894 cordibus
1142 2838 1347 2893 nostris
1383 2854 1397 2893 :
1434 2837 1537 2894 Ubi
1578 2846 1662 2893 est
1691 2836 1904 2905 justitia
1937 2837 2065 2892 Dei?

484 2938 541 2992 Si
587 2951 683 3007 per
720 2934 1118 3007 providentiam
1154 2934 1399 2987 divinam
1450 2946 1539 3001 res
1587 2940 1901 3001 agerentur,
1942 2944 2065 3000 per-

486 3029 725 3083 mitteret
755 3026 900 3081 Deus
942 3025 1089 3080 bnnc
1121 3025 1365 3094 iniquum
1396 3032 1448 3077 et
1482 3022 1705 3093 impium
1753 3023 1805 3077 in
1854 3030 2061 3077 tantum

2185 550 2283 591 nec
2329 537 2528 592 vidisse
2580 552 2701 607 quae
2737 552 2842 592 non
2879 547 3036 604 sunt,
3076 540 3169 595 sed
3218 556 3541 610 permanere
3570 543 3621 597 in
3659 545 3761 599 hoc

2180 629 2431 696 praesenti
2468 636 2633 695 statu,
2670 637 2727 684 et
2765 629 2973 686 idcirco
3009 632 3197 687 mirari
3226 634 3277 686 in
3322 638 3401 689 eis
3433 646 3761 704 praesentem

2181 719 2431 788 gloriam.
2482 719 2538 774 Si
2572 730 2753 775 autem
2799 737 2867 777 eo
2899 721 3061 776 modo
3094 732 3340 777 transeat
3371 738 3478 792 quo
3506 724 3761 791 superius

2181 813 2439 878 diximus,
2473 812 2525 866 id
2553 822 2639 867 est
2686 822 2869 867 mente
2896 824 2952 868 et
2985 830 3146 868 sensu
3183 817 3529 869 transcendat
3555 831 3583 867 a
3618 831 3759 885 prae—

2179 904 2424 963 sentibus
2451 913 2505 959 el
2535 905 2925 975 temporalibus
2954 907 3018 959 ad
3064 906 3246 961 futura
3279 917 3444 976 atque
3475 916 3759 976 perpetua,

2182 1006 2307 1051 tunc
2356 1011 2487 1050 vero
2534 996 2665 1051 dicit
2715 997 2782 1049 de
2826 1012 2890 1050 eo
2935 1011 3098 1065 quem
3147 997 3346 1050 viderit
3378 997 3579 1051 elatum
3617 998 3759 1051 sicut

2179 1089 2369 1143 cedros
2399 1088 2610 1153 Libani,
2642 1089 2768 1159 quia
2796 1087 3027 1155 Transii,
3082 1100 3127 1142 et
3161 1105 3277 1144 ecce
3305 1106 3408 1144 non
3439 1103 3593 1154 erat;
3622 1106 3756 1159 quo-

2179 1186 2322 1238 niam
2374 1196 2430 1237 et
2473 1186 2667 1241 ctelum
2714 1187 2889 1254 ipsum
2940 1196 2995 1240 et
3050 1195 3200 1241 terra
3238 1188 3569 1242 transibunt.
3601 1189 3754 1257 Apud

2179 1275 2345 1331 Deum
2374 1277 2553 1330 omnia
2585 1292 2704 1346 qua:
2740 1276 2921 1331 futura
2945 1290 3071 1332 sunt
3092 1280 3202 1347 jam
3230 1295 3326 1347 pro
3359 1279 3521 1334 factis
3551 1281 3754 1335 haben-

2178 1377 2281 1422 tur.
2319 1368 2558 1438 Denique
2603 1370 2879 1424 dicebat"
2912 1389 2923 1423 :
2960 1370 3226 1426 Dederuut
3276 1375 3331 1424 in
3379 1389 3552 1427 escam
3582 1356 3754 1427 meam

2175 1460 2270 1528 fel,
2314 1462 2457 1531 quod
2504 1462 2621 1517 sine
2658 1463 2821 1517 dubio
2873 1462 3113 1519 futurum
3150 1466 3325 1519 adhuc
3358 1477 3510 1531 erat,
3555 1475 3609 1520 et
3639 1466 3751 1536 jam

2176 1553 2378 1607 factum
2411 1553 2717 1609 dicebatur.
2763 1554 2827 1608 In
2860 1556 2947 1609 siti
2981 1572 3092 1609 mea
3128 1566 3439 1623 putaverunt
3472 1575 3552 1612 me
3576 1566 3750 1622 aceto,

2175 1654 2230 1697 et
2262 1661 2366 1699 non
2405 1646 2582 1699 dixit:
2610 1647 2893 1713 putabunt.
2945 1647 3036 1701 Sic
3069 1663 3197 1716 ergo
3242 1652 3383 1717 apud
3432 1649 3597 1703 Deum
3630 1665 3752 1719 qua:

2178 1737 2357 1791 futura
2398 1747 2542 1804 sunt,
2565 1736 2675 1805 jam
2707 1736 2846 1792 facta
2878 1740 3155 1796 dicuntur.
3186 1742 3337 1808 Quod
3369 1744 3411 1797 si
3444 1752 3498 1797 et
3529 1753 3581 1797 tu
3623 1743 3750 1798 imi-

2173 1836 2314 1883 tator
2338 1843 2397 1883 es
2425 1829 2542 1893 Dei,
2584 1838 2640 1884 et
2689 1830 2921 1885 imitaris
2963 1831 3263 1899 Christum,
3311 1848 3415 1887 non
3458 1843 3750 1903 exspectas

2172 1938 2457 1993 quousque
2503 1923 2605 1978 iste
2646 1924 2825 1979 elatus
2872 1924 3193 1978 humilietnr
3242 1935 3296 1980 et
3348 1928 3750 1997 exstinguatnr,

2170 2016 2263 2070 sed
2294 2018 2432 2085 apud
2469 2017 2811 2087 temetipsum
2844 2025 2897 2072 et
2926 2018 2977 2071 in
3023 2027 3204 2072 mente
3251 2027 3412 2090 atque
3440 2019 3622 2073 animo
3656 2028 3751 2073 tuo

2170 2110 2434 2166 transisse
2453 2126 2513 2166 ea
2535 2110 2647 2181 jam
2674 2112 2874 2173 cernis,
2893 2112 2936 2167 si
2964 2112 3079 2181 ipse
3101 2127 3259 2167 sensu
3286 2127 3349 2167 ac
3368 2122 3546 2168 mente
3574 2122 3751 2167 trans-

2167 2215 2262 2255 eas
2294 2216 2325 2255 a
2369 2202 2733 2268 praesentibus
2778 2203 2843 2255 ad
2879 2200 3080 2255 futura.
3117 2202 3321 2271 Accipe
3352 2210 3405 2255 et
3433 2201 3745 2270 exemplum

2170 2294 2235 2347 ad
2275 2294 2391 2348 haec
2433 2308 2552 2363 qua:
2597 2293 2846 2349 dicimus.
2902 2293 2960 2349 Si
3011 2295 3252 2363 navigas,
3292 2294 3346 2348 in
3379 2294 3503 2347 navi
3535 2294 3747 2361 positus

2170 2386 2321 2442 vides
2351 2395 2527 2443 terras
2554 2396 2610 2442 et
2637 2388 3010 2456 promontoria
3043 2395 3098 2440 et
3130 2394 3339 2440 montes
3370 2385 3745 2439 transeuntia:

2169 2491 2272 2531 non
2295 2476 2434 2545 quod
2456 2476 2544 2531 illa
2564 2478 2826 2532 continuo
2852 2487 3194 2541 moveantur,
3221 2475 3313 2531 sed
3351 2475 3475 2545 quia
3504 2484 3557 2527 tu
3588 2482 3750 2528 vento

2168 2582 2428 2637 prospero
2460 2567 2625 2623 flante
2659 2568 2880 2631 transis,
2914 2568 3007 2622 illa
3039 2584 3099 2623 se
3143 2568 3448 2623 subducere
3495 2565 3749 2620 videntur

2166 2674 2229 2713 ac
2258 2658 2426 2726 ferri;
2461 2660 2535 2714 ita
2569 2669 2624 2715 et
2654 2661 2705 2713 in
2737 2661 2838 2714 hoc
2868 2674 3002 2730 ergo
3044 2660 3087 2715 si
3132 2669 3322 2714 sancto
3350 2658 3557 2729 Spiritu
3597 2674 3750 2713 men—

2169 2760 2277 2804 tem
2307 2759 2452 2804 tuam
2484 2750 2743 2820 perflante
2766 2762 2821 2806 et
2852 2753 3119 2821 spirante,
3147 2750 3387 2806 secundo
3409 2761 3461 2805 et
3484 2765 3748 2819 prospero

2167 2844 2388 2916 naviges
2431 2858 2625 2908 cursu,
2682 2844 2987 2912 pertransis
3041 2857 3205 2897 sensu
3257 2851 3352 2895 tuo
3393 2842 3579 2893 omnia
3634 2842 3749 2895 haec

2165 2952 2285 3006 quae
2318 2937 2590 3001 videntur,
2624 2936 2752 3005 quia
2782 2933 3103 3004 temporalia
3137 2942 3285 2997 sunt,
3319 2941 3375 2987 et
3404 2931 3634 2986 intueris
3657 2930 3748 2984 illa

2166 3044 2285 3101 quae
2310 3040 2509 3084 attenta
2541 3037 2699 3092 sunt;
2730 3028 2848 3081 sine
2878 3026 3039 3081 dubio
3069 3024 3220 3086 dicis,
3249 3024 3375 3091 quia
3406 3023 3524 3077 lucc
3560 3021 3743 3077 omnia

485 3121 761 3178 felicitatis
811 3117 1141 3174 ascendere?
1176 3114 1467 3185 Pr0pterea
1519 3129 1649 3184 ergo
1683 3129 1832 3169 nunc
1879 3129 2061 3169 sermo
2089 3139 2132 3197 ε
2168 3135 2286 3187 quae
2309 3119 2698 3189 videnturjam
2729 3133 2835 3172 non
2878 3126 3025 3179 sunt,
3070 3116 3194 3185 quia
3233 3128 3331 3168 nec
3378 3114 3562 3165 futura
3597 3120 3744 3167 sunt.

480 3215 697 3270 divinus
742 3226 811 3269 ex
842 3224 1073 3279 persona
1106 3210 1378 3279 justorum
1419 3206 1606 3261 dicit"
1632 3226 1644 3259 :
1672 3204 1793 3260 Vidi
1837 3207 2059 3274 impium

482 3320 587 3360 non
619 3305 793 3360 solum
826 3301 1148 3363 exaltatum,
1200 3297 1293 3352 sed
1340 3295 1789 3365 superexaltatum
1816 3305 1862 3350 et
1890 3296 2061 3350 eleva-

480 3409 613 3462 tum,
662 3410 769 3449 non
808 3407 971 3463 super
1019 3390 1251 3446 arbores
1293 3387 1721 3457 qualescunque,
1774 3386 1871 3441 sed
1903 3401 2061 3454 super

481 3493 662 3547 cedros
697 3486 916 3552 Libani;
950 3493 1009 3539 ut
1039 3491 1092 3537 et
1123 3481 1287 3536 arbor
1320 3479 1535 3535 excelsa
1573 3479 1734 3533 nimis
1761 3478 1857 3542 sit,
1892 3486 1945 3532 et
1975 3477 2057 3532 lo-

480 3599 579 3638 cus
609 3580 807 3636 montis
835 3576 1054 3633 cunctis
1090 3572 1381 3637 excelsior,
1411 3580 1465 3625 et
1495 3581 1676 3625 tamen
1722 3569 1917 3624 videns
1944 3570 2059 3624 haec

480 3667 1266 3737 otttnia,transisi,inquit“,et
1292 3681 1407 3720 ecce
1432 3680 1534 3717 non
1562 3671 1697 3717 erat.
1731 3660 1869 3728 Quid
1902 3669 2061 3730 putas

482 3767 614 3824 illud
643 3774 727 3820 est
754 3765 898 3834 quod
930 3762 1126 3817 transit
1170 3761 1370 3831 justus,
1405 3766 1463 3812 ut
1515 3756 1613 3809 ista
1650 3763 1826 3809 cesset
1856 3751 2060 3808 elatio?

484 3857 541 3912 Si
563 3854 890 3913 meministis
916 3854 970 3908 in
993 3852 1371 3921 superioribus
1398 3863 1520 3904 cum
1541 3845 1849 3901 diceremus
1877 3853 2060 3899 trans-

485 3952 593 4006 isse
624 3945 842 4019 Moysen
886 3952 946 3999 ut
987 3944 1195 3999 videret
1223 3942 1491 3998 visionem
1524 3958 1802 4015 magnam,
1831 3943 2061 4012 potestis

480 4052 538 4098 ct
569 4055 708 4097 nunc
736 4039 879 4095 scire
909 4036 1041 4109 quid
1069 4044 1154 4090 est
1188 4036 1329 4105 quod
1373 4037 1612 4093 transire
1636 4033 2056 4104 diciturjustus.

480 4136 615 4190 Cum
643 4133 888 4189 videmus
918 4130 1107 4187 extolli
1158 4130 1356 4201 impios
1412 4138 1467 4184 et
1506 4129 1558 4182 in
1606 4128 1830 4183 nimiam
1864 4142 2058 4197 super-

484 4228 626 4281 biam
655 4237 922 4289 crescere,
956 4232 1297 4279 transeamus
1326 4231 1379 4276 et
1412 4236 1511 4276 nos
1542 4230 1723 4276 mente
1755 4228 1809 4274 et
1838 4218 2057 4274 intelle-

480 4330 569 4372 ctu
604 4317 673 4371 ab
722 4316 807 4372 bis
851 4330 971 4385 qua:
1010 4314 1266 4371 videntur
1316 4323 1373 4368 ct
1420 4312 1741 4382 temporalia
1796 4320 1949 4377 sunt,
2003 4318 2060 4364 et

484 4408 879 4464 transferamus
923 4422 1141 4463 sensum
1190 4415 1438 4461 nostrum
1486 4406 1554 4459 ad
1589 4419 1652 4457 ea
1688 4418 1809 4473 quae
1841 4418 1945 4458 non
1977 4401 2059 4455 vi-

2179 3209 2298 3264 Vidi
2327 3225 2455 3279 ergo
2506 3211 2724 3278 impium
2767 3206 3219 3274 superexattatum
3252 3215 3299 3259 et
3347 3204 3542 3258 elatum
3591 3217 3747 3273 super

2156 3297 2349 3357 'cedros
2369 3301 2583 3366 Libani,
2605 3310 2653 3355 et
2677 3299 2920 3366 transivi,
2942 3308 2989 3353 et
3014 3315 3127 3352 ecce
3156 3314 3257 3352 non
3282 3307 3414 3351 erat.
3452 3295 3631 3349 Movet
3664 3308 3749 3348 me

2167 3396 2401 3464 amplius
2429 3394 2604 3449 adhuc
2645 3392 2851 3463 aliquid
2894 3393 2943 3446 in
2984 3392 3087 3446 hoc
3127 3390 3266 3445 loco.
3313 3388 3481 3444 Video
3515 3388 3660 3443 ertim
3693 3396 3749 3443 et

2167 3489 2335 3545 alium
2374 3488 2596 3557 impium
2626 3488 2721 3557 qui
2753 3486 3026 3540 exaltatur
3052 3498 3215 3551 super
3241 3482 3438 3537 cedros
3471 3480 3661 3536 Libani
3693 3490 3748 3535 et

2167 3580 2466 3635 extollitur.
2514 3578 2649 3633 Cum
2698 3577 2844 3631 enim
2899 3576 3141 3630 haeretici
3196 3589 3363 3644 supra
3410 3573 3749 3627 conditorem

2170 3671 2338 3726 Deum
2368 3670 2470 3725 sibi
2507 3669 2714 3740 fingunt
2747 3666 2911 3721 alium
2954 3666 3241 3735 quemdam
3276 3665 3470 3731 Deum,
3504 3674 3558 3721 et
3590 3663 3748 3719 exal-

2170 3772 2352 3821 tantur
2397 3771 2561 3834 atque
2617 3762 2950 3818 extolluntur
3004 3760 3055 3812 in
3105 3759 3272 3814 verbo
3320 3758 3611 3822 mendacii,
3648 3771 3747 3811 ne-

2166 3862 2357 3924 gantes
2402 3862 2707 3909 creatorem
2757 3853 3002 3907 omnium
3050 3848 3237 3913 Deum,
3270 3849 3436 3904 Deum
3478 3863 3603 3902 esse
3650 3848 3749 3903 bo-

2168 3962 2319 4009 num,
2347 3946 2528 4016 impiis
2571 3944 2683 4001 suis
2710 3942 3189 4015 praedicationibus
3220 3940 3558 3995 extolluntur
3584 3955 3750 4009 supra

2166 4036 2363 4091 cedros
2418 4035 2653 4099 Libani,
2713 4032 3046 4089 adversariis
3111 4030 3326 4086 scilicet
3388 4033 3751 4101 potestatibus

2167 4126 2494 4190 eminentes,
2518 4140 2744 4194 quarum
2775 4122 3129 4193 inspiratione
3150 4120 3528 4189 hujuscemodi
3559 4122 3747 4176 adver-

2167 4232 2260 4273 sus
2305 4227 2607 4272 creatorem
2657 4216 2899 4269 omnium
2954 4216 3121 4271 Deum
3172 4224 3480 4270 commenta
3518 4214 3747 4269 simula-

2166 4314 2315 4371 runt,
2336 4320 2433 4376 pro
2453 4319 2518 4359 eo
2544 4304 2683 4374 quod
2708 4304 2878 4376 legem
2908 4305 3207 4359 secundum
3239 4304 3475 4360 litteram
3507 4313 3749 4358 tantum-

2166 4400 2327 4452 modo
2362 4396 2747 4466 intelligentes,
2796 4407 2850 4451 et
2899 4396 3198 4467 spiritalem
3246 4411 3366 4450 eam
3420 4410 3541 4450 esse
3593 4396 3750 4466 igno-

483 4502 681 4554 deutur
718 4506 773 4554 et
805 4510 1007 4552 aeterna
1039 4506 1183 4552 sunt.
1238 4494 1552 4567 Cogitemus
1589 4494 1908 4564 temporalia
1943 4496 2060 4548 haec
2092 4500 2141 4556 ι)
2168 4500 2374 4554 rantes,
2422 4489 2633 4559 decepti
2691 4498 2820 4544 sunt
2866 4488 2917 4543 in
2971 4486 3397 4558 cogitationibus
3441 4484 3575 4539 suis.
3634 4484 3747 4541 llos

482 4604 607 4647 esse
636 4600 692 4646 et
733 4603 1030 4661 paucorum
1078 4589 1286 4643 dierum
1336 4602 1458 4657 qua:
1490 4587 1743 4642 videntur
1770 4586 1931 4641 elata.
1972 4586 2061 4642 ln-

485 4692 731 4736 tueamur
750 4678 941 4748 judicii
976 4680 1140 4743 diem,
1173 4688 1229 4733 ct
1259 4679 1331 4732 ita
1360 4693 1523 4732 sensu
1558 4686 1746 4732 nostro
1776 4692 2064 4733 cernemus

490 4775 654 4827 istum
688 4774 780 4844 qui
806 4772 1243 4841 superesaltatus
1272 4779 1358 4824 est
1384 4779 1438 4823 et
1466 4769 1645 4824 elatus
1690 4769 1833 4823 sicut
1863 4770 2064 4825 cedrus

485 4866 700 4930 Libani,
739 4866 793 4921 in
832 4864 919 4919 die
946 4863 1136 4932 jndicii
1182 4864 1407 4918 omnino
1453 4877 1559 4916 non
1602 4878 1742 4917 esse.
1777 4862 1877 4930 Qui
1918 4865 2061 4918 enim

486 4972 591 5011 non
639 4966 720 5010 est
759 4957 1033 5026 particeps
1074 4954 1219 5011 illius
1269 4955 1359 5023 qui
1392 4969 1608 5022 semper
1635 4963 1739 5019 cst,
1773 4954 1823 5007 id
1861 4964 1942 5009 est
1972 4956 2064 5025 qui

485 5050 627 5105 dixit
656 5048 700 5082 ⁸³
726 5067 740 5104 :
772 5046 887 5119 Ego
919 5064 1034 5103 sum
1062 5048 1153 5119 qui
1182 5064 1322 5114 sum,
1355 5048 1456 5101 iste
1486 5062 1658 5115 neque
1685 5061 1805 5102 esse
1835 5046 2059 5102 dicitur.

488 5143 733 5212 Denique
764 5151 1080 5211 peccatores
1107 5156 1213 5195 non
1242 5150 1630 5211 computantur
1654 5156 1795 5195 esse.
1827 5139 1981 5196 Unde
2010 5152 2065 5197 et

414 5248 435 5267 ν
486 5236 777 5308 Apostolus
814 5235 881 5291 de
915 5235 1200 5290 vocatione
1234 5234 1475 5305 gentium
1510 5234 1791 5290 dicebat“
1823 5254 1837 5290 :
1880 5233 2060 5304 Elegit

489 5328 629 5382 Deus
660 5344 778 5398 qua:
806 5343 910 5381 non
941 5334 1085 5394 sunt,
1116 5337 1169 5380 ut
1218 5342 1279 5381 ea
1316 5342 1432 5397 qua:
1465 5337 1582 5380 sunt
1616 5326 1874 5381 destruat.
1914 5327 1977 5382 Et
2006 5327 2061 5382 in

487 5421 632 5475 libro
647 5419 844 5476 Esther
861 5418 1059 5475 dicitur
1073 5418 1147 5471 °':
1171 5417 1292 5471 Non
1314 5419 1515 5482 tradas,
1538 5416 1781 5483 Domine,
1807 5428 2063 5484 sceptrum

492 5521 638 5565 tuum
683 5512 765 5566 his
793 5511 885 5583 qui
918 5527 1022 5565 non
1070 5521 1212 5565 sunt.
1261 5511 1443 5565 Donec
1491 5525 1620 5581 ergo
1666 5509 1789 5580 quis
1839 5508 2068 5563 miratur

492 5603 760 5671 superbos
790 5604 842 5659 in
875 5604 1113 5660 elatione
1144 5619 1267 5670 sua,
1302 5604 1476 5659 donec
1510 5603 1763 5658 adulatur
1793 5602 1914 5671 quis
1943 5616 2070 5671 pec-

1205 5720 1247 5751 ⁶⁰
1275 5718 1402 5786 Sap.
1436 5733 1488 5782 v,
1524 5718 1576 5772 4.

1111 5791 1154 5820 ⁸⁵
1187 5788 1328 5844 Psal.
1364 5804 1553 5857 vatn,
1589 5787 1681 5843 22.

562 5716 605 5747 "
632 5716 773 5770 l’sal.
812 5733 999 5782 xxxvi,
1032 5719 1125 5772 54.

497 5785 538 5815 ⁸⁸
566 5785 782 5842 Esther.
818 5802 905 5842 ιιν
948 5789 1032 5843 il.

1658 5718 1698 5750 ”
1729 5716 1873 5772 Psal.
1932 5730 2119 5776 xxxvt,
2163 5714 2248 5769 35.

1761 5789 1803 5819 ⁸⁷
1830 5788 1988 5841 ilont.
2032 5799 2124 5839 vn.

2163 4594 2293 4651 ergo
2340 4595 2441 4651 ego
2487 4581 2531 4635 si
2586 4582 2793 4635 videam
2840 4588 2894 4631 et
2940 4589 3236 4638 transeam,
3302 4575 3441 4629 ultra
3478 4574 3592 4643 jam
3635 4587 3742 4626 non

2163 4682 2343 4727 erunt.
2393 4672 2532 4740 Quid
2589 4668 2905 4725 transeam?
2954 4669 2998 4721 si
3052 4675 3325 4718 transeam
3379 4664 3642 4728 litteram,
3697 4664 3741 4719 si

2166 4766 2538 4835 lransgrediar
2570 4763 2741 4835 673
2787 4761 3023 4813 historia:
3055 4756 3428 4826 superficiem,
3461 4766 3514 4809 et
3549 4771 3743 4826 perve-

2166 4855 2309 4908 niam
2338 4856 2404 4909 ad
2434 4871 2651 4909 sensum
2688 4851 3011 4919 spiritalem,
3047 4849 3307 4919 quoniam
3349 4849 3434 4901 lex
3482 4848 3744 4917 spiritalis

2163 4947 2333 5012 est",
2364 4946 2406 4999 si
2448 4944 2631 4999 omnia
2681 4942 2770 4996 illa
2807 4942 2860 4995 in
2903 4941 3100 5009 quibus
3144 4950 3334 4992 errant
3387 4949 3441 4993 et
3468 4938 3745 5007 decipiun-

2172 5053 2279 5105 tur,
2308 5040 2624 5111 spiritaliter
2650 5036 2955 5107 explanem,
2986 5034 3243 5105 dogmata
3272 5048 3463 5088 eorum
3494 5032 3658 5102 impia
3690 5042 3744 5085 et

2170 5133 2352 5203 iniqua
2384 5132 2497 5202 jam
2527 5144 2633 5184 non
2660 5135 2842 5183 erunt.
2874 5126 2939 5179 Et
2978 5126 3049 5179 ita
3095 5122 3477 5192 complebitur,
3511 5133 3565 5176 ut
3595 5122 3744 5177 exal-

2172 5233 2315 5278 tatus
2347 5221 2547 5293 impius
2577 5230 2631 5275 et
2661 5219 2833 5273 elatus
2876 5233 2961 5272 tne
2998 5224 3321 5270 transeunte
3359 5214 3472 5284 jam
3504 5230 3610 5269 non
3650 5213 3741 5269 sit.

2170 5315 2276 5371 Sed
2302 5325 2357 5369 et
2388 5330 2507 5369 cum
2548 5313 2809 5383 quaeritur
2838 5312 2991 5365 locus
3023 5308 3142 5379 ejus
3173 5323 3277 5362 non
3312 5308 3614 5363 invenitur.
3640 5305 3744 5362 Lo-

2168 5422 2265 5464 cus
2310 5405 2458 5475 impii
2505 5403 2804 5475 dogmatis,
2841 5401 3022 5456 littera
3072 5399 3210 5470 legis
3257 5408 3362 5465 est,
3403 5414 3524 5470 qure
3566 5398 3745 5454 littera

2172 5506 2392 5563 occidit.
2418 5504 2553 5559 Cum
2584 5517 2715 5573 ergo
2745 5515 2842 5555 n0s
2870 5516 2899 5555 a
2936 5500 3118 5555 littera
3144 5496 3429 5553 occidente
3455 5497 3747 5550 transimus

2176 5599 2243 5654 ad
2300 5599 2552 5670 spiritum
2585 5593 2977 5658 vivificantem,
3029 5606 3098 5646 ne
3145 5589 3298 5645 locus
3339 5588 3553 5657 quidem
3596 5586 3745 5654 impii

2330 5715 2372 5747 "
2408 5713 2535 5771 ibid.
2569 5713 2656 5768 '56.
2744 5710 2790 5743 θ’
2818 5707 2988 5765 Exod.
3022 5721 3104 5775 ιιι,
3138 5703 3224 5761 Η.
3299 5704 3339 5737 ⁸⁸
3372 5703 3398 5759 l
3415 5702 3536 5757 Cor.
3572 5718 3610 5769 t,
3654 5703 3743 5758 ‘28.
