4110 6432
438 344 578 400 ’1565

1121 338 1433 398 SELECTA
1469 337 1535 394 IN
1574 334 1914 393 PSALMOS.
1955 360 2026 372 -—-
2060 330 2298 389 HOMIL.
2336 331 2379 395 ν
2416 332 2481 387 lN
2514 331 2708 387 PSAL.
2753 329 2969 385 XXXVI

3547 332 3689 386 tace.
3746 402 3749 411 η

432 459 703 532 dogmatis
732 459 1012 530 repudiata
1035 458 1218 515 littera
1243 468 1425 530 potest
1448 458 1703 513 inveniri.
1729 456 2009 525 Quomodo
2039 457 2085 515 Α
2113 467 2299 508 eorum
2333 452 2424 522 qui
2465 453 2642 507 adhuc
2680 452 2735 505 in
2783 448 3214 521 profectionibus
3262 456 3423 511 sunt;
3462 462 3684 519 regnum

433 564 616 608 autem
656 555 952 622 qutcrimus
978 552 1141 606 eum?
1188 550 1321 606 Cum
1367 551 1707 620 disputamus
1743 549 2008 604 adversus

433 658 526 698 eos
557 652 760 699 etcum
805 645 1187 713 conquirimus
1227 642 1292 698 ad
1336 644 1596 708 invicem,
1650 652 1778 697 tunc
1812 641 2009 711 quaeri-

433 751 555 790 mus
585 736 762 790 locum
791 735 1061 802 dogmatis
1097 736 1242 790 illius
1271 736 1324 789 in
1354 735 1534 791 littera
1573 733 1708 804 legis
1746 733 2007 798 historiae,

432 835 487 880 et
510 824 818 881 ostenditur
847 827 1145 881 secundum
1179 826 1463 880 historiam
1497 831 1646 877 stare
1677 836 1783 876 non
1811 834 2004 890 posse:

433 926 610 971 amota
642 916 823 971 littera
857 932 920 971 ac
955 917 1178 986 reiecta,
1235 930 1504 983 nusquam
1540 914 1730 983 utique
1765 927 2011 981 quaeren-

435 1005 579 1061 tibus
607 1008 764 1063 nobis
803 1016 859 1062 et
911 1008 1306 1064 disserentibus
1350 1008 1501 1062 locus
1547 1005 1698 1074 impii
1743 1004 2011 1074 dogmatis

435 1095 731 1150 invenitur.

507 1186 559 1241 6.
596 1186 815 1241 Custodi
847 1188 1198 1242 innocentiam
1244 1198 1292 1242 et
1330 1188 1447 1242 vide
1481 1188 1864 1258 wquitatem“.
1895 1185 2009 1242 Cu-

434 1278 638 1332 stodirc
668 1278 1033 1333 innocentiam
1065 1294 1162 1334 nos
1196 1279 1446 1349 praecipit
1482 1293 1661 1333 sermo
1686 1278 1802 1333 Dei.
1836 1277 2013 1332 lntan-

434 1378 549 1425 tum
598 1371 906 1440 corruptela
955 1386 1163 1426 morum
1208 1370 1437 1440 profecit
1488 1371 1540 1424 in
1589 1369 1925 1431 hominibus,
1954 1377 2013 1424 ut

432 1462 573 1533 apud
601 1464 1034 1533 quamplurimos
1060 1464 1372 1518 innocentia
1404 1478 1504 1534 pro
1531 1462 1760 1518 stultitia
1798 1462 2013 1531 iudice-

432 1562 540 1609 tur:
558 1569 742 1608 verum
758 1555 1037 1624 Scriptura
1051 1569 1278 1610 summa:
1298 1556 1398 1611 hoc
1411 1556 1838 1627 virtutisiudicat
1852 1571 2008 1626 opus,

430 1645 554 1714 quia
588 1645 949 1702 innocentiam
977 1646 1189 1717 iudicat
1220 1646 1367 1701 illam
1392 1662 1512 1716 quae
1557 1648 1760 1703 nemini
1792 1658 2007 1711 noceat,

429 1733 699 1789 neminem
717 1734 893 1790 laedat.
914 1734 1047 1789 Dum
1071 1749 1201 1805 ergo
1216 1736 1374 1791 dicit:
1396 1735 1615 1791 Custodi
1638 1737 2007 1800 innocentiam,

2111 562 2239 603 vero
2288 547 2405 611 Dei,
2437 561 2645 609 eorum,
2696 545 2787 614 qui
2822 544 2933 614 iam
2977 543 3044 596 ad
3077 542 3379 611 perfectum
3424 552 3689 597 venerunt

2112 637 2299 694 finem.
2344 637 2493 693 Unde
2521 646 2576 691 et
2622 651 2764 690 nunc
2808 635 2959 689 salus
3002 632 3134 701 justi
3184 632 3323 699 apud
3370 631 3535 685 Deum
3566 645 3687 685 esse

2109 729 2334 793 dicitur,
2359 743 2482 783 cum
2510 727 2698 798 utique
2717 725 3047 794 perfectione
3069 724 3191 777 vita:
3216 736 3387 791 usque
3412 722 3478 776 ad
3508 722 3684 790 ipsum

2110 820 2399 874 Dominum
2447 817 2713 873 meruerit
2760 816 3064 885 pervenire.
3106 813 3172 867 Et
3216 820 3477 882 protector
3519 820 3593 865 est
3630 811 3687 864 in

2112 925 2337 983 tempore
2365 910 2802 967 tribulationis”.
2839 907 2990 974 Quod
3023 916 3104 961 est
3135 916 3344 974 tempus
3378 902 3683 957 tribulatio-

2111 1006 2216 1072 nis,
2256 1004 2359 1059 nisi
2411 1004 2514 1059 hoc
2570 1003 2622 1056 in
2662 1015 2770 1071 quo
2807 1014 3017 1066 sumus,
3067 1013 3191 1053 cum
3236 1011 3333 1067 per
3388 1003 3593 1049 arctam
3629 1002 3686 1046 et

2112 1108 2396 1167 angustam
2442 1097 2585 1150 viam
2640 1093 2944 1149 incedimus
2994 1104 3115 1160 quae
3168 1090 3315 1144 ducit
3360 1088 3427 1141 ad
3480 1084 3686 1139 vitam?

2112 1184 2168 1239 Si
2205 1196 2383 1239 tamen
2422 1199 2519 1255 per
2560 1192 2843 1254 angustam
2890 1180 3214 1243 incedimus,
3265 1191 3385 1247 quae
3430 1175 3579 1229 ducit
3616 1175 3686 1228 ad

2111 1277 2297 1341 vitam,
2347 1283 2401 1329 et
2449 1288 2554 1328 non
2591 1288 2688 1344 per
2728 1273 2871 1328 illam
2915 1269 3079 1324 latam
3125 1277 3183 1323 et
3226 1270 3525 1337 spatiosam
3563 1280 3685 1336 quae

2111 1367 2313 1421 divitiis
2362 1366 2619 1420 dilatatur
2667 1374 2722 1420 et
2772 1364 2988 1419 luxuria
3051 1361 3403 1426 dissolvitur,
3456 1372 3576 1427 quae
3628 1356 3686 1409 in

2111 1456 2291 1511 carnis
2319 1456 2687 1526 voluptatibus
2715 1455 3040 1519 emollcscit,
3072 1469 3192 1523 qum
3220 1447 3687 1527 presentem‘glo-

2112 1549 2248 1603 riam
2288 1547 2479 1616 diligit.
2528 1546 2732 1601 llorum
2781 1554 3058 1615 protector
3100 1560 3206 1599 non
3254 1543 3394 1596 Deus
3429 1548 3532 1603 est,
3588 1541 3687 1595 sed

2112 1638 2416 1693 Mammona
2444 1652 2667 1692 :eorum
2704 1649 2885 1693 autem
2914 1636 3004 1707 qui
3040 1636 3096 1717 in
3126 1635 3476 1690 tribulatione
3505 1641 3558 1687 et
3585 1648 3687 1687 an-

2113 1732 2292 1801 gustia
2325 1738 2475 1795 sunt,
2517 1738 2792 1799 protector
2836 1738 2920 1783 est
2965 1729 3128 1793 Deus,
3167 1728 3294 1797 quia
3330 1727 3513 1780 multa:
3558 1736 3687 1781 sunt

430 1825 533 1880 hoc
554 1828 802 1895 estquod
835 1841 935 1881 nos
968 1799 1188 1883 servare
1211 1820 1823 1898 praecipitutneminem
1844 1799 2006 1882 laeda?
2042 1799 2091 1853 Β
2117 1799 2496 1879 tribulationes
2529 1823 2827 1893 iustorum.
2863 1820 3219 1876 Tribulantur
3248 1820 3396 1875 enim
3430 1819 3686 1875 conside-

430 1931 573 1980 mus,
621 1918 821 1972 nemini
867 1932 1178 1973 noceamus.
1215 1917 1330 1973 Hoc
1370 1927 1552 1972 autem
1597 1919 1931 1981 obtinemus,
1962 1917 2006 1972 si

430 2022 645 2078 semper
673 2010 880 2065 intento
907 2011 1091 2066 animo
1122 2019 1176 2066 et
1203 2011 1451 2082 vigilanti
1479 2011 1762 2066 videamus
1789 2010 2011 2079 aequita-

429 2106 560 2169 tem.
588 2099 924 2171 AEquitatem
957 2117 1088 2173 ergo
1115 2102 1168 2157 in
1207 2104 1311 2158 hoc
1336 2104 1455 2159 loco
1500 2103 1579 2159 sic
1608 2102 1835 2171 accipio,
1865 2102 2007 2155 sicut

426 2189 733 2259 veritatem,
754 2193 889 2247 sicut
907 2191 1202 2261 iustitiam,
1227 2194 1370 2249 sicut
1387 2195 1576 2261 vitam,
1596 2193 1737 2262 quod
1755 2191 2007 2248 Christus

425 2286 527 2333 est.
561 2278 687 2336 Haec
714 2282 858 2337 enim
898 2284 1134 2341 videndo
1171 2284 1333 2341 simul
1377 2286 1543 2340 etiam
1595 2286 1763 2341 Deum
1794 2284 2006 2340 videbi-

426 2386 567 2428 mus.
601 2371 826 2427 Custodi
868 2389 999 2445 ergo
1042 2376 1399 2431 innocentiam
1440 2387 1489 2431 et
1524 2378 1639 2431 vide
1683 2378 2005 2448 wquitatem,

423 2464 677 2532 quoniam
698 2476 816 2519 sunt
846 2466 1081 2535 reliquia:
1112 2468 1311 2521 homini
1341 2469 1582 2538 paciﬁca.
1611 2468 1856 2540 Κείιυίῑο
1883 2485 2006 2540 qua:

423 2565 551 2608 sunt
583 2554 823 2624 reliquiae
871 2557 991 2612 istae
1029 2573 1151 2627 quae
1195 2560 1400 2614 homini
1444 2560 1673 2629 pacifico
1717 2576 2006 2616 reservan-

427 2646 546 2699 tur?
583 2644 864 2717 Reliquias
891 2649 1076 2704 dicere
1107 2651 1348 2706 solemus
1369 2666 1493 2706 cum
1520 2652 1752 2721 spiritus
1781 2667 2007 2724 separa-

423 2744 512 2790 tur
538 2751 567 2790 a
592 2751 841 2807 corpore,
870 2740 1014 2794 velut
1045 2741 1257 2808 majore
1294 2752 1449 2811 parte
1491 2742 1772 2798 hominum
1813 2744 1867 2799 in
1890 2746 2006 2815 spi-

425 2827 532 2882 ritu
562 2827 842 2898 deputata,
884 2846 1005 2899 qute
1029 2842 1280 2902 superest
1314 2848 1443 2903 pars
1487 2834 1735 2903 corporis
1763 2835 2011 2907 reliquias

424 2919 798 2976 nominantur.
843 2920 901 2975 Si
939 2936 1072 2993 ergo
1114 2923 1387 2979 credimus
1432 2925 1615 2981 verbis
1640 2926 1884 2997 Apostoli
1919 2929 2004 2984 di-

422 3010 597 3067 centis
617 3011 659 3044 ⁶⁹
681 3010 807 3080 quia
840 3015 1132 3068 seminatur
1159 3030 1360 3084 corpus
1395 3017 1450 3070 in
1481 3017 1837 3086 corruptione,
1854 3034 2003 3074 mor-

2112 1929 2297 1976 rantes
2329 1929 2536 1988 tempus
2564 1916 2753 1987 iudicii
2774 1928 2829 1973 et
2850 1916 3171 1986 semetipsos
3198 1916 3569 1981 discutientes,
3614 1931 3684 1970 ne

2109 2016 2251 2073 forte
2276 2013 2482 2084 aliquid
2509 2012 2815 2068 inveniatur
2848 2011 2901 2066 in
2938 2009 3019 2065 eis
3041 2009 3189 2079 quod
3216 2017 3441 2064 vocetur
3475 2008 3542 2062 ad
3571 2008 3685 2062 cul-

2108 2124 2251 2179 pain.
2286 2106 2386 2170 Qui
2420 2118 2551 2175 ergo
2590 2111 2814 2172 propter
2861 2101 2964 2157 hoc
2996 2099 3331 2155 tribulantur
3366 2108 3421 2155 et
3462 2099 3685 2154 solliciti

2108 2207 2261 2259 sunt.
2292 2197 2400 2250 erit
2430 2192 2571 2248 Deus
2619 2199 2896 2262 protector
2926 2203 3115 2245 eorum
3151 2189 3206 2243 in
3237 2198 3479 2257 tempore
3508 2188 3684 2243 tribu-

2108 2292 2350 2357 lationis,
2392 2290 2447 2344 in
2496 2300 2739 2357 tempore
2769 2284 2981 2355 iudicii,
3032 2298 3155 2338 cum
3205 2281 3489 2336 tradentur
3525 2281 3679 2350 impii

2107 2385 2174 2441 ad
2210 2396 2442 2454 poenas:
2473 2390 2603 2436 tunc
2634 2387 2690 2434 et
2718 2374 2994 2447 adiuvabit
3030 2386 3125 2429 eos
3159 2371 3421 2426 Dominus
3457 2372 3508 2426 in
3547 2381 3689 2426 tem—

2107 2490 2241 2547 pore
2288 2469 2680 2536 tribulationis,
2714 2477 2763 2523 et
2811 2466 3008 2534 eripiet
3055 2478 3176 2528 eos,
3207 2472 3265 2517 et
3294 2460 3503 2517 auferet
3531 2477 3626 2518 eos
3653 2477 3684 2516 a

2109 2563 2514 2638 peccatoribus,
2550 2576 2657 2617 non
2708 2558 2885 2615 solum
2934 2556 3003 2611 ab
3038 2554 3351 2610 hominibus
3377 2554 3684 2624 peccatori-

2107 2658 2232 2724 bus,
2263 2660 2359 2713 sed
2395 2654 2560 2711 etiam
2595 2668 2627 2707 a
2674 2648 2971 2708 contrariis
3002 2645 3387 2717 potestatibus,
3419 2645 3507 2701 vel
3532 2656 3689 2701 certe

2106 2764 2173 2807 eo
2233 2758 2475 2819 tempore
2521 2760 2647 2801 cum
2701 2742 2883 2797 anima
2935 2747 3222 2809 separatur
3266 2754 3298 2793 a
3351 2752 3600 2808 corpore,
3630 2748 3697 2793 et.

2105 2848 2403 2899 occurrunt
2452 2839 2501 2894 ei
2554 2844 2868 2907 peccatores
2904 2834 3198 2898 daemones,
3238 2831 3483 2886 adversm
3533 2838 3688 2899 pole-

2105 2942 2305 2997 states,
2334 2929 2563 3000 spiritus
2592 2926 2926 2996 aeris‘ltuius
2956 2924 3047 2993 qui
3081 2937 3201 2979 eam
3224 2921 3411 2976 volunt
3438 2920 3687 2975 detinere

2104 3036 2159 3082 et
2204 3036 2471 3079 revocare
2508 3021 2574 3076 ad
2613 3034 2676 3074 se
2721 3019 2768 3074 si
2805 3018 2933 3087 quid
2978 3018 3031 3071 in
3085 3031 3149 3072 ea
3190 3030 3412 3071 suorum
3458 3028 3687 3083 operum

424 3102 494 3157 tis
538 3101 749 3158 scilicet
780 3115 1050 3175 tempore,
1071 3113 1127 3161 et
1150 3117 1325 3177 surget
1347 3109 1405 3161 in
1432 3108 1849 3178 incorruptione,
1878 3125 2001 3164 cum
2030 3134 2073 3192 ο
2108 3126 2495 3189 gestorumque
2539 3109 2912 3181 cognoverint.
2955 3106 3121 3163 Venit
3174 3107 3319 3163 enim
3372 3106 3440 3160 ad
3489 3120 3684 3157 unam.

422 3195 847 3251 resurrectionis
880 3204 1092 3265 tempus
1121 3198 1427 3263 advenerit,
1459 3213 1585 3253 cum
1617 3200 1782 3255 etiam
1810 3214 2005 3255 corru-

420 3283 614 3354 ptibile
639 3285 744 3342 hoc
776 3284 1017 3341 induerit
1041 3287 1531 3359 incorruptionem,
1560 3298 1616 3344 et
1637 3290 1869 3346 mortale
1896 3291 2001 3347 hoc

423 3376 664 3433 induerit
711 3378 1174 3435 immortalitatem
1202 3381 1284 3447 ",
1343 3390 1475 3437 tunc
1541 3391 1703 3439 erunt
1753 3383 2000 3453 reliquiae

423 3466 629 3523 homini
674 3470 931 3540 pacifica.
957 3471 1132 3526 Erunt
1172 3480 1353 3528 autem
1401 3473 1473 3528 ibi
1516 3473 1728 3544 pacifici
1762 3474 2002 3533 hominis

421 3558 668 3629 reliquiae
702 3562 755 3617 in
798 3576 930 3633 pace
977 3571 1032 3618 et
1077 3563 1130 3618 in
1185 3564 1394 3634 requie.
1442 3564 1584 3621 Dicit
1614 3566 1757 3621 enim
1796 3575 1852 3622 et
1895 3567 2002 3622 Dn-

421 3654 604 3709 minus
630 3654 697 3710 de
724 3655 997 3726 paciﬁcis,
1015 3659 1142 3726 quia
1170 3658 1334 3713 etiam
1357 3657 1459 3727 ﬁlii
1470 3658 1569 3713 Dei
1586 3658 1998 3716 vocabuntur”;

420 3742 606 3809 Pater,
641 3747 758 3801 colo
796 3758 851 3801 ut
884 3749 971 3802 ubi
1005 3765 1099 3820 ego
1143 3765 1284 3816 sum,
1316 3760 1364 3804 et
1411 3752 1505 3805 isti
1557 3769 1760 3808 mecum
1801 3757 1904 3809 sint
1927 3756 1995 3811 ⁷³.

421 3836 566 3893 Sunt
596 3854 724 3909 ergo
750 3855 870 3895 cum
903 3840 1124 3896 Christo
1153 3842 1396 3911 reliquiae
1427 3844 1665 3900 hominis
1690 3847 1924 3916 pacifici.

444 3966 445 3969 η
492 3930 550 3984 7.
582 3930 762 4001 Iniqui
795 3941 972 3985 autent
1011 3933 1508 3989 exterminabuntur
1542 3938 1700 3990 simul
1715 3939 1782 4002 ⁷³,
1818 3940 1869 3994 id
1914 3951 1997 3996 est

420 4033 612 4075 omnes
640 4023 847 4092 pariter
874 4023 1405 4091 exterminabuntur,
1428 4024 1557 4094 quia
1585 4040 1724 4082 unus
1751 4028 1875 4084 linis
1894 4031 2002 4085 erit

420 4126 607 4167 eorum
641 4114 910 4184 gehenna.
944 4112 1205 4185 Reliquite
1250 4117 1535 4186 impiorum
1571 4119 1836 4187 peribunt,
1872 4128 2001 4177 tunc

421 4215 544 4255 cum
567 4217 766 4273 corpus
794 4215 847 4259 et
876 4206 1113 4260 animam
1143 4207 1414 4275 perditum
1442 4208 1592 4263 dabit
1618 4210 1670 4265 in
1695 4210 1997 4282 gehennam

421 4291 467 4346 is
512 4294 605 4361 qui
657 4295 823 4350 habet
873 4306 1215 4368 potestatem.
1251 4297 1409 4353 Salus
1452 4311 1629 4354 autem
1654 4301 1926 4370 justorum
1966 4321 1999 4359 a

420 4381 723 4441 Domino".
756 4385 864 4442 Sed
890 4387 1080 4443 melius
1109 4389 1239 4443 dicit
1268 4389 1318 4443 in
1349 4388 1541 4444 Graeco
1566 4407 1581 4445 :
1607 4388 1771 4447 Salus
1822 4402 1996 4450 autem

2103 3220 2375 3279 quamque
2401 3204 2640 3259 animam
2662 3202 2729 3257 de
2758 3202 2862 3256 huc
2884 3203 3085 3255 mundo
3110 3208 3397 3255 exeuntem
3426 3197 3683 3267 princeps

2101 3300 2262 3370 huius
2302 3297 2514 3361 mundi,
2545 3306 2602 3351 et
2631 3308 2808 3349 aereae
2849 3300 3171 3361 potestates,
3217 3297 3274 3344 et
3320 3288 3605 3359 requirunt
3633 3289 3681 3343 si

2102 3386 2382 3443 inveniant
2409 3385 2465 3440 in
2494 3399 2558 3439 ea
2594 3383 2799 3453 aliquid
2839 3396 3031 3447 suum;
3066 3381 3110 3436 si
3138 3380 3422 3435 avaritiam
3455 3380 3683 3435 invene-

2102 3480 2235 3548 rint,
2270 3494 2382 3534 sum
2413 3478 2589 3548 partis
2618 3484 2737 3542 est;
2775 3475 2819 3531 si
2857 3475 3017 3541 iram,
3059 3473 3104 3528 si
3135 3472 3428 3537 luxuriam,
3461 3472 3506 3527 si
3540 3471 3682 3526 invi-

2101 3572 2265 3636 diam,
2309 3582 2369 3627 ειη
2392 3569 2619 3641 singula.
2639 3581 2873 3638 quaeque
2903 3580 3094 3621 eorum
3145 3565 3345 3622 similia
3373 3565 3422 3619 si
3456 3565 3678 3618 invene-

2102 3664 2244 3728 rint,
2279 3677 2391 3719 suae
2434 3660 2607 3731 partis
2640 3667 2744 3722 est,
2776 3667 2831 3712 et
2862 3655 2969 3711 sibi
3006 3671 3127 3712 eam
3175 3656 3496 3721 defendunt,
3528 3663 3582 3710 et
3610 3654 3680 3709 ad

2101 3770 2161 3811 se
2183 3770 2303 3810 eam
2336 3754 2583 3818 trahunt,
2616 3760 2670 3807 et
2699 3750 2765 3805 ad
2799 3758 3008 3819 partem
3057 3764 3179 3806 eam
3207 3757 3551 3817 peccatorum
3584 3748 3680 3801 de-

2100 3845 2329 3901 clinant.
2378 3844 2435 3899 Si
2497 3857 2626 3898 vero
2680 3840 2880 3910 aliquis
2934 3840 3183 3895 imitatus
3233 3849 3316 3894 est
3370 3838 3519 3893 illum
3582 3836 3678 3906 qui

2099 3936 2297 3990 dixit"
2325 3953 2338 3989 :
2372 3934 2507 3990 Ecce
2539 3934 2698 3989 veniet
2723 3936 2964 4003 princeps
2995 3933 3178 3987 mundi
3211 3930 3395 3999 hujus,
3422 3939 3471 3983 et
3502 3930 3557 3983 in
3597 3946 3679 3983 me

2100 4044 2206 4082 non
2249 4026 2402 4079 habet
2442 4025 2750 4095 quidquam,
2790 4024 2836 4079 si
2884 4038 2943 4078 se
2982 4022 3179 4092 aliquis
3227 4023 3302 4075 ita
3337 4020 3683 4085 observavit,

2099 4118 2327 4174 veniunt
2356 4118 2575 4187 quidem
2625 4116 2714 4172 isti
2762 4124 3096 4187 peccatores,
3141 4121 3197 4170 et
3236 4112 3582 4181 requirentes
3622 4112 3687 4166 in

2097 4228 2163 4269 eo
2188 4227 2308 4283 qua:
2338 4227 2437 4268 sua
2480 4220 2631 4277 sunt,
2664 4220 2718 4267 et
2752 4226 2855 4265 non
2892 4207 3234 4264 invenientes
3267 4206 3549 4259 tcntabunt
3594 4205 3680 4258 ui-

2099 4302 2396 4359 bilominus
2438 4303 2505 4357 ad
2553 4316 2704 4358 suam
2738 4309 2951 4371 partem
3000 4296 3269 4352 violenter
3320 4310 3443 4349 eum
3491 4296 3679 4349 detor-

2102 4410 2291 4463 quere,
2316 4396 2411 4451 sed
2443 4392 2704 4449 Dominus
2735 4391 2928 4462 eripiet
2960 4404 3084 4445 eum
3121 4404 3148 4441 a
3180 4385 3582 4457 peccatoribus.
3611 4386 3679 4441 Et

412 4474 678 4545 justorum
710 4478 852 4547 apud
891 4478 1194 4537 Dominum.
1228 4479 1345 4535 Non
1392 4480 1549 4547 dixit,
1594 4483 1650 4537 in
1679 4485 1820 4541 ctelo
1848 4486 1997 4544 salus
2027 4472 2073 4529 Ῑ)
2103 4486 2245 4540 forte
2302 4494 2587 4562 propterea
2631 4482 2892 4553 iubemur
2937 4492 3060 4534 cum
3116 4474 3354 4545 quodam
3414 4475 3678 4545 mysterio

414 4565 706 4634 iustorum,
735 4578 791 4624 et
825 4569 928 4625 hoc
957 4571 1101 4625 enim
1145 4577 1414 4641 praeterit;
1449 4592 1555 4633 non
1582 4575 1723 4644 apud
1752 4577 1992 4647 aliquam

421 4670 748 4723 creaturam,
798 4662 924 4731 quia
971 4662 1104 4716 nihil
1158 4664 1435 4722 immobile
1483 4669 1569 4724 vel
1618 4669 1989 4726 immutabile:

420 4748 513 4802 sed
546 4751 687 4817 apud
722 4751 1007 4807 Dominum
1040 4754 1186 4810 salus
1215 4765 1300 4812 est
1336 4757 1631 4827 iustorum,
1655 4759 1746 4828 qui
1779 4775 1995 4830 semper

421 4850 622 4904 manet,
663 4856 879 4912 semper
929 4845 1068 4900 idem
1116 4856 1221 4914 est,
1273 4863 1486 4920 semper
1544 4852 1838 4909 immobilis
1884 4864 1989 4919 est,

421 4945 521 4984 nec
548 4946 776 5000 usquam
812 4944 993 5004 potest
1026 4953 1147 4993 esse
1185 4941 1352 4997 tutius
1379 4942 1524 4998 salus
1559 4943 1794 4998 hominis
1823 4960 1989 5015 quam

418 5022 559 5088 apud
599 5022 906 5081 Dominum.
941 5026 1034 5082 ille
1071 5028 1200 5084 mihi
1241 5030 1415 5098 locus,
1468 5034 1556 5090 ille
1606 5036 1740 5090 mihi
1773 5036 1986 5104 domus,

418 5112 507 5168 ille
546 5116 676 5170 mihi
712 5119 945 5186 mansio,
984 5120 1074 5175 ille
1108 5124 1342 5191 requies,
1375 5125 1463 5181 ille
1489 5127 1561 5181 sit
1591 5128 1986 5184 habitaculum.

415 5203 661 5278 Denique
693 5212 1046 5267 annuntiatur
1096 5216 1256 5271 nobis
1282 5232 1313 5272 a
1341 5228 1533 5275 sancta
1567 5219 1846 5290 Scriptura
1880 5237 1987 5275 non

411 5296 588 5351 solum
641 5313 864 5370 regnum
909 5302 1197 5369 cmlorum,
1245 5308 1343 5363 sed
1398 5325 1625 5379 regnum
1679 5310 1795 5365 Dei.
1834 5310 1902 5367 Ut
1935 5321 1991 5366 et

410 5391 634 5446 memini
668 5407 751 5447 me
776 5393 887 5461 iam
917 5409 1059 5465 saepe
1096 5396 1324 5466 dixisse,
1365 5416 1592 5472 regnum
1617 5402 1877 5460 caelorum
1905 5415 1993 5460 est

477 5666 523 5738 f3
545 5665 687 5721 Psal.
718 5670 1009 5734 xxxvu,57.
1091 5669 1133 5702 ⁸⁸
1163 5670 1328 5725 lCor.
1361 5688 1449 5738 xv,
1476 5672 1564 5727 42.
1642 5673 1688 5704 "°
1721 5674 1850 5730 ibid.
1876 5675 1964 5729 55.

411 5734 456 5769 ”
488 5736 621 5791 ibid.
649 5739 744 5795 59.
817 5742 860 5773 ⁷³
887 5742 1019 5797 ibid.
1050 5742 1141 5797 59.
1218 5743 1264 5774 ⁷⁵
1292 5734 1448 5798 .loan.
1479 5757 1588 5812 xw,
1623 5743 1711 5799 30.

2102 4577 2341 4631 etiamin
2368 4574 2616 4629 oratione
2646 4582 2856 4642 petere,
2876 4567 3212 4625 dicentes":
3249 4566 3353 4621 Sed
3384 4565 3548 4620 libera
3580 4582 3676 4620 nos

2102 4683 2135 4721 a
2177 4666 2337 4719 malo.
2372 4666 2477 4720 Sed
2510 4678 2727 4719 causam
2765 4677 2872 4732 qua
2906 4660 3102 4729 eripiat
3124 4658 3306 4728 iustos
3336 4672 3466 4713 suos
3489 4658 3674 4712 Domi-

2101 4774 2202 4813 nus
2229 4756 2395 4828 679
2427 4770 2457 4810 a
2488 4755 2885 4827 peccatoribus,
2920 4753 3033 4807 sive
3090 4748 3144 4806 in
3186 4762 3423 4821 tempore
3456 4751 3674 4816 exitus,

2100 4851 2215 4906 sive
2267 4853 2318 4904 in
2374 4859 2617 4920 tempore
2656 4848 2870 4916 iudicii,
2908 4863 3031 4904 cum
3090 4846 3207 4903 dies
3241 4846 3330 4901 ille
3372 4843 3673 4899 secundum

2098 4940 2429 5011 Prophetam
2460 4941 2807 4997 necessitatis
2838 4950 2893 4996 et
2951 4939 3237 5008 angustiae,
3270 4937 3387 4994 dies
3420 4938 3673 4993 obscuri-

2100 5037 2229 5090 tatis
2279 5043 2334 5089 et
2383 5034 2728 5104 perditionis,
2780 5033 2966 5102 iudicii
3011 5032 3133 5088 dies
3179 5030 3492 5097 advenerit;
3546 5040 3678 5087 tunc

2099 5144 2232 5198 ergo
2287 5142 2507 5182 causam
2560 5141 2674 5196 qua
2719 5127 2860 5198 eripi
2913 5138 3225 5184 mereantur
3283 5125 3566 5196 subiungit
3618 5132 3677 5179 et

2097 5221 2231 5276 dicit
2274 5220 2342 5284 ⁷⁸,
2382 5220 2509 5290 quia
2538 5229 2876 5288 sperauerunt
2921 5222 2979 5275 in
3017 5236 3158 5275 eunt.
3211 5219 3508 5290 Sperantes
3537 5231 3669 5288 ergo

2093 5315 2146 5367 in
2195 5326 2258 5369 se
2306 5311 2502 5381 eripiet
2556 5320 2612 5367 et
2667 5312 2735 5367 de
2788 5311 3140 5368 tribulatione
3201 5321 3258 5368 et
3315 5313 3382 5367 de
3425 5309 3673 5365 necessi-

2093 5414 2230 5460 tate.
2284 5403 2567 5470 Quomodo
2614 5413 2793 5460 autem
2849 5418 3071 5476 sperare
3115 5402 3333 5470 debeat,
3381 5402 3505 5458 volo
3568 5401 3665 5454 tibi

2068 5677 2108 5707 ἰι
2139 5675 2325 5730 Matth.
2351 5690 2402 5735 ν,
2426 5676 2480 5728 9.
2555 5671 2775 5727 "Joan.
2797 5687 2928 5735 xvn,
2950 5672 3034 5726 24.
3115 5670 3159 5702 ⁷³
3180 5668 3321 5726 Psal.
3356 5685 3541 5734 uxvr,
3576 5670 3663 5726 38.

1790 5745 1832 5775 ⁷⁷
1860 5744 2057 5800 Matth.
2087 5762 2164 5813 vt,
2195 5746 2280 5801 15.

2358 5745 2401 5776 ⁷⁸
2436 5743 2577 5800 Psal.
2608 5758 2794 5807 axxvr,
2836 5742 2927 5797 ω.
