4110 6386
444 306 581 364 1567

1844 312 1932 369 EX
1971 313 2268 372 ORIGENE

3546 327 3684 384 £308

451 424 519 476 de
545 421 848 492 Scripturis
881 420 1086 477 sanctis
1118 422 1425 479 ostendere.
1469 421 1626 478 Sicut
1656 440 1802 479 nemo
1847 434 2013 496 potest
2040 432 2087 490 Α
2117 441 2465 495 conversam,
2500 438 2553 484 et
2574 431 2699 499 quia
2728 430 2889 485 aliam
2932 431 3133 487 nullam
3160 434 3386 492 omnino
3408 452 3556 506 spem
3590 456 3676 510 ge-

452 513 652 567 duobus
682 512 907 566 dominis
954 513 1148 567 servire
1173 514 1243 578 ⁷⁹,
1283 513 1353 567 ita
1400 526 1561 569 nemo
1595 523 1771 584 potest
1801 516 1853 569 in
1883 516 2016 572 duo-

446 608 545 660 bus
579 604 811 659 dominis
839 618 1080 673 sperare.
1107 602 1278 658 Nemo
1295 613 1473 673 potest
1496 605 1548 660 in
1571 606 1776 661 incerto
1802 606 2015 662 divitia-

446 711 563 749 rum
604 710 845 765 sperare,
886 703 940 748 et
970 694 1024 749 in
1074 695 1325 752 Domino.
1377 694 1547 751 Nemo
1583 707 1761 767 potest
1791 713 2013 767 sperare

446 787 499 837 in
526 784 885 854 principibus,
917 795 969 840 et
1004 788 1055 839 in
1091 785 1221 841 Deo.
1259 785 1427 842 Nemo
1468 798 1641 858 potest
1692 804 1913 857 sperare
1955 791 2008 845 in

442 875 651 929 viribus
685 875 834 944 equi,
869 886 923 930 et
961 876 1010 929 in
1036 890 1120 930 eo.
1156 875 1324 931 Nemo
1362 887 1545 943 potest
1576 895 1796 950 sperare
1834 882 1885 935 in
1913 896 2011 936 sa:-

439 965 582 1029 culo,
617 973 673 1019 et
696 964 749 1020 in
776 966 907 1024 Deo.
959 966 1071 1021 Nisi
1101 968 1243 1021 enim
1297 968 1347 1022 in
1383 969 1499 1024 solo
1528 972 1635 1025 Deo
1678 973 2005 1041 speraveris,

437 1072 491 1114 et
518 1060 693 1116 videat
726 1060 865 1119 Deus
893 1075 1039 1132 spem
1068 1071 1209 1117 tuam
1241 1063 1292 1117 in
1324 1064 1579 1119 saeculum
1602 1074 1859 1121 aeternum
1887 1078 2005 1121 esse

905 1238 1224 1297 PSALMUS
1282 1240 1547 1299 XXXVII.

513 1330 675 1387 Vens.
695 1332 749 1385 2.
768 1330 1008 1396 Domine,
1039 1351 1101 1387 ne
1132 1336 1182 1387 in
1209 1333 1385 1403 furore
1406 1344 1495 1387 tuo
1516 1350 1711 1401 arguas
1734 1349 1832 1397 me,
1850 1350 2012 1404 neque

440 1423 493 1475 in
525 1425 608 1477 ira
634 1435 725 1478 tua
760 1426 1017 1492 corripias
1058 1443 1159 1488 me,
1199 1435 1304 1481 etc.
1340 1426 1440 1493 Qui
1482 1442 1591 1480 non
1623 1426 1773 1480 cedit
1820 1443 2008 1497 repre-

440 1516 689 1571 hensioni
742 1531 861 1586 qua:
887 1518 1053 1572 verbo
1104 1517 1183 1580 lit,
1223 1517 1404 1571 furore
1460 1518 1549 1571 Dci
1610 1520 2004 1586 redarguetur;

2119 517 2195 571 ris
2223 516 2326 572 nisi
2357 517 2410 573 in
2445 518 2582 588 ipso,
2610 521 2700 589 qui
2734 520 2972 576 viviticat
3001 532 3262 590 mortuos,
3289 537 3342 582 et
3370 539 3529 584 vocat
3565 545 3685 599 quae

2116 622 2222 661 non
2261 616 2388 661 sunt
2430 616 2688 677 tanquam
2718 626 2836 677 qua:
2883 620 3030 678 sum,
3079 629 3184 668 non
3221 618 3427 685 poteris
3467 619 3603 689 eripi
3652 636 3683 676 a

2114 702 2511 768 peccatoribus.
2548 702 2706 759 Solus
2736 692 2821 759 est
2854 708 2996 761 enim
3034 710 3148 777 ipse
3188 711 3280 779 qui
3328 711 3509 767 salvos
3559 714 3686 769 lacit

2115 800 2397 858 sperantes
2426 789 2480 846 iu
2536 808 2615 857 se,
2659 810 2755 866 per
2784 798 3059 854 Chrismm
3096 799 3382 856 Dominum
3414 814 3681 869 nostrum,

2116 882 2202 936 cui
2258 892 2343 939 est
2394 885 2564 957 gloria
2597 894 2651 942 et
2699 897 2939 958 potestas
2990 890 3045 944 in
3094 891 3289 947 saecula
3334 894 3679 953 saeculorum.

2113 971 2305 1028 Amen.

2679 1245 2970 1302 ΨΑΛΜΟΣ
2991 1250 3112 1303 ΛΖ¹.

2182 1336 2375 1404 Κύριε,
2409 1336 2495 1407 μὴ
2526 1336 2608 1403 τῷ
2644 1338 2807 1408 θυμῷ
2840 1355 2956 1394 σου
2993 1340 3255 1413 ἐλέγξῃς
3290 1360 3389 1413 με,
3424 1344 3579 1415 μηδὲ
3604 1344 3678 1417 τῇ

2112 1425 2259 1496 ὀργῇ
2292 1442 2407 1482 σου
2431 1429 2762 1497 παιδεύσῃς
2782 1448 2878 1499 με,
2900 1449 2952 1483 κ.
2983 1448 3031 1484 τ.
3061 1432 3107 1486 ἐ.
3156 1432 3215 1487 Ὀ
3242 1434 3447 1506 ἐλέγχῳ
3470 1438 3579 1509 (40)
3603 1438 3682 1509 τῷ

2102 1516 2191 1571 διὰ
2214 1517 2371 1587 λόγου
2408 1520 2481 1591 μὴ
2510 1519 2693 1584 εἴκων,
2743 1520 2899 1591 θυμῷ
2931 1522 3065 1575 Θεοῦ
3113 1523 3530 1595 ἐλεγχθήσεται·
3588 1529 3683 1582 καὶ

439 1616 490 1656 ιιι
519 1605 609 1674 qui
643 1621 745 1660 non
781 1607 1099 1662 submiserit
1138 1622 1198 1661 se
1233 1609 1363 1677 jugo
1414 1610 1767 1679 praeceptoris
1799 1611 1851 1663 in
1895 1611 2003 1666 Deo

2109 1609 2182 1681 μὴ
2207 1611 2310 1664 ὑπὸ
2335 1610 2494 1680 ζυγὸν
2525 1612 2866 1676 παιδεύοντος
2895 1614 2953 1667 ἐν
2980 1613 3099 1685 Θεῷ
3126 1614 3441 1671 διδασκάλου
3466 1619 3681 1689 γινόμε-

441 1697 789 1767 corrigentis,
824 1698 901 1752 ira
934 1699 1022 1753 Dei
1071 1699 1447 1767 castigabitur.
1484 1700 1784 1772 Castigatio
1824 1714 2005 1759 autem

441 1790 865 1858 reprehensione
904 1790 1182 1845 molestior
1212 1800 1312 1845 est.

510 1881 669 1938 Vens.
702 1881 755 1937 5.
789 1881 943 1937 Sicut
968 1899 1101 1937 onus
1124 1900 1282 1953 grave
1308 1896 1541 1954 gravatm
1564 1895 1684 1940 sunt
1721 1904 1878 1955 super
1902 1905 2001 1955 me,

434 1982 540 2025 etc.
578 1970 987 2040 Venite,omnes,
1023 1974 1195 2045 inquit
1235 1976 1483 2033 Christus
1508 1978 1580 2045 '°,
1614 1980 1705 2049 qui
1748 1980 2003 2035 laboratis

430 2075 477 2115 et
508 2067 712 2120 onerati
738 2069 882 2133 estis,
918 2078 964 2122 et
993 2085 1083 2138 ego
1108 2071 1338 2141 reficiam
1368 2086 1473 2127 vos.

504 2154 668 2213 Vens.
701 2156 756 2212 7.
794 2157 958 2213 Miser
996 2160 1169 2230 [actus
1195 2179 1330 2226 sum,
1356 2173 1401 2217 et
1426 2173 1673 2218 curvatus
1693 2180 1807 2218 sum
1842 2181 2003 2236 usque

429 2252 485 2303 in
508 2250 691 2320 ﬁnem,
724 2262 839 2307 tota
864 2254 950 2309 die
990 2257 1332 2311 contristatus
1364 2258 1717 2329 ingrediebar,
1754 2269 1857 2315 etc.
1892 2262 2004 2316 Hoc

431 2341 716 2397 dicendu'n
744 2342 809 2400 iis
846 2343 938 2418 qui
977 2346 1200 2401 multum
1252 2347 1430 2404 rident
1488 2359 1542 2406 et
1585 2352 1806 2406 comicis
1856 2353 2001 2409 delc-

428 2436 664 2484 ctantur.

502 2516 664 2573 Vens.
690 2518 780 2574 12.
811 2522 980 2577 Amici
1007 2524 1107 2578 mei
1132 2534 1181 2577 et
1204 2526 1436 2593 proximi
1482 2529 1584 2582 mei
1612 2530 1885 2586 adversum
1919 2549 2001 2588 me

427 2610 980 2681 apprOpinquoverunt
999 2625 1047 2669 et
1072 2625 1346 2685 steterunt,
1365 2628 1415 2673 et
1436 2621 1526 2691 qui
1540 2621 1700 2690 juxta
1727 2639 1807 2677 me
1828 2635 1999 2689 erant,

428 2699 494 2750 de
529 2699 681 2770 longe
705 2711 979 2769 steterunt,
1008 2714 1114 2760 etc.
1145 2704 1307 2763 Farte
1345 2711 1573 2765 virtutes
1609 2715 1869 2782 quasdam
1922 2715 2000 2769 di-

430 2792 505 2845 cit
536 2801 759 2849 sanctas
785 2810 904 2864 quae
939 2796 991 2851 in
1028 2804 1271 2869 tempore
1298 2802 1615 2859 teutationis
1648 2804 1910 2859 recedunt
1941 2813 2001 2860 ut

429 2884 687 2951 probetur
724 2893 984 2956 tentatus,
1013 2888 1095 2943 vel
1139 2892 1421 2960 puniatur.

2107 1715 2214 1761 νος,
2246 1701 2379 1771 ὀργῇ
2417 1700 2553 1754 Θεοῦ
2601 1701 3045 1773 παιδευθήσεται·
3093 1704 3309 1758 παιδεία
3354 1706 3412 1760 δέ
3455 1708 3682 1780 ἐλέγχου

2107 1790 2527 1864 ἐπιπονώτερος.

2190 1880 2343 1935 Ὡσεὶ
2369 1882 2615 1953 φορτίον
2633 1882 2793 1950 βαρὺ
2825 1883 3243 1951 ὲόαρύνθησαν
3267 1884 3359 1938 ἐπ’
3390 1885 3515 1955 ἐμὲ,
3550 1902 3603 1938 κ.
3629 1902 3680 1941 1.

2105 1973 2151 2026 ἐ.
2188 1990 2206 2024 ι
2252 1972 2645 2037 Δεῦτεοπάντες
2672 1974 2804 2045 (Η),
2833 1976 2996 2044 φησὶν
3026 1975 3054 2026 ὁ
3084 1976 3337 2046 Χριστὸς,
3371 1979 3419 2030 οἱ
3448 1977 3683 2031 κοπιῶν-

2102 2080 2193 2127 τες
2217 2064 2309 2116 καὶ
2341 2064 2779 2135 πεφορτισμένοι,
2809 2064 2967 2134 κάγὼ
2987 2065 3283 2120 ἀναπαύσω
3306 2067 3471 2138 ὑμᾶς.
3513 2086 3532 2119 ι

2186 2155 2673 2225 Ἐταλαιπώρησα
2705 2157 2804 2210 καὶ
2847 2156 3270 2227 κατεκάμςρθην
3298 2159 3408 2225 ἕως
3441 2160 3684 2228 τέλους,

2103 2242 2256 2312 ὅλην
2280 2245 2395 2314 τὴν
2419 2245 2648 2315 ἡμέραν
2673 2245 3108 2315 σκυθρωπάζων
3132 2249 3524 2317 ἐπορευόμην,
3548 2268 3601 2305 κ.
3627 2268 3680 2307 τ.

2103 2338 2151 2390 ἐ.
2187 2338 2418 2393 Λεκτέον
2449 2338 2606 2393 τοῦτο
2630 2338 2739 2410 (42)
2754 2339 2891 2411 πρὸς
2913 2340 3039 2405 τοὺς
3065 2337 3338 2409 γελῶντας
3369 2343 3558 2410 πολλὰ,
3586 2346 3684 2399 καὶ

2101 2430 2470 2503 τερπομένους
2496 2432 2589 2485 ἐπὶ
2615 2431 2858 2501 γελῴοις.

2167 2526 2231 2575 οἱ
2260 2523 2426 2591 φίλοι
2451 2542 2571 2592 μου
2599 2525 2700 2578 καὶ
2732 2530 2783 2579 cl
2828 2527 3101 2594 πλησίον
3131 2546 3246 2597 μου
3287 2529 3358 2594 ἐξ
3400 2530 3687 2599 ἐναντίας

2096 2628 2217 2681 μου
2266 2609 2524 2680 ἤγγισαν
2557 2613 2655 2665 καὶ
2699 2614 2999 2684 ἔστησαν,
3044 2618 3144 2671 καὶ
3194 2622 3248 2672 οἱ
3292 2620 3537 2689 ἔγγιστά
3558 2641 3683 2691 μου

2096 2703 2397 2771 μακρόθεν
2426 2703 2723 2772 ἔστησαν,
2760 2723 2813 2759 κ.
2868 2725 2919 2761 τ.
2955 2709 3001 2761 ἐ.
3037 2710 3188 2780 Τάχα
3228 2710 3483 2783 δυνάμεις
3528 2715 3683 2780 τινὰς

2104 2793 2217 2864 (45)
2241 2793 2389 2862 λέγει
2439 2794 2599 2863 ἁγίας
2650 2797 3040 2869 ὑποχωρούσας
3079 2802 3136 2854 ἐν
3171 2802 3345 2873 καιρῷ
3370 2806 3682 2876 πειρασμοῦ

2104 2885 2240 2956 πρὸς
2282 2884 2509 2958 δοκιμὴν
2552 2886 2647 2939 τοῦ
2695 2888 3112 2961 πειραζομένου,
3169 2893 3202 2964 ἢ
3255 2894 3392 2966 πρὸς
3437 2895 3678 2951 κόλασιν.

504 2972 661 3027 Vens.
714 2974 794 3030 l3.
835 2973 902 3029 Et
942 2978 1034 3047 qui
1081 2979 1417 3051 inquirebant
1464 2985 1607 3039 mala
1655 2985 1784 3040 mihi
1832 2987 1994 3041 locuti

2168 2973 2279 3028 Kal
2328 2977 2383 3029 οἱ
2433 2973 2748 3045 ζητοῦντες
2783 2978 2854 3032 τὰ
2894 2980 3049 3034 κακά
3090 2999 3194 3051 μοι
3228 2983 3543 3052 ἐλάλησαν
3575 3004 3684 3056 μα-

427 3074 549 3117 sunt
573 3064 854 3134 vanitates,
876 3080 923 3123 et
945 3069 1095 3124 dolos
1119 3081 1227 3125 tota
1257 3073 1344 3127 die
1379 3076 1792 3133 meditabantur.
1835 3078 2001 3134 Vide-

429 3164 589 3207 natur
613 3155 745 3210 mihi
774 3157 984 3212 vanitas
1007 3173 1128 3216 esse
1155 3160 1319 3216 etiam
1352 3162 1440 3217 illa
1473 3164 1759 3221 verborum
1798 3167 1847 3221 in
1879 3183 2004 3239 spe-

427 3242 567 3298 ciem
602 3242 1156 3307 demonstrativorum
1190 3253 1274 3309 vis
1317 3255 1611 3324 scphistica
1639 3272 1744 3326 qua
1790 3276 1876 3315 me
1908 3276 2003 3315 ca-

428 3347 559 3401 pere
592 3337 887 3405 sperabant
921 3338 973 3394 hi
1008 3340 1099 3410 qui
1146 3343 1462 3410 quaerebant
1501 3346 1742 3401 animam
1803 3364 1999 3405 meam.

431 3426 592 3480 llolos
627 3437 736 3483 tota
770 3429 857 3486 die
900 3433 1227 3490 meditantes
1254 3434 1635 3507 loquebantur,
1670 3440 1865 3511 inquit,
1902 3443 2000 3497 ad-

426 3535 645 3575 versum
686 3538 793 3587 me,
850 3524 1080 3580 insidias
1113 3526 1244 3582 mihi
1298 3539 1600 3587 struentes.
1662 3532 1798 3587 Dum
1847 3535 1993 3589 enim

428 3614 608 3685 angeli
630 3615 974 3686 deserebant,
996 3618 1373 3678 vehementius
1405 3623 1677 3680 daemones
1702 3626 1998 3681 instabant.

510 3793 671 3851 Vens.
708 3797 795 3854 M.
830 3797 943 3870 Ego
976 3810 1149 3855 autem
1177 3812 1425 3873 tanquam
1459 3806 1654 3861 surdus
1686 3823 1785 3861 non
1812 3808 2001 3863 audie-

428 3889 569 3953 bam,
601 3901 647 3945 et
680 3904 817 3947 sunt
840 3903 1016 3947 mutus
1042 3898 1397 3964 nonoperiens
1417 3912 1473 3950 os
1495 3912 1673 3963 suum,
1700 3910 1805 3954 etc.
1845 3899 2003 3954 Reci-

427 3982 611 4051 piebat
657 3986 878 4054 quidem
932 3987 1381 4044 ratiocinationes
1426 3992 1712 4055 tentantis,
1767 4001 1824 4046 at
1880 3992 2003 4047 illas

427 4091 533 4130 non
560 4076 836 4141 audiebat,
874 4091 975 4132 nec
1001 4076 1155 4146 juxta
1203 4078 1323 4135 illas
1355 4080 1710 4150 operabatur.
1753 4082 2001 4141 Surditas

424 4183 509 4223 est
541 4170 938 4240 impatibilitas,
972 4180 1192 4240 propter
1220 4189 1383 4243 quam
1417 4189 1522 4229 non
1554 4176 1832 4232 audiebat.

494 4258 661 4317 Vens.
707 4261 795 4315 Π.
846 4261 987 4328 Quia
1020 4262 1135 4317 dixi
1180 4276 1196 4315 :
1237 4260 1533 4335 Nequando
1581 4268 2001 4337 supergaudeant

2103 3066 2439 3134 ταιότητας,
2466 3069 2561 3122 καὶ
2598 3068 2948 3139 δολιότητας
2972 3072 3126 3141 ὅλην
3150 3074 3265 3143 τὴν
3302 3076 3529 3144 ἡμέραν
3558 3079 3685 3148 ἐμε-

2102 3156 2390 3225 λέτησαν,
2437 3178 2491 3214 κ.
2540 3178 2591 3215 1.
2630 3162 2675 3216 ἐ.
2727 3162 2929 3217 Ἐδόκει
2974 3165 3032 3217 δέ
3073 3182 3161 3236 μοι
3212 3166 3324 3237 (AM)
3382 3169 3685 3241 ματαιότης

2103 3251 2199 3305 καὶ
2229 3252 2263 3320 ὴ
2310 3251 2417 3305 τῶν
2448 3253 2842 3308 ἀποδεικτικῶν
2869 3252 3009 3309 εἶναι
3041 3255 3338 3311 δοκούντων
3375 3258 3545 3329 λόγων
3593 3261 3684 3331 βία

2105 3345 2388 3417 σοφιστικὴ
2419 3348 2740 3419 φαινομένη,
2774 3347 2840 3400 δι’
2865 3344 2933 3419 ἦς
2968 3348 3107 3402 ἑλεῖν
3141 3367 3207 3419 με
3247 3351 3603 3421 προσεδόκουν
3632 3355 3684 3407 οἱ

2103 3433 2202 3504 τὴν
2229 3434 2367 3503 ἐμὴν
2389 3433 2677 3505 ζητοῦντες
2709 3435 2906 3506 ψυχήν.
2941 3436 3229 3506 Δολιότητα
3260 3438 3327 3491 δι’
3360 3440 3480 3492 ὅλου
3521 3440 3683 3509 μελε-

2102 3525 2302 3589 τῶντες
2326 3525 2421 3579 τοῦ
2462 3526 2576 3596 βίου
2628 3526 2869 3590 ἐλάλουν,
2897 3528 3051 3598 φησὶ,
3084 3528 3219 3598 πρὸς
3250 3530 3338 3599 μὲ,
3390 3531 3684 3603 ἐπιϐουλήν

2108 3633 2196 3685 μοι
2226 3616 2598 3681 σκευάζοντες.
2631 3616 2751 3669 Τῶν
2785 3616 2893 3688 γὰρ
2934 3617 3179 3686 ἀγγέλων
3205 3618 3518 3686 λειπόντων,
3552 3638 3684 3691 σφο-

2103 3707 2355 3779 δρότερον
2388 3710 2437 3761 οἱ
2466 3708 2719 3778 δαίμονες
2751 3708 3079 3763 ἐπετίθεντο.

2187 3798 2327 3869 Ἐγὼ
2372 3798 2441 3852 δὲ
2484 3800 2626 3853 ὡσεὶ
2692 3801 2889 3869 κωφὸς
2943 3804 3053 3856 οὐκ
3089 3802 3340 3873 ἤκουον,
3388 3805 3486 3859 καὶ
3534 3807 3680 3863 ὡσεὶ

2104 3891 2334 3957 ἄλαλος
2388 3893 2499 3945 οὐκ
2552 3892 2808 3963 ἀνοίγων
2858 3892 2924 3946 τὸ
2979 3896 3174 3964 στόμα
3200 3896 3409 3960 αὐτοῦ,
3442 3916 3494 3951 κ.
3536 3915 3585 3954 τ.
3629 3900 3676 3952 ἐ.

2118 3982 2359 4053 Ἐδέχετο
2400 3982 2498 4053 μὲν
2543 3983 2652 4053 (45)
2696 3984 2822 4048 τοὺς
2854 3984 3149 4056 λογισμοὺς
3178 3986 3272 4040 τοῦ
3305 3987 3680 4060 πειράζοντες,

2104 4074 2206 4128 οὐκ
2236 4076 2399 4146 ἤκουε
2424 4075 2481 4128 δέ
2516 4074 2714 4141 αὐτῶν,
2750 4076 2825 4147 μὴ
2872 4076 3109 4148 ἐνεργῶν
3141 4080 3259 4131 κατ’
3288 4078 3503 4143 αὐτούς.
3553 4082 3682 4134 Κω-

2099 4167 2269 4238 φότης
2290 4164 2347 4218 δέ
2369 4165 2517 4219 ἐστιν
2540 4166 2572 4237 ὴ
2595 4164 2853 4230 ἀπάθεια,
2878 4165 2944 4220 δι’
2967 4168 3033 4238 ἢν
3063 4166 3164 4221 οὐκ
3185 4167 3381 4239 ἤκουεν
3401 4166 3602 4221 αὐτῶν.

2173 4256 2303 4309 Ὅτι
2347 4252 2538 4319 εἷπον,
2574 4255 2818 4322 Μήποτε
2865 4255 3198 4326 ἐπιχειρῶσι
3230 4275 3333 4327 μοι
3377 4259 3431 4311 οἱ
3474 4257 3676 4327 ἐχθροί

423 4352 552 4406 mihi
602 4350 805 4405 inimici
836 4352 959 4419 mei,
992 4361 1098 4407 etc.
1152 4351 1327 4424 Super
1374 4355 1441 4412 iis
1472 4357 1567 4426 qui
1622 4360 1998 4428 paenitentiam

2106 4366 2237 4417 μου,
2272 4364 2326 4403 κ.
2365 4365 2415 4400 τ.
2465 4348 2510 4400 ἐ.
2543 4347 2668 4401 Ἐπὶ
2698 4348 2797 4419 μὲν
2844 4352 2955 4412 τοῖς
2990 4348 3337 4419 μετανοοῦσιν
3372 4351 3421 4402 οἱ
3456 4349 3676 4418 ἄγγελοι

424 4450 613 4511 agunt,
642 4442 878 4513 gaudent
912 4443 1131 4515 angeli;
1170 4458 1334 4514 super
1358 4444 1467 4502 illis
1502 4448 1592 4505 oui
1643 4463 1996 4508 commoven-

425 4540 536 4596 tur,
561 4532 856 4588 dminones.

490 4623 659 4694 680
701 4623 867 4679 Vens.
896 4624 987 4679 20.
1018 4623 1233 4679 Inimici
1282 4633 1456 4679 autem
1503 4630 1607 4682 mei
1653 4634 1847 4701 vivunt,
1888 4644 1996 4692 etc.

424 4713 538 4768 Non
581 4715 722 4769 hanc
747 4716 917 4769 vitam
940 4730 1062 4785 quae
1085 4715 1217 4771 dicit
1241 4718 1285 4751 ⁸¹
1312 4734 1326 4770 :
1366 4717 1478 4787 Ego
1505 4736 1623 4774 sum
1656 4723 1782 4779 vita.

495 4804 660 4860 Vens.
684 4804 777 4858 2L
811 4805 917 4870 Qui
945 4806 1233 4860 retribuunt
1274 4806 1417 4860 mala
1454 4825 1551 4878 pro
1575 4811 1725 4866 bonis
1756 4814 1997 4870 detrahe-

424 4896 546 4949 bant
593 4897 744 4963 mihi,
785 4906 896 4952 etc.
952 4896 1345 4952 Retribuebant
1372 4898 1512 4953 mala
1544 4916 1646 4970 pro
1702 4901 1855 4958 bonis
1889 4921 1999 4962 non

422 5000 550 5056 erga
584 5002 643 5043 se
678 4986 863 5055 factis,
892 4988 988 5044 sed
1019 4988 1341 5058 simpliciter
1370 4988 1532 5049 factis
1570 5004 1796 5064 propter
1826 4995 2005 5054 Domi-

422 5092 573 5131 ιιιιιιι.

498 5169 661 5225 Vens.
693 5169 783 5225 22.
817 5168 900 5224 Ne
929 5172 1265 5245 derelinquas
1283 5188 1383 5236 me,
1419 5172 1639 5230 Domine
1666 5175 1805 5233 Deus
1831 5194 2000 5244 meus,

420 5278 484 5316 ne
513 5262 815 5317 discesseris
853 5279 886 5316 ο
920 5279 1022 5329 nte,
1048 5272 1154 5318 etc.
1201 5262 1498 5319 Pulchrum
1532 5267 1799 5322 orationis
1834 5283 1996 5323 exor-

2102 4440 2404 4512 χαίρουσιν,
2436 4439 2530 4493 ἐπὶ
2560 4439 2616 4493 δέ
2640 4442 2755 4505 τοῖς
2784 4441 3157 4504 σαλευομένοις
3183 4442 3233 4493 oi
3259 4442 3530 4511 δαίμονες.

2180 4623 2245 4676 Ol
2276 4620 2343 4675 δὲ
2376 4620 2579 4693 ἐχθροί
2623 4640 2742 4691 μου
2774 4620 2932 4686 ζῶσι,
2967 4636 3020 4672 κ.
3057 4636 3107 4672 1.
3143 4618 3189 4670 ἐ.
3225 4618 3299 4669 Ού
3341 4615 3545 4688 ταύτην
3578 4618 3673 4689 τὴν

2104 4712 2252 4785 ζωὴν
2282 4714 2381 4785 τὴν
2407 4713 2668 4768 εἰποῦσαν
2688 4731 2701 4745 ο
2739 4731 2757 4764 ι
2810 4709 2950 4778 Ἐγώ
2984 4710 3097 4779 εἰμι
3128 4710 3160 4779 ὴ
3192 4708 3326 4779 ζωή.
3370 4726 3388 4759 ι

2179 4809 2243 4860 Ol
2278 4805 2778 4868 ἀνταποδιδόντες
2812 4800 2966 4854 κακὰ
2989 4800 3121 4854 ἀντὶ
3155 4799 3390 4871 ἀγαθῶν
3415 4800 3678 4855 ἑνδιέϐα-

2103 4900 2219 4954 λόν
2246 4916 2343 4967 με,
2378 4914 2432 4951 κ.
2469 4915 2518 4949 τ.
2555 4898 2602 4949 ἐ.
2644 4892 3089 4947 Ἀνταπεδίδοσαν
3116 4892 3261 4946 κακὰ
3284 4894 3405 4946 ἀντὶ
3437 4894 3677 4962 ἀγαθῶν,

2104 4992 2165 5044 οὐ
2195 4990 2302 5043 τῶν
2337 4992 2416 5052 εἰς
2448 4988 2688 5049 ἐκείνους
2721 4984 3048 5055 γενομένων,
3084 4984 3219 5039 ἀλλὰ
3246 4984 3355 5039 τῶν
3382 4986 3566 5050 ἁπλῶς
3591 5003 3679 5055 γι·-

2104 5084 2343 5155 νομένων
2372 5081 2459 5135 διὰ
2480 5081 2568 5133 τὸν
2595 5079 2819 5151 Κύριον.

2154 5175 2272 5243 ¹Μὴ
2308 5173 2715 5244 ἐγκαταλίπῃς
2756 5188 2855 5240 με,
2901 5170 3077 5238 Κύριε
3122 5172 3155 5224 ό
3208 5171 3352 5236 Θεός
3401 5187 3541 5239 μου,
3592 5167 3680 5239 μὴ

2105 5266 2382 5336 ἀποστῇς
2409 5266 2508 5321 ἀπ’
2542 5267 2709 5337 ἐμοῦ,
2742 5282 2796 5320 κ.
2830 5283 2881 5320 τ.
2910 5266 2956 5321 ἐ.
2981 5265 3157 5321 Καλὸν
3190 5264 3471 5336 προοίμιον
3509 5278 3683 5333 προσ-

526 5381 782 5439 τυΜοιιιι,
826 5399 899 5453 γι,
934 5382 1026 5442 24,
1103 5384 1151 5417 ⁸ο
1169 5386 1359 5442 Matth.
1392 5402 1466 5453 xl,
1499 5386 1590 5442 28.
1667 5388 1709 5420 ⁸¹
1746 5387 1904 5444 Joan.
1937 5404 2045 5457 xw,
2083 5390 2136 5449 6.

497 5517 609 5591 (4ο)
652 5518 982 5591 veneno,
1005 5532 1112 5579 etc.
1139 5524 1339 5579 Catena
1373 5526 1637 5581 Corderii.

498 5588 608 5659 (ll)
635 5590 830 5652 Δεῦτε.
849 5588 1093 5659 πάντες,
1116 5606 1222 5649 etc.
1251 5596 1431 5650 Codex
1462 5597 1849 5652 Coisliuiauus.

497 5657 607 5729 (ei?)
636 5660 891 5714 Λεκτέον
912 5657 1112 5729 τοῦέο,
1140 5674 1248 5720 etc.
1288 5666 1453 5719 Idem.

498 5728 610 5798 (45‘)
646 5729 801 5799 Τάχα
826 5730 1107 5801 δυνάμεις
1133 5733 1319 5803 τινάς,
1342 5746 1445 5792 etc.
1484 5735 1644 5792 Idem.

2175 5531 2288 5607 (ξιξ)
2335 5531 2559 5607 Eodem
2605 5528 2671 5585 δέ
2699 5547 2820 5607 μοι,
2852 5537 2977 5607 ειολ
3006 5525 3205 5607 catena
3234 5519 3523 5607 .Corderii:

2177 5595 2292 5674 (45)
2335 5602 2623 5677 Ἐδέχετοᾷ
2635 5595 2772 5670 μέν,
2804 5609 2910 5677 etc.
2938 5598 3120 5653 Codex
3151 5595 3551 5677 _Co_i.s|inia_n_t.ts,-
3595 5595 3684 5660 qui

2104 5685 2157 5727 et
2183 5659 2575 5744 sequentianin
2613 5659 3055 5740 Iiunc'psalmum
3084 5663 3298 5721 scholia
3338 5659 3577 5716 exhibet.
