4110 6452
460 373 481 426 I
492 373 595 428 369

1136 373 1447 430 SELECTA
1487 374 1554 428 IN
1594 373 1933 430 PSALMOS.
1973 404 2043 412 —-
2075 372 2310 430 lIOMIL.
2351 372 2372 428 I
2408 371 2477 428 IN
2511 371 2705 428 PSAL.
2743 370 2988 428 XXXVII

3567 352 3704 430 mo

458 492 626 561 ευχῆς
654 491 735 557 τὸ,
772 513 790 545 ‹
815 493 906 564 Μὴ
944 494 1320 566 ἐγκαταλίπῃς
1370 512 1458 567 με,
1492 493 1665 567 Κύριε
1702 496 1730 547 ὁ
1755 494 1885 558 Θεός
1910 512 2032 565 μου,

2141 494 2283 549 dium
2312 502 2395 547 est
2425 491 2557 546 illud
2591 507 2605 545 :
2644 489 2725 545 Ne
2770 491 3101 561 derelinquas
3147 507 3247 559 me,
3298 490 3518 547 Domine
3567 493 3704 548 Deus

463 582 535 652 μὴ
569 584 812 655 ἀποστῇς
842 585 934 637 ἀπ’
953 583 1115 655 ὲμοῦο
1142 585 1374 657 πρόσεχε
1406 588 1484 649 εἰς
1509 586 1608 656 τὴν
1634 585 1881 657 βοήθειάν
1905 603 2028 656 μου,

460 670 631 741 Κύριε
680 672 781 741 τῆς
824 674 1096 745 σωτηρίας
1128 692 1227 759 μορ
1250 691 1266 708 ο
1310 695 1328 727 ι
1362 675 1472 747 ἔχει
1498 675 1608 747 γὰρ
1642 678 1700 729 ἐν
1737 675 1910 746 ἐαυτῷ
1938 676 2031 729 καὶ

458 762 555 833 τὴν
584 764 747 831 ἁγίαν
777 764 1001 834 Τριάδα.

2137 603 2305 650 meus,
2338 601 2403 638 ne
2447 583 2749 637 discesseris
2788 598 2819 634 a
2866 598 2981 647 me;
3033 583 3243 636 intende
3287 583 3341 636 in
3382 584 3704 653 adjutorium

2137 696 2330 745 meum,
2361 678 2584 732 Domine
2616 677 2753 730 Deus
2778 675 2967 729 solutis
3001 693 3128 731 mea:
3153 694 3171 731 .'
3195 676 3359 731 habet
3380 678 3521 730 enim
3557 677 3608 730 in
3646 691 3705 731 se

2137 769 2301 823 etiam
2339 781 2584 822 sanctam
2615 768 2964 822 Trinitatem.

1368 1055 1947 1151 ORIGENIS
2021 1058 2796 1157 EXPLANATIO

618 1253 820 1333 Super
862 1252 1179 1334 psalmum
1226 1252 1626 1318 tricesimum
1674 1251 2048 1335 septimum,
2096 1251 2212 1334 qui
2259 1252 2500 1320 dicitur
2544 1274 2560 1314 :
2605 1258 2889 1334 Domine,
2937 1261 3107 1321 min
3137 1261 3377 1339 furore,
3423 1264 3540 1321 etc.

954 1602 1244 1663 (HOMILIA
1296 1604 1530 1664 PRIMA.

530 1699 814 1758 LCreator
829 1701 1188 1755 humanorum
1206 1717 1490 1770 corporum
1508 1697 1649 1757 Deus
1672 1702 1875 1759 sciebat
1891 1702 2032 1773 quod

458 1793 586 1849 talis
619 1802 764 1847 esset
788 1792 1053 1861 fragilitas
1078 1793 1297 1846 humani
1341 1794 1607 1863 corporis,
1639 1811 1757 1864 qua:
1798 1794 2034 1863 languo-

457 1900 548 1940 res
578 1886 826 1939 diversos
863 1894 1045 1952 posset
1073 1884 1335 1953 recipere,
1366 1893 1421 1939 et
1448 1885 1762 1941 vulneribus
1805 1887 2036 1957 aliisque

457 1976 836 2031 debilitatibus
862 1985 1006 2029 esset
1039 1975 1274 2030 obnoxia
1312 1992 1327 2031 :
1360 1984 1414 2030 et
1469 1977 1590 2032 ideo
1619 1980 1864 2033 venturis
1909 1995 2030 2048 pas-

460 2068 712 2121 sionibns
740 2068 1055 2138 providens.
1083 2069 1246 2122 etiam
1283 2070 1683 2124 medicamenta
1728 2073 2036 2139 procreavit

459 2174 526 2212 ex
564 2167 814 2224 terra,et
868 2159 1154 2213 medicina:
1201 2160 1426 2213 tradidit
1474 2160 1838 2230 disciplinam,
1883 2170 1941 2215 ut
1989 2163 2033 2215 si

460 2250 739 2304 accideret
785 2252 1049 2321 aegritudo
1099 2251 1336 2319 corpori,
1388 2266 1493 2305 non
1544 2251 1757 2307 deesset
1805 2252 2033 2307 medela.

458 2342 578 2409 Quo
620 2342 777 2395 nobis
809 2342 982 2396 tendit
1018 2343 1117 2396 ista
1170 2342 1461 2409 praefatio?
1502 2343 1580 2397 Ad
1632 2344 1869 2397 animam
1918 2344 2036 2397 sine

460 2433 625 2487 dubio
664 2441 960 2487 revocatur
1000 2433 1290 2501 :quoniam
1326 2442 1381 2487 et
1412 2434 1580 2501 ipsam
1632 2448 1752 2488 cum
1807 2432 2037 2487 Creator

458 2525 704 2578 omnium
732 2525 1089 2585 condidisset,
1129 2524 1337 2579 sciebat
1366 2526 1506 2592 quod
1549 2524 1728 2579 futura
1774 2532 1916 2579 esset
1952 2524 2036 2578 vi-

459 2617 658 2668 tiorum
693 2630 887 2683 capax,
923 2624 978 2669 et
1007 2616 1076 2669 ob
1123 2614 1226 2669 hoc
1278 2610 1490 2669 subdita
1542 2624 1703 2685 atque
1742 2613 2036 2668 obonerata

460 2706 715 2774 peccatis.
746 2706 813 2760 Et
842 2708 963 2761 ideo
989 2707 1132 2761 sicut
1162 2707 1380 2775 corpori
1411 2708 1801 2761 medicamenta
1830 2721 2040 2775 praepa-

463 2796 605 2851 ravit
643 2811 709 2851 ex
750 2796 936 2851 herbis
966 2807 1083 2852 arte
1132 2797 1529 2865 disciplinaque
1587 2798 1922 2867 compositis,
1963 2798 2037 2850 ita

463 2890 628 2943 etiam
661 2888 856 2943 animae
892 2888 1285 2943 medicamenta
1322 2888 1654 2956 praeparavit
1698 2888 1750 2942 in
1799 2888 1882 2941 his
1917 2903 2033 2942 ser-

2061 1619 2105 1675 Β
2134 1613 2264 1683 quid
2293 1610 2402 1668 tale
2432 1612 2578 1668 ultra
2614 1612 2928 1669 committat
2965 1629 2979 1666 :
3013 1623 3066 1667 et
3101 1622 3387 1683 propterea
3446 1620 3576 1684 puto
3617 1628 3709 1667 su-

2136 1703 2494 1773 perscriptum
2529 1718 2648 1757 esse
2674 1702 2846 1773 ipsum
2872 1702 3135 1770 psalmum
3170 1704 3238 1769 ⁸³,
3273 1700 3515 1756 Psalmus
3542 1701 3709 1756 David

2136 1798 2189 1849 in
2232 1795 2673 1849 recordationem.
2694 1792 2830 1859 Quid
2854 1793 2925 1848 sit
2956 1802 3135 1848 autem
3170 1795 3225 1847 in
3262 1796 3706 1859 recordationem,

2137 1902 2234 1955 per
2273 1896 2444 1940 totum
2479 1885 2651 1954 ipsius
2682 1883 2873 1954 pSalmi
2905 1898 3105 1952 corpus
3138 1895 3382 1939 enarrat.
3422 1883 3711 1938 Videamus

2138 1990 2266 2046 ergo
2314 1992 2414 2032 nos
2466 1990 2656 2031 omnes
2712 1986 3055 2044 peccatores,
3084 1976 3128 2030 si
3180 1977 3232 2029 in
3283 1976 3468 2045 aliquo
3512 1974 3711 2028 delicto

2137 2066 2408 2121 fuerimus
2449 2066 2681 2131 inventi,
2712 2068 2798 2121 vel
2833 2068 2963 2137 quid
2992 2068 3198 2135 dicere,
3232 2069 3315 2121 vel
3358 2068 3485 2137 quid
3532 2065 3712 2120 facere

2137 2160 2455 2223 debeamus,
2482 2167 2541 2211 ut
2575 2174 2696 2213 cum
2728 2157 2844 2212 haec
2873 2158 2926 2211 in
2956 2157 3235 2228 Scriptura
3269 2174 3420 2213 sacra
3454 2158 3718 2214 didiceri-

2141 2267 2281 2317 mus,
2314 2251 2480 2306 etiam
2506 2251 2775 2305 medelam
2804 2251 3045 2306 vulneris
3088 2249 3261 2306 nostri
3303 2249 3559 2319 consequi
3597 2263 3710 2303 me-

2144 2356 2383 2397 reamur.
2414 2341 2623 2395 Bonum
2654 2343 2873 2410 quidem
2910 2353 3031 2398 erat
3060 2358 3272 2410 semper
3294 2357 3512 2409 corpus,
3549 2351 3606 2395 ut
3639 2340 3711 2394 ita

2143 2436 2396 2503 dixerim,
2428 2435 2624 2489 anima:
2650 2446 2850 2490 nostra;
2884 2436 2936 2489 in
2968 2434 3199 2490 sanitate
3226 2435 3517 2497 durare,et
3550 2433 3717 2488 armis

2144 2528 2236 2583 Dei
2271 2528 2666 2581 circumdatum
2706 2528 2771 2582 ab
2825 2527 3081 2581 omnibus
3107 2526 3228 2581 telis
3270 2526 3453 2595 ignitis
3504 2524 3711 2579 diaboli

2142 2619 2364 2687 maligni
2392 2618 2788 2674 invulnerabile
2816 2633 3158 2690 permanere,
3184 2617 3384 2671 nullius
3415 2617 3714 2687 languoris,

2144 2710 2345 2765 nullius
2405 2709 2747 2781 tegritudiuis
2802 2710 3104 2779 quidquam
3152 2710 3411 2777 experiri,
3475 2706 3718 2776 nihilque

2144 2800 2457 2855 interiorem
2484 2810 2727 2855 nostrum
2757 2799 3029 2854 hominem
3062 2800 3177 2853 vitii
3221 2800 3503 2865 morbique
3544 2796 3719 2853 susci-

2144 2906 2297 2960 pere.
2327 2891 2479 2957 Quod
2530 2892 2577 2946 si
2629 2908 2729 2963 per
2779 2891 3170 2962 negligentiam
3210 2891 3291 2945 sui
3344 2901 3506 2958 atque
3552 2889 3716 2943 animi

464 2979 717 3033 monibus
768 2992 905 3046 quos
964 2993 1062 3048 per
1110 2978 1325 3032 divinas
1386 2976 1695 3048 Scripturas
1748 2980 2033 3032 seminavit
2064 2980 2110 3041 C
2141 2983 2406 3037 desidiam
2439 2984 2734 3037 incurrerit
2763 2983 2815 3037 in
2860 2992 3168 3053 peccatum,
3213 2981 3342 3049 quid
3384 2982 3556 3050 ipsum
3590 2997 3721 3034 cou-

461 3080 627 3138 atque
649 3069 903 3139 dispersit
935 3085 951 3123 :
982 3077 1040 3122 ut
1065 3068 1117 3123 hi
1158 3069 1248 3137 qui
1279 3068 1463 3137 aliqua
1488 3070 1809 3140 aegritudine
1833 3069 2032 3124 iuerint

461 3161 734 3232 oppressi,
762 3160 943 3215 statim
976 3167 1034 3213 ut
1062 3159 1168 3213 vim
1210 3160 1385 3214 morbi
1424 3162 1693 3215 senserint
1741 3167 1901 3229 atque
1933 3159 2035 3214 ali-

462 3253 617 3320 cujus
650 3251 891 3306 vulneris
921 3250 1200 3306 stimulum
1236 3250 1589 3321 doloremque
1637 3253 2033 3321 perspexerint,

462 3343 514 3398 id
551 3352 656 3411 est,
693 3359 817 3398 cum
853 3344 1088 3398 viderint
1120 3342 1360 3396 animam
1401 3342 1607 3412 aliquid
1645 3351 1848 3412 praeter
1874 3351 2035 3397 natu-

463 3451 579 3490 ram
612 3444 914 3505 gerentem,
965 3436 1250 3505 requirant
1282 3446 1462 3503 aptam
1515 3444 1568 3490 et
1619 3435 2034 3491 convenientem

460 3529 567 3584 sibi
604 3529 985 3585 rationabilem
1029 3528 1397 3599 disciplinam,
1434 3543 1554 3598 quae
1586 3527 1667 3583 eis
1708 3542 1775 3582 ex
1825 3542 2037 3598 praece-

460 3620 571 3688 ptis
605 3617 698 3674 Dei
742 3621 915 3688 possit
958 3621 1162 3676 mederi
1192 3636 1207 3673 :
1242 3634 1365 3673 nam
1398 3619 1623 3675 tradidit
1664 3627 1718 3673 et
1751 3620 2037 3675 medicinae

463 3709 602 3764 artis
645 3708 997 3773 industriam,
1027 3709 1184 3779 cujus
1212 3709 1520 3764 archiatros
1553 3717 1633 3763 est
1675 3707 1928 3763 Salvator
1957 3709 2038 3763 di-

459 3816 595 3855 cens
620 3800 687 3855 de
717 3815 775 3854 se
800 3800 865 3866 ³¹,
905 3801 1031 3869 quia
1055 3801 1172 3856 Non
1217 3819 1347 3871 opus
1386 3802 1578 3856 habent
1620 3801 1711 3870 qui
1749 3803 1868 3856 sani
1916 3806 2039 3855 sunt

461 3890 685 3953 medico,
714 3890 804 3942 sed
852 3893 941 3957 qui
983 3890 1118 3942 male
1161 3890 1374 3944 habent.
1420 3890 1487 3944 Et
1522 3890 1613 3945 ille
1647 3891 1863 3960 quidem
1913 3899 2040 3947 erat

463 3980 772 4035 archiatros
805 3981 895 4050 qui
936 3988 1121 4049 posset
1150 3996 1344 4035 curare
1375 3996 1592 4036 omnem
1635 3980 1952 4051 languorem
1986 3991 2041 4038 et

460 4085 685 4127 omnem
738 4070 1149 4132 inﬁrmitatem;
1204 4071 1458 4141 discipuli
1507 4087 1638 4126 vero
1695 4070 1812 4140 ejus
1847 4072 2040 4128 Petrus

463 4163 547 4217 vel
575 4161 795 4226 Paulus,
830 4160 924 4217 sed
952 4170 1007 4215 et
1037 4162 1315 4231 prophetae
1341 4162 1535 4218 medici
1566 4172 1713 4227 sunt,
1740 4173 1795 4218 et
1838 4163 1889 4216 hi
1918 4178 2039 4219 om-

468 4271 566 4309 nes
593 4254 684 4324 qui
721 4263 844 4323 post
872 4253 1146 4322 apostolos
1179 4256 1232 4308 in
1264 4254 1504 4317 Ecclesia
1538 4255 1698 4323 positi
1730 4264 1878 4320 sunt,
1914 4255 2038 4324 qui—

2142 3083 2406 3142 sequatur
2460 3085 2741 3143 agnoscat.
2783 3074 2954 3142 Argui
3005 3073 3089 3125 vel
3132 3072 3333 3140 corripi
3377 3080 3460 3125 est
3517 3071 3720 3125 doloris

2142 3179 2325 3234 paena,
2359 3166 2634 3219 cruciatus
2659 3174 2715 3219 et
2757 3166 2830 3220 ita
2882 3164 3067 3234 gravis
3095 3172 3200 3229 est,
3237 3173 3294 3217 ut
3321 3162 3483 3215 etiam
3538 3163 3588 3215 hi
3626 3163 3716 3231 qui

2142 3255 2330 3310 ﬁdeles
2378 3264 2434 3311 et
2483 3256 2724 3323 religiosi
2768 3258 3044 3320 videntur,
3092 3256 3135 3309 si
3180 3255 3320 3308 forte
3365 3265 3422 3308 ut
3464 3254 3718 3309 homines

2144 3345 2443 3415 aliquando
2477 3347 2528 3402 in
2567 3348 2768 3403 delicto
2802 3348 2986 3417 aliquo
3021 3348 3357 3404 incurrerint
3394 3355 3447 3401 et
3479 3361 3717 3415 arguan-

2142 3446 2254 3504 tur,
2286 3438 2642 3507 indignentur
2670 3439 2932 3495 adversus
2957 3455 3050 3494 eos
3084 3439 3174 3508 qui
3212 3448 3466 3508 arguunt,
3501 3447 3553 3490 et
3580 3435 3717 3488 ode-

2141 3532 2251 3587 rint
2300 3547 2414 3587 eos.
2458 3532 2778 3603 Corripiunt
2839 3532 2982 3587 enim
3037 3541 3096 3586 ut
3129 3534 3443 3587 emendent.
3493 3527 3558 3582 Et
3615 3528 3719 3581 hoc

2144 3622 2343 3677 malum
2371 3622 2550 3676 fuitin
2581 3638 2767 3690 causa,
2801 3632 2858 3677 ut
2892 3623 3056 3677 etiam
3113 3637 3141 3674 a
3198 3620 3363 3690 priori
3416 3615 3612 3689 populo
3660 3617 3713 3669 in

2144 3714 2334 3769 odium
2366 3716 2700 3771 haberentur
2722 3715 3019 3785 prophetae,
3049 3713 3525 3785 persecutionibus
3549 3710 3721 3779 agita-

2142 3815 2353 3861 rentur.
2387 3803 2500 3860 lIoc
2542 3804 2648 3859 fuit
2693 3820 2871 3860 causa:
2911 3804 3056 3875 quod
3107 3802 3307 3859 Isaiam
3357 3802 3533 3858 secari
3572 3800 3720 3866 fecit,

2143 3893 2288 3963 quod
2316 3892 2639 3948 Zachariam
2678 3894 2821 3949 inter
2851 3894 3106 3962 templum
3150 3903 3206 3948 et
3252 3893 3426 3949 altare
3456 3888 3720 3959 compulit

2145 3981 2424 4046 trucidari,
2460 3981 2753 4036 Jeremiam
2785 3983 2839 4036 in
2874 3983 3050 4037 lacum
3086 3984 3226 4037 caeni
3264 3982 3527 4052 demergi.
3562 3981 3626 4033 Et
3655 3979 3721 4031 ad

2142 4068 2394 4125 ultimum
2422 4072 2536 4124 hch
2568 4069 2672 4123 fuit
2704 4086 2871 4124 causa
2893 4086 3012 4140 qua:
3041 4071 3328 4124 Dominum
3354 4081 3598 4124 nostrum
3634 4066 3722 4122 Je-

2141 4175 2258 4215 sum
2277 4161 2552 4216 Christum
2570 4162 2682 4230 egit
2705 4161 2756 4215 in
2776 4177 3022 4217 crucem.
3044 4162 3238 4218 Omnia
3263 4162 3407 4217 enim
3423 4176 3541 4230 qua:
3556 4175 3719 4229 supra

2141 4252 2301 4323 681
2334 4253 2772 4320 en_umeravimus
2799 4253 3006 4308 scelera
3032 4263 3191 4321 atque
3219 4252 3444 4321 ﬂagitia,
3474 4266 3578 4304 non
3611 4252 3719 4305 alia

466 4346 678 4415 husque
717 4345 1081 4400 curandorum
1118 4345 1398 4401 vulnerum
1433 4348 1715 4416 disciplina
1743 4348 2037 4403 commissa
2069 4331 2114 4387 Ῑ)
2145 4358 2213 4396 ex
2242 4358 2404 4397 causa
2446 4344 2735 4398 commissa
2764 4352 2921 4409 sunt,
2957 4345 3057 4399 nisi
3093 4344 3235 4413 quod
3271 4345 3398 4398 dum
3442 4356 3635 4395 omnes
3661 4342 3717 4394 in

466 4449 576 4505 est,
608 4455 745 4507 quos
775 4439 946 4494 voluit
975 4439 1114 4495 Deus
1141 4440 1192 4493 in
1235 4437 1476 4493 Ecclesia
1504 4453 1600 4492 sua
1636 4453 1757 4493 esse
1805 4438 2043 4496 medicos

467 4531 802 4600 animarum,
829 4531 954 4601 quia
996 4549 1103 4587 non
1135 4532 1249 4587 vult
1276 4531 1416 4587 Deus
1446 4540 1630 4585 noster
1655 4539 1884 4585 mortem
1918 4546 2043 4600 pec-

466 4622 691 4686 catoris,
729 4621 823 4677 sed
855 4623 1241 4691 paenitentiam"
1266 4631 1321 4677 et
1350 4622 1653 4675 orationem
1694 4621 1810 4689 ejus
1846 4637 2042 4691 exspe-

470 4722 607 4768 ctat.
648 4713 854 4769 Deinde
899 4724 956 4770 et
1002 4714 1103 4769 iste
1134 4714 1373 4785 psalmus
1422 4714 1512 4782 qui
1559 4728 1700 4767 nunc
1736 4712 1909 4767 lectus
1937 4721 2042 4779 est,

470 4808 628 4863 nobis
678 4806 933 4871 ostendit,
990 4817 1050 4862 ut
1089 4808 1133 4862 si
1180 4807 1321 4861 forte
1352 4805 1645 4875 aliquando
1685 4805 2047 4873 praevertimur

469 4898 525 4953 in
578 4900 815 4965 delictis,
846 4901 1080 4972 qualiter
1107 4915 1206 4955 nos
1235 4908 1290 4955 et
1323 4914 1443 4953 cum
1478 4913 1585 4968 quo
1638 4896 1831 4952 atl'ectu
1884 4911 2045 4952 orare

467 5000 721 5061 oporteat
769 5001 824 5047 et
882 4992 1094 5047 medico
1141 4991 1447 5063 supplicare
1501 5006 1600 5061 pro
1633 4988 1912 5045 doloribus
1957 4987 2046 5044 vel

467 5081 880 5138 inﬁrmitatibus
916 5083 1140 5138 nostris.
1189 5082 1246 5137 Si
1290 5082 1512 5152 quando
1534 5097 1665 5151 ergo
1697 5094 2048 5152 praeoccupa-

466 5174 615 5227 verit
648 5188 746 5227 nos
781 5166 1035 5227 inimicus
1056 5182 1112 5227 et
1143 5173 1329 5243 ignitis
1356 5171 1555 5242 jaculis
1581 5171 1695 5227 suis
1724 5171 2047 5227 vulnerave-

432 5318 445 5325 _
469 5265 540 5317 rit
570 5263 810 5318 animam
843 5272 1110 5333 nostram,
1146 5265 1325 5333 primo
1351 5264 1453 5319 hoc
1478 5279 1578 5319 nos
1599 5264 1755 5320 docet
1786 5265 1873 5318 hic
1902 5263 2047 5333 psal-

471 5374 616 5422 mus,
644 5358 790 5427 quod
824 5356 1075 5435 convenit
1104 5366 1226 5426 post
1261 5366 1548 5426 peccatum
1576 5357 1821 5411 conﬁteri
1853 5370 2047 5426 pecea-

470 5457 607 5515 tum,
637 5457 692 5502 et
739 5448 796 5503 in
832 5448 1154 5502 memoriam
1209 5447 1489 5501 recordari
1539 5446 1822 5512 delictum,
1856 5455 1913 5499 ut
1948 5461 2046 5516 per

470 5538 905 5593 recordationem
942 5538 1114 5608 eulpae
1146 5537 1479 5592 stimulatum
1502 5553 1602 5594 cor
1631 5549 1685 5593 et
1712 5538 2043 5593 concitatum

473 5643 572 5692 pro
612 5627 812 5684 delicto
870 5642 991 5694 suo,
1018 5628 1238 5684 interim
1275 5628 1520 5683 refrenet
1568 5643 1633 5683 ac
1686 5636 1926 5695 revocet,
1975 5642 2045 5684 ne

540 5795 585 5823 ⁸⁸
614 5794 802 5853 Matth.
841 5812 916 5866 tx,
954 5799 1038 5853 η.
1112 5800 1157 5831 ⁸³
1190 5798 1331 5855 Psal.
1368 5816 1574 5872 xxxvii,
1607 5801 1648 5855 l.

2149 4434 2456 4488 medicinali
2484 4433 2768 4504 disciplina
2802 4435 3039 4489 resecari
3072 4448 3167 4503 per
3197 4431 3595 4501 correptionem
3625 4431 3720 4482 de-

2147 4524 2503 4596 linquentium
2537 4528 2746 4591 uolunt,
2770 4541 2917 4581 curae
2950 4526 3236 4595 impatiens
3271 4524 3497 4593 populus
3524 4532 3578 4575 et
3606 4536 3720 4575 me-

2148 4618 2282 4673 dela:
2313 4619 2366 4672 in
2396 4618 2692 4688 perniciem
2725 4619 2992 4674 medentis
3021 4618 3250 4672 exarsit.
3281 4614 3432 4669 Beati
3470 4631 3597 4685 ergo
3628 4630 3721 4668 sa-

2146 4710 2356 4781 pientes
2398 4710 2512 4780 jam
2541 4724 2607 4764 ex
2657 4710 2773 4781 ipsa
2799 4709 3083 4780 Scriptura
3116 4709 3456 4779 appellantur
3487 4709 3540 4763 hi
3568 4749 3583 4773 ,
3626 4709 3719 4779 qui

2147 4816 2269 4856 cum
2297 4800 2643 4872 deliquerint,
2674 4803 2717 4857 si
2745 4812 3061 4873 arguantur,
3088 4817 3192 4856 non
3220 4804 3452 4857 oderunt
3480 4816 3719 4871 arguen-

2148 4901 2252 4949 tes.
2286 4893 2363 4948 Ita
2398 4894 2540 4949 enim
2584 4896 2718 4951 dicit
2751 4896 3030 4965 Scriptura
3052 4896 3138 4951 ⁸⁸ε
3178 4895 3305 4951 Noti
3348 4911 3569 4965 arguere
3603 4911 3721 4946 nta-

2146 4984 2225 5039 los
2252 5002 2315 5040 ne
2337 4987 2542 5041 oderint
2572 4996 2640 5054 te,
2660 5004 2821 5058 argue
2846 4990 3130 5057 sapientem
3157 4998 3203 5043 et
3233 4989 3430 5042 amabit
3464 4999 3534 5041 te.
3559 4986 3723 5041 Vides

2147 5080 2415 5147 quomodo
2449 5080 2749 5150 sapientem
2794 5081 3089 5153 appellavit
3135 5080 3416 5149 Scriptura
3461 5094 3585 5134 eum
3625 5075 3718 5145 qui

2147 5171 2479 5239 correptioni
2509 5172 2777 5227 obnoxius
2807 5184 2912 5236 est,
2953 5188 3058 5227 non
3094 5182 3271 5228 tamen
3302 5172 3438 5238 odit,
3478 5170 3572 5226 sed
3603 5183 3723 5224 ma-

2148 5263 2230 5333 gis
2256 5263 2430 5334 diligit
2468 5265 2827 5336 arguentem?
2857 5264 3016 5321 Tales
3046 5274 3205 5320 crant
3243 5264 3317 5319 illi
3348 5264 3438 5333 qui
3477 5264 3545 5317 ab
3573 5264 3722 5329 Apo-

2146 5353 2284 5408 Stolo
2311 5355 2700 5425 arguebantur,
2725 5366 2778 5413 et
2808 5357 3071 5413 confutati
3101 5373 3205 5413 non
3233 5356 3461 5410 oderant
3491 5369 3721 5423 arguen-

2149 5451 2252 5500 tes.
2287 5444 2441 5502 Unde
2464 5456 2520 5502 et
2541 5463 2640 5520 ego
2671 5450 2910 5505 arbitror
2938 5450 3085 5504 illum
3110 5449 3200 5520 qui
3228 5449 3279 5502 in
3307 5446 3575 5501 Corintho
3596 5460 3719 5515 gra-

2148 5536 2373 5593 vissime
2406 5538 2709 5611 deliquerat
2732 5541 2801 5608 ⁸³,
2826 5542 3028 5597 idcirco
3062 5539 3489 5597 misericordiam
3521 5551 3715 5591 conse-

2149 5638 2371 5695 cutum,
2428 5634 2683 5703 quoniam
2735 5643 3019 5704 correptus
3075 5634 3142 5690 ab
3182 5631 3476 5704 Apostolo,
3539 5640 3593 5686 et
3644 5639 3717 5686 ita

1724 5802 1769 5831 '“
1801 5800 1959 5859 l‘rov.
2001 5819 2076 5871 Ix,
2107 5804 2155 5860 8.
2234 5803 2324 5859 "l
2365 5803 2488 5859 Cor.
2534 5818 2583 5856 v.
